4112 6106
338 280 461 346 453
1066 314 1069 316 >
1753 282 1952 350 ΟΒΑΤ

2078 279 2326 348 XXVII.
3595 273 3711 340 454

342 414 491 491 tiali,
523 416 699 479 etiam
759 419 934 479 homo
989 437 1095 498 per
1148 419 1373 498 gratian
1428 421 1838 500 τρισυπόστειτος
1895 418 2126 483 ﬁt.Aet
2155 414 2462 494 conspicui
2490 421 2791 495 appareat.
2823 412 3121 490 Quisergo
3143 409 3713 475 Christianushosce

343 523 503 566 unus
535 525 643 585 per
670 507 1047 585 adoptionem
1098 509 1276 586 Deus,
1331 528 1399 571 ex
1432 527 1681 591 corpore
1710 508 1991 569 videlicet
2073 506 2442 569 Christianos
2473 502 2802 564 nominabit
2829 501 2861 562 ?

345 602 406 654 et
453 596 672 671 anima,
709 604 768 658 et
802 596 993 677 (cujus
1048 597 1236 658 factus
1292 606 1383 659 est
1443 589 1760 679 particeps)
1789 596 1988 658 divino
2152 594 2373 657 Verum
2403 594 2689 654 hactenus
2719 599 2921 653 contra
2951 608 3054 651 eos
3107 590 3207 670 qui
3239 589 3437 651 omnia
3465 591 3622 654 scire
3653 603 3711 656 et

343 680 570 762 Spiritu
601 692 899 759 constans,
960 684 1357 766 impleturque
1391 695 1529 747 tunc
1577 686 1723 746 illud
1754 685 1991 746 Davidis
2071 684 2271 746 dicere
2301 695 2612 758 conamur,
2676 691 2732 742 et
2789 679 3130 742 existimant
3184 697 3250 739 se
3305 679 3528 759 aliquid
3577 700 3709 747 esse

343 770 1983 853 prophetze;Egodixi:Dtiestis,etﬁliiExcelsiomucsW.
2068 794 2201 835 cum
2233 773 2382 835 nihil
2412 773 2548 846 sint,
2588 769 2831 833 velutin
2891 768 3067 849 cippo
3124 767 3335 846 qualec
3383 768 3707 833 sintChri-

344 856 478 920 Filii
500 858 730 921 Excelsi
751 861 1079 922 secundum
1114 862 1432 941 imaginem
1458 862 1751 935 videlicet,
1768 862 1984 923 simili-

342 946 732 1029 tudinemque
755 950 1043 1012 Altissrmi
1071 968 1084 1011 :
1131 951 1328 1011 divina
1354 953 1665 1031 progenies
1691 969 1760 1012 ex
1786 950 1983 1011 divino

339 1031 561 1114 Spiritu
595 1058 611 1113 ;
641 1037 856 1118 quibus
878 1038 1024 1099 dixit
1050 1040 1258 1102 merito
1284 1039 1592 1114 Dominus,
1627 1057 1983 1119 semperque

335 1123 501 1184 dicit:
525 1124 835 1189 Maneteiu-
850 1145 961 1200 me,
984 1136 1043 1188 ut
1054 1130 1317 1206 fructum
1331 1129 1585 1189 multum
1598 1128 1976 1209 aﬂ'eratis78‘.

339 1214 619 1273 Fructum
643 1214 917 1294 intelligit
941 1234 1145 1279 eorum
1180 1217 1433 1297 copiam.
1469 1217 1566 1298 qui
1603 1217 1756 1297 apud
1786 1217 1978 1297 ipsum

2067 862 2243 925 stiani
2276 862 2588 923 docuimus
2615 878 2629 922 :
2699 867 2760 920 ut
2792 877 2923 920 sese
2948 877 3081 919 cum
3115 858 3432 938 archetypo
3461 877 3703 942 compa-

2068 962 2288 1029 rantes,
2325 958 2610 1031 quanlum
2669 967 2704 1009 a
2759 965 3043 1025 germane
3101 944 3456 1009 Christianis
3488 947 3703 1026 absint,

2064 1040 2415 1120 intelligant.
2437 1040 2524 1102 Ad
2548 1058 2649 1100 vos
2672 1046 2869 1100 autem
2895 1035 3111 1099 Christi
3135 1054 3357 1116 servos,
3388 1045 3446 1098 et
3476 1039 3707 1103 discere

2063 1130 2395 1209 cupientes,
2428 1136 2777 1209 paratosque
2799 1125 2870 1188 ad
2895 1124 3280 1199 audiendum,
3306 1124 3705 1190 universitatis

2062 1218 2349 1281 Dominus
2402 1237 2506 1299 per
2534 1226 2736 1279 sancta
2762 1215 3088 1294 Evangelia
3120 1231 3225 1275 sua
3256 1214 3466 1277 clamat
3494 1239 3509 1278 :
3550 1218 3704 1281 Dum

332 1301 666 1365 salvantur:
735 1304 997 1375 Palmes,
1052 1304 1262 1386 inquit.
1296 1309 1418 1368 nisi
1448 1312 1741 1369 manserit
1767 1310 1831 1367 in
1860 1312 1982 1368 vile
2064 1307 2253 1368 lucem
2291 1307 2543 1387 habetis,
2594 1305 2671 1367 ad
2703 1305 2903 1367 lumen
2929 1305 3172 1377 currite,
3214 1321 3291 1365 ne
3320 1323 3422 1367 vos
3453 1309 3705 1371 tenebrw

330 1391 578 1466 arescit,
610 1399 663 1453 et
695 1392 760 1453 in
788 1396 988 1471 ignem
1020 1396 1305 1458 mittitur.
1329 1394 1570 1457 Moneta
1591 1397 1777 1475 igitur
1797 1397 1980 1457 rosin
2063 1396 2667 1477 eomprehemtunt85.
2702 1395 2937 1457 Currite
2968 1411 3075 1473 per
3104 1392 3506 1469 pmnitentiam
3532 1395 3592 1458 in
3615 1398 3706 1459 via

328 1492 448 1567 me,
484 1487 542 1539 et
566 1497 669 1559 ego
696 1483 762 1542 in
795 1481 961 1544 vobis
987 1483 1071 1545 79.
1104 1482 1411 1555 Quomodo
1443 1483 1620 1563 igitur
1652 1493 1885 1546 maneat
1917 1485 1976 1545 in
2060 1487 2471 1548 mandatorum
2502 1486 2655 1565 ejus,
2681 1484 2924 1547 currite.
2953 1483 3184 1545 Currite
3207 1482 3347 1543 dum
3370 1483 3543 1547 durat
3574 1487 3704 1567 ejus

329 1564 526 1655 nobis,
589 1577 646 1629 et
700 1572 996 1649 qumuodo
1054 1572 1311 1633 vicissim
1376 1592 1484 1633 nos
1542 1591 1885 1636 maneamus
1919 1577 1972 1634 in
2036 1574 2435 1649 ,illuminatio,
2464 1564 2804 1655 priusquam
2826 1592 2940 1635 nox
2964 1572 3169 1633 mortis
3192 1564 3704 1654 voscomprehen-

326 1654 481 1735 ipso,
507 1656 796 1722 Dominus
818 1660 943 1741 ipse
977 1662 1179 1723 docuit
1224 1662 1342 1723 illis
1380 1662 1600 1739 verbis,
1646 1666 1729 1725 Tu
1762 1665 1971 1745 Pater,
2000 1725 2033 1745 η
2058 1663 2178 1738 dat,
2202 1674 2257 1725 et
2285 1665 2356 1725 ad
2380 1654 3512 1742 tenebras’sempiternasamandemini.
3545 1666 3700 1728 Cur-

328 1725 395 1807 ii:
419 1725 536 1822 me,
559 1757 616 1810 et
635 1767 739 1827 ego
759 1725 926 1832 inte,
949 1760 1006 1814 et
1023 1752 1088 1814 hi
1102 1759 1301 1832 inme,
1326 1760 1383 1814 et
1406 1771 1513 1829 ego
1534 1725 1600 1814 ὑί
1643 1752 1765 1815 illis
1788 1725 1975 1815 80.715;
1998 1725 2035 1773 Β
2057 1725 2193 1827 ι’ἰιέ,
2228 1756 2496 1834 quaerite,
2550 1725 2824 1832 pulsate:
2856 1758 2921 1811 ut
2971 1749 3154 1829 janua
3211 1750 3379 1829 regni
3411 1725 3699 1816 caelorum

327 1833 482 1895 istud
505 1836 708 1900 volens
729 1840 1104 1915 conﬁrmare,
1151 1841 1359 1902 iterato
1398 1842 1513 1904 ait:
1548 1843 1629 1904 Hi
1664 1843 1733 1905 in
1765 1860 1881 1923 me,
1915 1851 1975 1905 et
2058 1842 2222 1904 vobis
2251 1842 2573 1923 aperiatur,
2601 1850 2661 1905 et
2691 1840 2817 1903 sitis
2848 1840 3001 1901 intra
3032 1838 3198 1918 illud,
3232 1848 3287 1900 et
3316 1839 3507 1920 ipsum
3542 1842 3699 1907 intra

326 1931 385 1985 et
402 1942 511 2003 ego
534 1928 598 1988 in
622 1927 767 2003 illis,
790 1933 962 1992 sicut
985 1939 1072 2005 tu,
1106 1931 1317 2012 Pater,
1342 1937 1545 2005 inme,
1571 1941 1631 1994 et
1667 1949 1774 2012 ego
1802 1938 1970 2007 inte,
2056 1949 2156 1992 vos
2186 1932 2560 2011 possidentis.
2597 1930 2707 2003 Qui
2740 1929 2898 1992 enim
2931 1936 3069 1989 ante
3127 1926 3203 1989 de
3248 1928 3359 1989 hac
3387 1930 3501 1990 vita
3530 1932 3697 1996 exie-

324 2021 471 2077 utet
495 2016 614 2094 ipsi
638 2020 705 2079 in
733 2018 904 2083 nobis
944 2039 1131 2083 unum
1170 2027 1293 2083 sint
1321 2023 1401 2085 εί.
1434 2022 1643 2083 Adhuc
1676 2040 1879 2101 ponro,
1909 2031 1973 2083 ut
2054 2029 2211 2087 runt.
2246 2040 2422 2101 quam
2454 2020 2512 2081 id
2548 2018 2962 2100 acquisissent,
3010 2016 3111 2078 ubi
3162 2017 3399 2078 tandem
3431 2019 3504 2080 ad
3536 2039 3696 2084 mor-

324 2101 705 2168 audientibus
738 2107 971 2188 plenam
1005 2108 1183 2170 ﬁdem
1236 2130 1304 2171 ac
1364 2118 1586 2172 certam
1619 2110 1811 2184 faciat,
1848 2113 1972 2173 haec
2055 2115 2184 2169 tuos
2216 2110 2462 2190 profecti
2500 2108 2640 2169 illud
2672 2104 3025 2189 reperient?
3073 2105 3182 2167 Hic
3213 2124 3353 2185 ergo
3384 2114 3611 2187 petere,
3639 2119 3700 2173 et

322 2190 624 2272 adjungit:
656 2196 825 2260 Sicut
848 2203 1026 2260 tume
1048 2199 1341 2273 dilexisti,
1363 2218 1465 2278 ego
1506 2198 1644 2261 illos
1667 2199 1973 2263 dilexizet
2053 2216 2341 2278 quaerere,
2393 2205 2452 2259 et
2494 2199 2733 2279 pulsare
2790 2195 2849 2256 in
2908 2194 3252 2275 pmnitentia
3307 2207 3369 2257 et
3422 2196 3696 2279 lacrymis

316 2280 781 2364 gloriamquam
802 2287 1025 2350 dedisti
1044 2290 1215 2353 mihi.
1242 2290 1386 2350 dedi
1408 2290 1964 2365 eis,utsintunum,
2042 2286 2200 2366 jussi
2227 2306 2476 2363 sumus;
2530 2295 2589 2348 et
2644 2286 2731 2347 sic
2790 2284 3166 2360 facientibus,
3228 2283 3516 2348 Dominus
3541 2287 3602 2350 id
3632 2307 3696 2351 se

319 2372 472 2459 sicut
495 2391 610 2436 nos
632 2379 1157 2440 unumsumusse,
1190 2382 1355 2440 Ρειιοι
1392 2397 1554 2455 ergo,
1585 2378 1735 2440 sicut
1769 2387 1968 2442 manet
2049 2374 2222 2437 nobis
2264 2376 2537 2438 daturum
2569 2382 2658 2439 est
2690 2374 3019 2456 pollicitus.
3048 2371 3215 2445 Quod
3248 2374 3297 2435 si
3330 2375 3440 2436 hoc
3469 2375 3689 2459 facere,

320 2457 572 2524 Paterin
608 2465 758 2527 Filio
789 2485 918 2546 suo,
956 2477 1014 2529 et
1044 2468 1229 2530 Filius
1254 2468 1313 2529 in
1346 2468 1480 2529 sinu
1520 2468 1726 2549 Patris,
1761 2488 1969 2530 secun-

318 2549 459 2610 dum
494 2561 761 2615 naturam
793 2577 805 2612 :
868 2556 953 2618 sic
986 2557 1159 2618 etiam
1192 2558 1292 2638 qui
1324 2557 1382 2617 in
1413 2557 1655 2619 veritate
1685 2558 1964 2620 credide-

318 2647 476 2714 runt,
513 2649 570 2702 et
628 2661 734 2721 per
784 2642 1072 2723 Spiritum
1124 2656 1391 2707 sanctum
1440 2647 1772 2725 regenerati
1802 2658 1962 2723 sunt,

317 2725 658 2810 Christique
687 2750 755 2793 ac
787 2732 894 2795 Dei
925 2752 1031 2814 per
1080 2736 1211 2814 ejus
1254 2735 1475 2797 donum
1510 2736 1645 2797 facti
1675 2744 1812 2797 sunt
1841 2736 1964 2797 t‘ra-

319 2822 459 2905 t_res,
494 2827 552 2880 et
586 2820 693 2881 ﬁlii
727 2822 856 2903 Dei,
892 2831 949 2885 et
976 2824 1298 2905 adoptione
1356 2824 1463 2899 dii,
1494 2844 1741 2888 manere
1770 2844 1872 2888 eos
1901 2826 1963 2886 in

317 2902 439 2965 Deo
474 2926 582 2986 per
623 2902 891 2987 gratiam.
926 2921 985 2975 et
1012 2902 1200 2974 Deum
1234 2912 1295 2974 in
1325 2912 1465 2974 illis.

2049 2472 2109 2525 et
2131 2464 2362 2527 Christo
2388 2464 2639 2528 Domino
2659 2463 3407 2538 obedire-detractabimus,
3427 2467 3695 2530 utadbuc

2048 2554 2396 2633 superstites
2424 2553 2498 2615 ab
2556 2552 2684 2633 ipso
2740 2571 2990 2631 regnum
3052 2552 3343 2614 cmlorum
3399 2554 3555 2616 intra
3585 2575 3693 2618 nos

2046 2642 2321 2721 accipere
2352 2642 2722 2715 festinemus,
2756 2660 2954 2703 nonne
3004 2660 3136 2703 cum
3183 2641 3323 2704 illuc
3355 2645 3690 2706 excesseri-

2048 2749 2202 2805 mus,
2231 2732 2444 2794 merito
2466 2732 2762 2794 dicentem
2794 2731 2965 2792 nobis
2989 2731 3325 2808 audiemus,
3357 2732 3500 2813 quid
3532 2752 3690 2797 nunc

2047 2820 2330 2901 quaeritis,
2355 2821 2510 2903 quod
2534 2841 2570 2883 a
2592 2840 2686 2882 me
2709 2821 2969 2882 oblatum
2988 2820 3154 2881 vobis
3182 2821 3456 2902 accipere
3489 2823 3687 2886 nolui-

2046 2909 2153 2970 stis
2173 2916 2202 2973 ?
2245 2909 2454 2973 Nonne
2476 2928 2887 2991 saepenumero
2910 2910 3182 2972 hortante
3205 2930 3322 2992 me,
3359 2920 3419 2972 ut
3450 2911 3684 2976 labora-

394 2993 583 3067 Quam
615 2998 691 3061 ob
721 3019 956 3063 causam
991 3003 1092 3083 qui
1143 3003 1288 3065 tales
1336 3022 1453 3064 non
1483 3010 1819 3077 evaserunt,
1853 3019 2018 3071 necc
2044 3000 2206 3073 retis,
2244 3009 2301 3062 et
2343 2999 2402 3062 id
2452 3019 2486 3062 a
2542 3020 2638 3062 me
2694 2999 3031 3082 sumeretis,
3093 3018 3192 3063 vos
3250 3003 3591 3080 recusastis,
3630 3014 3689 3066 et

312 3084 570 3162 actione,
624 3097 681 3150 et
730 3090 1096 3172 cognitione,
1149 3091 1632 3172 spectationcque
1688 3091 1962 3153 universe

310 3183 446 3234 sunt
462 3175 780 3255 immutati,
802 3181 1097 3260 quomodo
1113 3182 1345 3261 seipsos
1363 3181 1664 3261 appellare
1681 3180 1963 3244 Christia-

312 3281 421 3323 nos
454 3283 573 3325 non
603 3277 885 3329 verentur
915 3275 943 3332 ?
996 3271 1293 3347 quomodo
1350 3289 1418 3331 os
1469 3268 1731 3350 aperire,
1766 3270 1960 3351 deque

310 3353 558 3415 occultis
590 3358 910 3436 mysteriis,
946 3359 1104 3421 velut
1131 3378 1310 3439 super
1340 3368 1587 3420 stratum
1634 3359 1958 3438 neglectim

305 3440 577 3530 jacentes
592 3443 974 3527 impudenter
1003 3449 1161 3530 loqui
1192 3448 1460 3511 audent?
1487 3448 1781 3528 quomodo
1804 3448 1958 3512 inter

310 3528 697 3615 Christianos,
729 3544 786 3597 et
804 3528 1225 3617 spiritualessc
1251 3557 1568 3601 numerare
1592 3556 1709 3598 non
1736 3538 1957 3618 pudet?

312 3621 609 3698 quomodo
642 3626 1021 3689 sacerdotum
1073 3634 1429 3707 aSsessores,
1483 3625 1867 3707 corporisque
1898 3634 1955 3688 et

309 3709 618 3787 sanguinis
648 3710 883 3775 Domini
932 3716 1207 3791 sacriﬁci,
1258 3724 1317 3777 et
1356 3715 1613 3777 ministri
1671 3733 1805 3777 esse
1836 3735 1952 3778 non

309 3797 824 3885 perhorrescunt?
879 3802 1127 3867 Prorsus
1185 3804 1391 3867 mirari
1450 3804 1593 3866 satis
1624 3822 1740 3865 non
1772 3823 1946 3885 queo.

307 3884 422 3949 Sed
456 3889 735 3953 nimirum
760 3894 993 3957 caecitas
1011 3895 1247 3968 mentis,
1284 3904 1347 3957 ut
1369 3895 1591 3958 dictum
1616 3902 1725 3970 est,
1753 3884 1950 3957 illius-

306 3994 422 4055 que
450 3979 699 4043 comites
728 3990 935 4065 stupor
961 3993 1019 4045 et
1066 3985 1339 4066 stultitia,
1393 3993 1451 4047 et
1507 3986 1648 4046 hinc
1698 4001 1951 4046 nascens

303 4067 664 4153 arrogantia,
699 4069 812 4133 tale
863 4089 1094 4148 aurum,
1150 4073 1763 4153 pretiosissimumque
1792 4071 1946 4153 lapi-

303 4152 441 4215 dem
463 4155 655 4236 ipsum
679 4156 998 4221 Dominum
1020 4152 1285 4223 nostrum
1308 4163 1512 4225 Iesum
1537 4152 1865 4242 Christum,
1885 4169 1950 4223 ut

303 4242 491 4305 lutum
523 4247 872 4312 conculcare
906 4251 1065 4313 facit.
1115 4250 1162 4315 Ο
1215 4251 1521 4315 audaciam
1566 4249 1942 4327 horribilem,

303 4332 472 4421 cujus
491 4334 749 4416 impulsu
767 4345 1047 4421 tanquam
1071 4341 1386 4403 sublimem
1402 4344 1649 4419 gradum
1664 4358 1947 4404 conscen-

303 4420 468 4496 dunt,
487 4423 644 4498 ut_ibi
664 4420 906 4505 stantes,
933 4428 1153 4491 inﬁmae
1179 4429 1540 4492 multitudini
1557 4429 1940 4507 excellentes,

381 4584 444 4633 73
472 4585 625 4648 Psal.
658 4602 856 4664 LXXXI,
889 4588 949 4651 6.
1037 4589 1120 4639 78‘
1150 4587 1299 4652 Joan
1356 4606 1462 4665 xv,
1493 4588 1554 4659 4,
1587 4589 1646 4650 8.

232 4722 251 4731 -
300 4659 353 4705 ⁸³
383 4665 550 4727 toan.
584 4683 695 4744 xu,
720 4659 852 4730 35."
907 4668 972 4720 84
998 4668 1169 4732 Joan.
1199 4687 1286 4751 ιιι,
1321 4668 1419 4733 36.
1448 4659 1459 4665 ⁷
1505 4671 1569 4721 33
1596 4670 1807 4734 Matth.
1840 4684 1977 4743 xxv,

298 4845 384 4879 ut
440 4830 847 4903 τριωπὸστκτος
925 4831 1061 4886 κατὰ
1127 4830 1309 4910 χάριν,
1394 4831 1481 4887 καὶ
1552 4833 1580 4887 ὁ
1638 4829 1931 4909 ἄνθρωπος,

299 4905 383 4968 εἷς
435 4905 584 4991 ρὲσει
641 4909 756 4972 θεὸς
806 4909 865 4965 ἐκ
926 4905 1173 4986 capud;
1210 4905 1312 4966 ’καὶ
1370 4914 1578 4991 ψυχῆς,
1634 4905 1741 4968 κπιῖ
1778 4913 1936 4989 οὗπερ

298 4983 583 5067 μετείληφε
625 4988 761 5044 θείου
803 4983 1120 5065 πνεύμαὲος,
1183 4992 1270 5047 καὶ
1325 4983 1618 5070 πληροὖτᾴι
1676 4983 1935 5059 crpitum);

294 5086 361 5121 τα
387 5067 447 5121 τὸ
476 5068 749 5145 εἰρημένον
776 5070 877 5125 ὑπὸ
919 5077 1023 5151 ,τοῦ
1070 5071 1339 5151 προφήτου
1384 5067 1542 5126 Δάϐίδ
1586 5069 1726 5148 Ἐγὼ
1758 5071 1892 5127 εἶπα
1914 5088 1933 5111 ο

296 5140 605 5226 Cephisia,
636 5150 725 5205 καὶ
771 5151 869 5206 υῗοὶ
919 5140 1435 5226 ’Υψίστου’πᾶντες,
1483 5149 1597 5207 καθ’
1630 5140 1804 5207 εἷκόνα
1832 5148 1935 5217 δη-

510 5230 599 5283 καὶ
654 5229 769 5285 καθ’
826 5221 1076 5304 ὁμοίωξτιν
1132 5231 1226 5287 to;
1255 5307 1273 5309 _
1302 5221 1574 5309 Ὑψίστου,
1630 5231 1937 5308 γεννήματα

293 5306 411 5361 θεϊι
440 5306 502 5390 Eat
527 5315 624 5365 τοῦ
661 5311 812 5390 *βείου
852 5310 1177 5385 Πνεύματος.
1239 5307 1534 5386 Occurrit,
1559 5306 1730 5390 quod
1755 5312 1936 5371 Jure-

293 5385 624 5470 consultus,
648 5387 714 5470 ﬁ'.
741 5390 823 5450 De
843 5390 1096 5465 legibus,
1141 5397 1383 5470 monet:
1426 5385 1760 5468 Benibnius
1778 5390 1937 5470 leges

291 5466 666 5549 iitteijtretan
676 5468 940 5549 dtesunt,
961 5487 1079 5549 quo
1090 5469 1371 5533 voluntas
1382 5466 1595 5533 earum
1616 5466 1936 5533 conserue-

290 5551 409 5632 ευτ’.
425 5547 519 5632 Et:
536 5547 622 5632 Ili
635 5548 920 5632 ambigua
936 5547 1073 5613 voce
1091 5551 1266 5632 legis,
1282 5568 1353 5614 ea
1364 5552 1571 5630 potius
1591 5549 1941 5632 accipienda

288 5630 378 5688 est
410 5627 821 5772 signifcatio,
844 5646 982 5711 quo:
1011 5627 1388 5695 vitio'ca'ret':
1418 5627 1768 5712 prmertiin
1804 5646 1943 5693 cum

288 5705 474 5769 etiam
496 5725 572 5772 vo
596 5715 781 5772 untas
802 5710 956 5772 leuis
970 5726 1048 5772 ea:
1068 5710 1177 5772 hoc
1198 5710 1402 5772 colliai
1414 5711 1625 5772 possit.
1654 5708 1820 5772 Idem
1835 5726 1943 5772 ego

288 5705 781 5775 etiam'voluntas
795 5705 956 5792 'le'gis
970 5726 1048 5774 ea:
1068 5710 1177 5775 hoc
1198 5710 1402 5793 colligi
1409 5705 1625 5793 possit.
1654 5708 1820 5776 Idem
1835 5726 1943 5792 ego

1732 4588 1795 4639 79
1823 4587 1970 4650 Ibid.
2008 4588 2068 4647 4.

2043 3091 2527 3172 contempsistis:
2594 3089 3109 3171 pereuntiumque,
3180 3110 3251 3152 ac
3310 3099 3682 3155 terrenorum

2043 3180 2401 3260 voluptatem
2436 3178 2821 3260 praetu‘istis?
2878 3179 3104 3251 Quibus
3160 3199 3299 3258 ergo
3358 3180 3551 3258 factis,
3584 3191 3687 3245 aut

2041 3287 2157 3349 qua
2199 3269 2471 3350 pratione
2504 3269 2559 3330 id
2592 3269 2654 3331 in
2701 3276 3003 3350 posterum
3056 3269 3324 3331 invenire
3357 3270 3624 3350 poteritis
3656 3272 3686 3332 ‘t

2041 3355 2430 3438 Quapropter,
2489 3356 2692 3419 Patres
2742 3366 2800 3420 et
2853 3358 3066 3420 fratres
3123 3358 3263 3435 mei,
3327 3378 3523 3440 quazso
3554 3379 3679 3441 vos,

2040 3445 2202 3507 omni
2232 3446 2546 3511 sedulitate
2577 3447 2852 3510 mandata
2902 3446 3005 3509 Dei
3045 3448 3229 3509 nostri
3256 3449 3677 3533 custodiamus,

2038 3554 2153 3614 quo
2182 3535 2356 3598 vitam
2390 3555 2762 3618 regnumque
2792 3544 3080 3598 aeternum
3111 3556 3547 3619 consequamur
3574 3560 3589 3615 ;
3625 3549 3683 3602 et

2038 3643 2113 3685 ne
2130 3624 2439 3687 audiamus
2461 3645 2618 3688 nunc
2640 3625 2878 3707 quidem
2909 3644 2923 3689 :
2967 3625 3092 3701 Qui
3127 3644 3248 3688 non
3270 3628 3678 3711 odebitFilio,

2035 3731 2154 3775 non
2168 3714 2390 3776 videbit
2406 3716 2633 3777 vitam:
2658 3715 2759 3776 sed
2772 3715 2871 3776 ira
2892 3714 3003 3776 Dei
3012 3724 3418 3797 manetsuper
3430 3718 3643 3780 eum84
3660 3741 3676 3801 ;

2034 3801 2096 3862 in
2125 3802 2321 3863 futuro
2342 3809 2537 3865 autem
2562 3803 2803 3879 saeculo,
2837 3803 3051 3866 Nescio
3094 3804 3257 3865 unde
3283 3806 3420 3866 sitis
3437 3806 3535 3869 85:
3569 3807 3677 3869 sed

2034 3890 2406 3952 benedictum
2421 3892 2794 3970 potiusillam
2818 3909 3019 3953 vocem
3042 3891 3426 3972 excipiamus:
3443 3893 3673 3973 Venite,

2034 3979 2334 4042 benedicti
2346 3981 2552 4044 Patris
2568 3982 2707 4056 mei,
2729 3982 3019 4061 percipite
3040 3998 3296 4062 regnum
3324 3981 3491 4046 vobis
3505 4002 3674 4064 proe-

2030 4077 2318 4150 paratum
2338 4067 2423 4143 86,
2450 4067 2730 4149 quoniam
2755 4069 3006 4131 salutem
3035 4077 3287 4131 vestram
3309 4071 3672 4136 esurientem

2031 4177 2127 4220 me
2147 4175 2255 4240 per
2275 4156 2749 4220 observationem
2773 4157 3184 4220 mandatorum
3210 4177 3477 4221 meorum
3505 4161 3672 4242 pavi-

2029 4247 2158 4323 stis,
2187 4247 2451 4328 potastis,
2470 4245 2805 4328 vestivistis,
2831 4245 3236 4327 collegivistis,
3258 4256 3318 4311 et
3334 4249 3577 4313 venistis
3597 4252 3671 4314 ad

2030 4355 2148 4408 me,
2175 4344 2415 4417 purgate
2431 4336 2612 4398 corda
2629 4345 2821 4398 vestra
2854 4334 2927 4398 ab
2970 4336 3134 4398 omni
3159 4338 3413 4413 macula,
3445 4346 3503 4402 et
3532 4358 3669 4402 sor-

2027 4425 2203 4489 dibus
2234 4425 2483 4507 peccati.
2515 4425 2601 4488 De
2623 4425 2851 4508 reliquo
2880 4425 3148 4489 fruimini
3176 4426 3352 4490 bonis
3386 4429 3505 4492 mei
3535 4447 3670 4494 cum

2153 4583 2590 4663 80Joan.mt,
2627 4583 2726 4647 21.
2812 4582 2865 4663 εξ
2893 4581 3047 4647 Ibid.
3080 4583 3177 4648 23.
3264 4584 3328 4636 εξ
3378 4584 3531 4649 Ibid.
3566 4586 3666 4653 22.

2020 4664 2120 4729 12.
2206 4662 2269 4714 86
2296 4662 2447 4725 Ibid.
2485 4662 2586 4727 34.

2018 4826 2080 4888 in
2102 4822 2520 4888 hacSimeonis
2532 4820 2800 4884 oratione
2824 4822 3163 4885 faciendum
3187 4841 3322 4885 esse
3343 4823 3501 4885 dico.
3520 4822 3668 4886 Nam

2017 4906 2163 4968 illud
2193 4901 2458 4965 οὒσιωδὼς
2488 4903 2694 4983 evitsset,
2722 4920 2834 4964 nec
2850 4903 2921 4964 ad
2944 4902 3157 4978 Deum,
3185 4923 3295 4964 nec
3312 4904 3384 4963 ad
3413 4904 3666 4983 gratiam

2017 4983 2399 5048 referendum
2421 4988 2533 5043 est.
2563 4980 2790 5063 (Neque
2809 4982 2966 5063 enim
2997 4985 3172 5045 homo
3191 4983 3389 5063 justus
3410 4980 3510 5044 aut
3531 5002 3667 5044 cum

2017 5067 2165 5138 Deo,
2200 5072 2302 5127 aut
2331 5081 2465 5123 cum
2498 5061 3112 5143 gratia—essentialiter
3168 5061 3393 5143 uiuitur)
3443 5063 3549 5124 sed
3591 5063 3667 5125 ad

2020 5148 2205 5209 solam
2239 5141 2724 5224 conjunctionem
2768 5143 3037 5223 corporis
3093 5150 3146 5205 et
3210 5141 3479 5224 animae,-
3534 5161 3668 5224 qua;

2017 5228 2223 5308 utique
2275 5222 2611 5308 esSentialis
2663 5229 2790 5308 est_;
2847 5222 2906 5284 et
2933 5224 3074 5308 quia
3099 5240 3343 5302 corpus,
3368 5222 3584 5308 anima
3608 5231 3668 5284 et

2016 5301 2206 5387 graiia
2234 5311 2370 5387 sunt
2402 5321 2502 5366 res
2534 5303 2705 5364 trinae
2728 5303 2815 5387 _in
2860 5301 3073 5387 eodem
3117 5301 3445 5387 composito
3477 5320 3498 5378 ;
3528 5303 3665 5365 ideo

2017 5382 2425 5449 aithominem
2456 5401 2564 5464 per
2590 5382 2852 5465 gratiam
2892 5383 3022 5445 ﬁeri
3072 5386 3189 5465 θξὸν
3230 5382 3662 5465 τρισυπόστα-τον.

2020 5465 2131 5530 Ubi
2190 5462 2767 5544 νοχίτριᾱυπόσῖςατος
2801 5462 3164 5544 _improprie
3222 5462 3285 5544 et
3301 5463 3665 5544 secundum

2021 5540 2481 5626 similitudinem
2504 5542 2697 5626 accipi
2724 5540 2909 5607 debet
2924 5540 2960 5619 ”;
3000 5540 3065 5605 ut
3093 5545 3221 5626 ipse
3250 5542 3493 5608 Simeon
3520 5544 3666 5606 satis

2023 5643 2324 5711 superque
2353 5622 2637 5687 declarat.
