4112 6106
423 261 545 327 458

1718 261 2026 324 SYMEON
2037 261 2103 323 IS
2142 260 2491 325 JUNIORIS

3682 261 3805 325 456

423 396 723 478 voluptate
784 394 1210 475 inexplicabili,
1271 412 1404 455 cum
1462 395 1580 455 vita
1630 392 1946 455 immortali
2005 412 2073 454 ac
2092 401 2134 451 Α
2156 395 2373 469 adhuc,
2402 403 2457 458 et
2483 393 2737 476 quodam
2766 414 2948 457 onere
2968 414 3059 476 ρι’(
3079 415 3233 473 ssus,
3262 396 3376 457 vim
3395 405 3457 458 ut
3476 414 3596 458 uno
3620 394 3805 457 verbo

423 487 807 567 sempiterna,
841 503 956 564 qua
987 484 1286 564 conlingat
1320 502 1426 545 nos
1460 502 1668 545 omnes
1697 481 1893 562 potiri,
1928 501 2066 561 gra-

425 578 507 638 tia
536 585 594 638 et
627 575 989 653 benignitate
1020 574 1252 635 Domini
1292 573 1476 634 nostri
1526 571 1668 634 Jesu
1701 571 1939 646 Christi,
1977 574 2067 632 cui

421 665 607 745 gloria
636 672 693 724 et
722 661 1040 742 imperium
1066 682 1198 723 cum
1219 661 1387 722 Patre
1416 660 1691 741 principii
1712 669 1977 741 experte,
2015 667 2073 719 et

425 752 799 816 sanctissimo
829 751 1178 831 vivificoque
1209 750 1433 831 Spiri'u
1473 770 1624 812 nunc
1649 758 1705 809 et
1728 767 1986 829 semper,
2016 756 2074 809 et

426 862 532 926 per
561 841 789 902 infinita
819 841 1057 903 saecula.
1095 842 1309 902 Amen.

939 945 1227 1009 ORATIO
1276 943 1533 1008 XXVIII.

1036 1057 1376 1102 ARGUMEN'H
1391 1057 1453 1101 Μ.

426 1152 500 1208 De
526 1150 946 1222 corruptoribus
995 1165 1057 1222 ac
1102 1148 1380 1220 pestiferis
1429 1144 1742 1222 hominibus
1770 1142 2069 1222 fugiendis,

496 1224 664 1294 deque
695 1215 1070 1294 repudiandis
1102 1215 1720 1294 "egrumLscrniouibus,
1774 1223 1822 1271 et
1850 1215 2073 1294 ruitura

494 1287 720 1350 virtutis
752 1287 1100 1364 arripienda.
1134 1289 1208 1364 De
1235 1288 1451 1364 iudicio
1474 1289 1743 1343 libertatis
1773 1287 1989 1364 animm.
2024 1290 2075 1341 rt

497 1367 618 1437 quis
649 1381 858 1419 crucem
878 1359 1041 1437 "suam
1073 1361 1285 1437 taurus,
1315 1360 1898 1437 Cghristulnscquatur.
1931 1359 2066 1437 Que-

495 1428 852 1493 madmodum
880 1436 1060 1506 ﬁdeles
1095 1433 1194 1489 Dei
1233 1433 1397 1506 bonis
1432 1429 1827 1506 inc/fultitibus
1854 1434 1965 1506 tum
1986 1428 2076 1506 __in_.

497 1509 595 1563 hoc
623 1517 739 1563 nun
771 1507 825 1561 in
873 1497 1069 1576 futuro
1117 1503 1319 1576 saeculo
1366 1497 1654 1576 putantur.
1710 1503 1780 1557 De
1796 1500 1947 1571 justo
1977 1497 2072 1554 Dei

493 1595 657 1651 super
672 1573 881 1650 justis,
899 1582 948 1632 et
972 1574 1352 1648 peccatoribus
1372 1573 1612 1645 judicio.

2152 484 2370 564 dicam,
2428 481 2496 545 ac
2542 483 2910 562 tyrannidem
2971 504 3035 547 se
3096 487 3323 567 perpeti
3380 485 3699 557 existimat,
3731 502 3801 545 ac

2156 573 2402 653 proinde
2435 571 2656 633 invitus
2716 573 2808 634 his
2863 574 3148 652 fungitur,
3210 594 3285 635 ne
3344 574 3395 635 is
3447 594 3478 636 e
3529 574 3802 635 manibus

2155 660 2371 723 diaboli
2398 681 2459 722 se
2479 661 2756 735 evasisse,
2778 681 2982 723 verum
3013 662 3270 743 improbi
3297 664 3523 745 tyranni
3548 664 3802 744 imperio

2158 751 2333 811 etiam
2365 770 2504 811 num
2539 749 2875 831 subjectum
2911 752 3164 833 intelligi
3195 752 3535 814 arbitretur.
3566 755 3675 814 Ast
3700 751 3797 814 ubi

2157 858 2290 899 cum
2324 839 2535 918 gaudio
2595 848 2653 900 et
2693 840 3069 919 jucunditate
3117 841 3302 902 animi
3336 860 3399 902 se
3432 850 3701 903 orantem
3733 860 3805 903 ac

2157 929 2531 1005 psallentem,
2562 937 2943 1010 mentemque
2970 932 3171 991 omnia
3200 931 3377 1010 hujus
3409 932 3537 991 vitae
3568 929 3804 992 blandi-

2156 1027 2372 1093 menta,
2403 1026 2459 1078 et
2481 1017 2764 1098 qurdquid
2790 1038 2858 1080 ea
2880 1019 2938 1079 in
2957 1020 3146 1099 pretio
3171 1020 3370 1101 habet,
3396 1028 3802 1082 rxsccrantem

2155 1107 2516 1185 cognoverit,
2554 1116 2672 1169 tum
2726 1109 2965 1169 demum
3019 1110 3129 1170 Sub
3188 1111 3405 1173 Christi
3458 1129 3707 1189 regnum
3740 1129 3806 1170 se

2155 1196 2516 1258 successisse
2547 1197 2773 1260 credat.
2808 1196 2934 1259 Hoc
2964 1199 3398 1279 redemptionis
3428 1209 3486 1259 et
3518 1201 3809 1262 libertatis

2157 1285 2533 1346 manifestum
2566 1296 2974 1363 argumentum
3012 1296 3121 1367 est,
3147 1293 3219 1348 de
3243 1308 3354 1369 qua
3378 1289 3615 1370 scripsit
3636 1292 3802 1371 Apo—

2159 1375 2384 1435 stolus:
2436 1374 2509 1436 In
2549 1374 2844 1451 libertate,
2879 1395 2999 1456 qua
3029 1396 3138 1440 nos
3172 1380 3452 1441 Christus
3485 1378 3794 1455 liberavit,

2157 1465 2408 1525 stut688.
2460 1462 2614 1543 Ergo
2660 1466 3075 1546 unusquisque
3133 1468 3204 1529 ad
3264 1468 3416 1529 hanc
3465 1467 3800 1529 libertatem

2151 1551 2597 1632 adipiscendam
2625 1570 2925 1635 properet,
2951 1574 3202 1636 eumque
3222 1579 3249 1616 a
3278 1557 3513 1619 Christo
3554 1557 3798 1635 ﬂagitet.

504 1637 783 1754 Quisquis
812 1637 999 1736 Deum
1032 1672 1297 1734 invenire
1328 1671 1645 1745 desiderat,
1682 1668 1936 1747 abneget
1967 1684 2068 1728 se-
2155 1637 2254 1701 Si"
2282 1652 2628 1754 ξοηδυθίδιη
2657 1644 2899 1754 ’Υηῖξλτίὶη
2926 1645 3173 1706 "West"
3194 1646 3333 1754 Τονῑ»
3373 1654 3427 1707 οι
3469 1646 3798 1754 Ιιξηὲξυίάί·

429 1730 769 1845 metipsdm,
805 1772 860 1824 et
890 1763 1101 1825 animm
1130 1779 1250 1822 sua;
1281 1777 1353 1821 ne
1389 1768 1590 1839 parcat
1624 1780 1637 1821 :
1673 1758 1771 1819 srd
1801 1756 2068 1845 inimici-

2157 1748 2250 1845 pts
2281 1730 2656 1809 hymnorum,
2692 1733 2793 1811 qui
2827 1733 2944 1794 Deo
2995 1743 3286 1796 canuntur
3343 1754 3477 1796 eum
3508 1737 3705 1808 tmdet,
3743 1745 3801 1795 rt

2182 1820 2446 1845 ...._-...Il__..
2494 1820 2630 1845 -..ηρ
2672 1830 2751 1845 ..ιη
2778 1823 2959 1845 μΑμ-ῗι
3034 1825 3226 1845 [lunam
3298 1824 3329 1845 l,
3365 1823 3459 1845 l--,
3526 1827 3571 1845 Ar
3598 1832 3642 1845 ,1
3688 1826 3724 1845 ,Ι

428 1855 535 1916 iias
565 1844 720 1915 inter
750 1872 835 1929 se,
874 1862 929 1913 et
959 1869 1156 1919 omne,
1217 1849 1544 1911 secundum
1577 1865 1816 1908 carnem
1850 1844 2067 1907 ambu-

428 1936 618 2007 lantes
678 1950 878 2023 ponat,
934 1960 1008 2002 ne
1089 1940 1340 2019 alicujus
1397 1939 1606 2000 borum
1692 1933 2068 1997 sermonibus

427 2031 765 2095 hortatoriis
795 2030 1096 2106 incitatus,
1150 2038 1309 2089 retro
1364 2033 1759 2089 convertatur.
1820 2024 1901 2085 Ne
1932 2041 2065 2083 cum

423 2123 587 2184 iisin
622 2121 905 2183 cathedra
957 2119 1199 2190 sedeat;
1257 2136 1368 2178 nec
1425 2115 1715 2196 colloquia
1761 2132 1894 2175 cum
1948 2112 2065 2172 illis

427 2211 581 2272 mala
611 2218 786 2275 serat.
824 2227 931 2289 per
962 2226 1092 2289 qum
1121 2206 1282 2268 virus
1315 2205 1376 2265 in
1404 2204 1658 2265 animam
1694 2202 2061 2269 infundatur,

427 2308 485 2362 et
513 2300 644 2381 ipse
706 2296 1001 2379 prioribus
1060 2313 1317 2376 nequam
1367 2292 1656 2365 consiliis,
1691 2289 2067 2370 cogitationi-

427 2388 656 2469 busque
681 2386 984 2447 immorari
1008 2381 1477 2464 cogatur.Homo
1500 2399 1631 2443 cum
1665 2382 1841 2441 homo
1872 2395 2068 2469 escam

428 2468 607 2550 time;
629 2475 763 2535 audi
789 2491 908 2549 me,
929 2484 989 2535 et
1011 2472 1212 2551 procul
1241 2472 1314 2534 ab
1339 2472 1461 2533 illio
1484 2469 1700 2531 recede
1719 2488 1790 2530 ne
1812 2468 2071 2529 animum

430 2574 586 2625 luam
620 2564 835 2624 iterum
893 2563 961 2623 ad
1021 2562 1245 2623 inferos
1303 2561 1583 2622 deducas.
1621 2562 1878 2621 Mentem
1914 2566 2069 2617 tuam

427 2654 564 2731 fige,
598 2662 654 2713 et
699 2651 1041 2725 constabili,
1096 2659 1153 2712 et
1184 2670 1257 2712 ne
1292 2650 1449 2710 illam
1482 2648 1552 2709 ad
1585 2665 1751 2726 vana,
1788 2655 1845 2707 et
1874 2645 2075 2706 inania

426 2738 729 2801 avdienda
746 2738 941 2815 vagari
964 2738 1148 2798 sinas.
1174 2738 1261 2799 Ne
1283 2737 1496 2817 pedem
1520 2736 1767 2797 referas.
1796 2734 1883 2796 Ne
1908 2732 2074 2813 piger

429 2828 534 2903 sis,
564 2846 711 2889 neve
744 2826 1017 2888 socordia
1047 2843 1316 2906 gravere,
1350 2833 1408 2887 et
1456 2823 1819 2904 Opprimare.
1853 2820 1939 2883 Ne
1968 2821 2076 2882 des

427 2935 701 2978 somnum
732 2915 920 2976 oculis
947 2916 1079 2995 tuis,
1107 2933 1226 2977 neu
1248 2922 1446 2992 guttur
1468 2921 1634 2975 tuum
1674 2910 1924 2991 alicujus
1955 2909 2072 2971 cibi

2154 1817 2465 1896 frangitur,
2494 1820 2630 1901 prof
2664 1830 2757 1882 clo
2778 1823 2998 1883 nescit:
3032 1825 3232 1897 Quum
3272 1823 3472 1886 dulcia
3513 1827 3642 1887 sint
3671 1826 3796 1887 ctu-

2152 1907 2300 1984 quia
2322 1907 2435 1968 Dei
2456 1908 2519 1969 in
2541 1910 2820 1986 fatu-ibus
2837 1911 3210 1987 diligentiam
3232 1930 3386 1983 cum,
3410 1922 3468 1973 et
3482 1931 3661 1992 super
3680 1908 3804 1976 mel

2151 2012 2222 2054 ac
2242 1998 2446 2072 furum
2473 1999 2535 2057 in
2558 2015 2660 2058 ore
2682 2002 3165 2077 cognoscentium
3184 2002 3380 2080 ipsum
3401 2002 3494 2075 89;
3516 2003 3622 2065 sed
3645 2012 3799 2065 totus

2151 2102 2311 2155 caro,
2347 2102 2564 2163 nempe
2622 2088 2841 2147 carnali
2895 2088 3164 2167 prhditus
3221 2092 3443 2163 animo,
3501 2101 3558 2153 et
3613 2094 3797 2172 magis

2150 2174 2373 2232 carnali
2423 2192 2630 2248 sensu,
2705 2196 2819 2235 non
2881 2184 3073 2255 potest
3124 2179 3512 2255 spiritualitcr
3540 2189 3798 2257 gustare,

2151 2281 2281 2341 qum
2302 2283 2334 2322 a
2352 2262 2473 2324 Deo
2501 2266 2633 2325 data
2656 2274 2791 2325 sunt
2819 2265 2992 2325 nobis
3015 2264 3331 2342 beneficia,
3358 2287 3560 2329 verum
3599 2272 3800 2333 omnia

2154 2350 2351 2413 divina
2373 2353 2426 2413 ei
2450 2372 2648 2415 amara
2671 2355 2944 2416 videntur
2969 2375 2984 2428 ;
3010 2363 3070 2415 et
3093 2356 3235 2416 illud
3264 2374 3277 2418 :
3316 2360 3582 2434 Gustatc,
3612 2368 3669 2423 et
3700 2365 3798 2424 ri-

2153 2447 2285 2507 dete
2315 2448 3335 2526 qt.'e:.-t'an1.vuariscstDemittus90,
3362 2450 3796 2530 iguorat.Quod

2155 2534 2254 2614 qui
2308 2535 2613 2597 evidenter
2663 2557 2777 2597 non
2820 2537 2952 2611 scit,
2987 2557 3020 2597 a
3049 2538 3358 2611 charitate,
3395 2552 3451 2602 et
3483 2543 3799 2605 dulcedine

2155 2623 2262 2686 Dei
2291 2624 2519 2685 alienus
2550 2634 2655 2685 est.
2697 2627 2808 2698 Qui
2870 2646 3042 2706 porro
3094 2638 3301 2705 gustus
3360 2631 3568 2693 horum
3601 2652 3800 2694 exsors

2157 2716 2439 2795 est,proh
2462 2716 2519 2777 dt
2540 2716 2667 2777 lor!
2704 2719 2812 2781 Dei
2843 2718 3145 2796 inimicus,
3178 2730 3236 2781 et
3263 2741 3488 2801 aregnu
3511 2724 3797 2786 ctelorum

2155 2816 2498 2884 extraneas,
2529 2828 2597 2870 ac
2623 2810 2974 2889 peregrinus
2997 2820 3107 2874 est.
3132 2810 3316 2884 Quam
3349 2814 3529 2887 enim,
3563 2834 3791 2895 quaeso,

2154 2896 2328 2957 aliam
2360 2915 2525 2975 spem
2582 2899 2845 2972 habebit,
2906 2908 3003 2961 aut
3062 2901 3232 2981 cujus
3289 2902 3438 2963 alius
3471 2902 3795 2964 dilectione

425 3005 713 3067 suavitate
756 2990 1122 3083 demulcea's,
1158 2990 1350 3066 donec
1407 3001 1608 3063 videas
1663 3017 1769 3081 per
1817 2998 1979 3080 quid.
2016 3005 2074 3060 et
2091 2990 2580 3096 Cimplicabitttr,
2617 3002 2717 3094 aut
2772 3013 2806 3056 a
2854 3014 2969 3074 quo
3025 2993 3636 3096 consolationemuseu
3668 2995 3789 3071 hic,

425 3102 671 3175 propter
700 3092 840 3174 quid
871 3092 1059 3154 vocati
1093 3081 1301 3167 simus,
1335 3099 1394 3152 et
1423 3108 1710 3172 quorsum
1742 3088 2071 3151 secundum
2093 3081 2130 3096 “
2157 3097 2265 3141 seu
2287 3090 2417 3175 post
2438 3081 2661 3175 obitum
2682 3083 2990 3175 inveniet?
3024 3082 3087 3144 In
3110 3083 3205 3143 die
3228 3100 3368 3175 vero
3384 3083 3625 3175 judicii,
3652 3085 3797 3175 quid

426 3170 670 3263 scopum
705 3170 866 3243 tuum
902 3182 1168 3243 festines.
1212 3170 1564 3259 Hujusmodi
1593 3177 2071 3257 cogitationibus,
2152 3170 2561 3263 respondebit,
2583 3174 2819 3263 quando
2841 3173 3121 3263 Christus,
3145 3172 3340 3233 veniet
3368 3171 3627 3263 reddere
3658 3174 3801 3235 uni-

428 3290 565 3334 cum
600 3280 655 3332 te
688 3270 1003 3351 subierint,
1048 3270 1241 3331 locum
1275 3288 1390 3330 non
1424 3267 1749 3347 relinques.
1784 3265 1933 3338 Quid
1970 3264 2073 3327 tibi

427 3359 657 3440 labore,
690 3366 751 3422 et
782 3360 832 3420 is
863 3378 894 3419 a
926 3359 1261 3438 importuna
1294 3356 1715 3435 defatigatione
1746 3374 1897 3436 opus
1928 3361 2015 3415 est
2042 3354 2074 3414 ?

425 3449 688 3526 Tempus
711 3450 833 3528 jam
867 3447 1223 3523 implevisti,
1283 3448 1410 3508 base.
1466 3446 1557 3506 bis
1589 3454 1795 3525 terque
1825 3442 2069 3509 faciens.

424 3556 539 3601 nec
569 3538 751 3599 ullum
784 3537 922 3598 inde
947 3537 1202 3599 fructum
1227 3535 1601 3617 perspexisti.
1628 3532 1736 3608 Ne,
1764 3534 1943 3595 frater
1968 3532 2072 3607 mi,

424 3647 502 3690 ne
546 3629 660 3689 hoc
691 3628 903 3708 laqueo
962 3626 1316 3707 impliceris,
1377 3642 1524 3686 neve
1580 3623 1795 3703 prodas
1824 3622 2072 3684 salutem

425 3729 639 3780 tuam:
724 3718 827 3779 sed
907 3716 1125 3797 impius
1182 3733 1251 3777 ac
1307 3713 1655 3795 generosius
1711 3712 1782 3774 ad
1843 3711 2077 3774 virtutis

426 3806 864 3887 opusincumbe
884 3804 1469 3886 potius,Patrumque
1487 3813 1723 3864 tuorum
1739 3801 2071 3864 secundum

428 3898 614 3957 Deum
649 3892 1051 3967 sermonibus,
1106 3901 1164 3955 et
1217 3889 1687 3954 institutionibus
1736 3908 1811 3951 ne
1840 3889 2069 3951 difﬁde.

428 3983 731 4047 Constitue
756 3983 935 4062 igitur
953 3983 1108 4063 apud
1140 3981 1429 4056 animum,
1455 3999 1490 4042 a
1526 3980 1641 4040 vita
1664 3979 1862 4056 citius,
1896 3998 2069 4058 quam

425 4073 502 4135 ab
533 4072 647 4133 hac
674 4071 837 4133 vitali
891 4070 1277 4153 inquisitione
1325 4069 1657 4132 discedere.
1717 4066 1884 4140 Quod
1916 4066 1966 4130 si
1993 4066 2069 4130 ab

427 4160 599 4223 initio
626 4161 772 4223 nihil
798 4169 1104 4223 contactus
1123 4161 1393 4233 fecisses,
1439 4158 1732 4237 benignus
1767 4156 1925 4219 Deus
1956 4175 2072 4218 non

430 4258 488 4311 te
535 4250 927 4330 despexisset,
964 4249 1187 4331 tibique
1236 4247 1517 4312 desiderii
1570 4247 1649 4309 tui
1683 4246 1935 4308 fructum
1966 4263 2073 4326 pro

428 4343 587 4399 certo
618 4337 1033 4399 concessisset.

505 4424 702 4486 Media
749 4432 923 4487 nocte
981 4433 1382 4506 experrectus,
1441 4430 1742 4487 memento
1792 4422 1920 4502 ejus
1971 4420 2072 4503 qui

429 4510 607 4575 dixit?
641 4514 847 4578 Media
877 4522 1051 4576 nocte
1078 4514 1399 4594 surgebam
1430 4515 1509 4575 ad
1531 4512 1939 4591 conﬁtendum
1965 4510 2076 4572 tibi

427 4618 612 4681 super
637 4602 875 4675 iudicia
895 4603 1153 4681 iustitiae
1176 4613 1296 4665 (me
1323 4602 1406 4662 87.
1437 4601 1507 4663 Et
1536 4601 1756 4681 gratias
1784 4617 1892 4678 age
1921 4598 2066 4677 Deo,

430 4690 529 4770 qui
553 4696 611 4750 te
633 4689 706 4751 ad
737 4689 1141 4771 laudesipsius
1156 4691 1456 4753 canendas
1473 4709 1506 4752 e
1530 4708 1739 4750 somno
1765 4687 2065 4751 excitavit:

427 4778 641 4857 gaude,
670 4787 729 4839 et
757 4779 1163 4862 exsulta,quia
1208 4781 1383 4859 ignus
1424 4787 1514 4841 est
1534 4777 1796 4858 habitus,
1818 4777 2071 4858 quicum

427 4867 892 4947 sanctisangelis
906 4872 1092 4931 Deum
1109 4869 1515 4932 concelebres.
1533 4864 1901 4930 Christianus
1912 4865 2073 4927 enim

426 4967 724 5035 peccator,
781 4958 857 5019 de
908 4958 1144 5038 flagitiis
1199 4965 1483 5020 anteactae
1540 4955 1671 5017 vitae
1729 4954 1958 5031 dolens,
2018 4962 2077 5015 et

423 5044 601 5106 vitam
653 5048 778 5109 Deo
835 5054 1061 5125 gratam
1133 5046 1470 5118 instituens,
1532 5042 1649 5106 nisi
1708 5042 1782 5105 ad
1841 5041 2075 5104 divinas

425 5150 697 5215 synaxes,
754 5142 818 5197 et
868 5153 1068 5198 sacras
1142 5133 1523 5215 psalmodias,
1587 5139 1645 5195 et
1701 5130 2074 5213 precationes

425 5221 714 5298 laetitiam,
740 5222 1129 5299 alacritatem,
1157 5224 1393 5306 taleque
1418 5220 1702 5299 studium,
1731 5220 2074 5285 etattentio-

425 5328 588 5389 nem,
624 5320 909 5397 quantam
968 5321 1028 5375 et
1081 5314 1319 5395 qualem
1378 5319 1552 5375 antea
1611 5317 1679 5372 ut
1721 5312 2071 5391 voluptates,

428 5398 769 5482 vitaaqueim
778 5401 1161 5483 probitatem,
1182 5401 1440 5465 ostendit
1459 5418 1475 5478 ;
1501 5397 1607 5462 sed
1625 5398 1786 5462 velut
1801 5398 2077 5463 laborans

2155 3258 2371 3340 cuique
2400 3262 2727 3323 secundum
2759 3279 2939 3343 Opera
2971 3280 3077 3323 sua
3099 3262 3153 3310 91
3187 3280 3202 3321 :
3246 3260 3485 3342 quando
3516 3281 3550 3323 a
3582 3281 3802 3324 mona-

2154 3348 2304 3423 chis,
2333 3349 2433 3430 qui
2455 3369 2520 3411 se
2543 3350 2630 3412 illi
2652 3370 2849 3413 coram
2882 3350 3081 3412 multis
3104 3350 3349 3411 testibus
3378 3361 3796 3431 aggregarunt,

2159 3445 2329 3516 pacta
2359 3456 2488 3519 quae
2520 3439 2593 3500 ad
2638 3448 2906 3502 sanctum
2960 3444 3173 3513 altare,
3234 3448 3296 3502 et
3342 3457 3543 3500 coram
3574 3440 3800 3501 sanctis

2157 3526 2382 3605 angelis
2407 3527 2535 3606 ejus
2563 3529 2931 3609 praestituros
2959 3547 3028 3590 ac
3087 3540 3426 3591 Servaturos
3455 3546 3520 3590 se
3554 3528 3798 3609 pepige-

2155 3623 2315 3691 runt,
2347 3616 2634 3697 requiret.

2236 3703 2385 3779 Quid
2401 3705 2559 3767 enim
2584 3706 2931 3785 interrogati
2957 3705 3433 3788 respondemus?
3454 3706 3689 3781 Annon,
3717 3706 3792 3767 ad

2156 3804 2425 3857 sanctum
2475 3796 2682 3867 altare,
2747 3805 2805 3858 et
2832 3796 2905 3858 ad
2937 3814 3171 3857 sacrum
3229 3797 3386 3858 hunc
3416 3803 3790 3870 conventum,

2154 3884 2330 3946 vitam
2381 3885 2793 3962 monasticam,
2849 3895 2909 3949 et
2938 3887 3066 3949 vita:
3096 3886 3431 3949 institutum
3460 3885 3794 3964 angelicum

2154 3974 2371 4036 sectari
2391 3974 2801 4037 desiderantes
2820 3996 2935 4037 non
2965 3974 3292 4039 accessisse
3315 3975 3339 4035 ἴ
3360 3974 3510 4047 Quid
3537 3976 3700 4036 enim
3721 3973 3795 4035 ad

2154 4062 2389 4142 singula
2407 4064 2725 4127 referimus
2749 4064 2774 4128 ?
2793 4084 2991 4126 nonne
3013 4063 3190 4127 illud?
3211 4065 3438 4143 Etiam,
3453 4065 3797 4127 venerande

2160 4154 2341 4215 Pater
2360 4157 2392 4216 9
2421 4152 2710 4217 Sacerdos
2736 4164 2955 4236 autem,
2982 4154 3125 4235 quid
3149 4172 3386 4216 rursum
3414 4152 3588 4214 nobis
3608 4152 3794 4214 dicit?

2156 4240 2400 4317 Scitote,
2433 4243 2666 4314 fratres,
2693 4244 2927 4306 venisse
2946 4262 3070 4317 vos,
3097 4251 3160 4305 ut
3192 4241 3477 4304 militibus
3497 4261 3567 4305 ac
3595 4243 3791 4304 famu-

2094 4312 2137 4369 θ
2157 4329 2228 4391 lis
2249 4312 2470 4395 Christi
2505 4312 2665 4413 regis
2705 4333 2966 4396 caelestis
3008 4312 3510 4406 adnumeremini,
3544 4333 3798 4413 ideoque

2156 4420 2229 4482 ad
2261 4421 2613 4484 tentationes
2643 4442 2743 4485 vos
2759 4431 3121 4504 comparate.
3154 4420 3466 4484 Videbidis
3495 4421 3795 4501 enimjam

2158 4508 2297 4571 hinc
2321 4510 2629 4572 inimicum
2682 4530 2891 4573 omnes
2946 4520 3104 4573 artes
3160 4528 3295 4571 suas
3344 4510 3656 4573 adversum
3693 4530 3799 4572 vos

2152 4597 2473 4661 ferventius
2504 4600 2786 4681 experiri.
2814 4598 3123 4681 Oportebit
3152 4598 3332 4679 igitur
3361 4608 3420 4661 et
3449 4601 3701 4675 esurire,
3741 4609 3797 4662 et

2156 4687 2347 4763 sitire,
2382 4698 2440 4751 et
2469 4691 2691 4769 algere,
2751 4690 3140 4769 ignominiam
3199 4689 3495 4769 accipere,
3522 4692 3798 4769 conspui,

2155 4777 2340 4859 alapis
2362 4778 2530 4855 caedi,
2568 4779 2944 4862 subsannari,
2984 4787 3045 4842 et
3086 4780 3305 4862 quaevis
3335 4780 3527 4843 tristia
3557 4790 3804 4862 propter

2158 4868 2347 4930 Deum
2382 4885 2689 4949 properre,
2721 4866 2874 4942 Quid
2923 4888 3031 4931 nos
3073 4878 3195 4931 tum
3245 4869 3318 4931 ad
3378 4868 3544 4932 ista?
3597 4887 3802 4933 nonne

2158 4974 2437 5036 passuros
2484 4966 2542 5019 et
2596 4958 2947 5020 toleraturos
3005 4958 3206 5020 omnia
3264 4959 3686 5040 promittimus,
3741 4972 3804 5024 et

2156 5042 2301 5107 illud
2327 5045 2617 5111 solemne:
2649 5047 2875 5124 Etiam,
2898 5049 3222 5112 reverenda
3243 5051 3446 5123 Pater,
3465 5048 3537 5110 ad
3554 5068 3799 5113 omnem

2156 5132 2681 5213 interrogationem
2715 5155 2823 5218 per
2880 5136 3226 5219 patientiam
3281 5137 3663 5200 ferendorum
3695 5138 3799 5202 in--

2157 5223 2605 5287 commodorum
2635 5225 3016 5289 enuntiamus
3037 5227 3069 5288 ?
3104 5230 3319 5292 Nonne
3346 5227 3799 5308 continentiam,

2157 5310 2408 5392 vigilias,
2459 5312 2861 5378 obedientiam
2913 5334 3103 5397 usque
3132 5315 3207 5378 ad
3238 5323 3491 5378 mortem
3522 5324 3800 5379 servatu-

2156 5418 2281 5478 ros,
2327 5403 2672 5484 praeposito,
2724 5406 2952 5489 totique
3009 5404 3254 5469 fratrum
3312 5404 3564 5486 collegio
3592 5423 3798 5468 coram

505 5566 569 5620 87
595 5566 749 5633 Psal.
782 5583 979 5651 mm,
1008 5571 1112 5637 62.
1195 5573 1261 5625 88
1289 5570 1479 5638 Galat.
1509 5570 1591 5653 iv,
1620 5566 1722 5634 3t.
1804 5568 1871 5620 89
1896 5566 2053 5633 Psal.
2084 5585 2288 5650 cxmr,
2326 5572 2467 5637 t03.
2548 5574 2616 5628 90
2646 5574 2805 5640 Psal.
2836 5591 3043 5659 χχχιιι,
3075 5574 3137 5641 9.
3220 5573 3274 5618 οι
3304 5574 3509 5641 Matth.
3541 5588 3669 5659 1m,
3690 5574 3793 5641 2‘7.
