4112 6106
302 356 420 422 457

1712 355 1994 423 ORATIO
2034 354 2314 423 XXVIII.

3558 332 3679 429 458

302 489 427 583 Deo
442 496 503 551 et
523 489 1173 583 angelispromittimus
1191 491 1223 552 ?
1239 491 1427 583 Quam
1458 490 1534 554 ob
1561 508 1797 583 causam
1810 508 1949 583 vero
1967 499 2007 550 Α
2036 490 2164 563 bus,
2216 498 2271 583 et
2301 490 2437 554 tolle
2459 508 2693 583 crucem
2716 500 2916 583 tuam,
2950 501 3006 559 et
3033 500 3171 561 veni
3190 517 3446 580 sequere
3472 519 3568 565 me
3592 501 3675 583 99,

305 576 582 647 militare,
636 577 973 659 Christique
1003 578 1395 642 bellatoribus
1422 578 1729 643 accenserl
1760 577 1953 641 volui-

303 682 434 726 mus
466 665 493 725 ?
524 685 727 728 nonne
757 674 821 727 ut
873 676 1077 730 contra
1123 670 1325 731 hostes
1355 670 1463 731 sub
1495 677 1798 749 aspectum
1832 687 1950 729 non

300 753 609 816 venientes
644 773 1060 835 pugnaremus,
1108 765 1175 820 ut
1213 757 1949 821 contraconcitatosanimi

301 850 498 904 motus
525 842 747 905 bellum
775 862 1228 925 capesseremus
1252 846 1277 908 Υ
1297 846 1369 908 Et
1391 866 1572 927 nunc,
1607 846 1854 927 perinde
1883 857 1949 907 ut

301 931 351 992 si
381 941 551 1013 pacta
581 942 871 995 conventa
897 953 1073 996 nemo
1114 954 1150 998 a
1194 935 1366 998 nobis
1396 945 1708 998 exacturus
1736 935 1813 997 sit
1842 953 1949 997 nos

299 1023 613 1099 gerimus:
649 1024 943 1106 solutique
974 1027 1185 1091 timore
1242 1028 1346 1090 Dei
1394 1040 1451 1089 et
1493 1034 1770 1089 mandata
1817 1028 1947 1107 ejus

296 1119 747 1175 contemnentes
780 1113 1044 1179 vivimus.
1078 1115 1218 1178 Mihi
1278 1116 1557 1198 equidem
1590 1117 1651 1176 in
1680 1123 1943 1178 mentem

295 1200 457 1262 venit
511 1202 820 1278 admirari,
878 1205 1175 1284 quomodo
1232 1203 1293 1266 in
1352 1213 1566 1266 tantam
1628 1206 1942 1284 caliginem

295 1290 889 1371 praecipitaverimus,
926 1294 1245 1374 omniaque
1276 1313 1410 1356 cum
1462 1293 1795 1355 animorum
1826 1312 1939 1354 no-

2031 580 2413 655 tentationes,
2446 598 2515 641 ac
2545 582 2964 646 tribulationes
3022 587 3215 649 crucis
3248 589 3489 651 nomine
3521 580 3673 653 insi;

2031 688 2241 731 nuans.
2287 672 2645 759 Dareporro
2678 672 2898 749 omnia,
2933 676 3216 754 pecunias
3246 696 3315 739 ac
3346 681 3675 759 possessio-

2031 777 2183 848 nes,_
2225 758 2561 820 incursibus
2609 769 2805 822 autem
2864 763 3253 827 tentationum
3310 758 3673 848 reliquorum

2029 846 2381 908 acerborum
2432 866 2499 909 ac
2562 848 2948 911 molestorum
3008 871 3124 913 non
3183 846 3674 918 excelso‘animo

2027 935 2335 1011 resistere,
2359 936 2574 998 animas
2595 937 2839 1017 ignavae,
2865 955 2934 1001 ac
2956 958 3063 1002 sua
3083 943 3397 1006 commoda
3424 962 3543 1005 non
3578 946 3671 1006 in-

2028 1024 2349 1102 telligentis
2381 1025 2529 1086 nihil
2561 1026 2814 1090 videtur.
2846 1026 3006 1089 Nihil
3040 1030 3197 1091 enim
3234 1031 3506 1112 pecuniis
3535 1040 3671 1095 tan-

2027 1113 2327 1174 tummodo
2360 1114 2611 1195 aliisque
2638 1114 2819 1177 rebus
2836 1115 2939 1195 .abj
2951 1117 3199 1183 iciendis
3213 1139 3280 1181 ac
3304 1120 3668 1196 deferendis,

2025 1209 2085 1262 et
2111 1201 2182 1262 ad
2216 1202 2393 1263 vitam
2422 1203 2752 1265 :solitariem
2778 1206 3175 1284 confugiendo
3200 1227 3254 1288 pl
3275 1209 3532 1286 oticitur,
3558 1211 3674 1273 nisi

2023 1288 2085 1350 in
2119 1291 2568 1370 tentationibus,
2605 1302 2662 1355 et
2712 1292 3218 1376 tribulationibus,
3253 1305 3311 1358 et
3339 1299 3666 1361 secundum

293 1384 553 1469 atrorum
590 1378 946 1443 detrimento
966 1380 1283 1443 faciamus:
1308 1400 1562 1463 cumque
1584 1381 1939 1462 nosmetipsi
2020 1377 2178 1441 Deus
2203 1381 2489 1469 molestiis
2513 1399 2701 1462 usque
2736 1382 2808 1444 ad
2834 1384 3013 1444 tinem
3057 1402 3429 1464 perseveres.
3464 1386 3669 1469 Neque

285 1463 654 1544 jugulemus,
682 1469 736 1530 id
761 1475 1037 1550 tanquam
1061 1469 1175 1532 vivi
1195 1489 1265 1532 ac
1299 1471 1647 1551 superstites
1676 1489 1796 1533 non
1828 1488 1934 1532 cu-
2022 1469 2180 1557 enim
2200 1468 3142 1533 ChristusDeusnosterinrerum
3159 1482 3492 1538 nostrarum
3511 1463 3669 1557 abje-

289 1571 534 1646 remus:
568 1566 624 1618 et
646 1557 921 1637 cumipsi
943 1578 1050 1620 nos
1093 1573 1467 1639 peccatorum
1506 1559 1758 1621 vinculis
1787 1577 1934 1621 con-
2019 1556 2238 1638 ctione,
2271 1558 2373 1618 sed
2397 1557 2458 1618 in
2481 1558 2763 1637 patientia
2785 1568 2982 1621 nostra
3009 1561 3237 1623 animas
3260 1571 3491 1626 nostras
3522 1556 3666 1646 pos-

288 1642 676 1723 stringamus,
710 1646 884 1708 etiam
914 1647 1195 1726 gaudium
1250 1651 1564 1729 agitemus,
1597 1647 1933 1710 committa-
2015 1664 2283 1708 sessuros
2304 1647 2721 1713 afﬁrmavit95.
2759 1649 3126 1711 Facultatum
3161 1654 3216 1713 in
3253 1642 3543 1733 pauperes
3572 1657 3667 1718 di-

290 1749 542 1822 musque
572 1735 769 1796 omnia
787 1755 917 1817 qum
945 1740 1099 1822 Deus
1117 1737 1263 1812 odit,
1289 1747 1488 1819 etquae
1508 1738 1569 1798 in
1600 1738 1933 1817 gehennam
1952 1810 1990 1822 ﬁ
2015 1735 2455 1817 stributionem,
2492 1738 2762 1818 etfugam
2786 1739 2985 1799 saeculi
3008 1738 3221 1800 bonam
3252 1751 3427 1822 atque
3455 1745 3659 1808 utilem

286 1810 703 1912 ignis—animas
752 1810 1001 1888 nostras.
1038 1810 1396 1894 deturbem:
1446 1834 1506 1889 et
1534 1810 1861 1888 eavvincula
1893 1846 1924 1887 a
1952 1810 1992 1858 Β
2015 1842 2079 1885 es
2113 1843 2147 1886 e
2175 1832 2404 1887 constat
2433 1810 2452 1887 ξ
2493 1810 2898 1889 verumtamen
2927 1827 3051 1888 sola
3080 1847 3186 1908 per
3205 1810 3486 1912 Seipsam,
3512 1833 3662 1896 citra

286 1909 462 1972 nobis
482 1912 842 1991 auferentes,
861 1915 1030 1996 quasi
1044 1915 1390 1978 truculentae
1401 1914 1533 1978 best
1557 1934 1624 1988 re,
1643 1915 1929 1979 devorare
2008 1913 2396 1976 tentationum
2413 1915 3123 1989 tolerantiam,hominem
3139 1909 3660 1984 secundum-Deum

289 2016 599 2065 conemur.
632 2000 780 2064 Nam
824 2003 874 2064 si
915 2022 951 2064 a
1006 2004 1279 2085 quopiam
1312 2004 1601 2066 fuerimus
1629 2004 1923 2085 impediti,
2008 2002 2731 2083 perfectumredderenon
2750 2014 2961 2088 potest.
2983 2004 3393 2079 Quodutitase
3416 2008 3656 2084 habere,

289 2105 366 2148 ne
397 2088 541 2168 quid
573 2099 782 2152 contra
826 2092 1056 2154 animas
1101 2100 1333 2154 nostras
1390 2092 1725 2172 moliamur,
1759 2092 1925 2152 illum
1972 2110 1981 2122 '
2009 2091 2160 2153 etita
2186 2090 2310 2153 Deo
2324 2093 3155 2176 placerecredas,audiipsius
3185 2099 3361 2157 verba
3391 2097 3467 2158 ad
3499 2099 3659 2161 divi-

287 2193 453 2267 rnore
483 2196 699 2241 canum
753 2180 1097 2267 rabidorum
1147 2180 1510 2258 allatramus,
1569 2188 1630 2244 et
1655 2180 1928 2244 comitiis
2008 2186 2157 2240 tem:
2192 2179 2264 2243 Si
2292 2183 2380 2243 vis
2403 2183 2708 2261 perfectus
2733 2201 2883 2258 esse,
2914 2185 3104 2246 vende
3124 2202 3256 2265 quae
3275 2185 3483 2267 habes,
3506 2194 3561 2249 et
3581 2187 3661 2250 da

285 2264 674 2356 incessimus;
702 2288 814 2332 nec
843 2264 1195 2340 desinfmus,
1230 2271 1421 2333 donec
1476 2288 1543 2332 re
1594 2278 1926 2351 perpetrata
2003 2271 2402 2349 pauperibus,
2435 2277 2491 2333 et
2529 2271 2676 2334 tolle
2698 2290 2936 2336 crucem
2957 2280 3148 2354 tuum,
3181 2283 3235 2336 et
3251 2277 3391 2337 veni
3409 2264 3661 2356 sequere

285 2354 506 2417 animis
530 2358 751 2420 nostris
780 2359 1022 2421 exitium
1054 2358 1928 2421 conﬂaverimus.Postmodum
2009 2375 2126 2421 me.
2154 2357 2453 2421 Vocabqu
2482 2362 2701 2434 amcis,
2733 2369 2796 2422 ut
2833 2361 3057 2422 dictum
3100 2370 3191 2423 est
3238 2354 3658 2427 tribulationes

282 2445 355 2507 ad
388 2444 737 2525 bujusmodi
757 2447 1202 2529 perversitatem
1225 2447 1562 2524 assuefacti,
1582 2448 1932 2511 naturaliter
2011 2454 2071 2508 et
2099 2447 2455 2509 tentationes
2482 2445 2796 2510 obscurius
2823 2449 3117 2528 signiﬁcat
3176 2448 3462 2522 Quoniam
3492 2451 3655 2513 enim

283 2536 573 2612 perversi,
607 2543 782 2615 atque
837 2536 1096 2617 improbi
1127 2537 1480 2617 lreddimur,
1539 2554 1650 2598 nec
1679 2535 1931 2617 amplius
2011 2553 2264 2615 regnum
2288 2537 2574 2599 caelorum
2596 2537 2730 2600 vim
2751 2544 3008 2617 patitur,
3052 2546 3109 2600 et
3144 2541 3394 2603 riolenti
3408 2542 3657 2620 rapiunt

282 2622 433 2685 ctelo
463 2633 642 2705 caput
684 2625 895 2688 tollere
947 2625 1115 2688 libet.
1150 2625 1264 2689 Ubi
1298 2634 1429 2707 post
1457 2626 1766 2688 hominum
1797 2644 1921 2687 mes
2011 2624 2166 2687 illud
2184 2624 2270 2701 94,
2303 2625 2593 2687 aliterbue
2638 2625 2832 2688 ﬁdelis
2885 2625 2945 2687 in
3008 2627 3228 2708 ipsum,
3266 2628 3375 2688 nisi
3410 2647 3516 2708 per
3542 2648 3655 2690 an-

282 2711 533 2775 moriam
560 2713 781 2775 similis
824 2714 1185 2777 machinatio
1225 2715 1425 2776 audita
1452 2722 1541 2778 est
1567 2714 1593 2775 τ
1625 2715 1770 2788 Quis
1796 2714 1923 2777 daa-

283 2818 422 2863 mon
455 2803 697 2865 modum
731 2804 1088 2885 perditionis
1133 2805 1247 2867 hoc
1293 2806 1578 2883 majorem
1612 2804 1923 2867 adversum

281 2890 512 2953 animas
542 2900 776 2956 nostras
832 2892 1189 2975 excogitabit
1243 2893 1364 2954 imo
1418 2901 1602 2970 certe,
1638 2893 1781 2974 quid
1811 2894 1924 2956 hoc

280 2981 539 3061 amplius
568 2991 774 3045 contra
811 3001 920 3045 nos
974 2984 1277 3046 daemones
1306 3001 1439 3044 cum
1471 2982 1634 3044 omni
1663 3000 1826 3063 cura,
1864 2990 1925 3046 et

2006 2723 2233 2794 gustam
2266 2723 2497 2795 portam
2529 2713 2999 2795 tribulationum,
3056 2723 3113 2776 ct
3148 2716 3532 2779 tentationum
3566 2719 3655 2780 in-

2003 2803 2188 2865 troire
2218 2802 2444 2883 nequit,
2477 2805 2691 2867 merito
2742 2803 2941 2865 divina
3001 2803 3304 2885 Sutiptura
3336 2806 3602 2887 praecipit
3635 2825 3647 2869 :

2004 2889 2352 2952 Contendite
2400 2891 2628 2952 intrare
2670 2908 2781 2971 per
2825 2898 3149 2972 angustam
3185 2902 3425 2973 partam
3453 2893 3535 2952 95.
3584 2894 3656 2955 Et

2003 2978 2221 3041 iterum
2238 3000 2253 3039 :
2271 2978 2348 3040 In
2362 2981 2664 3060 patientia
2686 2986 2886 3043 vestra
2896 2981 3279 3060 possidebitis
3292 2984 3459 3044 anim
3468 3001 3535 3045 as
3552 3002 3653 3045 ve-

276 3071 687 3135 sollieitudine
701 3072 974 3136 invenire
991 3074 1308 3155 poterunt?
1330 3073 1651 3134 monachos
1670 3072 1797 3134 fere
1815 3092 1923 3135 nos
1941 3075 1981 3126 C
2004 3067 2256 3132 stras96.
2297 3069 2400 3131 Et:
2448 3071 2568 3130 Per
2606 3068 2832 3131 multas
2849 3068 3265 3133 tribulationes
3286 3077 3514 3150 oportet
3543 3089 3654 3134 nos

280 3161 742 3245 spopondimus,
796 3169 856 3226 et
884 3182 961 3225 en
990 3180 1170 3244 supra
1199 3161 1531 3224 mundanas
1560 3161 1923 3240 improbitati

278 3267 390 3312 nos
405 3250 800 3329 alligavimus.
826 3252 916 3314 Ad
938 3252 1181 3327 famem,
1207 3250 1389 3324 sitim,
1419 3249 1800 3314 atﬂictionem
1829 3270 1924 3313 su-

2008 3157 2245 3219 intrare
2259 3159 2320 3219 in
2332 3175 2588 3238 regnum
2604 3156 2907 3237 calorum,
2930 3166 2990 3218 ut
3016 3168 3074 3218 et
3096 3159 3236 3219 alibi
3259 3159 3315 3219 id
3343 3158 3653 3239 Scriptura

2006 3247 2347 3309 tes'atur97.
2383 3247 2548 3320 Filii,
2582 3247 2863 3308 accedens
2894 3247 3326 3309 adservitutem
3344 3247 3459 3309 Dei
3487 3264 3651 3327 pra:-

278 3340 641 3417 stinendam,
675 3351 740 3404 ut
766 3351 904 3405 ante
947 3341 1323 3415 dicebamus,
1374 3340 1658 3420 descripti
1689 3358 1917 3417 sumus,
1996 3351 2153 3414 para
2174 3338 2442 3397 animum
2472 3343 2643 3396 tuam
2665 3335 2745 3397 ad
2770 3336 3197 3398 tentationem.
3226 3337 3513 3416 Deprime
3541 3352 3648 3398 car
3678 3355 3686 3363 ·

279 3439 337 3493 et
369 3442 619 3513 propter
645 3432 888 3495 unicum
936 3431 1107 3513 panis
1135 3431 1386 3492 frustum
1424 3429 1607 3511 (quod
1636 3428 1786 3491 forte
1808 3448 1916 3493 ex-
2003 3422 3646 3513 tuum,etsustine98.EtApostoIus:Quodsiextradisci-

277 3525 371 3581 tra
415 3512 726 3583 deﬁnitum
771 3520 886 3584 cibi
935 3512 1212 3582 sumendi
1255 3528 1489 3599 tempus
1531 3516 1920 3598 requirimus)
1991 3512 3650 3599 plinameslis,cuiusparticipesfartisuntomnes,ergo

274 3607 476 3671 verbis
500 3610 754 3687 velitari,
780 3621 842 3672 et
865 3610 1080 3691 probra
1095 3611 1323 3689 jactare
1336 3597 1453 3668 non
1477 3597 1912 3669 erubescimus.
1998 3600 2286 3691 adulteri,
2302 3609 2508 3691 etnon
2524 3601 2645 3681 ﬁlii
2681 3602 2825 3691 estis
2843 3601 2926 3661 99.
2962 3601 3038 3664 Et
3066 3601 3182 3691 alio
3215 3600 3355 3691 loco,
3382 3618 3395 3662 :
3431 3597 3645 3691 Omnia

277 3695 571 3762 Omnibus
588 3717 720 3781 quae
738 3699 799 3761 ia
823 3698 1043 3760 mundo
1067 3703 1223 3769 sunt,
1244 3696 1591 3758 renuntiare
1620 3694 1911 3770 venimus,

278 3788 645 3867 parentibus,
669 3788 934 3869 inquam,
958 3785 1260 3866 fratribus,
1284 3792 1343 3846 et
1361 3783 1586 3859 amicis,
1633 3788 1692 3844 et
1716 3793 1918 3845 tamen

277 3874 416 3939 illos
449 3876 525 3938 de
558 3876 901 3939 monasterii
933 3873 1184 3954 panibus
1214 3874 1376 3936 alere
1410 3871 1603 3953 potius
1631 3888 1750 3933 non
1781 3890 1915 3933 ces-

277 3980 505 4029 samus.
538 3964 821 4027 Mundam
849 3971 915 4026 ut
960 3965 1189 4025 hostem
1239 3961 1520 4042 fugimus,
1573 3965 1634 4020 et
1676 3957 1914 4021 interim

279 4053 635 4131 mundanas,
669 4061 730 4117 et
757 4071 891 4134 quae
918 4051 1126 4114 mundi
1155 4061 1315 4132 sunt,
1372 4049 1505 4131 plus
1532 4065 1710 4133 quam
1741 4048 1916 4114 Chri-

273 4151 428 4206 stum
458 4143 655 4226 ipsum
682 4141 1004 4222 diligimus.

354 4231 470 4305 Qui
498 4241 695 4295 autem
721 4231 961 4313 assequi
987 4231 1114 4293 vult
1137 4248 1270 4312 qum
1298 4229 1483 4312 cupit,
1505 4235 1568 4293 et
1587 4228 1912 4304 desiderat,

275 4320 433 4384 bona
460 4321 572 4384 Dei
595 4320 898 4401 videlicet,
930 4328 989 4382 et
1016 4338 1090 4383 ex
1132 4319 1374 4382 homine
1394 4319 1457 4381 in
1480 4319 1753 4398 angelum
1785 4324 1912 4379 ter-

2001 3706 2130 3766 que-3
2162 3688 2265 3749 tibi
2296 3689 2659 3764 inferuntur,
2694 3696 2758 3750 ut
2793 3689 2948 3750 bona
2981 3688 3236 3769 suscipe,
3274 3689 3473 3750 sciens
3515 3689 3645 3750 sine

2001 3777 2122 3837 Deo
2156 3777 2310 3839 nihil
2336 3777 2489 3838 ﬁeri.
2523 3777 2634 3850 Qui
2664 3777 2824 3838 enim
2853 3777 3107 3839 fortunis
3139 3776 3264 3837 suis
3300 3777 3362 3838 in
3394 3785 3646 3856 egentes

2001 3865 2233 3927 collatis
2253 3882 2285 3927 e
2303 3867 2524 3927 mundo
2549 3875 2604 3927 et
2624 3865 2802 3927 rebus
2829 3867 2958 3946 ejus
2980 3865 3229 3940 recedit,
3267 3868 3326 3925 in
3344 3884 3450 3945 spe
3480 3883 3644 3926 mer-

2000 3952 2187 4024 cedis,
2223 3962 2282 4014 et
2309 3952 2606 4033 voluptate
2636 3953 2823 4015 multa
2850 3962 3039 4033 gestat
3094 3952 3542 4015 conscientiam.
3576 3951 3648 4014 Et

1998 4041 2314 4122 aliquando
2374 4058 2518 4102 vana
2571 4041 2759 4120 gloria
2814 4040 3151 4107 mercedem
3212 4040 3461 4102 furatur.
3523 4038 3641 4111 Qui

1995 4147 2134 4191 vero
2185 4135 2497 4210 postquam
2555 4129 2756 4191 omnia
2812 4129 2976 4190 dedit
3033 4128 3416 4210 pauperibus,
3451 4127 3636 4190 etiam

1998 4217 2243 4279 molesta
2266 4215 2538 4292 sustinet,
2568 4225 2627 4280 et
2651 4217 2866 4297 gratias
2886 4218 3023 4298 agit,
3052 4227 3107 4278 et
3130 4217 3380 4279 adversa
3401 4216 3642 4298 patien-

1995 4312 2087 4368 ter
2114 4306 2354 4387 perfert,
2383 4305 2445 4366 in
2474 4324 2547 4367 eo
2576 4306 2814 4386 quidem
2862 4306 3178 4368 maximam
3227 4305 3639 4382 acerbitatem,

272 4417 528 4473 restrem
558 4410 837 4491 migrare,
884 4393 1324 4471 afflictationem
1373 4393 1642 4489 corporis
1667 4405 1909 4483 amabit,
1934 4394 2288 4475 plaborem,
2309 4413 2379 4491 ac
2405 4393 2670 4491 dolorem
2698 4393 2876 4456 sentit
2908 4416 2919 4455 :
2962 4395 3064 4456 sed
3092 4412 3353 4491 praesens
3383 4413 3450 4454 ac
3481 4393 3644 4456 futu-

276 4500 568 4562 malorum
595 4499 1043 4581 perpassionem
1092 4497 1510 4578 amplectetur,
1562 4496 1916 4559 tentationes

274 4596 340 4652 ut
372 4588 569 4651 omnis
592 4588 734 4652 boni
771 4587 887 4651 sibi
914 4586 1353 4651 conciliatrices
1377 4585 1534 4647 haud
1564 4584 1913 4666 aspernabi-

274 4684 394 4740 tur.
415 4677 493 4742 Ut
523 4679 683 4741 enim
712 4697 922 4740 aurum
954 4677 1139 4739 multa
1167 4674 1448 4740 infectum
1481 4673 1765 4753 aerugine,
1799 4673 1917 4735 nisi

272 4766 335 4829 in
366 4785 589 4848 prunas
610 4767 991 4848 conjiciatur,
1017 4774 1076 4828 et
1099 4764 1329 4826 malleis
1351 4763 1652 4840 tundatur,
1677 4761 1916 4843 purgari

272 4855 469 4937 aliter,
501 4856 766 4937 atquein
824 4856 1138 4938 pristinum
1196 4853 1484 4932 fulgorem
1533 4850 1769 4915 restitui
1795 4868 1913 4911 non

273 4952 496 5026 potest:
513 4944 601 5007 sic
615 4944 814 5007 anima
832 4961 1071 5026 quoque
1088 4942 1314 5024 peccati
1336 4941 1598 5020 airugine
1609 4946 1884 5019 cooperta
1895 4984 1908 5009 ,

274 5040 335 5096 et
379 5032 453 5095 ad
485 5052 784 5096 summum
813 5033 966 5096 facta
997 5032 1254 5106 inutilis,
1289 5030 1406 5093 alia
1434 5030 1531 5092 via
1561 5027 1820 5110 purgari,
1857 5036 1914 5089 et

274 5122 575 5203 antiquam
601 5139 962 5201 recuperare
995 5120 1501 5203 pulchritudinem
1533 5121 1771 5203 nequit,
1799 5116 1912 5179 nisi

274 5198 698 5266 tentationibus
721 5198 1014 5285 jactetur,
1038 5210 1096 5264 et
1141 5200 1591 5264 tribulationum
1622 5198 1915 5261 Conﬂalu-

272 5308 398 5353 ram
430 5290 661 5357 subeat.
692 5290 841 5354 Nam
871 5299 931 5355 et
984 5291 1137 5353 istuc
1183 5289 1421 5353 Domini
1453 5287 1643 5350 nostri
1670 5286 1915 5350 verbum

272 5377 653 5446 subindicat:
688 5380 887 5445 Vende
910 5378 1227 5460 facultates
1250 5386 1417 5456 tuas,
1437 5382 1495 5440 et
1515 5375 1593 5439 da
1608 5377 1918 5458 pauperi-

1995 4499 2124 4543 rum
2158 4480 2490 4561 praemium,
2545 4480 2970 4563 ingentemque
3024 4481 3478 4543 retributionem
3538 4499 3648 4562 pro

1996 4569 2275 4651 perfugio
2290 4569 2490 4632 habet:
2542 4580 2748 4651 utpote
2777 4572 2879 4652 qui
2919 4572 3226 4652 passiones
3252 4570 3471 4634 Christi
3503 4569 3643 4630 imi-

1997 4667 2173 4736 tetur,
2210 4676 2469 4739 eumque
2492 4658 2555 4719 in
2585 4659 2795 4721 diebus
2830 4660 3246 4736 tentationum,
3282 4667 3341 4720 et
3377 4657 3645 4721 adversi-

1998 4755 2182 4812 tatum
2212 4751 2565 4810 irruentium
2597 4749 2909 4825 sustineat,
2934 4758 2992 4811 et
3016 4747 3643 4830 exspectet.Quocirca

1996 4856 2100 4900 oro
2133 4855 2250 4912 vos,
2283 4836 2494 4898 fratres
2519 4836 2580 4898 in
2613 4837 2868 4913 Christo,
2905 4839 3116 4900 demus
3149 4855 3390 4918 operam
3425 4844 3645 4898 secun-

1996 4926 2136 4988 dum
2176 4944 2383 4988 vocem
2404 4925 2661 4999 Domini,
2693 4929 2798 4990 Dei
2820 4946 2891 4989 ac
2929 4926 3248 4991 Salvatoris
3290 4924 3480 4987 nostri
3506 4922 3649 4987 Jesu

1997 5014 2239 5091 Christi,
2264 5023 2328 5076 ut
2349 5023 2657 5096 postquam
2696 5017 2944 5098 mundo,
2980 5016 3150 5078 ethis
3168 5032 3297 5094 qum
3326 5014 3386 5074 in
3419 5010 3646 5073 mundo

1996 5112 2136 5166 sunt
2157 5102 2564 5184 valediximus,
2606 5123 2711 5185 per
2746 5113 3050 5184 angustam
3068 5113 3294 5185 portam
3325 5102 3640 5181 intremus,

1998 5212 2131 5275 quas
2159 5193 2413 5255 carnalis
2440 5193 2626 5256 nostri
2649 5211 2881 5270 sensus,
2918 5187 3311 5255 etvoluntatis
3342 5186 3640 5271 praecisio,

1999 5290 2060 5344 et
2085 5282 2219 5362 fuga
2248 5290 2360 5345 est.
2395 5281 2520 5343 Nisi
2553 5283 2710 5344 enim
2771 5282 2960 5359 carni,
3014 5277 3543 5362 concupiscentiis,
3577 5294 3649 5339 ac

1998 5370 2395 5436 voluntatibus
2427 5370 2557 5451 ejus
2608 5373 2957 5453 moriamur,
3005 5370 3451 5449 remissionem,
3481 5365 3653 5428 abso.

350 5537 413 5590 99
433 5538 645 5604 Matth.
676 5509 913 5617 11x31.
997 5536 1064 5589 95
1088 5539 1235 5617 Luc.
1265 5549 1405 5617 an,
1430 5533 1525 5617 t9.
1608 5532 1674 5583 94
1701 5533 1909 5617 Matth.
1937 5548 2022 5612 χι,
2054 5530 2153 5595 42.
2237 5529 2305 5582 9⁸
2334 5531 2540 5594 Matth.
2566 5548 2671 5610 vn,
2702 5530 2795 5596 l3.
2879 5530 2945 5582 96
2964 5532 3353 5606 Lucxx1,19.
3434 5523 3500 5576 9'7
3520 5524 3649 5587 Act.

272 5633 396 5702 ιη,
426 5617 529 5684 21.
612 5618 678 5672 98
701 5614 889 5685 Eccli.
921 5634 987 5697 η,
1020 5622 1082 5693 1,
1113 5615 1175 5680 2.
1257 5614 1322 5665 99
1353 5614 1544 5678 Hubr.
1575 5629 1687 5691 xu,
1718 5614 1778 5681 8.

582 5790 839 5860 PATBOL.
870 5788 982 5856 Gn.
1012 5782 1178 5855 CXX.

3089 5781 3166 5844 15
