4112 6106
474 379 595 444 459

1775 375 2156 442 SYMEONIS
2193 372 2544 439 JUNIORIS

3728 382 3850 449 460

479 510 886 590 lutionemque
905 507 2124 590 maloruni,etlibertatem,etsequentema
2142 523 2184 571 Α
2207 508 2464 589 cujusvis
2495 507 2754 569 nominis
2783 527 2890 588 per
2921 509 3329 589 paenitentiam
3356 513 3430 575 ad
3460 532 3526 576 se
3551 515 3851 580 venientis

479 606 683 659 sancto
707 595 934 678 Spiritu
966 597 1436 658 consolationem
1469 595 1718 676 adipisci
1750 616 1866 657 non
1901 599 2120 677 poteri-

480 705 641 749 mus:
673 704 804 766 quae
834 685 1355 766 nisisuperveniat,
1390 703 1566 746 nemo
1586 684 1897 746 Dominum
1923 705 2032 748 nec
2062 688 2122 748 in

478 774 590 836 hoc
605 793 714 836 nec
728 775 785 835 in
801 775 1000 836 futuro
1015 775 1230 835 SEBCUIO
1247 772 1636 836 videbit.Nam
1650 782 1812 835 recte
1839 787 1897 836 te
1911 776 2122 837 fecisse

481 881 615 924 cum
647 882 854 926 omnes
883 864 1189 924 facultates
1211 871 1334 923 luas
1364 863 1422 922 in
1458 881 1746 942 pauperes
1765 863 2120 925 distribuisti

477 952 547 1027 (si
581 962 778 1016 tamen
813 953 961 1013 nihil
997 952 1100 1013 tibi
1134 952 1403 1031 exemplo
1452 951 1700 1012 Ananiae
1729 951 1888 1012 illius
1918 971 2119 1013 reser-

476 1042 622 1102 vasti
651 1040 698 1121 1)
737 1049 794 1102 et
842 1041 1046 1102 adhanc
1098 1040 1344 1115 mundo,
1408 1047 1466 1100 et
1515 1039 1588 1100 iis
1645 1059 1774 1119 qua
1805 1040 1866 1100 in
1898 1041 2118 1102 mundo

477 1139 618 1192 sunt
648 1129 1024 1205 renuntiasti,
1059 1129 1427 1208 desertisque
1486 1129 1664 1208 hujus
1695 1130 1825 1190 vitae
1854 1129 2012 1190 curis
2041 1130 2113 1190 ad

479 1226 711 1299 portum
737 1216 973 1280 aeternae
991 1218 1120 1278 vitae
1142 1216 1477 1292 cucurristi,
1501 1216 1763 1296 speciem
1790 1226 1846 1278 et
1869 1218 2114 1295 ﬁguram

482 1306 712 1385 pietatis
743 1307 1005 1382 indutus,
1031 1325 1137 1384 ego
1163 1324 1396 1385 quoque
1419 1325 1535 1365 non
1573 1305 1823 1380 inﬁcior,
1867 1315 1927 1367 et
1957 1314 2012 1366 te
2041 1305 2114 1367 ob

477 1395 590 1456 hoc
613 1395 874 1456 studium
901 1396 1103 1456 laudo:
1131 1395 1233 1454 sed
1257 1394 1500 1474 insuper
1525 1395 1893 1474 prudentiam
1922 1397 2116 1455 carnis

475 1484 631 1546 velut
666 1485 924 1545 tunicam
957 1503 1193 1555 exuere,
1228 1491 1285 1544 et
1311 1484 1639 1544 secundum
1670 1482 1903 1558 stolam,
1938 1502 2114 1563 quam

476 1592 582 1654 per
610 1572 907 1635 Christum
966 1572 1232 1645 induisti,
1294 1590 1489 1633 mores
1541 1572 1777 1645 animae,
1811 1571 2116 1652 ipsamque

474 1663 840 1744 spiritualem
899 1661 1275 1742 prudentiam
1326 1661 1632 1742 possidere
1683 1679 1928 1722 necesse
1976 1669 2108 1722 est:

2204 617 2308 658 cor
2335 597 2652 671 illuminat,
2687 606 2776 658 est
2830 597 3201 678 impossibile
3235 619 3248 662 :
3319 601 3612 682 siquidem
3645 607 3854 669 mundi

2201 686 2384 747 corde
2411 687 2600 748 Deum
2633 686 2834 747 vident
2863 687 2910 750 2.

2287 774 2596 862 Enitamur
2625 775 2821 855 itaque
2851 783 3072 855 patres,
3111 779 3347 858 fratres,
3386 785 3444 839 et
3465 779 3571 841 ﬁlii
3597 783 3715 844 mei
3748 801 3855 862 per

2202 861 2571 940 diligentiam
2606 863 2666 922 in
2699 863 2984 939 moribus,
3020 872 3077 925 et
3111 866 3314 944 jugem
3345 869 3708 931 occultarum
3742 861 3848 934 co-

2201 950 2553 1028 gitationum
2580 952 3019 1013 confessionem
3041 971 3145 1014 cor
3165 973 3378 1034 purum
3399 956 3693 1020 obtinere.
3711 958 3852 1032 Quae

2202 1036 2360 1096 enim
2393 1036 2762 1116 frequenter,
2807 1046 2865 1099 et
2916 1039 3184 1119 quotidie
3241 1042 3310 1102 ﬁt
3365 1062 3398 1104 a
3429 1045 3603 1107 nobis
3635 1046 3845 1108 harum

2199 1125 2482 1197 confessi,
2516 1126 2565 1186 si
2601 1145 2668 1187 ex
2700 1127 2898 1188 animo
2931 1129 3256 1208 paenitente
3286 1132 3586 1215 procedat,
3616 1136 3847 1216 pesipi-

2197 1213 2484 1275 scentiam
2517 1214 2908 1294 doloremque
2943 1217 3001 1276 in
3031 1216 3204 1278 nobis
3260 1213 3580 1297 factorum,
3605 1213 3852 1285 medita-

2199 1308 2465 1392 torumve
2505 1312 2804 1382 Operatur,
2847 1305 2948 1385 qui
2973 1323 3041 1366 ex
3062 1305 3288 1368 intimis
3313 1309 3525 1372 animae
3555 1310 3850 1392 lacrymas

2198 1387 2358 1466 ciet;
2395 1389 2665 1471 lacrymae
2692 1392 2950 1454 animam
2995 1403 3266 1476 purgant,
3321 1404 3377 1458 et
3403 1387 3848 1480 ingentia'pec-

2198 1486 2328 1538 cata
2349 1478 2585 1555 delent;
2640 1480 2854 1560 quibus
2875 1482 3112 1557 deletis,
3133 1485 3321 1546 sancti
3348 1484 3603 1566 Spiritus
3623 1478 3852 1551 solatiis

2199 1567 2620 1657 permulcetur,
2677 1588 2746 1630 ex
2799 1573 3258 1650 compunctione
3312 1575 3532 1637 ﬂuento
3589 1579 3850 1657 quodam

2197 1653 2532 1717 dulcedinis
2570 1657 2869 1736 irrigatur,
2908 1659 3065 1720 unde
3103 1661 3389 1741 quotidie,
3419 1667 3499 1726 ita
3525 1653 3847 1728 utintelli-

476 1743 670 1832 neque
691 1752 803 1812 hoc
826 1751 1041 1818 solum,
1061 1749 1164 1811 sed
1191 1749 1363 1810 etiam
1394 1768 1498 1829 per
1516 1749 1913 1829 paenitentiam
1948 1749 2110 1810 tuni-
2133 1761 2172 1810 B
2193 1743 2390 1835 gentia
2419 1745 2839 1825 percipiainur,
2875 1750 3227 1828 pinguescit,
3262 1760 3320 1812 et
3346 1751 3572 1815 fructus
3601 1754 3848 1835 spiritus

474 1858 604 1902 cam
637 1840 913 1912 lucidam,
949 1838 1046 1918 qui
1108 1847 1196 1898 est
1251 1837 1380 1918 ipse
1437 1837 1692 1918 Spiritus
1726 1845 1987 1913 sanctus,
2021 1856 2114 1898 su-

476 1929 836 2009 perinduere
873 1948 888 2002 ;
934 1927 1086 2008 quod
1122 1927 1237 1987 nisi
1268 1945 1374 2006 per
1401 1934 1769 1988 constantem
1802 1927 2109 1989 mandato-

476 2036 609 2078 rum
641 2015 1139 2090 observationem,
1175 2024 1233 2076 et
1261 2014 1629 2076 tolerantiam
1665 2015 2108 2077 tribulationum

470 2124 590 2168 non
621 2114 711 2168 est
739 2113 802 2166 ut
830 2106 951 2167 ﬁat.
1006 2109 1216 2166 Pressa
1273 2104 1432 2165 enim
1492 2121 1599 2183 per
1627 2105 2005 2180 tentationes,
2036 2105 2109 2166 ad

474 2198 758 2278 lacrymas
789 2204 1193 2258 commovetur
1231 2216 1246 2268 ;
1301 2196 1573 2275 lacrymae
1622 2214 1726 2256 cor
1757 2205 2106 2275 purgantes,

471 2285 783 2366 templum,
810 2293 868 2346 et
888 2283 1276 2346 diversorium
1319 2282 1572 2364 Spiritus
1603 2284 1790 2345 sancti
1821 2285 2106 2346 eﬂiciunt.

469 2375 595 2437 Nec
626 2373 785 2434 enim
821 2373 990 2434 nobis
1019 2373 1090 2434 ad
1123 2373 1398 2453 salutem,
1418 2381 1474 2434 et
1496 2373 1918 2453 perfectionem
1950 2374 2110 2435 solus

473 2461 748 2538 vestitus,
775 2471 832 2522 et
856 2463 1114 2523 exterior
1129 2470 1334 2522 statuae
1355 2475 1598 2523 ornatus
1620 2462 1837 2524 sufﬁcit
1864 2483 1876 2524 :
1912 2462 2016 2523 sed
2048 2471 2113 2524 ut

473 2551 850 2625 exteriorem,
886 2551 964 2610 ita
996 2549 1341 2611 interiorem
1375 2551 1676 2612 hominem
1710 2558 1973 2613 nostrum
2007 2571 2107 2612 or-

469 2657 613 2700 nare
643 2638 860 2698 amictu
910 2636 1183 2718 Spiritus,
1245 2645 1512 2718 totosque
1570 2646 1628 2699 et
1683 2637 1943 2715 integros
1974 2657 2106 2700 cum

469 2726 688 2800 anima,
724 2733 784 2788 et
812 2745 1060 2806 corpore
1090 2725 1213 2787 Deo
1245 2744 1310 2787 se
1338 2726 1555 2788 oﬂerre
1585 2734 1839 2806 oportet.
1874 2728 1953 2788 Et
1983 2746 2112 2788 cor-

471 2815 732 2896 poralem
765 2814 1005 2894 quidem
1067 2814 1550 2876 exercitationem
1607 2822 1850 2895 propter
1875 2817 2112 2878 virtutis

469 2903 704 2966 labores
733 2921 1060 2980 assumere,
1097 2912 1160 2964 ut
1187 2902 1424 2981 egregie
1482 2903 1745 2964 molestis
1779 2903 2109 2966 secundum

467 2993 656 3056 Deum
676 3010 1110 3067 assuescamus,
1133 3001 1187 3054 et
1209 2992 1468 3054 feramus
1485 2991 1741 3070 ingenue
1770 2994 2105 3056 amnritiem

462 3082 704 3162 jejunii,
738 3055 1146 3143 difﬁcultatem
1180 3055 1583 3157 continentiae:
1601 3055 2169 3146 necessitatemvi-C

467 3170 769 3250 giliarum,
806 3169 1143 3231 afﬂictionis
1173 3187 1349 3231 omne
1379 3189 1567 3248 genus
1603 3191 1615 3230 :
1668 3171 1883 3251 pietate
1912 3180 2108 3234 autem

467 3258 715 3338 spiritus
740 3259 980 3320 erudire
1001 3259 1256 3319 animam
1280 3259 1352 3320 ad
1377 3259 1726 3339 sapiendum
1740 3278 1868 3340 qua;
1881 3268 2116 3340 oportet

465 3365 700 3429 sapere,
729 3355 787 3408 et
845 3346 1244 3409 meditandam
1296 3367 1535 3427 semper
1587 3347 1766 3410 vitam
1800 3358 2105 3422 aeternam,

469 3454 602 3498 esse
630 3435 941 3517 humilem,
978 3435 1203 3511 mitem,
1258 3436 1601 3510 contritum,
1658 3445 2102 3517 compunctum,

467 3527 769 3604 lugentem
793 3523 1050 3599 assidue,
1077 3533 1135 3584 et
1156 3525 1347 3586 lucem
1372 3525 1612 3605 spiritus
1664 3544 1769 3605 per
1797 3543 2005 3606 preces
2036 3527 2107 3587 ad

466 3631 532 3675 se
564 3613 922 3686 elicientem,
953 3631 1082 3692 quae
1114 3623 1171 3674 et
1201 3613 1412 3675 adesse
1443 3614 1526 3674 illi
1563 3633 1674 3693 per,
1698 3614 2107 3694 pcenitentiani

466 3701 961 3763 ferventissimam
994 3721 1380 3780 consuevere,
1443 3711 1702 3782 purgata;
1755 3721 1860 3783 per
1889 3704 2108 3766 uberes

469 3790 776 3871 lacrymas,
810 3791 939 3850 sine
971 3790 1187 3870 quibus
1216 3809 1326 3852 nec
1359 3794 1612 3853 tunicam
1645 3793 1776 3870 ejus
1806 3793 2100 3867 mundari,

467 3895 578 3938 nec
607 3877 667 3937 in
699 3875 953 3938 sublime
977 3877 1496 3958 contemplationis
1528 3896 1656 3940 eam
1689 3879 2017 3941 ascendere
2039 3879 2106 3940 li-

466 3975 578 4029 cet.
605 3969 754 4031 Nam
777 3975 840 4028 ut
860 3968 1273 4029 vestimentum
1298 3987 1330 4030 e
1351 3988 1518 4031 coeno
1544 3969 1842 4044 alicunde,
1869 3977 1929 4030 et
1951 3979 2105 4030 ster-

465 4054 712 4136 quilinio
746 4054 993 4116 nimium
1052 4067 1333 4136 quantum
1391 4057 1775 4138 defoedatum,
1814 4057 1924 4117 nisi
1954 4076 2103 4138 aqua

464 4141 669 4223 multa,
693 4151 750 4203 et
770 4143 979 4204 crebro
1019 4144 1272 4225 pedibus
1303 4144 1587 4206 calcatum
1622 4164 1741 4206 non
1767 4154 2048 4225 purgatur
2081 4170 2094 4206 :

465 4229 552 4292 sic
578 4239 639 4292 et
667 4231 881 4291 animae
931 4233 1109 4292 vestis
1139 4251 1207 4294 ex
1241 4233 1385 4300 luto.
1447 4243 1510 4296 et
1566 4233 1936 4313 sterquilinio
1969 4253 2101 4314 pec-

463 4318 746 4400 catricum
779 4319 1156 4380 aﬂ‘ectionum
1218 4330 1471 4402 turpata,
1535 4323 1650 4383 nisi
1710 4341 1816 4402 per
1843 4322 2100 4384 ubertim

2193 1832 2349 1907 alit;
2406 1852 2554 1913 quos
2613 1842 2884 1915 tempore
2939 1839 3288 1914 congruenti
3343 1859 3452 1902 ceu
3483 1832 3845 1905 frumentum

2195 1920 2378 1980 multo
2405 1940 2540 1982 cum
2562 1922 2788 1985 foenore
2817 1925 2889 1986 ad
2918 1942 2983 1986 se
3019 1925 3081 1985 in
3105 1927 3283 1987 vitam
3321 1927 3740 2006 immortalem,
3773 1951 3846 1995 ac

2194 2011 2616 2090 sempiternam
2650 2014 2797 2074 citra
2826 2013 3004 2075 ullam
3064 2015 3540 2096 absumptionem
3570 2021 3848 2084 nutrien-

2193 2097 2328 2158 dam
2359 2101 2552 2162 offert.
2604 2099 2753 2188 Cum
2798 2101 3104 2182 hucusque
3160 2107 3356 2166 studio
3414 2125 3536 2168 sua;
3565 2110 3850 2188 praeclare

2193 2189 2548 2266 pervenerit,
2603 2187 2725 2250 Deo
2774 2189 3102 2267 familiaris,
3137 2187 3590 2267 et_domicilium
3621 2197 3851 2261 habita-

2192 2253 2512 2356 culumque
2546 2292 2942 2340 sacrosanctae
2973 2253 3278 2343 Trinitaiis
3322 2283 3536 2359 evadit,
3569 2304 3716 2365 pure
3749 2291 3843 2350 in-

2193 2369 2365 2424 tuens
2395 2364 2582 2426 Deum
2612 2366 3029 2431 fabricatoretn
3061 2385 3256 2446 suum,
3295 2379 3353 2432 et
3382 2390 3517 2432 cum
3549 2364 3676 2454 ipso
3705 2393 3844 2438 ver-

2192 2470 2328 2514 sans
2360 2456 2647 2534 quotidie,
2685 2476 2717 2518 e
2747 2477 3015 2538 corpore,
3078 2467 3135 2520 et
3193 2461 3437 2533 mundo,
3472 2470 3530 2524 et
3558 2482 3696 2527 aere
3723 2465 3841 2540 isto

2195 2541 2434 2623 excidit,
2471 2551 2532 2605 et
2559 2543 2900 2622 virtutibus,
2930 2554 3107 2627 atque
3161 2547 3272 2609 alis
3322 2551 3622 2614 charitatis
3651 2573 3684 2616 a
3713 2554 3840 2618 Deo

2195 2632 2418 2724 elevata
2445 2633 2504 2693 in
2535 2634 2747 2696 ccelum
2781 2638 3134 2715 ascendens,
3195 2657 3330 2700 cum
3361 2641 3638 2704 omnibus
3661 2645 3841 2724 justis

2192 2737 2227 2779 a
2255 2719 2558 2782 laboribus
2588 2722 2712 2783 suis
2759 2724 3104 2804 requiescit,
3165 2734 3222 2788 et
3277 2735 3366 2790 est
3411 2729 3474 2790 in
3504 2719 3733 2793 inﬁnito
3764 2751 3839 2796 ac

2194 2808 2392 2870 divino
2425 2810 2673 2886 lumine,
2725 2811 2830 2872 ubi
2885 2815 3284 2894 apostolorum
3344 2817 3581 2894 Christi,
3618 2819 3840 2901 marty-

2192 2915 2348 2974 rum,
2397 2907 2736 2962 sanctorum
2758 2908 2815 2962 et
2837 2901 3102 2963 omnium
3133 2921 3521 2983 supernarum
3552 2905 3831 2969 virtutum

2194 2986 2436 3047 ordines
2467 3005 2585 3049 una
2647 2989 2843 3050 choris
2898 2990 3232 3070 indulgent.
3285 2991 3453 3053 Hunc
3479 2993 3677 3074 itaque
3707 3002 3831 3057 sta-

2197 3082 2344 3149 tum,
2372 3077 2586 3138 fratres
2631 3077 2694 3138 in
2751 3077 3013 3155 Ghristo,
3071 3099 3179 3142 nos
3208 3098 3440 3161 quoque
3469 3084 3838 3163 complecta-

2194 3182 2329 3225 mur
2350 3184 2426 3226 ne
2448 3165 2670 3227 sanctis
2691 3167 2967 3229 Patribus
2989 3169 3204 3230 nostris
3247 3169 3566 3232 inferiores
3595 3171 3787 3236 simus
3817 3193 3832 3234 :

2193 3254 2298 3314 sed
2330 3261 2393 3314 ut
2422 3273 2530 3334 per
2557 3256 3040 3319 exercitationem
3085 3275 3286 3320 rerum
3331 3259 3742 3339 honestarum,
3781 3271 3841 3324 et

2193 3360 2304 3422 per
2330 3342 2733 3406 obedientiam
2784 3345 3002 3408 Christi
3058 3349 3495 3424 mandatorum,
3555 3349 3619 3411 in
3647 3351 3836 3412 virum

2193 3430 2516 3520 perfectum
2543 3433 2886 3515 evadamus,
2915 3436 2976 3496 in
2999 3454 3339 3499 mensuram
3363 3439 3548 3500 atatis
3571 3440 3835 3520 plenitu-

2191 3519 2351 3606 dinis
2381 3522 2598 3583 Christi
2625 3523 2679 3582 ὃ.
2710 3522 2869 3584 Nihil
2899 3524 3061 3585 enim
3095 3525 3398 3606 prohibet,
3456 3528 3508 3588 si
3555 3519 3831 3591 velimus.

2193 3605 2292 3668 Sic
2309 3618 2365 3670 et
2385 3609 2569 3671 Deum
2611 3611 2783 3672 nobis
2815 3612 2961 3692 ipsis
3001 3605 3485 3692 gloriﬁcabimus,
3520 3625 3578 3677 et
3605 3616 3762 3677 Deus
3793 3635 3828 3678 a

2190 3696 2364 3758 nobis
2414 3697 2614 3760 laetitia
2634 3699 2952 3781 afﬁcietur,
2982 3710 3038 3762 et
3060 3719 3129 3762 ex
3151 3702 3267 3764 hac
3287 3703 3401 3763 vita
3431 3703 3830 3782 demigrantes

2189 3803 2325 3846 eum
2346 3787 2742 3864 inveniemus,
2765 3793 2865 3870 qui
2888 3807 2996 3850 nos
3015 3798 3080 3851 ut
3101 3809 3346 3870 magnus
3385 3791 3635 3853 Abrahae
3662 3791 3831 3854 sinus

2191 3873 2249 3936 in
2304 3894 2486 3954 regno
2519 3877 2806 3938 ccelorum
2855 3878 3134 3960 excipiat,
3194 3888 3252 3940 et
3285 3879 3501 3944 foveat.
3533 3881 3609 3942 Et
3640 3881 3741 3960 qui
3770 3881 3834 3942 in

2189 3964 2388 4048 medio
2422 3965 2700 4040 tumultu,
2727 3974 2784 4027 et
2805 3967 3080 4048 strepitu,
3118 3974 3178 4029 et
3206 3971 3304 4048 qui
3341 3968 3405 4028 in
3434 3968 3746 4045 coenobiis,
3779 3977 3840 4030 et

2189 4051 2289 4132 qui
2318 4044 2381 4112 in
2414 4052 2738 4130 montibus,
2771 4073 2840 4115 ac
2898 4044 3200 4135 speluncis
3222 4044 3389 4137 sunt,
3428 4044 3836 4139 mandatisque

2185 4141 2402 4202 Christi
2433 4141 2855 4206 convenienter
2881 4143 3105 4220 vivunt,
3159 4145 3485 4226 salvantur,
3517 4154 3577 4207 et
3604 4147 3834 4226 magnis

2181 4227 2349 4290 aDeo
2371 4229 2544 4290 donis
2565 4229 2900 4310 dignantur:
2923 4231 3300 4295 Voluntatem
3311 4235 3472 4296 enim
3485 4236 3832 4297 timentium

2183 4334 2247 4378 se
2269 4317 2476 4399 faciet,
2511 4326 2569 4380 et
2628 4321 3112 4400 deprecationem
3165 4339 3376 4384 eorum
3433 4323 3737 4404 exaudiet,
3772 4332 3831 4386 et

460 4407 713 4467 ﬂuentes
743 4406 1058 4486 lacrymas,
1092 4411 1624 4492 tentationumque,
1685 4422 1742 4474 et
1776 4406 2440 4473 tribulatio-Dsalvabit
2466 4408 2625 4470 e034.
2657 4407 2772 4470 Ubi
2794 4411 2990 4483 timor,
3010 4409 3091 4470 ait
3113 4409 3347 4471 divinus
3368 4410 3710 4493 Gregorius,
3745 4411 3829 4474 ibi

464 4512 608 4555 num
636 4494 1006 4557 tolerantiam
1058 4516 1092 4558 a
1140 4499 1415 4560 sordibus
1459 4518 1577 4560 non
1636 4500 1918 4563 abluitur.
1950 4501 2098 4563 Nam

464 4600 599 4643 cum
630 4602 663 4642 a
695 4584 962 4663 corporis
992 4585 1178 4646 nostri
1224 4587 1552 4648 substantia
1598 4589 1942 4650 naturaliter
1970 4593 2101 4650 duae

460 4671 750 4733 ﬂuxiones
786 4672 1087 4753 exsistant,
1118 4693 1235 4736 una
1265 4677 1536 4756 superior
1565 4677 1972 4757 lacrymarum,
2007 4677 2096 4739 al-

460 4767 588 4822 tera
615 4759 885 4842 inferior,
919 4779 954 4820 a
996 4761 1267 4824 facultate
1295 4763 1533 4843 genitali
1568 4786 1581 4824 :
1618 4774 1674 4826 et
1701 4767 1826 4827 haec
1857 4766 2097 4846 quidem

457 4849 507 4910 si
539 4856 744 4912 contra
773 4868 949 4930 quam
981 4859 1216 4933 natura,
1251 4861 1309 4916 et
1364 4853 1594 4932 legibus
1623 4853 1953 4917 institutum
1987 4865 2096 4930 est,

457 4937 579 5014 ﬁat,
609 4937 867 4999 animam
901 4939 1264 5003 contaminet
1295 4959 1316 5018 ;
1373 4941 1474 5003 illa
1525 4942 1574 5002 si
1631 4961 1701 5004 ex
1733 4944 2099 5023 paenitudine

456 5026 760 5106 procedat,
794 5027 1065 5090 eamdem
1103 5038 1333 5110 purget,
1368 5049 1469 5091 eos
1515 5032 1616 5111 qui
1651 5031 2007 5114 turbulenta,
2041 5042 2102 5095 et

452 5130 586 5175 cum
619 5122 862 5195 peccato
895 5117 1213 5197 conjuncta
1245 5118 1443 5180 cordis
1473 5121 1761 5197 motione,
1796 5121 2093 5202 cupidita-

456 5207 582 5262 tum
599 5221 630 5262 a
656 5202 885 5265 ratione
903 5206 1230 5268 alienarum
1246 5207 1470 5268 formas
1491 5208 1605 5268 sibi
1630 5210 2091 5290 insculpserunt,

455 5296 513 5350 et
569 5290 651 5378 ita
706 5292 962 5354 animam
1022 5294 1430 5374 inquinarunt,
1486 5297 1758 5376 plurimis
1813 5299 2097 5378 lacrymis

453 5377 754 5454 mundari,
772 5380 1148 5463 tunicamque
1162 5385 1380 5445 animae
1397 5385 1773 5465 purissimam
1787 5377 2096 5466 acquirere

453 5473 706 5545 Oportet.
746 5468 981 5550 Alioqui
997 5471 1208 5534 videre
1232 5473 1444 5545 Deum,
1469 5472 1664 5553 ipsum
1690 5474 1911 5553 lumen,
1938 5477 2095 5556 quod

2182 4493 2597 4555 mandatorum
2615 4495 2914 4574 custodia;
2943 4497 3047 4558 ubi
3068 4499 3508 4574 mandatorum,
3533 4500 3824 4578 custodia,

2181 4579 2261 4642 ibi
2287 4583 2448 4644 canis
2467 4583 2762 4663 purgatio;
2787 4604 3000 4666 nempe
3018 4585 3194 4648 nubis
3223 4586 3671 4650 obtenebrantis
3692 4590 3825 4652 ani-

2182 4688 2368 4746 mam,
2400 4689 2512 4733 nec
2540 4671 2788 4733 sinentis
2819 4673 3084 4736 divinum
3115 4675 3346 4738 radium
3377 4677 3540 4738 clare
3571 4678 3826 4742 intueri.

2182 4760 2295 4822 Ubi
2328 4760 2623 4840 purgatio,
2657 4760 2740 4822 ibi
2800 4762 3177 4827 illuminatio.
3238 4765 3598 4828 llluminatio
3627 4775 3828 4831 autem

2183 4847 2469 4911 desiderii
2490 4850 2755 4930 impletio
2782 4851 2897 4933 his,
2919 4854 3020 4933 qui
3049 4856 3321 4930 maxima,
3354 4863 3454 4916 aut
3474 4856 3825 4934 maximum,

2182 4945 2280 4998 aut
2313 4938 2624 5018 plusquam
2655 4957 2936 5019 magnum
2966 4952 3270 5023 appetunt.
3301 4945 3506 5024 Itaque
3534 4965 3668 5006 cum
3702 4947 3828 5008 haec

2182 5026 2350 5102 dixit,
2379 5027 2558 5088 ﬁnem
2583 5047 2700 5088 non
2720 5029 2896 5092 ﬁnem
2941 5053 3075 5095 esse
3109 5032 3305 5094 omnis
3343 5033 3557 5095 animae
3594 5033 3826 5113 illumi-

2182 5115 2482 5177 nationem
2501 5118 2756 5197 Spiritus
2778 5120 3151 5199 signiﬁcavit,
3177 5141 3354 5203 quam
3378 5121 3631 5204 adeptus
3663 5126 3824 5205 quis,

2179 5206 2359 5266 ﬁnem
2391 5205 2654 5285 quidem,
2691 5216 2750 5269 et
2779 5219 3106 5273 extremum
3149 5211 3524 5273 sensibilium
3555 5215 3826 5277 omnium

2179 5295 2653 5385 comprehendit,
2689 5298 3045 5380 principium
3078 5309 3274 5363 autem
3307 5300 3667 5380 cognitionis
3695 5305 3827 5385 spi-

2177 5383 2477 5444 ritualium
2500 5383 2743 5448 invenit.
2765 5387 3165 5459 Quamobrem
3187 5389 3272 5451 uti
3309 5408 3550 5452 cursum
3581 5383 3831 5456 manda-

2179 5482 2372 5536 torum
2403 5472 2622 5536 Christi
2647 5477 2944 5556 patienter
2973 5479 3302 5544 laborando
3327 5479 3578 5543 curratis
3607 5499 3736 5559 oro,
3774 5492 3835 5546 et

534 5639 555 5682 ί
587 5638 721 5701 Act.
753 5655 814 5718 ν,
847 5641 876 5702 1
909 5659 1076 5724 seqq.
1161 5643 1189 5687 9
1214 5645 1419 5712 Matth.
1453 5664 1513 5727 v,
1546 5648 1604 5712 8.
1687 5648 1720 5698 5
1747 5644 1969 5729 Ephes.
1999 5667 2079 5732 tv,
2110 5649 2213 5714 l3.
2297 5649 2329 5700 4
2355 5647 2509 5712 Psal.
2543 5666 2733 5732 cxuv,
2767 5653 2864 5717 l9.
