4112 6106
231 346 341 410 461
1628 349 1912 414 ORATIO
1955 347 2236 417 XXVIII.
3497 368 3613 437 462

230 478 416 577 facies
444 488 660 577 vestra;
689 499 806 543 non
855 481 1335 577 confundentur:
1385 483 1492 577 sed
1532 484 1686 546 sicut
1715 482 2319 577 ouili-fainvocabant
2377 501 2470 577 me
2508 503 2793 577 semper.
2885 489 3079 569 Mane,
3160 493 3351 574 inquit
3404 497 3608 577 David,

230 569 674 651 betpatienter,
701 578 1161 650 constanterque
1207 573 1464 653 pulsanti
1491 583 1691 653 portas
1721 576 1893 650 regni
1977 573 2234 636 Exaudi
2263 591 2355 634 me
2384 574 2458 634 10.
2493 575 2676 638 Mane
2705 579 2909 638 astabo
2963 580 3074 641 tibi
3115 589 3169 644 et
3197 569 3406 649 videbo
3436 590 3510 648 Η.
3546 569 3616 652 Et

231 658 322 750 sui
355 659 568 750 aperit,
597 667 656 721 et
677 659 777 721 dat
801 660 1024 750 petenti
1053 661 1337 742 Spiritum
1371 670 1623 736 rectum,
1662 669 1718 722 et
1747 679 1888 724 san-
1973 663 2150 724 alius.
2175 663 3214 743 T-uncerumpetquasimonelumen
3235 681 3615 750 luum,etsa-

230 747 585 816 ctissimum,
618 767 728 810 nec
751 749 878 810 ﬁeri
903 758 1113 829 potest,
1160 759 1223 811 ut
1250 759 1369 813 tota
1393 752 1590 813 anima
1619 769 1889 831 qumrens
1965 755 2133 835 nitas
2162 761 2264 814 tua
2297 754 2477 835 citius
2508 755 2831 829 orietur”,
2893 757 3127 835 quando
3161 770 3217 822 et
3251 770 3307 822 tu
3339 747 3612 831 videlicet

242 855 363 897 non
391 836 672 917 inveniat,
709 846 767 899 et
824 838 1074 899 ditescat
1129 838 1348 899 divitiis
1379 841 1671 901 donorum
1706 841 1833 919 ejus
1869 861 1882 901 :
1963 833 2245 902 tmandata
2279 859 2408 902 mea
2439 831 2850 905 custodit-eris.
2885 831 2953 904 Et
2982 847 3123 925 quid
3173 851 3380 915 attinet
3411 858 3608 920 omnia

227 925 319 986 sic
341 936 400 986 et
424 925 607 985 nosin
638 925 811 986 bonis
839 926 966 1004 ejus
999 925 1421 999 ineﬁ‘abilibus,
1457 945 1613 987 nunc
1645 926 1885 1006 quidem
1969 947 2346 1008 percensere,
2383 950 2510 1010 qua:
2565 930 2719 992 Deus
2777 933 2978 994 salutis
3037 945 3248 999 nostrae
3300 944 3506 1007 sitiens
3535 949 3610 1009 ad

230 1022 504 1110 exparte,
533 1013 1155 1110 cuminintelligentia,
1175 1015 1883 1110 etcognitioneprzestan—
1969 1019 2369 1110 nosloquitur
2395 1018 2570 1110 ?_nisi
2600 1020 2866 1110 omnino,
2903 1031 2964 1082 ut
3007 1043 3110 1102 per
3151 1029 3351 1091 omnia
3382 1051 3606 1110 cogno-

231 1100 451 1162 tiorum
483 1120 498 1176 ;
531 1101 592 1162 in
624 1103 821 1164 futuro
851 1110 1052 1201 autem
1109 1104 1334 1201 saeculo
1366 1104 1628 1201 perfecte
1659 1113 1716 1164 et
1745 1123 1880 1164 con-
1965 1107 2142 1168 scatis
2192 1115 2250 1168 et
2306 1107 2587 1183 credatis,
2649 1109 2924 1170 sedentes
2977 1100 3034 1172 in
3101 1115 3360 1178 tenebris
3413 1100 3606 1201 nivagni

227 1199 522 1290 summate
553 1210 689 1290 cum
745 1191 983 1290 sanctis
1026 1192 1307 1290 omnibus
1363 1192 1612 1290 delicias
1650 1203 1880 1290 nostras
1963 1196 2201 1290 luminis
2220 1197 2542 1290 _fulgnrem
2597 1197 2805 1290 videre
2845 1209 3140 1278 oportere,
3204 1205 3253 1264 si
3285 1191 3603 1290 quidquam

226 1279 580 1379 habeamus.
614 1280 854 1379 [Literna
885 1280 1106 1360 quippe
1137 1280 1290 1379 bona
1323 1300 1354 1342 a
1403 1281 1527 1379 Deo
1561 1282 1788 1379 electis,
1824 1289 1882 1379 et
1964 1285 2184 1379 vident.
2219 1285 2290 1379 lit
2322 1305 2393 1379 ne
2425 1285 2524 1379 qui
2560 1286 2634 1379 de
2674 1286 2841 1347 vobis
2893 1290 3172 1366 cogitent,
3203 1279 3606 1379 fulsisse-qui-

225 1367 532 1464 salvandis
563 1367 772 1464 partim
797 1368 919 1447 jam
955 1387 1112 1428 nunc
1170 1368 1416 1464 pignora
1464 1369 1699 1464 dantur,
1732 1368 1876 1464 ipsis
1959 1372 2116 1448 dem,
2140 1372 2238 1434 sed
2264 1372 2362 1453 qui
2386 1373 2653 1464 adhucﬂi‘n
2672 1392 2922 1464 corpore
2941 1384 3078 1436 sunt
3102 1367 3602 1464 liomittes,ipsum

225 1456 549 1536 proposita,
583 1456 871 1536 revelata,
933 1457 1305 1555 apparentia,
1370 1465 1428 1518 et
1464 1457 1626 1557 _visa,
1664 1456 1871 1537 partim
1958 1461 2158 1522 videre
2190 1481 2305 1521 non
2339 1481 2530 1541 posse.
2567 1460 2629 1523 Si
2662 1463 2820 1522 enim
2874 1464 2986 1524 hoc
3038 1467 3167 1526 fieri
3202 1489 3317 1530 non
3351 1456 3600 1558 poterat,

226 1553 360 1624 post
391 1552 664 1618 mortem,
701 1553 757 1605 et
788 1545 1290 1606 resurrectionem
1321 1546 1694 1623 contingunt.

1958 1549 2095 1628 quid
2129 1550 2302 1622 luxit,
2337 1559 2391 1611 et
2425 1550 2583 1612 lucid
2633 1551 2848 1627 adhuc,
2904 1572 3034 1613 cum
3099 1555 3170 1616 ab
3205 1559 3291 1619 eis
3325 1549 3442 1623 non
3469 1549 3603 1627 cer;

305 1631 529 1734 Discite
559 1632 754 1712 igitur,
790 1633 991 1695 dilecti
1041 1634 1292 1734 fratres,
1333 1635 1673 1697 thesaurum
1703 1635 1872 1696 inex-
1955 1647 2129 1700 natur
2159 1640 2188 1698 ‘2
2242 1639 2365 1700 Imo
2423 1658 2562 1700 vero
2597 1640 2796 1701 lumen
2827 1659 3066 1722 semper
3095 1655 3242 1721 erat,
3278 1657 3335 1709 et
3364 1670 3603 1734 semper

225 1720 588 1802 plicabilem,
622 1740 801 1803 super
831 1741 1068 1811 omnem
1101 1723 1496 1803 principatum
1531 1731 1590 1785 et
1621 1732 1869 1804 potesta-
1949 1730 2121 1802 luxit,
2159 1735 2216 1788 et
2251 1726 2403 1788 lucet
2438 1728 2499 1787 in
2551 1728 2642 1789 his
2693 1730 2791 1808 qui
2851 1720 3076 1808 purgati
3136 1720 3292 1811 sunt,
3329 1749 3385 1800 et
3417 1720 3602 1806 inte-

230 1819 376 1904 tem,
410 1811 582 1889 cujus
639 1810 1042 1904 hzereditatem
1096 1811 1256 1904 justi
1298 1811 1515 1904 adituri
1560 1821 1719 1904 sunt,
1750 1832 1868 1904 non
1902 1850 1940 1899 Β
1964 1815 2167 1904 nebris
2189 1814 2526 1894 apparebat,
2556 1822 2613 1876 et
2635 1816 2970 1877 tenebraaid
3007 1810 3606 1904 noncomprehende-

230 1903 292 1960 in
324 1899 523 1960 futuro
555 1899 770 1961 szeculo
821 1899 1122 1973 duntaxat,
1157 1899 1260 1960 sed
1287 1900 1409 1978 jam
1443 1901 1877 1980 quodammodo

226 1997 368 2049 ante
397 1989 627 2063 oculos,
683 1999 740 2050 et
771 2007 1001 2060 manus,
1041 1996 1098 2049 et
1129 1989 1312 2068 pedes
1343 1998 1572 2050 nostros
1605 1991 1877 2070 proposi-

226 2086 350 2138 tum
375 2095 544 2152 esse;
576 2095 751 2158 quem
777 2096 884 2138 nos
906 2078 1120 2138 animae
1142 2077 1350 2138 oculos
1375 2097 1494 2158 prae
1525 2080 1876 2156 ignorantia,

227 2165 602 2241 inﬁdelitate,
638 2184 817 2227 sensu
848 2166 1387 2246 perturbationum,
1425 2168 1594 2246 quasi
1624 2169 1879 2248 quadam

225 2259 482 2338 caligine
512 2259 714 2331 offusi,
748 2267 806 2319 et
841 2257 1066 2331 caecati,
1102 2277 1218 2319 non
1270 2258 1542 2321 videmus
1577 2279 1590 2322 :
1645 2261 1880 2338 Venite,

224 2347 455 2409 credite
512 2347 858 2408 thesaurum
916 2347 1120 2426 istum,
1178 2366 1352 2427 quem
1403 2349 1570 2410 vobis
1601 2351 1882 2430 praedico,

222 2438 431 2496 lumen
463 2435 670 2496 mundi
693 2454 825 2497 esse
854 2435 1024 2515 :Ego
1053 2452 1187 2496 sum
1221 2440 1581 2500 resurrectio
1604 2445 1662 2501 et
1687 2441 1879 2501 υἱίαδ.

223 2526 346 2606 Ego
381 2545 510 2589 sum
535 2545 801 2608 granum
827 2530 1058 2607 sinapis
1078 2526 1131 2600 6,
1165 2526 1318 2608 quod
1357 2530 1413 2588 in
1446 2537 1600 2590 terra
1630 2529 1874 2592 abscon-

225 2617 412 2678 ditur.
441 2616 561 2694 Ego
583 2635 712 2677 sum
743 2618 1088 2694 margarita
1112 2617 1163 2695 7,
1199 2635 1330 2695 qum
1360 2635 1390 2677 a
1422 2618 1699 2680 ﬁdelibus
1730 2621 1878 2682 emi-

1965 1903 2104 1964 bant
2131 1905 2208 1966 45.
2241 1908 2313 1967 Et
2344 1925 2501 1966 nunc
2553 1905 2727 1976 lucet,
2785 1916 2842 1966 et
2903 1909 3163 1971 tenebrae
3195 1912 3251 1972 id
3278 1903 3402 1978 non
3434 1939 3601 1983 com-

1966 1993 2367 2087 prehendunt,
2401 1994 2523 2054 sive
2554 2013 2672 2087 non
2707 2002 2967 2087 tangunt.
3008 1995 3171 2068 Quod
3206 2012 3401 2066 autem
3434 2008 3599 2087 dixit,

1966 2080 2103 2176 quia
2125 2089 2314 2176 ortum
2341 2088 2428 2176 est
2446 2081 2660 2176 popqu
2684 2082 2922 2176 sedenti
2940 2093 2997 2143 tn
3030 2087 3292 2176 tenebris
3313 2092 3391 2167 14,
3412 2096 3468 2156 id
3491 2080 3598 2176 est,

1967 2170 2139 2230 modo
2174 2168 2466 2249 placuisse
2498 2170 2747 2231 revelari
2777 2170 2850 2230 iis
2908 2171 2965 2231 in
3018 2173 3230 2253 quibus
3261 2189 3317 2239 et
3344 2168 3601 2248 manile;

1969 2265 2206 2320 stratur.
2231 2259 2346 2318 Alii
2371 2259 2529 2319 enim
2553 2259 2614 2318 in
2656 2259 2916 2320 tenebris
2948 2272 3268 2340 versantes,
3305 2268 3450 2331 illud
3485 2293 3603 2336 non

1969 2347 2503 2438 comprehendunt.
2566 2346 2842 2438 Invisibis
2899 2349 3080 2424 enim,
3165 2360 3304 2416 tunc
3363 2360 3603 2438 quidem

1970 2452 2075 2514 per
2104 2454 2314 2514 corpus
2337 2436 2493 2498 visus
2516 2444 2605 2497 est
2626 2435 2924 2511 omnibus,
2950 2440 3050 2518 qui
3081 2435 3435 2520 aspexerant
3467 2469 3601 2513 eum

1961 2523 2340 2586 credentibus
2376 2533 2430 2586 et
2458 2544 2573 2586 non
2605 2525 3006 2590 credentibus.
3041 2528 3227 2590 Etiam
3283 2533 3604 2602 divinitatis

1960 2612 2086 2690 ejus
2119 2613 2317 2674 lumen
2349 2617 2653 2692 cognitum
2714 2625 2770 2674 et
2826 2618 3144 2678 revelatum
3199 2630 3286 2681 est
3315 2625 3458 2686 solis
3488 2628 3605 2690 illis

225 2713 347 2766 tur.
381 2704 502 2783 Ego
531 2723 661 2766 sum
692 2721 952 2783 regnum
982 2704 1265 2767 εωιονῃτη
1283 2706 1335 2777 8,
1399 2707 1556 2786 quod
1594 2707 1749 2769 intra
1777 2727 1877 2771 vos
1963 2719 2067 2793 per
2096 2720 2276 2793 opera
2306 2702 2598 2793 ﬁdelibus,
2632 2703 2732 2783 (μή
2765 2711 2821 2763 οἱ
2850 2705 3126 2768 dicebant
3158 2711 3212 2770 CI
3239 2734 3252 2770 ε
3285 2714 3438 2777 Ecce
3467 2736 3596 2793 1103,

223 2793 386 2857 latet.
421 2793 494 2856 Et
543 2793 1044 2874 quemadmodum
1102 2811 1318 2855 cernor
1370 2794 1443 2856 ab
1499 2795 1592 2856 his
1649 2798 1750 2876 qui
1780 2816 1877 2862 me
1957 2787 2236 2876 Domine,
2274 2791 2631 2871 reliquimus
2667 2797 3177 2868 0mni(t,t"lse(,'ttti
3203 2818 3408 2864 sumus
3439 2814 3491 2867 te
3520 2787 3596 2868 45.

222 2903 384 2945 nunc
439 2883 820 2965 quaesierunt,
881 2889 943 2944 et
997 2882 1382 2944 invenirunt'.
1465 2883 1550 2944 sic
1604 2874 1864 2967 fulgebo,
1955 2874 2120 2973 090d
2153 2878 2512 2956 ait,omnia.
2551 2898 2620 2942 ea
2652 2900 2794 2942 νοοθ
2827 2885 3130 2961 Pecunias»
3169 2895 3598 2973 Ροεδθδείοηθε,

222 2973 365 3050 illis,
421 2981 480 3036 et
527 2991 708 3054 super
765 2989 975 3033 omnes
1031 2972 1212 3034 εωιοε
1266 2971 1559 3036 residens,
1593 2973 1712 3052 Ego
1767 2977 1865 3056 qui
1950 2967 2298 3050 voluntates,
2333 2976 2733 3048 contemptum
2794 2970 2966 3049 hujus
2997 2975 3125 3052 vjtze
3180 2987 3235 3038 et
3287 2967 3598 3047 abomina;

223 3063 403 3125 etiam
439 3062 538 3124 hic
568 3074 782 3124 natura
828 3081 862 3123 a
917 3061 1082 3122 vobis
1140 3081 1257 3122 non
1317 3061 1540 3143 capior,
1576 3071 1632 3126 et
1662 3064 1933 3134 invisi-c
1963 3057 2181 3116 tionem
2215 3057 2370 3136 ejus,
2394 3065 2636 3138 propter
2665 3068 2898 3137 gustum
2932 3062 3316 3127 Subsistensis
3345 3070 3403 3130 in
3429 3073 3600 3136 nobis

218 3151 361 3213 bilis
409 3151 635 3227 videor,
697 3169 820 3212 non
867 3158 1124 3232 quantus
1183 3152 1311 3212 sum
1373 3169 1468 3210 me
1526 3154 1874 3234 ostendens,

219 3258 558 3322 quanquam
585 3247 739 3301 totus
765 3258 973 3300 maneo
1003 3238 1102 3319 qui
1135 3258 1290 3314 sum,
1319 3240 1457 3302 dum
1496 3241 1734 3319 videor;
1771 3248 1872 3308 sed

218 3337 511 3410 quantum
543 3327 639 3390 me
690 3327 1016 3390 videntium
1069 3336 1300 3408 natura,
1369 3337 1425 3389 et
1476 3329 1661 3392 virtus
1693 3335 1868 3414 capit.

218 3421 345 3498 Ego
407 3436 538 3478 sum
591 3419 952 3495 fermentum
1002 3415 1058 3492 9,
1119 3415 1276 3496 quod
1335 3426 1643 3497 acceptum
1677 3423 1874 3484 anima

221 3507 384 3568 misit
415 3506 476 3567 in
537 3513 657 3568 tres
715 3513 912 3586 partes
970 3523 1134 3579 suos,
1192 3511 1249 3564 et
1300 3504 1692 3568 fermentatur
1719 3509 1868 3590 ipsa,

219 3605 278 3660 et
311 3603 431 3657 tota
462 3594 610 3655 mihi
639 3594 850 3655 similis
884 3594 1162 3655 efﬁcitur.
1196 3593 1384 3664 Quale
1418 3594 1575 3654 enim
1613 3597 1874 3661 fermen-

220 3693 365 3760 tum,
403 3683 544 3744 talis
573 3683 637 3743 ﬁt
667 3683 840 3744 etiam
905 3682 1117 3754 farina,
1176 3699 1305 3761 quae
1362 3681 1501 3744 huic
1530 3701 1665 3744 cum
1697 3705 1868 3767 aqua,

219 3782 278 3835 et
305 3773 430 3835 sale
462 3771 766 3833 miscetur.
831 3771 942 3844 Qui
993 3769 1179 3842 enim,
1240 3770 1454 3849 inquit,
1489 3790 1724 3833 mecum
1760 3785 1868 3852 est,

227 3860 632 3923 connaturalis
663 3858 836 3921 Pater
865 3877 1055 3934 meus,
1091 3867 1146 3918 ot
1196 3858 1327 3936 ejus
1363 3856 1641 3938 Spiritus,
1670 3861 1873 3925 idonei

221 3957 433 4012 natura
490 3956 650 4023 sunt,
713 3957 779 4009 ut
834 3967 941 4029 pro
1016 3965 1188 4028 aqua,
1257 3953 1316 4006 et
1370 3947 1492 4008 sale
1552 3949 1694 4013 sint.
1749 3946 1871 4030 Ego

219 4057 327 4120 pro
359 4037 629 4100 sensibili
687 4036 1083 4117 intelligibilis
1141 4035 1450 4117 paradisus
1508 4037 1693 4099 servis
1722 4041 1871 4102 meis

213 4127 406 4190 factus
436 4146 592 4202 sum,
643 4126 703 4187 in
764 4146 879 4208 quo
942 4125 1165 4187 colloco
1223 4143 1430 4187 omnes
1459 4126 1774 4191 credentes
1803 4129 1864 4190 in

217 4234 344 4298 me,
375 4223 434 4278 et
463 4224 846 4294 regeneratos
872 4233 982 4296 per
1003 4212 1326 4295 Spiritum:
1356 4213 1456 4294 qui
1481 4233 1729 4294 peccare
1748 4235 1872 4280 am-

217 4302 376 4383 plius
406 4321 527 4363 non
575 4311 870 4384 possunt;
926 4321 1038 4364 nec
1095 4301 1374 4383 princeps
1424 4302 1602 4382 hujus
1661 4304 1864 4366 mundi

217 4391 542 4472 quidquam
572 4391 884 4453 adversum
938 4390 1074 4453 illos
1121 4391 1294 4452 valet.
1356 4392 1489 4470 Ego
1545 4392 1704 4452 enim
1734 4411 1863 4454 sum

215 4478 278 4540 in
309 4479 451 4556 illis,
487 4487 545 4542 et
575 4479 693 4559 ipsi
722 4482 782 4540 in
816 4498 934 4554 me,
999 4488 1056 4541 et
1109 4479 1351 4540 vincunt
1379 4479 1696 4554 mundum,
1731 4482 1868 4560 quia

218 4575 382 4629 extra
411 4566 697 4628 mundum
725 4576 884 4645 sunt,
931 4586 1146 4648 meque
1169 4567 1560 4629 fortissimum
1593 4569 1861 4630 omnium

217 4674 422 4718 secum
453 4657 698 4719 habent.
747 4656 872 4735 Ego
901 4675 1032 4719 sum
1066 4657 1194 4718 fons
1227 4656 1462 4718 lucidus
1504 4656 1864 4720 immortalis

216 4745 424 4808 fluenti
455 4764 522 4806 ac
551 4746 736 4821 ﬂuvii,
791 4746 852 4807 in
903 4765 1020 4827 quo
1081 4765 1198 4806 non
1256 4753 1384 4827 post
1444 4752 1717 4816 mortem,
1757 4747 1864 4808 sed

210 4833 276 4895 in
307 4835 506 4914 horas,
545 4835 646 4914 qui
681 4853 778 4896 me
835 4842 957 4897 toto
1008 4841 1251 4915 pectore
1310 4834 1588 4912 diligunt,
1617 4853 1764 4914 aqua
1795 4853 1864 4897 ex

214 4941 313 4983 me
338 4922 639 4984 defluente
669 4924 958 5001 lavantur,
1023 4942 1358 5004 corpusque
1404 4931 1462 4982 et
1504 4923 1759 4983 animam
1791 4923 1864 4984 ab

213 5029 285 5073 ea
315 5010 448 5073 labe
505 5023 778 5093 purgant,
838 5022 896 5075 et
955 5013 1060 5074 toti
1119 5014 1306 5073 instar
1367 5011 1678 5091 lampadis,
1715 5012 1864 5074 etin

214 5098 476 5180 speciem
496 5101 685 5164 radiis
710 5101 853 5163 solis
875 5101 1117 5164 micant.
1144 5100 1268 5178 Ego
1294 5118 1421 5160 sum
1444 5098 1544 5179 qui
1567 5098 1626 5160 in
1659 5101 1859 5177 horas,

213 5196 280 5251 ut
310 5207 511 5267 mane,
543 5190 605 5252 in
636 5191 729 5252 his
759 5191 1016 5268 exorior,
1080 5197 1140 5252 et
1192 5189 1398 5250 videor
1427 5188 1514 5248 sol
1547 5207 1653 5268 per
1682 5189 1862 5251 intel-

1963 3153 2020 3206 et
2046 3153 2285 3208 aeternae
2341 3148 2499 3208 illius
2551 3148 2679 3207 vitae
2736 3153 3076 3228 complexus
3135 3163 3244 3215 est.
3279 3159 3404 3220 Hoc
3436 3165 3593 3224 enim

1960 3234 2131 3330 plane
2151 3234 2379 3330 dulcius
2401 3243 2508 3330 est,
2535 3243 2591 3295 (ιι
2612 3241 3093 3315 anteponendum
3116 3244 3414 3322 omnibus,
3441 3253 3596 3330 quod

1959 3334 2043 3383 est
2077 3325 2204 3403 ipse
2233 3324 2387 3386 Deus
2443 3323 2601 3400 Ηωο,
2664 3327 2874 3386 fratres
2925 3329 3064 3404 mei,
3096 3341 3234 3394 sunt
3265 3336 3372 3397 Dei
3400 3323 3594 3402 admi-

1957 3412 2187 3507 rabilia.
2221 3413 2611 3507 Miseream-ur
2640 3414 2834 3507 itaque
2865 3418 3050 3507 nostri
3083 3420 3346 3501 ipsorum
3373 3446 3594 3507 quaeso,

1958 3510 2013 3595 et
2037 3501 2219 3595 hujus
2240 3503 2370 3595 vitae
2393 3503 2710 3595 participes
2751 3505 2877 3564 ﬁeri
2919 3507 3313 3593 elaboremus,
3344 3501 3474 3595 quae
3506 3501 3596 3581 est

1956 3589 2314 3686 lumen‘Dei,
2349 3591 2503 3686 ipse_
2531 3592 2786 3672 Spiritus
2820 3604 3100 3686 sanctus,
3153 3601 3241 3660 sui
3275 3589 3595 3686 participes

1955 3680 2348 3747 sanctificans,
2387 3690 2442 3742 et
2471 3681 2618 3742 deos
2641 3701 2744 3760 per
2766 3684 3142 3762 adoptionem
3167 3680 3412 3754 faciens.
3450 3680 3592 3758 Cre-

1955 3767 2162 3829 damus
2195 3778 2312 3831 toto
2370 3770 2568 3831 animo
2628 3771 2686 3830 in
2741 3770 2951 3853 Deum,
3016 3782 3252 3853 terram,
3307 3788 3363 3840 et
3395 3784 3593 3845 omnia

1956 3857 2372 3946 pratereuntia
2403 3857 2830 3946 relinquamus,
2859 3860 2931 3919 ad
2953 3860 3118 3923 illum
3141 3867 3512 3946 accedamus,
3537 3871 3593 3932 ei

1953 3943 2384 4019 adhaereamus,
2404 3945 2678 4024 quoniam
2707 3946 2899 4007 adhuc
2921 3949 3243 4027 modicum,
3281 3963 3338 4016 et
3368 3943 3586 4019 coelum

1953 4050 2021 4092 ac
2053 4040 2211 4093 terra
2244 4033 2598 4114 transibunt,
2635 4041 2692 4092 et
2724 4042 2887 4094 extra
2912 4037 3077 4096 illum
3114 4058 3231 4100 non
3264 4052 3353 4103 est
3376 4053 3585 4122 status,

1954 4141 2064 4184 nec
2095 4124 2407 4216 terminus,
2442 4125 3012 4216 nec_comprehcndi
3036 4135 3259 4216 potest,
3297 4151 3412 4212 quo
3445 4155 3586 4216 pec-

1950 4221 2179 4274 catores
2209 4213 2508 4275 decidant.
2542 4212 2698 4274 Deus
2729 4212 2886 4273 enim
2919 4215 3044 4294 capi
3078 4236 3192 4278 non
3227 4212 3585 4300 potest,’nec

1948 4301 2246 4363 intellectu
2279 4300 2699 4381 comprehendi
2759 4301 2900 4373 Quis
2946 4303 3122 4382 igitur
3151 4307 3315 4371 locus
3346 4322 3454 4385 est,
3489 4314 3588 4376 die

1948 4392 2116 4464 mihi,
2149 4410 2330 4468 regno
2357 4391 2486 4470 ejus
2516 4390 2936 4452 excidentium.

2027 4481 2216 4560 Cogor
2248 4480 2579 4555 lamentari,
2615 4488 2673 4541 et
2703 4499 2806 4541 cor
2832 4500 3027 4545 meum
3064 4487 3332 4562 comedo,
3366 4498 3424 4551 et
3455 4509 3584 4554 ma-

1949 4587 2141 4644 ceror,
2178 4588 2311 4631 cum
2345 4571 2534 4647 cogito
2594 4570 2912 4631 Dominum
2972 4580 3087 4633 tam
3149 4576 3496 4639 muniﬁcum
3530 4589 3589 4642 et

1948 4660 2293 4739 humanum,
2323 4667 2388 4720 ut
2422 4667 2662 4738 propter
2682 4660 2865 4720 solam
2889 4660 2947 4720 in
2974 4680 3036 4723 se
3064 4663 3239 4724 ﬁdem
3261 4666 3394 4728 talia
3416 4669 3588 4732 nobis

1948 4746 2251 4824 largiatur,
2290 4765 2420 4827 quae
2453 4758 2740 4819 mentem,
2767 4747 3054 4825 auditum,
3082 4758 3139 4811 et
3168 4751 3586 4830 cogitationem

1947 4842 2250 4914 superant,
2275 4834 2459 4896 necin
2480 4853 2583 4895 cor
2605 4835 2862 4896 hominis
2886 4838 3284 4900 ascenderunt
3302 4860 3589 4922 unquam;

1947 4942 2050 4984 eos
2073 4931 2266 4985 autem
2293 4924 2451 4984 velut
2473 4923 2693 4984 bestias
2718 4923 2996 5003 praeferre
3039 4934 3254 4988 terram
3288 4929 3498 5003 solam,
3531 4937 3591 4990 et

1948 5021 2207 5088 terrena,
2242 5012 2416 5074 nobis
2436 5031 2544 5092 per
2575 5013 2817 5074 multam
2843 5015 3316 5077 misericordiam
3337 5018 3408 5078 ad
3433 5017 3593 5080 sufﬁ-

1946 5101 2203 5165 cientem
2238 5102 2501 5181 corporis
2533 5121 2702 5162 usum
2751 5103 3075 5184 impertita,
3137 5112 3200 5164 ut
3230 5124 3300 5166 ex
3330 5105 3423 5167 bis
3453 5124 3587 5166 mo-

1944 5191 2148 5253 derate
2181 5203 2242 5250 et
2272 5209 2377 5270 pro
2436 5190 2706 5270 portione
2766 5192 3014 5266 alamur,
3079 5201 3136 5252 et
3165 5193 3362 5253 anima
3391 5201 3592 5255 nostra

213 5276 480 5351 lectum;
521 5279 673 5342 sicut
704 5281 844 5343 olim
878 5299 1110 5361 quoque
1166 5280 1226 5340 in
1266 5276 1572 5359 prophetis
1605 5279 1858 5341 manife-
1941 5281 2088 5343 citra
2119 5279 2612 5359 impedimentum
2666 5278 2738 5339 ad
2785 5298 3042 5360 superna
3102 5280 3433 5360 gradiatur,
3466 5283 3593 5359 ipsa

217 5366 444 5429 stabam
476 5369 798 5450 meipsum,
834 5369 1068 5451 ipsique
1121 5369 1394 5431 videntes
1423 5363 1765 5448 laudabant,
1803 5375 1861 5429 et
1941 5387 2175 5452 quoque
2205 5367 2593 5430 intellectuali
2626 5375 2794 5448 pastu
2824 5387 2892 5430 ex
2953 5367 3197 5449 Spiritu,
3222 5370 3391 5450 juxta
3421 5389 3589 5432 men-

293 5537 328 5588 5
353 5538 526 5601 Joan.
559 5554 644 5615 x1,
677 5537 782 5602 25.
863 5537 897 5587 6
924 5537 1127 5600 Mattb.
1160 5551 1327 5608 XXIII,
1363 5535 1464 5598 31.
1550 5531 1756 5615 71bid.
1859 5589 1874 5604 ,
1959 5541 1990 5590 8
2017 5539 2159 5600 Luc.
2193 5554 2337 5610 xvn,
2361 5536 2460 5598 20.
2547 5537 2580 5586 9
2605 5535 2807 5601 Matth.
2829 5553 2960 5614 xm,
2984 5536 3084 5601 33.

214 5615 264 5660 ﬂ
295 5615 450 5680 Ibid.
485 5619 542 5682 5.
626 5613 825 5682 “15a.
858 5633 1020 5700 ιγιιι,
1052 5617 1110 5679 8.
1198 5616 1448 5680 151mm.
1483 5631 1526 5695 ι,
1559 5617 1618 5674 5.
1706 5613 1767 5666 14
1796 5637 1870 5702 [si

1958 5635 2022 5697 lx,
2060 5619 2120 5682 2.
2207 5619 2267 5667 15
2293 5618 2497 5678 Matth.
2531 5632 2650 5677 xix.
2685 5616 2784 5678 27.

3170 5538 3228 5589 10
3246 5537 3400 5600 Psal.
3428 5553 3487 5600 ν.
3520 5539 3582 5600 4.
