4112 6106
480 414 603 479 463

1766 407 2151 471 SYMEONIS
2189 384 2564 472 JUNIonIs.

3731 403 3848 470 464

483 565 682 610 suram
717 545 1085 628 purgationis
1143 553 1202 605 et
1255 561 1539 605 ascensus
1591 540 1684 604 sui
1737 539 1975 628 nutrita.
2010 536 2417 628 HocAnoctis‘
2461 535 2775 628 caliginem
2834 534 3112 597 exoriens
3168 534 3257 628 sol
3317 533 3600 628 dis-pellit.
3655 535 3729 597 Et
3757 536 3876 597 erit

481 638 642 699 enim
675 626 764 698 est
793 637 996 706 homo,
1031 641 1087 694 et
1119 634 1230 694 hoc
1262 633 1381 693 fine
1409 630 1658 705 conditi,
1693 639 1751 692 et
1781 627 1857 689 ob
1889 627 2044 687 istud
2077 626 2136 686 in

483 725 772 786 mundum
807 725 1094 804 procreati
1145 740 1379 801 sumus,
1441 729 1504 780 ut
1561 719 1656 780 hic
1708 717 1909 798 paucis
1939 713 2140 777 affecti

483 813 820 887 beneficiis,
857 828 965 890 per
994 810 1319 888 gratiarum
1351 808 1672 880 actionem,
1711 813 1770 867 et
1803 805 1963 885 pium
1998 820 2138 880 erga

483 901 673 966 Deum
705 901 1006 972 affectum,
1063 897 1408 978 majoribus,
1471 905 1530 957 et
1581 893 1975 956 aeternisillic
2006 909 2135 971 per-

485 985 776 1051 fruamur.
810 988 886 1050 At
914 987 1100 1063 enim,
1138 987 1287 1066 proh
1347 985 1557 1045 dolor?
1607 983 1758 1043 nihil
1790 999 2033 1062 prorsus
2065 981 2138 1040 de

484 1079 699 1143 futuris
723 1078 982 1147 solliciti,
1017 1077 1232 1156 ingrati
1279 1076 1454 1138 etiam
1517 1075 1590 1135 de
1623 1074 1716 1134 his
1747 1090 1970 1145 sumus,
2009 1089 2139 1150 qua:

485 1168 548 1228 in
581 1167 856 1228 manibus
885 1165 1196 1237 habemus,
1231 1173 1288 1224 et
1351 1163 1656 1223 daemones
1687 1159 2013 1232 imitamur,
2048 1156 2140 1218 vel

487 1253 838 1316 daenouibus
871 1245 1072 1325 etiam,
1109 1251 1158 1311 si
1191 1269 1330 1311 vera
1391 1249 1648 1310 dicenda
1678 1257 1838 1320 sunt,
1874 1244 2138 1306 deterio-

485 1361 583 1406 res
614 1359 844 1404 sumus.
875 1342 1066 1421 Atque
1096 1340 1322 1401 idcirco
1382 1347 1440 1399 et
1497 1337 1757 1398 atrocius
1786 1333 2140 1415 supplicium

485 1431 664 1494 nobis
690 1429 962 1505 debetur,
991 1436 1212 1509 quanto
1233 1423 1815 1508 etpraestantioribus
1834 1421 2144 1484 beneficiis

488 1519 773 1582 cumulati
797 1537 1024 1592 sumus,
1088 1526 1146 1579 et
1196 1520 1383 1580 Deum
1448 1522 1690 1595 propter
1748 1530 1855 1573 nos
1887 1510 2142 1572 similem

487 1610 696 1688 nostri,
734 1607 860 1670 solo
883 1613 1122 1688 peccato
1148 1612 1418 1685 excepto,
1455 1605 1670 1664 factum
1701 1599 2135 1688 cognoscimus,

490 1706 555 1759 ut
583 1687 692 1759 nos
722 1697 795 1758 ab
827 1687 1034 1758 errore
1092 1703 1148 1757 et
1206 1702 1450 1773 peccato
1510 1691 1818 1752 liberaret.
1855 1688 1970 1752 Sed
2002 1687 2144 1768 quid

490 1786 566 1848 de
597 1786 692 1848 his
719 1785 1018 1864 sigillatim
1051 1783 1228 1845 verba
1259 1784 1451 1844 facere
1495 1799 1644 1860 opus
1684 1776 1816 1841 est?
1847 1777 2142 1851 Profecto,

489 1874 672 1936 verbo
705 1881 929 1935 tantum
960 1873 1295 1946 credentes,
1333 1869 1472 1932 facti
1529 1885 1837 1946 negamus,
1872 1874 1938 1928 ut
1969 1866 2143 1926 etiam

2221 623 2459 704 proprie
2488 623 2643 684 Deus
2676 625 2840 686 solus
2897 643 3017 685 non
3075 623 3229 704 potis
3287 623 3419 704 capi
3445 623 3603 685 inter
3632 643 3702 687 ea
3735 643 3871 705 qua:

2222 732 2342 774 non
2383 714 2718 792 capiuntur,
2778 721 2835 774 et
2892 713 2953 773 in
3013 712 3726 792 incomprehensibilibus
3783 713 3872 774 in-

2221 802 2782 881 comprehensibilis
2816 801 2960 863 solis
2983 802 3178 880 dignis
3208 820 3521 882 apparens,
3557 822 3663 884 pro
3695 821 3874 865 men-

2220 908 2360 951 sura
2389 890 2526 952 ﬁdei
2557 890 2616 950 in
2670 890 2890 970 ipsum.
2941 889 3293 952 Peccatores
3341 909 3479 952 vero
3511 899 3686 953 erunt
3714 901 3781 953 ut
3813 891 3874 952 in

2220 978 2444 1040 lumine
2474 979 2666 1058 operti
2721 996 2790 1039 ac
2850 978 3194 1039 circumfusi
3252 979 3538 1055 tenebris,
3571 980 3633 1041 in
3664 980 3875 1060 gaudio

2222 1066 2664 1141 erubescentes,
2701 1075 2758 1128 et
2789 1066 2851 1126 in
2885 1065 3086 1128 laetitia
3115 1067 3231 1146 ipsi
3257 1066 3653 1143 tabescentes,
3687 1077 3747 1129 et
3774 1087 3875 1128 ar-

2223 1157 2436 1217 denter
2461 1155 2853 1230 horribiliter,
2887 1164 2944 1217 et
2961 1155 3211 1217 diversis
3233 1173 3471 1217 suarum
3495 1157 3875 1219 aﬂ‘ectionum

2223 1245 2543 1324 generibus
2573 1244 2819 1306 cruciati
2847 1262 2861 1306 :
2891 1245 3039 1305 sicut
3073 1243 3302 1305 scilicet
3332 1255 3389 1305 et
3413 1245 3558 1324 justi
3589 1265 3622 1307 a
3650 1246 3880 1307 lumine

2225 1333 2576 1407 collustrati,
2597 1331 2918 1394 etdiversis
2929 1331 3246 1393 virtutibus
3264 1333 3455 1394 ornati
3477 1333 3872 1414 apparebunt.

2226 1423 2374 1484 Nam
2403 1422 2583 1499 Deus,
2626 1421 2727 1502 qui
2757 1421 3084 1483 secundum
3116 1429 3387 1482 naturam
3419 1442 3584 1484 suam
3617 1424 3876 1484 Charitas

2229 1519 2341 1586 est,
2376 1518 2436 1572 et
2463 1518 2726 1583 vocatur,
2758 1527 2870 1571 nec
2927 1510 3238 1572 damnatos
3287 1510 3432 1586 odit,
3467 1511 3630 1572 omni
3660 1512 3876 1574 atIectu

2227 1599 2572 1660 naturaliter
2599 1598 2783 1675 liber,
2818 1617 2929 1660 nec
2969 1617 3003 1659 a
3033 1598 3326 1660 damnatis
3349 1600 3489 1678 jure
3517 1599 3654 1660 odio
3685 1600 3873 1662 habe-

2230 1696 2322 1748 tur
2357 1705 2371 1750 :
2409 1687 2516 1750 sed
2547 1687 2898 1768 quibuscum
2933 1693 3133 1748 nostra
3159 1687 3456 1749 voluntate
3488 1699 3550 1750 et
3578 1688 3878 1750 sententia

2224 1775 2287 1837 in
2338 1777 2452 1838 hoc
2495 1775 2708 1838 saeculo
2764 1793 3076 1854 pravorum
3138 1775 3469 1837 studiorum
3526 1777 3875 1839 societatem

2229 1864 2537 1943 elegimus,
2571 1883 2704 1926 cum
2757 1865 2848 1925 his
2907 1871 2969 1924 ut
3025 1865 3263 1944 merito,
3327 1873 3384 1925 et
3443 1867 3782 1928 necessario
3815 1866 3878 1927 in

489 1962 702 2024 beatus
747 1962 967 2024 Paulus
1022 1961 1435 2022 inﬁdelitatem
1501 1957 1955 2038 reprehendens
2008 1954 2093 2014 ait
2127 1947 2424 2015 :Bfuturo
2457 1953 2696 2027 saeculo,
2731 1954 2997 2033 quamvis
3026 1953 3300 2014 nolentes
3347 1953 3560 2031 simus,
3594 1955 3880 2017 condem-

493 2051 876 2130 Conﬁtentur
905 2067 969 2112 se
1013 2051 1198 2111 Deum
1222 2065 1421 2122 nosse,
1448 2047 1632 2125 factis
1658 2053 1862 2107 autem
1890 2049 2146 2122 negant,

491 2140 856 2214 abominati,
877 2144 935 2200 et
956 2136 1359 2214 incredibiles,
1379 2143 1437 2196 et
1461 2135 1539 2195 ad
1563 2151 1736 2195 omne
1757 2149 1902 2214 opus
1929 2131 2150 2193 bonum

491 2229 728 2307 reprobi
741 2226 818 2288 ‘6.
843 2231 935 2290 An
955 2245 1071 2286 non
1100 2225 1322 2306 ubique
1341 2222 1562 2287 Christi
1587 2240 1806 2283 nomen
1827 2216 2150 2300 personat?

490 2323 552 2384 in
583 2315 857 2390 urbibus,
893 2314 955 2374 in
1008 2314 1182 2394 vicis,
1241 2313 1302 2373 in
1363 2309 1673 2386 coenobiis,
1727 2309 1788 2370 in
1822 2307 2147 2370 montibus.

491 2403 726 2479 Quaere,
754 2403 805 2464 si
828 2403 1044 2483 placet,
1075 2411 1132 2463 et
1155 2408 1426 2464 scrutare
1451 2399 1792 2478 diligenter,
1816 2416 1888 2458 an
1914 2406 2154 2459 servent

493 2493 772 2553 mandata
801 2492 952 2570 ejus,
987 2499 1043 2550 et
1076 2491 1167 2551 vix
1224 2487 1492 2550 invenies
1541 2505 1722 2548 unum
1779 2504 1811 2547 e
1861 2485 2148 2566 millibus,

494 2589 560 2641 ut
578 2578 952 2641 dilectusille
979 2577 1307 2658 discipulus
1354 2577 1614 2640 Joannes
1653 2573 1771 2635 ait:
1810 2575 2020 2637 Omnis
2044 2575 2150 2651 qui

488 2675 724 2749 peccat,
741 2685 864 2730 non
880 2666 1033 2730 vidit
1054 2667 1275 2740 Deum,
1295 2683 1484 2745 neque
1497 2669 1665 2727 novit
1676 2663 1898 2725 eum”.
1930 2662 2001 2723 Et
2029 2663 2143 2724 ite-

494 2774 627 2817 rum
657 2774 671 2818 :
705 2757 914 2818 Omnis
934 2758 1041 2834 qui
1060 2756 1210 2834 facit
1231 2761 1558 2833 peccatum,
1585 2771 1659 2816 ex
1675 2751 1914 2815 diabolo
1946 2757 2032 2814 est
2061 2751 2140 2814 18.

495 2843 613 2908 Ubi
641 2844 846 2924 igitur,
882 2843 1041 2905 bona
1071 2862 1204 2924 quae
1233 2850 1369 2903 sunt
1397 2843 1458 2903 in
1491 2841 1764 2904 manibus
1791 2840 2008 2902 nostris
2041 2859 2141 2901 rc~

499 2933 865 3013 linquentes,
918 2932 1200 2994 inanibus
1247 2941 1470 3005 autem,
1533 2937 1591 2992 et
1641 2930 1815 2992 ﬂuxis
1872 2927 2060 2992 dediti
2088 2936 2146 2990 et

493 3021 686 3104 afﬁxi,
714 3039 880 3102 spem
912 3021 1201 3082 habemus
1230 3026 1258 3082 ?

576 3109 648 3172 Ut
679 3127 853 3190 porro
898 3109 972 3170 ad
1025 3108 1289 3188 singulos
1318 3106 1560 3169 vanitati
1616 3105 1990 3168 adhaerentes
2020 3123 2147 3168 ser-

2229 2041 2520 2103 nabimur.
2555 2041 2786 2103 Etenim
2814 2049 2986 2121 prout
3009 2043 3260 2122 quisque
3282 2043 3550 2124 affectus,
3576 2062 3646 2105 ac
3667 2043 3879 2125 dispo-

2231 2131 2376 2192 situs
2401 2140 2512 2206 est,
2539 2133 2700 2194 Deus
2717 2131 2920 2191 unitus
2943 2129 3245 2204 omnibus,
3274 2134 3332 2190 in
3373 2131 3492 2192 fine
3521 2133 3876 2194 saeculorum

2231 2219 2386 2280 sicut
2414 2219 2572 2280 novit
2601 2219 2752 2296 ipse,
2789 2236 3030 2280 sensum
3061 2218 3280 2299 cuique
3313 2219 3556 2300 praebet,
3581 2222 3879 2301 quomodo

2233 2309 2306 2369 ab
2334 2309 2462 2388 ipso
2493 2309 2780 2371 formatus
2834 2308 2930 2370 sit.
2991 2307 3199 2386 Dignis
3253 2307 3430 2386 igitur
3486 2327 3594 2388 per
3625 2312 3875 2388 gratiam

2234 2397 2438 2457 unitus
2468 2415 2647 2478 supra
2703 2405 2998 2472 naturam,
3049 2397 3270 2470 divina,
3334 2404 3391 2458 et
3437 2415 3678 2460 omnem
3711 2400 3880 2478 cogi—

2235 2487 2514 2548 tationem
2546 2505 2837 2565 superans
2867 2487 3135 2566 voluptas
3167 2504 3299 2548 esse
3329 2488 3656 2552 consuevit.
3709 2489 3879 2551 Indi-

2231 2576 2362 2654 gnis
2377 2584 2571 2636 autem
2598 2585 2812 2654 praeter
2835 2575 3078 2654 gratiam
3105 2575 3331 2657 unitus,
3358 2583 3576 2656 praeter
3604 2585 3877 2640 naturam

2226 2664 2554 2726 secundum
2587 2664 2975 2744 privationem
3007 2665 3184 2744 hujus
3213 2665 3414 2744 gratiae
3459 2667 3875 2746 constitutum,

2228 2751 2665 2812 etinetfabilem
2708 2751 2976 2813 dolorem
3009 2752 3207 2813 facere
3241 2753 3413 2828 solet,
3445 2762 3508 2814 ut
3539 2761 3597 2815 et
3627 2772 3879 2834 magnus

2227 2840 2542 2918 Gregorius
2559 2839 2892 2919 Theologus
2909 2841 3016 2904 ait:
3040 2838 3086 2902 Ο
3109 2839 3393 2916 Trinitas,
3411 2860 3538 2921 quae
3549 2843 3876 2923 aliquando

2227 2929 2675 3010 omnibus,aliis
2706 2929 3121 3005 illustratione,
3151 2929 3282 2992 aliis
3310 2929 3611 2991 vocatione
3635 2931 3880 3008 cognita

2228 3017 2410 3078 fuisti.
2465 3015 2563 3080 Sic
2593 3018 2770 3096 igitur
2796 3018 3190 3100 corporaliter
3219 3018 3280 3078 in
3313 3016 3632 3098 Scripturis
3659 3019 3878 3080 divini-

2230 3115 2322 3167 tus
2352 3105 2654 3186 inspiratis
2683 3108 2809 3168 haec
2862 3107 3052 3188 posita
3106 3107 3338 3182 inveni,
3399 3116 3460 3169 et
3483 3107 3880 3187 spiritualiter

493 3215 735 3260 monem
765 3209 1132 3277 convertam,
1166 3215 1297 3278 age,
1333 3216 1449 3277 quo
1483 3204 1650 3276 pacto
1679 3195 1850 3271 dicis,
1876 3195 2002 3256 haec
2025 3213 2149 3255 om-
2171 3221 2209 3272 ο
2235 3194 2478 3257 edoctus
2507 3215 2638 3257 sum
2666 3215 2702 3259 a
2733 3196 2978 3278 Spiritu,
3013 3204 3070 3258 et
3099 3196 3172 3257 ad
3224 3215 3329 3258 vos
3362 3195 3538 3275 plene
3567 3197 3879 3260 instruen-

493 3285 594 3348 nia
624 3287 785 3368 novi,
822 3293 883 3348 et
916 3303 1011 3347 me
1062 3285 1394 3359 mortalem,
1451 3291 1509 3344 et
1558 3282 1827 3344 umbram
1861 3300 1991 3344 esse
2022 3301 2152 3363 quae
2235 3283 2341 3344 dos
2368 3301 2440 3347 ex
2471 3286 2656 3346 multa
2698 3286 3009 3359 charitate,
3061 3284 3209 3346 nihil
3270 3283 3630 3348 subtrahens
3662 3286 3878 3368 Scripsi

492 3375 793 3452 videntur,
827 3382 886 3437 et
920 3383 1171 3436 mortem
1204 3373 1609 3454 improvisam,
1654 3380 1713 3434 et
1740 3371 1989 3450 gloriam
2013 3373 2150 3453 jus-
2235 3373 2390 3435 dicta
2423 3375 2592 3451 mihi,
2613 3382 2672 3436 et
2693 3375 3015 3455 declarata,
3048 3382 3105 3446 et
3127 3375 3299 3454 jussa
3327 3393 3362 3436 a
3393 3375 3650 3437 Domino
3672 3387 3876 3438 nostro

496 3473 693 3526 torum
713 3463 1528 3544 aeternam,etconfusionem
1553 3471 1928 3543 peccatorum
1947 3480 2153 3524 carere
2231 3461 2374 3525 Jesu
2403 3464 2822 3546 Christo,.per
2878 3465 3252 3527 adorandum
3314 3471 3372 3525 et
3427 3472 3697 3526 sanctum
3746 3466 3876 3544 ejus

493 3552 636 3626 ﬁne,
669 3561 728 3613 et
756 3553 996 3614 interim
1051 3553 1123 3614 ab
1179 3550 1560 3632 improbitate
1614 3569 1732 3611 non
1764 3550 2004 3611 desistis
2033 3551 2058 3611 Υ
2089 3550 2151 3613 Si
2234 3552 2542 3634 Spiritum,
2575 3555 2649 3616 de
2681 3553 3035 3615 sublimibus
3091 3552 3292 3625 donis,
3324 3566 3381 3614 et
3411 3553 3875 3614 charismatibus

496 3641 664 3703 enim
700 3641 885 3718 vides,
919 3641 1216 3721 quomodo
1277 3649 1554 3719 tanquam
1591 3657 1782 3700 caecus
1815 3639 2146 3713 offendens,
2232 3641 2405 3702 simul
2475 3642 2751 3724 principii
2807 3643 3066 3722 expertis
3144 3641 3276 3718 Dei,
3344 3648 3403 3705 et
3461 3642 3641 3722 patris
3715 3643 3870 3720 ejus.

493 3737 680 3791 totum
706 3748 944 3810 corpus,
971 3738 1272 3809 totamque
1293 3733 1549 3790 animam
1575 3727 1917 3806 denigratus
1939 3728 2039 3789 es?
2085 3727 2148 3788 Si
2231 3726 2493 3799 Quorum
2515 3741 2581 3791 ut
2601 3730 2718 3792 sint
2735 3731 3075 3811 participes,
3092 3731 3194 3812 qui
3207 3749 3340 3792 eum
3358 3729 3556 3792 labore
3569 3739 3869 3810 quaerunt,

493 3817 648 3880 nosti
673 3819 940 3892 meliora,
964 3818 1260 3898 quomodo
1283 3817 1453 3897 quasi
1469 3835 1681 3896 expers
1699 3833 1932 3888 sensus,
1968 3817 2144 3879 dete-

493 3906 654 3967 riora
682 3907 952 3986 sequeris
981 3905 1012 3966 ‘2
1070 3906 1130 3969 Si
1157 3905 1313 3967 nosti
1343 3903 1543 3966 omnia
1593 3923 1726 3966 esse
1758 3903 2051 3979 umbram,
2083 3911 2142 3966 et

493 3993 698 4055 omnia
755 3995 1062 4073 praeterire
1123 4012 1255 4074 quae
1301 3993 1598 4064 videntur,
1658 4012 1775 4054 non
1835 3993 2140 4055 erubescis

494 4099 628 4144 cum
658 4082 870 4144 umbra
919 4081 1247 4157 colludere,
1310 4091 1368 4142 et
1424 4081 1663 4143 ﬂuentia
1717 4099 1822 4161 pro
1856 4082 2138 4143 thesauro

495 4170 832 4248 colligere?
887 4191 1007 4232 non
1067 4171 1321 4233 advertis
1381 4179 1461 4246 te,
1515 4179 1578 4232 ut
1613 4189 1890 4251 puerum,
1927 4171 1988 4231 in
2039 4190 2139 4232 vas

496 4257 860 4320 confractum
882 4259 1125 4322 haurire
1151 4261 1163 4319 !
1203 4268 1261 4320 et
1284 4268 1338 4320 te
1361 4267 1532 4339 putas
1554 4259 1662 4320 tibi
1689 4259 2137 4320 amicissimum.

495 4343 933 4408 Perabsurdum
965 4367 1107 4409 sane
1137 4358 1196 4410 et
1249 4365 1428 4426 grave
1486 4355 1597 4422 est,
1661 4357 1893 4427 putare,
1929 4357 1985 4408 et
2015 4349 2144 4409 exi-

497 4431 742 4494 stimare
776 4453 793 4509 ;
851 4453 985 4495 nam

495 4518 725 4581 credin’
757 4519 1055 4584 Christum
1089 4541 1220 4586 esse
1250 4523 1488 4584 Deum?
1540 4522 1601 4585 Si
1632 4524 1851 4598 credis,
1888 4524 2056 4605 time,
2087 4532 2143 4586 et

497 4607 773 4668 mandata
819 4609 949 4688 ejus
1004 4627 1195 4672 serva.
1255 4609 1319 4674 Si
1377 4629 1495 4672 non
1552 4613 1771 4687 credis,
1833 4621 1892 4674 at
1936 4613 2140 4674 saltem

497 4694 801 4758 daemones
827 4697 1013 4777 ipsos,
1047 4718 1195 4780 quos
1223 4699 1468 4762 forsitan
1527 4700 1643 4762 fide
1674 4701 1983 4780 digniores
2013 4702 2141 4763 exi-

497 4784 726 4861 stimas,
751 4785 1067 4865 interroga.
1095 4787 1270 4849 Disce
1293 4789 1366 4849 ab
1412 4788 1510 4863 iis,
1543 4807 1574 4849 a
1611 4788 1829 4868 quibus
1859 4789 1919 4850 in
1950 4790 2139 4851 servi-

500 4881 688 4936 tutem
720 4875 997 4936 redactus
1055 4894 1144 4952 es,
1205 4885 1266 4938 et
1321 4895 1468 4956 quos
1527 4876 1824 4957 sequeris,
1859 4879 2142 4957 quoniam

498 4979 618 5023 non
667 4971 755 5024 est
809 4963 962 5025 alius
989 4962 1146 5024 Deus
1178 4972 1391 5042 praeter
1419 4963 1608 5040 illum,
1645 4965 1740 5026 cui
1773 4966 1968 5028 nullus
1999 4966 2147 5027 assi-

499 5049 761 5127 milatur,
822 5070 933 5114 nec
993 5051 1326 5132 comparari
1380 5060 1604 5132 potest,
1663 5053 1926 5114 omnium
1985 5055 2143 5115 enim

498 5140 789 5202 Dominus
822 5143 945 5221 ipse
981 5149 1094 5217 est,
1154 5140 1419 5204 omnium
1481 5159 1606 5215 rex,
1667 5143 1938 5204 conditor
1967 5143 2140 5218 lucis,

498 5235 559 5288 et
586 5227 718 5289 vitae
747 5228 989 5291 arbiter.
1040 5231 1176 5310 Ipse
1227 5229 1432 5291 lumen
1488 5229 1634 5290 illud
1687 5230 2009 5307 ineffabile,
2044 5233 2142 5293 in-

495 5317 866 5393 accessibile,
926 5317 1028 5398 qui
1109 5317 1271 5380 solus
1355 5324 1465 5380 est.
1552 5315 1688 5397 Ipse
1767 5319 1830 5380 in
1887 5319 2143 5382 adventu

497 5422 605 5466 suo
667 5405 978 5487 dissipabit
1031 5425 1065 5468 a
1119 5407 1271 5469 facie
1321 5425 1428 5468 sua
1503 5405 1780 5468 inimicos
1834 5425 1998 5484 suos,
2083 5417 2142 5471 et

2227 3815 2300 3877 iis
2329 3835 2564 3898 semper
2617 3819 2913 3880 concediit
2955 3837 3059 3898 per
3088 3819 3293 3892 ﬁdem,
3324 3820 3453 3900 ipse
3484 3819 3659 3880 etiam
3710 3837 3877 3882 nunc

2225 3904 2438 3986 bonus,
2470 3916 2528 3968 et
2557 3907 2898 3970 benefactor
2955 3917 3159 3970 noster
3205 3909 3385 3971 Deus.
3417 3908 3597 3986 Ecce,
3630 3927 3871 3970 annun-

2223 3996 2358 4056 tiavi
2403 3995 2574 4058 vobis
2630 3997 2857 4076 omnia,
2922 4005 2981 4058 et
3038 3997 3318 4058 talentum
3377 4015 3496 4059 non
3553 3996 3869 4073 abscondi,

2221 4081 2639 4165 Unusquisque
2667 4085 2846 4164 igitur
2874 4094 3138 4147 vestrum
3191 4086 3265 4147 de
3313 4093 3526 4147 caetero
3557 4086 3720 4168 quod
3750 4089 3876 4151 vult

2221 4171 2440 4252 eliget:
2506 4193 2612 4252 ego
2662 4174 2823 4236 enim
2880 4174 3036 4254 quod
3088 4174 3163 4236 ad
3219 4192 3322 4236 vos
3352 4175 3584 4251 attinet,
3619 4175 3874 4238 crimine

2225 4279 2389 4342 vaco,
2422 4261 2483 4321 in
2516 4261 2747 4324 Christo
2791 4265 2931 4326 Jesu
2986 4265 3239 4326 Domino
3299 4272 3524 4340 nostro,
3562 4264 3660 4325 cui
3691 4264 3878 4342 gloria

2227 4357 2284 4410 et
2304 4349 2618 4430 imperium
2639 4370 2772 4412 cum
2796 4354 2969 4415 Patre
2991 4351 3271 4433 principii
3309 4362 3554 4433 experte
3581 4360 3642 4416 et
3669 4360 3874 4416 sancto

1044 4453 1151 4516 per
1207 4437 1334 4497 haec
1393 4454 1523 4497 esse
1580 4435 1865 4498 aufertur.
1924 4434 2448 4518 Homo,DSpiritu
2478 4438 2539 4499 in
2570 4439 2802 4501 saecula.
2837 4441 3051 4504 Amen.

2772 4533 3056 4598 ORATIO
3101 4535 3319 4600 XXIX.

2843 4645 3265 4692 ARGUMENTUM.

2227 4714 2420 4775 Omnes
2447 4719 2692 4777 homines
2721 4735 2756 4776 a
2787 4721 3008 4778 Christo
3036 4738 3148 4778 non
3168 4721 3528 4785 ittuminatos.
3551 4736 3718 4781 caecos
3738 4738 3870 4789 esse,

2296 4803 2390 4844 nec
2409 4805 2577 4864 opera
2597 4792 2728 4864 lucis
2753 4792 2958 4864 e/ﬁcere
2979 4809 3155 4864 posse,
3185 4809 3283 4850 nec
3303 4794 3363 4849 in
3382 4795 3476 4850 via
3495 4799 3639 4850 recte
3657 4795 3878 4851 vivendi

2292 4863 2549 4936 progredi
2589 4862 2768 4928 Quare
2783 4862 3360 4936 'circunispiciendum,
3392 4871 3452 4936 et
3471 4864 3874 4922 advertendum

2296 4934 2568 5013 animum,
2595 4949 2678 5013 an_
2689 4949 2818 5013 vero
2837 4934 3040 5013 itinere
3050 4937 3110 5013 in
3130 4937 3323 5013 caelum
3343 4935 3704 5013 ambulemus.
3727 4938 3877 5008 quod

2296 5004 2358 5057 in
2376 5004 2480 5078 Dei
2505 5004 2788 5061 mandatis
2815 5008 2985 5062 situm
3013 5011 3107 5062 est.
3133 5008 3240 5074 Qui
3265 5008 3456 5078 parvis
3479 5008 3717 5078 peccatis
3733 5004 3871 5065 suc-

2297 5075 2584 5154 cugnbunt,
2613 5090 2700 5154 ags
2727 5092 3070 5154 magnorum
3091 5075 3281 5154 servos
3294 5078 3436 5154 ﬁeri.
3470 5075 3676 5142 Quibus
3694 5081 3875 5136 actio-

2297 5145 2460 5202 nibus
2485 5146 2554 5201 ab
2582 5145 2866 5218 affectibus
2894 5148 3180 5205 ittaudatis
3208 5145 3576 5205 vin'dicemur.

2305 5227 2812 5301 Quemadmodum
2847 5251 3041 5294 caecus
3087 5233 3457 5314 ingrediens,
3510 5235 3670 5298 velut
3701 5235 3872 5313 nolit,

2226 5318 2476 5393 pedibus
2501 5319 2748 5380 offendit
2779 5341 2795 5397 ;
2847 5321 2934 5382 sic
2964 5323 3142 5384 homo
3174 5322 3363 5384 oculis
3393 5323 3605 5385 animae
3634 5324 3743 5386 sub
3773 5324 3876 5386 in-

2223 5405 2608 5494 telligentiam
2635 5409 3011 5485 cadentibus,
3061 5430 3180 5472 non
3236 5419 3372 5473 ante
3422 5412 3647 5494 apertis
3675 5414 3749 5474 ab
3773 5432 3873 5491 eo,

499 5491 601 5573 qui
656 5511 773 5556 non
832 5493 1222 5558 obediverunt
1277 5492 1572 5557 mandatis
1627 5497 1784 5574 ejus,
1841 5497 2137 5576 quomodo
2220 5493 2325 5573 qui
2352 5504 2416 5558 ut
2444 5514 2734 5560 caecorum
2765 5498 2970 5562 oculos
2991 5499 3270 5580 aperiret,
3296 5491 3626 5565 humanum
3654 5520 3880 5584 corpus

580 5671 641 5724 16
669 5672 784 5736 Tit.
818 5690 861 5752 ι,
900 5673 1002 5738 16.
1084 5675 1140 5725 17
1167 5673 1196 5738 Ι
1222 5673 1393 5741 Joan.
1427 5692 1510 5756 III,
1547 5675 1607 5738 6.
1693 5676 1752 5727 48
1779 5675 1931 5740 Ibid.
1965 5677 2023 5740 8.
