4112 6106
292 131 411 194 465

1703 143 1986 206 ORATIO
2031 144 2249 207 XXIX.

3543 151 3661 216 466

212 301 221 316 -
293 267 638 364 assumpsit,
673 287 795 331 non
828 278 1016 350 potest
1043 290 1188 364 _non
1246 273 1396 334 viam
1433 275 1609 354 hujus
1637 275 1772 338 vitae
1803 293 1936 337 car-
1958 284 2001 332 Α
2023 276 2237 337 tiamus
2267 279 2568 354 omnibus,
2635 289 2698 342 et
2746 281 2817 340 ad
2875 289 3182 360 angustam
3231 291 3410 364 atque
3441 290 3670 346 arctam

293 355 489 435 pendo
522 357 874 439 delinquere
910 379 922 422 :
987 361 1180 423 adhuc
1213 363 1372 424 enim
1412 383 1605 425 caecus
1637 373 1746 434 est,
1781 375 1838 425 et
1866 365 1938 425 ad

289 444 352 506 id
384 445 545 524 quod
577 448 817 527 proprie
849 449 1063 510 malum
1101 459 1212 525 est,
1245 470 1278 512 a
1333 451 1488 514 bono
1522 453 1940 515 internoscen-

291 533 436 593 dum
469 552 731 612 superno
764 536 1084 618 diviuoque
1138 539 1386 619 lumine,
1419 560 1567 621 opus
1601 542 1796 605 habet.
1851 541 1939 603 Ab

293 622 462 712 omni
493 622 672 702 igitur
727 635 1011 706 peccante
1075 629 1198 689 hac
1255 639 1504 709 quatuor
1535 631 1940 712 requiruntur.

292 709 366 773 Ut
395 721 714 790 cognoscat
733 715 892 775 unde
919 717 1179 794 privetur
1197 717 1442 793 lumine,
1470 709 1713 780 edoctus
1736 728 1945 800 myste-

289 800 474 876 rium,
510 821 584 863 ne
614 803 691 866 sit
723 804 1020 884 stupidus.
1055 804 1357 868 Confessio
1375 817 1774 888 peccatorum,
1797 809 1946 870 utsit

289 907 492 954 verus.
525 893 687 979 Fuga
719 893 1104 955 occasionum
1138 904 1196 956 et
1248 915 1587 978 causarum,
1623 897 1836 979 quibus
1866 898 1941 959 ad

292 978 661 1060 peccandum
693 980 1045 1061 impellitur,
1081 1001 1154 1044 ne
1185 983 1263 1044 sit
1293 984 1506 1046 stultus
1539 999 1597 1045 et
1625 978 1937 1066 insipiens.

293 1071 626 1143 Postremo,
660 1076 726 1130 ut
756 1070 1052 1132 medicum
1087 1079 1247 1151 petat
1302 1091 1336 1132 a
1388 1073 1514 1134 solo
1546 1072 1777 1136 Christo
1810 1093 1939 1136 me-

292 1155 454 1236 dico,
487 1156 587 1237 qui
619 1159 906 1220 contritos
937 1168 1127 1234 sanat,
1163 1168 1221 1221 et
1277 1161 1452 1222 modo
1489 1163 1744 1242 quodam
1778 1164 1942 1223 inexo

290 1244 551 1325 plicabili
582 1247 975 1309 contritiones
1006 1249 1227 1330 alligat,
1263 1249 1524 1330 dicitque
1552 1271 1566 1310 :
1618 1251 1805 1314 Fides
1836 1260 1940 1314 tua

293 1343 346 1394 te
364 1333 603 1396 salvum
621 1337 786 1412 fecit,
821 1338 971 1399 vade
997 1340 1060 1400 in
1085 1356 1237 1418 pace
1261 1339 1348 1398 49:
1389 1340 1608 1420 alioqui
1637 1341 1794 1400 enim
1830 1341 1942 1402 vita

286 1422 349 1483 in
380 1442 548 1502 pace,
585 1423 852 1505 citraque
882 1426 1082 1507 lapsus
1144 1428 1279 1506 degi
1334 1447 1451 1488 non
1487 1437 1698 1509 potest.
1731 1429 1813 1490 Ex
1847 1429 1938 1491 his

286 1514 545 1596 primum
576 1515 725 1577 illud
751 1517 970 1578 bonum
1000 1530 1088 1580 est
1115 1543 1128 1596 ;
1165 1520 1493 1581 secundum
1526 1521 1777 1598 melius;
1814 1529 1934 1584 ter-

2021 365 2170 425 viam
2207 367 2607 443 procedimus,
2647 377 2703 430 et
2733 387 2766 430 a
2797 370 3040 445 mundo,
3068 371 3506 453 mundanisque
3538 390 3667 435 cor-

2025 454 2305 533 poraliter
2334 457 2772 536 quodammodo
2803 466 3202 538 amputamur,
3237 468 3294 521 et
3323 460 3396 521 ab
3427 460 3546 522 alia
3575 479 3670 524 re-

2027 541 2221 620 gione,
2259 543 2411 620 loco,
2439 552 2499 605 et
2527 545 2674 608 urbe
2705 546 2778 607 ad
2809 546 2983 607 aliam
3017 547 3465 620 habitationem,
3493 568 3666 611 man-

2028 630 2380 711 sionemque
2409 633 2716 706 abeuntes,
2754 635 2825 696 ad
2858 635 3140 711 stadium,
3201 637 3261 697 in
3293 656 3409 717 quo
3441 637 3670 699 virtutis

2024 717 2180 798 viget
2210 722 2574 795 exercitatio,
2612 722 2980 803 devenimus,
3018 723 3480 804 perinstitutum
3512 725 3665 802 vitaz,

2027 818 2084 870 et
2115 818 2335 871 sanctae
2360 811 2603 872 vivendi
2635 830 2901 873 normam
2929 831 3034 893 pro
3082 832 3187 874 suo
3218 813 3473 894 quisque
3503 813 3669 876 arbi-

2025 897 2140 960 trio
2172 898 2540 973 incedentes,
2573 907 2672 960 aut
2723 901 2898 961 etiam
2950 901 3376 974 accelerantes,
3411 921 3670 964 curren-

2026 993 2231 1067 tesque
2289 995 2347 1049 et
2400 987 2663 1066 vestigiis
2720 989 2954 1051 Domini
3012 993 3195 1052 nostri
3252 994 3393 1052 Jesu
3449 991 3670 1054 Christi

2025 1076 2390 1148 insistentes,
2424 1085 2488 1137 ut
2518 1094 2594 1137 ne
2617 1077 2872 1156 amplius
2890 1077 3071 1140 rebus
3097 1078 3383 1156 perituris
3412 1078 3670 1141 delecte-

2025 1183 2178 1238 mur,
2216 1172 2274 1226 et
2302 1165 2569 1226 voluntas
2603 1165 2799 1226 carnis
2857 1167 3140 1228 voluntati
3171 1167 3416 1246 spiritus
3447 1167 3665 1229 subda-

2026 1261 2140 1316 tur.
2175 1253 2404 1314 Idcirco
2435 1273 2466 1314 e
2498 1255 2720 1315 mundo
2751 1255 3125 1328 secedentes,
3161 1257 3356 1318 statim
3393 1257 3666 1321 mandata

2022 1341 2256 1402 Domini
2290 1343 2678 1422 capessimus,
2716 1352 2774 1403 et
2805 1344 2932 1423 ejus
2953 1344 3138 1423 jussis
3161 1343 3669 1426 obtemperantes,

2019 1431 2172 1491 viam
2204 1432 2262 1491 in
2297 1431 2510 1492 caelum
2536 1431 2822 1492 ferentem
2849 1434 3246 1512 auspicamur.

2098 1519 2206 1581 Hic
2239 1538 2414 1600 porro
2448 1519 2593 1581 mihi
2627 1519 2992 1600 pensiculate
3014 1520 3306 1582 dictorum
3322 1521 3438 1582 vim
3471 1523 3666 1584 consi-

289 1604 437 1667 tium
468 1606 844 1684 praestantius
876 1630 892 1680 ;
927 1617 1200 1688 quartum
1234 1610 1473 1690 proprie
1505 1609 1746 1685 bonum,
1773 1619 1936 1674 extra
1958 1604 1996 1652 Β
2019 1609 2185 1670 dera.
2212 1609 2470 1670 Informa
2492 1609 2691 1670 animo
2715 1609 2862 1670 viam
2881 1608 3031 1671 bene
3057 1609 3277 1684 tritam,
3299 1611 3666 1692 quamlonga

289 1693 448 1774 quod
479 1713 598 1754 non
627 1694 1030 1778 datursalus;
1087 1706 1152 1759 ut
1183 1699 1312 1759 sine
1346 1698 1535 1760 tribus
1566 1700 1930 1760 anteceden-
2016 1707 2124 1773 est,
2153 1698 2404 1776 pedibus
2425 1698 2656 1761 scilicet
2678 1717 2881 1760 eorum
2910 1700 3008 1778 qui
3036 1701 3664 1778 praicesserunt.Hinc

289 1782 448 1845 tibus
507 1791 780 1863 quartum
865 1786 977 1847 hoc
1062 1787 1330 1848 Christus
1416 1790 1647 1867 operari
1705 1790 1930 1869 nequit.
2013 1787 2155 1848 inde
2180 1796 2433 1861 montes,
2465 1786 3163 1866 silvas,rupesexcelsas,
3190 1789 3666 1871 scopulosatque

284 1871 476 1934 Valde
505 1873 799 1952 siquidem
831 1894 980 1956 opus
1038 1876 1238 1950 habet,
1298 1885 1360 1938 ut
1421 1897 1526 1938 nos
1577 1878 1737 1957 ipsos
1771 1879 1934 1958 prius
2015 1877 2198 1938 valles
2219 1879 2496 1955 concipe.
2524 1876 2667 1938 Cum
2696 1877 2789 1937 his
2813 1877 3203 1937 nihilominus
3225 1896 3490 1957 campos,
3527 1879 3663 1940 hor-

285 1979 699 2042 agnoscamus,
765 1982 878 2043 quo
936 1965 1150 2039 sanati,
1214 1965 1425 2027 demus
1482 1966 1732 2044 gloriam
1784 1969 1926 2027 Deo.

284 2048 413 2121 Quo
446 2048 605 2110 enim
641 2058 810 2130 pacto
841 2052 1135 2132 quispiam
1168 2054 1384 2134 adepta
1419 2055 1669 2117 sanitate
1703 2056 1932 2116 medico

281 2139 497 2218 gratias
527 2149 682 2218 agat,
715 2140 765 2202 si
798 2141 988 2202 morbi
1017 2142 1512 2224 magnitudinem,
1559 2145 1927 2226 gravitatem,

285 2236 342 2290 et
372 2247 664 2289 summam
698 2230 827 2309 ejus
855 2231 1199 2313 depellendi
1230 2232 1635 2294 diﬁicultatem
1656 2243 1792 2296 ante
1812 2253 1930 2296 non

282 2318 707 2398 perspexerit?
765 2320 1044 2395 maxime,
1107 2323 1154 2382 si
1208 2321 1259 2382 is
1287 2321 1358 2383 ab
1391 2323 1506 2383 alio
1547 2323 1707 2383 nullo
1739 2325 1930 2384 medi-

281 2425 489 2468 corum
521 2407 718 2468 curari
770 2417 974 2489 queat.
1039 2414 1301 2474 Meretur
1357 2411 1515 2471 enim
1575 2412 1929 2492 supplicium

280 2495 676 2577 dirissimum,
736 2497 836 2578 qui
897 2507 1136 2560 curatus
1193 2498 1422 2560 medico
1481 2517 1586 2580 pro
1643 2500 1930 2579 dignitate

279 2585 502 2664 gratias
532 2605 650 2646 non
681 2590 819 2664 agit.
854 2591 940 2650 Ac
972 2596 1286 2667 propterea
1341 2607 1477 2649 eum
1511 2607 1543 2649 a
1572 2607 1686 2669 quo
1719 2608 1929 2650 sanan—

280 2674 392 2734 dus
423 2682 536 2746 est,
599 2693 774 2735 nosse
833 2675 1034 2739 debet.
1093 2675 1246 2738 Hinc
1301 2677 1558 2752 visitare,
1626 2685 1688 2739 et
1719 2697 1928 2741 sanare

283 2762 660 2824 inﬁrmitates
721 2773 951 2825 nostras
1009 2784 1167 2844 same
1224 2773 1518 2840 moratur,
1553 2767 1929 2846 quantumvis

2020 1975 2127 2036 tos,
2164 1965 2292 2026 loca
2316 1963 2583 2045 jucunda
2611 1973 2668 2024 et
2695 1963 3001 2038 umbrosa,
3051 1963 3343 2044 longeque
3373 1967 3660 2028 amomis-

2017 2054 2186 2125 sima,
2223 2063 2278 2115 et
2313 2052 2648 2129 omnigenis
2685 2051 2978 2113 fructibus
3007 2051 3394 2114 abundantia.
3427 2054 3662 2117 Deinde

2016 2160 2132 2202 non
2147 2142 2512 2203 mediocrem
2527 2140 2849 2202 bestiarum
2868 2140 3660 2215 multitudinem,latronum-

2015 2248 2153 2310 que,
2172 2229 2592 2292 etsicariorum
2618 2228 2828 2307 globos
2853 2229 3100 2309 perloca
3121 2229 3222 2289 illa
3246 2229 3655 2305 absconditos,

2013 2319 2116 2380 His
2153 2320 2229 2380 ita
2261 2337 2325 2381 se
2355 2317 2733 2392 habentibus,
2798 2338 2867 2379 ex
2923 2319 3091 2379 hisce
3127 2319 3274 2380 locis
3331 2319 3531 2382 nullus
3561 2329 3662 2381 aut

2012 2407 2304 2469 inescabit
2335 2427 2466 2484 nos,
2501 2425 2862 2485 sensumque
2913 2415 3179 2467 nostrum
3237 2408 3652 2484 commovebit,

2013 2505 2110 2557 aut
2142 2515 2361 2558 nocere
2391 2496 2564 2556 nobis
2589 2497 2827 2576 poterit,
2862 2495 3250 2576 sequentibus
3271 2505 3528 2571 sanctos,
3555 2499 3657 2577 qui

2013 2584 3431 2665 praeiverunt,eademquesemitaambulantibus,
3448 2586 3658 2665 quailli

2010 2673 2928 2749 ambulaverunt.,Incedentibus
2951 2674 3168 2753 quippe
3191 2673 3362 2734 nobis
3383 2691 3490 2754 per
3507 2677 3657 2735 viam

2012 2763 2427 2824 mandatorum
2460 2761 2568 2824 Dei
2595 2779 2664 2822 ac
2689 2759 2927 2824 Domini
2959 2762 3145 2822 nostri
3167 2761 3432 2837 citraque
3453 2780 3630 2842 respe

281 2851 657 2932 imploretur.
690 2849 882 2914 Parcit
903 2856 1060 2915 enim
1086 2841 1280 2930 nobis,
1305 2873 1378 2915 ne
1400 2841 1613 2932 ingrati
1635 2854 1707 2916 ad
1728 2874 1927 2934 poenas
1947 2841 1988 2892 C
2013 2859 2169 2912 ctum
2191 2850 2264 2912 ad
2294 2868 2363 2912 ea
2385 2867 2515 2930 quae
2531 2856 2689 2910 retro
2713 2857 2854 2910 sunt
2893 2851 3092 2909 omnia
3116 2868 3248 2928 quae
3268 2849 3482 2910 audisti
3518 2841 3657 2930 per-

281 2942 537 3021 majores
561 2941 964 3006 devolvamur.
987 2941 1389 3015 Quamobrem
1415 2951 1705 3024 quotquot
1726 2945 1923 3004 homi-

279 3031 375 3090 nis
403 3028 690 3090 vocabulo
749 3048 1086 3112 censemur,
1150 3031 1560 3111 dispiciamus,
1621 3039 1678 3091 et
1727 3039 1927 3094 atten-

279 3119 489 3179 damus
522 3118 694 3179 nobis
729 3138 974 3181 necesse
1005 3128 1116 3197 est,
1172 3121 1380 3182 ﬁdeles
1431 3120 1602 3199 juxta
1631 3127 1806 3199 atque
1835 3120 1930 3180 in-

280 3206 508 3267 ﬁdeles.
548 3208 712 3286 parvi
743 3215 922 3287 atque
975 3209 1172 3287 magni
1207 3226 1220 3270 :
1281 3218 1348 3271 ut
1377 3207 1652 3268 inﬁdeles
1684 3207 1925 3288 quidem

277 3295 350 3356 ad
384 3296 778 3373 cognitionem
844 3305 901 3357 et
958 3298 1135 3358 ﬁdem
1196 3297 1302 3358 Dei
1365 3297 1690 3357 conditoris
1739 3297 1926 3359 nostri

285 3384 642 3446 veniamus:
701 3384 933 3460 ﬁdeles,
995 3395 1058 3447 ut
1112 3387 1232 3448 vita
1291 3385 1388 3466 pie
1445 3393 1599 3459 acta,
1637 3385 1830 3446 eidem
1865 3384 1924 3446 in

278 3472 440 3532 omni
471 3490 650 3552 opere
680 3471 835 3533 bono
896 3473 1200 3553 placentes
1257 3491 1650 3554 appareamus
1684 3494 1700 3550 ;
1734 3474 1921 3553 parvi,

278 3570 342 3622 ut
371 3561 598 3639 magnis
628 3569 874 3641 propter
893 3562 1208 3623 Dominum
1233 3561 1656 3642 subjiciamur;
1705 3563 1920 3641 magni,

277 3659 342 3711 ut
373 3667 510 3728 erga
537 3669 740 3730 parvos
760 3658 1035 3731 tanquam
1075 3662 1355 3732 parentes
1395 3670 1533 3729 erga
1552 3651 1773 3712 liberos
1791 3653 1923 3712 afﬁ-

277 3739 524 3810 ciamur,
587 3748 829 3820 propter
886 3741 1224 3802 mandatum
1293 3739 1553 3808 Domini,
1617 3739 1916 3801 dicentis:

277 3827 568 3904 Quandiu
608 3829 843 3906 fecistis
884 3831 996 3890 uni
1051 3830 1310 3891 istorum
1341 3846 1416 3890 ex
1442 3829 1716 3890 minimis
1745 3831 1918 3901 meis,

2010 2938 2366 3015 meantibus,
2403 2956 2580 3000 nemo
2612 2956 2806 3018 neque
2837 2937 3137 2998 latronum
3169 2939 3436 3012 illorum,
3460 2957 3656 3018 neque

2011 3029 2338 3092 belluarum
2373 3036 2580 3109 aperte
2611 3046 2680 3088 ac
2713 3036 2985 3106 proterve
3015 3027 3275 3101 insultat,
3307 3035 3404 3088 aut
3435 3046 3656 3108 appro-

2011 3119 2300 3198 pinquare
2329 3118 2529 3179 audet.
2563 3117 2991 3177 Verumtamen
3013 3115 3156 3177 alias
3176 3118 3486 3188 remotius,
3512 3117 3656 3179 alias

2009 3206 2300 3278 vicinius;
2339 3205 2441 3266 alii
2477 3205 2667 3265 minas
2694 3204 3030 3284 intendunt,
3053 3205 3396 3284 caedemque
3417 3205 3653 3286 spiran-

2009 3295 2164 3356 tibus
2188 3294 2376 3357 oculis
2391 3313 2508 3355 non
2531 3293 2784 3363 obeunt;
2811 3293 2910 3353 alii
2932 3292 3285 3373 quibusdam
3306 3294 3657 3355 delinimen—

2009 3385 2080 3444 tis
2113 3391 2171 3445 et
2213 3382 2518 3445 blanditiis
2573 3382 2900 3462 amicisque
2953 3383 3266 3462 colloquiis
3292 3381 3649 3444 vicissitudi-

2009 3493 2146 3537 nem
2177 3483 2234 3536 et
2261 3472 2955 3537 intermissionemnobis
2969 3474 3246 3553 oﬁ‘erunt,
3282 3481 3655 3535 etostentaut

2008 3564 2278 3625 locorum
2331 3581 2439 3643 per
2467 3561 2744 3641 regiones
2774 3561 3232 3636 delectamenta,
3268 3571 3325 3622 et
3355 3562 3651 3624 fructuum

2006 3657 2271 3732 speciem
2305 3650 2792 3732 pulcherrimam,
2830 3650 3252 3730 hortanturque
3270 3659 3333 3711 ut
3356 3649 3649 3729 paulatum

2004 3741 2475 3821 requiescentes,
2510 3738 2773 3800 laborem
2806 3738 2912 3798 via:
2934 3739 3338 3813 consolemur,
3362 3747 3420 3799 et
3440 3739 3514 3800 de
3535 3740 3652 3799 tru-

2004 3829 2196 3890 ctibus
2225 3829 2404 3890 edere
2432 3827 2707 3901 suadent,
2747 3826 2878 3905 plus
2925 3825 3269 3905 voluptatis,
3325 3845 3501 3906 quam
3549 3845 3657 3907 pro

274 3918 427 3979 mihi
446 3917 675 3994 fec-istis
689 3917 772 3978 20.
797 3916 922 3978 Non
948 3917 1130 3998 enim,
1157 3917 1312 3997 quod
1329 3917 1566 3997 quidam
1582 3917 1918 3997 opinantur,
2007 3936 2210 3979 eorum
2225 3915 2880 3998 aspectuaﬁ'erentibus.
2904 3915 3119 3976 Multos
3145 3915 3390 3994 insuper
3411 3916 3653 3995 laqueos

276 4005 352 4068 de
409 4005 767 4086 pauperibus
827 4008 1256 4079 tantummodo,
1317 4017 1377 4067 et
1431 4006 1587 4067 victu
1636 4023 1922 4082 corporeo
2007 4004 2200 4079 nobis,
2228 4004 2778 4084 occasionesquead
2819 4003 3176 4083 capiendum
3204 4003 3419 4080 varias,
3440 4004 3653 4066 callide

276 4094 585 4173 egentibus
637 4096 748 4156 hoc
779 4095 948 4168 dixit,
985 4096 1087 4156 sed
1120 4095 1194 4156 de
1225 4093 1505 4157 fratribus
1535 4095 1673 4155 item
1705 4092 1921 4155 nostris
1942 4115 1988 4172 ῃ
2010 4096 2340 4172 excogitant
2363 4110 2378 4168 ;
2403 4111 2514 4153 nec
2535 4093 2592 4153 id
2619 4111 2724 4171 per
2749 4091 2904 4152 diem
2930 4091 3145 4165 solum,
3173 4092 3275 4152 sed
3313 4111 3422 4172 per
3450 4101 3654 4154 noctes

275 4183 577 4255 omnibus,
615 4184 714 4264 qui
746 4203 865 4244 non
895 4184 1050 4245 fame
1084 4184 1294 4265 pamis,
1330 4192 1387 4244 et
1446 4185 1542 4246 siti
1595 4202 1782 4264 aquze,
1819 4183 1922 4244 sed
2011 4183 2183 4244 etiam
2206 4203 2218 4244 :
2245 4201 2356 4242 nec.
2373 4181 2682 4260 vigilantes
2712 4180 2909 4255 modo,
2935 4198 3139 4240 verum
3165 4181 3656 4242 etiamdormien-

275 4270 576 4350 segnitiei,
611 4279 668 4331 et
701 4271 1120 4333 inobedientiaz
1171 4272 1582 4333 mandatorum
1634 4271 1741 4332 Dei
1772 4289 1920 4332 con-

275 4361 613 4422 tabescunt.
669 4359 895 4422 Omnes
953 4360 1151 4440 itaque
1210 4378 1543 4437 curramus,
1605 4361 1918 4440 aniequam

275 4449 449 4510 nobis
481 4468 587 4529 per
615 4456 871 4510 mortem
929 4449 1294 4528 poenitentiae
1346 4450 1531 4529 janua
1584 4448 1917 4510 claudatur.

275 4538 619 4619 Curramus,
685 4546 749 4598 ut
821 4547 958 4600 ante
1037 4541 1255 4599 exitum
1317 4537 1917 4618 comprehendamus.

273 4627 669 4708 Festinemus,
703 4635 764 4687 ut
793 4627 1177 4707 accipiamus.
1238 4627 1570 4702 Pulsemus,
1631 4633 1695 4687 ut
1725 4625 1920 4706 prius-

277 4735 454 4798 quam
481 4717 555 4778 de
578 4717 688 4778 hac
715 4717 848 4778 luce
872 4717 1217 4795 migremus,
1246 4716 1500 4796 paradisi
1544 4721 1768 4794 portam
1802 4713 1922 4774 Do-

273 4807 472 4867 minus
505 4805 675 4866 nubis
704 4812 953 4880 reseret,
991 4813 1048 4866 et
1080 4805 1344 4885 seipsum
1379 4803 1739 4865 manifestet.
1778 4802 1922 4866 Stu-

273 4897 520 4957 deamus
552 4913 799 4973 regnum
833 4894 1117 4955 ccelorum
1149 4894 1304 4954 intra
1360 4913 1469 4954 nos
1504 4892 1832 4972 acquirere,
1869 4899 1928 4953 et

270 4985 532 5064 idipsum
566 5001 952 5062 cognoscere,
1012 5002 1080 5044 ac
1132 4983 1377 5058 sentire,
1438 4991 1496 5043 et
1552 5000 1629 5044 ne
1659 4982 1788 5042 sine
1819 4981 1921 5042 illo

274 5074 417 5135 hinc
448 5072 843 5134 discedamus.
874 5071 1094 5133 Ircirco
1128 5072 1286 5133 enim
1319 5071 1610 5133 etChristi
1645 5069 1920 5131 mandato

275 5179 385 5242 pro
418 5159 683 5221 subsidio
743 5160 987 5241 utimur,
1043 5168 1248 5240 utpote
1308 5168 1548 5239 propter
1577 5177 1706 5232 nos,
1759 5158 1924 5218 inﬁr-

272 5250 660 5330 mitatemque
696 5257 959 5310 nostram
1009 5247 1377 5329 praescripto.
1440 5247 1669 5310 Idcirco
1701 5264 1923 5309 renun-

351 5418 408 5469 ¹9
437 5420 580 5482 Luc.
613 5434 717 5492 vu,
751 5417 851 5480 50.
937 5417 995 5468 2ο
1021 5417 1225 5481 Matth.
1261 5434 1400 5494 xxv,
1433 5416 1533 5481 40.

2005 4279 2096 4332 tes
2117 4270 2571 4348 aggrediuntur;
2595 4270 2893 4330 interdum
2919 4268 3158 4349 quidem
3183 4270 3652 4345 titillationibus,

2007 4361 2544 4431 etexorationibus;
2576 4357 2876 4419 interdum
2905 4357 3171 4418 ciborum
3197 4358 3653 4421 interdictorum

2005 4456 2174 4526 gustu
2208 4468 2223 4524 ;
2256 4447 2552 4508 interdum
2588 4465 2720 4508 cum
2742 4446 2990 4520 lacibus,
3017 4446 3390 4525 lampadibus
3410 4456 3467 4509 et
3491 4447 3651 4509 ensi-

2009 4537 2118 4597 bus
2143 4545 2418 4616 tanquam
2441 4535 2720 4610 latrones,
2747 4543 2806 4598 ct
2826 4553 2990 4597 mare
3030 4535 3325 4597 latronum
3359 4556 3464 4598 nos
3491 4538 3653 4600 inva-

2009 4625 2176 4701 dunt,
2212 4633 2622 4705 terroremque
2675 4623 2884 4685 mortis
2939 4623 3257 4686 incutiunt.
3313 4627 3655 4688 Percellunt

2009 4733 2114 4774 nos
2132 4713 2488 4774 arbitrantes
2509 4713 2691 4774 etiam
2714 4731 2747 4773 a
2768 4724 2932 4774 recto
2977 4712 3193 4774 itinere
3215 4731 3549 4776 aversuros.
3585 4715 3653 4776 Et

2006 4801 2279 4862 nonnulli
2310 4801 2552 4880 quidem
2585 4800 2660 4861 de
2691 4800 2836 4879 ipsis
2867 4809 3112 4862 monent
3141 4802 3270 4862 ﬁeri
3301 4821 3420 4864 non
3453 4822 3647 4882 posse,

2008 4894 2070 4952 ut
2092 4892 2358 4973 quandiu
2390 4891 2659 4967 vivimus,
2694 4892 2872 4972 hujus
2901 4891 3009 4954 viae
3059 4892 3438 4954 difﬁcultates
3466 4893 3651 4954 susti-

2007 4999 2276 5044 neamus.
2310 4981 2454 5062 Alii,
2487 4982 2612 5042 haec
2644 4999 2776 5042 esse
2831 4981 3197 5060 infrugifera,
3235 4990 3292 5044 et
3320 5002 3450 5063 qua:
3479 4984 3650 5045 labo-

2005 5069 2274 5130 rantibus
2305 5069 2525 5131 nullam
2593 5079 2812 5149 queant
2865 5069 3180 5131 utilitatem
3245 5088 3474 5150 parere.
3533 5071 3650 5135 Alii

2005 5177 2307 5238 nunquam
2342 5177 2476 5220 esse
2505 5177 2618 5219 nec
2651 5159 2777 5219 fore
2809 5159 2988 5220 ﬁnem
3022 5160 3198 5237 hujus
3216 5160 3343 5235 viae,
3381 5178 3451 5221 eo
3482 5179 3649 5240 argu-

2007 5256 2229 5323 mento,
2263 5248 2420 5328 quod
2452 5245 2805 5328 quibusdam
2837 5265 2934 5309 res
2992 5265 3196 5328 parum
3227 5248 3486 5312 feliciter
3517 5268 3650 5330 pro-
