4112 6106
507 197 623 264 46⁸7
1808 195 2120 260 ΞΥΜΕΟΝ

2226 190 2577 259 JUNIORIS
3774 205 3891 270 468

500 333 774 407 cesserit,
808 339 867 393 et
896 331 1041 394 eoin
1060 329 1268 410 primis
1289 328 1447 411 quod
1474 328 1575 411 qui
1597 329 1847 390 multum
1872 325 2161 408 temporis
2180 334 2223 382 Α
2244 323 2530 387 adversus
2551 341 2711 406 eum,
2737 345 2855 390 non
2880 345 3277 406 murmurare,
3303 350 3422 394 non
3464 332 3741 412 illudere,
3774 354 3895 397 non
3922 373 3925 375 »

500 422 561 484 in
613 423 735 483 hoc
781 419 1016 482 vivendi
1061 437 1283 498 genere
1333 417 1764 492 contriverunt,
1817 415 2047 480 nullttm
2081 433 2149 477 ex
2233 414 2516 506 irridere,
2541 417 2601 478 in
2615 417 3165 502 judicionunquam
3190 440 3303 485 nec
3326 442 3524 504 parva,
3548 443 3660 488 nec
3682 445 3895 506 magna

500 511 890 573 diuturnitate
922 509 1178 570 fructum
1208 507 1599 588 reportarint,
1622 506 1762 569 dum
1798 506 2056 587 putarint
2087 524 2151 568 se
2232 503 2307 593 de
2336 523 2403 567 re
2436 506 2825 569 contendere.
2856 503 3385 574 Persuasissimum
3417 531 3558 592 ergo
3589 503 3884 593 habeatis,

501 620 736 662 cursum
773 598 1188 660 mandatorum
1222 596 1328 659 Dei
1361 613 1626 672 currere,
1656 596 1787 657 etid
1806 614 1923 656 non
1941 614 2152 657 secun-
2231 591 2447 655 fratres
2479 594 2599 656 mei
2628 594 2857 674 dilecti,
2891 598 3040 659 nihil
3077 605 3197 660 tam
3226 599 3402 662 facile
3431 591 3685 664 salutem
3717 591 3886 666 vobis

499 690 642 750 dum
676 688 1015 767 scientiam,
1051 705 1118 748 ac
1146 704 1289 747 sano
1340 684 1571 764 judicio
1603 684 2003 766 praestiterint,
2038 683 2142 746 sed
2229 681 2710 758 cenciliaturum,
2736 703 2911 765 quam
2932 685 3133 749 divina
3155 685 3472 751 Salvatoris
3486 690 3658 770 jussa
3683 691 3881 754 faces-

499 778 573 840 ad
607 796 907 856 numeros,
933 794 1085 856 quos
1112 774 1226 835 sibi
1258 773 1554 848 ﬁnxerint,
1591 781 1648 835 et
1673 773 1747 834 ad
1771 773 2139 853 opinionem,

498 886 672 948 quam
705 866 779 926 de
814 884 877 927 se
904 865 1016 945 ipsi
1048 863 1227 924 stulte
1259 862 1578 924 habuerint
1612 879 1625 925 :
1684 862 1899 943 quibus
1930 863 2140 925 merito

497 955 671 1017 etiam
690 972 925 1032 gressus
942 952 1269 1015 secundum
1286 951 1466 1012 Deum
1485 950 1910 1032 praeciduntur,
1924 951 2135 1028 illusis,

497 1052 556 1105 et
586 1044 656 1104 ad
693 1062 761 1103 ea
793 1062 924 1122 quae
955 1050 1116 1103 retro
1151 1047 1290 1103 sunt
1327 1039 1784 1121 revertentibus,
1820 1058 2003 1120 seque
2034 1060 2142 1121 per

496 1131 910 1212 negligentiam
931 1131 1209 1210 maligno,
1238 1129 1308 1192 ad
1343 1147 1508 1191 suam
1533 1129 1592 1190 in
1622 1129 1768 1211 ipsis
1785 1129 2139 1192 voluntatem

497 1221 862 1300 explendam
898 1219 1293 1283 tradentibus.

578 1309 692 1372 Sed
723 1329 829 1370 cur
851 1329 959 1389 ego
991 1309 1102 1371 ista
1129 1310 1280 1391 apud
1307 1328 1407 1371 vos
1438 1310 1647 1372 fratres
1669 1326 1832 1369 meos
1854 1306 2136 1385 spiritua-

493 1399 582 1460 les
611 1399 838 1460 dissero
868 1399 898 1459 ‘?
945 1398 1092 1471 Quia
1144 1398 1442 1460 nimorum
1499 1397 1792 1460 excedunt
1815 1396 2139 1459 adversarii

491 1489 681 1551 nostri
706 1487 949 1557 diaboli,
973 1488 1489 1570 malignorumque
1511 1489 1641 1568 ejus
1661 1486 1976 1567 spirituum
1998 1486 2139 1548 insi-

488 1577 605 1641 diae
635 1585 694 1638 et
727 1576 1039 1638 tendiculzn
1123 1577 1584 1639 Consideremus
1613 1593 1720 1637 nos
1744 1575 1905 1655 ipsos
1934 1575 1995 1635 in
2020 1576 2133 1657 via,

493 1667 568 1729 de
600 1685 713 1747 qua
740 1666 1019 1739 diximus,
1054 1665 1153 1745 qui
1183 1667 1272 1727 vel
1326 1684 1516 1746 nuper
1549 1681 1678 1726 eam
1711 1664 2013 1744 inivimus,
2045 1664 2133 1726 vel

490 1754 715 1817 diutius
745 1755 803 1815 in
838 1773 906 1817 ea
928 1754 1323 1831 perreximus,
1350 1753 1505 1815 etab
1538 1751 1815 1814 omnibus
1846 1751 1976 1813 istis
2004 1771 2134 1832 qua;

492 1843 666 1907 dictae
688 1854 821 1905 sunt
846 1843 1055 1905 bestiis
1074 1856 1125 1904 et
1144 1842 1494 1918 latronibus,
1520 1842 1708 1904 multa
1729 1840 1965 1922 quidem
1981 1841 2134 1921 passi

489 1952 695 1995 eorum
713 1931 1481 2013 qumcommemoravimus,
1501 1931 1691 2012 gratia
1702 1938 1895 1992 autem
1915 1931 2133 1993 Christi

486 2040 682 2103 neque
700 2021 1135 2083 adulationibus
1149 2020 1334 2100 decep
1348 2021 1618 2100 ti,neque
1633 2018 1922 2098 elegantia
1933 2037 2130 2081 rerum

482 2110 893 2190 apparentium
922 2110 990 2170 ad
1017 2109 1372 2189 voluptatem
1401 2108 1601 2169 furtim
1624 2106 2133 2187 pertracti,neque

482 2197 694 2259 timore
726 2205 826 2258 aut
850 2197 1025 2258 minis
1061 2198 1130 2258 ad
1172 2196 1590 2258 declinandum
1616 2195 1689 2256 de
1711 2203 1873 2256 recta
1890 2194 2003 2268 via,
2034 2204 2134 2257 aut

482 2304 516 2347 a
543 2304 855 2364 progressu
877 2285 1279 2347 desistendum
1296 2285 1519 2360 inflexi,
1539 2302 1734 2364 neque
1751 2302 1887 2345 vero
1911 2290 2130 2346 retror-

483 2375 897 2436 sumronversi
923 2393 1150 2448 sumus,
1182 2373 1287 2435 sed
1312 2373 1527 2454 potius,
1552 2380 1607 2433 et
1624 2371 1866 2453 quidem
1888 2380 2131 2435 conten-

484 2468 599 2523 tius
631 2464 1142 2526 currimus..Num
1188 2463 1249 2523 in
1310 2461 1410 2523 tali
1464 2468 1620 2522 statu
1676 2467 1736 2520 et
1788 2460 2127 2522 conditione

482 2559 708 2623 nostra,
742 2551 965 2632 quievit
990 2570 1022 2610 a
1074 2551 1245 2611 nobis
1298 2548 1713 2630 oppugnandis
1743 2547 1986 2611 Satanas
2024 2570 2039 2625 ;
2071 2559 2127 2612 et

483 2658 625 2699 num
660 2640 975 2719 aliquando
1010 2639 1247 2699 tandem
1283 2638 1595 2718 quieturus
1626 2645 1712 2698 est
1743 2636 1767 2699 ?
1810 2640 2122 2719 Nunquam

480 2747 638 2790 sane.
673 2727 966 2799 Quocirco
987 2731 1142 2790 Deus
1172 2746 1411 2807 semper
1438 2726 1611 2787 nobis
1632 2744 1863 2789 summo
1895 2728 2130 2791 deside—

2225 787 2384 832 sere.
2421 769 2823 834 Nihilominus
2855 774 3056 836 multis
3087 775 3386 858 lacrymis,
3420 769 3605 840 multo
3640 779 3874 855 timere,

2224 859 2412 921 multa
2434 859 2737 940 patientia,
2760 864 3318 946 perseverantiaque
3339 865 3401 927 in
3412 866 3692 947 precibus
3704 869 3875 930 nobis

2223 966 2372 1027 opus
2401 956 2513 1024 est,
2538 958 2601 1010 ut
2643 949 2853 1013 saltem
2887 951 3061 1014 unius
3091 953 3261 1016 verbi
3287 953 3521 1016 Domini
3554 957 3741 1020 virtus
3771 950 3872 1020 re;

2221 1035 2455 1098 veletur
2474 1036 2668 1119 nobis,
2689 1046 3103 1115 ut_noscamus
3136 1043 3293 1124 quod
3319 1044 3386 1104 .iu
3415 1044 3610 1124 parvis
3635 1063 3871 1109 sermo-

2225 1124 2404 1188 nibus
2429 1127 2557 1206 ejus
2578 1126 2991 1191 absconditum
3017 1138 3108 1192 est
3129 1132 3500 1212 mysterium,
3522 1140 3587 1194 ut
3617 1152 3722 1213 pro
3755 1153 3873 1196 uno

2224 1214 2836 1303 apiceimandatorum
2867 1217 3085 1281 Christi
3115 1221 3351 1281 animas
3380 1229 3615 1284 nostras
3647 1240 3876 1303 ponere

2219 1320 2297 1362 ne
2323 1302 2688 1365 dubitemus.
2721 1305 2933 1367 Sermo
2962 1306 3124 1367 enim
3160 1307 3270 1369 Dei
3292 1317 3576 1383 armatus,
3611 1302 3670 1373 et
3703 1309 3878 1390 quasi

2221 1391 2454 1470 gladius
2470 1411 2690 1472 anceps
2715 1391 2800 1469 28,
2834 1400 2894 1456 et
2924 1412 2958 1456 a
2987 1415 3104 1477 quo
3133 1395 3267 1478 quis
3297 1396 3485 1460 victus
3515 1405 3624 1477 est,
3647 1399 3780 1479 ejus
3810 1407 3873 1461 et

2222 1496 2425 1541 servus
2455 1489 2545 1541 est
2570 1481 2650 1545 99.

2301 1566 2584 1659 Utautem
2597 1572 2867 1652 exemplo
2894 1591 3131 1655 quoque
3148 1573 3433 1636 credibile
3454 1574 3689 1658 faciam,
3705 1577 3868 1659 quod

2219 1656 2375 1734 dico,
2401 1676 2503 1718 vos
2520 1657 2924 1739 interrogabo.
2948 1663 3053 1725 Cui
3092 1680 3226 1724 cum
3247 1662 3480 1745 decem,
3503 1672 3603 1727 aut
3630 1656 3866 1727 duode-

2217 1745 2335 1807 cim
2359 1746 2498 1808 viris
2532 1758 2812 1829 suscepta
2837 1757 2926 1811 est
2963 1749 3288 1826 dimicatio,
3316 1751 3456 1813 dum
3491 1771 3699 1816 manus
3730 1772 3866 1816 cum

2216 1833 2292 1896 iis
2322 1835 2605 1910 conserit,
2632 1837 2682 1897 si
2707 1837 3128 1919 antesignanos
3158 1847 3215 1902 et
3268 1839 3625 1903 fortissimos
3656 1860 3867 1904 eorum

2216 1922 2392 1984 simul
2423 1926 2614 2004 prima
2644 1925 3039 2006 impressione
3067 1928 3127 1988 in
3150 1928 3347 2007 fugam
3370 1930 3750 2011 compulerit,
3774 1949 3868 1992 re-

2215 2011 2408 2102 liquos
2438 2013 2856 2090 vulneraverit,
2907 2033 2977 2079 ac
3025 2019 3440 2097 prostraverit,
3475 2037 3662 2081 unum
3694 2037 3862 2102 vero,

2214 2116 2311 2189 aut
2337 2100 2486 2163 duos
2509 2120 2581 2163 ex
2604 2102 2699 2164 his
2720 2103 3227 2185 despicabiliores,
3255 2105 3739 2189 infirmioresque
3757 2100 3868 2171 re?

2213 2188 2389 2250 lictos
2413 2199 2618 2270 postea
2636 2191 2866 2268 timide,
2893 2201 2946 2254 et
2970 2212 3103 2255 cum
3128 2193 3441 2257 blanditiss
3463 2188 3669 2277 procul
3699 2197 3771 2258 ad
3793 2215 3866 2260 se

2216 2277 2522 2341 venientes
2546 2279 2778 2360 viderit,
2797 2299 2906 2342 nec
2918 2300 3241 2347 occurrens
3262 2301 3368 2346 eos
3388 2284 3861 2365 comprehende-

2211 2366 2312 2447 rit,
2346 2385 2556 2428 manus
2590 2387 2744 2448 pone
2773 2369 3114 2445 revinxerit,
3173 2379 3273 2434 aut
3305 2373 3616 2449 occiderit,
3654 2392 3858 2436 nonne

2210 2454 2445 2544 saeviter
2473 2456 2544 2518 ab
2566 2458 2641 2518 iis
2665 2457 2792 2538 ipse
2825 2458 3268 2522 trucidabitur?
3300 2460 3536 2525 Sienim
3549 2480 3621 2525 ex
3646 2481 3859 2544 super-

2210 2542 2306 2605 bia
2325 2552 2384 2606 et
2398 2546 2733 2625 arrogantia
2750 2548 3033 2627 projectis
3049 2549 3233 2611 armis
3242 2542 3856 2633 recubuerit,illisque

2209 2633 2563 2713 contemptis
2593 2634 2843 2715 supinus
2891 2635 3264 2714 dormiverit,
3314 2658 3389 2701 an
3421 2658 3539 2701 non
3570 2641 3765 2702 sciens
3794 2647 3859 2702 et

2216 2722 2419 2784 volens
2449 2724 2511 2784 in
2541 2725 2888 2787 servitutem
2916 2725 3152 2789 miseris
3183 2727 3303 2790 iliis
3345 2747 3411 2792 se
3441 2729 3679 2790 tradidit
3705 2735 3734 2793 ?
3761 2729 3855 2791 An

477 2816 593 2890 rio,
630 2826 869 2898 totaque
903 2830 1104 2878 mente
1166 2816 1428 2877 orandus
1481 2823 1592 2889 est,
1627 2833 1703 2876 ne
1733 2835 1840 2877 nos
1870 2836 2127 2898 unquam
2216 2829 2331 2871 non
2354 2814 2449 2892 qui
2473 2814 3085 2893 superveneruntduo
3108 2835 3178 2878 ex
3206 2816 3850 2894 illis,autetiamunus,

477 2906 734 2967 inescari
759 2897 790 2966 a
815 2906 1091 2981 maligno,
1123 2913 1221 2966 aut
1245 2906 1365 2967 falli
1392 2904 1663 2985 patiatur.
1690 2904 1844 2975 Haec
1877 2897 2061 2986 pauca
2093 2929 2125 2972 e
2146 2900 2185 2950 ε
2209 2897 2457 2980 ligatum
2484 2920 2616 2963 eum
2643 2903 2703 2963 in
2724 2921 2832 2965 SUO
2854 2903 3152 2985 mancipio
3176 2905 3439 2986 habebit,
3464 2914 3522 2967 el
3545 2923 3649 2985 pro
3672 2924 3852 2967 servo

477 2994 680 3055 multis
712 2993 1158 3057 decertantibus
1189 2992 1642 3074 disputavimus.

558 3082 729 3145 Deiis
751 3102 947 3163 porro,
976 3083 1075 3163 qui
1100 3082 1259 3142 nullo
1286 3080 1656 3155 discrimine,
1675 3088 1732 3142 et
1754 3081 1898 3143 nihil
1922 3083 2122 3146 omnia

475 3173 810 3253 pendentes
837 3173 953 3234 hac
979 3173 1116 3245 vita,
1154 3179 1209 3231 et
1239 3170 1351 3231 vita
1384 3170 1989 3251 ingrediuntur,,quid
2012 3192 2119 3253 ego

481 3264 675 3327 dicam
712 3262 737 3322 Υ
765 3259 1248 3341 quandoquidem
1280 3260 1443 3321 velut
1474 3259 1730 3339 stupida:
1758 3278 1894 3321 aves
1922 3263 2116 3324 omnis

475 3351 714 3434 generis
745 3347 966 3411 diaboli
1024 3348 1253 3430 laqueis
1304 3345 1677 3423 irretiuntur,
1711 3355 1902 3410 semet
1929 3351 2114 3412 cuivis

472 3439 708 3503 atl‘ectui
739 3438 1027 3500 dedentes
1048 3457 1116 3499 ac
1132 3436 1558 3514 mancipantes,
1584 3444 1642 3497 et
1664 3453 1859 3499 escam
1878 3455 2116 3518 semper

473 3529 731 3607 maligno
768 3546 833 3589 se
870 3526 1246 3605 objicientes,
1280 3523 1697 3600 circumeunti,
1754 3533 1812 3586 et
1845 3529 2113 3605 rugienti

472 3618 671 3678 instar
692 3616 906 3696 leonis,
931 3617 1345 3695 quwrentique
1358 3632 1535 3695 quem
1548 3613 1872 3689 devoreﬁl,
1891 3623 1946 3678 et
1965 3618 2117 3679 mori

471 3712 823 3786 praeoptent,
858 3722 1031 3783 quam
1069 3722 1101 3765 e
1133 3703 1409 3764 dentibus
1439 3712 1498 3767 et
1526 3702 1795 3766 faucibus
1826 3703 1957 3784 ejus
1986 3723 2116 3765 cru-

467 3794 790 3856 delissimis
817 3793 1067 3854 extrahi.
1097 3793 1315 3854 Hortor
1335 3794 1557 3875 itaque,
1582 3800 1641 3853 et
1682 3810 1889 3854 omnes
1918 3801 2113 3855 oratos

466 3882 598 3944 velo
630 3883 689 3943 in
722 3881 961 3944 Christo
989 3881 1151 3956 Jesu,
1188 3892 1249 3942 ut
1283 3880 1675 3963 sibimetipsis
1704 3880 2032 3963 attendant,
2059 3891 2116 3944 et

364 4032 385 4041 _
466 3970 874 4052 unusquisque
899 3988 1013 4030 non
1041 3970 1171 4050 plus
1195 3988 1368 4050 quam
1394 3978 1648 4051 oportet,
1669 3970 1773 4033 sed
1788 3969 1860 4031 ad
1878 3968 2111 4033 sobrie-

466 4066 645 4121 tatem
679 4060 867 4139 sapiat
892 4060 976 4132 ‘23,
1032 4060 1439 4140 directamque
1491 4058 1672 4140 viam,
1705 4077 1835 4139 qua:
1868 4061 2023 4121 Deus
2053 4068 2111 4121 et

466 4147 737 4210 Christus
762 4155 870 4223 est,
898 4147 1164 4211 ambulet
1188 4148 1377 4228 (cuiet
1398 4148 1764 4229 respondere
1790 4146 2105 4228 oportebit,

2203 2988 2518 3051 abducet?
2574 2999 2674 3052 aut
2734 2992 2785 3052 si
2836 2991 3015 3055 etiam
3047 2993 3240 3072 gladio
3263 2993 3641 3073 jugulaverit,
3672 2993 3854 3056 faciet

2204 3077 2481 3140 omnibus
2513 3079 2860 3142 mortalibus
2891 3079 3207 3143 ludibrium
3240 3081 3265 3143 ?
3306 3084 3524 3144 Annon
3560 3089 3855 3162 praeterea

2202 3183 2410 3227 omnes
2434 3168 2524 3228 sui
2558 3169 2956 3248 negligentem
2985 3177 3041 3231 et
3069 3169 3467 3232 confidentem
3498 3169 3694 3247 illum,
3724 3170 3850 3233 imo

2199 3252 2542 3317 dementem
2575 3275 2647 3318 ac
2703 3257 3004 3338 stupidum
3062 3257 3275 3320 merito
3338 3278 3561 3321 czesum
3590 3258 3851 3321 dicent?

2198 3343 2456 3405 Omnino
2475 3343 2637 3406 enim
2666 3364 2784 3407 non
2808 3355 2924 3407 tam
2964 3346 3279 3410 laudabilis
3310 3348 3424 3410 erit
3456 3360 3705 3430 propter
3731 3368 3845 3430 pu-

2196 3449 2370 3510 gnam
2392 3440 2445 3493 et
2467 3431 2773 3495 victoriam
2806 3434 2968 3497 illam
3001 3444 3208 3498 contra
3241 3440 3535 3514 fortiores,
3568 3456 3741 3519 quam
3758 3436 3842 3498 vi-

2196 3519 2568 3600 tuperabilis,
2627 3521 3087 3600 abominandus,
3146 3533 3204 3587 et
3249 3525 3706 3606 vilipendendus
3734 3544 3843 3586 seu

2198 3625 2426 3684 servus,
2447 3627 2551 3671 seu
2569 3618 2860 3688 mortuus,
2884 3621 2949 3673 ut
2966 3612 3154 3675 libere
3176 3614 3394 3691 dicam,
3439 3613 3596 3695 quod
3619 3612 3693 3675 ab
3721 3632 3843 3675 uno

2198 3694 2298 3759 illo
2338 3700 2528 3760 victus
2560 3700 2660 3762 sit.
2694 3698 2793 3763 Sic
2821 3699 3024 3782 igitur,
3074 3701 3287 3764 fratres
3333 3694 3838 3782 meicbarissimi,

2196 3786 2342 3849 nihil
2362 3786 2533 3849 nobis
2557 3787 2845 3868 proderit,
2872 3788 2921 3848 si
2948 3790 3275 3870 majoribus
3297 3787 3841 3872 perturbationibus

2199 3874 2499 3950 edomitis,
2530 3875 2591 3937 in
2625 3876 2924 3938 minorum
2979 3885 3277 3957 potestate
3326 3879 3535 3943 simus.
3570 3876 3842 3959 Exempli

2195 3962 2385 4042 gratia
2419 3964 2650 4045 (eadem
2683 3964 2846 4027 enim
2876 3984 3081 4028 rursus
3131 3966 3348 4042 dicam,
3400 3977 3459 4029 et
3486 3967 3689 4029 dicere
3718 3984 3838 4027 non

2195 4051 2484 4127 desinam)
2514 4054 2563 4115 si
2595 4052 2790 4115 carnis
2813 4054 3264 4134 inquinamenta
3282 4058 3560 4131 vitemus,
3577 4056 3629 4117 si
3656 4054 3729 4118 ab
3750 4055 3839 4117 in-

2188 4139 2367 4222 vidia,
2403 4150 2460 4203 et
2489 4143 2665 4204 furtis
2696 4142 2894 4222 magni
2930 4145 3216 4206 momenti
3263 4144 3690 4221 abstineamus,
3722 4145 3836 4207 sia

463 4235 702 4313 utjusto
728 4235 947 4309 Judici,
972 4236 1147 4317 etqui
1167 4234 1572 4299 circumscribi
1598 4236 1821 4316 nequit)
1848 4254 1961 4296 non
1994 4237 2102 4298 de-
2126 4255 2170 4305 ι)
2189 4229 2430 4291 nefariis
2458 4249 2776 4311 puerorum
2794 4232 3125 4307 amoribus,
3155 4241 3214 4296 et
3242 4252 3446 4296 aversa
3485 4233 3755 4310 libidine,
3785 4231 3839 4295 si

463 4322 756 4384 clinantes
772 4323 843 4384 ad
864 4324 1156 4399 dextram,
1184 4344 1296 4386 nec
1318 4325 1391 4386 ad
1418 4324 1823 4387 sinistramZ":
1854 4324 1957 4387 sed
1977 4325 2107 4404 ejus

460 4410 706 4488 vestigia
756 4419 1041 4491 perpetuo
1101 4420 1467 4493 prementes,
1528 4413 1593 4473 in
1651 4412 1945 4475 mandatis
1976 4413 2106 4493 ejus

462 4497 741 4559 omnibus
784 4499 1017 4579 absque
1049 4500 1169 4561 ulla
1194 4500 1522 4562 omissione
1580 4500 2006 4576 custodiendis,
2042 4511 2106 4563 ut

463 4585 775 4647 salvemini
805 4586 959 4649 sicut
989 4606 1202 4668 caprea
1233 4607 1264 4649 θ
1297 4590 1568 4665 maculis,
1623 4602 1681 4650 et
1718 4608 1922 4670 passer
1952 4608 1983 4651 e
2014 4590 2104 4651 la-

458 4674 695 4755 queo”.
714 4675 977 4738 Primum
991 4677 1211 4758 quippe
1226 4678 1568 4740 mandatum
1584 4686 1694 4752 est,
1719 4678 1966 4757 diligere
1981 4678 2102 4740 Do-

458 4763 685 4827 minum
708 4764 918 4831 Deum.
943 4773 1000 4849 et
1021 4767 1296 4828 mandata
1310 4768 1780 4847 ejusservare93,
1808 4769 2107 4847 sicutipse

454 4852 582 4916 ait:
648 4854 770 4929 Qui
816 4853 1023 4934 diligit
1066 4872 1181 4927 me,
1242 4856 1536 4921 mandata
1562 4874 1699 4920 mea
1720 4858 1987 4921 custodit
2013 4857 2097 4912 96-

453 4939 1098 5022 Secundum,’diligere
1119 4942 1275 5005 inter
1293 4962 1380 5018 se,
1416 4945 1570 5007 sicut
1597 4945 1726 5026 ipse
1756 4945 1914 5008 Deus
1933 4966 2103 5009 mun-

450 5028 592 5091 dum
625 5030 852 5092 dilexit.
880 5030 1036 5093 Vera
1065 5039 1264 5093 autem
1295 5032 1535 5095 dilectio
1567 5033 1662 5095 his
1691 5034 1858 5114 quasi
1888 5035 2094 5097 chara-

450 5118 713 5181 cterihus
741 5120 1119 5198 cognoscitur
1135 5119 1219 5192 27,
1255 5120 1537 5183 adversus
1566 5121 1805 5184 fratrem
1838 5141 1954 5184 non
1998 5125 2095 5185 in-

2189 4336 2223 4379 a
2254 4319 2524 4400 mollitie,
2556 4327 2616 4383 et
2660 4323 2822 4383 omni
2876 4322 2990 4383 alia
3045 4323 3377 4403 petulantia
3405 4330 3829 4402 temperemus,

2188 4406 2331 4467 vitio
2364 4415 2560 4469 tamen
2589 4407 2836 4485 ventris,
2887 4417 2988 4471 aut
3036 4410 3219 4471 multo
3272 4410 3430 4485 vino,
3464 4420 3567 4473 aut
3596 4428 3831 4492 somno,

2186 4503 2284 4555 aut
2300 4494 2556 4570 inertiae,
2579 4497 2964 4578 autpigritiaa,
2989 4498 3832 4574 contradictioni,inobedien-

2188 4582 2309 4660 tiae,
2326 4586 2779 4646 murmurationi
2805 4595 3081 4668 tanquam
3094 4587 3271 4663 servi,
3296 4588 3683 4666 etﬂagriones
3695 4587 3830 4650 sub-

2184 4670 2483 4752 jiciamur,
2520 4692 2721 4756 quem,
2769 4676 3043 4749 obsecro,
3097 4694 3166 4737 ex
3195 4676 3321 4737 sola
3348 4695 3597 4757 operum
3632 4678 3831 4753 pessi-

2191 4778 2423 4822 morum
2443 4761 2801 4825 abstinentia
2824 4765 3077 4826 fructum
3103 4773 3579 4846 consequemur?
3603 4766 3828 4830 Siclam

2192 4850 2361 4930 panis
2394 4850 2723 4930 fragmenta
2752 4854 3131 4935 surripimus.
3187 4861 3247 4915 et
3304 4854 3695 4932 comedimus,
3728 4866 3832 4919 aut

2184 4939 2490 5019 quippiam
2525 4942 2683 5003 aliud
2733 4942 2975 5004 aliunde
3027 4942 3415 5023 sublegimus,
3469 4943 3649 5025 idque
3678 4946 3829 5008 citra

2185 5029 2539 5107 permissum
2563 5030 2823 5111 praafecti
2849 5032 3061 5105 nostri,
3086 5034 3189 5111 qui
3213 5050 3319 5093 nos
3345 5034 3569 5112 peccati
3600 5034 3825 5097 immu-

2181 5134 2287 5178 nes
2303 5118 2646 5198 pronuntiet
2668 5119 2692 5182 ?
2718 5119 2779 5183 Si
2802 5139 2835 5181 a
2855 5121 3058 5201 synaxi
3080 5121 3306 5202 absque
3329 5140 3540 5201 magna
3554 5125 3827 5204 corporis

448 5206 598 5293 ﬂari,
633 5226 746 5270 nec
774 5208 998 5287 efferri,
1034 5227 1145 5271 nec
1173 5209 1438 5271 aemulari
1469 5210 1661 5287 illum,
1694 5211 1796 5274 sed
1830 5208 2094 5273 aemulari
2179 5204 2610 5280 imbecillitate,
2629 5218 2729 5271 aut
2750 5211 3107 5272 necessiuate
3127 5210 3550 5293 aliquasponte
3571 5212 3832 5277 abfueri-

444 5291 665 5356 bonum
696 5314 710 5358 :
771 5317 885 5361 non
911 5317 1087 5378 agere
1121 5317 1457 5380 perperam,
1495 5319 1614 5362 non
1648 5318 1783 5364 esse
1811 5301 2095 5364 audacem

524 5450 572 5495 εί
606 5449 632 5534 1
659 5452 817 5534 Petrg.
847 5471 907 5534 Υ,
944 5455 1015 5534 ί8.
1098 5455 1153 5500 92
1179 5457 1353 5521 Rom.
1384 5475 1489 5534 xu,
1548 5461 1609 5522 3.

2183 5296 2357 5361 mus?
2388 5293 2450 5357 Si
2480 5296 2706 5360 fructus
2740 5300 3170 5377 custodientes,
3193 5299 3266 5363 ab
3306 5299 3452 5383 ipsis
3479 5302 3675 5383 gulam
3706 5323 3828 5366 non

1695 5457 1764 5550 ᾖ
1782 5461 1958 5526 Deut.
1990 5476 2113 5550 Χῖιι

2207 5461 2314 5550 ξ.-
2346 5459 2443 5550 ξέιΔ
2477 5463 2657 5550 Prov.
2679 5481 2766 5550 ιιι,
2820 5466 2916 5528 15.
3003 5467 3063 5519 εὖ
3088 5465 3241 5531 Deut
3298 5485 3379 5550 vr,
3413 5468 3474 5531 5.
3559 5468 3619 5521 ³6
3644 5469 3821 5537 Joan.

445 5545 564 5593 xxv.
605 5533 702 5593 t5.
786 5532 895 5595 271
924 5533 1057 5598 Cor.
1092 5552 1218 5613 xm,
1254 5539 1282 5600 1
1318 5532 1487 5621 seqq.
1573 5538 1632 5591 ³8
1658 5538 1842 5605 Hebr.
1877 5558 1960 5619 tv,
1996 5539 2090 5603 12.
2176 5541 2238 5592 99
2264 5540 2314 5604 ΙΙ
2345 5544 2506 5606 Petr.
2536 5559 2600 5617 II,
2632 5545 2731 5606 19.
