4112 6106
298 137 416 201 469

1729 145 2009 210 ORATIO
2051 143 2241 209 XXX.

3555 137 3672 205 470

294 271 813 336 continuerimus?
842 275 1069 336 Etenim
1105 276 1242 356 quid
1275 277 1434 337 aliud
1464 279 1754 341 Adamum
1776 297 1808 340 e
1841 296 1936 357 pa-
1960 285 2002 332 Α
2025 275 2393 340 descendere
2427 280 2486 339 in
2522 286 2765 353 terram,
2802 279 2864 338 in
2907 293 3096 357 eaque
3145 275 3476 337 consistere
3505 271 3672 334 nullo

294 359 495 421 radiso
513 361 715 442 ejecit,
740 365 1029 443 mortique
1048 364 1318 424 dedidit?
1340 365 1490 437 Quid
1515 385 1582 427 ex
1607 368 1939 444 graviorum

295 446 534 508 illorum
552 447 828 510 vitatione
847 451 1140 511 commodi
1161 452 1497 512 nanciscem
1509 453 1607 513 ur?
1638 452 1758 513 Nec
1781 453 1940 513 enim

295 535 592 616 quispiam
630 545 747 597 toto
781 538 1226 615 corporelacer,
1262 539 1478 600 deinde
1511 541 1777 620 pluribus
1811 560 1940 601 me-

295 623 674 699 dicamentis,
700 635 912 704 praeter
937 645 1120 687 unam
1174 627 1468 689 modicam
1509 638 1737 708 p'agam
1769 647 1940 689 cura-

292 720 408 786 tus,
435 712 554 774 dici
584 733 762 774 sanus
786 723 1003 794 potest,
1031 716 1082 776 si
1101 716 1361 778 vulneris
1395 737 1605 798 parvas
1631 717 1934 798 reliquias,

294 808 360 863 ut
387 802 674 864 foramem
695 823 835 864 acus
850 806 1043 866 adhuc
1072 805 1485 867 circumferat:
1511 807 1616 868 sed
1643 808 1740 887 qui
1764 807 1940 867 etiam

295 889 603 951 vulnerum
624 891 950 967 cicatrices,
977 895 1027 954 si
1053 902 1265 975 potest,
1310 896 1632 969 sustulerit,
1657 897 1755 956 ille
1779 914 1944 956 cura-

293 985 389 1040 tus
418 979 836 1058 pmdicabitur
864 981 940 1042 ob
972 981 1274 1044 omnibus.
1320 982 1404 1044 Ne
1437 984 1616 1062 igitur
1657 984 1769 1044 ista
1801 1003 1939 1064 par-

292 1067 675 1130 viducamus:
712 1069 818 1130 sed
847 1079 1088 1150 propter
1113 1089 1182 1132 ea
1213 1071 1360 1134 alios
1393 1074 1650 1150 punitos,
1678 1082 1736 1134 et
1767 1073 1940 1133 vehe-

295 1165 531 1217 menter
550 1157 857 1218 damnatos
886 1159 1222 1239 audientes,
1253 1161 1408 1240 quod
1444 1180 1550 1220 nos
1582 1160 1722 1222 inde
1755 1181 1941 1222 nocu-

296 1252 561 1306 mentum
594 1254 810 1319 manet,
848 1247 984 1307 totis
1015 1247 1238 1309 viribus
1289 1248 1601 1325 fugiamus.
1639 1250 1709 1313 Et
1741 1269 1938 1323 nemo,

294 1333 696 1414 dilectissimi,
729 1335 787 1396 in
818 1336 1017 1416 aliquo
1055 1339 1292 1409 horum,
1351 1348 1450 1399 aut
1505 1339 1620 1400 alio
1666 1339 1942 1419 quopiam

298 1420 670 1503 turbulento,
716 1442 786 1485 ac
832 1425 1041 1486 vitioso
1089 1427 1305 1488 affectu
1339 1427 1411 1487 de
1442 1436 1656 1488 caetero
1703 1447 1942 1508 perma-

297 1518 460 1585 neat;
512 1511 618 1572 sed
668 1512 808 1574 hinc
839 1513 964 1591 jam
1001 1515 1328 1594 profligato,
1363 1517 1728 1596 pcenitentiaa
1771 1517 1941 1578 faciat

295 1598 556 1677 initium,
594 1608 652 1661 et
677 1619 740 1663 se
785 1601 1002 1662 victum
1046 1603 1228 1665 fuisse
1278 1605 1550 1667 confiteri
1591 1624 1666 1666 ne
1724 1613 1936 1680 cesset,

297 1687 488 1749 donec
519 1689 862 1768 pudefactus
890 1699 1196 1769 suggestor
1218 1693 1517 1767 inimicus,
1544 1693 1616 1755 ab
1649 1713 1718 1755 eo
1750 1714 1938 1774 oppu-

297 1776 531 1855 gnando
563 1776 930 1842 discesserit.
965 1781 1054 1842 Ne
1102 1781 1441 1842 dominetur
1475 1782 1660 1843 nostri
1690 1783 1933 1857 invidia,

298 1883 377 1926 ne
407 1866 514 1938 ira,
551 1884 626 1926 ne
655 1866 820 1928 furor
849 1874 913 1928 et
942 1867 1186 1944 clamor,
1214 1887 1280 1929 ex
1314 1870 1526 1950 quibus
1557 1871 1937 1950 turpiloquia,

301 1961 360 2013 et
387 1953 762 2015 contumelia
790 1956 1062 2033 generari
1107 1967 1571 2020 consueverunt.
1624 1960 1712 2020 Ne
1745 1959 1939 2019 inanis

299 2041 507 2120 gloria,
543 2041 842 2121 superbia,
876 2043 968 2104 sui
992 2043 1304 2105 admiratio
1347 2044 1520 2106 nobis
1550 2045 1933 2126 imperantes,

300 2132 360 2190 in
392 2129 747 2210 profundum
772 2131 992 2194 inferni
1021 2152 1128 2194 nos
1164 2135 1398 2195 trahant
1425 2153 1438 2196 :
1465 2153 1665 2196 verum
1698 2135 1790 2196 his
1816 2154 1938 2196 om-

298 2218 476 2280 nibus
527 2218 730 2299 procul
784 2221 1210 2296 exterminatis,
1258 2223 1504 2285 virtutes
1551 2241 1756 2285 eorum
1807 2225 1936 2286 loco

297 2324 735 2388 comparemus.

382 2395 498 2458 Sed
545 2406 814 2460 occurrat
857 2399 1006 2462 forte
1049 2399 1364 2480 quisqiam,
1399 2419 1534 2462 cum
1573 2407 1689 2460 tam
1747 2402 1942 2462 multze

301 2486 442 2562 sint,
461 2492 520 2550 et
543 2487 1008 2551 innumerabiles
1028 2490 1456 2570 propemodum
1487 2508 1616 2570 quae
1631 2491 1940 2550 recensita:

302 2584 440 2636 sunt
469 2576 763 2638 motiones
813 2577 872 2638 in
920 2579 1387 2657 reprehensione
1420 2578 1643 2657 positae,
1680 2577 1812 2658 quis
1841 2596 1940 2638 eas

303 2683 513 2726 omnes
560 2666 832 2740 scrutari,
887 2675 944 2728 et
986 2666 1059 2727 ab
1110 2667 1412 2728 universis
1452 2684 1660 2727 cavere
1688 2665 1801 2726 sibi
1831 2686 1938 2746 po-

304 2761 436 2827 test,
463 2763 524 2814 ut
547 2773 622 2814 ne
651 2754 724 2815 ab
757 2774 874 2816 una
902 2755 1141 2835 quidem
1196 2762 1518 2835 occupetur
1540 2761 1568 2817 ‘?
1610 2754 1782 2826 Quis?
1833 2774 1940 2833 ego

2026 369 2200 428 modo
2232 367 2292 426 in
2311 375 2615 447 posterum
2635 357 2869 426 voletis.
2890 364 3002 425 Per
3021 373 3241 426 terram
3268 380 3446 443 porro
3465 377 3670 423 carna-

2025 453 2164 531 lem,
2184 475 2291 536 per
2311 475 2509 517 aerem
2529 455 2856 535 spiritalem
2889 471 3151 526 sensum,
3179 452 3548 531 cogitataque
3567 450 3664 511 in-

2026 543 2249 620 telligo.
2281 543 2424 605 Nam
2450 544 2499 603 si
2533 562 2700 604 mens
2725 542 2927 624 pravis
2959 540 3440 619 cogitationibus,
3467 546 3526 598 et
3547 557 3671 599 mo-

2029 631 2184 693 tibus
2201 632 2498 712 expedita,
2533 649 2710 709 quam
2746 631 3018 694 Christus
3049 629 3206 692 Deus
3231 628 3404 689 nobis
3434 625 3674 688 donavit

2023 719 2359 782 libertatem
2384 720 2713 801 aspiciendi
2736 720 3072 780 facultatem
3099 717 3440 798 prazbuerit,
3461 714 3532 776 ad
3554 713 3672 794 pri-

2025 807 2239 868 stipam
2293 808 2520 887 peccati
2575 808 2955 879 servitutem,
3018 806 3404 884 carnalasque
3459 819 3672 864 sensus

2025 895 2394 957 descendere
2415 897 2671 976 amplius
2689 915 2811 957 non
2835 895 3262 958 sustinebimus
3289 912 3300 956 :
3333 892 3435 954 sed
3460 909 3673 954 secun-

2025 984 2163 1044 dum
2199 984 2434 1046 Domini
2465 985 2706 1047 verbum
2728 987 2814 1060 '50,
2843 985 3082 1062 vigilare
3100 993 3158 1045 et
3174 1002 3346 1045 orare
3365 1001 3480 1042 non
3503 979 3669 1041 desi-

2025 1092 2256 1148 nemus,
2296 1075 2487 1136 donec
2524 1094 2592 1136 ac
2621 1075 3048 1137 beatitudinem
3081 1074 3242 1134 illam
3281 1072 3489 1146 evecti,
3524 1087 3666 1150 pro-

2028 1163 2227 1223 missis
2258 1162 2432 1224 bonis
2465 1165 2775 1244 patiamur,
2811 1163 2998 1242 gratia
3025 1161 3527 1240 etbenignilatem
3555 1157 3671 1219 Do-

2029 1250 2173 1311 mini
2207 1253 2391 1312 nostri
2430 1253 2571 1315 Jesu
2604 1253 2845 1327 Christi,
2879 1252 2973 1313 cui
3016 1252 3206 1331 gloria
3245 1270 3378 1310 cum
3413 1257 3579 1329 patre
3614 1255 3673 1308 et

2028 1348 2231 1400 sancto
2258 1339 2481 1420 Spiritu
2525 1361 2684 1422 nunc
2717 1351 2775 1402 et
2812 1359 3051 1422 semper
3097 1339 3366 1402 aetatibus
3414 1335 3668 1400 saeculo-

2028 1438 2158 1480 rum
2192 1421 2597 1502 sempiternis.
2615 1422 2838 1502 Amen.

2600 1499 2871 1564 ORATiO
2928 1499 3100 1563 XXX.

2639 1581 3066 1642 ARGUMENTL'M.

2021 1658 2156 1721 Non
2186 1676 2310 1720 esse
2347 1660 2691 1736 dicendum,
2724 1661 2902 1723 hodie
2939 1661 3021 1720 ad
3061 1659 3387 1738 /nstigium
3421 1659 3666 1738 virtutis

2096 1745 2438 1815 perveneri,
2459 1748 2516 1802 et
2545 1758 2680 1802 eum
2707 1741 3008 1802 veteribus
3031 1742 3261 1801 sanctis
3283 1737 3509 1799 certari
3539 1754 3662 1796 non

2101 1836 2294 1895 posse;
2310 1820 2554 1882 etiamsi
2575 1819 2739 1882 velis.
2770 1821 3126 1899 Quicunque
3145 1819 3374 1880 divinis
3395 1817 3663 1899 Scriptu-

2099 1900 2187 1959 ris
2207 1902 2519 1962 contraria
2541 1901 2733 1974 docet,
2753 1917 2888 1961 eum
2906 1895 3344 1961 sibi—credentes
3364 1913 3522 1957 nova
3543 1895 3664 1956 hae-

2100 1979 2222 2039 resi
2247 1979 2532 2042 imbuere.
2569 1983 2892 2059 Lacrymas
2934 1979 3104 2040 nobis
3143 1996 3180 2039 α
3225 1983 3451 2038 natura
3483 1975 3664 2036 datas

2101 2075 2244 2120 €886.

2103 2137 2451 2217 Complures
2483 2138 2770 2219 quotidie,
2801 2139 3004 2200 Patres
3041 2145 3099 2198 et
3131 2137 3346 2197 fratres
3378 2135 3520 2206 mei,
3555 2152 3664 2194 nos

2023 2225 2198 2287 etiam
2224 2226 2488 2291 dicentes
2519 2227 2815 2301 audimus,
2843 2227 2890 2286 si
2918 2225 3271 2286 vixissemus
3295 2221 3664 2302 temporibus

2022 2315 2450 2394 apostolorum,
2473 2315 2841 2376 etChristum
2867 2313 3114 2394 perinde
3132 2324 3193 2374 ut
3213 2312 3301 2372 illi
3323 2312 3451 2372 istis
3474 2310 3664 2372 oculis

2025 2420 2275 2464 cernere
2296 2403 2458 2481 digni
2475 2403 2812 2477 fuissemus,
2843 2421 2948 2463 nos
2970 2421 3204 2482 quoque
3217 2403 3427 2466 sancti,
3449 2417 3664 2478 quem-

2023 2490 2348 2552 admodum
2396 2491 2482 2551 illi
2533 2492 2946 2552 evasissemus.
2993 2493 3131 2552 Ηωο
3176 2491 3316 2550 dum
3362 2487 3657 2560 dictitant,

2023 2579 2296 2656 ignorant
2319 2580 2591 2640 eumdem
2613 2598 2742 2640 esse
2757 2579 2858 2659 qui
2881 2587 3026 2654 tum,
3049 2579 3270 2658 quique
3301 2595 3457 2636 nunc
3480 2595 3660 2636 mun-

2023 2669 2097 2727 do
2127 2667 2406 2746 loquitur.
2445 2669 2591 2728 Nam
2625 2667 2676 2728 si
2707 2687 2864 2729 nunc
2892 2687 3008 2729 non
3040 2667 3200 2727 idem
3229 2675 3338 2739 est,
3367 2663 3465 2745 qui
3488 2663 3656 2735 olim,

2021 2773 2189 2834 aeque
2218 2773 2396 2834 super
2417 2757 2620 2817 omnia
2648 2757 2805 2817 Deus
2837 2764 2895 2817 et
2925 2757 2984 2816 in
3019 2755 3355 2833 efﬁciendo,
3389 2766 3448 2813 et
3479 2751 3540 2813 in
3570 2755 3663 2814 ef-

301 2841 531 2905 Christo
561 2843 877 2922 adjuvante
925 2862 1022 2904 vos
1075 2843 1325 2906 docebo.
1389 2843 1499 2915 Qui
1556 2852 1798 2922 peccata
1841 2844 2221 2924 suaCfectis,
2273 2846 2570 2924 quomodo
2625 2845 2860 2906 videtur
2908 2847 2970 2906 in
3029 2844 3178 2906 Filio
3236 2860 3472 2922 semper
3502 2842 3664 2921 loqui

303 2949 540 3010 semper
587 2942 722 2993 ante
755 2933 957 2994 oculos
988 2932 1190 3008 habet,
1239 2933 1621 3011 futurumque
1648 2931 1942 3010 judicium

303 3019 537 3080 assiduo
569 3020 871 3100 prospicit,
909 3039 976 3082 ac
1010 3020 1362 3101 poenitentia
1390 3020 1600 3089 fervet,
1636 3027 1693 3080 et
1716 3038 1942 3080 amaras

303 3107 494 3168 fundit
513 3108 822 3190 lacrymas,
843 3109 936 3170 hic
961 3109 1428 3189 supergreditur,
1454 3108 1745 3188 longeque
1767 3108 1944 3170 vincit

303 3195 502 3256 omnia
529 3196 731 3271 simul,
758 3216 791 3256 a
819 3197 1166 3277 pmnitentia
1190 3197 1247 3256 in
1281 3195 1534 3256 sublime
1563 3204 1750 3275 actus,
1775 3204 1838 3256 ut
1869 3215 1942 3256 ne

303 3303 421 3346 una
445 3283 710 3364 quidem,
737 3295 794 3345 et
822 3288 947 3347 sola
977 3304 1044 3346 ex
1077 3285 1251 3345 dictis
1281 3283 1638 3347 motionibus
1683 3285 1756 3346 ad
1807 3303 1941 3346 eum

304 3373 643 3452 pervenire,
673 3374 922 3454 ejusque
974 3381 1250 3453 tanquam
1297 3392 1402 3452 per
1433 3374 1944 3452 aereasregiones

303 3461 678 3522 incedentem
712 3462 971 3522 animum
1000 3462 1289 3540 attingere
1336 3461 1538 3541 possit.
1579 3461 1947 3522 Pmnitentiae

305 3568 582 3632 namque,
611 3557 670 3612 et
702 3568 771 3611 ex
803 3551 920 3612 imo
951 3551 1130 3612 corde
1161 3551 1514 3613 emissarum
1561 3550 1946 3629 lacrymarum

305 3638 518 3711 fervor,
553 3639 778 3720 peccati
809 3640 1018 3701 sordes
1066 3640 1362 3719 quomodo
1413 3639 1568 3717 ignis
1625 3641 1842 3700 conflat
1892 3649 1951 3702 et

304 3726 970 3808 absumit,animamque
1002 3727 1460 3789 contaminatam
1485 3734 1763 3806 expurgat
1793 3726 1944 3787 Tan-

2029 2935 2219 3009 Pater,
2247 2941 2304 2994 et
2324 2933 2508 2994 Filius
2533 2934 2597 2993 in
2629 2933 2801 2995 Patre
2833 2953 2939 3014 per
2969 2931 3254 3012 Spiritum
3289 2932 3414 2992 haec
3436 2930 3660 2992 dicere:

2027 3023 2214 3082 Pater
2241 3039 2404 3083 meus
2430 3040 2618 3102 usque
2638 3023 2812 3084 modo
2834 3031 3139 3101 operatur,
3156 3027 3213 3082 et
3230 3036 3336 3098 ego
3356 3017 3666 3097 oper0r3’?

2024 3109 2140 3169 Sed
2174 3108 2415 3188 objiciet
2446 3109 2696 3170 forsitan
2728 3109 2968 3187 aliquis,
3003 3127 3120 3168 non
3159 3107 3318 3168 idem
3351 3115 3463 3178 est,
3497 3105 3663 3165 illum

2023 3195 2220 3276 ipsum
2249 3207 2386 3258 tunc
2409 3198 2717 3278 corporeis
2751 3198 2939 3258 ocu‘is
2965 3196 3183 3257 vidisse
3215 3200 3667 3274 corporeum,et

2025 3284 2204 3345 hodie
2238 3286 2364 3364 ejus
2393 3292 2574 3347 verba
2593 3285 2874 3346 duntaxat
2894 3285 3123 3355 audire,
3143 3302 3388 3364 quaeque
3410 3282 3484 3343 ad
3504 3301 3664 3355 eum,

2026 3382 2085 3434 et
2115 3392 2362 3451 regnum
2386 3375 2672 3436 caelorum
2702 3376 3023 3454 pertinent,
3055 3371 3541 3434 edoceri.Fateor
3557 3390 3666 3450 ego

2028 3480 2286 3540 quoque,
2311 3481 2428 3523 non
2463 3481 2704 3542 prorsus
2725 3463 2885 3524 idem
2917 3481 3049 3524 esse
3081 3481 3238 3522 nunc
3269 3469 3328 3519 et
3357 3469 3495 3520 tunc
3520 3477 3532 3520 :
3562 3459 3666 3520 sed

2028 3549 2184 3628 quod
2210 3549 2383 3610 modo
2408 3560 2464 3611 et
2486 3569 2646 3611 nunc
2668 3559 2781 3631 est,
2805 3551 2863 3612 id
2887 3551 2982 3611 aio
3018 3551 3191 3626 longe
3216 3549 3408 3627 majus
3431 3565 3585 3621 esse,
3612 3555 3670 3608 et

2029 3635 2102 3694 ad
2135 3635 2462 3714 pleniorem
2494 3637 2697 3717 fidem,
2741 3637 3312 3717 persuasionemque
3346 3634 3666 3696 certiorem

2030 3723 2260 3785 facilius
2287 3727 2472 3788 multo
2524 3745 2632 3788 nos
2675 3727 2997 3799 adducere,
3045 3745 3218 3804 quam
3269 3723 3318 3783 si
3362 3732 3506 3784 tunc
3532 3742 3668 3784 eum

305 3824 506 3878 tumne
523 3815 553 3875 ?
575 3815 696 3876 imo
717 3823 773 3876 et
797 3816 996 3876 lumen
1021 3817 1247 3895 largum
1277 3816 1335 3875 in
1370 3817 1557 3888 illam,
1583 3834 1689 3895 per
1717 3815 1942 3875 adven-
2025 3811 2085 3871 in
2111 3830 2360 3890 corpore
2378 3814 2637 3874 humano
2659 3813 2864 3875 videre
2882 3823 2938 3874 et
2959 3813 3167 3875 audire
3191 3811 3362 3872 nobis
3386 3811 3665 3889 contigis-

309 3913 425 3964 tum
456 3903 715 3982 Spiritus
733 3905 922 3966 sancti
945 3906 1258 3982 magniﬁce
1279 3905 1561 3984 infundit,
1587 3912 1645 3963 ut
1668 3903 1808 3964 inde
1833 3903 1949 3963 mi-
2032 3907 2143 3962 set.
2164 3900 2329 3962 Tunc
2353 3902 2512 3962 enim
2533 3903 2775 3963 nefariis
2805 3902 3023 3962 Judzeis
3047 3902 3224 3962 homo
3248 3898 3471 3958 nullius
3493 3897 3669 3978 pretii

304 3992 653 4068 sericordia,
688 4000 746 4054 et
770 3991 942 4052 bonis
972 3993 1264 4054 fructibus
1293 3991 1578 4054 abundet.
1616 3990 1783 4062 Quod
1831 3990 1948 4051 nisi
2031 3989 2392 4067 apparebat:
2426 3999 2484 4050 at
2510 4009 2669 4050 nunc
2700 4008 2871 4050 verus
2917 3993 3074 4051 Deus
3104 4007 3136 4048 a
3169 3987 3340 4047 nobis
3377 3986 3667 4064 prmdica-

303 4082 502 4142 anima
526 4090 724 4142 nostra
746 4100 779 4141 a
800 4083 1150 4162 pmnitentia
1171 4091 1228 4142 et
1250 4082 1555 4161 lacrymis,
1582 4089 1640 4142 et
1661 4098 1792 4160 quae
1810 4080 1949 4141 hinc
1969 4071 2013 4120 Ῑ)
2036 4084 2148 4138 tur.
2176 4075 2340 4138 Tunc
2365 4095 2496 4137 cum
2521 4077 2852 4157 publicanis
2874 4085 2931 4138 et
2962 4075 3368 4156 peccatoribus
3399 4073 3674 4134 versaba-

305 4170 362 4232 in
397 4189 467 4231 ea
498 4169 763 4232 nascitur
784 4171 1135 4237 humilitate,
1173 4171 1333 4232 velut
1383 4170 1491 4231 alis
1540 4168 1847 4249 acquisitis
1876 4168 1949 4228 ad

306 4259 539 4320 excelsa
567 4260 814 4322 r’mzﬁeizc
849 4260 1109 4335 tollatur,
1147 4278 1180 4320 a
1212 4260 1374 4320 nulla
1418 4261 1652 4337 harum,
1697 4276 1947 4338 quarum

307 4347 691 4408 meminimus
739 4347 1079 4427 passionum
1124 4347 1370 4408 liberari
1422 4348 1793 4428 poterimus:
1843 4345 1949 4406 sed

308 4453 465 4496 nunc
495 4435 736 4516 quidem
762 4435 834 4496 ab
865 4437 998 4508 hac,
1034 4454 1194 4496 nunc
1223 4435 1294 4496 ad
1318 4435 1433 4496 alia
1466 4453 1707 4513 semper
1736 4435 1948 4495 vulne-

306 4523 590 4597 rabimur,
626 4531 826 4585 etnon
854 4543 1026 4586 secus
1050 4543 1226 4604 quam
1261 4524 1334 4584 ab
1365 4523 1696 4583 immitibus
1735 4522 1952 4584 belluis

309 4612 752 4693 devorabimur,
784 4632 852 4674 ac
885 4622 1015 4692 post
1039 4613 1265 4674 obitum
1301 4614 1586 4673 caelorum
1639 4630 1822 4690 regno
1852 4612 1948 4672 id-

311 4702 470 4762 circo
487 4701 733 4782 exclusi,
757 4701 1041 4781 poenasin
1057 4720 1296 4762 omnem
1317 4700 1711 4763 aeternitatem
1737 4717 1954 4779 expen-

313 4791 545 4851 demus.
571 4788 763 4862 Quare
782 4809 886 4851 vos
910 4809 1118 4852 omnes
1162 4789 1434 4863 obsecro,
1474 4789 1810 4868 spirituales
1837 4787 1956 4848 mei

311 4879 550 4958 fratres,
581 4887 638 4938 et
667 4878 986 4940 obsecrare
1019 4877 1365 4939 charitatem
1388 4886 1645 4938 vestram
1680 4895 1797 4936 non
1818 4894 1954 4936 ces-

315 4966 482 5038 sabo,
504 4975 567 5027 ut
589 4966 997 5047 unusquisque
1027 4966 1275 5026 salutem
1303 4982 1470 5027 suam
1497 4983 1571 5025 ne
1592 4971 1953 5038 contemnat;

317 5057 425 5117 sed
456 5055 818 5116 omnimodis
843 5074 876 5115 a
907 5064 1064 5117 terra
1089 5073 1153 5115 se
1187 5054 1419 5133 paulum
1444 5053 1656 5115 efferre
1681 5059 1954 5114 conetur.

315 5143 440 5205 Hoc
470 5144 846 5218 miraculum,
876 5144 1032 5224 quod
1054 5142 1220 5204 vobis
1245 5151 1549 5223 stuporem
1580 5139 1853 5216 incussit,
1886 5139 1958 5201 ab

318 5233 522 5306 humo,
556 5233 821 5310 inquam,
851 5234 910 5293 in
943 5250 1082 5294 aera
1109 5231 1416 5312 suspendi,
1442 5231 1494 5293 si
1513 5230 1730 5292 factum
1755 5227 1957 5304 fuerit,

398 5393 462 5444 30
490 5391 691 5455 Matth.
725 5407 887 5453 xxv1.
919 5390 1014 5451 41.
1101 5391 1154 5441 51
1186 5389 1358 5454 Joan.
1393 5408 1452 5465 v,
1490 5391 1584 5454 17.

1669 5389 1722 5432 32
1749 5386 1956 5452 Matth.
1988 5401 2114 5462 xm,
2147 5386 2224 5449 55
2251 5409 2266 5463 ;
2295 5387 2468 5452 Marc.
2505 5407 2584 5465 vr,
2615 5392 2676 5450 3.

2032 4175 2150 4240 tur,
2178 4173 2235 4226 et
2255 4165 2453 4228 cibum
2485 4187 2592 4248 per
2609 4185 2828 4248 corpus
2851 4167 3161 4246 capiebat:
3192 4183 3349 4226 nunc
3373 4165 3444 4225 ad
3466 4164 3674 4225 dexte-

2030 4271 2157 4314 ram
2191 4253 2318 4322 Dei,
2344 4263 2402 4315 et
2427 4255 2619 4318 Patris
2641 4256 2734 4316 sui
2757 4255 3050 4326 considet,
3076 4274 3108 4315 a
3140 4274 3255 4334 quo
3283 4260 3676 4332 nunquam.et

2032 4362 2321 4422 nusquam
2370 4351 2712 4424 separatus;
2775 4343 3064 4404 mundum
3126 4344 3287 4403 alere
3325 4343 3671 4402 universum

2034 4433 2319 4508 creditur,
2353 4434 2482 4496 sine
2514 4454 2628 4515 quo
2661 4435 2810 4495 nihil
2843 4435 2972 4496 fieri
3011 4433 3285 4494 dicimus.
3321 4434 3426 4504 Ac,
3458 4433 3507 4492 si
3538 4450 3673 4492 cre-

2035 4522 2253 4595 dimus,
2287 4529 2428 4583 tunc
2458 4541 2491 4583 a
2522 4523 2821 4585 vilissimis
2854 4521 3354 4590 homuncionibus
3384 4520 3676 4600 despicie-

2034 4609 2228 4685 batur,
2255 4609 2356 4671 illa
2389 4610 2620 4672 scilicet
2650 4610 3173 4692 opprobrantibus,
3208 4627 3407 4670 nonne
3451 4610 3546 4670 hic
3587 4617 3678 4669 est

2038 4698 2256 4772 Mariae,
2285 4706 2342 4758 et
2368 4698 2588 4779 Joseph
2612 4700 2765 4760 fabri
2789 4699 3061 4762 tiliuslﬁ‘!
3096 4717 3253 4760 nunc
3283 4717 3317 4758 a
3347 4697 3586 4777 regibus
3619 4705 3676 4756 et

2037 4785 2429 4866 principibus,
2464 4795 2528 4847 ut
2559 4788 2678 4848 veri
2712 4788 2817 4849 Dei
2850 4787 3056 4862 Filius,
3090 4806 3159 4848 ac
3201 4805 3374 4847 verus
3414 4787 3674 4864 ipsemet

2038 4873 2194 4934 Deus
2233 4874 2512 4936 adoratur
2554 4884 2615 4937 et
2660 4875 3048 4956 glorificatur,
3103 4883 3280 4955 atque
3321 4871 3675 4950 gloriﬁcabit

2038 4960 2352 5022 adorantes
2373 4983 2436 5024 se
2457 4963 2516 5023 iu
2541 4965 2749 5043 spiritu
2772 4972 2831 5025 et
2853 4964 3099 5026 veritate
3116 4961 3375 5040 (tametsi
3397 4979 3553 5040 saepe
3575 4977 3677 5020 eos

2041 5058 2356 5129 peccantes
2372 5051 2556 5131 punit)
2582 5071 2714 5113 cum
2735 5052 2963 5115 ferreos
2981 5071 3084 5114 eos
3104 5069 3282 5130 super
3303 5067 3512 5110 omnes
3531 5067 3676 5126 gen-

2043 5146 2132 5199 tes
2161 5157 2291 5217 quze
2327 5139 2436 5201 sub
2477 5140 2624 5202 ccelo
2649 5150 2805 5215 sunt,
2833 5161 2939 5222 pro
2975 5139 3248 5202 testaceis
3270 5136 3480 5199 fecerit
3509 5136 3678 5197 scili-

2044 5233 2156 5288 cet.
2179 5225 2345 5290 Tunc
2367 5236 2431 5290 ut
2459 5246 2610 5288 unus
2639 5229 2715 5290 de
2744 5229 2974 5291 caeteris
3006 5225 3376 5306 hominibus,
3409 5224 3682 5288 interitui
