4112 6106
356 132 474 205 475

1659 140 2036 208 SYMEONIS
2075 143 2425 208 JUNIORIS

3599 137 3722 203 476

435 273 727 346 Quocirca
771 273 988 356 quibus
1036 293 1414 338 concessum
1440 283 1551 352 est,
1602 282 1664 338 ut
1711 273 2192 356 lacrymasAUbi
2223 275 2581 350 sanctitudo,
2618 294 2794 359 quam
2825 295 2984 340 nunc
3017 277 3242 340 habere
3287 282 3586 356 putamur,
3619 278 3724 336 aut

356 360 500 424 istas
554 365 988 446 experirentur,
1039 370 1398 444 cognoscent
1439 383 1571 446 qum
1599 364 1744 440 dixi,
1778 375 1835 426 et
1863 384 2000 427 vera
2080 362 2195 445 ipsi
2219 372 2492 445 putamus
2521 365 2744 429 etiam?
2781 366 2890 430 Ubi
2940 366 3300 440 adulatores,
3336 373 3395 426 et
3418 363 3717 438 illusores,

357 469 492 513 esse
532 452 937 515 testimonium
997 453 1143 514 mihi
1193 451 1438 530 dabunt,
1489 453 1642 515 sicut
1693 453 1868 516 etiam
1898 455 2000 516 illa
2079 453 2180 533 qui
2225 472 2383 514 nunc
2411 463 2647 516 sanctos
2701 475 2810 517 nos
2839 455 3210 536 appellitant,
3243 467 3302 515 et
3331 452 3577 532 vestigia
3603 471 3718 514 no-

353 540 638 620 Theologi
668 562 772 604 vox
819 541 960 602 mihi
1014 542 1380 622 astipulatur.
1428 541 1650 606 OII'erat
1677 543 1992 624 quispiam,

353 628 453 690 hic
503 630 744 710 quidem
790 630 926 710 hoc,
980 630 1083 692 ille
1129 631 1322 707 aliud;
1366 639 1425 692 ct
1471 632 1676 693 multis
1706 631 1766 692 in
1799 633 1993 694 medio

355 719 742 794 enumeratis,
777 719 848 780 ad
880 726 1210 782 extremum
1237 719 1420 797 addit,
1442 739 1652 782 omnes
1682 721 1991 802 lacrymas,

353 825 562 868 omnes
591 808 1021 888 purgationem,
1047 827 1256 870 omnes
1279 827 1619 883 ascensum,
1650 818 1701 871 et
1737 811 1812 872 ad
1834 819 1996 873 ante-

351 894 512 957 riora
537 896 778 957 extendi
801 897 885 960 40,
933 895 1084 958 Num
1117 897 1296 975 igitur
1323 896 1383 958 in
1416 898 1529 958 hoc
1575 898 1845 959 distinxit
1895 907 1994 960 aut

350 984 641 1063 separavit
661 984 973 1065 quosdam,
999 992 1057 1046 et
1077 985 1212 1045 illos
1231 985 1471 1065 quidem
1494 985 1637 1048 dixit
1661 987 1774 1048 hoc
1791 1005 1987 1066 pOSse,

351 1072 460 1134 bos
491 1091 608 1133 non
632 1073 845 1154 posse?
871 1073 1047 1153 Num,
1075 1082 1142 1134 ut
1169 1092 1269 1135 vos
1301 1074 1655 1154 insipienter
1701 1075 1986 1144 asseritis.

350 1179 474 1242 vos,
503 1161 766 1245 inquam,
813 1161 1220 1224 incircumcisi
1265 1162 1545 1224 cordibus
1577 1172 1635 1224 et
1663 1163 1904 1226 auribus
1933 1166 1985 1216 41

353 1249 485 1330 (pro
509 1269 578 1311 eo
607 1269 674 1311 ac
709 1250 1027 1312 meremini
1077 1267 1182 1311 vos
1222 1258 1482 1328 tangam)
1527 1252 1806 1332 quoniam
1851 1252 1988 1334 qui-

348 1337 481 1399 dam
505 1338 854 1400 sortitisunt
879 1346 1151 1400 naturam
1185 1339 1508 1416 duriorem,
1545 1341 1647 1420 qui
1699 1350 1993 1420 nequeant

349 1427 666 1507 aliquando
722 1427 1065 1508 compungi,
1111 1436 1168 1490 et
1217 1428 1502 1510 lacrymas
1545 1429 1839 1504 emittere,
1880 1431 1992 1492 hoc

2079 549 2198 603 stra
2219 542 2450 604 calcare
2481 544 2846 604 formidant?
2877 543 2987 606 Ubi
3021 541 3240 604 excelsi
3263 541 3482 615 throni,
3515 548 3576 602 et
3616 539 3719 620 qui

2076 628 2137 690 in
2174 630 2245 692 iis
2274 631 2573 712 sedentes,
2595 632 2823 694 caeteris
2854 633 3210 696 illustriores
3238 635 3573 711 apparent?
3603 627 3718 692 Ubi

2078 727 2322 800 propter
2337 720 2642 802 quippiam
2667 720 3121 801 possidendum,
3143 728 3246 781 aut
3263 719 3550 799 majorem
3575 735 3720 797 prae-

2075 807 2368 870 fecturam
2403 808 2828 890 acquirendam
2860 808 3256 883 concursatio,
3283 816 3340 870 et
3368 804 3722 884 diligentia?

2078 894 2190 957 Ubi
2221 897 2631 973 contradictio,
2667 905 2725 958 et
2773 899 3166 978 contumacia,
3217 906 3276 958 et
3323 895 3719 976 posteriorem

2074 981 2266 1043 videri
2294 984 2491 1046 nolle?
2523 985 2632 1048 Ubi
2659 993 3040 1063 cognatorum
3076 986 3136 1045 in
3169 1002 3278 1044 nos
3307 979 3724 1045 aﬂ'ectus?Ubi

2075 1071 2174 1150 qui
2203 1091 2310 1132 nos
2334 1072 2528 1136 visere
2551 1073 2826 1136 solebant
2846 1073 3305 1146 mundanorum,
3329 1090 3398 1133 ac
3427 1069 3716 1132 nobilium

2072 1158 2335 1221 vivorum
2365 1162 2645 1242 superbia
2667 1162 2698 1223 ?
2728 1181 2834 1240 per
2863 1181 3012 1243 quos
3043 1181 3150 1241 ego
3183 1161 3366 1222 miser
3415 1159 3709 1231 existimo,

2073 1249 2295 1311 etmihi
2329 1251 2678 1330 persuadeo,
2718 1270 2813 1311 me
2859 1269 3038 1332 supra
3082 1258 3327 1312 cateros
3383 1249 3712 1311 claritatem

2071 1337 2348 1416 adipisci.
2373 1338 2484 1401 Ubi
2519 1340 2858 1419 cognitione
2876 1359 3101 1414 rerum,
3133 1348 3190 1400 et
3219 1337 3510 1418 sapientia
3534 1337 3714 1416 hujus

2077 1427 2282 1488 mundi
2302 1428 2418 1489 incl
2424 1436 2652 1508 ytorum
2667 1429 2944 1491 scientia?
2965 1426 3077 1490 Ubi
3095 1427 3405 1506 magniﬁca
3419 1426 3493 1486 de
3515 1425 3711 1506 seipso

350 1515 525 1577 etiam
558 1534 805 1593 magnus
844 1516 1164 1594 Gregorius
1213 1518 1527 1598 adjungit?
1573 1517 1759 1580 Absit.
1798 1527 2050 1600 nequeB
2074 1514 2297 1595 opinio,
2322 1524 2380 1576 et
2412 1524 2619 1597 putare
2649 1536 2756 1578 nos
2805 1537 2935 1578 esse
2964 1517 3187 1597 aliquid
3240 1535 3374 1578 cum
3422 1514 3571 1575 nihil
3627 1515 3713 1575 si-

347 1613 555 1665 natura
587 1606 844 1666 humana
860 1606 945 1666 sic
973 1615 1311 1684 comparata
1327 1616 1436 1681 est,
1479 1615 1541 1668 ut
1564 1607 1612 1668 si
1645 1627 1760 1669 non
1795 1609 1986 1688 potius

343 1692 622 1772 ingenitae
647 1694 764 1754 sint
789 1694 874 1754 illi
901 1696 1093 1756 luctus
1120 1703 1176 1755 et
1201 1695 1494 1775 lacrymaa;
1526 1714 1718 1776 neque
1750 1705 1986 1760 sanctus

347 1781 468 1856 hic,
501 1793 602 1844 aut
627 1782 776 1844 alius
794 1792 1130 1846 sanctorum
1159 1784 1271 1844 hoc
1293 1783 1458 1856 dixit,
1498 1792 1597 1845 aut
1640 1785 1898 1864 scripsit.
1933 1786 1986 1848 A

346 1880 558 1932 natura
601 1882 796 1934 autem
855 1871 1026 1933 nobis
1075 1872 1274 1934 inesse
1320 1873 1549 1954 ﬂetum,
1584 1873 1699 1953 ipsi
1731 1873 1986 1936 infantes

344 1959 487 2021 dum
529 1968 850 2022 nascuntur
904 1968 958 2021 te
1013 1960 1263 2022 doceant
1296 1979 1309 2023 :
1346 1963 1446 2043 qui
1478 1963 1650 2023 simul
1703 1971 1881 2043 atque
1912 1981 1982 2025 ex

344 2059 514 2110 utero
548 2049 921 2130 prodierunt,
951 2050 1209 2132 plorant,
1230 2069 1419 2131 eoque
1450 2051 1670 2113 indicio
1703 2053 1983 2114 obstetri-

342 2137 532 2213 cibus,
588 2147 646 2199 et
698 2139 982 2200 matribus
1034 2139 1231 2200 vivere
1280 2159 1344 2201 se
1395 2141 1736 2204 ostendunt.
1786 2141 1986 2204 Infans

343 2228 560 2308 quippe
587 2227 702 2288 nisi
732 2229 940 2308 vagiat,
1004 2247 1080 2289 ne
1129 2228 1327 2293 vivere
1376 2229 1616 2311 quidem
1649 2230 1888 2293 dicitur.
1924 2231 1985 2294 Si

341 2316 608 2394 vagierit,
634 2317 794 2380 illico
820 2325 1084 2379 naturam
1110 2318 1183 2379 ab
1215 2318 1341 2398 ipso
1373 2327 1502 2380 ortu
1526 2338 1631 2381 suo
1656 2320 1900 2400 luctum,
1929 2328 1988 2383 et

344 2404 637 2484 lacrymas
667 2405 891 2467 habere
915 2407 1162 2468 comites
1183 2407 1572 2471 demonstrat.
1609 2409 1803 2484 At-;ue
1828 2409 1982 2470 istud

343 2494 518 2556 etiam
543 2502 779 2555 sanctus
807 2503 973 2575 pater
1001 2504 1203 2558 noster
1233 2494 1472 2559 Simeon
1511 2494 1736 2560 Studita
1761 2498 1984 2558 contir-

343 2582 565 2655 mabat,
594 2602 726 2644 cum
761 2581 1180 2663 hujuscemodi
1230 2584 1503 2665 lacrymis
1536 2586 1840 2646 hominem
1873 2586 1983 2646 de-

343 2670 488 2733 bere
518 2672 672 2732 hanc
701 2672 876 2732 vitam
904 2673 1240 2749 traducere,
1276 2681 1332 2734 et
1358 2693 1516 2746 cum,
1544 2682 1656 2736 etc.
1697 2677 1883 2741 {Deest
1917 2678 1984 2736 in

340 2767 594 2842 utroque
613 2763 954 2842 exemplari
982 2781 1106 2823 una
1132 2764 1362 2843 pagina
1386 2763 1495 2825 hoc
1521 2764 1642 2825 loco
1668 2764 1701 2843 )
1731 2762 1981 2826 Obtorto

339 2849 492 2911 collo
535 2849 728 2922 tracti,
773 2849 882 2911 etsi
929 2850 1176 2911 minime
1227 2851 1434 2912 audire
1491 2852 1666 2913 vultis
1717 2852 1983 2932 quotidie

339 2938 501 3000 clare
525 2939 897 3002 intonantem
927 2939 1096 3000 vobis
1121 2941 1377 3002 divinam
1405 2940 1766 3021 Scripturam
1795 2963 1807 3004 :
1837 2940 1981 3005 0m-

339 3029 608 3090 nesenim
623 3028 919 3091 stabimus
932 3034 1075 3090 ante
1088 3030 1359 3093 tribunal
1374 3031 1609 3093 Christi
1617 3045 1707 3105 ,αι
1726 3033 1982 3110 recipiat

337 3119 753 3197 unusquisque
795 3134 912 3198 pro
934 3127 1000 3180 ut
1024 3122 1086 3180 in
1108 3137 1357 3200 corpore
1380 3138 1488 3182 suo
1509 3124 1712 3199 gessit,
1735 3123 1858 3182 sive
1879 3121 1982 3183 bo-

338 3223 487 3267 num
505 3206 632 3267 sive
653 3206 880 3268 malum
901 3206 1156 3280 4?.Quod
1179 3227 1313 3268 cum
1333 3207 1610 3271 omnibus
1636 3209 1802 3270 novis
1816 3209 1984 3273 brevi

341 3293 740 3368 evenerit,ubi
762 3303 878 3356 tum
909 3314 1157 3374 corpora
1184 3305 1383 3357 nostra
1403 3297 1704 3379 operiens,
1731 3305 1788 3358 et
1810 3317 1982 3359 exor-

340 3400 489 3444 nans
513 3382 770 3462 pretiosa
791 3385 938 3444 vesti
963 3384 1123 3444 erit?
1154 3384 1254 3444 ubi
1278 3386 1607 3446 humeralia
1630 3386 1982 3466 cnnSpicua?

339 3470 443 3532 ubi
474 3470 782 3548 fulgentia,
803 3485 858 3532 et
881 3472 1177 3552 pellucida
1196 3472 1369 3554 pallia
1389 3473 1419 3532 ‘?
1448 3472 1548 3533 ubi
1574 3475 1816 3534 humum
1853 3493 1982 3553 pre-

341 3559 562 3621 mentia
592 3559 692 3620 illa
726 3561 994 3642 pulchra,
1027 3561 1332 3642 solidaque
1377 3562 1641 3623 sandalia
1663 3562 1692 3621 ?
1723 3562 1824 3623 ubi
1856 3564 2000 3624 lora,

339 3649 712 3727 cingulorum
737 3649 1111 3711 muliebrium
1131 3650 1388 3712 similia?
1411 3650 1510 3712 ubi
1535 3652 1787 3712 virorum
1814 3652 1982 3732 prin-

339 3741 536 3818 cipum
567 3739 897 3800 occursus?
918 3738 1019 3800 ubi
1042 3749 1177 3800 ante
1197 3740 1343 3800 alios
1368 3740 1692 3800 honorifice
1711 3740 1982 3804 salutari?

335 3827 440 3889 ubi
465 3827 877 3892 contentiones
900 3831 974 3891 de
1001 3828 1192 3909 prima
1215 3829 1535 3890 cathedra?
1560 3829 1660 3890 ubi
1685 3848 1812 3891 sum
1823 3837 1983 3910 ptuo-

336 3934 417 3977 sae
445 3917 712 3979 mensae?
743 3917 843 3977 ubi
870 3917 958 3998 (ut
994 3927 1050 3978 et
1081 3918 1195 3979 hoc
1246 3919 1462 3994 dicam)
1508 3918 1829 3998 praavenire
1861 3919 1982 3980 fra-

339 4009 512 4077 trem,
541 4011 596 4065 et
627 4022 694 4064 ex
727 4005 1014 4084 appositis
1061 4006 1230 4086 plura
1280 4007 1646 4086 melioraque
1696 4026 1934 4068 sumere
1955 4007 1985 4060 ‘?

337 4092 493 4171 quod
517 4112 623 4171 ego
650 4093 904 4172 primus,
929 4104 987 4156 et
1016 4095 1115 4176 qui
1161 4095 1278 4157 mei
1309 4095 1539 4156 similes
1573 4105 1729 4171 sunt,
1766 4097 1896 4157 vani
1929 4107 1987 4160 et

2075 1604 2236 1664 mus?
2263 1603 2375 1666 Ubi
2408 1614 2526 1666 tum
2561 1605 2792 1667 lubrica
2824 1606 3042 1686 lingua,
3070 1616 3127 1666 et
3156 1605 3312 1667 velut
3344 1623 3376 1665 e
3401 1605 3560 1665 fonte
3587 1622 3715 1683 pro-

2071 1711 2318 1754 manans
2341 1693 2530 1758 oratio
2552 1694 2583 1755 ‘?
2627 1695 2729 1756 ubi
2761 1703 2920 1771 tunc,
2948 1695 3068 1755 imo
3101 1713 3260 1755 nunc
3289 1697 3530 1774 sapiens
3552 1696 3584 1754 9
3612 1691 3719 1754 ubi

2068 1785 2300 1847 scriba?
2319 1788 2809 1868 ubiconqutsitor
2831 1788 3012 1864 hujus
3037 1786 3238 1850 saeculi
3256 1788 3338 1863 45,
3361 1796 3426 1847 ut
3451 1793 3712 1847 reverta-

2073 1881 2166 1935 tur
2185 1882 2244 1936 et
2265 1876 2700 1937 constituamus
2731 1876 2932 1952 simul,
2981 1877 3176 1957 deque
3217 1875 3469 1938 terribili
3498 1875 3615 1954 die,
3651 1882 3712 1935 et

2067 1963 2214 2024 hora
2237 1963 2340 2024 illa
2360 1964 2793 2046 consultemus,
2816 1973 2873 2026 et
2895 1984 3157 2038 omnem,
3182 1964 3340 2045 quod
3370 1963 3708 2037 dicitur,ru-

2067 2051 2305 2113 dentem
2332 2052 2392 2112 in
2413 2053 2588 2113 nobis
2613 2053 2778 2133 ipsis,
2801 2061 2859 2114 et
2886 2053 2947 2114 in
2969 2052 3294 2134 Scripturis
3333 2051 3546 2114 divinis
3573 2070 3706 2112 mo-

2067 2157 2306 2201 veamus
2330 2149 2386 2201 et
2415 2151 2692 2202 accurate
2728 2144 2967 2203 scrutati
2990 2142 3312 2203 doceamur
3329 2140 3492 2213 inde,
3517 2140 3707 2201 disca-

2069 2247 2318 2309 musque
2349 2230 2490 2310 quid
2523 2229 2696 2290 nobis
2726 2239 2862 2291 tunc
2893 2231 3146 2310 podesse
3191 2229 3398 2310 possit,
3448 2236 3507 2290 et
3559 2227 3706 2290 illud

2068 2317 2452 2396 cupidissime
2485 2318 2822 2397 eligamus?
2852 2317 2970 2400 Sic,
3005 2318 3218 2381 fratres
3240 2318 3359 2379 mei
3388 2316 3608 2392 dilecti,
3647 2326 3712 2377 ut

2067 2408 2268 2466 omnis
2297 2408 2564 2486 Sriptura
2595 2415 2799 2485 aperte
2838 2408 3074 2480 clamat,
3125 2425 3334 2486 magna
3361 2406 3708 2480 necessitas,

2067 2513 2319 2574 magnus
2350 2497 2524 2557 timor
2551 2505 2609 2558 et
2642 2505 2864 2557 tremor
2904 2501 2963 2557 in
3007 2496 3107 2557 illa
3146 2497 3292 2557 liora
3337 2495 3611 2576 proinde,
3645 2503 3710 2556 ut

2067 2600 2172 2660 ego
2205 2582 2466 2658 desides,
2501 2584 2818 2646 dissolutos
2833 2603 2901 2646 ac
2931 2587 3127 2665 pigros
3151 2584 3464 2665 occupabit
3493 2584 3708 2646 Beatus

2065 2679 2284 2748 autem,
2319 2672 2552 2747 fratres,
2581 2674 2681 2753 qui
2713 2692 2871 2734 nunc
2895 2673 3056 2734 omni
3087 2682 3376 2735 creatura
3403 2673 3706 2752 subjectus

2068 2759 2248 2840 luget,
2282 2768 2340 2821 et
2370 2761 2562 2840 plorat
2591 2770 2764 2823 nocte
2796 2773 2854 2824 et
2882 2762 2979 2823 die
3010 2780 3209 2823 coram
3259 2760 3534 2835 Domino,
3567 2761 3706 2840 quia

2066 2865 2099 2906 a
2128 2847 2349 2910 dextris
2371 2849 2522 2930 ejus,
2557 2850 2707 2912 stola
2740 2850 2990 2912 amictus
3020 2858 3330 2912 statuetur.
3367 2855 3578 2914 Beatus
3602 2850 3702 2928 qui

2064 2937 2191 3000 haec
2220 2939 2404 3014 audit,
2441 2947 2500 3001 et
2531 2959 2647 3000 non
2681 2941 2871 3002 solum
2900 2960 3168 3019 gemens,
3217 2960 3330 3001 nec
3385 2940 3458 3000 de
3513 2938 3610 2998 die
3639 2937 3701 2997 in

2063 3027 2223 3088 diem
2256 3027 2566 3103 differens,
2601 3037 2835 3110 tempus
2862 3031 2993 3091 vitm
3023 3047 3140 3090 suae
3187 3029 3314 3089 sine
3367 3029 3557 3088 fructu
3588 3025 3700 3086 de-

2064 3116 2252 3176 currit
2285 3133 2297 3178 :
2335 3117 2437 3178 sed
2471 3118 2573 3197 qui
2602 3118 2777 3179 simul
2810 3139 2877 3181 ac
2912 3117 3151 3196 Domini
3200 3135 3406 3178 vocem
3435 3113 3651 3194 accipit
3682 3133 3698 3173 :

2066 3203 2493 3267 Paenitentiam
2517 3208 2680 3286 agite
2699 3208 2784 3283 44,
2809 3207 3006 3268 statim
3031 3223 3267 3266 manum
3300 3203 3470 3285 operi
3491 3203 3706 3264 admo-

2067 3291 2349 3354 vet.Talis
2373 3292 3007 3370 enimutobediens,ac
3035 3295 3226 3356 bonus
3246 3312 3454 3354 servus
3479 3290 3710 3352 miseri-

2067 3381 2328 3442 cordiam
2393 3391 2813 3463 consequetur,
2876 3403 2986 3446 nec
3033 3403 3168 3445 cum
3221 3379 3710 3443 inobedientibus

2063 3470 2464 3532 damnabitur.
2511 3471 2581 3532 Et
2632 3472 2694 3533 in
2734 3474 2842 3534 bac
2891 3472 3131 3554 quidem
3181 3472 3298 3532 vita
3327 3469 3403 3531 ab
3434 3469 3708 3531 omnibus

2062 3557 2288 3619 vitiosis
2303 3559 2563 3622 motibus
2584 3561 2770 3622 animi
2800 3561 3176 3636 liberabitur,
3192 3560 3574 3638 omniumque
3595 3557 3707 3617 vir-

2066 3654 2258 3708 tutum
2307 3647 2592 3727 probatus
2639 3649 2828 3710 cultor
2877 3649 3091 3711 evadet
3123 3667 3136 3711 :
3171 3651 3231 3709 in
3262 3649 3456 3709 futura
3509 3655 3702 3706 autem

2064 3733 2180 3794 vita
2212 3735 2383 3794 bonis
2405 3734 2512 3795 Dei
2535 3735 2694 3797 nulla
2723 3736 2921 3815 lingua
2946 3736 3352 3817 exprimendis
3375 3733 3699 3796 obiectabi-

2065 3832 2179 3903 tur,
2205 3842 2337 3884 cum
2361 3824 2679 3902 _omnibus,
2727 3826 2829 3906 qui
2859 3843 2890 3888 a
2924 3827 3140 3887 saeculo
3179 3825 3265 3886 illi
3315 3826 3702 3904 placuerunt;

2066 3911 2282 3992 quibus
2311 3930 2520 3973 omnes
2549 3932 2657 3974 uos
2688 3915 2912 3975 utinam
2939 3916 3253 3994 potiamur,
3289 3913 3475 3992 gratia
3505 3920 3563 3972 et
3591 3912 3700 3970 be-

2069 4001 2351 4079 nignitate
2373 4000 2610 4062 Domini
2639 4004 2824 4064 nostri
2845 4005 2985 4066 Iesu
3012 4003 3251 4076 Christi,
3285 4021 3417 4063 cum
3446 4021 3561 4081 quo
3595 4003 3707 4062 Pa-

2069 4090 2144 4149 tri
2175 4089 2470 4169 simulque
2499 4097 2702 4152 sancto
2729 4092 2968 4172 Spiritui
2993 4092 3202 4170 gloria,
3224 4088 3568 4169 imperium,
3593 4087 3704 4147 ho-

336 4181 739 4262 ineptifacere
763 4185 1198 4245 consuevimus.
1236 4183 1350 4246 Ubi
1403 4194 1542 4244 tunc
1573 4185 1759 4246 factus
1788 4194 1844 4246 et
1876 4204 1982 4246 su-
2008 4211 2052 4260 ι)
2072 4195 2202 4252 1101‘,
2229 4187 2286 4240 et
2315 4180 2579 4239 adoratio
2611 4198 2769 4241 nunc
2794 4189 2850 4241 et
2881 4196 3142 4261 semper,
3175 4188 3233 4240 et
3260 4178 3320 4239 in
3347 4177 3563 4238 saecula
3590 4193 3703 4236 saa-

338 4269 546 4348 perbia
572 4277 793 4344 nostra,
827 4270 1129 4351 imperare
1173 4281 1231 4332 et
1281 4272 1614 4351 imperari?
1656 4273 1764 4335 Ubi
1817 4275 1986 4337 cellae

337 4357 488 4432 latae,
527 4364 585 4418 et
615 4359 916 4436 eleganter
953 4360 1013 4420 in
1061 4379 1286 4421 morem
1323 4360 1565 4421 thalami
1596 4370 1836 4423 ornata.
1873 4363 1986 4425 Ubi

337 4445 833 4522 ministrorum,et
858 4448 1074 4528 quibus
1100 4449 1511 4512 ministrantur
1532 4452 1987 4531 prazroga'ivain

2069 4267 2358 4329 culorum.
2393 4269 2609 4330 Amen.

2613 4355 2899 4422 ORATIO
2953 4357 3157 4421 XXXI.

2665 4464 3072 4511 ARGUMENTUM
3083 4495 3096 4508 .

337 4534 438 4610 iis,
467 4535 525 4594 in
550 4533 767 4613 quibus
799 4555 908 4597 nos
935 4537 1082 4598 alios
1113 4538 1276 4618 praei:
1296 4558 1327 4599 e
1351 4540 1570 4601 debere
1596 4541 1989 4602 arbitramur?
2071 4536 2490 4598 Christianum
2513 4555 2683 4617 aequo
2703 4547 2764 4600 et
2784 4555 3068 4617 generoso
3105 4536 3337 4608 animo,
3382 4533 3715 4594 incursan-

333 4621 448 4686 Ubi
468 4622 848 4698 immodicus,
874 4634 930 4685 et
957 4626 1277 4688 indecorus
1305 4628 1510 4691 risus?
1539 4629 1642 4689 ubi
1687 4629 1894 4708 longae,
1931 4638 1990 4691 et
2151 4628 2304 4688 tium
2332 4644 2397 4688 se
2427 4629 2828 4690 tentat-z'onum
2853 4626 3110 4706 impetus
3130 4625 3386 4704 suﬁerre
3407 4630 3707 4702 oportere.

334 4710 805 4792 apparatissimas
837 4733 1042 4783 ccenee,
1072 4717 1341 4794 prandia,
1372 4727 1428 4778 et
1451 4719 1608 4779 inter
1636 4719 1745 4779 ista
1777 4719 1982 4779 confa-
2147 4715 2414 4787 Quivere
2446 4725 2580 4778 sunt
2610 4717 2762 4778 servi
2802 4715 2926 4798 Dei,
2961 4716 3180 4796 quique
3209 4715 3402 4793 ipsum
3454 4711 3706 4789 diligunt

336 4800 1290 4886 bulationesintempestiue?Ubi
1317 4815 1452 4868 tunc
1477 4827 1687 4887 magna
1714 4807 1984 4869 nomina?
2069 4815 2128 4868 et
2177 4807 2358 4896 quasi
2395 4805 2685 4868 bonorum
2737 4807 3092 4868 tutissimum
3142 4805 3488 4865 thesaurum
3537 4801 3597 4862 in
3641 4818 3706 4862 se

412 4962 475 5012 4ο
501 4961 758 5043 Philipp.
786 4980 872 5038 ιιι,
909 4964 1008 5026 13.
1093 4966 1146 5015 4¹
1182 4971 1313 5030 Act.
1347 4984 1450 5043 VII,
1484 4969 1581 5029 3'2.
1669 4969 1731 5019 41’-
1778 4966 1950 5030 Rom.

2069 4984 2110 5039 I,
2143 4966 2262 5043 10;
2314 4967 2365 5030 II
2394 4970 2528 5031 Cor.
2558 4985 2619 5043 ν,
2660 4969 2732 5030 10
2838 4966 2890 5009 ‘3
2920 4967 2941 5029 I
2972 4967 3107 5029 Cor.
3142 4982 3184 5039 ι,
3217 4963 3322 5026 20.
3405 4962 3469 5012 44
3497 4962 3703 5026 Matth.

1093 4966 1146 5015 4¹
1182 4971 1313 5030 Act.
1347 4984 1450 5047 νυ,
1484 4969 1581 5029 52.

333 5056 417 5104 ιιι.
454 5043 511 5106 2.

1669 4969 1731 5019 42
1778 4966 1950 5030 Rom.
1989 4984 2110 5039 xxv,
2143 4966 2262 5043 10;
2314 4967 2365 5030 II
2394 4970 2528 5031 Cor.
2558 4985 2619 5044 v,
2660 4969 2732 5030 10

412 5213 866 5306 (galerum..un
890 5212 1084 5275 verbis
1107 5215 1237 5306 istis
1255 5214 1868 5306 “Simeonrespexeril,
1890 5235 1984 5276 me

2069 5217 2244 5295 γέλωτες
2303 5225 2395 5276 τοῦ
2450 5220 2744 5293 πνεύματος
2796 5213 3267 5306 ἐδάκρυσαν.“[]ξ)ί
3293 5213 3461 5306 enim
3515 5211 3574 5272 in
3608 5229 3705 5272 sa-

333 5291 519 5382 fugit;
578 5291 810 5382 verbis,
853 5293 1118 5373 inquam,
1174 5296 1341 5359 istis:
1393 5295 1539 5354 Ἀλλ’
1587 5291 1656 5361 di;
1716 5301 1857 5376 πχρέι
1888 5301 1982 5363 τὴς

2069 5291 2184 5359 clis
2215 5297 2450 5382 Litteris
2486 5291 2781 5382 proditum
2817 5291 3076 5382 legimus
3105 5296 3177 5356 de
3208 5294 3710 5382 istis-maiestatis,

333 5374 472 5458 θείας
523 5378 735 5458 Γραφῆς
787 5373 1164 5458 ἀδήκοκγκαὶ
1222 5377 1275 5432 ἐν
1333 5377 1474 5452 αὒτῴ
1508 5386 1605 5458 Ῠτῴ
1661 5373 1982 5454 {ium-{apart

2069 5395 2175 5439 seu
2212 5378 2425 5458 coaevis
2453 5373 2628 5439 simul
2689 5373 3015 5458 baptizatis,
3052 5375 3311 5458 ipsoque
3345 5373 3715 5454 baptismatis

336 5449 578 5509 λικιῶταί
633 5449 770 5516 ’ζτίνες
829 5456 1201 5530 βαπτιζόμενοι
1285 5465 1351 5535 τῇ
1410 5457 1678 5516 ἐπελέυσει
1750 5481 1982 5517 κατηνυ-

2071 5465 2286 5538 puncto
2324 5459 2382 5519 in
2415 5457 2698 5537 lacrymas
2729 5449 3179 5538 erumpentibus
3199 5449 3230 5513 ξ)
