4112 6106
447 187 560 251 477

1878 190 2156 254 ORATIO
2200 188 2412 254 XXXI.

3695 173 3814 246 478

443 320 852 403 ipsishabent,
879 327 1146 402 tempore
1177 321 1533 384 tentationes
1558 321 1829 403 injurias,
1861 329 1919 383 et
1951 329 2150 383 con-A
2173 320 2334 383 litate
2357 340 2487 383 mea
2508 320 2744 383 erubuit
2769 340 2880 392 me,
2912 327 2971 383 et
2994 320 3240 400 gloriam
3273 317 3476 380 mundi
3502 316 3806 394 deserere,

441 417 704 490 temptus
733 429 866 471 cum
899 409 1132 489 gaudio,
1162 418 1220 472 et
1249 411 1426 472 animi
1453 409 1828 489 jucunditate
1857 409 2088 470 inenar-

437 497 613 561 rabili
667 499 991 580 patiuntur,
1026 506 1084 560 et
1133 517 1235 561 eos
1278 519 1310 561 a
1349 499 1565 581 quibus
1606 500 1688 560 ita
1741 508 2081 571 tractantur,

439 587 674 649 sincero
699 604 834 650 cum
860 587 1096 668 affectu,
1123 594 1187 649 ut
1217 587 1370 650 bene
1401 588 1476 650 de
1499 606 1564 651 se
1589 600 1890 651 merentes
1909 587 2092 649 maxi-

440 693 685 756 mopere
734 675 1004 755 diligunt.
1039 675 1150 748 Qui
1197 685 1396 738 autem
1438 685 1709 757 tempore
1748 675 2087 738 tentationis

440 765 940 845 consputationes,
975 764 1196 846 alapas,
1233 765 1564 844 petulanter
1594 766 1789 827 illatas
1837 765 2085 846 injurias

441 861 644 934 pacate
673 872 792 915 non
821 852 1095 928 sustinet,
1149 861 1250 914 aut
1299 853 1498 914 animo
1545 854 1897 934 concitatus,
1945 872 2084 914 ver-

439 941 574 1004 bum
603 944 884 1005 indecens
903 943 1124 1023 profert
1146 961 1161 1018 ;
1181 950 1280 1004 aut
1301 943 1564 1023 denique
1595 961 1699 1022 per
1729 943 2082 1004 exteriorem

439 1031 701 1093 habitum
731 1050 796 1093 se
819 1031 908 1093 ira
933 1031 1257 1094 ferventem
1284 1032 1500 1113 prodit,
1534 1040 1857 1112 contraque
1888 1031 2083 1092 verbis

438 1119 882 1181 contumeliosis
927 1119 1219 1198 insurgit;
1251 1127 1351 1181 aut
1391 1120 1554 1182 aliud
1605 1120 1696 1181 sui
1747 1119 2077 1182 ulciscendi

438 1226 611 1270 causa
637 1208 797 1284 facit,
825 1209 1119 1290 quomodo
1151 1209 1202 1269 is
1232 1208 1351 1270 ulla
1401 1227 1472 1270 ex
1522 1216 1686 1290 parte
1719 1226 1952 1270 servum
1985 1225 2072 1279 se,

437 1305 493 1360 et
520 1297 877 1358 imitatorem
910 1298 1148 1360 Domini
1179 1298 1292 1370 sui,
1320 1316 1386 1358 ac
1403 1317 1519 1359 non
1542 1297 1848 1358 inimicum
1886 1297 2080 1377 potius

435 1387 635 1448 dicere
656 1385 932 1448 audebit?
953 1385 1064 1458 Qui
1089 1386 1245 1447 enim
1268 1404 1356 1448 vei
1377 1385 1609 1447 beranti
1628 1387 1876 1466 resistit,
1903 1404 2075 1446 eum-

436 1494 547 1556 que
576 1475 835 1536 vicissim
859 1474 1152 1556 verberat,
1178 1475 1364 1537 Deum
1392 1475 1730 1549 inhonorat,
1753 1475 2072 1536 dicentem:

437 1564 551 1638 Qui
564 1567 828 1644 percutit
851 1571 908 1626 te
928 1569 988 1625 in
1011 1582 1137 1626 una
1175 1564 1456 1645 maxilla,
1501 1564 1705 1644 praebe
1726 1563 1818 1625 illi
1839 1569 1896 1626 et
1921 1562 2075 1625 alte—

2172 429 2387 492 meque
2416 409 2703 472 imitando
2734 409 3037 490 expcrime
3075 406 3232 470 haud
3281 405 3578 468 sustinuit.
3613 403 3803 478 Nunc,

2171 500 2405 580 quando
2439 500 2565 580 ipse
2595 499 2837 580 quidem
2889 501 3043 561 fluxa
3093 497 3277 578 gloria
3315 504 3527 558 exutus
3549 502 3663 567 est,
3698 511 3806 570 ego

2167 607 2305 650 vero
2363 589 2423 650 in
2475 587 2798 650 immortali
2854 587 3043 651 Patris
3079 586 3195 646 mei
3231 584 3416 664 gloria
3448 583 3810 662 gloriﬁcatus

2167 695 2322 752 sum,
2348 679 2436 739 vel
2461 677 2868 738 tantummodo
2891 676 3092 738 videre
3117 692 3250 736 eum
3271 671 3576 734 erubesco.
3607 673 3809 751 itaque

2166 766 2322 828 foras
2354 767 2624 848 ejiciatur
2655 787 2667 826 :
2705 765 2974 828 Tollatur
3026 765 3270 845 impius,
3326 779 3405 825 ne
3432 761 3639 822 videat
3668 762 3804 840 glo-

2165 857 2327 918 riam
2352 875 2545 918 meam
2567 855 2649 917 47.

2247 943 2383 1006 Hazc
2411 944 2674 1016 audient,
2729 943 2833 1024 qui
2865 942 3062 1003 omnia
3093 941 3331 1021 quidem
3365 936 3638 1000 mandata
3683 935 3801 998 Do-

2165 1033 2311 1094 mini
2339 1032 2656 1094 observare
2679 1051 2742 1092 se
2767 1038 3242 1112 putant,propter
3265 1027 3553 1109 pudorem
3577 1033 3801 1102 autem,

2163 1130 2221 1184 et
2268 1121 2649 1202 opprobrium
2701 1121 2853 1200 apud
2912 1120 3207 1192 homines,
3260 1118 3450 1179 illatas
3481 1115 3552 1177 ab
3585 1114 3798 1176 iisdem

2161 1210 2434 1290 injurias,
2490 1209 2868 1290 ignominias,
2931 1207 3244 1269 maledicta
3304 1225 3420 1268 non
3475 1205 3799 1286 patiuntur,

2163 1318 2356 1380 neque
2387 1301 2606 1379 alapas,
2648 1317 2838 1378 neque
2871 1297 3141 1371 verbera,
3194 1305 3250 1358 et
3303 1295 3504 1376 plagas
3552 1293 3803 1354 inflictas

2160 1388 2431 1449 tolerant.
2459 1388 2820 1462 Horrescite,
2854 1395 2913 1448 et
2941 1386 3173 1448 tremite
3207 1387 3472 1456 mortale,
3528 1391 3585 1444 et
3636 1382 3797 1462 inju-

2159 1477 2299 1549 rias,
2324 1496 2468 1558 quas
2493 1495 2595 1556 pro
2626 1477 2818 1538 salute
2845 1475 3208 1555 vestraDeus
3234 1473 3677 1555 pertulit,etiam
3699 1489 3800 1533 vos

2159 1586 2295 1628 cum
2324 1565 2536 1644 gaudio
2569 1565 2832 1627 suiferte.
2860 1563 3014 1625 Deos
3037 1581 3069 1625 a
3099 1581 3268 1624 servo
3310 1561 3713 1642 impurissimo
3737 1560 3798 1620 in

436 1653 663 1715 rem“.
703 1651 815 1724 Qui
853 1670 1030 1732 porro
1070 1653 1156 1713 sic
1189 1671 1256 1714 se
1286 1652 1633 1725 defendunt,
1686 1661 1744 1714 et
1793 1652 1979 1722 aiunt,
2014 1653 2075 1713 in
2097 1645 2136 1694 Β
2158 1655 2367 1717 faciem
2402 1654 2666 1728 caeditur,
2704 1653 2808 1714 tibi
2837 1653 2909 1714 ad
2941 1653 3303 1733 txemplum;
3331 1661 3387 1712 et
3415 1659 3472 1712 tu
3503 1650 3575 1712 ab
3610 1650 3802 1710 homi-

440 1743 564 1805 rixa
597 1752 655 1805 et
687 1743 986 1824 pugna,ad
1019 1744 1161 1804 iram
1192 1751 1249 1804 et
1280 1743 1838 1804 encandescentiam
1867 1751 1930 1802 ut
1961 1743 2072 1802 ho-
2159 1743 2318 1805 mine
2349 1744 2645 1804 similibus
2687 1753 2881 1804 tecum
2936 1741 3348 1803 affectionibus
3398 1741 3652 1802 obnoxio
3685 1740 3795 1801 hoc

436 1838 626 1893 mines
668 1847 1114 1894 commovemur
1143 1852 1158 1892 :
1209 1832 1523 1913 aliquando
1556 1832 1734 1895 etiam
1767 1830 1982 1907 verbis,
2015 1839 2075 1893 et
2159 1832 2276 1914 pati
2307 1831 2631 1894 detrectas‘.’
2663 1831 2765 1892 Dei
2797 1831 3153 1892 imitatorem
3186 1849 3316 1892 esse
3343 1828 3553 1907 pudet?
3579 1833 3649 1891 Et
3680 1847 3796 1908 quo

433 1939 614 2001 Opere
643 1920 772 2000 ipso
794 1919 869 1981 de
899 1919 1178 1982 fratribus
1203 1940 1308 1981 nos
1339 1921 1726 1990 vindicamus,
1765 1929 1918 2001 post,
1938 1921 2069 1982 ani-
2159 1930 2327 2000 pacto
2353 1940 2484 1982 cum
2519 1921 2651 1998 ipso
2682 1920 2981 1998 regnabis,
3009 1927 3066 1980 et
3095 1938 3227 1980 cum
3260 1936 3330 1979 ee
3360 1918 3419 1978 in
3453 1937 3634 1995 regno
3667 1935 3793 1978 cce-

434 2027 593 2070 mum
613 2009 686 2070 ab
711 2007 855 2090 ipsis
876 2027 994 2069 non
1026 2010 1286 2071 alienum
1319 2011 1602 2090 gerimus,
1632 2009 1735 2072 sed
1759 2010 1960 2071 omnia
1984 2009 2071 2070 di—
2155 2013 2344 2074 lorum
2363 2011 2982 2090 congloriﬁcaberissi
3001 2030 3132 2072 cum
3157 2029 3227 2072 eo
3253 2009 3400 2071 nihil
3418 2006 3790 2070 toleraveris‘?

433 2097 743 2171 mittimus,
769 2096 1142 2177 potissimum
1173 2098 1223 2159 si
1253 2099 1483 2160 veniam
1514 2099 1670 2160 inter
1701 2116 1807 2158 nos
1839 2097 2073 2159 dederi-
2153 2101 2298 2163 Nam
2322 2102 2371 2164 si
2395 2113 2452 2163 et
2472 2101 2594 2176 ille,
2621 2101 2775 2180 quod
2798 2100 2868 2161 ad
2902 2109 2955 2160 te
2992 2099 3222 2179 attinet,
3261 2106 3502 2178 propter
3532 2106 3587 2157 te
3617 2097 3794 2157 homo

434 2204 584 2262 mus,
612 2185 886 2247 videntur
917 2186 1065 2247 mihi
1113 2187 1324 2248 tabulae
1375 2206 1542 2267 purae
1583 2186 1835 2267 similes,
1866 2187 1928 2248 in
1959 2205 2075 2267 qua

435 2275 710 2337 inimicus
759 2283 818 2336 et
864 2275 1048 2336 hostis
1079 2283 1308 2356 captata
1339 2276 1807 2356 opportunitate,
1836 2293 1942 2356 per
1972 2294 2076 2337 eos

435 2362 596 2443 ipsos
619 2381 798 2444 prava
828 2381 933 2424 sua
967 2364 1180 2444 placita
1210 2365 1506 2438 inscribit,
1546 2373 1604 2426 et
1634 2365 1883 2437 inducit,
1928 2364 2077 2444 ipsi-

435 2471 548 2534 que
578 2471 816 2514 rursum
849 2452 1280 2534 delentes,qua3
1310 2453 1554 2514 incitato
1587 2453 1824 2533 maligni
1859 2453 2077 2515 inscri-

444 2551 706 2623 pserant,
739 2541 947 2602 nolunt
978 2560 1083 2622 pro
1118 2543 1190 2604 iis
1220 2543 1436 2606 Christi
1483 2541 1693 2622 placita
1723 2541 2074 2618 inscribere,

435 2639 498 2692 ut
523 2651 655 2693 cum
672 2630 1311 2707 veneritadversarius,
1329 2631 1558 2693 tabulas
1577 2631 1844 2692 cordium
1869 2650 2074 2692 eorum

435 2719 800 2800 conscriptas
821 2718 1104 2791 inveniat,
1137 2720 1444 2801 victusque
1473 2738 1605 2781 cum
1639 2719 1935 2782 dedecore
1961 2721 2078 2781 dis-

432 2809 642 2870 cedat:
677 2807 784 2870 sed
823 2808 1229 2890 unusquisque
1279 2827 1484 2870 eorum
1541 2828 1663 2890 pra:
1715 2809 1973 2890 pigritia,
2008 2829 2076 2870 ac

2157 2191 2318 2252 nasci
2340 2189 2699 2272 erubuisset,
2724 2198 2780 2251 et
2806 2193 2860 2250 in
2886 2187 3384 2270 praevaricationis
3403 2186 3796 2266 lapsujaeen-

2155 2287 2274 2342 tem
2309 2289 2362 2342 te
2392 2281 2699 2359 hucusque
2729 2277 3116 2357 destituisset,
3160 2295 3381 2351 nonne,
3425 2275 3629 2355 miser,
3663 2291 3798 2334 cum

2159 2368 2524 2441 inﬁdelibus,
2557 2379 2616 2429 et
2673 2367 2873 2448 impiis
2905 2367 2966 2426 in
2999 2365 3218 2427 inferni
3262 2363 3602 2426 recessibus
3656 2379 3796 2443 per-

2163 2456 2526 2518 mansisses?
2557 2455 2795 2518 Credin’
2829 2465 2886 2516 tu
2919 2454 3217 2518 Christum
3251 2471 3384 2515 esse
3411 2450 3632 2514 Deum?
3663 2468 3798 2513 cre-

2161 2546 2257 2620 do,
2294 2546 2512 2626 inquis.
2538 2547 2601 2606 Si
2632 2563 2772 2622 ergo
2798 2561 2930 2606 esse
2958 2546 3141 2606 Deum
3173 2543 3391 2616 credis,
3426 2540 3524 2621 qui
3555 2540 3798 2619 ccelum,

2160 2644 2218 2698 et
2275 2644 2491 2696 terram
2550 2633 2838 2710 condidit,
2889 2633 2986 2714 qui
3044 2634 3191 2694 citra
3221 2631 3685 2694 exinanitionem
3724 2631 3796 2691 de

2159 2725 2290 2786 sinu
2317 2723 2500 2785 Patris
2530 2723 2864 2784 exinanitus
2893 2731 2980 2784 est
3002 2723 3084 2793 48,
3114 2723 3213 2803 qui
3243 2739 3312 2782 ex
3342 2720 3634 2781 immensa
3655 2717 3756 2778 alti

2159 2813 2366 2874 tudine
2387 2812 2594 2874 divini'
2609 2812 2742 2886 alis,
2767 2821 2824 2871 et
2847 2809 3281 2892 inexplicabilis
3302 2808 3502 2889 gloriae
3522 2826 3644 2869 sure
3662 2807 3796 2868 des-

429 2898 643 2960 disidia
672 2899 849 2960 hasce
881 2916 1094 2960 vacuas
1126 2898 1498 2978 relinquens,
1535 2917 1666 2959 cum
1705 2897 2130 2974 niandaveritc
2158 2901 2378 2976 cenlit,
2433 2909 2490 2962 et
2545 2910 2786 2982 propter
2814 2911 2869 2962 te
2900 2902 3075 2962 homo
3125 2900 3418 2979 ahjectus,
3473 2915 3541 2958 ac
3575 2913 3800 2977 pauper

428 2985 736 3068 Dominus,
763 2985 907 3049 utin
930 2987 1127 3068 aliqua
1161 2987 1365 3048 harum
1405 2987 1711 3066 sureleges
1734 2986 2071 3049 inscriban-
2154 2990 2340 3052 factus
2359 2998 2464 3062 est,
2493 2997 2552 3050 tu
2588 2989 2798 3064 lutum,
2826 2989 3004 3070 cinis,
3042 3007 3112 3051 ac
3136 2987 3346 3068 pulvis,
3382 3005 3498 3048 non
3533 2995 3701 3066 potes
3731 2984 3795 3044 in

429 3085 543 3150 tur,
583 3076 669 3137 illi
693 3084 1156 3157 mox,etpropte
1179 3076 1410 3137 inimici
1443 3077 1604 3155 leges
1629 3075 1983 3156 inscribunt,
2015 3084 2075 3137 et
2153 3079 2415 3141 animum
2448 3079 2755 3153 inducere,
2787 3087 2896 3139 uta
2917 3077 3156 3139 sublimi
3183 3079 3393 3138 throno
3417 3083 3515 3136 tuo
3539 3075 3795 3136 descen-

429 3183 628 3227 amara
667 3173 842 3246 atque
893 3165 1204 3228 mortifera
1260 3165 1662 3239 admittentes,
1716 3165 1964 3230 vivifica.
2017 3173 2075 3226 et
2155 3167 2322 3244 dens,
2353 3166 2516 3228 fratri
2544 3176 2641 3226 tuo
2673 3178 2732 3229 te
2778 3166 3078 3237 humilies,
3130 3166 3228 3246 qui
3263 3164 3413 3226 infra
3461 3170 3518 3223 te
3549 3161 3789 3240 quidem

431 3254 610 3316 melle
641 3253 906 3328 duciora,
941 3273 973 3314 a
1005 3271 1070 3315 se
1101 3253 1422 3335 repellunt.
1458 3253 1567 3326 Qui
1600 3253 1776 3332 igitur
1799 3253 1942 3314 nihil
1975 3254 2074 3315 de-
2151 3256 2383 3316 videtur
2414 3264 2594 3329 stare,
2623 3255 2886 3317 fortassis
2918 3263 3119 3316 autem
3150 3252 3464 3314 virtutibus
3496 3260 3550 3312 te
3581 3267 3797 3331 super-

430 3342 600 3423 liquit
626 3342 798 3406 Jesus
827 3341 1114 3404 Dominus
1162 3362 1228 3404 ac
1272 3341 1431 3404 Deus
1477 3349 1699 3416 noster,
1755 3360 2071 3422 percussus
2155 3344 2415 3407 eminet?
2443 3344 2596 3417 Quin
2634 3352 2853 3406 vestem
2888 3353 2985 3405 tuo
3009 3342 3237 3423 judicio
3279 3340 3652 3422 splendidam
3685 3337 3795 3399 ab-

429 3444 538 3509 est,
563 3439 628 3493 ut
655 3431 784 3511 ejus
813 3431 1084 3511 exemplo
1118 3438 1462 3512 peccatores
1492 3449 1610 3492 non
1644 3431 1833 3492 solum
1864 3431 2074 3492 remis-
2147 3435 2305 3515 jicts,
2332 3433 2491 3494 illius
2521 3452 2588 3494 ex
2623 3433 2758 3514 pilis
2787 3433 3136 3505 confectam,
3164 3440 3219 3493 et
3242 3429 3632 3492 humilitatem
3665 3427 3795 3508 ejus

427 3519 657 3580 sionem
689 3529 1058 3599 peccatorum
1093 3518 1406 3599 accipiant,
1436 3520 1539 3580 sed
1577 3519 1754 3582 etiam
1787 3519 2068 3581 divinita-
2153 3523 2476 3584 reveritus?
2498 3520 2653 3594 Quin
2685 3523 2941 3603 despicis
2973 3521 3342 3601 omnia,qua3
3362 3537 3570 3580 revera
3594 3517 3788 3594 ludus,

426 3606 500 3668 tis
527 3609 654 3686 ejus
688 3625 793 3687 per
823 3606 1218 3667 obedientiam
1243 3607 1563 3687 participes
1589 3609 1749 3670 fiant.
1777 3607 1943 3679 Quod
1969 3608 2070 3688 qui
2155 3621 2214 3672 et
2259 3611 2613 3687 velamenta,
2663 3630 2730 3671 ac
2780 3629 3033 3690 persona
3083 3609 3351 3689 quaedam
3407 3604 3791 3686 turpitudinis

424 3693 484 3755 in
519 3694 853 3756 humilitate
878 3693 1075 3756 cordis
1106 3713 1222 3756 non
1252 3693 1587 3768 admiserit,
1613 3694 1780 3774 quasi
1812 3694 2066 3756 erubes-
2152 3701 2368 3779 potius,
2404 3718 2582 3779 quam
2613 3699 2800 3778 gloria
2829 3697 3108 3760 claritatis
3131 3697 3314 3760 sunt?
3345 3695 3498 3768 Quin
3533 3711 3637 3773 per
3657 3711 3788 3752 om-

426 3801 570 3845 cens
619 3782 850 3844 Domini
884 3784 1302 3863 perpessiones
1327 3781 1567 3853 imitari,
1607 3783 2065 3844 Christusidum
2151 3788 2248 3848 nia
2277 3787 2621 3847 fabricatori
2670 3795 2769 3847 tuo
2819 3805 2888 3848 ac
2933 3790 3052 3849 Deo
3104 3785 3359 3847 similem
3393 3794 3449 3846 te
3480 3793 3782 3861 praestans.

425 3891 622 3934 coram
643 3872 891 3952 angelis,
913 3880 970 3933 et
994 3877 1167 3933 I’atre
1193 3890 1300 3932 suo
1345 3872 1604 3933 caelestis
1637 3871 1952 3933 erubescet
1980 3873 2062 3930 ιϐ.
2153 3893 2289 3937 cum
2322 3875 2422 3935 illo
2456 3875 2732 3935 fratribus
2779 3874 2893 3934 tuis
2923 3883 2978 3935 te
3009 3872 3333 3935 humilias?
3364 3872 3424 3934 Si
3462 3870 3547 3930 illi
3581 3869 3794 3930 similis

503 3959 667 4033 Quod
702 3962 858 4035 dico,
890 3959 1229 4040 hujusmodi
1262 3969 1367 4021 est.
1390 3961 1534 4024 Cum
1565 3969 1721 4022 esset
1753 3964 1928 4024 Deus.
1959 3981 2068 4023 no-
2156 3963 2309 4026 effici
2342 3981 2458 4023 non
2492 3963 2598 4041 vis,
2635 3963 2917 4042 majorem
2973 3961 3173 4023 nescio
3217 3959 3536 4042 quomodo,
3571 3967 3629 4018 et
3659 3961 3787 4036 glu-

427 4049 528 4111 slri
561 4066 736 4110 causa
766 4049 1066 4111 hominem
1119 4048 1388 4129 indutus,
1434 4049 1623 4128 alapis
1665 4067 1874 4124 CIBSUS,
1923 4068 2068 4111 ϐοη-
2155 4053 2468 4116 riosiorem
2501 4051 2600 4111 illo
2626 4060 2679 4111 te
2705 4051 2870 4132 facis,
2902 4053 3199 4131 aliumque
3234 4059 3286 4110 te
3319 4048 3490 4111 nobis
3529 4049 3783 4120 Annam,

427 4147 656 4218 Sputus,
699 4139 756 4199 in
792 4157 1032 4200 crucem
1084 4147 1248 4200 actus
1280 4148 1368 4200 est
1394 4161 1408 4198 :
1439 4138 1685 4209 docens,
1741 4156 1809 4198 ac
1859 4138 2067 4202 dicens
2090 4149 2248 4208 naut
2279 4139 2584 4219 Caipham,
2619 4148 2719 4200 aut
2743 4141 2993 4202 Pilatum
3029 4149 3338 4218 tyrannum
3371 4137 3641 4210 exhihes,
3667 4134 3789 4214 opi-

427 4226 859 4307 quodammodo
891 4227 1104 4307 cuique
1135 4235 1402 4288 nostrum
1435 4245 1541 4307 per
1582 4245 1653 4288 ea
1689 4245 1822 4305 qua:
1855 4245 2063 4308 passus
2145 4234 2316 4295 ﬁcem
2345 4229 2746 4290 universitatis
2771 4249 2886 4290 non
2903 4239 2965 4291 ut
2985 4247 3371 4302 assessorem,
3395 4228 3498 4287 sed
3523 4234 3584 4287 ut
3607 4243 3786 4285 unum

429 4324 516 4376 est
543 4315 689 4396 (qui,
734 4335 849 4395 qua
879 4316 1056 4389 Deus,
1105 4317 1222 4396 pati
1253 4335 1369 4376 non
1404 4317 1760 4396 poterat),'si
1793 4317 1876 4378 vis
1905 4316 2064 4380 Deus
2146 4319 2463 4402 quemdam
2494 4319 2904 4381 damnatorum
2941 4319 3041 4380 tibi
3074 4329 3266 4380 astare
3298 4317 3571 4396 cupiens.

430 4421 624 4484 esse,o
647 4404 846 4474 homo,
864 4405 1161 4485 vitamque
1186 4413 1465 4466 aeternam
1494 4415 1798 4468 assecutus
1830 4425 2060 4466 mecum
2228 4410 2363 4472 llaec
2384 4408 2455 4468 ad
2475 4407 2684 4468 divites
2711 4417 2770 4470 et
2788 4409 3109 4488 principes,
3129 4417 3180 4468 et
3205 4408 3454 4467 aliorum
3483 4403 3786 4485 praesides,

427 4492 644 4569 vivere,
668 4493 821 4573 quod
849 4503 1012 4572 pater
1032 4493 1269 4573 generis
1303 4493 1406 4569 tui,
1433 4514 1566 4555 eum
1594 4494 1745 4554 male
1775 4494 2061 4574 concupi-
2146 4508 2204 4560 et
2234 4519 2302 4560 cu
2316 4517 2367 4557 m
2390 4497 2542 4558 l‘astu
2570 4498 2952 4577 supercilium
2985 4497 3258 4558 tollentes
3285 4495 3443 4556 dicta
3465 4494 3606 4554 sint.
3637 4491 3787 4564 Quid

425 4582 626 4653 visset,
656 4600 773 4641 non
806 4594 897 4644 est
927 4591 1258 4662 assecutus,
1283 4581 1369 4643 sic
1400 4581 1733 4656 humiliare,
1766 4583 2063 4663 quomodo
2140 4588 2264 4668 jam
2298 4587 2570 4647 dicemus
2601 4586 2694 4658 iis,
2729 4586 2830 4667 qui
2863 4587 3085 4647 relictis
3109 4585 3406 4656 omnibus,
3435 4590 3676 4664 propter
3695 4601 3786 4642 re-

424 4688 533 4748 ego
569 4677 667 4730 tua
686 4689 861 4731 causa
894 4690 988 4732 n.e
1015 4669 1343 4749 humiliavi,
1375 4670 1830 4751 arrogantiaque
1875 4680 1935 4732 et
1961 4689 2066 4732 su-

428 4758 658 4839 perbia,
691 4759 750 4820 in
781 4759 997 4841 quibus
1027 4769 1115 4821 est
1146 4761 1390 4840 spiritus
1439 4757 1792 4838 diabolicus,
1825 4759 2064 4840 deposi-

428 4856 504 4922 ta,
539 4847 762 4929 alapas,
793 4849 1302 4930 consputationcs,
1335 4849 1616 4928 colaphos
1642 4847 1900 4929 suscipe.
1928 4847 2066 4910 Per-

424 4936 516 4998 fer
545 4938 657 4998 ista
687 4937 758 4997 ad
792 4946 1041 4999 mortem
1071 4956 1280 5020 usque,
1306 4945 1363 4998 et
1394 4936 1512 4998 noli
1547 4935 1926 5000 erubescere.
1960 4937 2065 5000 Sin

426 5033 484 5086 tu
511 5034 755 5106 propter
785 5027 1056 5088 mandata
1081 5047 1211 5088 mea
1232 5027 1347 5108 pati
1379 5025 1717 5099 erubueris,
1752 5035 2058 5107 postquam

425 5133 534 5194 ego
567 5113 724 5175 Deus
755 5124 996 5196 propter
1026 5125 1082 5178 te
1115 5135 1318 5196 passus
1340 5115 1689 5192 sum,etiam
1715 5134 1840 5193 ego.
1874 5134 2064 5196 quan-

2147 4694 2327 4754 gnum
2359 4675 2641 4735 caelorum
2675 4694 2741 4735 ac
2773 4682 3093 4752 egestatem
3126 4693 3190 4735 se
3221 4671 3612 4747 redegerunt?
3634 4669 3786 4742 Quid

2147 4763 2437 4854 dicemus,
2465 4763 2741 4842 inquam?
2768 4764 2923 4826 Ecce
2943 4764 3139 4835 frater,
3164 4762 3474 4826 mendicus
3499 4761 3704 4822 lactus.
3734 4767 3790 4818 et

2146 4847 2461 4915 Dominum
2497 4853 2824 4927 Christum,
2847 4873 2914 4914 ac
2934 4857 3121 4917 Deum
3156 4851 3416 4913 imitatus
3440 4869 3526 4911 es.
3551 4847 3788 4909 Intuere

2147 4941 2327 5019 igitur
2353 4941 2512 5002 hunc
2543 4941 2716 5002 modo
2739 4943 2843 5003 tibi
2868 4933 3164 5022 junctum,
3190 4949 3502 5018 tecumque
3537 4954 3783 4997 versan-

2144 5035 2291 5102 tem,
2325 5029 2426 5110 qui
2455 5048 2633 5109 super
2663 5049 2869 5091 omnes
2897 5031 3078 5093 ccelos
3114 5028 3386 5091 est.Ecce
3419 5026 3535 5086 duo
3567 5044 3668 5085 vos
3697 5023 3782 5084 si-

2146 5117 2268 5178 mul
2295 5117 2588 5180 inceditis.
2627 5117 2902 5180 Occurrit
2931 5118 3222 5200 quispiam
3253 5114 3418 5174 vobis
3448 5113 3508 5172 in
3540 5113 3781 5186 itinere,

423 5204 500 5265 do
547 5222 681 5264 cum
741 5206 1050 5285 majestate
1108 5206 1426 5275 advenero,
1481 5203 1692 5285 pudori
1733 5203 1978 5266 habebo
2012 5214 2069 5268 te
2151 5206 2437 5288 deditque
2467 5207 2718 5269 Domino
2747 5209 2967 5289 alapas,
3001 5207 3166 5268 dedit
3190 5203 3468 5266 similiter
3494 5201 3623 5262 tibi.
3660 5201 3784 5262 Do-

424 5309 660 5353 mecum
687 5309 843 5368 esse,
870 5293 1181 5375 dicamque
1203 5293 1435 5374 angelis
1461 5291 1632 5368 meis,
1652 5291 1750 5354 hic
1772 5291 1832 5353 in
1864 5293 2063 5355 humi-
2149 5295 2350 5357 minus
2383 5314 2499 5359 non
2530 5296 2901 5376 contradicit,
2934 5309 2994 5358 et
3041 5303 3100 5355 tu
3142 5301 3346 5355 contra
3399 5289 3575 5351 irruis
3595 5289 3626 5348 ‘2
3656 5289 3781 5352 Imo

501 5459 566 5510 ιδ
593 5460 800 5523 Matth.
834 5480 888 5537 v,
917 5463 1013 5525 39.
1102 5461 1165 5513 46
1196 5463 1332 5526 Luc.
1367 5479 1450 5544 ιχ,
1484 5462 1582 5526 26.
1671 5461 1732 5512 47
1761 5459 1877 5526 Isa.
1911 5479 2075 5539 xxvr,

2161 5465 2211 5527 D.
2295 5466 2358 5516 48
2389 5464 2644 5547 Philipp.
2680 5482 2746 5536 tt,
2775 5465 2838 5528 7.
