4112 6106
273 166 394 236 ι79

1565 167 1938 234 SYMEONIS
1973 169 2318 236 IUNIORIS

3530 176 3649 242 480

273 305 388 387 ais,
413 303 558 368 dixit
578 304 737 367 enim
763 303 929 366 danti
955 303 1067 366 sibi
1090 305 1321 386 alapam
1351 325 1364 364 :
1391 305 1462 367 Si
1486 307 1651 368 male
1675 307 1907 370 locutus
1927 328 1968 367 Α
1990 322 2216 381 cemus,
2249 304 2354 366 sed
2381 305 2512 367 sine
2547 307 2968 369 communione
2999 326 3366 373 maneamus.
3399 308 3502 372 His
3535 328 3643 389 ego

273 413 431 476 sum,
449 394 854 458 testimonium
864 393 1120 472 perhibe
1140 393 1214 456 de
1234 393 1388 456 malo
1416 415 1429 457 :
1449 395 1504 457 si
1519 401 1724 457 autem
1744 393 1912 470 bene,

1998 393 2180 456 miser
2201 401 2259 456 et
2280 394 2483 457 infelix
2515 395 2763 470 auditis,
2787 414 3053 458 seorsum
3089 415 3159 460 ea
3188 416 3422 460 mecum
3454 400 3647 461 revol-

277 485 427 566 quid
449 499 542 546 me
562 483 744 545 caedis
768 483 867 544 49?
885 481 1011 549 Hoc
1041 481 1143 546 ille
1169 502 1286 546 non
1319 483 1590 567 protulit,
1623 493 1688 548 ut
1711 493 1918 547 contra
1995 501 2140 544 vens
2170 493 2227 544 et
2256 483 2504 563 indigne
2534 484 2758 566 ferens,
2782 485 2998 547 acerbe
3022 485 3155 547 ﬂevi
3185 486 3246 548 in
3276 487 3481 549 dolore
3503 506 3643 550 cor-

275 572 526 648 diceret,
557 571 714 653 quod
746 579 804 633 tu
837 571 1164 648 existimas;
1199 572 1300 636 sed
1333 572 1611 654 quoniam
1635 575 1759 653 ipse
1781 592 1915 636 om-
1996 571 2089 632 dis
2109 571 2246 647 mei,
2271 571 2349 633 ita
2367 572 2524 653 apud
2550 572 2818 634 animum
2843 575 3642 654 memetinterroganszNum

275 665 424 725 nino
438 670 744 742 peceatum
766 660 1002 723 nullum
1021 663 1309 742 lecit,nec
1325 663 1610 726 inventus
1628 672 1720 726 est
1743 663 1918 726 dolus
1996 679 2202 722 revera
2230 661 2292 722 in
2324 662 2438 724 hoc
2477 662 2713 739 negotio
2762 662 2812 723 si
2863 663 3059 726 aﬂ‘ecti
3087 671 3246 742 sunt,
3283 675 3341 728 et
3384 666 3465 727 ita
3493 685 3639 728 sen-

275 752 343 813 in
364 768 466 813 ore
497 753 629 829 ejus
648 750 733 812 50.
764 753 1062 823 Preterea,
1096 768 1193 826 ne,
1223 750 1325 832 qui
1355 750 1586 814 dixerat
1620 773 1632 811 :
1662 753 1766 814 Sic
1787 770 1915 815 res-

273 841 500 922 pondes
552 838 1050 920 pontiﬁci?juste
1105 859 1265 916 cum,
1317 846 1383 900 ut
1433 840 1534 920 qui
1588 848 1914 920 peccasset,

281 928 646 1010 percussisse
681 936 1007 1010 putaretur,
1032 927 1255 990 idcirco
1287 946 1351 991 se
1380 928 1683 992 innoxium
1715 931 1919 995 volens

281 1018 614 1096 declarare,
649 1017 736 1079 sic
763 1017 993 1078 locutus
1019 1024 1127 1078 est.
1160 1015 1377 1079 Verum
1406 1037 1536 1094 nos,
1575 1019 1775 1082 multis
1803 1020 1916 1082 ob-

282 1108 474 1170 stricti
517 1106 889 1187 criminibus,
921 1107 1265 1184 longissime
1315 1107 1398 1169 ab
1436 1108 1550 1170 ista
1578 1108 1923 1172 innocentia

280 1197 590 1261 distamus.
617 1197 764 1259 Nam
801 1203 1003 1276 postea
1034 1197 1342 1271 Dominus,
1378 1215 1513 1259 cum
1546 1198 1727 1260 multa
1757 1198 1917 1260 indi-

281 1287 490 1365 gniora
541 1285 690 1346 istoc
731 1284 1083 1364 excepisset,
1120 1285 1348 1346 nullum
1402 1285 1636 1366 punitus
1678 1287 1922 1349 verbum

284 1375 471 1436 edidit
502 1373 679 1454 :quin
713 1372 915 1446 etiam,
938 1373 1096 1454 quod
1128 1379 1377 1447 constat,
1414 1393 1518 1455 pro
1550 1375 1924 1438 crucitixori-

285 1464 398 1526 bus
421 1463 626 1524 oravit.
652 1461 757 1524 Ille
774 1461 983 1522 irrisus
1001 1481 1117 1524 non
1141 1461 1501 1542 indignatur,
1523 1474 1580 1526 et
1597 1473 1656 1526 tu
1677 1466 1926 1528 moleste

285 1551 452 1614 fers?
478 1551 586 1614 Ille
615 1560 811 1632 sputa,
844 1551 1152 1631 calophos,
1204 1552 1433 1630 ﬂagella
1476 1554 1690 1634 patitur
1719 1572 1734 1628 ;
1769 1562 1825 1616 et
1866 1564 1924 1617 tu

2001 749 2152 813 tiunt
2181 761 2244 811 ut
2284 749 2462 812 verba
2511 759 2747 832 sonant,
2790 752 3068 833 serioque
3113 753 3484 834 impossibile
3529 756 3642 818 hoc

1999 846 2344 920 reputantes
2387 839 2686 922 dixerunt,
2719 859 2849 921 quae
2877 839 3178 903 dixerunt?
3207 861 3280 903 an
3311 843 3504 923 potius
3525 863 3646 905 non

2000 947 2239 1010 parvum
2273 946 2340 991 ac
2367 929 2538 990 facile
2569 928 2866 1010 quoddam
2895 930 3152 990 ofﬁcium
3203 931 3337 1003 rati,
3375 940 3643 1014 tempore

1999 1016 2437 1078 communionis
2459 1017 2793 1099 Iacrymari,
2827 1017 2951 1078 solo
2975 1018 3154 1080 verbo
3183 1017 3244 1080 id
3280 1019 3644 1082 irriserunt?

2005 1104 2181 1181 Sane,
2217 1105 2334 1168 nisi
2366 1106 2498 1187 quis
2527 1107 2766 1168 assiduo
2793 1106 3006 1169 diebus
3048 1114 3105 1168 et
3137 1107 3410 1172 noctibus
3443 1129 3643 1172 coram

2005 1193 2238 1258 Cbristo
2261 1198 2383 1258 Deo
2414 1194 2476 1256 in
2498 1196 2644 1258 ﬂetu
2675 1203 3000 1276 occupatus
3018 1197 3114 1272 sit,
3141 1215 3254 1258 nec
3283 1216 3416 1259 cum
3448 1198 3648 1260 divina

2008 1283 2358 1363 participare
2400 1283 2677 1356 voluerit,
2710 1285 3248 1366 quomodocunque
3287 1285 3513 1366 lugere,
3546 1296 3648 1350 aut

2006 1371 2318 1452 lacrymari
2348 1373 2604 1452 ﬂetuque
2634 1373 2966 1435 secundum
2992 1373 3178 1436 Deum
3216 1375 3443 1438 stillare
3474 1383 3648 1457 pote-

2006 1460 2223 1534 rit.Qui
2244 1460 2437 1522 enim?
2457 1461 2571 1523 nisi
2587 1461 2736 1524 forte
2758 1469 2989 1524 secreta
3009 1463 3260 1544 quadam
3291 1467 3645 1542 teconomia,

2007 1559 2109 1614 aut
2137 1558 2374 1624 eventu,
2401 1570 2470 1611 ex
2493 1569 2674 1613 causa
2701 1552 2899 1632 aliqua
2920 1569 3053 1613 raro
3076 1552 3132 1612 id
3159 1554 3415 1633 conligat
3443 1555 3642 1630 alicui,

287 1660 363 1702 ne
395 1639 639 1700 verbum
682 1638 923 1720 quidem
970 1656 1250 1719 asperum
1297 1639 1505 1701 audire
1566 1643 1772 1720 potes?
1821 1641 1925 1704 Ille
1949 1654 1985 1702 Β
2008 1639 2165 1718 quod
2199 1639 2341 1699 mihi
2370 1639 2582 1700 mirum
2618 1641 3006 1718 nonvidetur,
3031 1641 3265 1721 quando
3281 1641 3447 1703 mulli
3469 1643 3643 1705 etiam

291 1748 554 1802 crucem,
584 1736 642 1790 et
673 1736 919 1790 mortem
951 1727 1428 1806 ignominiosam,
1461 1737 1520 1790 et
1549 1729 1784 1793 dolores
1813 1730 1922 1792 cla-

288 1836 497 1880 vorum
528 1817 767 1897 excipit,
821 1825 880 1878 et
927 1825 986 1877 tu
1035 1815 1369 1878 ministeria
1409 1817 1732 1897 abjectiora
1762 1819 1929 1882 obire

286 1906 556 1984 refugis?
581 1906 650 1968 Et
679 1905 921 1987 quinam
955 1906 1084 1985 ejus
1105 1905 1307 1984 gloriae
1328 1925 1573 1969 consors
1604 1909 1743 1982 eris,
1761 1909 1930 1988 cujus

291 1997 499 2060 mortis
533 2013 781 2058 consors
813 1994 940 2056 fieri
970 1993 1230 2056 abnuis?
1262 1997 1420 2057 Sane
1466 1996 1684 2058 frustra
1712 1997 1931 2060 divitiis

289 2096 345 2150 te
378 2084 685 2157 abdicasti,
737 2102 976 2146 crucem
1006 2092 1072 2144 ut
1099 2083 1200 2144 ille
1223 2084 1401 2164 jussit
1430 2084 1490 2146 in
1521 2086 1764 2148 veritate
1814 2087 1930 2148 tol-

291 2178 413 2239 lere
432 2176 640 2238 nolens
667 2195 680 2238 :
711 2173 912 2236 Vende
931 2191 1066 2254 quae
1087 2173 1286 2240 habes.
1309 2181 1362 2237 et
1385 2172 1931 2255 ddpauperibus,et

291 2265 428 2331 tolle
449 2282 682 2329 crucem
705 2270 892 2335 tuam,
916 2271 974 2322 et
991 2279 1238 2341 sequere
1257 2280 1353 2325 me
1371 2263 1444 2338 δι,
1481 2263 1932 2340 adolescenti,et

297 2355 469 2416 nobis
497 2373 631 2416 cum
659 2353 789 2434 ipso
821 2351 1085 2416 Christus
1114 2352 1415 2433 praecepit.
1450 2354 1526 2416 At
1557 2361 1615 2414 tu
1645 2354 1932 2416 facultati-

292 2443 400 2505 bus
443 2441 798 2518 distributis,
860 2458 1097 2502 crucem
1157 2449 1355 2502 tamen
1399 2441 1651 2504 horrens
1695 2443 1925 2518 tollere,

287 2541 353 2596 ut
383 2533 641 2594 diximus
677 2530 855 2612 (quod
888 2529 1032 2590 nihil
1066 2529 1224 2590 aliud
1281 2537 1390 2603 est,
1442 2549 1615 2610 quam
1660 2533 1927 2592 omnium

289 2623 680 2685 tentationum
722 2619 1174 2698 impressionem
1212 2619 1388 2680 hilari
1437 2620 1635 2681 animo
1666 2621 1924 2683 sustine-

289 2729 356 2772 re
386 2728 454 2770 ac
490 2708 737 2788 perpeti)
765 2707 824 2767 in
855 2707 943 2767 via
977 2708 1152 2786 hujus
1183 2707 1312 2769 vitae
1341 2708 1606 2783 relictus,
1641 2716 1698 2770 et
1727 2728 1759 2770 a
1790 2709 1925 2771 dul-

290 2799 445 2861 cimo
475 2797 726 2860 Domino
760 2805 857 2859 tuo
881 2796 1145 2859 divulsus
1185 2816 1270 2860 es.
1325 2796 1465 2871 Sed,
1499 2798 1783 2872 obtestor,
1821 2817 1926 2878 pa-

2008 1727 2070 1788 in
2115 1727 2272 1788 exitu
2318 1727 2532 1790 animaa
2579 1747 2611 1790 e
2661 1747 2911 1808 corpore
2966 1729 3386 1810 lacrymarunt.
3421 1730 3648 1812 Opinor

2009 1825 2204 1876 autem
2236 1815 2334 1877 hic
2359 1835 2478 1878 non
2511 1816 2698 1891 multi,
2726 1817 2830 1879 sed
2861 1817 3030 1898 pauci
3061 1818 3405 1895 admodum,
3434 1830 3646 1901 etquo-

2009 1922 2142 1965 rum
2174 1922 2458 1966 numerus
2497 1904 2637 1966 iniri
2682 1905 2853 1967 facile
2884 1917 3084 1985 queat.
3127 1905 3294 1978 Quod
3325 1908 3374 1968 si
3407 1927 3646 1989 prorsus

2012 1993 2141 2055 ﬁeri
2173 2012 2289 2054 non
2324 2011 2495 2073 posse
2525 1993 2885 2069 existimant,
2936 2001 2997 2054 ut
3045 1994 3178 2074 quis
3207 2014 3337 2056 cum
3375 1997 3647 2079 lacrymis

2013 2082 2074 2143 in
2114 2082 2242 2144 dies
2272 2082 2586 2163 participet
2617 2081 2812 2144 divina
2847 2083 3149 2163 mysteria,
3187 2086 3333 2163 proh
3365 2085 3646 2164 ignoran-

2015 2171 2178 2247 tiam,
2205 2171 2558 2244 socordiam,
2596 2179 2655 2233 et
2679 2171 3004 2234 caecitatem
3035 2171 3147 2233 ista
3175 2173 3565 2253 loquentium.
3587 2176 3652 2238 Si

2015 2262 2174 2324 enim
2205 2262 2433 2343 seipsos
2457 2261 2850 2341 judicassent,
2880 2280 3001 2323 non
3026 2281 3058 2324 e
3087 2262 3211 2324 suis
3244 2264 3504 2344 ipsorum
3529 2284 3654 2328 ser-

2015 2351 2291 2414 monibus
2337 2350 2773 2431 judicarentur.
2807 2350 2866 2415 Si
2909 2352 3273 2432 paenitentiae
3319 2354 3672 2432 studerent,

2014 2459 2132 2501 non
2163 2441 2275 2502 hoc
2307 2460 2414 2521 pro
2435 2440 2790 2521 impossibili
2816 2443 3226 2504 eﬂutivissent.
3251 2440 3314 2504 Si
3331 2443 3654 2507 fructuosis

2010 2537 2288 2590 vacarent
2333 2529 2634 2607 operibus,
2693 2531 2823 2591 talis
2872 2530 3013 2592 boni
3063 2539 3237 2592 tanta:
3279 2530 3652 2596 liberalitatis

2011 2618 2229 2680 Christi
2259 2628 2492 2698 gustum
2523 2619 2779 2700 aliquem
2821 2620 3131 2684 haberent.
3165 2619 3228 2683 Si
3272 2631 3429 2684 esset
3468 2625 3528 2685 in
3579 2624 3654 2686 iis
3686 2691 3688 2694 ,

2014 2707 2190 2768 timor
2219 2707 2348 2786 Dei,
2384 2726 2501 2771 non
2544 2709 2735 2771 solum
2794 2717 3060 2790 tempore
3089 2711 3525 2773 communionis
3555 2713 3651 2774 di-

2011 2796 2284 2858 vinorum
2319 2798 2738 2877 mysteriorum
2773 2799 2976 2878 lugere
3006 2799 3374 2878 quempiam,
3409 2819 3475 2862 ac
3505 2802 3651 2862 ﬂere

293 2896 414 2950 tres
452 2906 524 2949 ac
572 2883 804 2959 fratres,
848 2886 1047 2946 omnia
1078 2886 1293 2950 Christi
1325 2887 1600 2948 mandata
1625 2888 1926 2949 custodia—
1948 2902 1987 2954 C
2016 2894 2642 2966 posseattestarentur,
2667 2889 2772 2951 sed
2792 2896 2848 2950 et
2872 2889 3035 2949 omni
3057 2890 3202 2950 hora
3225 2889 3647 2968 popemodum.

291 2996 444 3051 mus,
476 2975 814 3038 adorientes
842 2993 950 3035 nos
983 2975 1336 3037 tentationes
1368 2993 1552 3054 usque
1574 2975 1644 3036 ad
1681 2983 1929 3038 mortem

291 3066 460 3147 regni
483 3065 742 3128 caelestis
765 3081 966 3126 amore
998 3066 1371 3137 suﬂ‘eramus,
1397 3074 1540 3126 utet
1572 3065 1771 3144 gloriae
1791 3064 1932 3127 Jesu

292 3155 462 3229 socii,
494 3165 553 3215 et
596 3160 830 3214 aeternae
859 3152 987 3213 vitae
1017 3160 1350 3233 compotes,
1383 3161 1442 3214 et
1472 3153 1762 3214 bonorum
1793 3153 1933 3234 qui-

291 3244 402 3306 bus
436 3243 595 3305 nulla
623 3260 726 3322 par
755 3249 845 3303 est
875 3243 1084 3317 oratio,
1116 3243 1386 3305 hteredes
1423 3244 1766 3319 evademus,
1793 3262 1929 3323 gra—

291 3333 394 3405 tia,
436 3339 495 3394 et
529 3330 892 3409 benignitate
934 3330 1126 3408 magni
1171 3333 1275 3392 Dci
1305 3351 1373 3392 ac
1405 3332 1711 3393 salvatoris
1746 3333 1932 3393 nostri

290 3421 431 3485 Jesu
453 3419 694 3492 Christi,
719 3437 852 3480 cum
891 3438 1005 3498 quo
1033 3419 1183 3480 Patri
1206 3420 1409 3498 gloria.
1444 3420 1783 3501 imperium,
1821 3422 1932 3482 ho-

293 3527 428 3586 nor,
461 3528 595 3570 cum
647 3516 852 3569 sancto
898 3506 1140 3588 Spiritu.
1193 3527 1351 3570 nunc
1399 3517 1457 3570 et
1497 3528 1758 3590 semper,
1792 3510 1935 3572 etin

295 3617 532 3660 omnem
570 3596 983 3660 aeternitatem.
1021 3601 1232 3660 Amen.

829 3699 1105 3764 ORATIO
1147 3700 1376 3763 XXXII.

902 3811 1316 3857 ARGUMENTUM.

293 3888 394 3970 De
407 3890 759 3970 paenitentia
780 3895 838 3952 et
859 3890 1328 3970 compunctione,
1356 3895 1408 3950 et
1433 3889 1648 3970 quibus
1671 3889 1930 3950 actioni-

376 3968 482 4032 bus
529 3987 601 4032 ea
638 3968 1168 4048 potiamurfSine
1222 3968 1516 4046 tacrymis
1559 3968 1638 4029 ad
1681 3986 1930 4048 purum,

376 4050 769 4129 tranquillum
809 4051 1006 4113 animi
1045 4055 1268 4113 statum
1321 4053 1626 4110 neminem
1665 4066 1932 4127 unquam

370 4137 828 4209 perventurum.

373 4235 664 4308 Quoniam
689 4235 893 4297 Patres
921 4254 990 4297 ac
1017 4235 1247 4305 fratres.
1283 4237 1473 4299 sancti
1523 4235 1710 4297 Patris
1743 4233 1932 4295 nostri

295 4323 544 4387 Studitaz
595 4323 794 4385 divina
837 4324 1177 4385 sublimium
1212 4326 1338 4405 ejus
1369 4325 1664 4386 actionum
1716 4343 1929 4384 munu-

299 4421 498 4474 menta
528 4412 697 4473 nobis
746 4413 899 4475 lecta
926 4423 1084 4489 sunt,
1141 4434 1270 4494 qua;
1299 4414 1398 4475 ille
1437 4412 1666 4476 caelesti
1712 4411 1932 4493 Spiritu

294 4501 631 4575 instinctus,
659 4501 730 4562 ad
756 4502 1073 4563 multorum
1099 4503 1412 4563 utilitatem
1435 4502 1774 4582 publicavit,
1797 4519 1931 4561 cum

299 4589 434 4652 aliis
475 4589 741 4669 ejusdem
773 4609 952 4671 supra
985 4592 1224 4652 modum
1257 4593 1491 4672 egregie
1527 4591 1716 4666 factis,
1757 4590 1932 4652 etiam

299 4679 434 4754 hoc,
461 4679 540 4739 ita
575 4697 878 4758 expresse,
913 4680 1065 4740 sicut
1093 4680 1154 4740 in
1178 4682 1339 4742 omni
1369 4682 1486 4742 vita
1517 4700 1618 4740 sm
1653 4687 1933 4741 constan-

298 4776 388 4830 ter
433 4767 797 4842 observarat,
841 4768 1096 4850 scripsit,
1149 4770 1207 4830 in
1261 4771 1386 4832 hazc
1423 4769 1645 4830 verba:
1686 4769 1758 4829 F1
1776 4777 1930 4842 ater,

297 4857 518 4936 absque
549 4858 832 4936 lacrymis
852 4876 970 4919 non
988 4859 1442 4921 communicabit
1475 4877 1734 4934 unquam
1765 4855 1930 4928 Quod

300 4945 400 5006 ubi
431 4946 751 5008 audierunt
781 4945 880 5027 qui
908 4947 1157 5007 aderant
1199 4947 1466 5025 (aderant
1510 4957 1703 5010 autem
1737 4943 1929 5016 multi,

301 5053 418 5095 non
452 5034 586 5095 laici
618 5034 816 5111 modo,
854 5055 1056 5096 verum
1087 5041 1260 5097 etiam
1304 5035 1379 5097 ob
1422 5035 1699 5097 virtutem
1734 5030 1935 5110 magni

303 5123 580 5203 nominis,
617 5133 673 5184 et
704 5124 871 5185 famae
915 5125 1213 5202 monachi)
1264 5125 1456 5186 mirati
1505 5132 1641 5186 sunt
1687 5123 1931 5194 dictum,

2015 2973 2305 3048 Quocirca
2328 2985 2384 3037 et
2406 2985 2658 3039 vestram
2686 2977 3035 3038 charitatem
3057 2977 3130 3038 de
3146 2979 3255 3039 hoc
3279 2978 3498 3040 certius
3518 2997 3650 3040 eru-

2014 3064 2144 3126 dire
2189 3065 2416 3136 volens,
2453 3073 2510 3128 et
2541 3067 2672 3127 illos
2703 3070 2803 3145 qui
2837 3066 2916 3127 ita
2947 3067 3130 3128 locuti
3177 3085 3310 3147 sun,
3367 3075 3646 3148 tanquam

2017 3163 2336 3234 praesentes
2381 3155 2767 3235 compellans,
2805 3155 3268 3236 percnntandum
3300 3161 3498 3216 statui.
3541 3156 3649 3220 Di-

2016 3242 2130 3304 cite
2162 3243 2332 3317 mihi,
2355 3243 2493 3305 boni
2516 3244 2646 3321 viri,
2668 3263 2773 3306 cur
2794 3246 2906 3307 hoc
2937 3245 3064 3306 fieri
3087 3245 3344 3325 nequit?
3370 3246 3532 3327 quia,
3565 3246 3652 3307 in-

2017 3331 2246 3411 quiunt,
2282 3332 2385 3394 alii
2415 3332 2656 3413 quidem
2692 3334 2971 3413 propensi
3019 3353 3090 3395 ac
3130 3333 3332 3396 faciles
3373 3334 3447 3395 ad
3481 3353 3650 3396 com-

2019 3421 2398 3500 punctionem
2427 3431 2584 3496 sunt,
2612 3422 2713 3482 alii
2743 3421 2914 3503 duro,
2947 3422 3043 3483 slii
3072 3422 3304 3502 lapideo
3335 3422 3654 3503 corde,qui

2017 3509 2193 3570 etiam
2240 3509 2444 3590 puncti
2488 3529 2605 3571 non
2651 3519 3152 3591 compunguntur.
3213 3512 3324 3584 Qui
3357 3511 3535 3591 igitur
3570 3513 3653 3574 ita

2015 3606 2151 3658 sunt
2176 3599 2547 3677 comparati?
2588 3599 2688 3680 qui
2710 3602 2855 3661 ﬂere
2878 3609 2935 3661 et
2955 3601 3182 3681 lugere,
3209 3609 3267 3661 et
3296 3620 3425 3661 cum
3460 3601 3638 3679 lacry-

2016 3685 2127 3748 mis
2156 3704 2396 3766 semper
2432 3690 2877 3750 communicare
2917 3691 3236 3768 poterunt?
3269 3688 3420 3761 Quin
3451 3697 3508 3748 et
3535 3688 3650 3768 ipsi

2013 3775 2390 3852 sacerdotes,
2452 3776 2552 3856 qui
2605 3776 2806 3838 divino
2863 3777 3302 3858 incruentoque
3358 3777 3648 3838 sacriﬁcio

2014 3872 2359 3943 operantur,
2385 3866 2680 3945 quomodo
2705 3866 2993 3947 lacrymas
3014 3866 3292 3928 fundent?
3313 3865 3512 3946 Ipsum
3535 3866 3647 3944 igi-

2016 3960 2109 4014 tur
2124 3953 2257 4029 hoc,
2285 3972 2414 4015 esse
2436 3955 2637 4026 duros,
2669 3964 2728 4016 ut
2758 3955 3007 4025 dixistis,
3029 3963 3090 4017 et
3117 3956 3190 4016 ad
3231 3955 3647 4034 compunctio-

2014 4060 2150 4102 nem
2177 4042 2418 4104 difﬁcile
2445 4043 2778 4124 permoveri
2808 4045 2967 4105 unde
2988 4044 3132 4125 ipsis
3153 4043 3368 4105 accidit
3391 4050 3418 4106 ‘?
3447 4043 3650 4117 dicite,

1957 4154 1995 4203 ι)
2016 4131 2064 4191 si
2098 4131 2305 4192 nostis.
2341 4131 2403 4193 Si
2425 4131 2727 4212 ignoratis,
2755 4132 3057 4213 paululum
3103 4131 3518 4194 celsitudinem
3549 4150 3651 4193 ve-

2015 4227 2201 4281 stram
2259 4219 2404 4281 citra
2456 4222 2813 4282 verecundia
2860 4220 3305 4301 submittentes,
3343 4229 3402 4282 et
3447 4239 3649 4282 aurem

2017 4306 2298 4371 benevole
2329 4309 2704 4386 inclinantes,
2733 4329 2806 4371 ne
2828 4329 2896 4371 ex
2922 4329 3016 4371 me
3037 4311 3240 4372 infimo
3264 4310 3497 4372 discere
3515 4329 3653 4388 gra-

2017 4398 2255 4458 vemini.
2309 4397 2606 4480 Scriptum
2640 4408 2728 4462 est
2756 4403 2914 4462 enim
2949 4421 2962 4463 :
2996 4400 3070 4463 Si
3095 4409 3304 4462 autem
3350 4406 3654 4479 postremo

2016 4486 2342 4549 revelatum
2369 4495 2479 4569 est,
2512 4491 2754 4569 primus
2780 4489 2954 4552 sileat
2982 4489 3064 4549 59.

2096 4574 2267 4638 Unde
2319 4575 2518 4655 igitur,
2563 4578 2782 4659 inquis,
2851 4579 2946 4640 hic
2994 4577 3236 4660 quidem
3286 4576 3494 4651 durus,
3555 4576 3652 4638 hic

2015 4676 2207 4728 autem
2236 4666 2308 4729 ad
2341 4667 2859 4747 compunCtionem
2900 4667 3140 4730 mollis?
3172 4665 3345 4727 Audi.
3391 4663 3469 4725 Ex
3510 4683 3650 4744 pro-

2018 4755 2228 4835 positio
2252 4765 2308 4817 et
2325 4756 2623 4818 voluntate
2657 4775 2804 4817 unus
2834 4755 3165 4830 bona,altcr
3188 4754 3361 4834 mala,
3385 4762 3442 4814 et
3468 4772 3536 4814 ex
3561 4773 3656 4815 co-

2015 4845 2395 4923 gitationibus
2420 4844 2515 4905 hic
2536 4844 2775 4923 quidem
2802 4844 3018 4924 pravis,
3035 4844 3190 4904 alius
3219 4861 3357 4904 vero
3379 4843 3656 4903 aliusmo-

2017 4933 2074 4994 di
2103 4950 2116 4995 :
2151 4942 2209 4994 et
2230 4954 2296 4996 ex
2322 4932 2674 5005 actionibus,
2702 4933 2794 4993 hic
2817 4932 3055 5013 quidem
3092 4931 3275 4992 divini
3307 4930 3527 4992 amoris
3551 4930 3650 4990 in-

2019 5022 2272 5096 dicibus,
2305 5022 2406 5083 ille
2427 5039 2562 5082 vero
2583 5023 2916 5084 contrariis.
2951 5025 3039 5084 Ac
3061 5021 3110 5082 si
3135 5022 3345 5101 placat,
3380 5019 3657 5080 conside-

2023 5130 2108 5185 ra,
2131 5118 2188 5172 et
2209 5109 2434 5171 videbis
2473 5127 2682 5171 omnes
2721 5109 2860 5171 inde
2880 5129 2914 5171 a
2936 5109 3259 5190 primordio
3299 5107 3656 5168 sweulorum

299 5220 359 5271 et
391 5197 655 5272 mutuum
680 5213 1056 5293 aspicientes,
1073 5234 1141 5275 ac
1163 5197 1536 5275 subridentes
1568 5212 1806 5294 pariter,
1826 5229 1939 5271 una
2024 5218 2131 5294 per
2152 5201 2276 5294 sola
2293 5214 2350 5262 et
2375 5199 2482 5260 tria
2504 5201 2712 5294 partin
2739 5200 2954 5262 multos
2975 5218 3045 5294 ex
3067 5199 3244 5294 bon'_s_
3274 5197 3480 5272 malos,
3518 5217 3655 5294 par-

301 5319 442 5362 voce
473 5301 767 5378 dixerunt,
797 5303 868 5366 de
899 5311 1111 5366 caetero
1144 5322 1251 5365 nos
1280 5322 1578 5385 nunquam
1613 5297 1937 5363 communi-

2025 5292 2128 5354 tim
2153 5291 2366 5351 multos
2391 5309 2457 5351 ex
2470 5289 2645 5374 malis
2674 5289 2830 5350 bono
2855 5288 3170 5351 exstitisse.
3197 5289 3340 5351 Nau.
3371 5297 3428 5348 ut
3450 5307 3480 5349 a
3501 5288 3657 5367 prin-

379 5479 446 5539 49
469 5479 642 5545 Joan.
677 5496 840 5556 xvm,
873 5479 972 5542 23.
1057 5482 1119 5533 50
1147 5480 1170 5542 Ι
1202 5480 1357 5545 Petr.
1391 5498 1453 5551 ιι,
1485 5481 1586 5544 2‘2.
1673 5478 1721 5521 51
1755 5475 1952 5554 Matth,
1987 5489 2102 5546 xxx,
2137 5469 2232 5535 Η.
2316 5470 2379 5521 52
2407 5468 2431 5532 I
2461 5467 2593 5531 Cor.
2630 5484 2750 5542 xxv,
2779 5467 2880 5528 30.
