4112 6106
418 347 527 413 481
1809 363 2068 430 ΟΒΑΤΙ(

2152 364 2386 432 XXXII.
3672 378 3790 445 489

416 482 570 589 εἱρΞο
605 501 711 546 eos
741 503 1185 586 enumeremus,
1225 490 1480 553 Luciferi
1500 510 1670 556 casus
1693 497 1850 560 unde
1873 500 2052 560 exsti-
2074 504 2116 553 Α
2139 495 2500 578 imperatur:
2529 498 2633 561 sed
2667 508 2942 581 prompte
2972 509 3260 582 praestans
3290 503 3545 589 singula,
3584 517 3784 589 postre

424 572 541 632 tit?
573 575 940 671 nonneqnia
965 577 1272 653 voluntati,
1309 588 1368 641 et
1396 582 1742 661 cogitationi
1773 605 2069 666 perversae
2150 572 2310 646 mum
2341 605 2581 669 semper
2610 572 2802 651 locum
2828 572 3120 671 quaerens,
3147 600 3206 654 et
3227 601 3289 654 ut
3321 572 3661 658 summatim
3690 598 3788 660 di-

425 662 724 726 assensit?
753 663 923 726 Unde
971 666 1111 729 Cain
1167 667 1520 732 fratricida?
1565 662 1862 737 nonne—ex
1895 697 2071 758 prava

427 750 755 846 voluntate,
791 774 927 846 cum
955 757 1364 846 soConditori
1407 761 1783 840 praetulisset,
1815 775 1872 826 et
1895 750 2068 846 cogi-

429 840 750 931 tationibus
795 843 1086 923 improbis
1145 846 1340 908 locum
1397 849 1778 931 reliquisset,
1835 840 2073 919 invidiae

431 930 790 1020 mancipium
842 934 1048 1008 evasit,
1099 936 1440 1018 caedemque
1478 930 1876 1020 perpetravit?
1906 945 2072 1008 Unde

431 1015 564 1107 Saul
592 1023 896 1098 quaerebat
926 1021 1209 1086 Davidem
1242 1015 1776 1107 comprehendere,
1818 1041 1877 1093 et
1907 1035 2070 1098 occi-

430 1105 594 1181 dere,
627 1126 806 1187 quem
841 1111 1002 1202 prins
1032 1113 1234 1192 quanti
1267 1105 1531 1196 seipsum
1573 1119 1844 1202 faciebat,
1881 1123 2070 1202 pluri-

432 1213 734 1276 mumque,
759 1207 822 1259 ut
854 1199 1006 1261 bene
1037 1213 1393 1278 merentem,
1421 1207 1746 1287 diligebat?
1772 1199 1839 1272 ex
1866 1199 2072 1276 natura

431 1301 504 1343 an
537 1302 606 1344 ex
639 1296 916 1367 corrupta
945 1290 1284 1354 voluntate?
1316 1295 1556 1374 planum
1589 1323 1600 1353 ‹
1628 1307 1704 1374 st,
1741 1318 1809 1360 ex
1835 1302 2065 1379 vitiosa,

434 1385 490 1437 et
520 1378 836 1458 depravata
865 1383 1184 1446 voluntate.
1210 1385 1429 1449 Natura
1452 1389 1610 1450 enim
1637 1411 1811 1454 nemo
1843 1403 1934 1455 est
1954 1378 2071 1457 ma-

433 1465 546 1546 lus,
567 1469 844 1547 quoniam
880 1471 1037 1533 Deus
1069 1493 1184 1535 non
1213 1477 1526 1551 malorum,
1552 1481 1654 1541 sed
1681 1483 1848 1545 valde
1878 1485 2068 1547 hono-

431 1569 558 1612 rum
583 1573 830 1648 operum
853 1568 1073 1636 auctor,
1105 1569 1162 1621 et
1184 1564 1430 1625 effector
1447 1575 1556 1630 est.
1592 1567 1715 1630 Imo
1744 1573 1938 1648 potius
1970 1573 2071 1633 bo-

431 1660 542 1738 nus
573 1654 667 1704 est
696 1646 972 1727 quisque,
1011 1649 1190 1730 idque
1245 1672 1359 1714 non
1407 1656 1594 1718 ascitu
1641 1668 1698 1719 et
1744 1646 2068 1738 electione,

2148 693 2302 756 cam,
2347 675 2620 738 universa
2671 680 2932 741 scienter
2987 679 3275 758 efficiens,
3331 701 3462 763 quae
3509 703 3542 745 a
3573 685 3790 748 divinis

2149 763 2472 844 Scripturis
2499 765 2805 847 docemur,
2835 767 3266 847 praeteritorum
3292 779 3672 852 peccatorum
3697 792 3792 837 ve-

2154 853 2334 928 niam,
2363 861 2422 915 et
2451 854 2922 918 misericordiam
2953 857 3225 940 adeptus,
3261 877 3468 922 corum
3499 859 3621 923 Deo
3645 863 3793 925 fidu-

2153 942 2304 1002 ciam
2335 943 2638 1005 inveniat?
2681 943 2788 1016 Qui
2811 955 3020 1024 autem
3073 947 3274 1008 omnia
3317 947 3412 1010 bis
3467 951 3785 1026 contraria,

2154 1030 2598 1094 malavidelicet
2627 1033 2779 1094 mala
2821 1035 3008 1097 animi
3052 1035 3402 1098 inductione
3448 1039 3787 1114 committit,

2155 1127 2350 1182 manet
2379 1120 2708 1201 improbus,
2733 1122 2792 1184 id
2824 1123 2982 1204 quod
3016 1123 3195 1185 etiam
3215 1133 3350 1186 ante
3378 1128 3791 1190 renunciatio-

2156 1227 2290 1269 nem
2325 1219 2448 1271 erat
2485 1231 2496 1270 :
2533 1218 2595 1271 ut
2636 1229 2709 1273 ne
2749 1211 2964 1288 dicam,
2999 1212 3176 1274 etiam
3208 1212 3463 1293 imprior
3493 1216 3574 1295 fit,
3609 1235 3785 1296 quam

2155 1307 2300 1360 erat.
2355 1300 2439 1360 lta
2499 1319 2615 1360 non
2665 1319 2733 1364 ex
2788 1310 3015 1382 natura,
3050 1311 3115 1362 ut
3156 1302 3395 1383 quidam
3445 1304 3789 1384 opinantur,

2154 1387 2257 1448 sed
2291 1406 2359 1448 ex
2389 1388 2684 1451 voluntate
2736 1398 2946 1470 sponte
2997 1402 3270 1473 surcepta
3316 1392 3564 1473 quilibet
3615 1395 3792 1457 homo

2155 1475 2274 1536 sive
2308 1477 2569 1552 humilis,
2607 1486 2664 1540 et
2693 1480 2764 1540 ad
2789 1480 3306 1558 compunctionem
3334 1481 3633 1561 proclivis,
3669 1485 3792 1547 sive

2153 1564 2339 1626 durus
2395 1567 2596 1640 corde,
2658 1575 2717 1628 et
2775 1577 3085 1647 extecatus,
3139 1580 3200 1631 et
3255 1588 3289 1631 a
3331 1573 3790 1652 compunctione

2154 1652 2383 1714 alienus
2407 1654 2617 1714 evadit.

431 1730 533 1791 sed
572 1739 801 1829 natura,
848 1739 1199 1829 et_veritate.
1245 1742 1333 1803 Ad
1365 1745 1514 1819 haec,
1560 1749 1716 1808 unde
1748 1749 1895 1810 latro
1924 1730 2068 1813 alter

2236 1741 2521 1814 Quoniam
2549 1744 2930 1824 enimmodo,
2954 1765 3152 1828 quaeso
3185 1755 3264 1823 te,
3293 1748 3493 1811 animo
3522 1749 3790 1814 dolorem

435 1834 570 1880 cum
612 1821 862 1886 Domino
901 1826 1047 1890 Jesu
1099 1831 1418 1894 crucifixus
1457 1834 1693 1897 dicebat
1730 1857 1742 1900 :
1777 1839 1852 1901 Si
1879 1841 2073 1903 Filius

439 1906 645 2009 peies,
678 1911 846 1975 salva
868 1919 1262 1999 temetipsum,
1285 1929 1336 1982 et
1355 1940 1488 1996 nos;
1515 1924 1664 1986 alter
1687 1943 1827 1991 vero
1858 1947 2070 2009 repre-

433 1995 712 2062 hendens
741 1995 1123 2068 occurrebat:
1148 1995 1360 2090 Neque
1383 2019 1446 2073 tu
1467 1995 1641 2074 times
1665 2013 1902 2078 Deum:
1924 1995 2070 2080 nam

432 2101 542 2182 nos
563 2090 808 2182 quidem
832 2091 1024 2182 digna
1060 2097 1242 2173 factis
1268 2101 1436 2176 juste
1460 2103 1802 2182 recipimus,
1836 2107 1933 2167 hic
1954 2124 2068 2167 au-

439 2178 731 2267 temnihil
760 2181 906 2242 mali
919 2187 1104 2263 gessit
1121 2185 1405 2249 53.Velim
1425 2178 1777 2267 mihi-dicas,
1795 2194 1953 2255 unde
1973 2195 2069 2256 hic

438 2262 677 2364 quidem
700 2267 926 2364 isithazc,
953 2271 1053 2334 ille
1073 2293 1212 2335 vero
1229 2275 1343 2337 alia
1372 2277 1626 2354 locutus,
1662 2291 1720 2342 et
1751 2262 1902 2344 unus
1932 2284 2066 2364 qui-

439 2349 574 2412 dem
613 2354 996 2435 justificatus,
1045 2361 1194 2423 alter
1241 2349 1672 2428 condemnatus
1701 2368 1838 2429 est?
1871 2349 2071 2432 nonne

440 2461 506 2504 ex
536 2446 853 2539 voluntate,
882 2460 936 2513 et
959 2453 1417 2532 cogitationibus
1439 2466 1706 2539 uterque,
1734 2480 1888 2523 unus
1909 2481 2071 2523 nem-

436 2552 511 2613 pe
559 2535 752 2615 bonis,
797 2540 946 2602 alter
987 2551 1190 2604 contra
1221 2546 1434 2609 malis?
1463 2548 1550 2611 Ex
1585 2535 1676 2610 bis
1718 2550 1877 2612 enim
1925 2552 2075 2614 alter

437 2622 718 2702 inﬁdelis,
760 2628 909 2690 alter
938 2631 1132 2694 fidelis
1161 2633 1399 2697 dicebat
1425 2659 1437 2700 :
1466 2641 1761 2701 Memento
1801 2646 1917 2702 mei
1941 2641 2070 2704 Do-

441 2715 624 2804 mine,
664 2734 798 2779 cum
830 2723 1068 2782 veneris
1097 2722 1162 2783 in
1193 2740 1446 2804 regnum
1469 2733 1636 2789 tuum
1664 2730 1746 2788 54.

515 2801 589 2896 Ut
617 2805 763 2896 alios
801 2809 1137 2889 complures
1191 2801 1426 2875 silentio
1474 2825 1841 2896 praeteream,
1877 2839 1950 2882 ex
1981 2823 2074 2883 his

437 2891 572 2990 quid
605 2894 781 2990 velim
813 2899 1135 2978 perceptis,
1160 2910 1215 2963 et
1239 2891 1554 2982 didicistis,
1590 2891 2074 2990 unumquemque

435 2981 752 3044 voluntatis
798 3005 918 3047 sum
962 2987 1237 3052 libertate
1286 2999 1382 3052 aut
1433 2994 1504 3055 ad
1542 2981 2074 3076 compunctionem

438 3085 822 3160 propensum,
859 3083 916 3136 et
962 3077 1269 3160 humilem,
1304 3088 1405 3141 aut
1450 3081 1586 3144 duri
1625 3086 1844 3160 cordis,
1879 3097 1939 3150 et
1968 3107 2072 3149 su-

2155 1831 2474 1912 concipiet,
2513 1841 2570 1894 et
2602 1833 2824 1896 rorabit
2856 1834 3164 1915 lacrymas,
3200 1837 3301 1916 qui
3332 1845 3451 1898 toto
3481 1837 3670 1901 ferme
3693 1840 3791 1902 die

2155 1923 2436 1985 bucilluc
2468 1924 2767 2005 divagans,
2815 1944 3011 2006 neque
3055 1927 3436 2006 precationis,
3483 1948 3677 2010 neque
3702 1933 3788 1992 si-

2153 2012 2344 2087 lentii,
2381 2031 2573 2094 neque
2603 2013 2898 2088 lectionis,
2950 2024 3008 2076 et
3037 2015 3253 2096 quietis
3299 2034 3440 2078 cura
3486 2019 3784 2098 tangitur:

2154 2101 2256 2162 sed
2311 2120 2742 2183 nonnunquam
2793 2122 2924 2164 cum
2974 2103 3256 2184 proximis
3302 2105 3365 2166 in
3401 2107 3791 2171 conventibus

2152 2189 2467 2267 fabulatur,
2495 2211 2611 2252 non
2634 2191 2823 2253 solum
2856 2192 3263 2273 seipsum,sed
3287 2202 3341 2254 et
3362 2213 3786 2278 congerrones,

2153 2278 2401 2341 utilitate
2427 2280 2708 2360 privans;
2744 2300 3165 2362 nonnunquam
3200 2282 3536 2359 calumniis,
3569 2291 3625 2344 et
3648 2301 3790 2365 pro-

2154 2367 2278 2428 bris
2321 2369 2630 2448 religiosos
2669 2369 2902 2441 fratres,
2935 2389 3378 2452 nonnumquam
3410 2372 3604 2451 ipsum
3636 2391 3791 2453 prae-

2157 2457 2407 2538 positum
2440 2458 2765 2520 insectatur
2784 2459 2814 2519 ?
2842 2458 3012 2521 Unde
3041 2461 3562 2540 compunctionom
3583 2461 3793 2542 acqui-

2153 2553 2267 2622 ret,
2305 2547 2403 2628 qui
2429 2565 2525 2608 res
2540 2567 2749 2610 omnes
2774 2548 3257 2625 monasterii,nec
3275 2550 3798 2624 monasrerii,dun-

2156 2643 2332 2710 taxat,
2365 2638 2467 2698 sed
2512 2638 2979 2718 uniuscujusque
3022 2637 3266 2717 insuper
3309 2657 3503 2700 mores
3547 2640 3788 2703 curiose

2155 2733 2471 2805 scrutatur,
2499 2725 2838 2804 etindigat?
2860 2725 2928 2786 Et
2959 2725 3274 2805 aliquando
3305 2729 3548 2809 quidem
3580 2729 3792 2792 fratres

2154 2815 2440 2893 quosdam
2465 2815 2791 2895 alloquens,
2815 2817 2924 2876 hoc
2949 2825 3007 2876 et
3041 2817 3152 2878 hoc
3176 2816 3328 2891 heri,
3369 2817 3580 2901 iuquit,
3617 2819 3789 2880 audi-

2154 2902 2233 2965 vi.
2266 2902 2620 2982 Aliquando,
2662 2903 2813 2964 scin’
2863 2903 3003 2985 quid
3054 2905 3142 2966 illi
3185 2904 3406 2967 misero
3455 2907 3792 2972 acciderit?

2158 3009 2534 3072 rursumque,
2572 2991 2861 3072 nunquid,
2894 2993 3054 3054 illius
3084 2994 3488 3057 calamitatem
3525 2995 3789 3058 audivis-

2158 3079 2277 3144 tis?
2327 3080 2680 3161 Hujusmodi
2741 3083 2918 3144 homo
2975 3083 3212 3164 quando
3261 3083 3500 3146 tandem
3544 3103 3786 3147 suorum

440 3158 688 3234 perbum
736 3162 886 3224 ﬁeri,
925 3163 996 3228 Ει
1048 3158 1285 3244 merito,
1335 3169 1580 3234 Duobus
1628 3173 1786 3235 enim
1818 3158 1913 3237 hic
1940 3177 2072 3239 vitae
2093 3158 2132 3183 υ
2158 3158 2531 3250 peccatorum
2555 3158 3310 3248 recordabitnr,-utdoleat,
3332 3173 3477 3234 utin
3503 3173 3794 3256 lacrymas

433 3251 932 3342 renuntiantibus,
968 3254 1240 3332 ejusdem
1287 3258 1451 3336 artis,
1501 3263 1784 3340 cognatis,
1835 3266 2067 3342 coaevis,

439 3334 754 3430 aliquando
808 3341 984 3403 etiam
1027 3343 1331 3418 fratribus,
1368 3334 1672 3430 cordibus,
1729 3334 1970 3414 moratis
1997 3334 2066 3415 ad

437 3425 711 3519 eumdem
746 3430 1008 3505 modum,
1037 3433 1608 3518 improbisinquam,
1634 3425 2072 3519 asperis,mise-

434 3513 808 3606 rerinesciis,
835 3520 1196 3597 crudelibus,
1229 3513 1512 3588 carnisvet
1543 3513 1811 3606 pecuniae
1835 3513 2068 3591 studio-

435 3601 536 3672 sis,
599 3613 654 3665 et
701 3607 762 3667 in
814 3609 974 3670 omni
1032 3631 1252 3690 genere
1313 3601 1717 3693 perversitatis
1769 3620 2073 3698 aequaliter

437 3694 791 3775 exercitatis,
820 3707 877 3758 et
905 3698 966 3759 in
993 3701 1249 3762 Stadium
1280 3703 1411 3764 vitae
1437 3711 1678 3778 sanctae,
1712 3724 1780 3766 ac
1813 3694 1916 3768 liei
1938 3709 2068 3769 cul-

437 3781 517 3841 tui
540 3794 900 3848 consecrataa
929 3789 1108 3851 simul
1130 3790 1626 3868 ingredientibus,
1656 3813 1807 3855 unus
1828 3795 2065 3857 illorum

437 3873 698 3960 omnium
729 3877 1010 3936 virtutum
1061 3878 1336 3940 semitam
1367 3879 1542 3940 simul
1574 3881 1760 3942 calcat
1789 3882 2065 3960 feliciter,

433 3956 669 4020 fervore
699 3965 1062 4043 exsequendi
1108 3968 1308 4028 omnia
1349 3968 1486 4028 vitia
1527 3978 1838 4047 amputans
1871 3990 1884 4034 :
1921 3956 2070 4034 alter

438 4048 628 4139 pejor,
660 4069 833 4129 quam
877 4061 1013 4116 ante
1049 4057 1550 4118 renuntiationeni
1589 4067 1735 4139 erat,
1787 4059 2064 4122 efficitur.

438 4134 585 4206 Quid
618 4157 757 4217 ergo
791 4151 902 4216 est,
938 4147 1093 4224 quod
1125 4165 1240 4207 non
1273 4165 1438 4227 aeque
1468 4147 1698 4208 virtutis
1721 4134 2070 4228 funguntur

437 4241 705 4303 munere,
740 4233 1237 4310 quemadmodum
1270 4253 1500 4298 summa
1545 4237 1818 4299 vitiorum
1851 4239 2070 4318 pariter

2155 3258 2278 3319 eat?
2298 3259 2408 3332 Qui
2439 3279 2615 3340 porro
2641 3261 2817 3324 etiam
2849 3279 2882 3322 e
2910 3260 3122 3342 Synaxi
3174 3280 3476 3344 egressus,
3521 3263 3661 3324 dum
3704 3263 3789 3326 ibi

2155 3349 2471 3429 Scriptum
2498 3349 2712 3411 divinae
2748 3349 3096 3426 recitamur,
3129 3350 3448 3430 longeque,
3479 3359 3580 3412 aut
3605 3371 3791 3433 prope

2154 3439 2390 3504 sedens.
2446 3460 2579 3501 cum
2628 3439 2922 3522 aliquibus
2964 3458 3298 3502 sermonem
3345 3440 3578 3522 miscet,
3630 3459 3789 3504 nunc

2153 3527 2278 3608 illo,
2332 3548 2490 3590 nunc
2537 3529 2670 3590 aliis
2699 3537 2943 3592 eventus
2983 3531 3271 3609 quosdam
3309 3529 3438 3590 sine
3480 3530 3676 3592 fructu
3725 3531 3786 3593 in

2154 3616 2414 3678 medium
2441 3617 2847 3700 afferentibns,
2872 3618 3068 3698 itaque
3081 3615 3440 3692 dicentibus,
3465 3617 3630 3678 scitis
3647 3619 3788 3698 quid

2151 3704 2234 3765 illi
2286 3705 2447 3766 fratri
2489 3705 2842 3786 praepositus
2890 3705 3147 3766 fecerit?
3198 3705 3294 3765 hic
3332 3705 3412 3765 ita
3442 3705 3699 3785 excipit:
3734 3705 3786 3767 si

2151 3793 2316 3855 vobis
2345 3813 2682 3868 narravero,
2717 3794 3009 3876 quemodo
3041 3793 3342 3855 infelicem
3374 3793 3540 3854 illum
3565 3794 3785 3857 habue-

2151 3884 2249 3959 rit,
2283 3883 2423 3963 quid
2457 3883 2717 3944 dicetis?
2752 3883 2853 3944 Sic
2884 3881 3040 3958 talia,
3075 3889 3132 3943 et
3179 3881 3272 3942 his
3317 3881 3615 3944 deteriora
3643 3901 3784 3962 gar-

2151 3971 2335 4046 riens,
2355 3981 2417 4034 et
2439 3981 2680 4052 propter
2697 3989 2878 4051 nugas
2898 3970 3236 4033 istiusmodi
3257 3970 3402 4032 alios
3425 3971 3781 4050 impediens,

2150 4067 2208 4121 et
2235 4060 2362 4140 ipse
2390 4059 2732 4140 impeditus,
2769 4059 3004 4140 quando
3029 4058 3090 4120 in
3123 4058 3547 4120 conscientiam
3578 4078 3796 4139 pecca-.

2151 4156 2342 4209 torum
2391 4167 2634 4210 suorum
2683 4148 3029 4224 descendet,
3076 4165 3146 4209 ac
3193 4147 3453 4228 seipsum
3493 4147 3789 4212 deﬂebit?

2149 4235 2258 4307 Qui
2290 4237 2448 4298 enim
2482 4237 2762 4299 divinitus
2791 4235 3093 4317 inspiratis
3130 4235 3508 4298 sermonibus
3541 4255 3660 4298 non
3690 4245 3786 4301 at-

437 4320 847 4400 contigerant?
897 4324 1104 4389 Nonne
1154 4330 1431 4409 quoniam
1491 4330 1641 4391 alter
1699 4331 1946 4394 consilio
1997 4326 2362 4424 achendil,
2395 4344 2507 4388 nec
2539 4326 2769 4424 0.8mm}.
2802 4325 3264 4424 φίτευηιεῐδηίίεὲ
3303 4325 3474 4387 labiis
3519 4326 3640 4388 ευίε
3673 4346 3784 4424 P9-

436 4410 735 4473 voluntate
782 4412 950 4476 bonae
997 4419 1209 4479 animae
1255 4419 1456 4480 omnia
1505 4419 1831 4481 secundum
1877 4410 2364 4491 Deum"suit55,
2388 4435 2502 4478 nec
2533 4415 2604 4478 ab
2634 4414 2938 4478 auditione
2985 4433 3130 4477 vana
3179 4433 3354 4477 aures
3385 4433 3521 4477 suas
3552 4417 3786 4499 avertit,

438 4497 625 4559 tristia
656 4501 887 4578 tolerat,
925 4513 983 4568 et
1017 4505 1266 4587 insuper
1293 4508 1366 4569 ab
1396 4506 1526 4588 ipso
1559 4509 1854 4586 ingressu,
1877 4517 1935 4572 et
1964 4528 2066 4572 re-
2150 4524 2263 4567 nec
2290 4505 2449 4568 illius
2469 4505 2692 4568 ultimae
2718 4504 3148 4585 responsionis,
3174 4518 3234 4566 et
3263 4504 3548 4567 terribilis
3568 4497 3789 4569 Christi

438 4589 802 4653 nuntiatione
825 4595 1153 4673 prudenter
1183 4595 1403 4658 divinis
1434 4595 1760 4677 Scripturis
1791 4617 1856 4659 se
1879 4599 2062 4679 dedit,
2151 4593 2485 4670 tribunalis,
2519 4595 2815 4675 quomodo
2848 4593 3013 4670 nudi,
3049 4601 3107 4655 et
3149 4593 3382 4655 obtorto
3421 4595 3583 4657 velut
3626 4595 3783 4659 collo

437 4684 494 4736 et
524 4697 631 4757 per
656 4698 744 4761 se,
776 4701 1002 4764 suaque
1033 4692 1249 4765 sponte
1289 4686 1562 4765 probatas
1591 4686 1855 4748 actiones
1902 4688 2064 4766 eligit
2151 4687 2320 4747 tracti
2347 4702 2558 4746 omnes
2589 4684 2642 4745 ei
2665 4693 2858 4746 astare
2887 4682 3198 4758 debemus,
3229 4684 3380 4746 etde
3397 4684 3658 4746 rebusin
3673 4685 3789 4748 vita

433 4768 845 4846 religiosorum
878 4774 1184 4835 hominum
1215 4774 1414 4854 vitam,
1442 4783 1500 4836 et
1531 4794 1721 4837 mores
1747 4776 2068 4838 adimitan-
2149 4773 2462 4835 transactis
2491 4772 2786 4835 rationem
2813 4772 3091 4854 reddere,
3133 4775 3234 4853 qui
3264 4773 3476 4836 horum
3518 4774 3784 4854 inquam,

434 4854 575 4916 dum
626 4859 740 4920 sibi
786 4881 1104 4942 propones,
1152 4873 1210 4924 et
1257 4883 1391 4924 cum
1437 4863 1582 4944 ipsis
1611 4864 1670 4926 in
1697 4866 1967 4944 jejuniis,
2002 4866 2065 4927 in

435 4947 734 5024 precibus,
769 4949 829 5010 in
862 4950 1404 5027 observationibus,
1437 4951 1495 5012 in
1529 4953 1788 5025 silentio,
1821 4955 1882 5016 in
1909 4973 2066 5016 com-

435 5037 778 5120 punctione,
815 5048 870 5102 et
894 5039 1188 5120 lacrymis,
1213 5040 1273 5102 in
1297 5040 1656 5103 abstinentia
1677 5041 2064 5105 delicatarum

436 5125 769 5202 epularum,
819 5137 876 5189 et
925 5128 1474 5209 intempestivorum
1517 5130 1969 5210 colloquiorum,
2003 5133 2064 5194 in

434 5211 713 5292 fugienda
741 5218 1255 5294 excandescentia,
1295 5217 1408 5300 ira,
1443 5227 1502 5280 et
1539 5219 1819 5296 clamore,
1853 5231 2061 5300 certat,

433 5301 705 5382 injurias,
751 5305 1184 5390 tribulationes,
1218 5316 1276 5369 et
1313 5307 1580 5385 angustia
1621 5307 1916 5390 patienter
1959 5330 2064 5372 su-

435 5392 682 5470 stinens,
713 5394 852 5456 vilia
880 5404 939 5457 et
967 5396 1308 5476 abjectiora,
1333 5416 1579 5478 operum
1610 5398 1765 5459 ultro
1795 5399 2066 5483 subiens,

439 5499 555 5544 non
585 5483 1024 5564 contradicens,
1063 5493 1163 5548 aut
1213 5505 1614 5569 murmurans,
1662 5505 1796 5551 cum
1839 5487 1896 5552 ei
1924 5490 2067 5571 quid

2146 4881 2266 4924 non
2297 4862 2590 4937 meminit,
2638 4882 2753 4943 quo
2787 4870 2981 4942 pacto,
3014 4863 3226 4924 amabo
3271 4862 3321 4922 si
3364 4863 3498 4942 plus
3547 4872 3785 4925 centum

2146 4970 2338 5014 annos
2369 4953 2590 5013 viveret
2606 4951 2666 5013 in
2686 4951 2890 5013 habitu
2917 4951 3243 5014 monastico
3273 4951 3558 5032 lacrymas
3578 4952 3787 5032 acqui-

2146 5050 2260 5122 rat,
2288 5049 2345 5103 et
2373 5043 2639 5122 seipsum
2673 5041 2898 5102 fervide
2928 5039 3173 5120 lugeat?
3201 5039 3508 5112 Quomodo
3533 5040 3634 5121 qui
3671 5041 3788 5120 pri-

2149 5149 2277 5192 mos
2332 5131 2569 5193 affectat
2618 5130 2679 5190 in
2737 5130 2987 5191 statione
3041 5127 3345 5203 Ecclesiae,
3400 5129 3462 5189 in
3509 5128 3786 5192 accubitu

2147 5238 2393 5301 mensae,
2419 5229 2478 5281 et
2504 5236 2684 5300 super
2703 5218 2798 5280 his
2819 5235 3058 5298 semper
3074 5217 3401 5294 contendit,
3416 5217 3782 5299 rixaturque,
3882 5261 3888 5267 ο

2147 5309 2466 5390 aliquando
2499 5319 2743 5389 propter
2770 5307 3028 5369 animam
3057 5324 3222 5368 suam
3250 5305 3786 5383 conlristabitur,et

2151 5416 2348 5462 coram
2408 5397 2531 5462 Deo
2583 5413 2814 5458 amaras
2860 5394 3119 5457 solvetur
3171 5394 3234 5456 in
3280 5393 3617 5475 lacrymas?
3673 5393 3786 5467 Qui

2149 5495 2346 5552 autem
2380 5486 2793 5550 excusationes
2827 5490 3069 5548 excusat
3089 5482 3152 5546 in
3182 5483 3444 5564 peccatis
3469 5482 3555 5561 56,
3585 5483 3784 5548 imbe-

515 5651 740 5717 53an.
772 5669 913 5730 xm,
946 5653 1047 5738 39,
1075 5655 1176 5721 40.
1259 5655 1504 5720 “Ibid.
1537 5657 1638 5722 42.
1721 5657 2134 5738 apsumi,
2164 5660 2224 5722 3.
2307 5654 2642 5720 561bid.4.
