4112 6106
344 277 465 344 488
1631 277 1962 344 SYMEON]

2055 275 2407 345 IUNIORIS
3601 283 3725 350 484

343 417 625 480 cilitatem
655 415 950 498 objiciens
977 415 1040 479 in
1062 415 1319 480 statione
1361 413 1670 491 Ecclesiae,
1714 433 1849 478 cum
1885 432 1986 476 ro-
2010 411 2256 490 Alibus,
2291 421 2607 497 antequam
2639 433 2706 479 se
2741 415 3130 499 subjecerint,
3183 426 3242 482 et
3291 418 3353 480 in
3400 436 3583 499 opere
3615 417 3726 482 Dei

349 509 558 571 bustus
589 507 686 584 sit,
715 508 1012 590 plenoque
1033 525 1100 572 ac
1113 507 1368 589 juvenili
1395 525 1666 588 corpore,
1689 513 1831 568 etse
1853 524 1987 567 cum
2069 501 2418 578 laborarint,
2469 523 2540 568 ac
2589 505 2880 581 sudarint,
2932 507 3201 588 corporis
3249 507 3718 570 imbecillitatem

345 595 818 677 religiosioribus
877 597 1182 660 monachis
1210 615 1279 658 ac
1307 595 1611 667 fratribus,
1645 594 1746 675 qui
1777 594 1986 656 admo-
2071 592 2798 675 praatendentes,abeunt,
2816 602 2998 670 stant,
3023 597 3381 677 innituntur,
3404 596 3717 658 utdictum

345 687 486 748 dum
517 685 618 748 diu
655 685 716 746 in
759 685 1127 767 professione
1171 685 1300 747 vitm
1346 683 1686 746 monasticae
1727 683 1984 745 desuda-
2071 688 2181 761 est,
2206 700 2339 742 cum
2371 681 2466 762 iis,
2497 682 2600 764 qui
2624 684 2840 746 multos
2871 686 2995 765 jam
3021 686 3255 749 labores
3283 687 3712 748 exhauserunt.

342 782 504 856 runt,
537 793 887 855 comparans
919 774 1099 835 dicit:
1129 773 1280 835 Num
1319 791 1425 853 ego
1465 772 1786 854 quidquam
1819 770 1982 844 huic,
2069 769 2209 831 Etsi
2237 770 2540 850 proximus
2559 771 2836 853 cuiquam
2861 774 3072 836 horum
3097 775 3352 840 dixerit:
3382 775 3712 854 Ingredere

342 873 443 926 aut
471 863 611 925 huic
640 863 932 937 concedo,
967 861 1106 943 quia
1132 863 1234 924 ille
1265 869 1426 922 stans
1445 859 1766 922 innititur?
1791 867 1849 921 et
1872 857 1993 922 abit
2070 857 2256 946 frater
2284 858 2344 922 in
2374 867 2723 921 consuetum
2757 861 2861 923 tibi
2894 863 3115 946 locum,
3159 874 3218 927 et
3261 877 3352 926 sta
3395 864 3518 926 illic
3549 863 3712 944 psal‘

343 971 411 1014 ac
427 952 689 1032 seipsum
720 951 839 1013 illis
869 951 1104 1024 stando,
1147 960 1204 1014 et
1237 951 1547 1012 innitendo
1583 957 1857 1030 exequat,
1889 947 1989 1028 qui
2071 945 2202 1007 lens
2231 967 2363 1008 cum
2395 948 2697 1024 fratribus,
2734 958 2901 1030 potes
2924 951 3469 1034 enim,respondet:
3496 951 3582 1014 Ex
3599 953 3716 1014 hoc

342 1040 591 1103 fortasse
620 1039 899 1119 indignus
929 1047 1018 1102 est
1048 1039 1222 1101 etiam
1256 1038 1539 1101 infericre
1571 1037 1987 1118 loco,quando
2069 1034 2200 1096 loco
2234 1036 2517 1098 attentius
2561 1037 2810 1100 audiens
2860 1041 3076 1104 melius
3119 1042 3332 1122 psallo,
3383 1058 3560 1123 quam
3613 1040 3718 1104 ubi

342 1131 442 1194 hic
470 1149 638 1192 suam
676 1130 1082 1192 inﬁrmitatem
1131 1137 1430 1210 agnoscat,
1463 1136 1528 1190 ut
1556 1147 1623 1190 ex
1656 1128 1854 1189 animo
1885 1126 1980 1187 in-
2066 1132 2226 1184 stare
2271 1123 2578 1188 consuevi.
2630 1124 2798 1198 Quod
2847 1128 2898 1188 si
2941 1129 3123 1190 frater
3161 1129 3498 1210 adjunxerit
3529 1147 3543 1191 :
3583 1127 3717 1190 Non

338 1219 695 1299 gemiscens,
744 1219 924 1280 corde
971 1225 1425 1300 compungatur,
1469 1225 1528 1279 et
1571 1217 1759 1278 oculis
1798 1213 1984 1278 ﬂeat?
2065 1220 2232 1291 potes
2264 1213 2360 1274 hic
2391 1222 2577 1292 stare,
2610 1215 2814 1292 frater,
2847 1216 2996 1279 citra
3024 1217 3367 1281 facultatem
3399 1237 3433 1279 a
3469 1235 3711 1298 praepo-

339 1307 506 1372 Vana
547 1308 769 1390 quippe
797 1308 987 1387 gloria
1016 1327 1152 1370 eum
1187 1325 1422 1370 servum
1462 1306 1684 1368 acediaa
1714 1304 1977 1383 tradens,
2063 1300 2180 1362 sito
2207 1309 2411 1364 nostro
2441 1302 2840 1382 impetratam,
2873 1306 3073 1367 statim
3105 1306 3473 1387 digrediens,
3517 1305 3710 1367 facul-

341 1416 459 1460 non
518 1397 772 1478 amplius
799 1397 900 1458 illa
931 1397 990 1458 in
1026 1415 1090 1458 re
1122 1415 1254 1458 cum
1308 1396 1592 1477 patientia
1652 1393 1980 1476 perdurare
2065 1397 2241 1478 talem
2272 1398 2419 1472 orat,
2459 1409 2673 1471 corpus
2702 1391 2901 1454 debile
2950 1403 3010 1477 et
3054 1394 3358 1456 infirmum
3390 1412 3707 1476 excusans,

341 1485 502 1549 sinit.
535 1477 772 1547 Etvivit
801 1485 1020 1547 deinde
1051 1486 1302 1566 quisque
1345 1484 1479 1548 talis
1528 1484 1588 1545 in
1637 1482 1890 1560 segnitie
1923 1489 1981 1543 et
2061 1477 2254 1542 donec
2277 1478 2650 1559 voticompos
2665 1480 2856 1556 fiat,el
2885 1501 2899 1540 :
2925 1479 2998 1544 Ut
3013 1483 3250 1545 audiam
3273 1485 3468 1560 Pater,
3486 1481 3704 1562 inquit,

339 1575 698 1656 negligentia
741 1574 812 1635 ad
855 1593 1095 1637 omnem
1130 1573 1412 1653 Synaxin,
1443 1571 1865 1638 accedentibus
1903 1571 1976 1632 ad
2061 1570 2690 1646 protocanonarcham,
2716 1577 2944 1631 etstem
2975 1571 3036 1632 in
3073 1571 3264 1651 prima
3292 1572 3568 1649 statione,
3599 1579 3706 1633 aut

339 1681 501 1745 eum,
533 1671 592 1726 et
617 1663 883 1726 audienti
925 1663 1158 1744 cupidis
1191 1663 1537 1743 frequenter
1566 1679 1814 1723 narrans
1840 1661 1973 1722 ina-
1996 1699 2036 1750 Β
2060 1657 2322 1750 secunda
2350 1675 2536 1737 prope
2566 1657 3054 1732 illum,veterano
3088 1678 3304 1750 parem
3333 1679 3398 1723 se
3447 1660 3693 1735 faciens,

337 1771 468 1828 nes,
489 1744 552 1814 et
578 1752 765 1814 aniles
790 1752 1036 1814 fabulas.
1085 1752 1277 1833 Atque
1331 1755 1408 1813 ita
1451 1750 1582 1814 sine
1611 1768 1818 1830 sensu,
1849 1757 1970 1824 aut,
1997 1744 2032 1750 ⁷
2057 1744 2226 1824 cujus
2246 1745 2371 1824 jam
2393 1753 2664 1833 rspectata
2705 1754 2844 1806 sunt
2889 1749 3234 1821 certamina.
3264 1749 3335 1810 Et
3364 1766 3499 1812 cum
3532 1767 3700 1810 asse-

337 1847 400 1901 ut
429 1841 642 1902 melius
673 1840 864 1902 dicam
891 1839 1024 1902 sine
1053 1832 1261 1901 dolore
1291 1857 1426 1900 cum
1455 1836 1886 1918 spiritualibus,
1919 1845 1977 1897 et
2057 1841 2224 1894 cutas
2253 1832 2450 1908 fuerit,
2494 1832 2655 1914 quod
2701 1833 2907 1913 voluit,
2959 1856 3028 1898 ex
3077 1856 3147 1900 eo
3196 1855 3500 1919 nunquam
3545 1843 3704 1898 stare

337 1930 527 1992 Deum
561 1937 766 1992 sancte
797 1927 1134 1992 colentibus
1162 1927 1302 1990 viris
1349 1927 1421 1989 ad
1473 1926 1700 1988 divinas
1728 1943 1975 2006 synaxes
2057 1928 2248 2000 potest
2277 1920 2338 1982 in
2370 1922 2580 1984 choro.

335 2019 721 2094 conveniens,
769 2018 900 2080 sine
941 2019 1133 2080 fructu
1164 2016 1302 2078 inde
1331 2015 1580 2089 recedit,
1613 2014 1839 2076 nullum
1865 2033 1972 2095 pe-

337 2107 496 2170 nitus
523 2107 586 2169 in
626 2127 692 2170 se
721 2107 1176 2169 incitamentum
1209 2115 1384 2187 atque
1413 2105 1700 2185 impetum
1737 2103 1810 2164 ad
1842 2122 1975 2165 me-

331 2195 480 2259 liora
531 2197 870 2278 experiens,
903 2196 1139 2278 qualem
1170 2195 1330 2257 Deus
1357 2192 1880 2264 contendentibus,
1916 2201 1976 2254 et

329 2284 744 2348 laborantibus
775 2304 882 2366 per
909 2285 1426 2366 compunctionem
1450 2281 1773 2344 immittere
1793 2280 1966 2355 solet,

329 2379 388 2435 et
422 2375 533 2436 hoc
564 2375 781 2450 solum,
807 2383 870 2434 ut
901 2391 977 2437 ne
1005 2391 1038 2435 a
1067 2372 1392 2453 consuetis,
1416 2379 1475 2433 et
1503 2369 1862 2452 praescriptis
1881 2387 1974 2448 sy-

329 2461 578 2524 naxibus
598 2463 751 2525 absit
772 2481 947 2524 mane
979 2470 1141 2542 puta,
1176 2470 1234 2523 et
1271 2460 1525 2542 vesperi,
1560 2468 1620 2521 et
1648 2457 1812 2520 horis
1835 2459 1970 2539 qui-

331 2550 440 2613 bus
471 2551 764 2632 psallitur,
800 2551 882 2612 ita
911 2551 1283 2630 simpliciter,
1319 2549 1389 2612 ad
1416 2548 1653 2611 felicem
1675 2546 1738 2608 in
1758 2545 1970 2607 virtute

329 2646 702 2720 pressum,et
722 2639 794 2700 ad
825 2639 1400 2700 consummationem
1422 2642 1964 2701 consummatorum

325 2727 388 2788 in
420 2735 650 2789 aetatem
683 2726 902 2790 Christi
942 2727 1057 2788 sibi
1103 2727 1380 2789 sufﬁcere
1427 2725 1790 2788 existimans.
1825 2721 1969 2784 Novi

326 2815 487 2878 enim
518 2816 804 2897 quosdam
836 2817 946 2877 hac
975 2815 1205 2877 fallacia
1222 2822 1445 2896 captos,
1471 2823 1528 2875 et
1549 2830 1790 2894 operam
1813 2811 1967 2872 dan-

328 2911 436 2985 tes,
471 2923 547 2966 ne
579 2905 635 2966 in
667 2912 972 2985 peccatum
1023 2903 1266 2984 aliquod
1325 2904 1586 2982 carnale,
1646 2901 1697 2962 si
1753 2917 1969 2981 corpus

2136 2008 2420 2071 Paulatim
2455 2029 2632 2089 porro
2662 2012 2794 2073 talis
2825 2013 2886 2074 in
2909 2013 3159 2093 quodvis
3189 2014 3350 2078 aliud
3396 2014 3699 2093 negotium

2056 2115 2121 2158 se
2149 2097 3093 2177 studensimmiscere,externam
3129 2102 3406 2182 pietatem
3439 2103 3700 2179 simulat,

2056 2194 2116 2247 et
2137 2185 2472 2248 modestum
2495 2187 2776 2254 habitum.
2805 2191 3056 2251 aliorum
3085 2189 3315 2266 amicis,
3342 2191 3698 2252 illustribus—

2056 2292 2172 2355 que
2202 2273 2342 2336 viris
2370 2273 2432 2335 in
2463 2277 2886 2339 monasterium
2917 2279 3292 2344 venientibus
3313 2279 3578 2340 studiose
3601 2298 3698 2340 oc-

2056 2361 2267 2436 currit,
2295 2371 2354 2424 et
2373 2362 2445 2424 ad
2469 2382 2618 2443 quos
2638 2366 2883 2428 veniunt
2912 2369 3144 2442 fratres,
3183 2367 3421 2430 crebius
3451 2367 3598 2444 abit,
3631 2378 3697 2430 ut

2057 2450 2117 2510 in
2149 2469 2353 2511 eorum
2387 2451 2655 2513 notitiam
2689 2455 2908 2532 veniat,
2951 2474 3186 2518 causam
3234 2465 3586 2537 praetexens,
3633 2473 3697 2518 se

2057 2557 2126 2626 ex
2157 2538 2394 2600 illorum
2430 2541 2693 2616 {fratrum
2745 2543 2993 2616 scilicet)
3026 2545 3362 2626 colloquiis,
3397 2553 3457 2607 et
3483 2545 3698 2606 divinae

2056 2625 2378 2708 Scriptura:
2425 2629 2942 2709 explanationibus
2985 2625 3300 2695 utilitatem
3355 2635 3692 2714 percipere.

2051 2715 2219 2788 Quod
2265 2716 2443 2796 igitur
2490 2737 2864 2800 consequens
2910 2729 3019 2796 est,
3071 2721 3544 2784 circumcursare
3591 2740 3699 2800 per

2052 2806 2500 2882 monasterium,
2518 2821 2578 2868 et
2599 2809 2798 2870 acella
2822 2809 2883 2871 in
2907 2811 3119 2872 cellam
3142 2814 3430 2874 ventitare
3459 2809 3690 2890 incipit,

2050 2893 2418 2975 singulisque
2449 2895 2630 2957 dicit:
2664 2897 2857 2960 Crede
2899 2899 3048 2960 mihi
3091 2899 3293 2974 frater,
3327 2899 3474 2960 adeo
3507 2906 3564 2959 te
3593 2897 3692 2958 di-

327 2981 580 3074 corpore
613 2981 1039 3074 copulaverint,
1075 2981 1368 3056 labantur.
1403 2989 1477 3054 Ut
1517 2981 1713 3052 autem
1745 3008 1876 3070 quae
1904 2987 1964 3050 in
1986 3023 2025 3073 ο
2050 2981 2189 3060 ligo,
2208 2990 2272 3044 ut
2301 3002 2416 3074 quo
2441 2983 2610 3074 diete
2638 3004 2756 3046 non
2781 2987 3054 3070 viderim,
3084 2987 3184 3051 illo
3209 3005 3304 3049 me
3331 2985 3546 3048 vixisse
3566 3003 3688 3074 non

325 3071 557 3144 occulto
579 3081 650 3144 ab
684 3071 829 3163 ipsis
859 3082 1029 3159 fiunt,
1064 3089 1165 3144 aut
1193 3099 1326 3162 quae
1363 3080 1424 3142 in
1453 3079 1802 3143 abscondito
1829 3097 1966 3140 cor-
1998 3071 2013 3073 ⁷
2050 3077 2276 3163 ρμιβῃ
2298 3071 2464 3144 Ουοά
2489 3073 2539 3133 Si
2560 3074 2690 3154 quis
2708 3093 2775 3136 ex
2795 3074 2938 3156 illiS,
2961 3076 3177 3157 quibus
3219 3075 3539 3138 adveniens
3561 3073 3690 3139 haec

323 3169 416 3230 dis
447 3171 778 3251 volvuntur,
803 3171 1257 3250 cogitanturque
1280 3167 1526 3247 fugiant,
1553 3185 1796 3248 prorsus
1815 3165 1965 3228 nihil

323 3258 493 3338 pensi
525 3258 768 3332 habere,
802 3267 862 3320 et
889 3257 1192 3336 arbitrari,
1225 3276 1289 3320 se
1319 3257 1448 3320 sine
1487 3258 1602 3318 alio
1635 3275 1816 3336 opere
1841 3256 1964 3318 sal-

321 3354 515 3408 vatum
545 3346 617 3408 iri
649 3356 939 3427 (precum,
970 3345 1263 3426 intellige,
1315 3344 1561 3421 silentii,
1606 3344 1959 3424 vigiliarum,

322 3435 725 3508 continentiae,
747 3436 1107 3515 paupertatis
1132 3433 1397 3514 spiritus,
1431 3433 1802 3514 humilitatis)
1829 3451 1963 3494 cum

320 3523 470 3595 solo,
505 3543 574 3586 ac
603 3524 860 3604 simplici
890 3524 961 3584 ad
994 3541 1246 3604 synaxes
1289 3539 1560 3586 occursu.
1595 3520 1818 3584 Verum
1849 3520 1964 3582 ali—

321 3619 414 3674 ter
441 3630 536 3674 res
567 3613 765 3675 habet.
802 3615 960 3676 Deus
989 3613 1174 3694 enim,
1207 3613 1441 3692 fratres,
1475 3630 1594 3673 non
1624 3611 1696 3672 ad
1724 3611 1961 3691 faciem,

318 3717 432 3762 nec
459 3700 530 3762 ad
564 3702 750 3762 solam
781 3700 1136 3763 exteriorem
1171 3719 1404 3762 morum
1434 3699 1810 3775 modestiam,
1858 3699 1961 3761 sed

317 3789 389 3850 ad
413 3807 516 3851 cor
535 3789 878 3868 contritum,
901 3799 957 3852 et
978 3790 1352 3851 humiliatum
1378 3797 1437 3852 et
1455 3788 1744 3870 quietum,
1765 3806 1833 3850 ac
1855 3785 1964 3849 Dei

317 3877 532 3940 timore
564 3879 804 3960 plenum
836 3879 1081 3958 respicit
1115 3899 1128 3939 :
1163 3878 1364 3957 Super
1392 3895 1570 3959 quem
1607 3879 1956 3958 respiciam,

2049 3149 2224 3223 dicit:
2247 3161 2434 3224 Deum
2460 3149 2648 3236 timet,
2675 3165 2769 3226 his
2785 3165 2840 3227 ei
2865 3149 3060 3228 verbis
3075 3167 3400 3247 respondet
3424 3187 3439 3228 :
3467 3165 3692 3228 Memor

2049 3249 2126 3311 sit
2171 3252 2332 3313 Deus
2381 3251 2685 3314 charitatis
2715 3261 2851 3335 tum,
2885 3255 3091 3316 frater.
3125 3254 3279 3328 Quid
3305 3256 3467 3316 enim
3498 3254 3559 3315 in
3593 3273 3690 3317 me

2045 3339 2213 3402 vides
2242 3339 2425 3402 boni?
2456 3346 2606 3402 Tum
2641 3343 2764 3425 ille,
2792 3343 2932 3425 quid
2963 3354 3157 3406 autem
3191 3345 3335 3406 boni
3357 3352 3418 3406 tu
3449 3362 3568 3405 non
3590 3344 3695 3405 ha-

2047 3428 2152 3490 bes
2173 3428 2203 3488 ?
2233 3429 2366 3510 quis
2391 3436 2505 3491 tam
2528 3441 2896 3508 mansuetus,
2926 3435 3081 3514 plus,
3103 3434 3367 3514 sapiens,
3391 3434 3681 3510 eruditus,

2045 3517 2358 3596 candidus,
2380 3527 2440 3580 et
2466 3521 2624 3599 quod
2659 3521 2848 3601 majus
2870 3522 3167 3602 omnibus,
3195 3534 3438 3602 paterna
3466 3539 3683 3597 gerens

2043 3607 2296 3682 viscera,
2350 3615 2408 3669 et
2455 3608 2750 3671 humanus
2789 3629 2928 3689 erga
2959 3610 3320 3673 universos?
3362 3608 3502 3670 Haec
3536 3608 3683 3669 dicit

2045 3714 2116 3758 eo
2147 3695 2288 3772 fine,
2333 3703 2395 3757 ut
2425 3697 2499 3757 de
2541 3699 2673 3778 ejus
2717 3703 2914 3780 patina
2943 3701 3117 3762 simul
3152 3699 3443 3761 comedat.
3484 3697 3678 3779 Spiri-

2048 3785 2221 3847 tualis
2251 3793 2447 3847 autem
2476 3785 2679 3869 frater,
2711 3789 3040 3851 secundum
3069 3792 3259 3850 datam
3293 3787 3406 3848 sibi
3435 3786 3682 3865 gratiam

2045 3872 2119 3935 de
2149 3875 2339 3936 salute
2375 3875 2591 3938 animae
2631 3895 2764 3938 cum
2809 3878 2909 3939 illo
2956 3879 3096 3958 agit,
3131 3885 3189 3940 et
3216 3884 3494 3958 quantum
3523 3875 3583 3936 in
3619 3893 3684 3936 se

315 3965 530 4047 inquit,
555 3969 679 4030 nisi
707 3985 890 4048 super
919 3968 1148 4043 mitem,
1181 3975 1242 4030 et
1273 3967 1562 4048 quietam,
1595 3973 1650 4030 et
1693 3974 1958 4030 tremen-
2043 3970 2154 4038 est,
2182 3963 2312 4044 ejus
2345 3964 2744 4027 laudationem
2782 3967 3085 4046 rejiciens,
3132 3967 3370 4029 fratrem
3412 3963 3679 4042 corrigit.

317 4061 436 4116 tem
465 4073 760 4118 sermones
791 4074 949 4118 meos
971 4057 1033 4107 57
1059 4056 1086 4115 ?
2041 4050 2205 4124 Quod
2240 4052 2456 4132 siItalis
2476 4053 2750 4116 inventus
2776 4075 2892 4116 non
2916 4055 3115 4130 fuerit,
3143 4056 3248 4116 sed
3281 4069 3509 4135 contra,
3546 4071 3680 4115 car-

397 4141 548 4215 Quid
580 4152 776 4205 autem
808 4143 883 4205 de
920 4143 995 4204 iis
1024 4144 1253 4226 loquar,
1287 4143 1408 4224 qui,
1443 4143 1600 4225 quod
1649 4142 1958 4222 indignum
2042 4142 2568 4220 nalis,§instabilis,
2620 4144 2893 4207 laudibus
2935 4146 3197 4222 inflatur,
3230 4145 3584 4226 excipitque,
3624 4151 3684 4206 et

315 4240 431 4304 est,
464 4229 536 4291 ad
570 4231 917 4312 praepositos
962 4251 1104 4294 suos
1148 4233 1394 4308 adeunt,
1444 4240 1620 4314 atque
1664 4249 1766 4294 eos
1800 4230 2206 4314 peti-_quid,
2241 4250 2274 4292 o
2302 4239 2493 4312 pater,
2537 4240 2596 4294 et
2645 4234 2825 4295 frater
2879 4235 3165 4296 charitate
3221 4233 3464 4314 majus?
3516 4242 3682 4296 certe

315 4319 536 4378 tionem
570 4305 925 4399 deponunt?
955 4319 1024 4380 Et
1049 4305 1392 4401 quicunque
1421 4305 1827 4382 tantummodo
1861 4305 2213 4382 ex-Dnihil.
2249 4305 2602 4400 Beatusrqui
2645 4321 2798 4383 hanc
2829 4322 3116 4404 possidet,
3167 4329 3225 4384 et
3263 4305 3378 4382 alia
3413 4321 3678 4395 demum,

314 4405 520 4468 teriori
551 4406 848 4488 religioni,
880 4425 947 4469 ac
978 4408 1180 4488 pietati
1219 4409 1365 4470 dant
1403 4427 1671 4489 operam,
1700 4415 1800 4470 aut
1843 4426 1954 4488 po-
2041 4426 2173 4488 quae
2193 4407 2560 4470 adulatorem
2598 4409 2853 4472 libenter
2881 4411 3112 4486 audire,
3143 4419 3198 4472 et
3222 4411 3295 4472 ad
3321 4410 3678 4472 laudandum

313 4493 454 4566 tius,
508 4495 608 4574 qui
652 4503 882 4556 tantum
932 4496 1136 4571 lucris,
1185 4497 1410 4575 gloria),
1460 4515 1530 4558 ac
1567 4497 1957 4578 praesentibus
2038 4495 2274 4559 irritare
2306 4504 2488 4561 novit.
2524 4499 2757 4561 Posteat
2779 4500 2912 4562 talis
2938 4501 3089 4562 ﬁctis
3111 4499 3384 4562 laudibus
3405 4499 3565 4560 velut
3582 4501 3680 4562 de-

315 4582 462 4644 solis
479 4583 732 4647 inhiant.
759 4587 972 4645 Annon
997 4603 1223 4660 sumus,
1248 4585 1544 4666 inquiunt,
1563 4585 1799 4665 digniet
1821 4603 1953 4661 nos,
2036 4585 2291 4662 mulsus,
2327 4605 2396 4649 ac
2419 4587 2652 4649 levitate
2683 4589 2898 4651 mentis
2926 4590 3213 4664 tumidus,
3247 4589 3298 4651 si
3329 4588 3500 4668 copia
3531 4607 3678 4668 sup-

313 4671 663 4734 honorande
695 4673 892 4754 Pater,
923 4681 988 4734 ut
1021 4674 1403 4750 monasterio,
1437 4686 1496 4737 et
1525 4674 1802 4736 fratribus
1836 4674 1951 4736 mi-
2038 4674 2281 4754 peditat,
2313 4695 2447 4737 mox
2495 4677 2654 4738 hunc
2692 4679 3097 4741 encomiasten
3138 4697 3312 4740 suum
3358 4696 3468 4739 nec
3515 4677 3680 4739 abire

310 4759 681 4850 nistremus?
711 4780 850 4822 num
883 4762 1045 4850 solus
1076 4763 1172 4823 hic
1205 4770 1261 4824 et
1310 4763 1406 4825 hic
1437 4763 1509 4824 ad
1554 4762 1950 4824 ministerium
2034 4762 2198 4837 sinit,
2233 4763 2338 4826 sed
2365 4775 2429 4826 ut
2455 4784 2660 4827 secum
2701 4767 2977 4848 epuletur
3005 4775 3195 4850 rogat,
3243 4775 3303 4829 et
3333 4786 3470 4829 esca
3513 4767 3676 4828 illum

311 4848 424 4911 hoc
444 4849 694 4912 idoneus
715 4857 826 4924 est,
854 4859 912 4912 et
935 4849 1038 4912 ille
1067 4851 1279 4912 melius
1308 4871 1482 4933 quam
1517 4870 1624 4912 nos
1646 4870 1745 4914 res
1774 4869 1950 4930 gere-

308 4955 399 5015 re,
425 4945 483 5000 et
511 4938 931 5001 administrare
952 4939 1163 5002 novit?
1193 4941 1305 5002 Fac
1336 4941 1689 5022 periculum,
1736 4941 1790 5003 si
1821 4941 1949 5021 pla-

310 5035 403 5089 cet
432 5027 699 5090 etiamin
732 5027 928 5103 nobis,
949 5036 1008 5091 et
1054 5028 1348 5105 invenies,
1383 5047 1490 5111 per
1542 5049 1653 5091 nos
1703 5029 1946 5107 rectius,

309 5133 486 5196 quam
516 5135 622 5198 per
645 5117 779 5178 illos
808 5117 1047 5179 tractari
1079 5117 1312 5197 negotia
1343 5117 1710 5180 monasterii.

389 5204 508 5266 Alii
533 5223 697 5287 vero,
730 5224 862 5267 cum
887 5205 1106 5268 nudius
1136 5206 1345 5268 tertius
1376 5225 1408 5269 e
1442 5206 1664 5268 mundo
1689 5205 1951 5270 advene-

306 5292 449 5368 rint,
483 5312 666 5375 seque
685 5294 759 5356 ab
790 5293 920 5375 ipsa
949 5297 1389 5359 renuntiatione
1435 5294 1745 5370 socordiae,
1780 5295 1952 5376 igna-

305 5384 417 5444 viae
445 5381 809 5460 dediderint,
845 5390 902 5446 et
933 5383 1194 5465 peccatis
1224 5391 1489 5448 scateant
1534 5384 1952 5449 innumerabi-

385 5551 448 5604 57
477 5547 591 5614 Isa.
620 5564 780 5629 val,
812 5549 872 5614 2.

2037 4852 2361 4933 excipiens,
2397 4853 2602 4916 laudes
2631 4870 2905 4918 ventosas
2929 4858 3168 4938 recipit,
3201 4875 3332 4937 quae
3353 4856 3415 4917 in
3446 4874 3670 4928 aerem,

2034 4940 2179 5002 fumi
2227 4941 2434 5019 instar,
2469 4941 2856 5024 dissipantur,
2900 4945 3326 5008 detrimentum
3373 4963 3513 5006 vero
3547 4945 3677 5024 ejus

2031 5032 2245 5094 animae.
2289 5052 2408 5094 non
2455 5033 2760 5098 mediocre
2807 5045 3143 5118 apportant.
3177 5035 3282 5098 Sin
3313 5036 3530 5117 minus,
3555 5035 3676 5096 sal-

2036 5127 2154 5181 tem
2184 5127 2314 5201 post
2336 5120 2566 5201 longos,
2605 5129 2666 5183 et
2701 5122 2943 5186 inutiles
2971 5143 3284 5187 sermones
3314 5124 3394 5186 ait
3424 5123 3509 5184 illi
3537 5144 3552 5184 :
3585 5124 3678 5187 Ne

2036 5207 2182 5269 mihi
2209 5207 2347 5268 vitio
2373 5209 2498 5286 des,
2532 5208 2741 5288 frater,
2781 5213 2940 5275 novit
2972 5213 3100 5295 ipsa
3129 5213 3407 5288 charitas,
3441 5212 3591 5274 nihil
3621 5219 3679 5272 te

2035 5296 2276 5376 dignum
2317 5297 2532 5376 habeo,
2566 5300 2721 5380 quod
2768 5301 2875 5364 tibi
2921 5321 3241 5385 apponam.
3274 5302 3389 5366 Sed
3419 5301 3557 5384 quia
3587 5319 3683 5364 me

2034 5385 2334 5466 abjectum
2366 5387 2456 5450 sic
2483 5405 2668 5466 amas,
2685 5389 2976 5455 debemus
3005 5392 3068 5455 in
3092 5399 3399 5474 posterum
3415 5409 3682 5454 commu-
