4112 6106
349 374 473 438 485
1738 377 1990 447 ΟΒΑΤΙ(

2075 377 2314 440 XXXII.
3598 371 3718 440 486

355 505 533 598 ιιὶιᾼες,
569 518 629 568 et
658 510 851 573 amice
899 513 994 574 his
1041 515 1293 596 perfrui,
1351 537 1483 598 quae
1510 517 1668 580 Deus
1697 517 1758 578 in
1789 515 1990 578 cibnm
2011 519 2053 569 Α
2075 509 2343 590 sequitur
2359 508 2716 598 ?Ponamus
2757 514 2958 568 tamen
3008 526 3159 598 eum
3191 507 3489 598 abstinere
3517 510 3718 598 abhis

360 594 530 656 nobis
579 594 1072 679 suppeditaverit',
1119 612 1177 666 et
1220 625 1337 668 una
1369 594 1586 670 laetari.
1633 607 1780 668 Exin
1819 605 2000 684 igitur
2081 617 2213 678 quae
2246 597 2704 670 nominavimus,
2751 606 2810 657 ει
2863 613 3058 677 neque
3091 595 3162 657 ad
3194 597 3346 660 alius
3391 597 3720 680 cuiuspiam

356 690 611 776 uterque
632 686 844 748 horum
869 691 1243 756 conﬂictatur
1265 694 1667 758 sollicitudine
1688 704 1994 776 perpetua,
2081 687 2303 776 cellam
2325 686 2512 762 adire,
2530 704 2728 776 noque
2743 685 2926 746 alium
2949 684 3020 746 ad
3043 684 3253 776 cellam
3276 686 3589 750 admittere
3609 707 3721 751 nec

355 790 469 833 nec
490 773 906 840 desinuntvias
929 800 1220 863 quaerere,
1241 784 1399 845 unde
1423 785 1570 865 ipsis
1591 773 2000 867 queatsuppe-
2081 775 2473 867 diffargciendo
2503 774 2717 857 ventri,
2746 783 2846 867 aut
2879 774 3184 867 potationi,
3226 783 3326 867 aut
3356 776 3560 867 otiosis
3584 796 3718 867 ser-

356 868 642 955 tere,_quo
668 884 776 945 per
803 869 994 931 varios
1023 889 1091 934 ac
1122 873 1340 934 multos
1385 863 1550 937 cibos
1593 863 1722 955 quae
1765 863 1998 934 videtur
2081 863 2360 926 monibus
2389 883 2624 946 vacare,
2658 863 2994 955 θεᾷ-01³1180
3011 863 3188 955 ,οεῑίο-
3226 864 3286 926 in
3332 865 3483 955 εβηᾷ
3527 865 3719 955 ξοιυῐῐι

353 951 703 1045 charitatem
727 957 1072 1045 constabilia
1085 968 1165 1023 nt.
1183 963 1281 1025 Sic
1295 962 1394 1024 ubi
1416 951 1990 1045 specie—dilectionis,

2079 954 2318 1045 penitus
2351 972 2618 1045 manere,
2653 952 2794 1045 quid
2830 953 2942 1045 hoc
2967 951 3024 1045 ei
3044 951 3307 1045 prodest,
3330 953 3719 1045 sispiritualis

355 1038 696 1131 imopotius
716 1044 922 1109 fraude
941 1067 1075 1110 cum
1095 1050 1370 1113 omnibus
1384 1038 1822 1131 se'devinxerit,
1839 1069 1998 1113 nunc

355 1129 595 1221 quidem
628 1132 759 1213 ipse
788 1135 992 1211 alium,
1026 1158 1189 1201 nunc
1221 1159 1292 1202 ex
1333 1141 1465 1202 aliis
1504 1141 1751 1221 singulis
1795 1129 1995 1220 ipsum

354 1219 629 1281 invitant.
682 1221 879 1294 Quare
938 1246 1166 1304 mensa,
1223 1238 1279 1291 et
1325 1219 1700 1292 hilaritas—in
1749 1219 1993 1291 delicias

352 1309 555 1399 pabuli
603 1329 790 1391 usque
835 1315 907 1376 ad
959 1319 1324 1379 saturitatem
1372 1320 1567 1399 ipsum
1617 1339 1737 1381 non
1767 1319 1988 1393 deficit,

352 1407 413 1458 et
445 1397 526 1489 ita
556 1419 770 1478 porcus
801 1404 886 1479 ﬁt,
908 1397 1454 1488 constringiturque
1494 1408 1908 1489 voluptatibus,
1938 1416 1994 1469 et

348 1485 590 1548 assiduo
621 1499 886 1552 ventrem
915 1513 1085 1556 suum
1117 1497 1294 1570 colit;
1324 1485 1535 1560 vereor
1564 1485 1724 1559 onim
1764 1499 1986 1568 dicere,

348 1573 531 1635 etiam
567 1595 635 1638 ea
665 1597 798 1658 quae
826 1582 935 1643 sub
965 1593 1169 1646 ventre
1201 1595 1354 1648 sunt.
1405 1586 1695 1658 Quocirca
1726 1588 1990 1650 studiose

349 1664 632 1756 omnibus
657 1669 940 1731 membris
965 1674 1265 1752 saginatus
1290 1676 1435 1755 (l4),
1454 1677 1718 1756 quotidie
1745 1694 1992 1756 vespera

2077 1044 2233 1103 actio
2263 1062 2398 1103 cum
2430 1041 2826 1122 intelligentia
2855 1041 3028 1116 desit,
3051 1043 3255 1104 sedeat
3285 1051 3479 1103 autem
3511 1043 3718 1124 legens

2079 1130 2381 1211 quippiam
2415 1131 2486 1192 ad
2516 1129 2990 1211 depromendum
3022 1129 3243 1210 aliquid
3268 1139 3534 1208 temgore
3548 1151 3720 1214 syna-

2079 1239 2242 1290 xeos,
2271 1227 2371 1280 aut
2403 1218 2581 1280 etiam
2613 1218 2673 1279 in
2705 1219 2985 1292 adventu,
3021 1237 3125 1280 seu
3160 1220 3473 1298 praesentia
3499 1221 3716 1284 amico-

2075 1327 2231 1384 rum,
2279 1317 2342 1370 ut
2396 1308 2592 1369 sciens
2632 1327 2700 1368 ac
2733 1307 2958 1388 peritus
2987 1307 3305 1368 videatur?
3335 1305 3447 1370 Sed
3480 1309 3714 1388 demus,

2076 1416 2208 1458 cum
2242 1417 2358 1458 non
2405 1399 2518 1459 hoc
2569 1398 2684 1458 ﬁne
2734 1407 2792 1458 et
2832 1415 3040 1475 scopo,
3078 1397 3183 1460 sed
3210 1397 3477 1460 utilitatis
3501 1400 3711 1478 gratia,

2077 1495 2136 1548 et
2165 1496 2226 1548 ut
2257 1486 2499 1548 verbum
2525 1486 2848 1547 Deiaudiat
2873 1485 3102 1546 divinas
3126 1483 3461 1566 Scripturas
3492 1488 3712 1568 legere:

2074 1575 2292 1637 deinde
2323 1594 2591 1654 surgere,
2617 1583 2675 1636 et
2705 1576 2774 1636 ad
2797 1575 3083 1636 orandum
3109 1584 3286 1652 stare,
3321 1575 3561 1657 sintque
3585 1579 3716 1658 ejus

2075 1665 2260 1725 oratio
2295 1665 2504 1744 psalmi
2538 1664 2677 1741 duo,
2705 1673 2825 1726 tres
2844 1664 3076 1739 decem,
3103 1673 3367 1745 centum,
3404 1667 3716 1730 adoratio-

345 1753 656 1850 veniente,
693 1767 824 1837 post
845 1761 1106 1822 officium
1124 1782 1158 1824 a
1181 1780 1345 1824 caena
1366 1753 1431 1824 ini
1449 1753 1658 1826 cellam
1683 1753 1988 1826 suam'dis-
2012 1801 2052 1850 Β
2077 1753 2490 1850 τιθεβίῐηὶῌίθι*
2521 1770 2966 1850 cumperagere
2997 1770 3176 1832 quam
3209 1755 3420 1850 multas
3451 1754 3557 1818 vis.
3579 1754 3718 1819 Post

348 1842 598 1932 cedens,
624 1844 844 1908 famulo
865 1849 1042 1912 dicit:
1071 1851 1156 1912 En
1186 1851 1450 1932 furcifer,
1484 1854 1580 1914 siti
1603 1854 1858 1930 crucior,
1885 1854 1991 1915 sed
2015 1839 2051 1850 ”
2076 1839 2425 1932 ιηοάυῐηέὲίο
2456 1839 3029 1932 θξριθιίξοξηηίῒξυε,
3055 1840 3293 1932 ηἶειξῖἀδί
3313 1861 3527 1932 οοῐῬιὲδ
3547 1862 3715 1906 δοιο-

347 1930 610 2024 calidum
643 1954 784 2013 para
819 1937 959 2017 (15),
1007 1948 1065 2002 et
1120 1941 1195 2002 da
1243 1943 1385 2002 mihi
1437 1928 1664 2020 bibere,
1712 1928 1991 2024 sitimque
2076 1946 2176 2024 no,
2205 1929 2650 2024 nihilqmplius.
2680 1928 3114 2024 Quisisiturfri
3143 1929 3393 2006 fructus.
3437 1930 3711 2024 obsecro,

346 2019 748 2110 restinguere.
792 2025 924 2100 Ille,
958 2037 1164 2110 utpote
1207 2032 1698 2095 consuetudinem
1737 2019 1987 2108 habens,

345 2108 547 2200 statim
585 2110 928 2198 benevolus,
960 2108 1122 2180 etvad
1145 2119 1478 2181 faciendum
1514 2121 1994 2200 promptissimus

345 2196 626 2290 minister
678 2196 996 2283 invenitur,
1055 2208 1273 2288 quippe
1323 2210 1426 2289 qui
1474 2196 1531 2270 et
1580 2196 1707 2290 ipse
1755 2229 1889 2272 cum
1922 2230 1992 2273 co

349 2287 652 2377 epuletur.
681 2292 832 2355 Tum
856 2297 1150 2360 meracius
1164 2287 1368 2360 vinum
1394 2287 1672 2361 haurit—et
1695 2301 1989 2377 exsorbet,

347 2376 616 2473 tenebris
669 2401 803 2443 eum
852 2385 1306 2449 occultantibus.
1338 2386 1411 2448 Et
1461 2397 1766 2470 postquam
1807 2376 1992 2452 semel

344 2461 524 2537 bibit,
577 2487 812 2531 rursum
865 2473 936 2533 ad
984 2473 1181 2534 cibum
1229 2461 1629 2555 appetendum
1681 2477 1991 2549 excitatur.

344 2558 783 2645 epu!arumque
825 2561 1048 2623 suavile
1082 2564 1250 2643 quasi
1297 2564 1445 2624 clam
1493 2563 1606 2627 sibi
1663 2573 1992 2645 surreptus,

342 2643 553 2735 satiari
581 2665 644 2707 se
677 2667 792 2708 non
823 2652 1030 2731 sentit,
1064 2661 1452 2732 ventremque
1503 2653 1773 2735 obesum,
1810 2643 1867 2716 et
1894 2654 1992 2715 in-

343 2733 747 2820 tractabilem,
783 2747 840 2798 et
868 2739 1153 2820 appetitui
1185 2742 1399 2802 animae
1429 2733 1840 2804 refractarium
1862 2744 1995 2805 red-

339 2819 447 2881 dit.
510 2821 762 2903 Subjicit
793 2827 847 2888 ei
881 2819 1019 2890 tunc
1054 2831 1328 2908 cogitatio
1354 2853 1366 2894 :
1394 2831 1635 2892 Dimitte
1681 2832 1992 2906 famulum,

341 2915 599 3000 etstans
630 2925 946 2979 consuetas
979 2938 1186 3000 preces
1216 2919 1420 2984 funde.
1468 2919 1811 3000 Respondet
1856 2920 1996 2982 huic

339 2998 456 3088 alia
512 3001 902 3080 cogitatione:
930 2998 1002 3069 At
1041 3008 1337 3088 quomodo
1381 2998 1731 3071 suburratus
1773 3010 1996 3072 stabis?

338 3086 541 3178 dormi
574 3091 968 3176 aliquantum,
997 3086 1347 3158 etﬁnaturam
1385 3097 1458 3158 ad
1499 3097 1992 3178 concoquendum

2073 2017 2214 2079 dum
2247 2019 2429 2094 istud,
2454 2027 2515 2080 et
2535 2019 2726 2079 solum
2745 2017 2885 2099 agit,
2918 2035 3030 2078 nec
3049 2017 3271 2080 fructus
3295 2037 3563 2099 precum,
3586 2023 3716 2084 lec-
3808 2017 3812 2043 τ

2078 2107 2278 2182 tionis,
2315 2126 2420 2188 per
2453 2107 2815 2188 paenitentiae
2832 2107 3116 2187 lacrymas
3145 2106 3207 2167 in
3237 2108 3365 2187 ejus
3395 2108 3596 2171 anima
3617 2111 3710 2172 ef-

2075 2196 2384 2258 ﬂorescit?
2412 2197 2512 2277 qui
2543 2195 2783 2277 quidem
2826 2195 3048 2256 fructus
3094 2203 3183 2256 est
3226 2195 3706 2276 pertubationum

2075 2285 2353 2362 vacultas,
2379 2285 2728 2347 humilitatis
2749 2292 2808 2347 et
2839 2284 3312 2346 mansuetudinis
3339 2286 3630 2364 accessio,
3661 2298 3722 2351 et

2076 2374 2335 2453 cognitio
2367 2394 2500 2437 cum
2526 2375 2838 2456 sapientia.
2863 2372 3125 2447 Quilibet
3153 2373 3335 2451 enim,
3366 2375 3467 2455 qui
3506 2393 3578 2438 ex
3610 2397 3717 2441 co-

2079 2463 2346 2542 gnitione
2376 2463 2668 2544 spirituali
2685 2482 2832 2544 Opus
2856 2463 3268 2524 mandatorum
3293 2465 3398 2525 Dei
3419 2464 3583 2542 facit,
3605 2486 3717 2548 pro

2079 2553 2354 2633 portione
2385 2553 2696 2615 laboriosae
2725 2553 2972 2615 actionis
3003 2572 3145 2628 suae,
3179 2572 3310 2634 quae
3356 2553 3514 2616 dicta
3556 2566 3716 2636 sunt,

2078 2641 2350 2722 acquirit.
2386 2641 2447 2704 Si
2476 2651 2674 2704 autem
2706 2642 2977 2704 laborare
2998 2661 3060 2703 se
3083 2643 3464 2719 exustimanti,
3492 2653 3548 2705 ct
3569 2665 3717 2726 ope-

2081 2730 2232 2793 ranti
2266 2751 2386 2792 non
2414 2731 2724 2793 efﬂoreant
2745 2749 2876 2810 quae
2897 2731 3051 2792 dicta
3074 2740 3234 2806 sunt,
3262 2751 3378 2792 non
3402 2741 3720 2796 estsecun-

2079 2821 2216 2882 dum
2254 2824 2440 2884 Deum
2475 2821 2607 2902 ejus
2636 2821 2813 2902 actio,
2840 2822 2944 2883 sed
2970 2821 3376 2882 tantummodo
3392 2822 3716 2902 adplacen-

2079 2910 2217 2970 dum
2245 2909 2610 2984 hominibus,
2633 2919 2690 2971 et
2709 2910 2920 2972 merito
2942 2910 3188 2972 meliora
3210 2929 3325 2971 non
3353 2913 3714 2994 assequitur.

2078 2997 2189 3070 Qui
2215 2999 2396 3077 igitur
2426 2999 2504 3061 de
2527 3001 2642 3076 his,
2669 2999 2742 3060 de
2766 2999 2981 3079 quibus
3011 2998 3191 3060 locuti
3230 3018 3458 3075 sumus,
3494 3019 3717 3082 perpe-

2080 3097 2178 3149 tuo
2212 3089 2385 3150 talem
2418 3089 2595 3152 vitam
2641 3087 2799 3162 vivit,
2835 3088 3047 3168 poterit
3078 3107 3154 3149 ne
3183 3088 3523 3170 aliquando,
3563 3092 3718 3154 sicut

336 3176 505 3255 quad
535 3161 868 3260 comedisti,
921 3161 1154 3266 adjuva,
1208 3195 1265 3247 et
1311 3194 1446 3247 ante
1496 3161 1741 3266 synaxiii
1783 3207 1983 3267 surge,
2016 3161 2152 3238 δεῖ)
2200 3177 2368 3267 milio
2417 3161 2874 3267 Γθηυηῑῇιῑίοηίέ
2915 3195 3057 3267 διξαὶ,
3102 3161 3363 3267 εθίΡδιξῐη
3409 3161 3594 3240 “illim
3641 3179 3717 3242 ad

337 3273 469 3326 tum
490 3267 730 3356 habens
759 3291 972 3354 corpus
999 3264 1228 3356 levius,
1263 3264 1576 3337 commede
1619 3264 1982 3355 precaberis.
2071 3265 2270 3356 Omnia
2289 3266 2616 3328 secundum
2643 3264 2830 3326 Deum
2855 3265 3122 3356 modesta
3152 3265 3500 3356 sustinenda
3517 3286 3584 3330 ac
3609 3287 3716 3350 pa-

337 3355 528 3418 Audit
559 3360 1089 3440 cegitationem,ac
1110 3355 1722 3438 recumbensdormit,
1749 3384 1986 3426 somno-
2070 3355 2271 3417 ίὶθῐὶάὶὶ
2307 3373 2642 3435 exponens.
2671 3362 2736 3415 Ul-
2764 3373 2944 3436 ευρνα
2972 3355 3253 3429 άίΧίῐηιιεν
3289 3355 3598 3439 lacrimas,
3619 3367 3718 3419 ³1η

338 3466 455 3525 que
481 3447 708 3509 solutus
730 3470 848 3511 non
869 3453 1055 3530 surgit
1083 3472 1095 3514 :
1125 3453 1264 3525 Sed,
1292 3453 1581 3533 nondum,
1601 3454 1812 3534 inquit,
1841 3464 1987 3516 tem-
2070 3445 2589 3534 compunclioinem
2650 3443 2902 3534 adipisci
2932 3465 2970 3534 Δ;
3018 3451 3120 3506 aut
3149 3462 3340 3534 quaen
3369 3445 3592 3534 mundo
3629 3445 3718 3508 illi

337 3554 450 3614 pus
482 3545 596 3616 est,
620 3538 910 3600 dormiam
931 3541 1125 3603 adhuc
1157 3561 1337 3603 unum
1373 3544 1732 3604 somnulum.
1758 3544 1857 3605 Sic
1880 3553 1990 3606 tar-

335 3624 583 3685 dantem
619 3629 906 3689 matntina
936 3631 1170 3711 synaxis
1199 3637 1530 3692 antevertit.
1569 3629 1713 3691 Inde
1746 3651 1994 3696 consur-

336 3714 576 3790 gensad
605 3713 856 3795 Synaxin
882 3720 1132 3798 accedit,
1158 3719 1584 3780 conscientiam
1611 3720 1992 3797 negligentiae

335 3803 707 3884 desidiaeque
746 3827 870 3868 sua:
919 3812 1340 3872 accusatricem
1390 3809 1675 3870 sentiens.
1730 3808 1801 3871 Ut
1850 3829 1990 3891 ergo

337 3892 507 3968 prius
526 3893 803 3970 diximus,
833 3907 997 3959 tenet
1019 3898 1176 3958 hunc
1197 3915 1449 3972 morem,
1479 3904 1540 3956 ut
1559 3895 1826 3958 crebrius
1845 3900 1991 3959 ami-

336 3997 572 4054 corum,
623 3990 679 4043 et
717 3986 1032 4046 charorum
1067 3989 1304 4049 Patrum
1340 3987 1519 4047 cellas
1550 3985 1748 4060 obeat,
1798 3987 1991 4050 donec

339 4068 580 4130 tandem
615 4073 840 4155 sedeat,
873 4095 992 4137 una
1020 4084 1234 4149 comet,
1264 4075 1444 4149 bibat,
1473 4074 1910 4149 confabulatur,
1935 4087 1991 4137 et

338 4155 420 4218 ita
442 4158 504 4218 in
523 4161 734 4222 cellam
757 4183 1086 4243 regressus,
1118 4185 1233 4226 non
1259 4165 1451 4225 solum
1477 4163 1549 4224 ad
1584 4163 1990 4242 precationem

2076 3534 2380 3595 adhaerent
2408 3533 2567 3609 vitia,
2602 3543 2661 3596 et
2689 3532 3153 3613 improbitatem,
3182 3540 3240 3595 et
3265 3533 3542 3594 duritiam
3575 3552 3715 3596 cora

2076 3621 2445 3702 disabjicere
2467 3623 2979 3703 humilitatemque
2994 3621 3329 3702 possidere?
3342 3626 3711 3703 neutiquam.

2076 3710 2318 3774 Seducit
2335 3715 2597 3792 seipsum
2619 3715 2958 3794 quicunque
2982 3712 3066 3772 sic
3093 3720 3278 3792 putat,
3300 3721 3399 3772 aut
3423 3711 3533 3773 sibi
3564 3714 3717 3774 hanc

2076 3801 2266 3879 legem
2291 3799 2928 3872 fertQuamadmodum
2951 3799 3111 3860 ouim
3135 3820 3251 3861 non
3279 3807 3473 3880 potest
3491 3800 3714 3862 ferrum

2075 3908 2192 3950 non
2223 3890 2474 3965 ignitum
2500 3907 2668 3969 aeque
2699 3896 2761 3950 ut
2790 3887 3037 3968 ignitum
3064 3889 3477 3968 resplendere,
3513 3896 3614 3951 aut
3641 3889 3715 3951 ad

2075 3978 2385 4039 mollitiem
2415 3978 2588 4039 aliam
2619 3977 2870 4058 quadam
2903 3977 3178 4039 machina
3207 3976 3424 4057 redigi,
3455 3985 3512 4038 et
3540 3977 3716 4038 fabri-

2074 4067 2224 4142 curi,
2259 4076 2315 4128 et
2343 4067 2403 4128 in
2427 4067 2882 4128 instrumentum
2904 4066 3035 4127 usui
3057 4067 3568 4129 accommodatum
3598 4066 3710 4127 for-

2075 4156 2224 4217 mari
2253 4178 2266 4216 :
2291 4157 2375 4217 sic
2395 4174 2587 4236 neque
2619 4155 3013 4234 negligentem
3033 4173 3102 4217 ac
3123 4155 3422 4226 desidem,
3461 4154 3713 4216 etvitam

339 4249 767 4327 vespertinam,
795 4241 902 4315 sed
925 4255 1099 4315 etiam
1126 4255 1197 4316 ad
1219 4253 1474 4334 Synaxin
1500 4241 1846 4314 matutinam
1871 4257 1993 4315 ine-
2074 4245 2155 4306 ita
2190 4247 2424 4334 ηοῖίίδῐη
2459 4245 2798 4334 degentem,
2842 4251 2905 4334 Ui
2928 4244 3270 4334 ,dOCPimUS.
3308 4241 3595 4334 PQSSibile
3627 4252 3718 4334 θβῑ

339 4341 477 4414 ptus
507 4335 595 4416 ﬁt,
635 4343 780 4404 nihil
817 4343 1061 4405 omnino
1100 4331 1413 4423 spirituale
1445 4350 1545 4402 aut
1575 4341 1860 4420 cogitare,
1893 4357 1994 4412 aut
2078 4334 2157 4410 ei,
2190 4332 2290 4414 qui
2321 4352 2355 4394 a
2385 4332 2678 4423 principio
2711 4352 2778 4423 ex
2809 4332 3338 4423 subiectioneerga
3361 4331 3560 4394 Patres
3581 4333 3711 4414 spi-

340 4427 542 4493 facere
572 4434 746 4512 potis.
781 4433 932 4506 Quin
966 4421 1151 4496 etiam
1177 4433 1235 4494 in
1267 4434 1417 4494 cella
1461 4450 1589 4506 sua,
1623 4437 1669 4492 si
1704 4430 1855 4491 alius
1886 4449 1991 4492 ac-
2013 4485 2056 4533 Β
2077 4423 2327 4523 rituales
2358 4421 2657 4502 praeclaris
2694 4422 2878 4523 veluti
2926 4421 3146 4533 formis'
3177 4421 3513 4502 impressus
3539 4429 3717 4502 atque

340 4521 614 4594 cesserit,
636 4523 910 4584 similiter
936 4523 997 4583 in
1032 4529 1266 4584 noctem
1302 4521 1722 4582 fabulationem
1755 4527 1988 4599 protra-
2014 4512 2457 4590 "ttonSignalus
2488 4520 2598 4593 est,
2641 4523 2703 4574 ει
2724 4512 2898 4573 Vitam
2926 4512 3240 4576 Vil‘llllibus
3271 4519 3536 4574 ornatam
3568 4530 3717 4574 00n-

343 4607 452 4684 hit,
483 4617 542 4669 et
571 4610 885 4690 aliquando
916 4611 1096 4673 vitam
1128 4612 1376 4673 aliorum
1409 4609 1620 4689 carpit,
1667 4625 1734 4669 ac
1766 4607 1987 4687 dijudi-

343 4705 457 4769 cat,
492 4706 667 4778 atque
694 4699 753 4760 in
787 4699 886 4761 tali
915 4707 1068 4760 statu
1092 4708 1325 4761 aetatem
1346 4715 1584 4759 omnem
1621 4708 1988 4779 perseverat,

344 4793 485 4848 ante
516 4794 750 4868 tempus
779 4787 1090 4868 ebrietate,
1123 4788 1388 4867 crapula,
1413 4785 1677 4863 indignis
1699 4785 1988 4847 sollicitu-

343 4873 587 4935 dinibus
619 4895 752 4937 sese
781 4876 911 4938 iens
942 4877 1269 4958 perditum.

425 4961 648 5025 Verum
680 4983 786 5025 cur
811 4984 917 5044 ego
951 4966 1076 5026 haec
1096 4963 1296 5026 omnia
1327 4961 1636 5026 disserui?
1669 4969 1729 5024 ut
1757 4979 1858 5022 vos
1875 4960 1985 5022 do-

347 5069 568 5126 cerem,
605 5053 841 5134 fratres,
875 5053 976 5134 qui
1009 5054 1182 5115 talem
1219 5053 1396 5114 vitam
1431 5052 1617 5134 ducit,
1663 5070 1782 5113 non
1817 5068 1990 5131 posse

350 5160 610 5221 unquam
645 5160 713 5204 ex
748 5143 933 5204 oculis
975 5142 1297 5222 lacrymam
1347 5141 1643 5204 emittere.
1680 5139 1792 5212 Qui
1827 5139 1983 5200 enim

349 5236 592 5307 emittat,
627 5230 726 5312 qui
759 5249 999 5312 semper
1027 5231 1216 5292 ventri
1245 5251 1350 5293 suo
1381 5229 1584 5305 servit,
1621 5238 1678 5291 et
1707 5229 1767 5290 in
1799 5229 1984 5302 diem,

349 5318 498 5380 sicut
528 5319 772 5396 ethnici,
809 5320 950 5400 quid
982 5339 1213 5397 esurus,
1244 5328 1348 5382 aut
1377 5320 1671 5381 bibiturus
1694 5318 1792 5391 sit,
1817 5317 1989 5379 solli-

356 5406 507 5470 citus
537 5417 650 5484 est,
681 5417 739 5471 et
770 5409 923 5489 gulae
947 5409 1230 5490 voluptati
1275 5417 1552 5484 tanquam
1587 5406 1843 5471 dominae
1871 5406 1986 5468 ob-

436 5566 561 5648 (14)
607 5566 704 5627 Ἐκ
745 5575 850 5629 τῶν
893 5571 920 5627 ὀ
990 5571 1126 5630 άνων
1167 5570 1598 5651 γαστριζόμενος.

436 5646 558 5707 [15)
600 5646 765 5707 Ἀλλὰ
794 5593 988 5707 θεομιςῖ
1015 5653 1317 5707 εὑτοεπίσαε
1351 5668 1365 5683 ⁶
1418 5647 1564 5707 Nam

432 5646 558 5726 (15)
600 5646 765 5707 Ἀλλὰ
794 5646 984 5731 θερμὸύ
1015 5646 1317 5730 εὑτρεῌσαξ
1351 5668 1365 5683 ⁶
1418 5646 1564 5712 Nam
1622 5646 1849 5712 calidus
1877 5663 1988 5727 p0-

2074 4609 2312 4662 secutus
2343 4619 2544 4681 parem
2578 4619 2735 4677 esse,
2779 4601 3114 4682 iisdemque
3159 4600 3356 4678 donis,
3391 4609 3449 4662 et
3480 4600 3714 4662 charis-

2075 4689 2247 4752 matis
2277 4687 2532 4770 Spiritus
2562 4690 2694 4751 frui.
2731 4693 2857 4755 Nec
2889 4690 3130 4770 injuria.
3161 4690 3271 4764 Qui
3296 4689 3453 4753 enim
3488 4698 3577 4751 est
3596 4689 3716 4752 hu-

2073 4779 2231 4839 milis
2255 4779 2452 4856 corde,
2477 4779 2983 4861 cogitationesque
2995 4779 3346 4860 submissas,
3370 4788 3428 4840 et
3444 4779 3714 4840 animum

2071 4868 2388 4929 contritum
2425 4868 2597 4946 gerit,
2657 4877 2713 4930 et
2759 4869 2977 4930 divinis
3022 4867 3348 4951 Scripturis
3391 4867 3716 4929 studiosius

2073 4975 2282 5038 parere
2294 4957 2580 5033 decrevit,
2599 4967 2660 5020 et
2680 4959 2945 5038 quamvis
2967 4957 3412 5022 tribulationem
3437 4953 3713 5029 sustinet,

2073 5065 2259 5124 genus
2277 5065 2454 5108 omne
2483 5047 2873 5109 tentationum
2899 5048 3144 5128 perfert,
3171 5046 3417 5127 insuper
3437 5043 3715 5106 omnibus

2073 5134 2500 5215 abjectioribus
2512 5153 2578 5197 se
2600 5136 3253 5218 annumerat,actiones
3268 5132 3714 5208 videlicetsuas,

2071 5232 2130 5286 et
2155 5231 2396 5304 peccata
2424 5232 2732 5305 reputans,
2778 5231 2838 5286 et
2883 5223 3152 5304 quotidie
3196 5221 3586 5302 semetipsum
3615 5239 3718 5283 re-

2073 5312 2478 5395 prehendens,
2528 5321 2705 5393 atque
2765 5320 2829 5374 ut
2878 5320 3255 5393 peccatorem
3303 5309 3714 5386 considerans,

2071 5402 2236 5465 brevi
2266 5409 2563 5484 tempore,
2593 5400 2700 5465 Dei
2715 5401 2955 5482 adjutus
2983 5399 3194 5484 gratia,
3221 5399 3476 5484 proﬁcit,
3499 5417 3714 5481 quam-

2071 5573 2168 5642 tus
2196 5560 2339 5642 olim
2398 5560 2461 5622 in
2515 5559 2751 5625 deliciis
2806 5560 3154 5640 habebatur,
3215 5560 3292 5626 de
3339 5578 3454 5642 quo
3484 5558 3718 5640 Lipsius

2069 5641 2177 5706 lib.
2207 5659 2246 5704 tt
2276 5640 2462 5704 Elect.
2496 5657 2628 5722 cap.
2663 5643 2723 5708 4.
