4112 6106
400 314 518 380 487

1698 320 2081 391 SYMEONIS
2120 319 2474 389 JUNIORIS

3652 325 3773 390 488

399 447 487 539 vis
512 448 818 539 hominem
862 467 982 512 non
1028 449 1264 527 habeat,
1298 470 1332 513 a
1363 472 1479 534 quo
1510 452 1584 515 ad
1615 455 1864 518 salutem
1896 474 2041 538 per-
2063 466 2107 514 Α
2129 456 2285 520 tatis.
2318 454 2549 519 Deinde
2578 454 2871 519 bonorum
2902 475 2936 519 a
2963 455 3088 520 Deo
3138 458 3333 539 ipsum
3391 457 3774 538 diligentibus

400 537 649 599 tinentia
680 538 1002 602 doceatur:
1031 540 1310 621 paulatim
1353 543 1721 606 exscindens
1736 544 1815 606 ab
1846 537 2045 608 anima

398 644 526 715 sua,
562 644 695 707 qua:
719 627 773 688 ei
804 645 874 690 ex
908 630 1020 690 hoc
1042 631 1266 691 mundo
1299 633 1642 713 pravitates,
1675 641 1734 695 et
1767 633 2045 715 nequitiae

398 713 1200 798 adhaerescunt,illarumque
1217 719 1347 781 loco
1371 713 2039 800 virtutesintrodu'cens,

400 801 512 874 Qui
540 821 681 865 vero
711 804 1090 868 immunditia
1121 807 1333 886 plenus
1365 814 1479 890 est,
1535 818 1593 871 et
1630 830 1696 873 se
1729 811 2043 889 magniﬁce

397 891 825 973 circumspicit,
850 912 917 955 ac
940 895 1051 956 sub
1093 897 1320 977 potenti
1361 916 1535 959 manu
1566 899 1675 962 Dei
1714 900 2036 973 humiliari,

400 981 674 1061 Patrique
704 982 999 1063 spirituali
1030 986 1235 1047 cordis
1279 986 1370 1048 sui
1418 989 1719 1068 nequitias
1747 990 2037 1066 revelare,

398 1078 456 1131 et
479 1070 535 1131 ei
555 1071 882 1147 adhaerere,
908 1074 1225 1155 facereque
1272 1084 1331 1137 et
1382 1077 1500 1156 pati
1540 1078 1742 1139 omnia
1788 1096 1919 1157 quaa
1967 1079 2038 1139 ad

395 1158 670 1248 virtutem
691 1160 949 1223 etDeum
974 1179 1107 1226 Cum
1138 1164 1500 1227 discretione
1539 1167 1892 1248 perducunt,
1926 1167 2040 1228 ho-

398 1246 744 1330 minemque
762 1252 1090 1313 secundum
1130 1252 1325 1332 ipsum
1365 1253 1701 1334 perficiunt,
1737 1274 1857 1317 non
1878 1246 2035 1335 vult,

397 1338 564 1415 pejor
593 1338 661 1399 fit
691 1358 866 1419 quam
917 1340 977 1400 in
1030 1341 1251 1402 mundo
1303 1353 1454 1419 erat,
1488 1343 1699 1423 spiritu
1735 1344 2036 1407 mundano

394 1442 656 1502 reverso,
684 1439 744 1490 et
773 1428 834 1488 in
858 1447 928 1490 eo
959 1429 1284 1507 habitante,
1316 1451 1450 1492 cum
1483 1433 1617 1493 aliis
1658 1441 1886 1513 septem
1921 1452 2035 1496 ne-

395 1533 571 1595 quam
603 1517 933 1597 spiritibus.
967 1520 1041 1580 Et
1070 1519 1150 1580 ita
1187 1520 1290 1581 ille
1322 1520 1476 1583 alius
1509 1522 1750 1583 fratrem
1784 1542 1899 1583 una
1936 1541 2036 1585 se-

397 1623 531 1665 cum
559 1605 813 1669 stadium
843 1606 1178 1685 ingressum
1207 1617 1433 1671 tantum
1460 1611 1893 1690 antegreditur,
1936 1620 2038 1673 aut

396 1692 602 1767 vincit,
636 1703 919 1775 quantum
950 1696 1049 1776 qui
1080 1696 1258 1773 liber,
1293 1717 1362 1759 ac
1390 1698 1619 1760 solutus
1664 1700 1873 1777 currit,
1903 1701 2036 1761 vin-

2126 553 2613 627 praeparatorum,
2663 565 2733 607 ac
2770 546 3166 627 repositorum
3203 546 3569 608 desiderium
3596 546 3769 625 inge-

2124 644 2313 696 nerat.
2351 637 2490 697 Haec
2515 635 2791 697 universa
2820 654 2954 696 cum
2984 636 3280 716 lacrymis,
3314 635 3404 696 vel
3436 635 3633 716 potius
3667 652 3774 715 per

2126 723 2414 804 lacrymas
2459 724 2693 785 divinus
2742 725 3223 805 compunctionis
3268 724 3424 803 ignis
3464 733 3767 803 operatur.

2122 810 2363 895 Absque
2394 811 2668 892 lacrymis
2697 820 2919 887 autem,
2940 820 3004 873 ut
3027 812 3286 874 diximus
3312 813 3458 892 (lli),
3485 811 3631 872 nihil
3656 811 3770 873 ho-

2121 916 2253 958 rum
2286 908 2383 959 aut
2415 898 2475 958 in
2506 898 2676 960 nobis
2706 899 2879 977 ipsis,
2903 900 3084 961 autin
3101 900 3233 961 aliis
3262 917 3523 980 unquam
3546 899 3767 962 factum

2124 993 2234 1060 est,
2272 1004 2468 1067 neque
2518 987 2640 1047 fiet.
2686 985 2808 1049 Nec
2857 987 3018 1049 enim
3067 1007 3137 1050 ex
3184 987 3404 1050 divinis
3448 986 3773 1067 Scripturis

2122 1074 2434 1155 quisquam
2482 1074 2775 1155 probabit,
2820 1077 2967 1137 citra
2999 1078 3318 1157 lacrymas,
3352 1076 3769 1156 compunctio-

2124 1182 2379 1244 nemque
2395 1172 2745 1244 perpetuam
2758 1165 3077 1247 aliquando
3097 1165 3436 1247 quempiam
3456 1172 3766 1245 purgatum

2124 1252 2332 1329 fuisse,
2382 1264 2480 1314 aut
2520 1253 2894 1317 sanctitatem
2941 1256 3268 1331 invenisse,
3321 1262 3421 1315 aut
3476 1252 3767 1334 Spiritum

2121 1348 2390 1402 sanctum
2437 1341 2765 1422 accepisse,
2806 1352 2905 1404 aut
2945 1343 3131 1405 Deum
3174 1343 3421 1415 vidisse,
3464 1350 3565 1402 aut
3610 1341 3671 1402 in
3704 1357 3770 1402 se
3845 1351 3851 1357 '

2118 1428 2486 1492 habitantem
2516 1431 2797 1507 sensisse,
2836 1441 2938 1494 aut
2979 1433 3222 1494 omnino
3264 1430 3579 1511 aliquando
3608 1430 3768 1490 hunc

2119 1518 2317 1579 cordis
2365 1518 2626 1580 incolam
2688 1520 2995 1602 habuisse,
3048 1520 3441 1601 poenitentia,
3496 1520 3766 1599 inquam,

2118 1608 2700 1689 compunctioneque
2758 1629 2877 1670 non
2930 1613 3332 1691 praecedente,
3396 1616 3451 1669 et
3508 1607 3680 1688 quasi
3731 1626 3767 1668 a

2118 1696 2280 1758 fonte
2310 1716 2552 1779 semper
2587 1698 2953 1760 scatentibus
2980 1698 3220 1760 assiduo
3241 1696 3521 1778 lacrymis
3544 1717 3560 1773 ;
3582 1697 3764 1757 inun-

399 1782 550 1844 culis
575 1791 634 1846 et
664 1784 1051 1865 compedibus
1097 1786 1308 1849 ferreis
1352 1788 1706 1868 impeditum
1750 1799 1991 1869 superat
2018 1808 2031 1853 :
2058 1785 2398 1873 Bdantibus
2474 1788 2755 1849 nimirum
2781 1837 2797 1869 ,
2862 1788 3320 1868 eluentibusque
3394 1785 3763 1847 domicilium

396 1881 457 1933 at
485 1871 597 1935 iste
626 1872 834 1948 victus,
884 1874 946 1936 in
1000 1877 1170 1937 malis
1220 1877 1544 1957 prioribus,
1577 1887 1676 1940 aut
1700 1879 2037 1941 derioribus

400 1961 578 2023 etiam
609 1973 937 2043 permanet,
959 1966 1168 2027 nolens
1189 1966 1251 2026 in
1274 1967 1671 2048 deposcendis
1688 1969 1805 2030 sibi
1826 1977 2036 2050 sponte

398 2056 629 2118 virtutis
660 2058 1107 2135 certaminibus,
1141 2060 1404 2122 facinora
1423 2060 1577 2124 bona
1607 2063 1824 2125 facere.

477 2144 730 2222 Idcirco,
765 2154 829 2208 ut
858 2166 1039 2228 supra
1068 2148 1268 2229 docui,
1301 2158 1360 2211 et
1406 2152 1718 2231 Scriptura
1760 2151 2042 2213 divinitus

398 2234 684 2315 inspirata
714 2236 931 2315 passim
971 2244 1219 2298 testatur
1248 2238 1469 2300 fructus
1490 2240 1762 2316 actionis,
1797 2251 1856 2302 et
1885 2242 2040 2303 fruc-

396 2332 562 2386 tuum
596 2325 992 2403 conciliatrix,
1026 2326 1146 2388 imo
1176 2345 1314 2390 vero
1359 2329 1625 2391 effectrix
1674 2349 1743 2391 ac
1793 2348 2035 2410 parens,

396 2411 816 2499 etfabricatrix
843 2414 1123 2475 virtutum
1169 2416 1438 2478 omnium
1487 2419 1872 2499 compunctio
1921 2426 2032 2480 est.

393 2498 653 2562 Proinde
701 2502 802 2580 qui
848 2502 1193 2566 affectiones
1237 2504 1503 2567 turbidas
1543 2517 1877 2586 amputare,
1937 2516 2038 2568 aut

392 2588 639 2650 virtutes
670 2591 976 2670 possidere
1005 2593 1189 2673 cupit,
1215 2594 1368 2656 hanc
1392 2614 1511 2674 prae
1531 2595 1706 2659 bonis
1730 2595 2031 2671 omnibus,

395 2684 455 2740 et
482 2696 617 2739 cum
650 2679 962 2740 virtutibus
993 2682 1272 2743 omnibus
1303 2684 1622 2763 diligenter
1662 2694 2037 2747 consectetur

392 2783 643 2828 necesse
674 2775 784 2842 est,
821 2768 950 2830 sine
981 2788 1095 2850 qua
1124 2771 1383 2832 animam
1416 2792 1582 2835 suam
1600 2774 1754 2834 haud
1779 2792 2038 2854 unquam

393 2874 601 2937 puram
627 2856 975 2934 intuebitur,
1013 2867 1192 2940 atque
1220 2859 1303 2920 ita
1335 2861 1513 2922 etiam
1561 2861 1827 2942 corporis
1872 2864 2038 2942 puri-

395 2952 573 3033 tatem
607 2946 952 3026 neutiquam
983 2948 1270 3028 acquiret.
1289 2947 1431 3011 Sine
1452 2968 1605 3031 aqua
1623 2950 1918 3033 siquidem
1943 2969 2038 3013 ve-

393 3032 737 3095 stimentum
776 3044 1233 3115 conspurcatum
1275 3037 1516 3099 abluere
1565 3057 1683 3100 non
1732 3038 1944 3100 datur:
1977 3048 2039 3101 et

2120 1875 2353 1952 animae,
2377 1893 2630 1957 eamque
2668 1876 2741 1937 ab
2784 1877 2927 1957 igne
2968 1882 3273 1938 inaccesso
3297 1885 3669 1955 occupatam,
3705 1881 3764 1936 et

2118 1963 2430 2025 ardentem
2464 1963 2859 2027 irrorantibus
2888 1984 2957 2027 ac
2980 1963 3492 2043 refrigerantibus.

2199 2050 2309 2123 Qui
2342 2052 2519 2131 igitur
2547 2060 2858 2115 autumant
2902 2055 3032 2115 dies
3080 2073 3149 2115 ac
3198 2061 3404 2115 noctes
3455 2052 3599 2114 ﬂere
3640 2069 3762 2112 non

2123 2156 2255 2200 esse
2277 2140 2585 2220 possibile,
2621 2142 2852 2222 seipsos
2886 2143 3048 2204 omni
3085 2144 3299 2204 virtute
3338 2141 3590 2202 nudatos
3619 2157 3764 2219 pro-

2123 2227 2292 2291 dunt.
2316 2230 2378 2292 Si
2411 2231 2569 2291 enim
2601 2241 2785 2292 sancti
2817 2230 3023 2293 Patres
3054 2232 3240 2293 nostri
3268 2232 3346 2292 ita
3386 2236 3762 2310 asserueunt,

2122 2316 2538 2400 dixeruntque,
2586 2320 2689 2400 qui
2740 2321 2863 2381 vult
2923 2319 3375 2401 pertubationes
3430 2327 3765 2397 amputare,

2118 2406 2262 2466 ﬂetu
2286 2424 2387 2467 eas
2418 2415 2704 2488 amputat,
2734 2417 2791 2469 et
2820 2409 2918 2489 qui
2953 2408 3074 2469 vult
3102 2426 3453 2487 comparare
3494 2408 3762 2481 virtutes,

2119 2494 2263 2555 ﬂetu
2291 2513 2391 2554 eas
2417 2506 2742 2575 comparat,
2769 2496 3149 2557 manifestum
3184 2504 3294 2571 est,
3330 2495 3435 2575 qui
3467 2512 3586 2554 non
3612 2512 3765 2573 quo-

2119 2580 2261 2643 tidie
2291 2581 2484 2644 fundit
2522 2583 2811 2664 lacrymas
2864 2603 3000 2647 eum
3045 2602 3241 2665 neque
3284 2584 3768 2662 perturbationes

2121 2679 2450 2750 amputare,
2485 2691 2679 2753 neque
2701 2673 2946 2734 virtutes
2968 2674 3153 2754 probe
3173 2672 3512 2753 acquirere,
3536 2670 3767 2732 etiamsi

2121 2760 2192 2820 ad
2226 2778 2467 2839 operam
2500 2780 2566 2822 se
2606 2763 2750 2824 dare
2780 2762 3127 2823 arbitretur.
3161 2760 3314 2833 Quid
3346 2779 3624 2840 namque,
3658 2778 3761 2821 oro

2123 2855 2203 2929 te,
2245 2854 2642 2912 inStrumenta
2679 2852 2823 2912 artis
2867 2853 3229 2927 conducunt,
3275 2849 3326 2910 si
3380 2851 3585 2910 artifex
3640 2865 3761 2908 non

2119 2938 2296 3015 adsit,
2346 2940 2449 3019 qui
2492 2940 2803 3001 materiam
2853 2948 3130 3016 tractare,
3183 2948 3243 3001 et
3286 2955 3361 3000 ex
3391 2956 3459 2999 ea
3488 2956 3585 2999 vas
3617 2935 3754 2997 ido-

2120 3044 2299 3090 neum
2331 3028 2627 3091 conficere
2660 3028 2870 3090 novit?
2899 3028 2972 3090 Et
3000 3029 3144 3109 quid
3172 3027 3368 3089 alitori
3415 3025 3676 3106 prodest,
3706 3022 3753 3086 si

394 3122 525 3183 sine
554 3122 829 3203 lacrymis
849 3108 1049 3186 anima
1070 3126 1255 3203 ablui,
1288 3135 1465 3208 atque
1494 3146 1528 3188 a
1553 3126 1799 3189 maculis
1830 3128 2032 3209 inqui-
2054 3108 2094 3158 C
2118 3117 2357 3218 μοι’ῐυῐῐι
2391 3126 2576 3220 tolum
2608 3120 2935 3220 subegerit,
2967 3122 3324 3220 altarumque
3355 3134 3530 3217 011.1119
3571 3134 3760 3197 εθιιιιε

392 3211 805 3291 namentisque
829 3213 1065 3293 purgari
1091 3215 1271 3276 multo
1316 3216 1513 3277 minus
1544 3223 1759 3296 potest.
1784 3215 1871 3278 Ne
1902 3207 2032 3277 ina-

2120 3207 2177 3268 in
2206 3227 2276 3270 eo
2305 3208 2709 3284 seminaverit,
2757 3222 2933 3291 atque
2981 3210 3354 3290 plantaverit,
3389 3207 3444 3270 si
3485 3225 3667 3307 super
3696 3225 3766 3268 ea

393 3316 527 3374 nes,
555 3299 887 3380 animaeque
911 3302 1138 3378 noxias,
1172 3303 1318 3380 sive,
1352 3311 1414 3364 ut
1442 3305 1638 3365 verius
1677 3304 1892 3375 dicam,
1922 3324 2032 3385 pe-
2116 3296 2488 3397 CtBlOﬂimlier
2510 3300 3207 3397 ‘np'n‘descenderitlaut
3243 3298 3294 3359 si
3336 3297 3763 3397 aquairrigata

395 3388 554 3450 nitus
583 3388 781 3464 falsas,
815 3398 873 3451 et
901 3391 1177 3454 exitiosas
1208 3394 1624 3456 excusationes
1654 3412 2029 3458 excusemus:
2116 3402 2235 3485 ηρῐι
2266 3385 2718 3485 ίίᾗθΐίηὶιῖεΝίῘιίΙ
2749 3406 3015 3468 PI‘OI‘SUS-
3052 3387 3146 3449 Sic
3176 3404 3374 3485 neque
3403 3389 3503 3483 qu}
3532 3385 3602 3485 ίιξ
3628 3385 3763 3485 aliis

392 3476 496 3537 sed
529 3478 679 3571 hanc
720 3478 996 3541 virtutum
1027 3485 1291 3560 reginam
1326 3490 1444 3543 toto
1478 3491 1719 3563 pectore
1749 3482 2030 3560 exquira-
2115 3473 2432 3571 virtutibus
2452 3474 2741 3571 elaborat,
2766 3494 2986 3571 easque
3008 3478 3412 3557 persequitur,
3438 3474 3566 3571 sine
3587 3473 3761 3534 beata

392 3583 545 3626 mus.
572 3564 683 3638 Qui
717 3568 875 3629 enim
899 3568 958 3629 id
996 3578 1116 3633 toto
1141 3571 1341 3632 animo
1373 3562 1530 3648 facit,
1564 3571 1731 3632 illam
1763 3572 1989 3633 invenit
2020 3590 2034 3634 :

2120 3562 2241 3639 illa,
2279 3572 2338 3625 et
2366 3572 2572 3626 sancta
2623 3565 2885 3643 domina,
2916 3567 3311 3643 virtutumque
3356 3562 3623 3661 omnium
3654 3579 3756 3660 ar—

391 3654 484 3715 vel
507 3655 700 3734 potius
721 3656 852 3737 ipsa
879 3659 1196 3738 accedens,
1227 3680 1292 3722 se
1322 3679 1455 3722 cum
1487 3659 1692 3722 labore
1722 3661 2035 3742 requiren-
2118 3654 2378 3716 chilecta
2407 3654 2593 3749 ullum
2629 3673 2826 3749 operae
2856 3655 3110 3749 pretium
3139 3654 3333 3715 faciet.
3368 3653 3443 3712 Ut
3473 3653 3630 3749 enim
3649 3653 3759 3710 im-

391 3751 509 3806 tem
531 3742 789 3807 invenit:
823 3755 881 3807 et
910 3765 1014 3808 seu
1044 3766 1184 3826 aere,
1212 3767 1315 3810 seu
1344 3749 1527 3823 ferro,
1576 3767 1683 3812 seu
1720 3750 2035 3813 adamante
2119 3752 2359 3839 perator
2382 3745 2513 3806 sine
2545 3747 2810 3807 exercitu
2859 3764 2965 3839 suo
3011 3745 3289 3806 infirmus
3320 3748 3449 3839 est,
3469 3748 3528 3801 et
3553 3742 3615 3799 in
3645 3757 3756 3839 cu-

390 3850 495 3893 cor
517 3833 725 3895 durius
755 3834 1049 3917 habuerit,
1084 3838 1262 3899 simul
1283 3846 1459 3919 atque
1481 3839 1813 3915 advenerit,
1833 3838 2035 3919 quavis
2110 3832 2299 3911 jUSViS
2359 3841 2715 3930 pole§latem
2764 3834 2971 3930 venire
3018 3841 3229 3930 pqleSl,
3279 3832 3762 3930 necuimpéralqr

388 3939 525 3982 cera
553 3922 698 3983 illud
733 3924 967 3986 mollius
987 3926 1206 3990 reddit.
1236 3931 1337 3991 Est
1360 3927 1517 3988 enim
1539 3927 1774 3989 divinus
1795 3927 2033 4007 quidam
2115 3931 2378 4019 apparet,
2413 3923 2522 4019 sed
2553 3931 2912 4019 caeterorum
2938 3923 3250 3985 hominum
3274 3919 3486 4019 similis
3516 3926 3646 3980 est:
3670 3919 3762 4019 sic

388 4010 607 4088 ingnis,
633 4020 864 4075 montes
895 4023 953 4075 et
982 4024 1179 4096 petras
1202 4016 1529 4093 resolvens,
1558 4028 1616 4077 et
1645 4018 2032 4097 complanans
2113 4011 2375 4073 vicissim
2406 4012 2689 4109 frequens
2720 4012 3037 4109 exercitus,
3080 4017 3382 4109 ettcastra
3431 4010 3759 4109 imperato-

390 4102 613 4174 omnia,
638 4108 697 4162 et
719 4102 779 4163 in
796 4100 999 4165 hortos
1028 4113 1427 4182 commutans,
1459 4096 1809 4185 animasque
1832 4105 2030 4186 ipsum

2120 4117 2203 4180 re,
2252 4107 2352 4161 aut
2390 4118 2624 4163 summo
2654 4100 2806 4162 duce
2851 4119 2957 4162 suo
3004 4098 3305 4194 destituta,
3357 4096 3472 4194 levi
3524 4096 3762 4194 negotio

387 4189 783 4270 suscipientes
839 4193 985 4255 alias
1034 4214 1210 4275 quam
1249 4203 1418 4257 erant
1463 4182 1758 4258 efﬁciens.
1793 4182 1937 4257 Nam
1969 4195 2033 4256 in
2114 4187 2502 4287 dissipantur,
2543 4188 2937 4287 delenturque
2978 4187 3057 4287 ab.
3103 4184 3479 4287 adversariis.
3530 4182 3757 4281 Eodem

388 4276 587 4340 medio
619 4297 824 4341 earum
856 4284 923 4342 fit
954 4271 1110 4359 fons,
1142 4284 1302 4346 unde
1331 4302 1482 4366 aqua
1500 4284 1631 4345 vitae
1662 4302 1902 4364 semper
1930 4302 2031 4346 sa-
2117 4276 2295 4366 modo
2335 4277 2561 4366 Luctum
2610 4277 2683 4338 ad
2716 4278 2978 4358 reliquas
3007 4271 3511 4366 virtuteshabere
3536 4290 3601 4333 se
3630 4271 3759 4332 exi-

388 4362 565 4440 liens,
595 4374 653 4429 et
683 4368 948 4431 emicans
978 4390 1076 4433 eas
1105 4372 1265 4453 large
1316 4362 1544 4454 irriget,
1594 4380 1652 4435 et
1695 4362 1970 4454 tanquam
2000 4391 2034 4435 a
2054 4364 2866 4470 D_Slima..Exerci'tumIenim
2888 4367 2952 4427 in
2974 4383 3157 4426 unum
3189 4362 3527 4470 collectum,
3553 4377 3765 4470 omnes

386 4468 526 4542 vase
552 4453 615 4542 in
645 4472 748 4516 eos
777 4458 878 4536 qui
914 4476 1119 4538 prope,
1174 4469 1235 4522 et
1276 4481 1378 4523 eos
1424 4453 1535 4542 qui
1572 4461 1746 4540 longe
1784 4453 2028 4538 defluat,

388 4540 745 4631 abundeque
774 4544 1018 4625 impleat
1044 4549 1295 4624 animas,
1330 4540 1461 4631 quae
1489 4568 1655 4612 sacra
1697 4550 1872 4612 verba
1894 4569 2029 4612 cum

388 4629 509 4720 ﬁde
553 4632 905 4713 suscipiunt.
944 4634 1102 4698 Eluit
1145 4638 1304 4699 enim
1348 4629 1540 4719 primo
1589 4638 1753 4701 labes
1797 4655 2030 4720 eorum,

390 4717 492 4798 qui
522 4737 587 4780 se
619 4720 1111 4801 inquinaverunt:
1142 4717 1510 4806 postea—vitio
1539 4726 1863 4807 implicitas
1885 4717 2030 4789 alie-‘-

387 4808 619 4870 ctiones
649 4830 765 4872 una
797 4812 961 4888 eluit,
995 4833 1064 4875 ac
1095 4816 1387 4895 proffigat,
1423 4835 1524 4877 eas
1568 4835 1678 4877 ceu
1721 4819 2028 4878 vulnerum

388 4906 621 4960 crustas
645 4898 1020 4979 abstrahens,
1058 4912 1197 4983 puta
1229 4904 1575 4984 nequitiam,
1612 4904 1917 4982 invidiam,
1941 4924 2027 4967 va-

388 5005 524 5049 nam
557 4988 828 5067 gloriam,
860 4999 918 5052 et
950 5000 1163 5054 caetera
1199 4993 1398 5055 omnia
1450 5012 1583 5074 quae
1621 4993 1753 5056 illas
1808 5012 2023 5057 conse-

386 5086 669 5156 quuntur.
696 5082 823 5143 Nec
852 5080 910 5141 id
942 5080 1159 5156 solum,
1192 5082 1297 5144 sed
1323 5082 1500 5144 etiam
1525 5091 1588 5144 ut
1615 5083 1853 5144 ﬂamma
1873 5103 2025 5164 quaa-

385 5166 521 5228 dam
552 5165 843 5244 ambiens,
879 5169 1101 5232 sensim
1126 5188 1229 5233 eas
1249 5170 1469 5247 abolet,
1504 5180 1563 5234 et
1591 5171 1654 5233 in
1684 5172 1863 5234 horas
1902 5173 2025 5235 vel-

385 5254 472 5316 uti
515 5255 719 5336 spinas
771 5259 986 5337 exurit,
1037 5268 1215 5340 atque
1260 5263 1558 5323 consumit
1610 5282 1623 5321 :
1680 5278 1811 5341 quae
1850 5260 2027 5324 etiam

385 5342 644 5424 primum
664 5344 905 5427 quidem
928 5349 1212 5428 perfectae
1231 5351 1408 5431 hujus
1442 5350 1734 5413 libertatis
1764 5359 1824 5414 et
1860 5354 2027 5434 puri-

2115 4452 2460 4533 isagogicas,
2505 4472 2573 4516 ac
2620 4454 2802 4516 veluti
2848 4451 3281 4535 praecursorius
3323 4450 3569 4511 virtutes
3626 4466 3760 4510 esse

2113 4542 2306 4623 cogita
2343 4560 2357 4605 :
2415 4543 2863 4635 imperatorem,
2897 4550 2957 4604 et
3001 4542 3217 4603 ducem
3263 4539 3474 4601 harum
3528 4536 3763 4635 beatum

2112 4631 2280 4693 illum
2312 4632 2557 4705 luctum,
2579 4639 2638 4694 et
2666 4632 2992 4713 ploratum,
3048 4648 3154 4712 per
3200 4646 3379 4709 quem
3412 4635 3549 4688 totae
3577 4631 3764 4706 copia;

2114 4719 2176 4781 in
2239 4721 2429 4783 aciem
2488 4721 2866 4802 digeruntur,
2902 4730 2960 4782 et
2989 4720 3365 4793 ordinantur,
3410 4716 3762 4795 incitantur,

2113 4809 2605 4892 corroborantur,
2649 4820 2709 4872 et
2739 4829 2905 4872 arma
2934 4828 3150 4890 capere
3184 4807 3309 4881 ubi,
3340 4804 3669 4885 quomodo,
3705 4815 3765 4865 et

2115 4900 2375 4980 quando,
2407 4907 2467 4961 et
2489 4918 2644 4979 quae,
2692 4908 2753 4961 et
2798 4901 2859 4960 in
2903 4917 3107 4980 quem,
3160 4906 3219 4959 et
3266 4894 3605 4973 cujusmodi
3653 4894 3761 4955 ad-

2110 4988 2462 5069 versarium,
2513 4998 2571 5049 et
2612 5007 2730 5070 qua
2769 4996 3095 5065 occasione
3116 4993 3407 5068 oporteat,
3440 4992 3603 5045 certa
3630 4984 3766 5063 lege

2111 5078 2424 5142 docentur.
2477 5077 2589 5151 Qui
2638 5087 2934 5160 praeterea
2998 5075 3278 5139 mittendi
3333 5074 3760 5157 speculatores,

2110 5168 2318 5248 quales
2364 5168 2800 5230 constituendae
2851 5167 3141 5248 excubiae,
3201 5165 3368 5248 quid,
3418 5173 3478 5227 et
3524 5165 3760 5246 quando

2104 5259 2598 5338 respondendum
2641 5259 2903 5321 hostium
2937 5258 3167 5340 legatis.
3214 5259 3378 5320 Licet
3423 5256 3585 5319 enim
3633 5256 3761 5319 solo

2111 5350 2287 5414 affatu
2318 5369 2528 5415 omnes
2557 5371 2660 5416 eos
2686 5349 2749 5411 in
2771 5352 2971 5430 fugam
2990 5358 3246 5413 vertere.
3279 5348 3587 5412 Interdum
3606 5364 3681 5408 ne
3699 5346 3765 5409 in

467 5526 607 5615 (16)Δ
634 5524 788 5589 Vide
835 5526 1053 5593 Adnot.
1102 5530 1168 5592 in
1210 5537 1364 5593 orat.
1417 5529 1519 5596 30.
1568 5530 1736 5594 Hanc
1786 5528 2083 5599 Simeonis
2133 5530 2621 5615 disputationem,
2676 5541 2777 5598 aut
2821 5538 2994 5598 caute
3040 5529 3195 5608 lege,
3243 5539 3345 5595 aut
3371 5527 3634 5609 benigne
3664 5528 3762 5590 in-

385 5612 740 5688 terpretare.
