4112 6106
423 187 535 253 491

423 413 620 475 lavare
664 411 912 492 singulis
942 410 1216 474 noctibus
1262 411 1477 474 lectum
1511 430 1708 488 suum,
1743 419 1846 472 aut
1874 413 2066 492 lacry-

425 502 539 564 mis
566 502 759 581 rigare
789 510 1034 564 stratum
1064 520 1235 563 suum
1268 500 1536 582 poterit?
1567 499 1721 562 Sane
1771 519 2066 580 nunquam

423 592 666 672 poterit.
717 591 848 654 Non
895 592 1088 653 solum
1139 592 1264 652 haec
1306 593 1363 652 in
1394 609 1458 651 se
1488 590 1640 652 facta
1672 608 1791 650 non
1822 589 2063 666 videbit,

424 681 529 744 setl
562 700 671 744 nec
702 681 762 742 in
795 679 1072 760 precibus
1092 679 1215 740 suis
1239 697 1307 741 ea
1337 678 1622 752 inveniet,
1657 695 1850 758 neque
1871 679 2066 740 locum

424 772 703 846 Domino,
765 788 959 850 neque
1007 768 1454 831 tabernaculum
1505 768 1751 846 dignum
1801 769 1922 829 Deo
1969 769 2071 828 Ja-

425 860 560 939 cob,
594 860 695 942 qui
728 868 817 922 est
845 859 1114 921 Christus
1163 857 1475 930 Dominus,
1512 854 1782 918 Salvator
1815 865 1874 918 et
1917 854 2075 918 Deus

424 957 652 1022 noster,
705 946 1146 1027 praeparaverit.
1198 945 1364 1018 Quod
1397 944 1512 1006 nisi
1541 945 1666 1006 haec
1707 947 1870 1024 prius
1918 944 2072 1006 bene

425 1036 805 1120 prwparabit,
855 1053 1051 1115 neque
1095 1054 1226 1096 cum
1277 1033 1553 1114 lacrymis
1606 1033 1838 1095 scilicet
1876 1052 2072 1111 neque

425 1128 628 1208 digne,
663 1135 727 1188 ut
773 1143 879 1207 par
918 1132 1029 1199 est,
1063 1130 1401 1186 consortem
1431 1141 1500 1184 ac
1531 1122 1756 1183 socium
1788 1125 1975 1183 Deum
2005 1142 2073 1184 ac

426 1235 632 1297 regem
661 1216 724 1277 in
755 1215 1020 1294 seipsum
1039 1213 1346 1293 suscipiet,
1372 1212 1604 1273 etiamsi
1625 1212 1812 1272 semel
1843 1219 2071 1274 tantum

424 1308 486 1369 in
517 1325 671 1369 anno
701 1307 816 1367 hoc
846 1304 1039 1366 faciat.
1073 1303 1304 1366 Sancta
1325 1303 1551 1364 sanctis
1571 1300 1838 1380 quotidie
1861 1300 1920 1362 hi
1946 1301 2074 1382 qui-

425 1397 562 1458 dem
592 1395 818 1470 dicunt,
854 1401 912 1454 et
943 1392 1044 1454 alii
1074 1392 1190 1452 alta
1221 1410 1362 1452 voce
1393 1393 1696 1470 occinunt,
1726 1393 1950 1450 utinam
1971 1409 2072 1450 au-

425 1496 544 1548 tem
576 1493 636 1548 et
663 1484 904 1546 sibimet
928 1481 1296 1544 occinerent.
1326 1479 1443 1542 Alii
1474 1498 1611 1540 vero
1640 1478 1908 1540 dicentes
1939 1479 2073 1540 illos

1709 187 2016 253 SYMEON
2025 189 2094 251 IS
2135 189 2486 253 JUNIORIS

426 326 571 387 ﬁetu
601 325 844 400 miscet;
873 320 1172 404 quomodo
1197 321 1251 384 is
1278 341 1561 404 unquam,
1583 321 1794 383 fratres
1814 322 1952 399 mei,
1977 329 2078 384 aut
2098 330 2140 379 Α
2159 323 2604 385 contribulatus
2650 344 2668 384 :

3678 185 3798 253 492

2715 343 2821 386 cor
2876 329 3207 389 contritum
3263 334 3318 389 et
3378 325 3796 402 humiliatum,

2153 412 2333 492 Deus,
2365 431 2488 474 non
2515 413 2799 494 despicies
2821 415 2903 476 70.
2935 415 3008 476 Et
3036 425 3224 479 recte.
3251 416 3465 477 Anima
3483 415 3644 477 enim
3666 432 3799 474 nos-

2151 506 2243 560 tra
2273 500 2333 561 in
2364 501 2466 561 tali
2492 501 2693 564 habitu
2727 505 3064 578 constituta,
3100 513 3156 565 et
3183 505 3263 566 ita
3293 503 3605 569 humiliata
3637 499 3793 564 assi-

2151 587 2289 663 due,
2339 608 2449 651 nec
2490 609 2672 651 unum
2731 611 2988 672 unquam
3039 594 3194 656 diem
3245 593 3468 674 absque
3510 589 3799 670 lacrymis

2151 676 2348 755 exigit,
2403 680 2731 742 secundum
2781 680 2928 742 illud
2981 680 3322 744 Davidicum
3360 702 3372 744 :
3410 679 3647 743 Lavabo
3693 697 3799 758 per

2154 765 2429 843 singulas
2481 776 2681 832 noctes
2736 770 2953 832 lectum
3019 788 3239 846 meum,
3304 771 3593 851 lacrgmis
3653 768 3801 830 meis

2153 861 2414 917 stratum
2444 875 2640 919 meum
2669 859 2880 937 rigabo
2909 860 2988 922 Ἡ.

2238 944 2528 1016 Quocirca
2569 965 2667 1008 vos
2712 967 2879 1027 rogo,
2916 953 3119 1010 Patres
3153 957 3209 1009 et
3241 951 3477 1012 Fratres
3527 947 3671 1020 mei,
3706 964 3790 1006 se-

2155 1029 2293 1093 dulo
2325 1032 2574 1114 quilibet
2600 1036 2856 1097 animam
2889 1057 3055 1099 suam
3080 1038 3139 1098 in
3170 1037 3262 1099 his
3295 1045 3352 1097 et
3381 1035 3593 1098 talibus
3622 1033 3802 1095 rebus

2157 1131 2451 1195 exerceat,
2503 1143 2631 1203 quae
2679 1133 3034 1205 compuncta
3081 1133 3136 1188 et
3182 1125 3459 1206 paulatim
3492 1127 3802 1185 immutata

2155 1209 2287 1269 fons
2315 1210 2585 1288 efﬁcitur,
2620 1212 3010 1292 lacrymarum
3040 1224 3098 1276 et
3126 1213 3802 1294 compunclionisﬁuen-

2156 1307 2214 1358 ta
2245 1300 2597 1362 scaturiens.
2629 1301 2698 1362 Ni
2729 1302 2809 1362 ita
2861 1303 2994 1384 puri
3043 1304 3295 1366 evadere
3340 1301 3795 1372 contendemus,

2154 1387 2258 1448 sed
2289 1388 2349 1449 in
2383 1389 2786 1466 dissolutione,
2822 1393 3071 1471 segnitie
3120 1407 3180 1455 et
3227 1402 3463 1455 tumore
3501 1389 3799 1471 superbiae

2157 1495 2404 1556 pergere
2421 1479 2802 1556 voluerimus,
2825 1482 3102 1561 equidem
3120 1483 3270 1543 nihil
3289 1481 3548 1543 odiosius
3571 1479 3795 1550 dicam,

425 1574 664 1637 auditis.
715 1571 869 1645 Quid
924 1569 1114 1650 ergo?
1155 1572 1254 1647 qui
1307 1576 1543 1630 sanctus
1585 1585 1703 1629 non
1753 1575 1861 1643 est,
1896 1572 2072 1628 etiam
2157 1580 2410 1641 parcens
2440 1567 2706 1630 charitati
2737 1577 2968 1644 vestrae,
3020 1571 3132 1630 nisi
3179 1571 3317 1650 hoc,
3366 1567 3524 1650 quod
3563 1567 3800 1629 etiamsi

423 1663 712 1743 indignus
757 1659 892 1722 est?
943 1658 1189 1720 minime
1220 1679 1233 1720 :
1268 1657 1370 1718 sed
1413 1657 1516 1738 qui
1567 1675 1687 1717 non
1715 1656 1778 1717 in
1808 1656 2071 1735 singulos
2094 1658 2132 1707 B
2155 1653 2799 1743 contigeritaliquando
2814 1677 2948 1719 cum
2970 1658 3246 1738 lacrymis
3268 1659 3515 1720 fortasse
3536 1674 3800 1718 commu-

424 1741 815 1814 diesvocculta
861 1748 1057 1811 cordis
1086 1747 1178 1809 sui
1211 1746 1516 1808 enuntiat:
1551 1746 1652 1826 qui
1685 1764 1803 1806 non
1834 1746 2071 1824 dignam
2156 1741 2358 1802 nicare
2388 1745 2750 1822 quempiam,
2787 1755 2889 1807 aut
2917 1755 3053 1809 ante
3083 1747 3403 1827 liturgia'n,
3449 1755 3549 1806 aut
3577 1745 3636 1806 in
3668 1745 3798 1823 ipsa

426 1859 533 1922 pro
565 1840 683 1916 his,
717 1847 777 1900 et
807 1857 938 1919 quae
973 1837 1308 1914 ignorantia
1347 1836 1632 1916 peccavit,
1666 1834 2069 1915 paenitentiam

426 1929 566 2008 agit,
603 1928 706 2009 qui
731 1946 851 1987 non
883 1944 1123 2006 semper
1151 1925 1331 2002 luget,
1367 1932 1425 1986 et
1453 1924 1832 1986 contristatus
1864 1922 2070 2000 ingre-

427 2019 608 2093 ditur,
640 2024 697 2080 et
726 2035 861 2097 quae
891 2033 1069 2096 supra
1098 2014 1580 2089 memoravimus,
1610 2032 1745 2075 cum
1767 2012 2072 2092 diligentia

427 2127 548 2169 non
579 2113 984 2179 consectatur,
1011 2103 1110 2165 hic
1138 2102 1418 2182 indignus
1440 2111 1552 2167 est.
1579 2101 1691 2174 Qui
1721 2110 1917 2163 autem
1945 2103 2068 2163 haec

427 2203 664 2278 praestat
703 2195 999 2274 universa,
1031 2201 1090 2254 et
1118 2192 1180 2252 in
1209 2191 1528 2271 gemitibus
1576 2200 1750 2271 atque
1797 2191 2070 2270 lacrymis

425 2285 614 2366 spatia
641 2283 774 2344 vitae
804 2301 926 2343 suae
954 2281 1242 2356 decurrit,
1276 2280 1372 2342 hic
1404 2299 1522 2341 non
1546 2280 1606 2341 in
1631 2279 1727 2340 die
1748 2279 1898 2340 festo
1923 2279 2070 2340 dun-

426 2382 607 2450 taxat,
643 2372 748 2434 sed
790 2371 966 2434 etiam
1017 2368 1309 2451 quotidie,
1364 2368 1436 2430 ab
1487 2369 1638 2449 ipso,
1695 2367 1746 2428 si
1791 2367 1909 2427 dici
1956 2367 2063 2440 fas,

2154 1830 2350 1892 divina
2379 1833 2637 1912 liturgia,
2671 1843 2767 1895 aut
2798 1836 2859 1896 in
2889 1836 3016 1915 ipso
3043 1837 3293 1898 articulo
3326 1833 3796 1917 participationis

2154 1919 2482 1982 divinorum
2532 1926 2944 2002 mysteriorum
2991 1925 3274 2006 lacryntas
3317 1925 3609 1998 emittere,
3643 1923 3793 1984 reli—

2153 2027 2298 2089 quas
2326 2019 2518 2072 autem
2552 2012 2682 2073 dies
2703 2021 2759 2074 et
2784 2021 2988 2075 noctes
3020 2033 3135 2074 non
3159 2014 3420 2076 studebit
3447 2013 3607 2074 idem
3628 2013 3790 2074 face—

2152 2100 2419 2180 re,nulla
2442 2101 2496 2162 ei
2520 2121 2588 2163 ex
2638 2102 2818 2163 nnico
2865 2104 3006 2163 ﬂetu
3053 2103 3345 2166 constabit
3398 2102 3640 2164 utilitas.
3664 2100 3794 2162 Non

2151 2191 2309 2248 enim
2343 2191 2453 2252 hoc
2483 2191 2673 2252 solum
2706 2210 2812 2252 nos
2842 2191 3038 2252 statim
3068 2211 3322 2273 purgans
3343 2193 3555 2269 dignos
3577 2191 3791 2252 efﬁcit:

2151 2277 2256 2338 sed
2288 2278 2347 2340 in
2381 2280 2530 2355 dies,
2563 2289 2621 2340 et
2649 2281 2780 2342 sine
2802 2281 3130 2343 cessatione
3150 2300 3336 2362 usque
3359 2280 3428 2342 ad
3451 2298 3792 2360 supremam

2151 2366 2344 2428 lucem
2377 2368 2437 2429 in
2471 2369 2629 2431 luctu
2659 2372 2906 2446 versari,
2932 2370 3431 2450 quemadmodum
3466 2377 3529 2430 ut
3558 2370 3793 2431 facere-

427 2462 598 2524 initio
631 2459 995 2542 poenitentiae
1025 2475 1147 2519 suae
1177 2457 1704 2537 conversionisque
1732 2454 2068 2517 divinorum
2153 2474 2305 2530 mus,
2341 2456 2468 2537 ipse
2497 2458 2785 2519 Dominus
2818 2459 2989 2521 nobis
3022 2460 3334 2539 praecepit:
3360 2459 3795 2521 Pwnit‘entium

426 2553 676 2613 istorum
707 2549 1001 2630 particeps
1031 2545 1164 2608 ﬁeri
1198 2565 1485 2628 perquam
1511 2545 1724 2624 dignus
1753 2552 1862 2607 est.
1895 2547 2071 2606 Pater
2151 2545 2334 2626 agite,
2364 2546 2590 2626 inquit;
2631 2547 2843 2619 Petite,
2869 2555 3142 2628 quaerite,
3163 2550 3420 2628 pulsate.
3443 2547 3796 2628 Quousque?

426 2639 667 2721 quippe,
700 2639 860 2700 hunc
905 2636 966 2696 in
1004 2635 1120 2710 his,
1143 2643 1200 2696 et
1239 2634 1530 2696 similibus
1561 2632 1944 2721 operibusrad
1974 2651 2071 2694 ex-
2153 2633 2343 2695 donec
2372 2636 2700 2717 accipiatis,
2743 2638 2954 2718 inquit,
2986 2647 3047 2701 et
3077 2638 3414 2708 inveniatis,
3461 2646 3519 2700 et
3560 2637 3793 2718 aperia-

426 2720 682 2791 tremum
732 2743 918 2805 usque
957 2730 1494 2804 perseveraturum,
1543 2722 1604 2782 in
1653 2720 1983 2782 humilitate
2015 2729 2071 2782 et
2152 2730 2246 2785 tur
2275 2726 2462 2788 vobis.
2497 2725 2704 2798 Quid?
2749 2730 3019 2806 Regnum
3062 2728 3345 2789 caelorum
3390 2727 3613 2808 utique.
3648 2725 3787 2787 Haec

426 2817 787 2880 contritione
810 2815 1006 2876 cordis
1028 2813 1427 2875 incedentem.
1447 2815 1596 2875 Nam
1614 2811 1755 2872 dum
1781 2810 1861 2872 ita
1884 2829 1948 2871 se
1973 2829 2071 2888 ge-
2153 2812 2312 2874 enim
2345 2823 2433 2876 est
2465 2817 2829 2897 poenitentia,
2867 2825 2924 2880 et
2953 2819 3032 2878 ita
3078 2818 3302 2898 absque
3333 2820 3690 2888 cessasione,
3725 2824 3790 2876 ut

422 2907 524 2996 rit,
547 2905 746 2967 animo
771 2904 1102 2966 illustratur
1125 2909 1300 2982 atque
1327 2901 1385 2962 in
1411 2900 1541 2962 dies
1559 2899 1825 2996 singulos
1846 2918 1916 2961 ex
1940 2917 2068 2996 par-
2085 2947 2124 2996 ο
2150 2901 2511 2996 dicebamus,
2549 2925 2736 2986 usque
2766 2906 2837 2966 ad
2873 2915 3119 2968 mortem
3153 2926 3286 2969 cum
3335 2906 3552 2974 labore.
3591 2915 3649 2967 et
3676 2905 3785 2966 tri-

421 2995 764 3076 ticipatione
785 3000 1122 3055 sanctorum
1156 3009 1332 3072 opem
1355 2999 1414 3052 et
1441 2988 1724 3051 auxilium
1756 2987 2067 3068 consequi-
2089 2986 2123 2996 “
2149 2986 2454 3051 bulatione
2483 3000 2908 3068 consummata,
2945 2993 3220 3074 paulatim
3255 2994 3390 3055 facit
3435 3011 3543 3054 nos
3590 2993 3785 3074 lacry-

423 3093 540 3165 tur,
574 3092 631 3146 et
659 3083 732 3146 ad
763 3082 1084 3163 perfectam
1138 3079 1476 3160 puritatem,
1512 3097 1580 3140 ac
1610 3076 2062 3139 sanctimoniam
2151 3095 2274 3138 mas
2304 3077 2478 3140 nobis
2527 3099 2756 3143 amaras
2786 3082 3060 3158 fundere,
3095 3103 3200 3163 per
3230 3101 3372 3164 quas
3410 3084 3624 3144 animat
3655 3101 3790 3144 sor-

425 3173 592 3234 brevi
621 3171 988 3254 provehitur.
1018 3169 1150 3231 Alio
1183 3169 1435 3249 quodam
1468 3167 1644 3228 modo
1687 3165 2061 3227 immundum
2148 3166 2276 3248 des,
2312 3174 2372 3231 et
2399 3169 2851 3250 inquinamenta
2897 3181 3105 3253 purgat
3135 3181 3194 3236 et
3222 3173 3525 3253 abstergit.
3579 3172 3793 3235 Postea

421 3280 522 3323 vas
567 3268 861 3336 nostrum,
914 3258 1341 3337 sordidumque
1375 3256 1743 3317 domicilium
1781 3254 1960 3329 ablui,
1997 3273 2065 3314 ac

422 3349 739 3432 perpugari
793 3348 1024 3428 nequit.
1070 3346 1343 3426 Amplius
1387 3345 1608 3426 aliquid
1668 3362 1776 3421 ego
1827 3343 2065 3424 quidem

422 3457 620 3521 neque
650 3457 682 3500 e
712 3437 928 3499 divinis
946 3435 1269 3516 Scripturis
1289 3435 1491 3507 didici,
1511 3441 1910 3514 nequelmarte
1932 3450 2066 3492 meo

420 3529 691 3591 invenire
713 3545 780 3588 ac
803 3525 1146 3607 perSpicere
1193 3523 1376 3604 potui.
1414 3522 1739 3584 Audiamus
1779 3521 1938 3583 enim
1970 3521 2066 3581 di-

2151 3275 2350 3334 puram
2387 3258 2557 3320 nobis
2579 3260 2983 3340 pcenitentiam
3009 3262 3240 3336 inserit,
3265 3270 3323 3324 et
3350 3280 3584 3324 amaras
3607 3263 3793 3343 lacry-

2153 3364 2279 3406 mas
2310 3347 2581 3409 dulcibus
2612 3357 2927 3431 permutat,
2958 3369 3404 3432 perennemque
3433 3351 3493 3412 in
3514 3349 3795 3412 cordibus

2151 3435 2635 3498 nostrislaatitiam
2661 3438 2966 3512 excitat,et
2981 3439 3050 3500 ad
3072 3440 3385 3502 videndum
3401 3440 3603 3501 lumen
3624 3441 3792 3502 inac—

2151 3542 2384 3584 cessum
2413 3524 2580 3586 vobis
2611 3526 2763 3588 viam
2796 3536 2959 3608 parat
2991 3547 3005 3589 :
3041 3528 3197 3609 quod
3245 3527 3446 3588 lumen
3477 3528 3592 3588 nisi
3623 3529 3786 3588 omni

422 3627 657 3679 centem
690 3614 1038 3696 Apostolum
1078 3630 1091 3674 :
1136 3611 1361 3675 Probet
1403 3620 1607 3674 autem
1653 3615 2070 3690 unusquisque
2151 3613 2344 3674 studio
2377 3616 2834 3693 apprehendere
2863 3617 3219 3690 laboremus,
3252 3625 3444 3696 patres
3474 3623 3534 3676 et
3573 3616 3786 3676 fratres

419 3708 702 3786 seipsum,
732 3712 790 3766 et
809 3703 980 3765 sicde
997 3719 1158 3782 pane
1183 3700 1286 3763 illo
1306 3702 1470 3773 edat,
1490 3701 1635 3762 etde
1655 3700 1837 3761 calice
1878 3697 2060 3760 bibat.
2152 3702 2269 3762 mei
2295 3702 2650 3785 spirituales,
2684 3724 2988 3786 nunquam
3018 3704 3291 3766 omnibus
3319 3704 3784 3786 perturbationi-

422 3795 542 3871 Qui
560 3796 722 3857 enim
743 3793 992 3872 indigne
1008 3791 1335 3853 manducet
1357 3796 1412 3852 et
1438 3787 1927 3865 bibit,judicium
1947 3787 2068 3850 sibi
2149 3789 2258 3850 bus
2288 3790 2364 3851 ad
2397 3811 2655 3871 unguem
2689 3794 2929 3857 liberari
2952 3794 3298 3875 poterimus;
3331 3811 3636 3874 nunquam
3665 3812 3792 3854 om-

415 3877 1654 3959 manducatetbibit68.Rursumque:Qui
1679 3876 2065 3954 autem_indi-
2147 3896 2254 3940 nes
2282 3880 2525 3942 virtutes
2557 3882 3033 3962 comparabimus
3060 3904 3075 3958 ;
3122 3900 3422 3964 nunquam
3453 3881 3651 3961 digne,
3685 3891 3792 3944 aut

415 3992 534 4053 gne
555 3973 884 4036 manduca!
905 3988 1144 4052 corpus,
1168 3977 1222 4032 et
1245 3966 2060 4047 bibitsanguinemDomini,
2145 3986 2276 4028 cum
2333 3969 2605 4050 lacrymis
2651 3972 2980 4033 secundum
3045 3974 3230 4034 Deum
3281 3970 3544 4052 quotidie
3592 3971 3790 4032 divina

416 4081 557 4125 reus
579 4063 697 4124 erit
720 4063 984 4140 corporis
1006 4067 1063 4122 et
1092 4058 1413 4138 sanguinis
1445 4056 1716 4130 Domini,
1750 4073 1869 4116 non
1895 4055 2061 4132 diju-
2147 4057 2455 4136 percipere
2509 4059 2808 4137 mysteria,
2839 4071 2940 4120 aut
2969 4059 3126 4140 quod
3155 4060 3216 4120 in
3248 4059 3321 4120 iis
3352 4067 3462 4136 est,
3517 4058 3782 4122 divinum

415 4151 630 4214 dicens
651 4167 865 4230 corpus
895 4150 1141 4210 Domini
1154 4144 1414 4218 69.Quod
1433 4144 1506 4219 si,
1533 4144 1630 4224 qui
1648 4143 1858 4221 dignos
1878 4142 2062 4222 pmni-
2145 4146 2344 4206 lumen
2375 4148 2643 4227 aspicere
2676 4148 3024 4230 poterimus.
3060 4147 3174 4210 Sed
3217 4167 3409 4229 neque
3441 4166 3544 4210 cor
3573 4167 3786 4228 purum

416 4239 617 4301 tentia;
663 4240 892 4299 fructus
942 4256 1062 4298 non
1114 4234 1395 4308 ostendit,
1441 4243 1505 4294 ut
1552 4233 1832 4310 indignus
1883 4251 1916 4293 a
1946 4239 2065 4292 tota
2089 4313 2115 4317 _
2146 4254 2407 4314 unquam
2439 4235 2790 4298 habebimus
2823 4257 2836 4296 :
2872 4255 3066 4317 neque
3099 4236 3384 4316 Spiritum
3420 4246 3690 4299 sanctum
3726 4236 3787 4298 in

416 4327 619 4390 divina
649 4325 959 4406 Scriptura
989 4323 1388 4402 redarguitur,
1424 4322 1569 4383 cedo
1601 4321 1898 4401 quomodo
1931 4321 2061 4382 sine
2088 4313 2126 4362 ί)
2148 4313 2318 4382 nobis
2347 4323 2615 4385 habitare
2639 4313 3102 4403 cognoscemus:
3134 4313 3327 4404 neque
3359 4325 3522 4404 digni
3544 4326 3785 4405 judica-

415 4415 691 4497 lacrymis
721 4414 1035 4495 aliquando
1090 4412 1323 4494 purgari
1369 4411 1678 4492 quisquam
1731 4411 1968 4490 poterit,
2007 4417 2066 4471 et
2146 4410 2363 4487 bimur,
2390 4424 2454 4473 ut
2485 4414 2985 4494 quemadmodum
3016 4416 3225 4489 sancti,
3248 4414 3433 4476 Deum
3457 4415 3786 4489 videamus,

419 4523 525 4586 pro
568 4503 794 4566 viribus
837 4503 959 4564 suis
1009 4502 1188 4581 digne
1219 4500 1576 4582 participare
1607 4499 1934 4580 mysteria?
1962 4502 2067 4562 Hae
2149 4518 2260 4561 nec
2289 4501 2425 4562 dum
2461 4503 2554 4563 hic
2580 4521 2804 4578 sumus,
2840 4523 2949 4565 nec
2979 4503 3085 4579 ibi,
3112 4513 3174 4564 ut
3206 4503 3351 4565 mihi
3381 4502 3633 4584 videtur,
3650 4522 3785 4565 cum

420 4613 677 4676 namque
710 4592 938 4674 primus
964 4591 1318 4672 paenitentia
1339 4591 1564 4651 fructus
1591 4597 1747 4650 sunt.
1774 4589 1847 4650 Et
1865 4609 2066 4671 quem-
2151 4589 2289 4650 caeci
2313 4589 2451 4650 hinc
2468 4589 3098 4654 discesserimus.Nam
3123 4611 3192 4653 ex
3215 4591 3484 4669 Gregorii
3505 4591 3790 4672 Theologi

419 4683 741 4746 admodum
773 4681 1136 4744 aversandus
1167 4680 1266 4742 ille
1297 4681 1487 4740 ﬂuxus
1511 4697 1542 4740 e
1565 4697 1836 4759 corpore,
1867 4689 1923 4740 et
1941 4698 2070 4741 cor'
2149 4679 2462 4755 sententia,
2494 4687 2716 4740 tantum
2747 4679 2906 4742 illius
2935 4681 3162 4743 visione
3202 4681 3564 4755 excidemus,
3593 4700 3786 4762 quan-

415 4772 506 4834 dis
528 4792 661 4834 cum
689 4771 852 4833 omni
877 4769 1093 4834 affectu
1117 4777 1390 4850 tanquam
1417 4767 1742 4847 voluptaria
1763 4768 2056 4848 quaedam,

417 4869 475 4923 et
504 4861 825 4923 libidinosa
853 4858 1209 4934 commistio,
1247 4856 1481 4918 diabolo
1507 4857 1693 4917 instar
1723 4857 1998 4920 sacriﬁcii
2026 4877 2060 4919 a

415 4949 588 5012 nobis
618 4951 865 5012 offertur
889 4971 901 5012 :
929 4948 1014 5010 sic
1049 4967 1177 5029 quae
1209 4967 1278 5008 ex
1313 4966 1406 5021 eo,
1451 4964 1520 5007 ex
1552 4946 1754 5020 corde,
1789 4946 2052 5026 inquam,

414 5038 674 5101 vicissim
708 5045 1059 5119 promanant
1106 5038 1399 5116 lacrymze,
1431 5041 1662 5113 gratum
1714 5045 2057 5115 acceptum-

417 5147 530 5209 que
559 5127 916 5189 sacrificium
966 5126 1216 5190 Domino
1239 5145 1272 5186 a
1296 5123 1466 5185 nobis
1487 5123 1833 5199 offeruntur,
1874 5133 1931 5184 et
1963 5126 2056 5187 fu-

415 5217 604 5279 rentis
651 5217 808 5278 illius
855 5215 1172 5297 voluptatis
1217 5212 1638 5293 turpitudinem
1676 5213 1897 5274 eluunt.
1935 5213 2058 5276 Hoc

416 5305 758 5386 signiﬁcans
789 5306 971 5368 David
997 5304 1190 5366 aiebat
1218 5325 1230 5364 :
1253 5302 1640 5382 Sacriﬁcium
1660 5301 1786 5364 Deo
1806 5303 2060 5382 spiritus

496 5474 611 5535 681
642 5475 777 5537 Cor.
810 5492 890 5548 x1,
924 5473 1136 5549 28,29.
1219 5473 1281 5522 69
1311 5474 1460 5537 Ibid.
1495 5475 1596 5538 27.

1684 5473 1744 5524 το
1773 5472 1926 5537 ιιεειι.
1964 5490 2003 5550 ι,
2047 5473 2136 5536 19.

2143 4775 2263 4828 tum
2298 4787 2404 4829 nos
2434 4768 2653 4847 singuli
2683 4769 2947 4832 volentes
2991 4770 3050 4830 in
3090 4771 3199 4833 hac
3227 4771 3342 4832 vita
3373 4771 3502 4850 ejus
3533 4771 3782 4844 lumine,

2144 4858 2469 4919 secundum
2493 4859 2938 4939 proportionem
2965 4859 3343 4921 bebetudinis
3361 4860 3668 4922 oculorum
3685 4880 3783 4922 no-

2141 4948 3165 5028 strorumprivaverimus.Caaterum
3183 4949 3406 5010 utinam
3441 4968 3650 5010 omnes
3681 4969 3789 5012 nos

2144 5037 2380 5115 purgari
2412 5039 2735 5117 contingat,
2771 5048 2828 5100 et
2879 5048 3153 5119 purgatos
3201 5037 3405 5101 haberi
3447 5038 3659 5118 dignos
3686 5039 3788 5120 qui

2143 5129 2329 5188 Deum
2378 5127 2721 5189 videamus!
2759 5128 2869 5200 Qui
2913 5129 3069 5188 enim
3121 5137 3287 5189 extra
3315 5129 3441 5189 hac
3471 5128 3587 5188 duo
3621 5146 3653 5188 a
3684 5147 3786 5189 re-

2143 5215 2252 5274 bus
2283 5216 2631 5277 mortalibus
2663 5218 3020 5296 demigrant,
3057 5217 3132 5278 de
3165 5226 3427 5278 extrema
3454 5217 3512 5278 in
3545 5235 3610 5278 se
3643 5234 3789 5299 pro-

2144 5304 2468 5366 nuntianda
2525 5307 2822 5367 sententia
2879 5306 3093 5368 incerti
3151 5315 3308 5367 sunt.
3370 5305 3536 5379 Quod
3587 5315 3788 5369 autem

2225 5475 2274 5523 τί
2310 5472 2461 5536 Psal.
2493 5491 2570 5553 v1,
2606 5477 2665 5538 7.
