4112 6106
290 240 327 305 4
348 239 434 305 93
1686 244 1961 309 ORATIO

2046 244 2293 308 LXXIII.
3561 237 3684 312 494

297 376 620 453 incertum,
655 378 832 441 etiam
864 379 1167 462 instabile,
1192 398 1310 443 non
1333 380 1655 462 sperabile,
1672 386 1732 441 et
1752 380 1943 442 incer-
1967 395 2007 443 A
2030 380 2281 442 allatain
2306 380 2565 443 medium
2586 380 3150 462 quinquefatuarum
3183 382 3480 462 virginum
3512 403 3680 466 para-

305 473 378 527 ta
408 466 549 528 ﬁdei
568 477 677 530 est.
700 467 810 540 Qui
833 469 991 530 enim
1017 470 1205 549 gratia
1225 487 1327 531 cor
1348 488 1465 530 non
1498 468 1798 546 stabilivit,
1831 488 1950 530 non
2034 467 2170 530 bola
2187 469 2271 544 75,
2305 468 2673 541 demonstrat
2702 468 2874 530 nobis
2896 469 3196 544 omnibus,
3221 477 3281 532 et
3304 472 3675 551 pronuntiat,

304 553 549 617 aliunde
577 574 742 637 spem
768 577 885 620 non
912 558 1482 640 confundentem,et
1502 557 1808 620 indubiam
1836 577 1950 619 un—
2035 558 2184 619 nihil
2245 558 2416 621 nobis
2474 558 2858 621 commodare
2910 559 3220 639 puritatem
3280 561 3573 641 corporis,
3631 561 3683 623 si

316 662 493 724 quam
522 647 807 726 acquiret,
845 658 908 708 ut
936 647 1170 728 opinor.
1204 647 1329 719 Qua
1355 647 1456 729 qui
1483 658 1647 710 caret
1676 665 1784 728 per
1809 649 1954 728 quid

306 731 466 793 aliud
498 732 560 794 in
592 754 906 797 occursum
943 736 1178 799 Domini
1207 755 1343 798 cum
1374 736 1595 798 sanctis
1635 737 1902 816 rapietur
1924 738 1954 797 ?

308 819 421 881 Per
448 823 594 903 quid
625 830 688 887 et
716 826 941 906 lampas
977 833 1120 888 tunc
1168 832 1396 900 nostra,
1433 825 1722 888 exstincta
1755 825 1828 887 ab
1860 825 1955 886 his

307 928 437 989 qua
461 910 558 973 hic
591 920 748 984 sunt,
781 913 1302 977 redaccendetur?
1331 914 1432 975 ubi
1462 922 1521 975 et
1549 912 1709 975 unde
1752 913 1946 975 oleum

307 998 683 1063 invenietur?
715 1010 772 1064 et
801 1002 1042 1082 quinam
1078 1004 1260 1083 ignis,
1291 1021 1516 1084 quaso,
1551 1003 1705 1064 hanc
1732 1021 1950 1064 accen-

310 1105 485 1149 surus
520 1089 657 1150 est?
685 1097 784 1151 aut
814 1092 997 1162 unde,
1029 1100 1130 1153 aut
1159 1091 1477 1172 quomodo,
1503 1100 1568 1152 ut
1599 1099 1739 1152 tunc
1769 1090 1953 1171 parati

310 1174 582 1238 hilariter
609 1196 743 1240 cum
774 1178 1147 1260 lampadibus
1180 1180 1411 1261 Sponso
1442 1179 1672 1242 obviam
1703 1198 1907 1241 eamus
1929 1182 1956 1238 ?

312 1262 457 1326 Cum
512 1266 671 1328 enim
733 1268 892 1330 velut
946 1270 1106 1330 enim
1151 1289 1184 1330 e
1224 1269 1453 1330 somnis
1508 1267 1955 1332 consurrexeri-

313 1372 467 1429 mus,
503 1356 688 1431 illico,
722 1365 787 1417 ut
828 1356 1066 1432 auditis,
1115 1358 1188 1419 ad
1234 1376 1546 1420 occursum
1589 1357 1821 1419 cursuri
1850 1375 1955 1417 su-

311 1460 465 1504 mus.
501 1442 564 1506 Si
594 1445 773 1523 igitur
800 1446 1101 1517 sedentes,
1153 1454 1212 1508 et
1261 1447 1321 1508 in
1374 1450 1773 1508 monumentis
1810 1445 1953 1506 dor-

310 1531 569 1594 mientes
600 1533 738 1596 tuba
765 1535 1049 1597 insonans
1081 1554 1189 1597 nos
1226 1534 1677 1615 expergefaciet,
1712 1553 1819 1596 nos
1848 1552 1953 1595 au-

313 1628 431 1684 tem
465 1642 585 1684 non
617 1633 753 1686 ante
782 1624 943 1687 velut
973 1624 1274 1706 lampades
1304 1643 1587 1686 accensas
1631 1623 1953 1686 habeamus

2034 645 2281 726 reliquis
2301 645 2609 707 virtutibus
2638 646 2901 708 destituti
2925 646 3134 709 simus.
3156 645 3279 709 Illa
3304 648 3464 710 enim
3499 652 3686 730 parti-

2037 735 2276 795 culatim
2306 734 2501 796 oleum
2535 734 2820 797 habentes
2850 736 2912 797 in
2942 736 3096 797 vasis
3122 736 3268 809 suis,
3299 736 3359 797 id
3394 745 3506 815 est,
3561 739 3683 800 ali-

2038 842 2286 904 quarum
2308 823 2618 897 virtutum,
2652 833 3157 905 externorumque
3184 832 3349 886 recte
3370 824 3679 905 factorum,

2033 922 2094 976 et
2122 913 2513 994 quorumdam
2546 912 2966 975 charismatum
3013 912 3333 994 participes
3378 915 3594 995 (quare
3623 925 3683 979 et

2032 1000 2335 1081 lampades
2387 1019 2589 1062 earum
2647 1000 2992 1083 aliquandiu
3041 1001 3364 1083 arserunt),
3416 1023 3525 1084 per
3566 1023 3681 1068 ne-

2034 1090 2372 1167 gligentiam
2403 1138 2418 1162 ,
2478 1090 2869 1165 ignorantiam
2899 1139 2914 1163 ,
2976 1090 3311 1153 socordiam
3389 1111 3555 1154 suam
3609 1094 3684 1156 ad

2035 1179 2233 1257 ignem
2311 1179 2668 1241 exteriorem
2745 1180 3034 1242 damnata
3111 1189 3270 1243 sunt.
3330 1182 3463 1244 Non
3522 1183 3685 1245 enim

2036 1268 2300 1329 internas
2357 1268 2650 1330 motiones
2699 1286 2735 1330 a
2792 1268 3066 1348 malignis
3114 1268 3426 1350 spiritibus
3479 1271 3543 1333 in
3586 1272 3687 1354 ip-

2038 1356 2119 1418 sis
2176 1357 2497 1418 concitatas
2549 1366 2951 1433 curaverunt,
3014 1376 3126 1420 nec
3177 1367 3382 1421 exacte
3458 1379 3683 1440 cogno-

2038 1454 2287 1522 verunt,
2345 1446 2449 1508 sed
2511 1446 2582 1507 ab
2641 1447 3121 1510 adversariorum
3201 1448 3685 1527 instigationibus

2038 1553 2243 1597 eorum
2293 1542 2522 1596 mentes
2585 1534 2646 1595 in
2707 1554 3006 1599 consensu
3062 1535 3487 1616 cogitationum
3545 1559 3684 1601 cor-

2035 1632 2223 1702 rupta
2272 1631 2429 1697 sunt,
2502 1624 2782 1685 iuescata
2832 1623 2904 1684 ab
2961 1624 3130 1705 ipsis,
3183 1633 3242 1686 et
3297 1626 3566 1700 devicta,
3628 1636 3696 1690 et

312 1711 562 1786 animas,
580 1714 682 1775 sed
717 1722 816 1776 aut
845 1714 992 1776 nihil
1024 1715 1283 1795 penitus,
1316 1721 1655 1795 aut,parum
1687 1713 1956 1776 lucentes
1976 1718 2016 1768 B
2040 1711 2272 1773 occulte
2300 1710 2389 1773 eis
2417 1712 2950 1786 communicantes,
3002 1712 3262 1789 invidia,
3298 1715 3684 1791 aemulationi,
3736 1778 3743 1787 ,

312 1798 709 1883 inveniamur,
735 1811 793 1865 et
808 1803 928 1883 jam
952 1804 1363 1883 exstinguendi
1393 1803 1721 1865 secundum
1751 1821 1955 1864 vocem

316 1890 740 1968 evangelicam,
770 1892 872 1953 ubi
904 1900 1042 1954 tunc
1083 1902 1185 1955 aut
1238 1911 1474 1971 prorsus
1505 1892 1823 1953 exstinctas
1852 1910 1954 1953 re-

315 1975 750 2058 daccendendi,
776 1991 878 2042 aut
891 1982 1016 2061 jam
1040 1982 1172 2043 oleo
1189 1980 1956 2061 deﬁcientezaliquantulum

314 2064 665 2130 infundendi
698 2069 870 2150 copia
901 2068 1062 2132 erit?
1089 2069 1249 2131 Nihil
1298 2069 1563 2150 profecto
1596 2068 1833 2148 uspiam
1865 2072 1956 2129 in-

315 2153 647 2218 veniemus.
680 2156 1076 2230 Quamobrem
1131 2177 1200 2219 ex
1246 2159 1360 2219 hoc
1407 2166 1674 2238 tempore
1721 2175 1823 2219 eos
1856 2174 1961 2236 per

319 2245 751 2322 paniteutiam,
802 2255 861 2308 et
904 2247 1190 2328 lacrymas
1244 2247 1580 2310 luculenter
1631 2245 1960 2308 accendere

321 2350 632 2409 conemur,
670 2343 736 2397 ut
782 2335 844 2397 in
894 2336 1336 2398 resurrectione
1391 2335 1620 2416 Sponso
1666 2354 1800 2397 cum
1832 2335 1967 2397 luce

2039 1799 2427 1880 contentioni,
2463 1800 2627 1881 rixa,
2662 1799 2824 1878 odio,
2854 1798 2974 1871 ira,
3012 1800 3295 1883 nequita,
3330 1803 3690 1867 malevolen-

2038 1889 2157 1970 tiae,
2216 1908 2381 1951 vana
2436 1889 2660 1968 gloria,
2726 1889 2920 1952 studio
2976 1889 3321 1952 hominibus
3383 1894 3682 1971 placendi,

2039 1979 2509 2058 complacentia,
2575 1978 2856 2055 avaritia,
2920 1978 3417 2059 concupiscentia
3466 1983 3684 2059 carnis,

2040 2067 2102 2127 in
2127 2066 2584 2146 cogitationibus
2606 2067 2962 2147 voluptatem
2996 2076 3335 2147 operantes,
3367 2070 3690 2132 increduli-

2042 2155 2168 2229 tati,
2206 2163 2397 2217 metus
2425 2155 2724 2229 vacuitati,
2759 2155 3081 2231 timiditati,
3115 2157 3358 2234 acedia,
3410 2160 3683 2237 tristitia,

2047 2244 2544 2325 contradicentia,
2583 2244 2823 2319 tumori,
2849 2263 3082 2317 somno,
3111 2244 3381 2323 opinioni
3406 2247 3687 2328 propria,

2042 2333 2312 2414 justitia,
2363 2332 2626 2408 elationi,
2678 2333 3049 2413 arrogantia,
3087 2333 3371 2409 aviditati,
3415 2336 3688 2415 luxuria,

323 2439 727 2499 occurramus,
783 2434 843 2488 et
872 2443 1004 2488 cum
1045 2426 1174 2506 ipso
1205 2426 1267 2487 in
1295 2444 1541 2504 regnum
1566 2423 1966 2487 coelorumin-
2048 2421 2328 2496 avaritia,
2359 2421 2757 2502 desperationi
2799 2422 3162 2503 reliquisque
3202 2423 3522 2487 subtilibus
3572 2426 3689 2487 im-

321 2510 685 2588 grediamur,
719 2532 787 2578 ac
815 2515 988 2577 bouis
1010 2515 1393 2593 sempiternis
1426 2512 1966 2594 perfruamur.Qua
2051 2514 2312 2596 probatis
2341 2514 2592 2577 effectis.
2620 2515 2809 2575 Etiam
2842 2515 2972 2595 ipse
3003 2515 3071 2576 B.
3120 2517 3333 2578 Paulus
3387 2517 3691 2598 apostolus

324 2600 596 2663 eveniant
626 2601 797 2665 nobis
847 2604 1123 2666 omnibus
1152 2603 1211 2665 in
1242 2603 1371 2685 ipso
1400 2603 1636 2664 Christo
1683 2602 1806 2664 Deo
1854 2621 1968 2662 no-
2050 2623 2181 2666 cum
2219 2603 2466 2667 Domino
2495 2605 2898 2678 consentiens,
2934 2605 3146 2668 clamat
3179 2623 3193 2668 :
3239 2608 3459 2669 Pacem
3486 2609 3694 2687 sequi-

330 2696 473 2769 stro,
509 2709 687 2771 quem
721 2693 893 2755 decet
921 2692 1117 2763 omnis
1148 2692 1355 2772 gloria,
1389 2692 1584 2753 honor
1613 2699 1671 2753 et
1700 2690 1970 2752 adoratio
2053 2694 2350 2755 minicum
2372 2694 2672 2772 omnibus,
2696 2701 2751 2757 et
2773 2695 3275 2765 sanctimoniam,
3302 2697 3433 2758 sine
3449 2715 3570 2777 qua
3589 2716 3694 2760 ne-

326 2793 458 2865 cum
490 2778 664 2842 Patre
699 2790 757 2843 et
786 2789 989 2844 sancto
1021 2779 1267 2861 Spirito,
1317 2799 1474 2841 nunc
1505 2787 1566 2842 et
1613 2797 1872 2860 semper,
1914 2782 1975 2839 et
2054 2798 2150 2843 mo
2171 2781 2394 2844 videbit
2418 2783 2602 2844 Deum
2623 2781 2702 2842 76.
2733 2783 2852 2845 Cur
2877 2802 3019 2844 usus
3045 2792 3134 2844 est
3161 2782 3338 2844 verbo
3369 2784 3691 2865 Sequimi-

322 2863 382 2926 in
413 2869 628 2930 sacula
650 2870 1027 2933 saculorum.
1058 2873 1276 2933 Amen.
1980 2879 2020 2929 C
2043 2869 2147 2932 ni?
2166 2869 2311 2942 Quia
2336 2889 2446 2932 nos
2464 2872 2743 2934 unahora
2761 2872 2982 2945 ﬁeri,et
3002 2890 3132 2933 esse
3156 2878 3395 2935 sanctos
3415 2863 3694 2953 impossi-

854 2971 1125 3037 ORATio
1180 2971 1433 3036 ΧΧΧῙΠ,
2046 2959 2163 3020 bile
2194 2971 2304 3022 est.
2345 2964 2393 3022 A
2426 2960 2616 3036 parvis
2662 2959 2819 3022 enim
2853 2959 3028 3021 ducto
3058 2960 3250 3034 initio,
3280 2959 3354 3021 ad
3386 2961 3684 3023 sanctitu-

937 3063 1368 3125 ARGUMENTUM.

325 3154 404 3210 De
424 3156 770 3227 pauitantia,
812 3161 866 3213 et
908 3161 1133 3213 tantum
1159 3156 1450 3227 facultates
1481 3152 1831 3227 distribuere,
1870 3168 1960 3227 se—

394 3225 495 3297 que
538 3227 702 3308 rebus
747 3225 1000 3308 omnibus
1044 3225 1279 3308 nudare,
1314 3226 1387 3308 ad
1408 3226 1802 3308 purgationem
1833 3225 1956 3280 ani-

395 3312 498 3370 ma}
551 3299 710 3355 nobis
766 3299 919 3355 haud
967 3298 1246 3370 sufﬁcere,
1306 3297 1418 3354 nisi
1471 3297 1678 3353 luctum
1735 3297 1964 3367 insuper

396 3368 714 3427 habeamus.
751 3371 831 3426 De
858 3368 1060 3427 exsilio
1083 3370 1307 3433 Adami,
1337 3373 1390 3426 et
1416 3370 1466 3425 si
1486 3372 1611 3440 post
1648 3372 1961 3438 transgres-

393 3441 601 3513 sionem
622 3442 979 3513 poenituisset.
1008 3441 1275 3513 paradiso
1307 3439 1629 3513 ejiciendum
1646 3453 1759 3513 non
1772 3440 1962 3513 fuisse.

396 3510 680 3584 Quantum
709 3513 837 3569 boni
858 3510 1183 3584 panitentia
1205 3510 1333 3584 post
1369 3512 1585 3584 lapsum
1614 3511 1665 3566 ei
1691 3510 1961 3567 attulerit.

401 3581 677 3648 Quomodo
703 3599 829 3640 vere
847 3581 1221 3657 paenitendum
1241 3584 1330 3639 sit.

411 3677 579 3741 Bona
608 3685 699 3740 est
728 3677 1095 3759 paenitentia,
1113 3686 1174 3739 et
1201 3695 1330 3757 qua
1358 3675 1502 3736 inde
1539 3681 1774 3737 emanat
1799 3672 1966 3735 utili-

330 3776 440 3832 tas.
493 3767 661 3841 Quod
704 3787 835 3830 cum
891 3776 1114 3848 nosset,
1171 3766 1272 3847 qui
1329 3766 1490 3826 novit
1545 3763 1744 3825 omnia
1795 3760 1967 3825 Jesus

329 3858 597 3922 Christus
625 3857 914 3919 Dominus
942 3875 1010 3918 ac
1042 3856 1201 3918 Deus
1242 3862 1449 3916 noster
1482 3874 1495 3915 :
1529 3852 1967 3915 Paenitentiam

2046 3047 2244 3109 dinem
2276 3047 2708 3129 puritatemqne
2737 3050 2958 3110 sensim
3010 3048 3286 3128 progredi
3333 3056 3592 3129 oportet,
3631 3056 3694 3114 et

2045 3139 2182 3218 quia
2205 3137 2469 3218 quamvis
2501 3137 2663 3199 mille
2692 3156 2879 3199 annos
2910 3137 2970 3198 iu
3000 3138 3110 3198 hac
3139 3137 3255 3198 vita
3283 3155 3687 3214 maneremus,

2046 3243 2342 3305 nunquam
2375 3225 2504 3304 ejus
2535 3224 2958 3304 perfectionem
2999 3224 3295 3304 attingere
3323 3243 3637 3304 possumus
3671 3243 3685 3288 :

2045 3314 2148 3375 sed
2179 3332 2419 3394 semper
2447 3314 2732 3395 quotidie,
2768 3332 2836 3375 ac
2866 3313 2916 3375 si
2945 3314 3394 3375 fundamentum
3430 3332 3693 3393 ponere-

2048 3420 2196 3477 mus,
2226 3402 2763 3484 inciperemusque,
2787 3403 2847 3464 in
2882 3421 2951 3464 ea
2979 3402 3345 3464 contendere
3373 3401 3688 3464 debemus.

2047 3488 2212 3562 Quod
2269 3490 2427 3552 idem
2475 3509 2681 3553 rursus
2730 3491 3031 3565 indicavit,
3080 3510 3215 3553 cum
3267 3490 3350 3551 ita
3401 3489 3687 3572 scripsit:

2047 3580 2409 3660 Persequor,
2443 3581 2500 3642 si
2527 3597 2641 3659 quo
2677 3581 2856 3643 modo
2890 3580 3420 3659 comprehendam,
3459 3581 3532 3641 in
3575 3598 3694 3661 quo

2047 3676 2106 3729 et
2133 3670 2600 3749 comprehensus
2627 3687 2764 3732 sum
2795 3688 2834 3731 a
2869 3669 3111 3731 Christo
3139 3670 3274 3731 Jesu
3307 3669 3391 3730 77.

2127 3756 2494 3837 Quapropter
2524 3774 2650 3833 oro,
2686 3757 2973 3819 attendite
3003 3756 3199 3831 dictis,
3226 3763 3284 3817 et
3320 3756 3523 3819 Venite
3542 3757 3696 3819 ado-

2049 3864 2277 3918 remus,
2302 3864 2374 3908 ac
2391 3847 2791 3926 procidamus
2830 3854 2971 3907 ante
3009 3845 3227 3907 bonum
3276 3864 3344 3906 ac
3367 3845 3690 3924 benignum

326 3947 506 4027 agite,
538 3946 751 4026 inquit,
785 3946 1301 4026 appropinquavit
1327 3943 1488 4005 enim
1516 3958 1775 4021 regnum
1801 3939 1970 4002 caelo-
2051 3935 2268 4027 Deum.
2285 3935 2751 3998 Prwveniamus
2765 3936 2987 4027 [aciem
3000 3937 3127 4013 eius
3148 3937 3216 3995 in
3233 3933 3691 4027 confessione,et

326 4024 462 4098 rum
482 4034 560 4097 79.
584 4024 748 4107 Quod
783 4024 838 4096 si
862 4024 1198 4114 intelligere
1226 4032 1432 4108 avetis,
1466 4049 1581 4112 quo
1611 4041 1786 4111 pacto
1820 4028 1970 4090 citra
2043 4024 2352 4106 ploremus
2369 4030 2509 4086 ante
2528 4042 2663 4087 eum
2686 4026 2790 4104 qui
2823 4024 2964 4103 fecit
2984 4040 3119 4098 nos;
3145 4024 3288 4114 quia
3309 4024 3437 4114 ipse
3456 4031 3540 4084 est
3565 4025 3695 4085 Do-

328 4125 760 4206 pauitentiam,
809 4131 868 4187 et
919 4113 1327 4205 panitentiam
1359 4140 1429 4183 ex
1459 4120 1680 4191 animo,
1734 4118 1966 4199 qualem
2049 4114 2429 4206 minusDeus
2449 4113 3299 4206 nostermosautcmpopulus
3318 4113 3467 4189 eius,
3489 4119 3548 4173 et
3567 4129 3699 4174 oves

329 4199 638 4294 Scriptura
667 4222 871 4275 sancta
898 4199 936 4274 εἰ
952 4212 1126 4275 nobis
1154 4210 1427 4292 requirit,
1459 4208 1670 4271 salvari
1690 4226 1808 4269 non
1834 4226 1969 4288 pos-
1989 4286 2026 4294 ﬁ
2050 4220 2286 4294 pascua
2315 4204 2445 4276 eius
2467 4202 2552 4277 78,
2585 4210 2644 4294 et
2671 4220 2788 4262 non
2820 4206 3041 4262 avertet
3074 4199 3284 4261 faciem
3329 4218 3494 4294 suam
3524 4219 3695 4294 a_no_-

329 4286 556 4381 sumus,
580 4300 775 4382 ipsum
798 4298 1148 4382 Apostolum
1178 4286 1531 4362 clamantem
1563 4295 1762 4359 audite
1795 4286 2165 4368 :Om-Dbis,
2202 4299 2425 4382 tantum
2462 4291 2739 4382 paniteat
2788 4309 2895 4351 nos
2944 4296 3323 4382 peccatorum
3363 4307 3438 4382 ex
3469 4288 3697 4382 intimis

330 4410 406 4455 ne
423 4398 733 4473 peccatum
757 4396 936 4453 eartra
959 4407 1173 4470 corpus
1194 4394 1277 4451 est
1298 4406 1311 4450 :
1337 4389 1445 4467 qui
1460 4392 1662 4450 autem
1691 4387 1970 4463 fornica-

329 4491 455 4558 tur,
482 4488 550 4545 in
571 4497 791 4560 corpus
806 4496 984 4542 suum
998 4487 1197 4560 peccat
1210 4477 1371 4539 7'5.Et
1387 4477 1605 4539 iterum
1631 4492 1644 4535 :
1673 4474 1969 4551 Manifes-

329 4575 453 4636 tari
493 4588 605 4634 nos
645 4586 851 4632 omnes
895 4575 1123 4648 Oportet
1161 4565 1597 4645 anteitribunat
1624 4564 1872 4643 Christi,
1905 4568 1974 4624 ut

328 4661 581 4742 recipiat
607 4659 1042 4739 unusquisque,
1074 4663 1251 4737 prout
1274 4659 1461 4737 gessit
1496 4656 1563 4717 in
1593 4669 1832 4742 corpore
1862 4668 1970 4742 suo

328 4739 459 4813 sive
477 4750 716 4823 bonum,
739 4749 868 4809 sive
895 4748 1129 4808 malum
1151 4746 1234 4805 74.
1264 4742 1461 4806 Potest
1480 4743 1658 4821 igitur
1677 4740 1816 4803 hinc
1840 4739 1970 4821 qui-

331 4840 477 4902 libet
506 4853 917 4917 sapenumero
947 4834 1170 4899 dicere.
1206 4835 1431 4898 Gratias
1464 4853 1570 4911 ago
1604 4834 1746 4904 Deo,
1777 4849 1967 4911 quan-

331 4926 653 5009 doquidem
676 4925 839 4989 nulla
884 4942 1057 5003 prava
1084 4924 1316 4987 actione
1346 4920 1739 4984 contaminavi
1775 4937 1972 5009 mem-

329 5006 503 5079 brum
555 5014 822 5096 corporis
877 5013 1041 5075 mei:
1090 5014 1248 5095 quod
1308 5011 1552 5087 quidem
1611 5026 1717 5088 ego
1780 5006 1973 5070 omnis

330 5104 655 5187 iniquitalis
711 5102 1286 5184 operarius.adhucj.
1315 5101 1517 5163 dicere
1573 5115 1829 5178 nequeo.
1897 5097 1973 5157 Et

333 5196 490 5278 capit
521 5193 800 5256 nimirum
831 5212 897 5254 ex
927 5194 1038 5254 hoc
1068 5193 1364 5272 solatium,
1397 5188 1539 5271 quia
1568 5197 1970 5278 extrapecca-

337 5275 455 5346 tum
488 5283 581 5346 sui
609 5280 879 5363 corporis
907 5289 1016 5344 est.
1050 5280 1164 5344 Sed
1198 5278 1550 5343 contradicit
1578 5275 1890 5357 Dominus,
1915 5283 1971 5336 et

412 5455 471 5504 τε
502 5452 703 5514 Matth.
762 5468 843 5531 IV,
872 5451 970 5531 l7.

333 5536 392 5586 77
424 5533 682 5616 Philipp.
714 5528 930 5614 11512.
1018 5531 1079 5581 78
1111 5531 1262 5594 Psal.
1297 5546 1452 5610 xcuv,
1487 5530 1546 5609 6,
1585 5528 1640 5588 '7.

1056 5451 1117 5501 73
1149 5453 1173 5514 Ι
1225 5449 1358 5513 ϐπ.
1392 5465 1471 5525 v1,
1505 5447 1603 5511 i8.
1659 5444 1799 5507 7411
1834 5443 1968 5507 Cor.
2020 5460 2078 5517 γ,
2124 5446 2213 5506 ΞΟ,

1729 5526 1928 5587 7910b
1962 5543 2021 5606 ll,
2062 5528 2152 5585 t3.

2054 4381 2421 4462 pracordiis,
2450 4388 2509 4441 et
2537 4380 2885 4459 abjiciamus
2915 4397 2950 4439 a
2979 4376 3153 4439 nobis
3178 4397 3297 4438 non
3327 4377 3519 4439 solum
3542 4379 3698 4438 mala

2054 4488 2235 4549 opera
2257 4476 2480 4542 nostra,
2515 4469 2621 4530 sed
2652 4477 2711 4529 et
2738 4469 2896 4547 ipsas
2928 4466 3110 4528 malas
3141 4477 3198 4527 et
3222 4465 3561 4528 immundas
3590 4484 3697 4526 co-

2052 4557 2365 4637 gitationes
2394 4556 2589 4618 cordis
2620 4557 2807 4618 nostri
2858 4556 3192 4637 ejiciamus,
3239 4554 3698 4635 sicutscriptum

2054 4645 2173 4708 est?
2195 4646 2479 4718 Scindite,
2495 4645 2677 4709 corda
2699 4652 2921 4719 vestra,
2962 4653 3023 4707 et
3062 4662 3183 4706 non
3213 4650 3571 4707 vestimenta
3596 4662 3700 4705 ve-

2053 4736 2253 4800 tra79.
2287 4735 2439 4807 Quid
2472 4736 2630 4797 enim
2664 4735 2839 4796 habet
2889 4732 3301 4808 emolumenti,
3338 4733 3612 4805 obsecro,
3651 4730 3700 4791 si

2052 4826 2326 4889 omnibus
2370 4825 2622 4887 fortunis
2672 4824 2887 4886 nostris
2919 4823 2979 4885 in
3014 4840 3301 4904 pauperes
3332 4820 3697 4900 distributis,

2052 4935 2086 4978 a
2134 4925 2374 4996 peccato
2430 4933 2547 4975 non
2597 4913 3088 4985 abstinuerimus,
3142 4930 3251 4973 nec
3304 4910 3456 4970 tllud
3488 4908 3698 4970 oderi-

2052 5005 2216 5067 mus?
2238 5004 2389 5076 Quid
2415 5012 2536 5064 tum
2570 5022 2765 5084 porro,
2800 5005 2850 5064 si
2881 5022 2945 5063 re
2966 5002 3113 5083 ipsa,
3146 5009 3203 5061 et
3228 5007 3364 5060 actu
3394 4998 3705 5077 corporale

2054 5103 2356 5176 peccatum
2408 5112 2525 5153 non
2583 5101 3017 5172 perpetremus,
3076 5088 3276 5149 animo
3325 5094 3519 5147 autem
3554 5104 3689 5176 cum

2054 5174 2224 5246 foedis
2282 5191 2341 5243 et
2397 5181 2722 5242 immundis
2780 5177 3234 5259 cogitationibus
3274 5174 3701 5238 commercium

2054 5273 2149 5334 hat
2172 5289 2399 5341 eamus,
2436 5280 2793 5349 secretoque
2838 5276 3141 5350 peccatum
3197 5264 3606 5342 designemus,
3652 5273 3708 5324 et

2302 5443 2364 5492 73
2393 5441 2596 5504 Matth.
2630 5456 2769 5517 xxv,
2828 5440 2845 5500 l
2890 5454 3053 5517 seqq.
3142 5432 3206 5484 76
3234 5431 3416 5495 Hebr.
3465 5447 3567 5505 xu,
3615 5431 3708 5494 l4.
