4112 6106
445 183 571 249 ηδ

1744 181 2128 246 SYMEONIS
2161 176 2511 246 JUNIORIS

3701 187 3821 254 496

443 317 518 381 ab
540 317 844 382 effrenatis
863 317 1284 380 aﬂ‘ectionibus
1301 334 1549 396 regnum
1575 316 1871 397 quoddam
1892 324 2095 398 tyran-
2115 321 2158 370 Α
2180 318 2417 374 sanctus
2433 329 2542 394 per
2558 312 2903 393 prophetam
2921 313 3101 377 David
3125 315 3346 397 inquit:
3364 316 3502 381 Non
3518 319 3818 400 accipiam

442 406 766 487 nidemque
812 406 1148 487 patiamur?
1193 408 1339 470 Cum
1402 405 1778 469 facultatibus
1837 406 2077 479 nostris,

442 495 622 560 etiam
649 513 782 576 quae
809 495 1068 557 diximus
1097 495 1390 557 malorum
1438 504 1780 557 consuetam
1823 495 2080 556 servitu-

440 594 584 661 tem,
621 601 845 665 quaeso,
878 583 1286 664 projiciamus,
1333 602 1481 646 neve
1521 583 1619 645 hic
1666 583 2078 659 consistamus,

438 690 643 737 verum
674 672 1040 754 poenitentiae
1068 673 1340 755 lacrymis
1371 693 1607 755 quoque
1638 691 1843 736 eorum
1875 673 2082 735 sordes

437 761 708 825 studiose
732 762 1068 826 abluamus.
1088 762 1603 835 Quemadmodum
1635 763 1795 824 enim
1822 761 1950 842 ipse
1971 763 2083 824 im-

437 858 698 933 perator,
745 851 847 932 qui
875 851 1151 914 diadema
1183 860 1242 914 et
1272 869 1594 932 purpuram
1643 850 1880 931 imperii
1923 869 2085 931 sym-

438 943 574 1004 bola
603 949 815 1022 gestat,
844 941 948 1022 qui
967 941 1296 1005 immensos
1325 942 1454 1004 auri
1484 941 1831 1021 argentique
1854 942 2085 1004 thesau-

436 1049 538 1094 ros
595 1030 900 1112 possidet,
965 1037 1024 1092 et
1069 1031 1132 1092 in
1188 1033 1374 1092 thono
1450 1031 1683 1093 excelso
1743 1038 1801 1091 et
1856 1029 2081 1091 elevato

435 1119 732 1193 considet,
766 1119 818 1180 si
851 1136 1093 1181 omnum
1122 1137 1192 1180 ac
1222 1118 1531 1196 fuliginem
1561 1119 1838 1180 alicunde
1877 1117 2080 1180 volens

433 1207 767 1288 sustulerit,
802 1208 1067 1289 ipsisque
1117 1207 1393 1270 manibus
1440 1217 1623 1270 totam
1663 1207 1874 1269 faciem
1904 1225 2072 1270 suam

430 1297 742 1372 obleverit,
777 1305 953 1378 atque
973 1315 1181 1360 omnes
1211 1315 1425 1360 sensus
1456 1296 1838 1371 obstruxerit,
1871 1305 1936 1358 ut
1962 1313 2073 1360 ne-

428 1405 548 1468 que
587 1385 821 1461 audire,
877 1405 1072 1467 neque
1117 1386 1355 1448 odorari
1397 1386 1580 1466 possit
1615 1405 1628 1448 :
1663 1385 1884 1448 deinde
1938 1386 2071 1448 facti

429 1475 746 1556 paenitens,
782 1483 842 1536 et
870 1493 934 1537 se
976 1475 1131 1537 malo
1163 1476 1275 1537 hoc
1323 1474 1579 1535 liberare
1633 1493 1915 1554 querens,
1951 1493 2070 1536 non

2161 401 2233 462 de
2252 401 2422 463 domo
2437 409 2540 463 tua
2562 401 2802 474 vitulos,
2818 411 2875 465 et
2892 404 2962 465 de
2980 405 3264 486 gregibus
3285 412 3407 468 tuis
3428 409 3646 481 hircos,
3672 425 3815 487 quo-

2163 492 2335 552 niam
2385 508 2533 552 mea
2579 498 2724 554 sunt
2763 495 2970 555 omnia
2988 493 3074 563 83,
3102 502 3161 555 et
3187 512 3320 575 qua).
3367 504 3718 576 sequuntur.
3745 496 3817 558 Et

2163 595 2438 666 rursum:
2460 578 2534 641 Si
2557 580 3248 662 voluisses,sacriﬁcium
3269 584 3568 647 dedissem
3578 588 3809 666 utique,

2162 665 2527 730 holocaustis
2551 686 2670 731 non
2705 669 3119 734 delectaberis.
3156 673 3538 752 Sacri/icium
3563 665 3814 755 Deospi-

2163 757 2319 818 ritus
2335 756 2782 820 contribulatus
2805 779 2818 820 :
2844 776 2950 820 cor
2969 763 3296 823 contritum
3319 768 3378 824 et
3392 762 3806 836 humiliatum,

2167 843 2355 924 Deus,
2381 864 2502 908 non
2519 847 2815 926 despicies
2833 847 2916 907 85.
2942 848 3080 910 Haec
3112 851 3289 911 etiam
3323 870 3460 912 cum
3493 851 3678 913 sciret
3697 851 3813 913 Do-

2167 933 2384 1014 minus,
2416 933 2652 996 dicebat
2676 953 2689 997 :
2717 935 2915 1000 Nolite
2943 945 3160 1016 putare
3198 941 3488 1018 quoniam
3519 943 3658 1002 veni
3685 942 3810 1003 sol-

2163 1039 2307 1084 vere
2336 1025 2524 1102 legem
2551 1033 2656 1086 aut
2683 1025 3023 1105 prophetas.
3072 1027 3210 1090 Non
3252 1033 3388 1092 veni
3423 1030 3671 1110 solvere,
3702 1032 3810 1094 sed

2158 1109 2492 1191 adimplere
2515 1111 2597 1172 84.
2633 1111 2763 1174 Νοη
2793 1113 2954 1176 enim
2982 1133 3090 1193 per
3119 1124 3360 1178 terrena
3391 1118 3803 1179 medicamen-

2160 1205 2236 1272 ta,
2259 1199 2370 1260 hoc
2393 1209 2502 1274 est,
2532 1219 2640 1280 per
2660 1204 2999 1282 corporales
3014 1203 3277 1282 justitias
3297 1205 3794 1281 donorum,sacri.

2156 1287 2451 1364 ﬁciorum,
2481 1289 2988 1365 holocaustorum,
3015 1301 3071 1354 et
3101 1294 3464 1374 requuorum
3497 1294 3572 1356 ab
3602 1295 3804 1356 anima

2157 1377 2428 1439 morbum
2457 1378 2946 1458 inaspectabilem
2981 1381 3357 1443 turbidorum
3394 1391 3660 1445 motuum
3690 1384 3803 1446 de-

2154 1465 2378 1545 pellere
2406 1475 2653 1545 poterat.
2677 1468 2829 1530 Hinc
2855 1480 2915 1531 et
2934 1468 3230 1533 Joannes:
3261 1471 3416 1534 Ecce
3437 1473 3636 1551 Agnus
3661 1473 3801 1553 Dei,

427 1555 708 1627 celeriter
739 1562 1078 1626 cubiculum
1111 1583 1281 1626 suum
1332 1563 1716 1643 ingrediatur,
1771 1563 2128 1644 multaque_
2153 1557 2260 1644 qui
2306 1555 2467 1617 ιοίιὶί
2506 1565 2753 1635 peccata
2799 1559 3017 1620 mundi
3042 1559 3126 1620 83.
3161 1561 3236 1621 Et
3267 1559 3480 1620 iterum
3531 1560 3748 1622 Paulus
3785 1583 3799 1624 :

423 1672 574 1735 aqua
597 1655 782 1716 lutum
829 1653 977 1716 illud
1023 1671 1092 1715 ac
1135 1635 1441 1732 fuliginem
1491 1635 1713 1729 abluat,
1762 1659 1942 1732 atque
1973 1635 2283 1735 ’ἱιειΒζιςέω
2328 1650 2491 1707 enim
2539 1646 2796 1724 spiritus
2852 1648 2990 1709 vitae
3042 1648 3223 1728 (quod
3275 1655 3367 1709 est
3397 1650 3795 1731 evangelium)

427 1742 628 1804 denuo
657 1742 716 1802 in
750 1741 922 1818 solio,
956 1750 1020 1804 ut
1049 1750 1246 1817 antea,
1287 1741 1628 1815 mundatus,
1661 1741 1722 1802 in
1768 1740 1939 1817 solio,
1968 1741 2066 1802 in-

425 1849 625 1912 quam,
657 1831 826 1909 regni
857 1829 950 1892 sui
982 1830 1263 1904 resideat,
1299 1830 1404 1892 sed
1437 1830 1613 1909 hujus
1643 1829 1773 1892 loco
1805 1837 2064 1890 tantum-

421 1920 600 1982 modo
622 1938 835 1982 omnes
862 1921 1171 1982 thesauros
1213 1938 1352 1981 suos
1383 1919 1696 1999 egentibus
1726 1918 2060 2001 dispertiat,

421 2009 738 2089 omniaque
795 2009 951 2071 bona
1005 2028 1113 2071 sua
1168 2008 1410 2070 mobilia
1463 2015 1519 2070 et
1572 2007 1902 2071 immobilia
1943 2010 2063 2071 illis

420 2098 791 2179 dilargiatur,
839 2097 988 2161 nihil
1039 2100 1180 2160 hinc
1226 2097 1342 2160 sibi
1384 2098 1687 2179 proderit,
1742 2099 1855 2158 nisi
1912 2118 2064 2180 aqua

418 2189 608 2250 lutum
663 2207 733 2250 ac
781 2188 1087 2268 fuliginem
1147 2187 1444 2250 abluerit:
1483 2187 1626 2268 quin
1683 2187 1858 2249 etiam
1896 2189 2060 2269 aspi-

419 2277 716 2340 cientibus
742 2277 930 2340 risum
963 2276 1247 2353 movebit,
1282 2279 1342 2338 in
1377 2278 1574 2339 medio
1603 2280 1961 2340 asseclarum
1997 2297 2065 2340 ac

421 2384 739 2447 procerum
791 2383 1036 2430 suorum
1106 2366 1292 2428 instar
1350 2366 1609 2446 portenti
1665 2385 1772 2428 seu
1845 2367 2064 2447 spectri

419 2453 743 2516 obversans
775 2471 790 2517 :
827 2456 912 2516 sic
942 2473 1055 2517 nec
1084 2455 1235 2517 alius
1283 2455 1575 2536 quispiam
1618 2454 1732 2517 sibi
1771 2463 2062 2536 quaestum

415 2542 679 2624 obl-liget,
709 2543 762 2604 si
791 2542 1070 2604 omnibus
1099 2543 1312 2625 opibus
1340 2543 1462 2605 suis
1508 2545 1570 2605 in
1595 2563 1881 2626 pauperes
1911 2546 2058 2606 ellu-

415 2631 527 2706 sis,
562 2630 834 2712 quamvis
864 2631 1126 2712 inopiam
1146 2631 1706 2712 mendicitatemque
1727 2633 2063 2710 susceperit

416 2737 673 2800 peccare
697 2727 895 2782 tamen
923 2739 1042 2781 non
1071 2720 1338 2800 desierit,
1374 2739 1483 2782 nec
1514 2739 1623 2801 per
1653 2722 2058 2801 paenitentiam

417 2817 481 2872 et
536 2809 828 2889 lacrymas
897 2809 1156 2871 animam
1227 2827 1359 2871 sum
1420 2809 1654 2872 eluerit.
1715 2809 2066 2890 Quicunque

420 2897 585 2962 enim
618 2899 822 2974 homo,
856 2899 1108 2980 perinde
1144 2906 1210 2960 ut
1256 2917 1370 2979 ego
1401 2901 1740 2979 damnatus,
1777 2900 2060 2981 peccavit,

2150 1729 2427 1796 liberavit
2475 1751 2582 1795 nos
2625 1752 2662 1796 α
2707 1735 2834 1815 lege
2869 1739 3104 1815 peccati
3149 1745 3206 1798 et
3255 1741 3464 1799 mortis
3487 1737 3572 1800 86.
3598 1729 3802 1800 Placet

2148 1825 2344 1880 autem
2387 1821 2612 1901 dicere,
2669 1824 2966 1902 quomodo
3010 1823 3278 1886 Christus
3320 1825 3513 1904 legem
3554 1835 3615 1887 et
3644 1845 3790 1906 pro-

2147 1908 2356 1987 phetas
2385 1909 2666 1990 impleat?
2693 1915 2814 1974 Lex
2855 1913 2976 1974 ait:
3009 1912 3147 1975 Non
3194 1915 3469 1987 occidas;
3501 1915 3793 1992 Christus,

2143 1995 2234 2056 Ne
2254 1999 2717 2082 irascaris.Lex,
2743 2001 2877 2063 Non
2901 2003 3317 2075 mcechaberis;
3337 2003 3633 2079 Christus,
3662 2003 3797 2066 Non

2143 2093 2544 2167 concupisces.
2587 2092 2737 2171 Lex,
2778 2092 2917 2154 Non
2954 2093 3291 2171 peierabis;
3335 2093 3624 2165 Christus,
3657 2093 3793 2156 Non

2131 2177 2377 2251 iurabis
2400 2179 2643 2240 omnino
2663 2181 2746 2243 87.
2772 2180 2880 2252 Qui
2907 2199 3046 2256 ergo
3070 2200 3190 2242 non
3213 2181 3510 2259 irascitur,
3544 2202 3644 2262 qui
3669 2191 3790 2243 tan-

2145 2263 2282 2326 dem
2305 2266 2588 2328 occidet?
2613 2269 2712 2349 qui
2745 2287 2863 2329 non
2886 2268 3279 2348 concupiscit,
3307 2271 3604 2350 quomodo
3645 2290 3792 2333 mce-

2143 2353 2462 2416 chabitur?
2497 2356 2598 2436 qui
2639 2358 2895 2438 poenitus
2927 2377 3045 2418 non
3070 2359 3254 2439 jurat,
3291 2361 3587 2440 quomodo
3622 2361 3792 2441 peje-

2142 2442 2339 2503 rabit?
2368 2445 2602 2507 radices
2649 2448 2806 2508 enim
2858 2455 3239 2526 peccatorum
3270 2449 3536 2510 Salvator
3569 2468 3672 2528 per
3699 2451 3790 2510 le-

2138 2548 2272 2610 gem
2321 2530 2572 2613 Spiritus
2620 2535 2712 2595 sui
2762 2535 2833 2596 ab
2884 2536 2996 2596 ista
3048 2535 3247 2597 anima
3300 2537 3515 2597 evellit.
3552 2537 3623 2598 Et
3666 2539 3791 2601 htec

2143 2621 2449 2699 plenitudo
2487 2622 2654 2702 legis,
2690 2633 2750 2685 ut
2783 2625 2960 2686 homo
2985 2623 3082 2699 sit,
3109 2633 3166 2686 et
3190 2625 3342 2709 vivat
3372 2627 3434 2687 in
3464 2626 3606 2688 solis
3630 2646 3794 2692 man-

2144 2712 2296 2774 datis
2327 2715 2479 2795 ejus,
2511 2729 2575 2779 ut
2606 2717 2731 2779 sola
2761 2717 2921 2778 illius
2946 2717 3113 2796 jussa
3144 2727 3341 2780 servet
3388 2728 3447 2781 et
3483 2728 3784 2799 operetur.

2145 2803 2363 2865 Contra
2432 2806 2633 2868 omnia
2701 2807 2860 2869 enim
2920 2815 3163 2888 peccata
3236 2809 3436 2870 omnia
3513 2809 3786 2872 mandata

2146 2893 2366 2954 Christi
2394 2896 2566 2958 nobis
2598 2897 2736 2958 data
2763 2905 2925 2970 sunt,
2962 2905 3022 2958 et
3059 2898 3118 2958 in
3165 2897 3256 2959 llis
3297 2897 3434 2958 solis
3467 2897 3779 2959 vivendum

411 2993 470 3049 et
489 3005 659 3049 εωηο
679 2987 1045 3068 voluptatum
1070 3006 1282 3049 sensus
1297 2987 1512 3048 animae
1529 3007 1649 3049 suae
1669 2989 2056 3062 obturaverit,
2081 2989 2120 3039 C
2144 2995 2320 3066 atque
2349 2990 2713 3068 operandum
2751 2991 2806 3053 ei
2834 2990 2936 3072 qui
2965 2991 3141 3052 vitam
3175 3003 3451 3052 aeternam
3483 2990 3784 3053 desiderat

409 3075 680 3156 quamvis
707 3093 834 3137 rem
867 3094 1033 3137 suam
1066 3093 1306 3138 omnem
1339 3075 1699 3156 pauperibus
1729 3074 2058 3145 donaverit,

412 3183 775 3244 omnemque
805 3165 1052 3244 gloriam
1086 3164 1458 3244 dignitatum,
1493 3164 1894 3248 pulcherrime
1924 3164 2062 3226 aedi-

409 3253 615 3316 ficatae
661 3254 842 3328 mdes,
907 3253 1142 3316 nobiles
1199 3273 1406 3334 equos,
1459 3273 1693 3333 greges,
1756 3264 2047 3330 armenta,

407 3359 635 3420 servos,
669 3360 908 3404 omnem
954 3361 1120 3404 suam
1167 3342 1474 3424 familiam,
1513 3351 1571 3404 et
1600 3354 1878 3421 cognatos
1907 3346 2049 3406 reli-

404 3430 640 3512 querit,
698 3449 1022 3512 egensque,
1083 3439 1142 3492 et
1201 3431 1372 3512 inops
1441 3435 1712 3494 monachi
1783 3433 2047 3495 habitum

403 3519 694 3596 induerit,
729 3529 1012 3596 attamen,
1045 3528 1106 3582 ut
1135 3539 1201 3582 re
1233 3520 1488 3601 quadam
1522 3523 1654 3582 vitae
1680 3541 1801 3584 suae
1830 3541 2044 3585 neces-

405 3608 562 3670 saria
611 3617 744 3688 eget
791 3608 1158 3689 paenitentiae
1200 3610 1495 3690 lacrymis,
1550 3609 1765 3691 quibus
1807 3630 2046 3674 omnum

403 3706 782 3778 peccatorum
841 3717 1078 3760 suorum
1159 3698 1396 3773 abluat,
1460 3719 1649 3780 eoque
1708 3701 1936 3779 magis,
1997 3708 2042 3764 si

401 3786 617 3859 adhuc,
652 3787 1153 3868 quemadmodum
1185 3806 1317 3867 ego,
1349 3788 1658 3866 fuliginem
1710 3799 1769 3851 et
1808 3809 2040 3852 caenum

406 3876 794 3957 plurimorum
821 3878 1176 3940 delictorum
1197 3896 1439 3940 suorum
1461 3898 1577 3940 non
1601 3879 1660 3940 in
1682 3880 1835 3942 facie
1851 3881 2040 3942 solum

404 3973 463 4027 et
493 3967 788 4043 manibus,
829 3967 932 4029 sed
965 3968 1207 4029 omnino
1251 3969 1313 4029 in
1357 3977 1479 4029 toto
1522 3987 1775 4049 corpore
1810 3970 2038 4032 cicum-

2143 3075 2431 3155 adipisci:
2457 3078 2518 3139 in
2541 3079 2773 3141 caeteris
2791 3080 3072 3141 omnibus
3101 3097 3235 3141 esse
3265 3081 3424 3143 velut
3455 3088 3779 3158 mortuum,

2145 3166 2305 3226 omni
2337 3167 2640 3230 functione
2673 3177 2970 3230 carentem
3008 3186 3021 3231 :
3051 3167 3126 3231 Si
3155 3171 3337 3232 verba
3364 3188 3499 3232 mea
3517 3172 3587 3232 in
3615 3171 3784 3233 vobis

2143 3260 2517 3331 manserint,
2562 3259 2644 3321 ait
2690 3258 3401 3340 Dominus,quodeunque
3450 3260 3780 3336 volueritis,

2132 3349 2370 3426 petetis,
2420 3354 2475 3410 et
2521 3349 2621 3427 ﬁet
2669 3350 2832 3410 vobis
2859 3348 2942 3407 88.
2969 3349 3312 3427 .Sequamur
3344 3367 3484 3428 ergo
3519 3347 3778 3411 Verbum

2133 3435 2362 3511 sedulo,
2399 3437 2590 3499 donec
2609 3436 2680 3498 ad
2706 3437 2900 3499 locum
2931 3437 3348 3518 perveniamus
3374 3438 3478 3499 ubi
3511 3437 3777 3500 Christus

2129 3523 2256 3602 ipse
2288 3533 2375 3586 est
2410 3547 2422 3584 :
2457 3525 2601 3587 illuc
2650 3526 2810 3587 enim
2860 3545 2927 3587 se
2978 3533 3296 3606 sequentes
3349 3525 3547 3600 trahit,
3604 3535 3661 3587 et
3709 3527 3770 3586 in

2131 3611 2343 3675 Sancta
2391 3623 2728 3676 sanctorum
2778 3614 3126 3695 introducit,
3183 3623 3246 3674 ut
3290 3632 3538 3692 magnus
3567 3615 3770 3694 ponti-

2127 3700 2221 3761 fex
2241 3722 2379 3782 quo,
2410 3703 2603 3782 quoad
2627 3721 2736 3764 nos
2757 3703 2986 3770 attinet,
3016 3702 3145 3782 ipse
3174 3719 3278 3783 pro
3307 3701 3481 3763 nobis
3506 3719 3767 3783 pratcur-

2127 3807 2226 3850 sor
2257 3791 2541 3867 introivit,
2579 3791 2733 3852 sicut
2753 3791 3009 3872 ipsemet
3030 3791 3226 3872 inquit
3251 3809 3265 3853 :
3291 3790 3476 3854 Nemo
3507 3794 3669 3855 venit
3690 3793 3771 3854 ad

2127 3879 2393 3961 Patrem,
2416 3882 2540 3943 nisi
2556 3898 2663 3960 per
2683 3898 2801 3943 me.
2825 3882 2950 3958 Ego
2972 3887 3138 3943 enim
3157 3899 3295 3944 sum
3315 3882 3438 3952 via,
3463 3882 3773 3961 veritas,et

2125 3970 2334 4034 vita89.
2381 3969 2452 4030 Et
2490 3971 2604 4031 alio
2640 3969 2770 4031 loco
2803 3990 2815 4032 :
2864 3969 3023 4037 Volo.
3051 3970 3256 4047 Pater,
3283 3978 3348 4031 ut
3377 3986 3526 4049 quos
3551 3969 3775 4033 dediin

401 4055 571 4119 ferat.
604 4057 773 4120 Haud
802 4060 960 4120 enim
992 4063 1168 4121 unica
1197 4059 1536 4121 facultatum
1566 4061 1796 4138 largitio
1822 4061 1895 4121 ad
1926 4080 2038 4141 pu-
2123 4060 2299 4134 mihi,
2323 4059 2429 4122 ubi
2447 4078 2551 4138 ego
2579 4077 2737 4134 sum,
2771 4067 2828 4120 et
2857 4059 2951 4120 illi
2989 4061 3116 4122 sint
3143 4077 3402 4137 mecum,
3435 4067 3502 4120 ut
3531 4059 3774 4123 videant

393 4163 526 4208 rum
555 4147 736 4210 animi
768 4155 983 4208 statum
1009 4147 1180 4210 nobis
1210 4156 1299 4209 sat
1323 4156 1433 4223 est,
1468 4149 1702 4222 fratres,
1725 4149 1836 4210 nisi
1863 4153 2038 4211 etiam
2121 4150 2464 4210 claritatem
2490 4166 2682 4211 meam
2707 4166 2886 4228 quam
2915 4148 3138 4212 dedisti
3183 4149 3335 4210 mihi
3349 4148 3434 4207 90.
3462 4149 3607 4210 Cum
3639 4147 3770 4228 ipso

391 4234 792 4297 lamentemur
820 4246 879 4298 et
908 4237 1210 4315 ploremus
1240 4256 1310 4298 ex
1341 4238 1562 4301 animo.
2059 4315 2085 4318 ξ
2119 4236 2317 4318 itaque
2345 4239 2508 4300 cruci
2537 4238 2923 4317 conﬁgamur,
2953 4255 3059 4318 per
3081 4238 3348 4299 omnium
3371 4237 3768 4300 tentationum

475 4325 623 4386 Puto
646 4323 946 4403 equidem,
965 4325 1080 4386 nisi
1103 4343 1210 4403 ego
1238 4326 1654 4406 memetipsum
1685 4327 2036 4389 omnisedu-
2058 4315 2100 4364 Ῑ)
2121 4315 2238 4388 nos
2276 4327 2681 4390 invadentium
2704 4315 3138 4409 tolerantiam,
3184 4334 3244 4388 et
3288 4346 3394 4408 per
3442 4326 3770 4407 voluptates

388 4411 882 4474 litateamaculis
901 4422 1285 4493 peccatorum
1309 4433 1576 4475 meorum
1597 4414 2037 4495 fusislacrymis
2119 4416 2296 4494 hujus
2345 4417 2476 4478 vitae
2525 4417 2985 4478 commoriamur
3031 4416 3112 4490 ei,
3165 4427 3233 4478 ut
3279 4415 3458 4477 etiam
3506 4416 3772 4477 vivamus

391 4517 744 4580 expurgem.
771 4505 874 4562 sed
898 4501 978 4562 ita
1009 4509 1280 4580 turpatus
1310 4501 1484 4566 vitam
1515 4503 1871 4583 compleam,
1897 4506 2036 4584 jure
2118 4523 2251 4566 cum
2281 4523 2372 4567 eo.
2407 4508 2552 4570 Cum
2582 4506 2712 4586 ipso
2746 4504 2910 4586 puris
2943 4503 3242 4566 mentibus
3263 4504 3415 4564 viam
3439 4503 3513 4564 ad
3547 4504 3766 4566 coelum

388 4589 610 4670 optimo
643 4606 802 4650 mea
835 4591 955 4651 Deo
988 4597 1042 4650 et
1073 4591 1298 4668 angelis
1348 4593 1478 4671 ejus
1509 4593 1771 4668 irrisum,
1812 4603 1869 4654 et
1899 4613 2034 4655 cum
2119 4593 2432 4656 ducentem
2465 4593 2859 4656 ambulemus.
2888 4591 3318 4656 Gradientibus
3349 4593 3570 4654 etenim
3600 4591 3774 4654 nobis

400 4677 779 4741 daemonibus
807 4677 868 4739 in
899 4677 1104 4758 ignem
1141 4687 1430 4741 aeternum
1463 4680 1845 4744 deturbatum
1875 4683 1974 4744 iri.
1995 4687 2039 4746 Ε
2123 4701 2231 4763 per
2255 4684 2409 4745 viam
2441 4687 2853 4746 mandatorum
2879 4681 3114 4743 Domini
3138 4701 3206 4743 ac
3229 4683 3337 4744 Dei
3371 4681 3585 4760 nostri,
3609 4700 3774 4742 eum-

387 4785 595 4829 revera
629 4767 716 4830 sic
755 4776 866 4842 est,
901 4767 1139 4843 fratres;
1185 4769 1357 4832 Nihil
1405 4777 1566 4831 enim
1618 4772 1945 4835 intulimus
1975 4776 2038 4835 in
2125 4792 2239 4854 que
2288 4772 2696 4854 sequentibus,
2734 4791 2844 4834 nec
2880 4780 3042 4833 retro
3084 4771 3298 4852 pedem
3343 4770 3770 4845 referentibus,

383 4857 547 4919 hunc
569 4859 870 4919 mundum
892 4857 976 4931 80,
1013 4866 1074 4917 ut
1095 4877 1227 4918 cum
1267 4859 1733 4939 peccaverimus,
1760 4861 1818 4922 id
1841 4861 2035 4943 ipsum
2129 4863 2274 4923 nihil
2306 4863 2584 4926 inimicus
2613 4879 2830 4924 nocere
2862 4861 3098 4941 poterit,
3151 4861 3405 4921 maxime
3437 4858 3487 4920 si
3521 4877 3654 4920 cum
3691 4860 3768 4920 ti—

380 4946 503 5010 Deo
530 4948 601 5009 ad
629 4956 874 5028 peccata
900 4958 1101 5010 nostra
1135 4950 1487 5012 redimenda
1525 4952 1700 5030 pretii
1733 4954 1861 5014 loco
1895 4973 2032 5034 per-
2119 4953 2235 5013 deli
2265 4953 2437 5026 duce,
2473 4951 2761 5032 bonisque
2799 4949 3120 5012 comitibus
3151 4949 3599 5011 incesserimus.
3636 4951 3770 5012 Me-

381 5037 708 5099 solvamus;
739 5039 902 5112 Quid
925 5043 1086 5100 enim
1107 5038 1277 5100 dabit
1299 5040 1474 5101 homo
1501 5042 1645 5115 Deo,
1671 5040 1751 5101 ait
1775 5042 2031 5121 Aposto-
2119 5051 2348 5103 luamus
2371 5041 2706 5120 exemplum
2732 5039 2806 5100 ob
2836 5040 3208 5100 sterilitatem
3243 5037 3575 5100 maledictis
3593 5038 3769 5111 ficus,

382 5126 495 5199 lus,
524 5135 579 5186 et
602 5127 966 5189 retribuetur
993 5129 1048 5190 ei
1067 5127 1121 5177 81
1145 5127 1176 5187 ?
1214 5128 1335 5191 Hoc
1367 5137 1452 5190 est
1478 5148 1684 5190 verum
1710 5130 2026 5213 judicium,
2115 5139 2172 5190 at
2204 5129 2432 5192 Christo
2477 5129 2687 5207 dignos
2737 5127 3097 5208 paenitentiae
3131 5127 3358 5188 fructus
3393 5127 3714 5186 offeramus
3753 5147 3768 5188 :

387 5215 510 5275 haec
537 5216 697 5293 justa
726 5223 784 5276 et
812 5235 955 5277 vera
983 5234 1120 5277 vera
1155 5217 1498 5294 humilitas;
1534 5218 2032 5300 sicutetSpiritus
2117 5240 2189 5280 ne
2235 5237 2342 5299 per
2386 5218 2675 5297 ignaviam
2733 5216 2945 5277 animae
2995 5214 3408 5288 dormitantes,
3467 5214 3771 5295 lampade,

2217 5379 2451 5442 83Psal.
2485 5379 2776 5452 1.,18,19.
2862 5377 2926 5426 84
2946 5375 3227 5452 ΜειιῐΙιΝ,
3259 5378 3349 5439 l7.
3433 5375 3689 5438 35.Ioan.
3720 5373 3767 5438 Ι.

462 5373 576 5434 801
606 5373 757 5435 Tim.
791 5392 871 5449 Vl,
909 5376 964 5434 '7.
1053 5375 1105 5426 81
1141 5376 1308 5439 llom.
1334 5395 1416 5452 XI,
1443 5379 1541 5442 35.
1629 5379 1687 5430 1'32
1714 5381 1866 5444 Psal.
1890 5400 2047 5457 XLIX,

469 5503 500 5536 ,ί
565 5455 629 5504 86
657 5455 830 5516 Rom.
855 5472 988 5536 AVllI,
1023 5456 1082 5516 2.
1167 5459 1227 5507 87
1259 5459 1440 5522 Exod.
1476 5477 1575 5536 xx,
1623 5461 1691 5522 l3
1719 5480 1885 5536 seqq.
1927 5481 1942 5536 ;
1998 5473 2063 5526 M:

2217 5379 2776 5452 83Psal.1.,18,19.
2862 5377 2926 5426 84
2946 5375 3227 5452 Mattlnv,
3259 5378 3349 5439 l7.
3433 5375 3689 5438 851mm.
3720 5373 3767 5438 Ι.

2148 5469 2196 5526 li.
2230 5479 2288 5536 v,
2321 5461 2391 5522 Ἡ
2431 5479 2596 5536 seqq.
2682 5459 2745 5509 83
2769 5457 2940 5520 Joan.
2974 5474 3075 5535 xv,
3109 5459 3168 5517 7.
3255 5458 3318 5507 89
3342 5456 3515 5520 Joan.
3549 5471 3670 5536 Iuv,
3704 5456 3769 5520 6.

381 5454 481 5514 29.
565 5455 629 5504 86
657 5455 830 5516 Rom.
865 5472 988 5533 VIII,
1023 5456 1082 5516 Ξ.

381 5533 444 5584 90
475 5535 640 5600 Joan.
675 5551 810 5611 xvn,
844 5534 941 5597 ‘24.

1629 5379 1687 5430 1'32
1714 5381 1866 5444 Psal.
1890 5400 2047 5457 XLIX,
2070 5390 2130 5446 9.

1167 5459 1227 5507 εἳ
1259 5459 1440 5522 Exod.
1476 5477 1575 5538 xx,
1623 5461 1691 5522 I3
1719 5480 1885 5542 seqq.
1927 5481 1942 5537 ;
1998 5467 2196 5527 Matth.
2230 5479 2288 5537 v,
2321 5461 2391 5522 Ἡ
2431 5479 2596 5540 seqq.
