4112 6106
370 251 490 316 499

363 481 780 642 tulliisoectoigitur
825 571 936 641 est,
989 564 1154 645 quod
1211 583 1305 627 me
1336 565 1631 626 dicturum
1665 563 2005 646 pollicebat.

1689 254 1993 318 SYMEON
1997 249 2065 315 IS
2104 252 2454 319 JUNIORIS

358 385 515 466 apud
548 385 768 448 inferos
803 383 1060 466 delituit,
1091 382 1272 445 unica
1301 401 1442 447 voce
1472 384 1584 448 hac
1615 385 1865 449 evadere
1896 405 2002 468 po-
2021 391 2064 441 Α

3632 259 3753 324 500

2167 385 2281 448 Sed
2314 388 2774 466 profunditatem
2805 391 3220 471 mysteriorum
3249 391 3358 454 Dei
3387 391 3642 473 dispice,
3687 401 3751 456 et

2091 473 2279 550 disce,
2314 494 2383 538 ac
2404 476 2620 540 docere
2649 478 2814 560 inde,
2839 499 2960 541 non
2982 480 3166 542 fuisse
3189 481 3539 560 ejiciendos,
3570 481 3621 542 si
3642 499 3748 543 eos

2091 563 2339 625 sceleris
2396 568 2819 646 paenituisset:
2885 588 3002 630 non
3062 569 3312 631 fuissent
3340 570 3742 646 condemnati,

359 653 515 715 Audi
540 652 793 732 reliqua,
829 661 886 714 et
929 657 1082 736 quod
1136 653 1280 732 dixi,
1309 653 1456 714 citra
1486 654 1666 715 ullam
1698 653 2009 715 falsitatem
2094 669 2212 712 non
2232 652 2440 716 fuisset
2469 656 2582 717 lata
2611 657 3010 738 sententia,ut
3031 657 3090 718 in
3116 665 3337 720 terram
3364 667 3742 721 reverteren-

359 761 562 803 verum
599 760 729 803 esse
760 761 1103 822 cognosces.
1136 742 1297 805 Dixit
1341 742 1503 807 Deus
1533 741 1763 804 Adamo
1796 761 1809 806 :
1844 741 2015 817 Qua-

361 850 596 911 cunque
617 831 771 894 hora
801 833 1181 895 comederitis
1205 831 1278 894 de
1311 833 1504 911 ligno,
1536 831 1609 893 de
1629 849 1745 912 quo
1757 831 2022 912 praecepi

361 922 530 982 vobis
543 939 620 982 ne
633 922 982 996 comedatis,
998 927 1189 983 morte
1200 920 1640 995 moriemini95,
1658 929 1845 981 morte
1863 920 2022 982 vide-

360 1009 502 1070 licet
531 1009 767 1089 animas,
798 1010 953 1090 quod
1007 1017 1065 1070 et
1124 1009 1253 1090 ipsa
1311 1009 1412 1070 illa
1469 1010 1616 1070 hora
1645 1008 1867 1070 factum
1902 1016 2016 1086 est,

361 1100 616 1179 ideoque
648 1100 863 1160 stolam
898 1098 1362 1161 immortalitatis
1395 1099 1679 1178 perdidit.
1711 1098 1869 1160 Nihil
1899 1118 2020 1160 am-

365 1189 522 1269 plius
551 1189 822 1268 praedixit
851 1188 1028 1270 Deus,
1066 1197 1124 1250 et
1156 1188 1303 1248 nihil
1340 1197 1628 1268 praeterea
1657 1189 1872 1249 factum
1905 1197 2016 1250 est.

363 1277 692 1340 Praesciens
725 1277 908 1357 enim,
945 1285 1007 1338 ut
1037 1277 1214 1353 Deus,
1245 1296 1494 1357 peccare
1515 1296 1687 1358 posse
1703 1277 2016 1351 Adamum,

362 1368 685 1446 volensque
745 1367 1052 1446 poenitenti
1110 1366 1439 1444 ignoscere,
1517 1367 1667 1427 nihil
1741 1367 2016 1446 amplius,

367 1462 432 1516 ut
488 1456 712 1516 dictum
763 1464 874 1532 est,
932 1466 1135 1516 contra
1188 1474 1323 1516 eum
1374 1463 1546 1516 antea
1593 1455 2016 1535 pronuntiavit.

369 1547 682 1625 Postquam
713 1552 911 1605 autem
942 1548 1172 1622 negavit
1204 1553 1508 1624 peccatum
1542 1563 1736 1620 suum,
1799 1554 1857 1606 et
1908 1563 2018 1605 ne-

2101 748 2214 816 tur,
2250 742 2324 804 de
2354 763 2467 824 qua
2491 745 2712 823 sumpti
2743 746 3469 827 essent.Audiquomodo.
3496 749 3743 810 Postea-

2106 848 2282 909 quam
2317 833 2491 910 ejecti
2521 841 2681 908 sunt,
2717 853 2850 896 mox
2883 835 2944 896 in
3000 835 3237 898 labores
3267 854 3335 897 ac
3366 835 3614 899 sudores
3643 836 3746 898 in-

2107 918 2405 1000 ciderunt,
2429 922 2772 1002 esurireque
2791 942 2859 984 ac
2880 924 3066 998 sitire,
3101 934 3160 985 et
3187 924 3383 1004 rigere
3407 943 3476 986 ex
3498 925 3745 1002 frigore,

2104 1025 2171 1068 ac
2197 1016 2454 1070 tremere
2482 1021 2809 1092 creperunt,
2847 1032 2914 1074 ac
2972 1015 3203 1092 perpeti
3259 1015 3599 1093 hujusmodi
3645 1015 3745 1074 in-

2102 1099 2670 1180 commoda,[qualia
2702 1111 2759 1162 et
2788 1120 2895 1162 nos
2952 1102 3154 1182 hodie,
3187 1109 3245 1163 et
3275 1103 3444 1182 plura
3477 1101 3744 1183 perpeti-

2104 1201 2259 1255 mur,
2320 1185 2420 1264 qui
2479 1186 2752 1249 videlicet
2833 1189 3177 1250 calamitatis
3235 1190 3410 1268 hujus
3463 1200 3522 1250 et
3576 1207 3750 1250 casus

2103 1272 2501 1349 cognitionem
2532 1276 2874 1357 accepimus
2901 1299 2914 1340 :
2957 1297 3065 1338 nec
3097 1277 3154 1338 id
3187 1278 3400 1349 solum,
3435 1279 3537 1340 sed
3571 1278 3750 1340 etiam

2104 1359 2290 1440 ipsius
2322 1382 2530 1424 eorum
2562 1365 2845 1441 stultitiae,
2907 1374 2964 1427 et
3021 1365 3338 1427 ineffabilis
3367 1366 3474 1428 Dei
3506 1367 3751 1428 miseri-

2104 1450 2339 1511 cordia.
2377 1451 2553 1514 Extra
2585 1454 2920 1533 paradisum
2974 1455 3173 1535 itaque
3229 1464 3526 1532 vagantes,
3561 1463 3619 1517 et
3648 1473 3749 1517 se-

2103 1536 2332 1614 dentes,
2371 1541 2757 1620 poenitebant,
2794 1542 3037 1618 flebant,
3072 1544 3755 1620 lamentabantur,fron-

367 1652 483 1714 que
512 1634 920 1713 reprehensus
950 1652 983 1694 a
1015 1636 1136 1696 Deo
1169 1633 1596 1712 paenitudinem
1621 1635 1912 1713 concepit,
1940 1634 2018 1694 ait
2040 1639 2077 1686 Β
2104 1638 2222 1688 tem
2236 1629 2547 1705 feriebant,
2575 1631 2819 1712 capillos
2838 1632 3159 1700 laniabant.
3183 1633 3564 1712 pertinaciam
3581 1652 3748 1694 suam

369 1722 564 1784 enim:
620 1722 862 1802 Mulier,
897 1740 1079 1800 quam
1108 1723 1327 1784 ded-isti
1354 1723 1532 1796 mihi,
1564 1723 1694 1801 ipsa
1725 1741 1821 1784 me
1849 1725 2020 1784 dece-

363 1813 484 1891 pit.
513 1846 590 1855 —
617 1813 814 1886 Quum
857 1811 1076 1873 dedisti
1110 1813 1267 1874 mihi
1282 1831 1360 1885 ,ὀ
1402 1812 1659 1872 animam
1704 1831 1906 1891 parum
1941 1820 2026 1872 at-

368 1906 611 1974 tentam,
636 1919 704 1960 ac
724 1898 844 1960 Deo
862 1901 1030 1980 quasi
1049 1900 1372 1974 dicentem,
1402 1903 1490 1962 Tu
1513 1901 1807 1962 offendisti
1831 1922 1844 1961 ε
1881 1903 2022 1965 Mu-

372 1987 488 2050 lier
521 2007 696 2067 quam
727 1989 946 2050 dedisti
990 1990 1166 2064 mihi,
1202 1989 1334 2068 ipsa
1365 2007 1460 2050 me
1492 1991 1748 2069 derepit,
1783 1990 1935 2069 quod
1970 1998 2027 2051 et

372 2096 532 2138 nunc
592 2077 825 2157 abjecto
879 2077 1049 2151 mihi,
1102 2087 1160 2139 et
1206 2077 1437 2139 infelici
1485 2096 1596 2138 usu
1647 2077 1848 2140 venit:
1906 2097 2026 2140 non

374 2165 535 2227 enim
576 2166 704 2227 volo
737 2185 1001 2246 unquam
1033 2166 1361 2241 humiliari,
1401 2174 1459 2228 et
1486 2169 1686 2228 dicere
1715 2187 1782 2228 ex
1799 2168 2018 2237 animo,

374 2254 500 2334 Ego
534 2255 886 2335 perditionis
918 2274 1065 2316 meae
1087 2274 1264 2316 causa
1294 2275 1422 2316 sum
1459 2275 1471 2314 :
1508 2257 1612 2316 sed
1645 2257 1762 2328 aio,
1805 2257 1906 2318 ille
1932 2275 2025 2317 me

2106 1716 2508 1797 deplorantes.
2545 1719 2609 1781 Id
2648 1739 2823 1801 porro
2882 1741 2998 1782 non
3051 1741 3256 1802 unum,
3319 1730 3419 1783 aut
3446 1723 3615 1797 duos,
3652 1730 3753 1782 aut

2106 1807 2316 1869 decem
2348 1809 2499 1888 dies,
2535 1810 2664 1880 sed,
2725 1810 2976 1870 credatis
3035 1808 3183 1870 mihi
3238 1810 3436 1884 velim,
3489 1810 3753 1890 quandiu

2106 1905 2243 1958 astas
2275 1899 2695 1978 suppeditavit.
2755 1898 3062 1970 Quomodo
3117 1899 3274 1960 enim
3329 1907 3604 1979 poterant
3633 1918 3755 1960 non

2109 1985 2486 2046 continenter
2514 1994 2687 2067 atque
2712 1989 2872 2048 omni
2911 1999 3178 2066 tempore
3209 1987 3493 2066 lacrymas
3517 1988 3758 2068 profun-

2109 2074 2270 2152 dere,
2308 2074 2789 2154 cumeominum
2824 2076 2989 2137 illum
3027 2085 3142 2136 tam
3168 2085 3562 2152 mansuetum,
3597 2077 3756 2138 deli-

2109 2164 2232 2226 cias
2277 2164 2430 2239 illas,
2492 2183 2637 2245 quas
2697 2184 2891 2226 sermo
2951 2164 3154 2245 nequit
3209 2165 3537 2241 declarare,
3593 2166 3758 2227 illam

2108 2255 2317 2315 ﬂorum
2349 2254 2848 2333 pulchritudinem
2873 2252 3355 2328 inenarrabilem,
3395 2254 3553 2315 illam
3578 2255 3753 2316 vitam

375 2345 450 2405 ad
492 2345 641 2415 haec,
679 2351 736 2405 et
764 2345 867 2406 illa
896 2343 1171 2420 dicenda,
1235 2344 1506 2406 facienda
1550 2345 1865 2424 instigavit.
1923 2345 2030 2407 Ille
2115 2344 2275 2403 omni
2307 2343 2706 2405 sollicitudine
2737 2363 2805 2405 ac
2863 2342 3064 2405 labore
3113 2360 3377 2417 vacuam,
3409 2344 3754 2422 angelorum

383 2432 529 2492 mihi
559 2434 764 2507 suasit,
799 2441 863 2493 ut
892 2435 1004 2495 hoc
1035 2441 1093 2494 et
1137 2434 1248 2495 hoc
1300 2434 1676 2513 facerem,f__et
1705 2444 2023 2515 patrarem.
2111 2431 2184 2491 ad
2234 2433 2394 2512 ipsos
2451 2433 2775 2494 descensus
2829 2450 3230 2511 ascensusque
3297 2433 3757 2511 recogitarent?

379 2519 426 2582 Ο
459 2519 758 2582 infelicem
793 2521 1074 2596 animam,
1123 2521 1302 2583 verba
1333 2524 1560 2603 peccati
1593 2524 1766 2604 plena
1798 2525 2032 2604 profun-
2114 2520 2625 2593 Quemadmodum
2661 2523 2843 2598 enim,
2905 2521 3003 2602 qui
3058 2519 3130 2581 ab
3189 2521 3386 2602 aliquo
3419 2523 3755 2604 principum

380 2609 623 2670 dentem
657 2612 670 2670 !
733 2609 779 2672 Ο
810 2611 1024 2672 animae
1052 2611 1416 2691 impudentis
1444 2621 1502 2672 et
1533 2614 1801 2674 scelesta)
1830 2613 2029 2693 impu-
2114 2610 2290 2689 hujus
2319 2611 2518 2672 saeculi
2551 2612 2718 2672 electi
2750 2617 2888 2671 sunt
2925 2609 3100 2685 servi,
3135 2609 3208 2670 ad
3241 2611 3638 2690 praestandum
3669 2612 3757 2672 illi

384 2697 622 2758 dentem
654 2699 1084 2778 scelestamque
1129 2699 1454 2761 orationem
1494 2700 1505 2758 !
1560 2703 1762 2782 Itaque
1812 2721 1942 2762 cum
1976 2711 2030 2762 et
2115 2716 2310 2758 coram
2348 2697 2775 2772 ministerium,
2803 2697 3058 2778 quandiu
3095 2696 3518 2775 reverentiam,
3553 2706 3612 2762 et
3643 2700 3754 2760 ho-

385 2786 500 2847 hoc
530 2787 793 2859 Adamus
826 2787 1184 2866 protulisset,
1219 2789 1360 2850 dicit
1393 2790 1448 2850 ei
1477 2789 1632 2850 Deus
1669 2811 1681 2852 :
1715 2790 1789 2851 In
1821 2790 2032 2852 labore
2115 2805 2342 2861 norem,
2380 2787 2434 2848 ei
2466 2788 2764 2850 serviendi
2794 2805 3007 2848 munus
3038 2786 3336 2848 sincerum
3369 2787 3618 2849 Domino
3650 2805 3757 2849 suo

377 2881 431 2968 et
456 2877 678 2938 sudore
691 2876 956 2938 comedas
973 2895 1192 2954 panem
1216 2883 1412 2953 tuum,
1441 2887 1497 2942 et
1511 2885 1720 2960 spinas
1742 2898 1814 2941 ac
1838 2879 2029 2942 tribu-
2052 2920 2091 2968 ο
2119 2884 2414 2955 praestant,
2450 2877 2790 2957 ipsumque,
2823 2895 2920 2954 ,ac
2969 2895 3287 2938 conversos
3316 2895 3451 2938 suos
3480 2877 3752 2953 diligunt,

379 2963 468 3025 los
493 2972 660 3027 terra
678 2965 1036 3045 germinabit
1059 2967 1191 3028 tibi.
1236 2966 1306 3028 Et
1333 2976 1668 3048 postremo:
1703 2969 1860 3041 Quia
1890 2963 2090 3047 pul-'
2120 2965 2298 3026 etiam
2329 2965 2603 3028 libertate
2651 2984 2790 3045 erga
2839 2985 2996 3040 eum,
3058 2973 3117 3026 et
3175 2965 3578 3026 benevolentia
3626 2967 3756 3045 ejus

377 3055 470 3115 vis
488 3072 572 3135 es,
605 3061 662 3116 et
687 3056 752 3115 in
781 3053 1098 3134 pulverem
1116 3061 1467 3119 reverteris.
1497 3056 2033 3138 Dicebam,jinquit,

2120 3071 2443 3135 amoreque
2489 3057 2667 3116 multa
2724 3075 2856 3117 cum
2909 3055 3233 3135 vacatione,
3283 3054 3649 3134 jucunditate
3698 3063 3758 3116 et

378 3151 443 3203 ut
477 3143 790 3223 paeniteret
822 3151 904 3218 te,
965 3143 1397 3225 pristinamque
1454 3146 1584 3207 vita;
1614 3145 1862 3207 formam
1895 3147 2040 3210 reti-
2120 3143 2515 3205 oblectatione
2547 3144 2950 3224 perfruuntur.
2987 3142 3090 3204 Sin
3137 3153 3332 3204 autem
3376 3142 3437 3203 in
3477 3160 3759 3204 vesanam

383 3250 580 3294 neres.
605 3231 754 3304 Quia
770 3251 904 3293 vero
927 3233 1077 3293 adeo
1100 3233 1445 3312 praefractus
1480 3253 1566 3307 es,
1599 3253 1782 3314 apage
1813 3235 1886 3296 de
1918 3254 2036 3296 cae-
2118 3231 2496 3293 insolentiam
2527 3243 2731 3296 contra
2762 3234 3077 3295 Dominum
3108 3252 3277 3293 suum
3308 3232 3489 3306 versi,
3522 3231 3755 3293 obtorto

381 3327 508 3382 tero
541 3341 575 3382 a
605 3339 722 3396 me,
759 3329 817 3382 et
845 3321 1097 3382 sufficiet
1126 3321 1231 3382 tibi
1262 3323 1332 3382 ad
1367 3323 1741 3403 disciplinam
1773 3324 2033 3385 desertio

382 3418 482 3471 tua
501 3426 514 3471 :
545 3410 851 3484 Quoniam
869 3409 1070 3489 pulvis
1092 3427 1177 3490 es,
1203 3418 1258 3472 et
1275 3413 1338 3473 in
1351 3411 1667 3491 pulverum
1689 3418 2030 3476 reverteris.

381 3499 468 3561 En
524 3499 724 3578 igitur,
773 3497 1056 3573 didicisti,
1112 3518 1244 3560 eum
1285 3508 1416 3580 post
1464 3501 2030 3581 praevaricationem,

381 3588 515 3668 quia
539 3607 656 3649 non
679 3587 974 3668 paenituit,
1002 3605 1115 3650 nec
1138 3587 1306 3663 dixit,
1337 3589 1600 3664 Peccavi,
1631 3590 2029 3669 etexpulsum,

383 3683 441 3736 et
472 3675 531 3736 in
566 3675 769 3737 labore
801 3695 870 3737 ac
900 3675 1118 3738 sudore
1169 3675 1348 3744 vitam
1400 3695 1575 3756 agere
1598 3681 1851 3757 jussum,
1886 3686 1944 3738 et
1970 3677 2031 3738 in

382 3772 622 3840 terram,
657 3764 732 3826 de
762 3783 879 3845 qua
907 3773 1248 3845 assumptus
1292 3773 1402 3847 est,
1437 3767 1776 3828 damnatum
1809 3785 1940 3828 esse
1970 3774 2034 3827 ut

380 3854 629 3934 rediret,
663 3854 824 3935 quod
855 3854 936 3915 ita
970 3856 1239 3918 evenisse
1292 3864 1521 3917 constat
1568 3875 1640 3918 ex
1693 3856 1785 3916 his
1813 3876 1943 3936 quae
1971 3857 2032 3916 in

382 3941 692 4022 Scriptura
752 3951 1102 4024 sequuntur.
1162 3943 1418 4006 Proinde
1493 3945 1594 4007 illo
1655 3944 1900 4006 dimisso
1957 3945 2030 4005 ad

2119 3322 2269 3382 collo
2298 3329 2531 3402 raptent
2586 3341 2909 3383 conservos
2958 3340 3120 3394 suos,
3181 3339 3364 3401 seque
3423 3339 3603 3401 supra
3629 3321 3763 3382 illos

2119 3411 2386 3486 efferant,
2416 3412 2518 3492 qui
2564 3412 2718 3491 apud
2763 3411 2928 3472 illum
2983 3410 3275 3486 libertate,
3323 3409 3757 3483 benevolentia,

2120 3509 2178 3562 et
2204 3520 2409 3563 amore
2464 3500 2819 3580 gaudebant,
2879 3518 2948 3560 ea
3004 3499 3202 3559 omnia
3255 3499 3554 3572 amittunt,
3612 3501 3663 3559 ei
3697 3499 3759 3558 in

2118 3591 2499 3673 longinquam
2533 3591 2604 3652 ab
2619 3610 2688 3654 eo
2712 3589 3014 3669 regionem
3038 3589 3298 3665 relagati,
3324 3589 3567 3666 ejusque
3582 3588 3755 3666 jussu

2114 3682 2446 3744 innumeris
2479 3680 2912 3761 lassitudinum,
2956 3678 3443 3756 vexationumque
3474 3674 3754 3737 tentatio-

2116 3772 2292 3834 nibus
2322 3769 2564 3850 objecti,
2599 3769 2783 3848 magis
2816 3768 3116 3846 magisque
3149 3765 3322 3825 ferias
3362 3761 3574 3842 quibus
3598 3762 3752 3822 frue-

2116 3861 2353 3941 bantur,
2389 3868 2448 3922 et
2481 3859 2836 3921 detrimenta
2869 3858 3154 3917 bonorum
3187 3853 3537 3915 amissorum
3568 3851 3754 3941 intel-

2114 3939 2580 4029 ligunLEOdem
2617 3946 2792 4007 modo
2825 3945 3202 4026 protoplastis
3248 3941 3464 4015 evenit,
3497 3939 3596 4020 qui
3625 3956 3762 4000 cum

380 4031 559 4094 Evam
589 4033 772 4109 venit,
806 4032 1126 4094 ostendere
1155 4034 1381 4110 volens,
1415 4033 1601 4114 ipsam
1636 4053 1869 4114 quoque
1901 4052 2029 4113 poe-
2113 4041 2177 4103 in
2234 4037 2504 4116 paradiso
2560 4043 2802 4113 agentes
2862 4032 3031 4094 bonis
3085 4032 3205 4092 illis
3258 4029 3759 4116 circumfluerent,

379 4120 575 4182 nitere
599 4121 925 4202 nolentem,
946 4123 1084 4201 jure
1106 4141 1238 4182 cum
1267 4123 1394 4202 ipso
1425 4123 1674 4202 ejectum
1700 4122 1796 4196 iri,
1826 4133 1883 4181 et
1912 4124 2024 4184 ait:
2054 4200 2079 4202 η
2117 4115 2335 4189 deinde
2365 4125 2437 4186 ab
2467 4124 2680 4185 iisdem
2714 4121 2936 4184 exclusi
2966 4131 3023 4182 et
3073 4119 3346 4201 projecti,
3380 4117 3483 4179 ubi
3514 4134 3584 4180 ea
3611 4115 3763 4176 ami-

383 4209 540 4283 Quid
601 4210 708 4272 hoc
761 4200 1020 4286 fecisti?
1076 4219 1140 4271 ut
1197 4219 1255 4271 et
1293 4200 1400 4272 illa
1427 4200 1720 4290 subjiciat,
1773 4200 2270 4291 peccavi.Dsisse
2299 4220 2640 4285 senserunt,
2705 4229 2941 4290 semper
3002 4200 3494 4286 lamentabantur,
3527 4222 3767 4284 semper

381 4299 530 4359 Nam
561 4297 706 4378 quid
738 4299 959 4380 alioqui
988 4317 1137 4380 opus
1167 4298 1424 4362 habebat
1451 4300 1630 4375 Deus,
1664 4318 1883 4380 quaeso,
1918 4301 2034 4360 hu—
2119 4303 2361 4377 ﬂebant,
2407 4301 2644 4362 Domini
2687 4301 2778 4360 sui
2825 4297 3297 4360 misericordiam
3350 4296 3759 4376 implorantes,

377 4387 644 4466 jusmodi
673 4387 874 4448 verbis
907 4407 1035 4449 eam
1087 4391 1467 4467 compellare,
1527 4389 1640 4450 nisi
1673 4389 1783 4449 hac
1812 4391 1936 4450 sola
1964 4390 2038 4449 de
2121 4392 2271 4463 Quid
2326 4391 2482 4464 facit,
2536 4389 2633 4470 qui
2684 4390 2902 4450 mullus
2960 4397 3048 4448 est
3099 4386 3157 4446 in
3217 4383 3648 4462 misericordia,
3709 4392 3766 4444 et

381 4493 582 4552 causa,
619 4484 681 4536 ut
714 4476 947 4537 diceret
999 4476 1100 4537 illa
1139 4494 1152 4537 :
1217 4479 1280 4538 In
1341 4478 1682 4558 insipientia
1739 4497 1892 4559 mea,
1928 4481 2041 4541 De-
2121 4481 2324 4545 tardus
2353 4480 2415 4540 in
2445 4478 2784 4559 supplicio?
2820 4479 2889 4540 Ut
2921 4477 3189 4537 viditeos
3227 4473 3588 4545 humiliatos,
3623 4491 3766 4552 pro-

383 4562 570 4638 mine,
596 4564 754 4627 istud
777 4565 891 4626 feci
916 4567 944 4626 ?
967 4585 1074 4643 ego
1105 4564 1324 4626 nullius
1346 4566 1542 4645 pretii,
1583 4576 1636 4628 et
1673 4567 1899 4628 misella
1931 4566 2036 4629 tibi
2122 4573 2297 4632 latam
2334 4570 2684 4630 sententiam
2711 4587 2843 4627 mox
2867 4574 3125 4639 revocat,
3157 4583 3289 4627 cum
3323 4563 3396 4625 ad
3429 4561 3767 4641 castigatio-

381 4651 636 4714 Domino
669 4671 802 4715 meo
831 4673 949 4714 non
980 4653 1385 4733 obtemperavi
1417 4654 1701 4717 miserere
1733 4657 1869 4719 mei.
1920 4656 2038 4719 Sed
2125 4679 2262 4720 nem
2294 4659 2541 4733 scilicet,
2577 4665 2634 4718 et
2667 4674 2738 4716 ne
2769 4655 2900 4736 quis
2930 4653 3231 4717 Conditori
3262 4653 3670 4713 universorum
3703 4669 3769 4713 se

381 4740 494 4802 ista
514 4759 632 4803 non
657 4741 824 4804 dixit.
851 4741 1002 4814 Quid
1037 4749 1230 4803 autem
1263 4743 1561 4822 !Serpens
1589 4746 1817 4824 decepit
1839 4765 1956 4810 me.
1989 4747 2036 4809 Ο
2122 4755 2473 4829 opponeret,
2509 4765 2638 4806 eam
2674 4745 2920 4806 tulisset.
2987 4742 3130 4805 Cum
3190 4741 3374 4816 enim,
3409 4748 3472 4802 ut
3499 4740 3678 4816 Deus,
3709 4749 3770 4802 et

385 4838 688 4910 stuporem
718 4832 730 4891 !
764 4830 925 4894 Itane
952 4849 1105 4912 pane
1130 4849 1261 4891 cum
1288 4843 1567 4912 serpente
1599 4842 1806 4894 contra
1845 4836 2042 4896 Domi-
2124 4857 2323 4899 casum
2356 4834 2615 4897 hominis
2675 4842 2733 4894 et
2781 4833 3183 4913 pmnitentiam
3239 4829 3562 4910 prmsciret,
3595 4836 3771 4890 ante-

385 4939 526 4981 num
547 4921 728 4984 verba
754 4921 856 4983 tibi
881 4922 1196 5001 ingerente
1226 4922 1648 4983 commercium
1679 4923 1958 4996 habuisti,
1980 4935 2037 4986 et
2121 4945 2295 5006 quam
2329 4923 2774 4986 universitatem
2808 4923 3133 4997 moliretur,
3167 4917 3766 5000 etopporlunitatem,

386 5009 548 5071 hunc
575 5010 698 5072 Deo
729 5009 987 5072 creatori
1011 5017 1110 5070 tuo
1137 5009 1466 5088 praitulisti,
1492 5021 1548 5071 et
1575 5010 1886 5071 consilium
1907 5012 2036 5090 ejus
2122 5026 2177 5076 et
2208 5025 2458 5093 tempus,
2493 5021 2550 5073 et
2580 5012 2896 5092 quomodo,
2934 5019 2990 5071 et
3020 5011 3254 5090 quando
3278 5010 3436 5069 hunc
3464 5007 3538 5068 ab
3563 5007 3769 5068 exsilio

387 5099 660 5161 mandato
692 5099 929 5162 Domini
962 5099 1355 5180 praestantius,
1405 5117 1475 5160 ac
1505 5099 1700 5160 verius
1731 5099 2034 5161 existima-
2117 5103 2452 5172 reduceret,
2500 5099 2904 5162 secretissimo
2957 5099 3212 5178 judicio,
3270 5107 3329 5160 et
3376 5097 3771 5176 investigabili

383 5191 493 5254 sti!
527 5191 642 5254 Ubi
672 5193 850 5273 igitur
879 5211 992 5255 nec
1021 5191 1181 5252 illam
1216 5190 1512 5253 dicentem
1572 5191 1815 5265 invenit,
1879 5193 2031 5253 Pec-
2118 5191 2278 5255 omni
2309 5188 2544 5271 spiritui
2578 5187 2862 5250 definivit.
2923 5190 3067 5249 Nam
3126 5186 3174 5247 si
3230 5185 3607 5267 quibusdam,
3643 5186 3771 5246 haec

383 5279 527 5356 cavi,
561 5281 888 5361 ejiciuntur
917 5303 948 5344 e
979 5279 1234 5356 deliciis,
1269 5299 1302 5340 a
1357 5279 1650 5361 paradiso,
1685 5291 1742 5343 et
1772 5280 1891 5342 Deo
1923 5299 2030 5342 ex-
2114 5279 2372 5343 revelata
2399 5277 2670 5351 fuissent,
2708 5285 2764 5336 et
2816 5275 3083 5338 scribere
3135 5275 3445 5355 voluisset,
3504 5293 3623 5337 non
3684 5277 3775 5336 eis

384 5369 702 5448 pelluntur.
2115 5380 2372 5450 tempus,
2411 5385 2525 5428 non
2561 5367 2787 5442 charta,
2822 5384 2940 5426 non
2987 5373 3381 5427 atramentum
3413 5365 3773 5428 suffecisset.

461 5547 526 5597 93
552 5543 700 5613 Gen.
738 5565 801 5630 u,
834 5551 934 5611 Π.
