4112 6106
314 279 428 343 501
1733 282 2010 351 ORATIO
2055 281 2328 347 XXXIII.
3590 286 3709 352 502

402 410 570 472 Sicut
597 429 738 492 ergo
769 413 1084 476 miseratus
1106 423 1242 477 ante
1258 417 1560 478 constituit
1593 423 1652 479 et
1672 417 1966 499 praedixit,
1992 423 2034 488 ᾼ
2057 415 2342 481 desidiosi
2368 417 2590 481 fuerint
2617 419 3032 483 incredulitate
3061 437 3167 484 sua
3213 420 3402 484 Deum
3435 428 3711 486 contem-

320 499 411 590 sic
432 502 636 582 utique
667 502 842 564 etiam
873 504 1048 566 fecit:
1079 513 1136 567 et
1181 525 1329 587 quos
1366 525 1398 568 e
1442 508 1713 589 paradiso
1737 515 1974 590 propter
2055 507 2307 590 pserint,
2335 516 2392 570 et
2421 515 2778 590 praeceptum
2823 511 2954 590 ejus
3011 509 3413 573 violaverint?
3447 511 3510 575 Si
3541 513 3705 575 enim

320 587 780 669 impudentiam,
811 599 874 654 et
918 593 1299 674 impaenitens
1341 587 1465 671 cor,
1513 615 1579 658 ac
1611 587 1969 658 voluntatem
2055 596 2139 664 illi
2185 587 2586 671 crididissent,
2618 587 2741 660 non
2787 587 3128 681 serpentem
3160 599 3295 675 Eva,
3349 619 3469 662 non
3529 601 3708 666 Evam

323 677 678 740 obstinatam
705 681 888 761 ejicit,
917 691 981 742 ut
1021 683 1246 757 decuit,
1284 703 1387 745 eos
1428 696 1556 747 acta
1600 685 1968 764 poenitentia,
2059 685 2320 750 Adamus
2352 687 2450 748 ille
2472 687 2588 749 fide
2619 677 2948 768 digniorem
3002 688 3417 751 existimasset.
3454 689 3571 753 Sed
3603 710 3706 753 ca-

323 777 384 830 et
417 788 523 849 pro
555 788 648 844 eo,
681 779 744 832 ut
771 771 1089 851 debebant,
1138 775 1499 851 humiliatos,
1535 785 1592 838 et
1622 785 1746 858 post
1773 777 1973 838 fletum
2060 793 2198 836 vere
2227 776 2556 857 oportebat,
2586 796 2661 840 ne
2707 779 2782 840 de
2830 777 3044 840 arbore
3083 778 3261 840 vetita
3291 779 3702 843 comederent.

325 875 395 918 ac
413 859 682 948 lamenta
704 859 944 941 ipseille
963 862 1124 924 solus
1147 881 1215 924 ex
1241 863 1365 924 solo
1418 864 1754 944 unigenitus
1770 864 1975 936 Filius,
2060 862 2173 926 Ubi
2196 865 2605 941 comederunt,
2643 867 2815 946 ejecti
2849 874 3004 928 sunt.
3067 865 3348 948 Rursum,
3411 867 3561 929 nihil
3592 868 3712 932 illis

326 952 385 1006 et
413 943 677 1007 Verbum
705 948 893 1010 Patris
948 950 1062 1023 sui,
1117 951 1218 1031 qui
1246 952 1355 1013 fuit
1387 943 1720 1014 anteomne
1752 954 1976 1034 princi-

325 1036 517 1126 pium.
577 1057 712 1099 cum
763 1039 1194 1116 descendisset,
1248 1051 1308 1104 ut
1358 1063 1564 1106 omnes
1618 1045 1827 1126 nostis,
1860 1063 1978 1106 non

323 1125 514 1186 solum
545 1127 758 1189 similis
787 1129 907 1191 illis
952 1131 1128 1192 homo
1174 1132 1364 1194 factus
1412 1141 1522 1214 est,
1561 1135 1662 1194 sed
1698 1125 1871 1196 etiam
1906 1133 1979 1195 ad

324 1214 645 1277 violentam
680 1224 738 1278 et
757 1218 1102 1298 probrosam
1132 1229 1385 1284 mortem
1409 1231 1696 1303 raptatus,
1735 1223 1981 1303 perinde

322 1311 388 1364 ut
423 1304 516 1365 illi
548 1306 702 1367 mori
731 1327 849 1368 non
880 1311 1214 1374 recusavit:
1244 1319 1302 1372 et
1331 1313 1702 1374 descendens
1732 1313 1803 1372 ad
1835 1312 1978 1373 infe.

323 1410 446 1472 ros,
479 1393 658 1455 etiam
689 1395 831 1458 inde
861 1415 961 1458 eos
1020 1399 1255 1479 eripuit.
1307 1399 1418 1472 Qui
1450 1419 1587 1478 ergo
1621 1409 1736 1462 tam
1771 1402 1974 1475 multa,

2065 953 2336 1014 exsilium
2367 953 2589 1030 damni,
2624 955 2728 1017 sed
2759 955 3126 1035 amplissima
3172 955 3328 1017 bona
3349 957 3618 1030 contulit,
3653 967 3712 1020 et

2066 1042 2133 1101 ad
2183 1043 2429 1103 salutem
2484 1043 2654 1105 nobis
2712 1044 2989 1107 omnibus
3045 1045 3349 1110 conduxit.
3422 1045 3713 1128 Delapsus

2065 1131 2282 1212 quippe
2305 1132 2378 1193 de
2401 1132 2556 1194 coelo
2576 1133 2864 1196 Dominus
2887 1140 3108 1210 noster,
3128 1141 3317 1197 morte
3333 1153 3440 1196 sua
3458 1143 3710 1197 mortem

2066 1229 2327 1282 nostram
2361 1221 2626 1298 deduxit,
2682 1222 3241 1305 damnationemque
3272 1224 3708 1305 praevaricatio-

2066 1327 2200 1371 nem
2255 1311 2427 1390 primi
2487 1312 2748 1390 parentis
2800 1315 2982 1372 nostri
3036 1321 3410 1375 consecutam
3447 1313 3712 1375 funditus

2064 1399 2324 1480 sustulit,
2361 1419 2582 1481 perque
2613 1420 2845 1463 sacrum
2871 1401 3169 1483 baptisma
3189 1421 3296 1465 nos
3313 1420 3705 1482 regenerans,

321 1499 498 1561 quam
530 1484 804 1564 quotidie
834 1486 1024 1559 audis,
1063 1507 1266 1549 eorum
1297 1507 1476 1550 causa
1505 1489 1766 1569 pertulit,
1791 1497 1854 1550 ut
1877 1507 1980 1551 eos
2065 1495 2122 1548 et
2142 1489 2462 1568 reﬁngens,
2499 1498 2555 1551 et
2601 1509 2669 1552 ea
2706 1491 2971 1572 peafecte
3016 1511 3122 1554 nos
3179 1493 3450 1568 solvens,
3504 1492 3565 1554 in
3595 1494 3710 1554 hoc

319 1570 779 1654 aloginquoillo
819 1575 1024 1638 exsilio
1063 1587 1388 1651 revocaret,
1443 1577 1493 1638 si
1563 1577 1983 1657 poenituissent
2065 1577 2285 1638 mundo
2345 1597 2586 1658 prorsus
2643 1570 2890 1661 liberos,
2952 1599 3062 1643 nec
3130 1581 3427 1661 tyrannidi
3483 1581 3712 1644 inimici

319 1663 381 1724 in
403 1666 697 1756 paradiso,
734 1688 850 1730 non
872 1670 1008 1732 illos
1066 1671 1518 1732 commiseratus
1541 1671 1797 1734 fuisset?
1829 1671 1980 1744 Quid
2008 1707 2044 1756 Β
2067 1667 2362 1746 subjectos
2394 1669 2682 1731 collocat:
2719 1672 2823 1732 sed
2871 1671 3146 1751 primaeva
3177 1670 3404 1732 arbitrii
3427 1670 3707 1735 libertate

323 1755 404 1827 ni,
440 1755 541 1834 qui
569 1755 860 1837 benignus
882 1767 992 1834 est,
1027 1767 1083 1821 et
1130 1759 1355 1820 idcireo
1384 1760 1690 1820 hominem
1722 1768 1975 1830 crearat,
2010 1755 2013 1756 ⁷
2067 1775 2174 1816 nos
2201 1757 2521 1838 honorans,
2553 1759 2749 1838 potius
2781 1759 2934 1820 vires
2989 1769 3192 1820 contra
3221 1779 3354 1821 eum
3387 1759 3704 1838 ministrat,

323 1851 387 1902 ut
443 1843 616 1907 bonis
664 1846 851 1929 ipsius
898 1857 960 1910 ut
1005 1849 1278 1927 paradiso
1329 1848 1644 1924 frueretur,
1690 1857 1746 1910 et
1801 1849 1986 1911 bene-
2070 1853 2130 1904 ut
2159 1845 2259 1926 qui
2289 1846 2516 1927 volunt,
2544 1847 2702 1909 nullo
2759 1867 2892 1910 cum
2922 1849 3171 1929 negocio
3201 1848 3538 1925 devincant,
3569 1849 3709 1912 feli-

328 1930 608 1995 factorem
639 1954 811 1998 suum
845 1938 1250 2017 gloriﬁcaret?
1277 1940 1434 1999 Sane
1469 1937 1570 2013 ita,
1605 1946 1668 2000 ut
1698 1938 1976 2002 arbitror.
2067 1934 2192 1994 cius
2227 1953 2399 2014 quam
2415 1937 2602 1997 sancti
2631 1955 2861 2012 omnes,
2920 1939 3021 2019 qui
3065 1944 3203 2000 ante
3243 1936 3463 2000 Christi
3491 1937 3711 1999 adven-

330 2021 563 2098 fratres,
603 2026 818 2088 factum
853 2027 1080 2088 fuisset.
2065 2033 2190 2086 tnm
2230 2027 2528 2089 vixerunt.
2562 2025 2669 2088 Die
2686 2036 2884 2089 autem
2924 2047 3030 2090 suo
3082 2027 3352 2108 perfecti,
3408 2045 3527 2088 non
3553 2028 3709 2089 sicut

407 2110 474 2171 Et
507 2121 702 2176 autem
732 2123 790 2176 et
820 2123 1032 2178 caetera
1062 2116 1281 2197 discas,
1308 2124 1363 2177 et
1385 2117 1581 2178 verbis
1606 2119 1751 2179 meis
1785 2119 1976 2197 major
2060 2113 2166 2188 illi,
2199 2113 2271 2176 ad
2300 2114 2544 2191 inferos,
2568 2116 2671 2178 sed
2703 2116 2763 2178 in
2797 2118 3033 2192 caelum,
3090 2127 3149 2177 et
3198 2115 3272 2178 ad
3305 2115 3553 2177 delicias
3574 2115 3708 2177 illas

328 2201 480 2280 apud
515 2209 572 2264 te
603 2203 753 2265 fides
809 2205 906 2286 sit,
968 2205 1104 2265 audi
1146 2206 1398 2286 reliqua.
1459 2204 1517 2267 Si
1569 2206 1979 2284 puenituissent
2059 2221 2126 2263 ac
2152 2205 2473 2284 voluptates
2505 2205 2928 2285 perducuntur.
2955 2205 3026 2267 Et
3051 2224 3208 2266 nunc
3228 2204 3470 2286 quidem
3495 2204 3708 2266 mode-

328 2290 520 2352 adhuc
541 2292 602 2352 in
634 2293 906 2373 paradiso
954 2294 1261 2373 degentes,
1315 2295 1506 2375 ipsum
1551 2294 1714 2356 illum
1749 2296 1978 2376 paradi-
2060 2291 2244 2352 ratius
2298 2293 2608 2356 laetantur:
2677 2303 2737 2357 at
2795 2303 2926 2376 post
2981 2295 3241 2356 reditum
3292 2312 3609 2375 corporum
3642 2293 3706 2355 in

327 2398 455 2440 sum
487 2384 878 2464 recepissent,
905 2403 972 2445 ac
997 2391 1281 2465 praeterea
1303 2384 1476 2445 nihil.
1505 2383 1654 2456 Quia
1681 2403 1820 2446 vero
1847 2405 1976 2465 pro-
2059 2379 2259 2456 vitam,
2286 2384 2522 2462 penitus
2553 2383 2916 2464 sempiterno
2939 2383 3150 2463 gaudio
3177 2390 3482 2464 quantum,
3517 2401 3708 2464 quan-

336 2477 465 2548 pter
495 2469 992 2551 imposnitentiam
1019 2492 1184 2534 suam
1221 2472 1448 2552 expulsi
1469 2483 1630 2548 sunt,
1657 2492 1725 2534 ac
1757 2473 1974 2537 deinde
2058 2479 2180 2531 tum
2229 2479 2318 2532 est
2365 2472 2786 2551 dignabuntur.
2819 2473 2930 2546 Qui
2958 2472 3141 2552 igitur
3186 2473 3412 2548 volunt,
3449 2473 3706 2535 mantel-

335 2559 718 2623 vehementer
747 2563 1120 2643 pmnitentes.
1175 2561 1462 2642 lacrymas
1510 2561 1790 2625 fuderunt
1817 2563 1971 2626 afﬂi-
2061 2559 2180 2619 lum
2233 2579 2350 2621 non
2417 2571 2702 2642 quaerant,
2758 2579 2867 2626 nec
2924 2561 3173 2625 dicant:
3235 2563 3415 2624 Plane
3464 2569 3708 2642 propter

334 2646 526 2728 ctique
559 2658 696 2711 sunt
731 2671 744 2713 :
805 2671 956 2732 quae,
1000 2659 1060 2712 ut
1109 2651 1251 2724 dixi,
1305 2671 1421 2712 non
1480 2660 1682 2713 essent
1724 2654 1900 2733 passi,
1927 2663 1976 2722 si
2060 2647 2271 2710 Adami
2321 2651 2819 2729 trangressionem
2845 2649 3267 2732 cupiditatibus
3286 2667 3418 2728 nos,
3461 2669 3531 2712 ac
3564 2649 3704 2714 libi-

329 2735 387 2796 in
422 2739 696 2816 paradiso
718 2741 1155 2822 pmnituissent,
1191 2760 1295 2821 pro
1345 2740 1646 2802 laboribus
1686 2742 1838 2816 istis,
1871 2762 1974 2804 su-
2062 2736 2302 2799 dinibus
2330 2739 2560 2817 agitari,
2585 2746 2643 2801 et
2661 2739 3010 2802 indenosad
3051 2746 3358 2820 peccatum
3419 2738 3704 2820 pertrahi.

330 2824 594 2908 doribus,
630 2838 688 2890 et
741 2830 1049 2896 molestiis.
1103 2837 1161 2890 et
1208 2830 1360 2891 bona
1410 2831 1752 2910 poenitentia
1776 2833 1979 2893 volens
2063 2824 2174 2897 Qui
2197 2827 2276 2888 ita
2305 2827 2568 2888 sentiunt
2597 2835 2654 2888 et
2694 2829 3036 2910 loquuntur,
3085 2827 3326 2891 Domini
3355 2846 3424 2890 ac
3454 2827 3564 2891 Dei
3591 2847 3705 2889 no-

328 2913 612 2979 Dominus
638 2921 792 2982 Deus
814 2920 1038 2980 honore
1062 2939 1164 2980 eos
1187 2928 1242 2980 et
1263 2920 1449 2998 gloria
1469 2920 1730 2994 afﬁcere,
1767 2939 1876 2982 nec
1913 2921 1973 2984 id
2065 2914 2170 2975 stri
2202 2915 2516 2979 adventum
2539 2917 2990 2992 infructuosum,
3026 2916 3387 2997 inanemque
3433 2915 3706 2979 existisse

331 3013 579 3078 tantum,
615 3009 716 3069 sed
743 3009 922 3073 etiam
955 3007 1472 3070 omniumillorum
1505 3010 1792 3071 malorum
1819 3011 1974 3072 obli-

2065 3002 2400 3081 opinantur,
2434 3007 2588 3085 quod
2631 3005 3068 3078 haereticorum,
3113 3023 3233 3066 non
3291 3003 3556 3066 fidelium
3589 3014 3702 3086 est,

331 3073 576 3157 vionemv
596 3096 715 3158 illis
773 3099 1010 3170 aﬂ‘erre,
1073 3098 1212 3179 quid
1246 3097 1412 3176 agit?
1469 3097 1778 3177 Perpende
1834 3073 2038 3165 mihiC
2066 3073 2471 3157 utdicitsolet‘.
2495 3093 2687 3165 Quare
2717 3094 2877 3156 enim
2895 3073 3228 3169 descendit,
3249 3101 3348 3155 aut
3370 3112 3476 3156 cur
3495 3073 3703 3156 necem

331 3184 714 3263 benignitatis
753 3187 1246 3265 magnitudinem.
1294 3186 1614 3249 Descendit
1641 3187 1700 3248 in
1731 3188 1974 3267 inferos,

2063 3199 2268 3260 passus
2301 3190 2410 3258 est,
2446 3183 2559 3244 nisi
2587 3184 2664 3246 ob
2695 3185 2808 3245 hoc
2837 3184 3104 3265 omnino,
3168 3192 3233 3245 ut
3260 3182 3701 3245 damnationem

330 3289 549 3353 eosque
580 3274 798 3337 deinde
829 3276 1134 3337 reductos.
1175 3294 1290 3335 non
1325 3275 1382 3334 in
1417 3275 1775 3352 paradisum,
1801 3298 1977 3359 quem
2061 3270 2299 3350 peccati
2357 3273 2697 3334 mercedem
2741 3273 2996 3351 tolleret,
3045 3281 3103 3335 et
3147 3291 3334 3354 genus
3377 3280 3646 3334 nostrum
3671 3290 3704 3333 e

326 3363 670 3436 amiseram,
702 3365 978 3436 restituit,
1011 3366 1114 3426 sed
1147 3365 1205 3425 in
1257 3364 1401 3424 illud
1458 3365 1664 3426 caelum
1710 3367 1843 3428 coeli
1877 3387 1979 3430 eos
2061 3359 2364 3435 servitute,
2401 3376 2458 3422 et
2504 3362 3328 3442 operationeSatanaainimici
3358 3361 3704 3425 assereret?

327 3449 615 3514 subvexit.
674 3452 787 3526 Qxi
837 3474 969 3516 cum
1019 3454 1092 3515 ad
1150 3453 1450 3515 dexteram
1512 3453 1619 3515 Dei
1669 3454 1857 3516 Patris
1886 3456 1976 3518 sui

328 3539 621 3621 principio
659 3545 915 3605 carentis
966 3543 1240 3616 sedisset,
1295 3542 1436 3623 quid
1491 3543 1571 3617 ei,
1622 3544 1848 3606 Adamo
1881 3545 1974 3606 in-

325 3647 523 3706 quam,
550 3649 720 3694 servo
751 3633 989 3712 quidem
1027 3651 1132 3693 suo
1151 3633 1477 3693 secundum
1501 3641 1790 3702 naturam.
1825 3636 1975 3714 patri

325 3726 518 3779 autem
553 3739 660 3781 suo
685 3732 890 3783 vocato
914 3721 1242 3783 secundum
1263 3721 1533 3797 gratiam,
1558 3722 1770 3784 fecisse
1783 3723 1973 3785 dicis?

323 3807 474 3869 Vide
503 3809 564 3870 in
609 3819 880 3890 quantam
930 3810 1298 3871 attitudanem
1353 3819 1592 3890 propter
1621 3811 1747 3890 ejus
1778 3811 1971 3891 paeni-

328 3898 596 3971 tentiam,
656 3900 1082 3962 humilitatem.
1140 3900 1398 3960 lamenta
1459 3909 1638 3979 atque
1689 3901 1974 3980 lacrymas

324 3985 612 4048 Dominus
637 3989 830 4068 ipsum
860 3989 1183 4050 sustulerit.
1222 3987 1268 4050 0
1323 3988 1724 4066 lacrymarum
1759 3998 1816 4050 et
1849 4009 1973 4069 pae-

326 4075 588 4138 nitentiae
616 4077 765 4138 vim!
801 4080 848 4142 Ο
878 4077 1188 4138 immensae
1209 4076 1612 4155 benignitatis,
1649 4087 1708 4137 et
1739 4089 1970 4140 scruta-

328 4164 464 4225 bilis
513 4165 937 4228 misericordias
999 4169 1264 4246 pelagus,
1349 4165 1596 4228 fratres!
1661 4165 1807 4238 Quia
1855 4186 1973 4228 non

2059 3445 2196 3509 Haec
2227 3449 2385 3510 enim
2408 3459 2467 3512 et
2487 3469 2766 3530 germana
2788 3452 3054 3526 libertas,
3089 3452 3310 3514 nullius
3343 3450 3703 3514 dominatio-

2057 3555 2193 3597 nem
2224 3557 2579 3621 quocunque
2635 3540 2875 3604 tandem
2913 3540 3086 3603 modo
3121 3541 3373 3622 perpeti.

2055 3627 2176 3687 Nos
2227 3627 2521 3708 siquidem
2573 3648 2606 3690 a
2662 3637 2974 3711 peccatore
3023 3639 3388 3710 peccatores,
3443 3638 3701 3693 atrans-

2055 3733 2329 3792 gressore
2359 3728 2848 3796 transgressores,
2907 3725 2968 3781 et
2997 3738 3030 3780 a
3073 3736 3242 3780 servo
3295 3718 3523 3799 peccati
3555 3738 3699 3800 pro-

2059 3806 2276 3885 pagati,
2317 3807 2496 3869 etiam
2523 3808 2633 3889 ipsi
2665 3810 2816 3870 servi
2843 3809 3074 3890 peccati
3124 3827 3385 3885 eramus,
3439 3828 3473 3871 a
3520 3811 3703 3872 male-

2058 3894 2215 3956 dicto
2247 3904 2304 3957 et
2337 3907 2568 3957 mortuo
2599 3897 2898 3960 maledicti
2921 3905 3096 3978 atque
3128 3897 3366 3974 mortui,
3392 3896 3465 3959 ab
3497 3916 3566 3978 eo
3599 3900 3701 3980 qui

2058 4001 2234 4044 suasu
2265 3983 2502 4061 maligni
2535 3985 2917 4046 transversim
2949 3996 3136 4060 actus,
3170 3994 3228 4047 et
3254 3986 3316 4046 in
3339 3986 3700 4068 mancipium

2059 4072 2185 4151 ejus
2211 4073 2508 4147 redactus,
2540 4093 2710 4135 suum
2738 4076 2836 4154 jus
2894 4092 2964 4137 ac
2995 4082 3315 4156 potestates
3372 4075 3694 4139 amiserat:

2059 4170 2120 4221 ut
2143 4161 2245 4222 lilii
2277 4163 2428 4242 ejus,
2483 4163 2694 4224 eodem
2749 4164 3007 4244 maligno
3062 4165 3121 4226 in
3173 4164 3343 4228 nobis
3390 4175 3699 4248 Operante,

326 4252 520 4332 ipsum
555 4255 770 4336 solum,
805 4257 910 4316 sed
968 4265 1026 4316 et
1057 4255 1400 4316 universum
1427 4255 1557 4334 ejus
1605 4272 1832 4335 semen,
1868 4275 1976 4317 nos
1998 4269 2040 4317 D
2061 4269 2284 4331 suaque
2307 4270 2414 4312 nos
2445 4252 2707 4333 potentia
2732 4254 3130 4333 opprimente,
3160 4254 3484 4335 .tyrannico
3514 4255 3705 4336 ipsius

328 4342 606 4404 nimirum
641 4343 772 4424 ejus
805 4345 979 4420 filios,
1016 4347 1144 4424 ejus
1183 4343 1654 4417 confessionem,
1688 4345 1980 4424 pmniten-
2061 4338 2314 4420 imperio
2347 4340 2696 4420 parebamus
2754 4341 2909 4403 Deus
2953 4350 3147 4403 autem
3203 4346 3278 4406 de
3309 4343 3457 4406 C(Blo
3489 4344 3697 4422 adfuit,

330 4431 492 4511 tiam,
528 4431 804 4506 lamenta,
843 4434 1150 4514 lacrymas,
1205 4445 1264 4494 et
1302 4433 1414 4494 alia
1465 4451 1593 4512 quae
1623 4451 1800 4512 supra
1831 4433 1975 4509 dixi,
2063 4448 2302 4492 carnem
2336 4430 2545 4511 induit,
2573 4431 2786 4493 similis
2811 4439 3074 4493 nostrum
3102 4441 3298 4508 natus,
3319 4434 3546 4517 absque
3568 4454 3704 4518 pec-

325 4519 610 4596 imitatos,
647 4522 895 4602 perinde
925 4533 982 4583 et
1010 4523 1175 4585 illum
1229 4530 1286 4583 et
1338 4521 1668 4595 honoravit,
1705 4529 1760 4582 et
1791 4523 1975 4600 glori-
2061 4527 2212 4592 cato,
2239 4528 2544 4599 peccatum
2570 4521 3438 4606 sustulit,conceptionemque,
3469 4532 3527 4587 et
3557 4544 3702 4606 pro-

327 4609 559 4672 ﬁcavit:
599 4620 656 4673 et
684 4612 764 4674 ita
817 4613 1171 4674 facientibus
1215 4630 1402 4693 usque
1453 4629 1630 4685 nunc,
1679 4619 1735 4671 et
1763 4630 1832 4672 ex
1865 4611 1977 4672 hoc
2060 4607 2422 4668 creationem
2473 4608 2878 4682 sanctiﬁcavit,
2943 4617 3002 4672 et
3040 4611 3326 4689 gradatim
3391 4612 3698 4690 educatus,

327 4699 597 4774 facturis,
626 4701 753 4764 sive
785 4701 1092 4775 mundani,
1131 4701 1257 4762 sive
1292 4699 1566 4761 monachi
1600 4698 1738 4774 sint,
1776 4719 1975 4780 parem

329 4787 615 4848 honorem
674 4797 734 4850 et
773 4790 1017 4868 gloriam
1069 4789 1311 4850 tribuet.
1357 4789 1570 4861 Amen,
1627 4787 1773 4849 dixit
1803 4807 1975 4850 verax

324 4878 500 4950 Deus,
554 4895 670 4937 non
717 4879 1050 4960 relinquam
1110 4877 1504 4957 eosjznquam,
1539 4877 1642 4938 sed
1694 4885 1972 4958 tanquam

321 4964 534 5026 fratres
563 4983 751 5039 meos,
783 4975 841 5028 et
869 4967 1116 5040 amicos,
1154 4979 1371 5046 patres,
1395 4974 1634 5038 matres,
1668 4978 1971 5044 cognatos,

325 5055 668 5116 coheeredes
727 5075 891 5118 meos
920 5055 1166 5117 reddam
1231 5073 1356 5130 eos,
1422 5061 1480 5115 et
1532 5054 1876 5132 gloriﬁcavi,
1918 5063 1978 5116 et

326 5141 693 5224 glorificabo,
714 5152 770 5205 et
801 5144 862 5204 in
893 5147 1041 5206 celo
1091 5163 1353 5224 sursum,
1410 5151 1463 5204 et
1512 5162 1572 5203 ιη
1607 5155 1763 5204 terra
1791 5143 1973 5205 deor-

325 5250 475 5305 sum,
514 5240 572 5294 et
600 5232 738 5314 vita,
772 5234 993 5296 laetitia.
1056 5242 1231 5312 atque
1283 5232 1470 5311 gloria
1521 5233 1784 5313 ipsorum
1809 5233 1970 5294 nullo

325 5321 443 5381 ﬁne
471 5321 1022 5386 circumscribetur.

405 5409 556 5482 Quid
589 5430 753 5490 ergo,
793 5413 872 5474 mi
901 5414 1141 5494 frutrer,
1196 5411 1508 5494 potop’asti
1561 5410 1691 5472 vitae
1717 5410 1866 5472 ratio
1907 5409 1971 5472 in

327 5499 622 5580 paradiso,
657 5501 876 5563 laboris
907 5510 963 5564 et
993 5521 1265 5564 curarum
1318 5501 1519 5564 nescia
1562 5499 1804 5580 profuit,
1831 5517 1967 5561 cum

406 5677 471 5728 94
499 5676 758 5760 Philipp.
790 5697 853 5756 ιι,
894 5683 946 5742 ’7.

2061 4704 2242 4756 totam
2291 4705 2519 4758 aetatem
2581 4696 2906 4762 benedixit.
2993 4698 3210 4762 Viriles
3265 4708 3464 4763 autem
3514 4722 3704 4764 annos

2056 4785 2383 4862 ingressus,
2442 4786 2784 4848 concionari
2829 4788 3102 4870 instituit,
3163 4791 3388 4852 docens
3443 4809 3574 4867 nos,
3627 4810 3704 4852 ne

2058 4893 2237 4935 canos
2267 4873 2588 4953 prudentia
2605 4885 2666 4937 et
2688 4876 2922 4952 virtute,
2945 4896 3054 4939 nos
3065 4878 3324 4957 juvenes
3342 4877 3619 4953 maxime,
3645 4886 3706 4939 et

2059 4962 2372 5042 prudentia
2400 4966 2666 5025 nondum
2695 4965 2805 5027 viri
2838 4985 3226 5046 praecurrere,
3254 4974 3312 5028 et
3330 4973 3702 5030 antevertere

2058 5053 2118 5111 in
2149 5052 2342 5132 aliquo
2356 5052 2624 5114 velimus.
2649 5052 2921 5134 Suscepit
2942 5062 3145 5118 nostra
3166 5073 3272 5136 pro
3288 5054 3482 5132 nobis,
3510 5063 3704 5117 custo-

2057 5139 2312 5221 ditisque
2342 5140 2620 5204 umnibus
2651 5143 2833 5223 patris
2863 5143 2986 5205 suis
3007 5143 3342 5225 praeceptis,
3362 5150 3701 5223 transgres-

2053 5228 2222 5290 sione
2254 5248 2362 5290 nos
2390 5230 2584 5304 solvit,
2634 5241 3230 5314 transgressoresque
3259 5252 3293 5294 a
3321 5233 3704 5314 damnatique

2053 5319 2389 5380 vindicavit.
2417 5319 2582 5380 Servi
2607 5320 2796 5382 forma
2816 5329 3058 5402 accepta
3073 5337 3281 5384 servus
3298 5331 3388 5385 est
3422 5322 3698 5386 factust”.

2053 5416 2110 5469 et
2140 5426 2247 5469 nos
2275 5425 2477 5469 servos
2528 5409 2588 5470 in
2617 5409 3280 5492 antiquamdignitatem
3320 5412 3699 5474 dominorum

2051 5495 2332 5573 restituit,
2357 5515 2424 5559 ac
2446 5498 2674 5578 tyranni
2701 5499 2916 5562 veteris
2965 5498 3241 5562 dominos
3281 5499 3500 5566 effecit.
3521 5501 3703 5583 Cujus
