4112 6106
421 267 539 336 508
1723 263 2104 333 SYMEONIS
2141 259 2492 330 JUNIOBIS
3685 267 3821 335 504

421 400 510 462 rei
541 403 722 460 testes
753 403 890 460 sunt
919 397 1126 474 sancti,
1169 397 1269 478 qui
1320 397 1498 461 etiam
1528 402 1716 459 morte
1735 397 1859 476 jam
1907 397 2066 460 obita
2085 404 2128 453 Α
2149 397 2308 459 cium
2339 406 2526 462 tuum.
2553 408 2612 462 et
2630 400 2896 464 defensio
2919 421 3036 464 non
3060 410 3148 464 est
3165 403 3405 465 inventa
3425 403 3484 466 in
3508 422 3614 466 ore
3637 422 3818 465 mec-

423 491 642 570 ipsum,
671 495 729 549 et
757 487 1062 549 ministros
1085 488 1214 567 ejus
1243 493 1308 548 ut
1355 486 1687 566 languidos,
1715 495 1772 548 et
1801 487 2071 550 imbecil-
2153 486 2314 549 Nihil
2330 488 2488 550 enim
2517 508 2696 570 super
2711 498 2927 552 terram
2945 491 3082 572 feci,
3107 492 3266 572 quod
3287 492 3525 554 unicum
3550 492 3817 554 verbum

422 578 509 640 les
539 576 859 658 repellunt,
894 595 962 638 ac
993 577 1214 655 fugant.
1280 575 1622 638 Maledictus
1669 576 1854 638 factus
1886 585 1975 638 est
2002 578 2065 638 in
2153 576 2406 638 otiosum
2440 579 2559 640 oris
2616 581 2734 640 mei
2755 599 3145 662 compensare
3187 590 3383 662 queat.
3413 581 3557 644 Nam
3591 582 3643 642 si
3673 601 3820 643 om-

425 682 606 730 cruce
631 664 876 726 sufﬁxus
897 664 1274 744 (Maledictus
1306 666 1489 744 enim,
1524 665 2062 747 inquitScriptura,
2148 684 2284 726 nem
2311 667 2600 746 justitiam
2651 669 2860 732 fecerit
2906 671 3104 744 homo,
3161 683 3437 752 tanquam
3480 689 3712 747 servus,
3751 678 3819 732 et

426 759 624 816 omnis
650 754 760 832 qui
784 753 1004 833 pendet
1027 754 1096 814 in
1124 751 1372 832 ligno95)
1406 760 1464 814 et
1492 753 1829 815 universam
1853 755 2066 816 Adami
2148 755 2382 817 debitor
2410 757 2606 838 faciet,
2640 759 3182 839 compensationem
3214 751 3414 821 autem
3445 761 3677 840 peccati
3704 760 3815 822 sui

429 842 913 904 maledictionem
942 860 976 904 a
1031 841 1204 902 nobis
1245 842 1498 924 depulit.
1549 845 1816 905 Mortuus
1866 853 1977 926 est,
2012 852 2070 905 et
2151 845 2373 906 nullam
2403 847 2682 909 inveniet.
2720 848 2952 911 Etenim
2984 849 3400 911 misericordia
3441 849 3546 911 abs
3575 855 3639 914 te
3670 848 3817 911 solo

428 939 619 994 morte
641 949 748 994 sua
763 938 1012 992 mortem
1039 930 1312 1012 peremit.
1339 931 1705 1008 Resurrexit,
1735 941 1791 994 et
1814 932 2067 1010 inimici,

425 1021 526 1102 qui
558 1039 664 1101 per
716 1028 964 1082 mortem
1013 1027 1072 1080 et
1100 1029 1407 1101 peccatum
1467 1028 1815 1101 potestatem
1872 1021 1934 1082 in
1964 1041 2072 1084 nos

428 1109 769 1183 exercebat,
818 1109 1090 1169 virtutem
1144 1110 1671 1190 operationemque
1716 1110 1956 1174 delevit.
2005 1111 2071 1172 In

425 1199 799 1261 mortiferum
855 1199 1072 1278 quippe
1112 1217 1434 1274 venenum,
1497 1207 1555 1259 et
1602 1198 1762 1259 virus
1820 1201 2064 1280 peccati,

425 1287 715 1350 ineffabili
743 1287 1001 1362 deitatis,
1028 1289 1302 1362 etcarnis
1323 1307 1442 1350 suae
1476 1287 1703 1350 vivifica
1725 1290 2074 1352 efﬁcacitate

425 1378 667 1458 injecta,
702 1395 896 1456 genus
943 1377 1268 1438 humanum
1323 1376 1413 1456 ab;
1443 1378 1788 1457 operatione
1840 1376 2069 1438 inimici

426 1466 788 1528 omnimodis
806 1465 1098 1526 liberavit.
1131 1468 1243 1526 Per
1264 1484 1495 1526 sacrum
1528 1473 1723 1526 autem
1755 1465 2067 1546 baptisma,

424 1564 484 1619 et
510 1555 994 1618 communionem
1021 1555 1544 1633 Lintemeratorum
1593 1555 1722 1633 ejus
1752 1554 2068 1635 mysterio-

2154 940 2262 1005 est,
2298 941 2356 994 et
2384 943 2689 1014 peccatum
2716 955 2876 997 mors
2909 944 3016 999 est.
3053 935 3124 997 Et
3151 937 3418 1016 quisnam
3471 954 3578 1018 per
3600 939 3816 1018 ipsum

2155 1021 2441 1096 moriens,
2475 1025 2649 1084 etiam
2685 1044 2790 1106 per
2816 1025 3075 1106 seipsum
3106 1033 3423 1104 resurgat?
3443 1027 3644 1088 nullus
3675 1046 3818 1088 om-

2155 1111 2318 1172 nino.
2381 1112 2468 1173 Tu
2512 1115 2673 1176 solus
2731 1123 3002 1176 mortuus
3053 1116 3449 1192 resurrexisti,
3514 1116 3815 1192 quoniam

2155 1209 2460 1279 peccatum
2494 1221 2610 1264 non
2657 1203 2968 1279 admisisti,
3023 1223 3133 1266 nec
3190 1204 3462 1266 inventus
3504 1213 3594 1266 est
3623 1205 3817 1267 dolus

2155 1288 2216 1348 in
2246 1308 2348 1350 ore
2377 1298 2479 1352 tuo
2496 1292 2580 1351 98.
2612 1294 2739 1354 Jam
2773 1311 2910 1354 vero
2951 1293 3084 1373 quis
3131 1292 3414 1354 morietur
3441 1293 3502 1354 in
3536 1293 3817 1372 peccatis

2155 1385 2213 1438 et
2243 1399 2359 1440 non
2391 1381 2656 1460 capietur
2679 1381 3076 1462 paznitudiue:
3119 1382 3190 1444 ad
3225 1381 3369 1443 nihil
3420 1382 3475 1443 ei
3497 1383 3811 1462 proderit.

2153 1464 2252 1529 Sic
2283 1477 2484 1545 etme,
2527 1472 2783 1533 Domine
2827 1471 3222 1552 omnipotens,
3280 1471 3524 1550 pcenitet
3546 1470 3812 1549 quidem

2153 1556 2440 1618 malorum
2487 1578 2618 1639 quae
2685 1560 2928 1639 palravi,
2999 1578 3117 1620 non
3187 1558 3423 1640 proﬁcit
3491 1566 3685 1619 autem
3723 1559 3810 1620 ad

424 1664 585 1720 rum,
605 1644 871 1725 corporis
894 1661 1132 1723 nempe,
1159 1651 1216 1704 et
1242 1643 1548 1721 sanguinis
1571 1643 1832 1723 pretiosi,
1863 1661 2065 1704 emun-
2092 1652 2129 1700 B
2146 1645 2434 1725 justitiam
2468 1649 2611 1709 mihi
2645 1649 2991 1729 pteditentia
3019 1667 3188 1710 mea:
3224 1657 3314 1710 est
3350 1647 3511 1709 enim
3542 1655 3815 1708 tantum-

424 1734 572 1796 dans
629 1733 822 1802 nos96,
888 1741 944 1794 et
1009 1732 1332 1812 viviﬁcans,
1403 1741 1661 1807 sanctos,
1739 1739 1796 1793 et
1842 1733 2070 1812 peccati

428 1843 610 1905 puros
639 1823 856 1886 reddit.
891 1821 1008 1885 Sed
1043 1830 1102 1883 et
1120 1840 1356 1883 rursum
1375 1821 1606 1883 arbitrii
1637 1821 1908 1883 libertate
1929 1841 2068 1883 con-

427 1912 696 1974 decorari
725 1910 888 1986 sinit,
922 1917 986 1972 ut
1005 1929 1124 1972 non
1147 1913 1362 1991 coacti,
1393 1909 1498 1971 sed
1521 1911 1788 1972 volentes
1814 1911 2066 1972 Domino

424 2001 652 2064 servire
681 2001 987 2063 videamur
1016 2017 1028 2061 :
1065 2006 1124 2062 et
1150 1999 1648 2080 quemadmodum
1671 1999 1926 2062 abinitio
1942 2011 2069 2064 erat

416 2091 681 2154 Adamus
705 2089 766 2151 in
790 2088 1071 2170 paradiso
1128 2089 1301 2165 liber,
1349 2098 1630 2169 extraque
1667 2090 1784 2149 vim
1832 2099 1892 2152 et
1925 2109 2065 2170 pec-

425 2187 618 2242 catum
670 2180 969 2241 voluntate
1019 2179 1209 2239 soluta
1257 2195 1325 2241 ac
1369 2177 1557 2240 libera
1601 2177 2065 2240 obediebatini-

424 2270 601 2346 mico,
635 2287 671 2330 a
723 2287 838 2349 quo
892 2268 1181 2348 deceptus
1239 2268 1579 2332 mandatum
1639 2267 1745 2330 Dei
1797 2268 2063 2332 violavit:

420 2359 508 2421 sic
541 2366 597 2420 et
628 2376 737 2420 nos
760 2377 792 2419 e
819 2375 987 2418 sacro
1009 2356 1363 2438 baptismate
1379 2359 1732 2434 regenerati,
1760 2358 2060 2420 servitutis

415 2452 557 2529 jugo
588 2466 623 2508 a
646 2446 819 2508 nobis
839 2446 1115 2528 depulso,
1140 2448 1326 2508 nostri
1351 2447 1507 2527 juris
1529 2447 1821 2529 liberique
1853 2448 2063 2509 reddi-

421 2555 594 2599 mur:
630 2555 699 2599 ac
728 2535 842 2598 uisi
873 2536 1028 2598 ultro
1057 2535 1303 2598 inimico
1349 2537 1762 2618 obtemperare
1789 2537 2057 2611 velimus,

424 2626 539 2689 alia
567 2625 862 2706 quandam
883 2624 976 2686 via
1006 2633 1212 2686 contra
1233 2645 1341 2687 nos
1371 2627 1564 2686 moliri
1590 2626 1738 2688 nihil
1763 2634 1976 2707 potest.
2002 2626 2066 2688 Si

423 2714 582 2778 enim
615 2722 752 2776 ante
781 2715 974 2794 legem
1006 2714 1645 2792 etadventumﬁhristi
1667 2715 1760 2776 his
1789 2714 2066 2776 omnibus

422 2812 694 2866 carentes
725 2804 960 2866 auxiliis
1013 2803 1204 2877 multi,
1257 2804 1400 2864 inno
1445 2803 1914 2865 innumerabiles
1943 2804 2065 2866 Deo

423 2895 793 2974 placuerunt,
824 2901 881 2955 et
928 2901 1093 2955 extra
1151 2893 1384 2973 culpam
1440 2893 1713 2954 vixerunt
1766 2895 1822 2973 (e
1852 2893 2066 2974 quibus

2155 1736 2328 1796 modo
2347 1738 2572 1816 peccati
2591 1738 2833 1814 agnitio.
2856 1743 3093 1801 Etnunc
3109 1738 3275 1800 vides
3291 1737 3508 1813 omnia,
3526 1738 3808 1798 omnium

2150 1822 2486 1902 inspector,
2511 1827 2786 1908 Domine,
2813 1827 2913 1908 qui
2939 1847 3227 1908 nusquam
3279 1826 3425 1887 mihi
3472 1827 3684 1896 relicta
3705 1836 3812 1888 est

2151 1912 2357 1974 salutis
2382 1919 2640 1991 occasio,
2675 1917 2780 1978 sed
2831 1917 3019 1978 vivum
3041 1935 3136 1978 me
3159 1916 3425 1978 infernus
3454 1915 3800 1994 deglutivit.

2149 2003 2233 2064 Tu
2263 2010 2458 2065 autem
2489 2005 2650 2066 solus
2681 2014 2848 2086 potes
2879 2024 2973 2066 me
3018 2005 3306 2066 reducere
3356 2013 3414 2065 et
3441 2022 3652 2065 sanare
3678 2004 3804 2064 do—

2150 2091 2307 2153 lores
2337 2093 2534 2154 cordis
2567 2094 2707 2169 mei,
2761 2094 3038 2174 quoniam
3091 2101 3300 2174 potens
3351 2100 3408 2154 et
3435 2111 3645 2154 manus
3693 2100 3806 2156 tua

2148 2180 2220 2242 ad
2281 2182 2500 2256 omnia,
2537 2190 2594 2242 et
2640 2184 2700 2244 in
2757 2184 2906 2244 ﬁnes
2963 2183 3306 2263 abyssorum
3357 2189 3698 2262 penetrans,
3736 2191 3803 2244 et

2151 2270 2350 2331 omnia
2375 2289 2480 2350 pro
2529 2279 2673 2333 nutu
2721 2279 2820 2333 tuo
2853 2290 3130 2352 operans.
3164 2269 3291 2331 Non
3341 2273 3528 2333 audeo
3560 2270 3792 2346 dicere,

2140 2359 2425 2422 Miserere
2452 2360 2593 2437 mei,
2615 2379 2747 2421 sum
2774 2361 2931 2422 enim
2957 2359 3233 2438 indignus
3258 2359 3690 2422 misericordia.
3715 2363 3799 2421 At

2143 2451 2226 2521 tu,
2262 2447 2534 2522 Domine,
2586 2450 2739 2511 nosti
2792 2448 3012 2523 omnia,
3047 2456 3126 2521 et,
3175 2455 3239 2508 ut
3271 2446 3431 2508 novit
3461 2447 3794 2526 benignitas

2147 2544 2266 2610 tua,
2304 2536 2394 2598 fac
2424 2537 2484 2597 in
2517 2557 2631 2614 me,
2677 2538 2776 2618 qui
2823 2539 2996 2599 etiam
3029 2537 3157 2614 ipsa
3180 2537 3296 2598 vita
3323 2536 3602 2616 indignus
3632 2555 3788 2599 sum.

2229 2623 2327 2688 Sic
2349 2627 2484 2700 erit,
2542 2627 2773 2701 fratres,
2829 2628 2927 2707 qui
2971 2645 3172 2688 coram
3216 2626 3338 2686 Deo
3387 2625 3793 2706 omnipotente

2148 2715 2436 2797 peccavit,
2462 2725 2517 2778 et
2567 2717 2779 2777 timore
2823 2715 3059 2796 judicii,
3108 2714 3549 2795 aversionisque
3587 2713 3696 2775 Dei
3719 2713 3792 2775 ab

2149 2821 2234 2884 se,
2269 2803 2453 2864 animi
2485 2823 2733 2866 sensum
2759 2805 2995 2884 accipit.
3019 2803 3227 2864 Timor
3249 2803 3405 2864 enim
3440 2802 3696 2874 Domini,
3735 2811 3793 2862 et

2149 2892 2358 2954 notitia
2379 2893 2787 2956 retributionis
2843 2894 2972 2972 ejus
3026 2892 3106 2952 ita
3152 2909 3360 2953 carnes
3405 2889 3703 2970 liquefacit
3733 2897 3790 2950 et

417 2985 648 3065 justum
671 2983 875 3045 Enoch
901 2982 1290 3046 translatione
1312 2983 1647 3059 honoravit,
1674 2982 1859 3043 Eliam
1884 3000 2060 3045 curru
2082 3013 2121 3062 ρ
2148 2999 2280 3042 ossa
2311 2983 2586 3058 conterit,
2647 2990 2712 3047 ut
2762 2983 2910 3064 lapis
2966 3002 2998 3043 a
3042 2981 3316 3042 machina
3363 2998 3680 3059 suspensus
3724 2979 3785 3040 in

420 3073 600 3153 igneo
622 3072 779 3134 velut
800 3073 862 3134 in
884 3073 1109 3135 coelum
1140 3072 1508 3153 assumpsit),
1525 3073 1665 3152 quid
1680 3090 1787 3133 nos
1804 3088 2060 3152 reSpon-

421 3160 720 3234 debimus,
745 3162 846 3242 qui
904 3168 1037 3242 post
1079 3161 1356 3242 gratiam,
1408 3161 1705 3241 talemque
1744 3179 1812 3222 ac
1843 3167 2060 3221 tantam

419 3249 902 3325 beneﬁcentiam,
937 3259 1071 3331 post
1092 3250 1297 3311 mortis
1327 3257 1384 3311 et
1434 3249 1660 3330 peccati
1700 3249 2058 3312 destructio-

421 3357 583 3415 nem,
618 3349 751 3421 post
780 3339 1055 3420 baptismi
1068 3339 1608 3419 regenerationem,
1637 3347 1694 3401 et
1723 3345 2062 3402 sanctorum

418 3429 762 3508 angelorum
796 3429 1148 3505 custodiam,
1211 3436 1269 3490 et
1313 3428 1504 3509 ipsam
1563 3428 1820 3509 Spiritus
1879 3425 2070 3489 sancti

423 3519 963 3596 abumbrationem,
1004 3518 1437 3600 adventumque
1485 3537 1664 3599 super
1700 3535 1830 3593 nos,
1856 3536 1933 3578 ne
1953 3515 2070 3576 illis

421 3611 664 3694 quidem
697 3609 946 3691 quiante
964 3608 1208 3687 gratiam
1225 3606 1485 3684 fuerunt,
1511 3627 1683 3690 pares
1712 3607 2074 3680 invenimur,

422 3701 531 3764 sed
561 3699 791 3779 ignavia
820 3698 1134 3780 corruptis,
1170 3697 1274 3760 Dei
1298 3700 1463 3779 jussa
1527 3697 1974 3780 vilipendimus,
2011 3714 2078 3757 ac

421 3789 795 3874 praeterimus
818 3788 848 3848 ?
867 3791 1049 3851 Proro
1068 3790 1302 3868 gravius
1323 3808 1432 3851 nos
1458 3787 1727 3871 punitum
1760 3788 1860 3867 iri,
1899 3803 2073 3866 quam

421 3880 524 3960 qui
553 3879 612 3941 in
646 3879 776 3958 lege
805 3889 1221 3960 peccaverunt,
1255 3879 1388 3941 siin
1435 3877 1694 3960 peccatis
1723 3879 2071 3956 permanse-

418 3969 631 4042 rimus,
667 3975 906 4030 sanctus
921 3967 1133 4029 Paulus
1147 3968 1239 4029 his
1259 3967 1456 4029 verbis
1474 3965 1755 4028 indicavit
1782 3984 1794 4027 :
1822 3965 1890 4025 Si
1909 3964 2070 4025 enim

421 4065 529 4140 qui
552 4075 666 4140 per
689 4059 934 4139 angelos
963 4058 1158 4120 dictus
1178 4066 1261 4120 est
1279 4075 1502 4130 sermo,
1517 4059 1716 4136 factus
1735 4063 1822 4118 est
1838 4053 2072 4134 ﬁrmus,

420 4157 482 4212 et
511 4153 706 4211 omnis
727 4149 1241 4228 praevaricatioet
1270 4148 1681 4211 inobedz‘entia
1699 4145 1928 4224 accepit
1947 4146 2081 4221 jus-

421 4247 546 4301 tam
574 4235 865 4300 mercedis
895 4235 1389 4310 retributionem,
1450 4236 1745 4316 quomodo
1777 4250 1884 4294 nos
1916 4230 2074 4311 effu—

420 4327 652 4407 giemus
679 4328 736 4387 si
785 4330 1020 4387 tantum
1052 4325 1492 4404 neglexerz‘mus
1521 4325 1781 4386 salutem
1799 4324 1862 4372 97
1885 4322 1916 4382 ἱ)

2097 4370 2141 4420 D

2147 3071 2424 3131 torculari
2458 3091 2595 3134 uvas
2624 3072 2986 3155 comprimit,
3024 3072 3404 3132 vehementer
3421 3069 3558 3129 inde
3587 3068 3785 3128 vinum

2145 3159 2440 3238 exprimit.
2473 3161 2602 3222 Non
2632 3180 2774 3223 uvas
2805 3161 2904 3242 qui
2953 3159 3182 3222 calcant
3212 3159 3487 3240 primum,
3520 3163 3788 3237 postmo-

2145 3247 2282 3308 dum
2316 3267 2419 3311 eas
2448 3269 2585 3312 saxo
2616 3251 3064 3332 superimmisso
3089 3250 3448 3330 exprimunt,
3483 3255 3540 3308 et
3569 3246 3642 3307 iis
3668 3265 3795 3307 om-

2147 3355 2284 3398 nem
2308 3339 2427 3400 vini
2457 3340 2766 3402 humorem
2797 3338 3427 3417 demuntjﬂominem
3461 3344 3657 3398 autem
3686 3335 3794 3398 Dei

2149 3425 2425 3489 timorem
2475 3429 2832 3508 ingressum,
2869 3430 2998 3509 ipse
3029 3429 3206 3488 timor
3252 3426 3529 3488 omnibus
3559 3443 3623 3486 se
3653 3443 3797 3486 con-

2153 3516 2503 3579 culcandum
2549 3519 2812 3600 praebere
2837 3519 2992 3580 facit.
3028 3517 3098 3578 Et
3147 3536 3278 3578 cum
3341 3513 3704 3595 superbiam,
3740 3520 3799 3574 et

2167 3606 2538 3684 cogitationis
2567 3609 2785 3690 carnis,
2818 3627 2979 3670 vanze
3007 3605 3206 3686 gloriae
3253 3602 3502 3683 cupidus
3532 3601 3798 3690 perfecte

2162 3697 2522 3774 contriverit,
2543 3707 2718 3780 atque
2733 3688 3186 3770 deleverit,tunc
3210 3701 3440 3754 sanctas
3464 3688 3790 3780 humilitas,

2157 3785 2260 3846 ille
2289 3787 2460 3868 lapis,
2497 3789 2596 3869 qui
2622 3777 2828 3850 mente
2862 3784 3208 3868 percipitur,
3242 3781 3572 3843 levissimus
3601 3786 3659 3840 et
3685 3777 3799 3839 uti-

2156 3874 2420 3939 lissimus
2457 3878 2719 3957 desuper
2770 3877 3036 3956 illapsus,
3090 3873 3186 3934 ubi
3245 3880 3427 3932 totum
3481 3869 3798 3957 humorem

2156 3966 2479 4030 carnalium
2510 3956 2871 4049 voluptatum
2911 3966 3404 4049 atfectionumque
3421 3956 3799 4049 expresserit,

2163 4055 2418 4119 animam
2449 4057 2529 4120 ita
2557 4045 2922 4139 expressam,
2957 4055 3183 4114 fructus
3231 4048 3388 4112 haud
3413 4047 3657 4139 inanem
3689 4045 3802 4106 de-

2167 4155 2497 4208 monstrat:
2558 4138 2662 4208 sed
2715 4165 2846 4207 cum
2899 4161 3026 4205 eam
3103 4140 3349 4202 ﬂumine
3408 4138 3800 4216 lacrymarum

2161 4235 2509 4312 perfuderit,
2535 4253 2746 4316 aquam
2773 4235 2956 4294 vivam
2989 4229 3276 4291 scaturire
3308 4225 3464 4298 facit,
3505 4223 3805 4316 etinllicta

2161 4342 2193 4384 a
2250 4333 2488 4404 peccato
2545 4313 2790 4386 vulnera
2848 4327 3037 4392 sanat,
3100 4334 3425 4395 eorumque
3479 4313 3807 4404 saniemet

503 4413 630 4476 Non
645 4432 783 4492 ergo
800 4400 1245 4491 Adamumised
1263 4415 1651 4495 semetipsum
1667 4413 2072 4494 unusquisque
2097 4400 2140 4420 υ
2160 4400 2358 4475 ulcera
2379 4413 2585 4494 abluit,
2612 4421 2669 4475 et
2690 4411 2991 4474 hominem
3018 4407 3185 4468 illum
3223 4413 3410 4495 totum
3434 4401 3567 4464 nive
3596 4400 3807 4495 candif

421 4511 689 4566 nostrum
721 4509 962 4564 accuset
991 4510 1048 4564 et
1089 4503 1514 4582 reprehendat,
1565 4504 1628 4564 in
1677 4503 2074 4584 quodcunque

425 4603 739 4675 peccatum
773 4590 1074 4665 inciderit,
1103 4599 1161 4652 et
1190 4592 1238 4652 si
1268 4593 1443 4653 vitam
1475 4600 1754 4653 aeternam
1785 4591 2078 4653 velitcon-

417 4682 589 4764 sequi
621 4681 681 4743 in
711 4680 987 4754 Domino,
1024 4680 1458 4760 paenitentiam,
1488 4683 1575 4760 [ut
1631 4682 1732 4743 ille
1782 4682 2078 4762 ostendat,

415 4775 566 4836 ﬂens
599 4771 661 4833 in
692 4771 899 4832 dolore
949 4768 1150 4832 cordis
1197 4771 1382 4842 sui,et
1431 4771 1492 4832 in
1545 4771 1846 4851 agnitione
1878 4771 1968 4832 sui
1999 4771 2071 4832 ad

415 4863 890 4942 omnipotentem
944 4858 1263 4921 Dominum
1321 4861 1619 4922 clamans:
1675 4860 1828 4921 Ecce
1881 4860 2067 4931 vides,

412 4951 689 5026 Domine,
727 4947 892 5032 (quid
920 4956 1009 5011 est
1058 4956 1252 5010 autem
1293 4949 1446 5030 quod
1512 4958 1573 5012 tu
1625 4970 1743 5011 non
1769 4949 1970 5011 videas
1993 4948 2067 5030 ?),

412 5060 521 5121 ego
571 5060 720 5123 opus
764 5058 1044 5102 manuum
1109 5045 1365 5115 tuarum,
1424 5058 1608 5120 opera
1657 5039 2068 5101 mandatorum

415 5139 652 5193 tuorum
680 5148 800 5192 non
878 5127 1034 5190 feci:
1091 5127 1198 5190 sed
1255 5145 1361 5207 per
1418 5127 1725 5190 stultitiam
1785 5128 1946 5190 omni
1977 5144 2072 5188 me

413 5221 646 5284 scelere
695 5217 956 5300 alligavi.
1005 5215 1096 5278 Tu
1127 5217 1310 5296 igitur
1365 5216 1560 5279 bonus
1615 5217 1924 5292 Dominus,
1960 5236 2068 5296 ego

412 5318 612 5374 autem
641 5329 761 5371 non
791 5307 1222 5388 cognoscebam
1283 5315 1363 5368 te.
1395 5308 1567 5369 Nunc
1595 5307 1790 5368 audivi
1815 5308 1889 5369 de
1913 5315 1991 5383 te,
2013 5315 2072 5368 et

412 5399 773 5476 contremui,
809 5397 1039 5479 etquid
1068 5397 1280 5460 faciam
1342 5397 1566 5459 nescio.
1620 5396 1888 5460 Intellexi
1911 5397 2070 5477 judi-

2158 4503 2384 4564 diorem
2417 4489 2656 4564 reddit:
2712 4500 2886 4561 modo
2932 4516 3006 4558 ne
3039 4495 3174 4576 quis
3235 4493 3414 4554 dubio
3473 4498 3532 4552 et
3561 4489 3806 4570 ancipiti

2166 4592 2346 4654 corde
2366 4593 2436 4653 ad
2465 4593 2650 4653 Deum
2677 4592 2942 4653 accedat.
2965 4584 3264 4648 Dubitatio
3287 4581 3446 4643 enim
3472 4579 3670 4641 cordis
3693 4588 3805 4652 est,

2165 4682 2529 4756 ratiocinari,
2567 4693 2667 4742 aut
2699 4680 2871 4760 plane
2901 4693 3100 4736 secum
3125 4672 3205 4732 ita
3253 4670 3516 4760 cogitare
3549 4667 3806 4760 misere-7

2155 4771 2314 4832 bitur
2336 4773 2452 4832 mei
2482 4771 2662 4844 Deus,
2689 4757 2885 4830 annon
2913 4760 3293 4824 miserebitur
3312 4758 3341 4818 ‘2
3363 4757 3512 4819 Illud
3554 4773 3760 4818 annon
3785 4757 3810 4814 ἴ

2155 4860 2590 4922 incredulitatis
2647 4868 2754 4920 est.
2811 4853 2977 4928 Quod
3037 4853 3085 4912 si
3135 4868 3251 4910 non
3303 4847 3518 4942 credis,
3555 4844 3810 4942 eumtui

2155 4949 2433 5011 misereri
2457 4949 2605 5010 velle
2629 4966 2806 5029 supra
2827 4962 2999 5026 quam
3039 4945 3336 5019 expectas,
3364 4935 3514 5032 quid
3533 4932 3806 5032 accedis,

2157 5057 2414 5118 eumque
2443 5057 2615 5114 rogas
2639 5037 2664 5099 Υ
2685 5025 2977 5114 Ancipilis
3016 5037 3215 5118 autem
3237 5025 3434 5086 cordis
3459 5030 3568 5098 est,
3600 5041 3719 5083 non
3745 5025 3810 5082 in

2157 5117 2406 5190 mortem
2431 5145 2669 5208 prorsus
2693 5125 2955 5204 seipsum
2995 5117 3251 5208 tradere,
3289 5126 3532 5194 pr0pter
3553 5129 3808 5208 regnum

2153 5202 2477 5280 caelorum:
2514 5215 2620 5278 sed
2654 5215 2727 5275 de
2759 5202 2833 5273 iis
2865 5227 3027 5272 essse
3050 5205 3401 5276 sollicitum,
3422 5220 3551 5282 qum
3580 5202 3651 5262 ad
3685 5219 3813 5261 car-

2152 5326 2287 5368 nem
2320 5313 2609 5387 spectant.
2645 5303 2754 5375 Qui
2788 5302 2947 5363 enim
3009 5295 3362 5387 laboriosam
3399 5290 3807 5387 paenitentiam

2149 5396 2288 5477 agit,
2326 5379 2439 5456 hoc
2460 5395 2650 5455 solum
2685 5408 2896 5454 cavere
2930 5387 3129 5455 debet,
3182 5399 3256 5442 ne
3292 5379 3487 5459 ipsum
3535 5379 3814 5440 machina

481 5579 547 5630 95
574 5579 746 5642 Deut.
781 5591 903 5650 XXI,
935 5572 1015 5636 23
1043 5593 1059 5650 ;
1091 5573 1279 5637 Galat.
1320 5592 1409 5656 ιιι,
1447 5575 1546 5638 13.
1630 5575 1694 5626 96
1723 5573 1748 5636 Ι
1776 5573 1959 5640 Joan.
1986 5593 2027 5651 ι,

2155 5625 2164 5637 .
2248 5570 2314 5624 97
2345 5570 2528 5634 Hebr.
2565 5591 2629 5652 ιι,
2661 5571 2722 5648 2,
2753 5572 2813 5635 3.
2899 5565 3018 5629 981
3047 5564 3204 5628 Petr.
3237 5577 3302 5636 Il,
3345 5559 3450 5625 22.
