4112 6106
355 283 469 352 505

1761 292 2044 357 ORATIO
2085 291 2366 358 XXXIII.

3616 293 3734 362 506

348 422 544 506 aliqua
603 425 954 504 exstinguat,
1016 432 1077 488 et
1129 426 1224 489 sui
1279 426 1578 490 homicida
1631 427 1769 490 ﬂat:
1827 425 2328 488 verbiAfricuisti
2351 425 2646 502 manibus,
2673 433 2738 489 ut
2769 427 3023 489 fructum
3062 426 3331 491 laborum
3351 434 3585 490 tuorum
3616 425 3726 490 ab-

345 515 554 595 gratia,
581 523 677 576 aut
709 533 776 577 ex
800 517 915 578 alto
937 523 994 578 et
1017 515 1414 598 praecipitans,
1456 526 1557 579 aut
1594 517 1988 595 strangulans,

347 609 447 663 aut
477 602 636 664 aliud
689 612 894 666 contra
941 616 1212 667 naturam
1272 606 1385 669 sibi
1413 606 1700 669 inferens.
1736 606 1821 667 De
1846 604 1993 666 reli-

349 691 504 772 quis,
533 711 774 774 perque
796 713 1010 775 corpus
1039 695 1118 758 ali
1139 714 1206 758 ac
1253 696 1450 758 vivere
1497 696 1631 772 scit,
1680 715 1754 758 ne
1783 701 1988 757 curet:

347 781 677 843 secundum
737 783 880 844 illud
930 792 1267 846 sanctorum
1316 785 1664 848 oraculum:
1726 783 1996 860 Quam'te

342 871 622 949 primum
652 888 899 950 regnum
938 871 1073 947 Dei,
1117 871 1244 936 haec
1308 875 1514 937 omnia
1557 873 1658 953 (ad
1703 891 1878 934 usum
1907 873 1998 932 vi-

346 957 567 1020 delicet
597 961 864 1040 corporis
895 963 1256 1033 necessaria)
1305 963 1676 1039 adficientur
1716 963 1882 1025 vobis
1908 961 1993 1024 99.

342 1047 540 1109 Pctest
559 1067 842 1130 namque,
871 1049 1166 1130 quivitam
1197 1051 1256 1112 in
1281 1051 1606 1113 certamine
1637 1051 1820 1125 ducit,
1850 1060 1910 1112 et
1928 1069 1998 1113 ex

340 1145 676 1218 prescrtpto
708 1137 1008 1218 Evangelii
1039 1140 1204 1216 vivit,
1254 1141 1382 1202 solo
1430 1159 1606 1222 pane,
1656 1149 1712 1202 et
1741 1159 1890 1220 aqua
1921 1141 1996 1201 ali

339 1225 637 1304 quotidie,
696 1234 752 1288 et
780 1227 998 1303 vivere,
1058 1235 1119 1290 et
1174 1229 1430 1291 habitior
1459 1247 1615 1310 esse,
1670 1248 1847 1310 quam
1898 1243 1999 1310 qui

345 1317 570 1377 mensis
652 1317 1077 1381 delicatoribus
1139 1321 1520 1384 accumbunt.
1601 1321 1888 1394 Quocirca
1941 1331 2002 1384 et

336 1403 558 1467 Paulus
590 1407 767 1488 hujus
789 1407 878 1469 rei
898 1427 1121 1487 gnarus
1137 1409 1392 1489 dicebat,
1421 1429 1775 1491 semperque
1811 1409 1992 1474 dicit:

2078 515 2331 576 solutum
2357 516 2657 597 aspiceres
2681 515 2795 578 ?eo
2816 522 3018 578 autem
3055 526 3344 598 spectato,
3383 537 3521 578 num
3553 515 3728 578 alitus

2077 603 2154 666 ad
2176 605 2573 680 saturitatem,
2607 612 2665 666 et
2694 604 2924 667 vibrum
2955 606 3141 667 factus
3195 625 3258 669 es
3287 605 3634 668 robustior?
3664 606 3727 667 Si

2077 693 2290 755 horum
2313 703 2508 756 certus
2530 713 2615 768 es,
2663 696 2867 774 pedes,
2894 703 2952 755 et
2974 695 3215 774 vestigia
3246 695 3464 777 pedum
3490 703 3721 756 tuorum

2077 782 2285 864 adoro,
2317 791 2376 844 et
2397 783 2730 856 exosculor,
2770 802 2888 844 non
2919 783 3077 845 enim
3110 784 3202 864 dig
3220 803 3332 846 nus
3353 803 3483 846 sum
3511 783 3722 845 faciem

2080 877 2238 931 tuam
2268 871 2548 933 osculari.
2582 871 2931 952 Triumpba,
2958 882 3014 933 et
3059 873 3310 948 exsulta,
3343 893 3479 936 cum
3512 872 3728 952 gaudio

2079 958 2389 1038 colligens,
2424 979 2558 1041 quae
2613 979 2749 1022 cum
2780 961 2984 1024 labore
3033 969 3093 1022 et
3139 962 3489 1026 lassitudine
3537 961 3724 1024 semi-

2079 1048 2251 1109 nasti.
2277 1049 2379 1110 Sin
2403 1059 2596 1110 autem
2619 1050 2814 1131 etipsa
2843 1069 2974 1132 quae
2995 1069 3029 1111 a
3081 1070 3176 1112 me
3200 1052 3480 1114 dicuntur
3501 1053 3721 1128 nescis,

2082 1144 2354 1218 etneque
2383 1158 2455 1200 an
2487 1139 2547 1200 in
2575 1148 2729 1201 terra
2762 1149 2883 1214 tua,
2929 1139 2990 1201 in
3033 1160 3194 1220 agro,
3228 1142 3491 1223 inquam,
3526 1141 3724 1203 cordis

2082 1225 2188 1306 tui,
2211 1226 2286 1287 de
2317 1226 2608 1289 fructibus
2641 1228 2987 1290 melioribus
3019 1229 3370 1292 seminatum
3403 1231 3500 1307 sit,
3538 1230 3719 1303 nosti,

2081 1330 2258 1376 narra
2287 1315 2458 1391 mihi,
2505 1324 2800 1378 extremos
2837 1317 2999 1379 orbis
3044 1327 3332 1380 terrarum
3384 1319 3533 1381 ﬁnes
3578 1318 3718 1380 dum

2081 1401 2298 1478 obiisti,
2327 1415 2387 1466 et
2414 1407 2619 1468 ultima
2676 1406 2864 1486 pelagi
2913 1408 3100 1487 spatia
3147 1426 3426 1469 emensus
3454 1427 3543 1481 es,
3574 1408 3717 1488 quid

334 1495 641 1558 Habentes
673 1498 924 1570 victum,
957 1504 1013 1559 ει
1041 1498 1256 1577 quibus
1308 1507 1581 1579 tegamur
1611 1501 1705 1562 his
1732 1501 1996 1562 contenti
2077 1492 2604 1579 proiecisti?Nihil
2627 1494 2851 1574 utique.
2886 1494 2948 1558 Si
2999 1496 3156 1557 enim
3189 1497 3250 1557 in
3283 1499 3718 1578 eleemosynam

331 1585 530 1646 simus
551 1585 598 1648 ί.
629 1586 714 1648 Et
743 1604 988 1668 rursum
1014 1609 1026 1645 :
1062 1586 1136 1650 Ut
1164 1591 1227 1650 in
1251 1577 1424 1651 nobis
1455 1590 1602 1667 ipsis
1641 1605 1982 1669 responsum

2073 1577 2296 1643 dedero
2327 1590 2511 1644 totum
2547 1587 2853 1658 mundum,
2908 1605 3024 1646 non
3073 1594 3273 1648 tamen
3306 1587 3378 1648 de
3406 1577 3579 1658 meis,
3612 1587 3716 1648 sed

330 1677 546 1736 mortis
575 1674 876 1757 habentes,
911 1694 1030 1738 non
1049 1676 1235 1739 simul
1258 1679 1503 1756 ﬁdentes
1525 1679 1595 1740 in
1616 1679 1784 1740 nobis
1815 1679 1983 1758 ipsis,
2009 1713 2046 1761 Β
2072 1676 2218 1761 esto,
2253 1671 2326 1761 de
2360 1673 2528 1753 meis,
2555 1691 2650 1734 me
2675 1681 2870 1735 autem
2893 1675 3114 1736 nudum
3147 1683 3205 1736 et
3237 1677 3477 1756 inopem
3499 1676 3714 1748 siverO.

329 1765 434 1824 sed
454 1766 522 1825 in
557 1765 708 1845 Deo,
739 1767 845 1846 qui
870 1767 1132 1829 suscitas
1162 1767 1485 1830 mortuosQ.

411 1851 1000 1930 En,fratres,dilecti,
1026 1855 1359 1929 docuimus,
1381 1853 1675 1937 quomodo
1697 1854 1769 1916 ad
1801 1853 1985 1916 Deum

332 1941 765 2023 accedendum,
826 1959 882 2004 et
917 1943 1109 2024 qualis
1132 1944 1208 2021 "ei
1259 1944 1600 2025 paenitentia
1657 1943 1988 2004 exhibenda

327 2031 427 2090 sit.
463 2029 551 2092 Ne
600 2031 780 2109 igitur
829 2031 901 2092 ab
951 2050 1020 2093 ea
1053 2051 1240 2113 usque
1288 2033 1364 2096 ab
1413 2033 1686 2094 ultimum
1719 2033 1983 2095 habitum

329 2130 600 2185 nostrum
653 2125 1033 2200 desistamus,
1090 2145 1281 2207 neque
1332 2126 1476 2188 boni
1528 2127 1706 2206 hujus
1755 2117 1987 2187 consilli

325 2231 442 2274 nos
473 2213 670 2293 capiat
689 2213 930 2275 oblivio.
957 2216 1018 2277 Si
1044 2215 1200 2276 enim
1226 2215 1298 2276 ad
1325 2217 1471 2292 haec,
1496 2215 1618 2279 Deo
1649 2215 1978 2296 adjuvante,

329 2310 386 2363 et
415 2301 491 2362 ad
551 2303 664 2364 hoc
721 2322 872 2384 opus
938 2305 1298 2385 poenitentiae
1358 2306 1826 2381 incubuerimus,
1871 2304 1984 2384 ipsi

330 2390 556 2450 sensim
585 2392 809 2470 majora
835 2393 1124 2472 mysteria
1149 2394 1569 2474 intelligemus,
1596 2413 1857 2474 superna
1885 2394 1985 2455 illa

334 2479 523 2556 gratia
547 2479 786 2540 edocti:
847 2500 958 2542 nec
1009 2483 1198 2544 solum
1247 2484 1381 2544 fons
1427 2485 1844 2564 lacrymarum,
1877 2483 1982 2544 sed

331 2569 508 2629 etiam
562 2569 828 2630 omnium
881 2590 1188 2650 pravarum
1241 2572 1620 2634 affectionum
1657 2574 1886 2642 horror,
1923 2582 1983 2635 et

329 2656 610 2718 alienatio
645 2676 753 2736 per
780 2658 1193 2738 hujuSLemodi
1222 2663 1485 2722 actiones
1504 2660 1677 2722 nobis
1726 2658 1980 2721 donabi-

329 2753 442 2806 tur.
473 2744 618 2806 Nam
653 2746 1058 2826 paenitentiam
1098 2757 1154 2809 et
1185 2750 1703 2828 compunctionem
1743 2766 1982 2828 semper

321 2835 658 2915 exquirere,
695 2842 752 2896 et
789 2836 1040 2898 scrutari
1064 2857 1195 2918 quae
1215 2838 1284 2898 ad
1313 2839 1662 2920 lugendum,
1686 2838 1973 2912 ﬂendum,

324 2923 652 2985 dolendum
705 2924 956 2997 valeant,
1018 2944 1205 3006 eaque
1255 2927 1426 2988 enixe
1467 2935 1769 3007 prazstare,
1829 2926 1977 2988 etin

2071 1764 2130 1817 et
2157 1757 2237 1820 ita
2260 1759 2320 1821 in
2345 1761 2636 1824 bonorum
2663 1771 2942 1840 egestate,
2977 1764 3356 1844 moriturum,
3380 1773 3440 1826 et
3459 1766 3530 1826 ad
3555 1765 3719 1826 terri-

2069 1845 2189 1934 bile
2207 1849 2425 1912 Christi
2447 1851 2696 1912 tribuual
2715 1851 3068 1934 sistendum,
3091 1853 3234 1933 quid
3259 1853 3405 1915 mihi
3439 1853 3718 1934 prodest?

2068 1933 2312 2000 Indutos
2368 1947 2428 2000 et
2487 1951 2726 2004 ornatos
2774 1961 2806 2003 e
2857 1933 3109 2021 corpore
3158 1943 3318 2003 exire
3361 1933 3614 2022 oportet,
3667 1942 3718 2003 si

2067 2025 2244 2086 modo
2269 2027 2581 2090 vilimusin
2600 2033 2821 2112 nuptiis
2863 2031 3059 2108 Regiis
3083 2049 3198 2092 una
3232 2050 3364 2092 cum
3403 2033 3533 2110 ejus
3561 2031 3707 2092 ami-

2070 2113 2156 2175 cis
2188 2114 2588 2182 discumbere.
2617 2119 2769 2193 Quid
2831 2139 3008 2201 porro
3055 2128 3163 2196 est,
3217 2119 3371 2200 quod
3408 2128 3465 2182 et
3494 2138 3625 2200 ego,
3659 2127 3718 2180 et

2068 2221 2277 2266 omnes
2301 2206 2477 2269 amici
2508 2210 2636 2288 ejus
2665 2209 3094 2289 superinduere
3123 2208 3434 2282 debemus,
3467 2227 3542 2269 ne
3573 2217 3712 2269 tunc

2069 2291 2213 2353 nudi
2239 2311 2632 2375 appareamus
2651 2297 2681 2356 ?
2711 2297 2976 2359 Christus
2999 2305 3056 2358 et
3080 2297 3235 2358 Deus
3267 2297 3503 2358 fratres.

2146 2379 2311 2453 Quod
2343 2382 2395 2443 si
2425 2383 2786 2467 universum,
2847 2385 2950 2466 qui
2993 2384 3102 2446 sub
3151 2385 3298 2446 cmlo
3357 2393 3468 2462 est,
3503 2384 3708 2447 orbem

2067 2487 2479 2548 peragravero,
2510 2473 2851 2556 nultamque
2873 2474 3204 2554 regionem,
3229 2481 3328 2535 aut
3351 2475 3586 2548 urbem,
3611 2483 3710 2536 aut

2066 2559 2382 2622 ecclesiam
2412 2564 2873 2642 praetermisero,
2916 2565 2976 2625 in
3026 2582 3202 2645 quam
3253 2581 3374 2624 non
3401 2563 3709 2624 odoratum

2064 2647 2381 2724 iutroeam,
2415 2649 2662 2732 ipasque
2686 2651 2838 2714 bene
2857 2654 3314 2734 perlustravero,
3343 2660 3401 2713 et
3436 2659 3711 2715 accurate

2063 2753 2418 2814 cognovero,
2453 2757 2637 2819 regno
2667 2748 2864 2802 autem
2896 2741 3123 2804 cmlesti
3158 2741 3463 2820 excidero,
3497 2741 3708 2821 ecquid

2061 2844 2180 2887 non
2204 2827 2415 2889 melius
2433 2839 2579 2904 erat,
2609 2849 2704 2891 me
2735 2849 3052 2912 numquam
3077 2837 3278 2892 natum
3301 2849 3456 2904 esse,
3496 2848 3604 2892 nec
3645 2831 3705 2892 in

2062 2922 2278 2976 terram
2310 2917 2622 2994 cecidisse,
2669 2930 2769 2982 aut
2816 2920 3086 3002 spiritum
3127 2921 3284 2981 hunc
3332 2920 3550 2981 ducere
3581 2938 3701 2982 coa-

327 3011 494 3073 nullo
520 3011 632 3073 sibi
657 3013 917 3093 potiores
943 3000 1199 3095 deferre,
1227 3023 1326 3076 aut
1353 3000 1482 3076 ulla.
1512 3034 1578 3076 ex
1624 3000 1788 3096 parte
1813 3016 1976 3077 carni
1997 3000 2036 3049 C
2062 3003 2243 3096 Ρίεξβ,
2277 3013 2334 3067 θῐ
2357 3007 2545 3068 OCUliS
2575 3009 2760 3069 Solem
2789 3000 3092 3089 θέρθκίεεθ
3111 3007 3371 3084 ῩΕιίᾶηιν
3412 3009 3524 3070 hoc
3559 3007 3708 3072 mihi

328 3099 602 3182 obsequi,
639 3103 995 3182 compendio
1027 3104 1280 3184 quodam
1342 3104 1643 3166 hominem
1671 3105 1741 3165 ad
1776 3105 1980 3184 perfe-

324 3190 610 3266 ctionem,
641 3199 692 3252 et
713 3191 782 3252 ad
809 3192 1144 3266 puritatem,
1171 3193 1605 3274 aﬂ‘ectuumque
1634 3195 1980 3254 vacuitatem

331 3279 600 3352 deducit,
653 3290 710 3342 et
760 3282 949 3343 sancti
983 3280 1236 3362 Spiritus
1279 3283 1623 3364 participem
1672 3283 1878 3346 efﬁcit.
1913 3283 1986 3345 Et

329 3368 460 3430 haec
493 3369 756 3448 quidem,
791 3370 839 3431 si
872 3371 1301 3452 paenitentiam,
1345 3380 1403 3434 et
1441 3372 1853 3434 contritionem
1886 3372 1978 3432 di-

329 3457 681 3522 lexerimus.
707 3457 810 3521 Sin
851 3460 1238 3531 uoluerimus,
1267 3479 1513 3542 quaeque
1545 3461 1702 3523 dicta
1729 3469 1887 3535 sunt,
1923 3461 1982 3522 in

328 3545 405 3607 iis
428 3550 558 3608 sine
580 3547 1029 3610 intermissione
1051 3569 1167 3610 non
1201 3549 1726 3631 elaboraverimus,
1747 3569 1820 3611 ne
1851 3549 1984 3631 quis

321 3644 528 3697 tamen
557 3636 829 3717 loquatur
859 3637 1064 3718 impie,
1127 3647 1184 3700 et
1232 3639 1390 3701 dicat
1441 3640 1499 3702 Id
1549 3659 1678 3702 esse
1699 3640 1982 3721 impossi-

321 3723 480 3787 bile:
520 3743 652 3799 nec,
677 3726 834 3805 quod
859 3726 970 3788 ista
990 3727 1050 3788 in
1074 3727 1334 3788 medium
1378 3729 1566 3807 attuli,
1611 3746 1704 3792 me
1727 3730 1976 3790 multum

316 3813 634 3876 abundare
662 3815 804 3884 otio.
862 3834 1058 3896 neque
1105 3826 1413 3878 recenseat
1466 3818 1635 3886 mihi.
1671 3826 1975 3898 quamtum

326 3903 457 3964 auri
485 3904 832 3984 argentique
853 3904 1275 3984 distribuerit,‘,
1297 3925 1364 3968 ac
1412 3906 1758 3988 disperserit
1785 3929 1797 3967 :
1833 3925 1978 3968 neve

333 3992 514 4073 dicat,
545 4002 630 4055 tot
651 4001 707 4054 et
733 4002 812 4053 tot
833 3993 907 4055 de
929 3994 1300 4056 facultatibus
1333 3995 1479 4057 meis
1531 3996 1720 4058 nudos
1749 3995 1977 4076 vestivi,

321 4081 663 4144 esurientes
699 4082 840 4159 alui,
868 4083 1137 4144 sitientes
1164 4084 1374 4163 potavi,
1411 4085 1610 4146 omnia
1642 4103 1772 4147 mea
1802 4085 1975 4147 dilar-

322 4171 481 4250 gitus
512 4189 666 4244 sum,
703 4171 832 4231 veni
863 4171 921 4232 in
955 4172 1109 4232 hunc
1163 4181 1449 4246 montem,
1497 4173 1705 4234 intravi
1737 4173 1797 4233 in
1824 4175 1974 4235 hanc

324 4260 696 4338 speluncam,
722 4261 793 4320 ad
811 4259 1048 4321 Domini
1071 4261 1414 4337 sepulcrum
1439 4263 1684 4342 accessi,
1710 4262 1770 4324 in
1796 4282 1970 4325 mon-

2063 3093 2280 3154 melius
2303 3103 2452 3171 erat,
2484 3096 2635 3168 Quid
2665 3097 2846 3176 igitur
2863 3098 3098 3170 faciam,
3133 3116 3208 3158 ne
3243 3098 3355 3158 hoc
3377 3115 3561 3176 regno
3581 3097 3698 3178 pri.

2066 3181 2218 3245 ver?
2264 3181 2326 3245 Si
2381 3185 2616 3247 functus
2664 3187 2942 3247 omnibus
2997 3187 3359 3267 paenitentiae
3405 3187 3706 3266 operibus,

2067 3270 2350 3351 Spiritum
2399 3283 2668 3336 sanctum
2715 3294 3026 3356 accepero.
3073 3275 3230 3336 Istud
3280 3275 3499 3356 quippe
3527 3283 3617 3337 est
3646 3293 3710 3338 se

2070 3378 2204 3420 men
2236 3361 2473 3434 Christi,
2503 3383 2606 3445 per
2626 3367 2783 3444 quod
2829 3384 2936 3425 nos
2977 3382 3289 3445 pauperes,
3337 3373 3394 3425 et
3424 3364 3709 3427 mortales

2066 3449 2195 3528 ejus
2213 3452 2480 3531 cognatis
2501 3453 2878 3518 ascribimur.
2905 3453 3068 3526 Quod
3094 3454 3143 3514 si
3174 3453 3458 3514 ceciderit
3487 3453 3547 3514 in
3582 3467 3705 3514 ter-

2065 3557 2191 3599 rnm
2222 3538 2460 3613 bonam,
2514 3541 2764 3604 fructum
2815 3545 2951 3617 fert,
2997 3562 3180 3603 unum
3230 3541 3616 3618 tricesimum,
3652 3550 3712 3604 et

2071 3628 2230 3690 aliud
2262 3631 2720 3708 sexagesimum,
2746 3631 2901 3692 aliud
2926 3631 3355 3693 centisimum3.
3382 3630 3572 3710 Atque
3595 3631 3707 3693 hoc

2059 3721 2252 3801 ipsum
2287 3731 2346 3784 et
2401 3741 2648 3801 regnum
2699 3727 3034 3788 certorum:
3083 3735 3301 3786 caetera
3349 3724 3549 3784 omnia
3577 3723 3708 3786 sine

2061 3811 2173 3871 hoc
2225 3813 2371 3873 nihil
2420 3813 2718 3874 commodi
2777 3813 3017 3876 habent.
3073 3814 3197 3874 Nisi
3257 3813 3439 3887 enim,
3471 3813 3704 3894 fratres,

2061 3903 2245 3961 nostri
2277 3901 2541 3982 ipsorum
2577 3902 2990 3974 misercamur,
3050 3913 3108 3963 et
3157 3921 3263 3982 per
3292 3903 3704 3983 pmnitentiam

2059 3989 2287 4052 animas
2318 4000 2546 4053 nostras
2572 4002 2865 4073 purgatas,
2901 4011 2969 4053 ac
3026 3991 3270 4053 luminis
3299 3992 3504 4072 plenas
3533 3991 3702 4052 inve-

2059 4081 2312 4156 niamus,
2340 4081 2484 4142 nihil
2509 4099 2616 4142 nos
2635 4082 2782 4143 alias
2802 4081 3014 4142 fecisse
3025 4079 3272 4160 juvabit,
3303 4089 3364 4140 ut
3385 4078 3464 4142 ait
3496 4079 3701 4141 Domi-

2056 4186 2168 4228 nus
2190 4175 2246 4228 et
2269 4172 2426 4232 Deus
2453 4179 2692 4234 noster:
2718 4171 2879 4246 ρψτιί
2912 4173 3161 4251 prodest
3185 4170 3437 4239 homini,
3481 4171 3535 4230 si
3556 4174 3701 4231 uni-

2055 4275 2251 4319 ersum
2284 4260 2577 4322 mundum
2604 4261 2892 4332 lucretur,
2927 4263 3145 4322 animm
3181 4277 3322 4322 vero
3361 4277 3487 4320 sua
3508 4259 3699 4321 detri-

325 4356 442 4408 tem
474 4349 772 4412 Olivarum
802 4349 1067 4428 ascendi,
1106 4359 1162 4410 et
1195 4370 1350 4411 nunc
1403 4351 1462 4412 in
1512 4352 1626 4413 hoc
1657 4369 1964 4414 monaSte-
1989 4349 3706 4430 1)mentumpatiatur?autquamdubithomocommuta-

321 4436 474 4497 rium
511 4456 607 4497 me
630 4437 851 4512 abdidi,
887 4445 948 4500 et
977 4439 1101 4518 jam
1134 4438 1443 4520 detonsus,
1471 4447 1569 4501 aut
1601 4441 1778 4502 etiam
1810 4450 1981 4504 antra

318 4525 629 4604 detonsus,
662 4527 720 4586 in
755 4527 903 4588 cella
926 4528 1129 4596 sedeo,
1170 4537 1395 4588 tantum
1432 4547 1743 4590 numerum
1780 4550 1975 4610 preca-

322 4615 552 4676 tionum
586 4615 864 4690 fundens,
892 4635 1024 4677 cum
1058 4617 1150 4678 his
1168 4617 1462 4698 salvabor,
1488 4618 1780 4679 etsufficit
1804 4620 1974 4680 mihi.

323 4707 414 4766 Ne
449 4704 557 4766 tibi
593 4705 786 4766 fucum
819 4705 1018 4769 facias.
1069 4705 1430 4785 quicumque
1491 4724 1574 4779 es,
1630 4706 1829 4786 frater,
1866 4728 1977 4769 nec

327 4792 579 4872 teipsum
604 4792 765 4854 vanis
787 4792 1243 4872 cogitationibus
1265 4793 1620 4870 insipienter
1636 4797 1970 4860 consolere.

325 4879 461 4942 Hazc
495 4881 653 4942 enim
683 4883 884 4942 omnia
927 4882 1103 4961 bona,
1157 4892 1215 4943 et
1267 4884 1438 4944 valde
1489 4884 1641 4944 bona
1673 4894 1829 4966 sunt,
1866 4886 1970 4947 sed

321 4987 528 5032 semen
563 4979 783 5031 tantum
835 4989 966 5032 esse
1022 4972 1192 5032 scito.
1256 4971 1408 5033 Vide
1456 4971 1638 5049 igitur
1693 4973 1969 5054 (exempli

319 5061 515 5136 causa)
535 5078 737 5139 agrum
790 5059 1106 5136 renovasti,
1150 5062 1350 5120 ﬁmum
1396 5060 1681 5142 sparsisti,
1719 5063 1970 5124 tribulos

316 5147 554 5221 vellisti,
579 5148 907 5220 seminasti,
940 5152 1070 5211 Non
1097 5167 1236 5227 ergo
1256 5169 1322 5210 ex
1353 5149 1538 5211 herba
1561 5161 1739 5212 terrae
1763 5171 1968 5214 Semen

2063 4440 2283 4498 tionem
2302 4456 2416 4517 pro
2437 4441 2645 4501 anima
2666 4440 2812 4501 suﬁ
2833 4439 2945 4500 ‘!Et
2963 4439 3176 4500 iterum
3205 4461 3217 4496 :
3242 4438 3355 4512 Qui
3371 4439 3707 4518 perdiderit

2062 4527 2332 4588 animum
2352 4546 2548 4599 suam,
2575 4529 2696 4590 sive
2729 4531 2974 4600 mundo,
3009 4537 3107 4588 aut
3137 4527 3209 4587 iis
3257 4526 3356 4606 qui
3390 4527 3450 4587 in
3483 4527 3703 4587 mundo

2059 4621 2196 4674 sunt
2223 4623 2536 4688 mortuam,
2573 4625 2631 4678 et
2661 4618 2792 4678 sine
2853 4636 3029 4678 sensu
3071 4615 3418 4689 reddiderit,
3449 4623 3707 4694 propter

2057 4721 2170 4783 me,
2194 4705 2458 4769 inveniet
2485 4709 2670 4769 eam5.
2699 4705 2806 4778 Qui
2833 4704 3337 4767 auteminveuerit
3361 4723 3489 4765 eam
3517 4704 3576 4764 in
3600 4705 3704 4765 ali-

2057 4809 2172 4871 qua
2195 4793 2391 4854 carnis
2410 4794 2733 4870 voluntate,
2765 4796 2970 4875 perdet
3015 4812 3165 4856 eam.
3194 4791 3251 4854 Si
3277 4792 3457 4870 igitur
3478 4793 3704 4853 animas

2057 4889 2288 4944 nostras
2310 4903 2426 4946 non
2475 4884 2554 4945 ita
2603 4893 2842 4964 propter
2893 4883 3191 4946 Chritsum
3241 4881 3701 4962 perdiderimus.

2053 4974 2862 5054 rursumqueinvcnerimus,
2898 4972 3134 5054 quando
3176 4989 3308 5032 cum
3353 4969 3586 5032 Christo
3617 4969 3704 5029 vi-

2055 5069 2170 5123 tam
2194 5063 2614 5143 sempiternam
2667 5065 3008 5138 vixi-rimus,
3063 5060 3204 5142 quid
3254 5058 3484 5138 reliqua
3509 5059 3709 5120 omnia

2055 5151 2227 5212 nobis
2253 5153 2640 5215 emolumenti
2673 5153 2930 5215 dabunt?
2947 5153 3196 5213 Prorsus
3214 5147 3359 5207 nihil
3383 5146 3706 5226 proderunt

315 5235 729 5311 seostendere,
755 5255 891 5297 num
909 5237 1169 5298 crevisse
1186 5237 1735 5318 comperisti?num
1765 5241 1961 5320 spicas
2051 5239 2256 5302 dilecti
2287 5242 2441 5304 servi
2475 5242 2716 5318 Christi,
2751 5263 2862 5305 nec
2893 5242 2966 5303 ab
3021 5237 3261 5301 aeternis
3305 5235 3558 5296 ﬂammis
3597 5256 3704 5298 nos

314 5325 699 5404 prodeuntes,
734 5344 873 5386 num
905 5325 1068 5386 albas
1104 5325 1320 5386 animae
1357 5345 1478 5387 sua:
1508 5341 1764 5408 segetes,
1789 5339 1848 5389 et
1888 5329 1959 5390 ad
2047 5338 2334 5393 asserent.
2361 5331 2554 5404 Quare
2577 5333 2799 5412 omnia,
2824 5339 2883 5392 et
2908 5347 3113 5393 omnes
3135 5326 3568 5406 relinquentes,
3598 5347 3705 5390 nos

317 5431 569 5477 messem
601 5415 849 5478 idoneas
871 5413 1276 5495 conspexisti?
1298 5415 1509 5477 vellisti
1547 5416 1742 5496 spicas
1771 5419 1910 5480 inde
1930 5418 1962 5479 ?
2046 5420 2207 5502 ipsos
2231 5420 2408 5497 selos,
2436 5432 2494 5486 et
2515 5430 2712 5483 nostra
2739 5427 3024 5502 perpetuo
3060 5416 3469 5496 inspiciamus,
3513 5417 3703 5482 donec

394 5573 689 5675 9fnltlatth.
725 5590 808 5650 v1,
843 5573 940 5637 33.
1031 5576 1050 5617 ί
1088 5573 1299 5638 ITim.
1357 5591 1437 5649 v1,
1470 5577 1530 5640 8.
1616 5575 1649 5627 2
1675 5575 1724 5640 II
1764 5582 1900 5647 Cor.
1932 5599 1979 5660 ι,
2009 5581 2070 5647 9.
2169 5581 2204 5632 3
2230 5580 2434 5645 Matth.
2467 5597 2595 5658 xm,
2627 5583 2688 5648 8.
2789 5582 2821 5633 4
2847 5537 3051 5675 Matth.
3083 5594 3207 5660 xvr,
3258 5577 3358 5641 26.
3441 5578 3474 5629 ⁸
3499 5581 3702 5644 Matth.

322 5668 380 5730 χ,
409 5655 506 5718 39.
