4112 6106
389 254 505 319 507

1679 256 1988 320 SYMEON
1993 256 2063 320 IS
2101 257 2479 321 JUNIORIS.

3647 262 3765 327 508

381 389 456 451 iis
486 408 614 472 quae
639 388 978 462 deterioris,
1005 391 1064 453 id
1113 400 1222 467 est,
1270 390 1542 472 corporis
1586 399 1744 466 sunt,
1777 391 1948 453 victis
1977 396 2095 451 etA
2117 404 2354 450 omnem
2369 387 2686 468 hujusvitaa
2700 389 3169 454 sollicitudinem
3183 392 3596 456 amandemus.
3619 391 3772 456 Ode-

384 479 689 554 edomitis,
742 491 801 544 et
864 481 1123 557 meliori,
1183 501 1401 563 nempe
1457 481 1696 556 rationi,
1751 488 1808 544 et
1836 481 2035 544 animo

383 568 659 649 subditis,
684 576 743 633 et
794 570 875 631 ita
923 570 1082 649 pacis
1129 569 1354 651 Spiritu
1403 570 1696 652 perfruiti,
1731 570 2036 632 atumultu

385 657 684 718 terrestris
706 657 951 736 spiritus
977 659 1384 739 expediamur,
1415 666 1472 721 et
1492 659 1554 720 in
1585 667 1816 740 portum
1843 658 2036 722 beatae

387 743 608 822 quietis
641 754 857 807 nostrae
879 745 1309 825 ingrediamur.

465 836 676 895 Beatus
709 834 908 914 igitur,
943 835 1068 916 qui,
1097 855 1227 917 qua;
1249 835 1504 898 diximus
1535 837 1687 898 'cum
1711 834 1845 912 ,fide
1874 833 2040 896 audit

385 931 444 984 et
471 923 546 984 ad
577 943 834 1003 unguem
857 943 925 986 ea
955 925 1318 1006 exsequitur,
1343 933 1401 987 et
1431 927 1583 988 hanc
1617 943 1816 987 veram
1849 923 2040 1004 pteni-

388 1011 587 1074 tentize
613 1013 931 1093 imaginem
949 1014 1532 1095 descriptionemque
1551 1014 1836 1095 innitatur,
1861 1031 2033 1093 quam

385 1101 549 1182 prius
571 1102 764 1182 praxis
782 1110 984 1164 nostra
1003 1101 1289 1183 implevit,
1324 1103 1699 1184 postmodum
1739 1101 2040 1182 Scriptura

384 1189 579 1252 verbis
598 1190 917 1253 commisit.
938 1189 1085 1252 Nam
1115 1211 1250 1253 cum
1276 1191 1432 1253 bona
1459 1192 1849 1264 intellectum,
1877 1191 2037 1270 cogi-

385 1280 695 1356 tationem,
737 1299 1078 1342 sermonem
1125 1281 1464 1361 superantia
1503 1281 1813 1360 invrnerit,
1851 1280 2034 1342 mise-

383 1379 508 1422 ram
545 1379 781 1422 manum
818 1379 1031 1435 meam,
1057 1380 1188 1442 quae
1211 1362 1322 1423 hoc
1343 1362 1609 1442 scripsit,
1645 1361 1878 1422 beatam
1912 1378 2037 1440 pro-

381 1448 701 1530 nuntiabit,
726 1460 783 1510 et
803 1449 1274 1520 misericordem.
1303 1450 1620 1530 multaeque
1640 1448 2040 1510 miserationis

383 1537 701 1600 Dominum
737 1537 1102 1618 praedicabit,
1149 1540 1251 1619 qui
1283 1558 1388 1618 per
1420 1539 1678 1618 linguam
1711 1538 2036 1608 sordidam,

382 1636 440 1688 et
468 1627 864 1702 immundam,
902 1635 1037 1688 etos
1085 1626 1386 1706 impurum
1414 1628 1539 1688 haec
1577 1627 1872 1708 scriptura
1894 1647 2039 1688 con-

386 1716 660 1796 signavit,
687 1717 758 1777 ad
785 1718 1117 1795 exemplum
1143 1715 1546 1778 conversionis
1571 1724 1630 1780 et
1655 1716 2036 1800 poenitentia,

381 1815 438 1867 et
466 1805 538 1867 ad
569 1804 720 1866 viam
747 1805 1030 1865 directam
1057 1805 1550 1886 verissimamque
1591 1823 1797 1866 eorum
1843 1806 1943 1886 qui
1968 1826 2038 1868 ex

376 1901 495 1956 tota
518 1894 716 1955 anima
737 1892 932 1954 sanari
959 1895 1414 1974 concupiscunt,
1451 1901 1508 1955 et
1532 1912 1776 1970 regnum
1818 1894 2033 1955 vitam-

374 2002 489 2063 que
509 1983 924 2056 immorta‘em,
949 2001 1014 2043 ac
1040 1983 1344 2044 ctelestem
1391 2003 1496 2064 pro
1522 1982 1862 2044 haereditate
1893 1985 2026 2045 adi-

380 2072 494 2134 turi
524 2079 682 2135 sunt.
705 2071 1104 2144 Quamobrem
1129 2091 1268 2150 rogo
1291 2090 1417 2148 vos,
1447 2073 1506 2133 in
1533 2071 1764 2135 Christo
1794 2072 2027 2154 fratres,

378 2159 843 2242 proculanobis
895 2179 1135 2223 omnem
1185 2162 1557 2224 affectionem
1614 2160 1932 2238 turbidam,
1976 2171 2034 2224 et

2120 477 2307 538 rimus
2363 479 2689 560 voluptates
2738 481 2954 556 carnis,
3021 482 3428 562 jucunditates
3471 483 3765 564 corporis,

2119 564 2581 642 oblectamenta,
2604 575 2662 628 et
2682 568 2889 641 otium,
2914 589 3162 652 perquaa
3180 572 3335 652 quod
3360 572 3626 634 deterius
3652 582 3762 647 est,

2119 653 2334 733 potiori
2360 655 2653 734 praevalet,
2679 664 2736 718 et
2775 659 2953 737 agite,
3003 659 3396 740 suscipiamus
3424 660 3600 721 ﬁdem
3635 663 3767 720 sin-

2119 758 2314 802 ceram
2349 759 2484 818 erga
2515 742 2723 817 Deum,
2775 754 2832 806 et
2881 746 2980 826 qui
3030 747 3356 808 secundum
3412 750 3599 810 Deum
3630 755 3770 808 sunt

2119 837 2313 908 patres
2343 849 2411 892 ac
2439 831 2654 895 fratres
2679 834 2885 895 nostri.
2946 835 3364 898 Possideamus
3402 856 3507 898 cor
3535 837 3767 899 contri-

2121 926 2240 979 tum
2274 928 2333 980 et
2384 921 2758 982 humiliatum
2789 923 2998 986 animae
3017 925 3315 1005 spiritum,
3347 934 3404 988 et
3426 945 3533 1007 per
3569 924 3766 1006 paeni-

2119 1008 2382 1083 tentiam,
2420 1018 2476 1070 et
2506 1011 2794 1090 lacrymas
2820 1031 2920 1073 cor
2951 1032 3161 1094 purum
3209 1014 3283 1075 ab
3308 1016 3472 1076 omni
3503 1015 3764 1091 macula,

2121 1105 2178 1158 et
2205 1096 2338 1158 labe
2368 1099 2617 1180 peccati,
2653 1111 2714 1162 ut
2747 1101 2922 1162 etiam
2967 1104 3265 1183 possimus
3297 1104 3611 1184 pervenire
3647 1104 3764 1165 ali-

2120 1187 2352 1266 quando
2401 1189 2472 1248 ad
2523 1190 3007 1269 compendiosam
3059 1210 3399 1254 mensuram
3442 1193 3765 1275 spiritualis

2119 1277 2328 1348 aetatis,
2351 1285 2409 1338 et
2441 1276 2642 1338 videre
2667 1296 2736 1339 ac
2765 1278 2878 1339 frui
2928 1279 3100 1341 bonis
3143 1281 3568 1363 inetfabilibus,
3594 1281 3764 1342 inde-

2123 1382 2237 1443 que
2257 1364 3002 1447 divinolumine,quamvis
3035 1389 3152 1430 non
3185 1380 3613 1445 consummate,
3653 1370 3765 1431 sed

2124 1469 2195 1512 ex
2227 1460 2412 1533 parte,
2447 1465 2502 1515 et
2535 1474 2638 1535 pro
2667 1465 2838 1535 captu
2871 1466 3094 1533 nostro,
3148 1459 3474 1520 secundum
3509 1477 3763 1540 propor-

2124 1540 2347 1603 tionem
2379 1543 2669 1623 puritatis,
2699 1553 2756 1607 et
2787 1545 3140 1608 innocentiae
3194 1557 3430 1611 nostra}.
3482 1549 3580 1611 Sic
3601 1548 3762 1610 enim

2126 1637 2184 1690 et
2213 1649 2319 1691 nos
2341 1631 2612 1692 uniemus
2660 1633 2803 1710 Deo,
2858 1643 2916 1695 et
2958 1634 3115 1697 Deus
3171 1636 3410 1698 unietur
3468 1637 3666 1716 nobis,
3703 1647 3763 1699 et

2125 1720 2554 1782 consuetudine
2585 1729 2782 1783 nostra
2838 1724 3139 1786 utentibus
3183 1726 3404 1786 erimus
3445 1726 3669 1801 lumen,
3701 1736 3762 1787 et

2120 1807 2229 1880 sol,
2264 1809 2337 1868 ad
2369 1826 2636 1884 magnam
2669 1828 2771 1871 eor
2816 1831 2872 1871 m
2903 1812 3213 1874 utilitatem
3245 1814 3306 1875 in
3351 1814 3587 1876 Christo
3614 1817 3759 1877 Jesu

2116 1898 2368 1960 Domino
2394 1907 2615 1976 nostro,
2646 1917 2821 1978 quem
2853 1901 3024 1963 decet
3061 1901 3254 1963 omnis
3301 1903 3506 1982 gloria,
3540 1904 3754 1984 honor,

2111 1995 2170 2048 et
2197 1986 2486 2061 adoratio,
2523 2004 2655 2047 cum
2697 1992 2863 2050 Patre
2887 1998 2945 2051 et
2974 1991 3371 2066 sanctissimo,
3429 2011 3497 2054 ac
3527 1992 3755 2054 viviﬁco

2115 2073 2359 2154 Spiritu,
2394 2093 2549 2136 nunc
2570 2075 2918 2158 etisemper,
2953 2089 3010 2140 et
3039 2079 3097 2140 in
3159 2081 3375 2142 saecula
3401 2083 3749 2144 saeculorum

2114 2165 2332 2225 Amen.

1549 2455 1944 2520 EPILOGUS
1983 2456 2030 2517 A
2047 2456 2089 2516 D
2131 2455 2288 2518 LEC
2302 2453 2590 2517 TOREM.

459 2703 756 2766 Laudetur
777 2707 958 2781 Deus,
984 2706 1084 2787 qui
1108 2706 1248 2767 huic
1287 2705 1472 2768 labori
1509 2709 1690 2768 tinem
1733 2706 1916 2768 dedit.
1953 2706 2031 2772 At

380 2793 702 2871 tu,lector,
729 2793 914 2872 quiin
939 2795 1095 2856 hunc
1137 2795 1350 2856 librum
1393 2793 1699 2868 incideris,
1742 2794 2029 2857 menteab

2112 2706 2332 2782 vivens,
2357 2704 2570 2766 anima;
2593 2711 2701 2767 .uae
2751 2710 2980 2766 aetatem
3023 2705 3177 2769 ultra
3213 2707 3506 2787 phmnicis
3540 2713 3756 2774 saecula

2112 2795 2373 2873 augebis,
2408 2794 2599 2854 donec
2631 2793 2718 2854 vir
2751 2794 2875 2872 jam
2929 2794 3252 2874 perfectus,
3300 2797 3371 2858 ad
3407 2817 3745 2861 mensuram

377 2881 697 2942 omnicura
719 2883 896 2961 hujus
921 2883 1377 2944 mundivacuus.
1408 2893 1471 2945 ut
1507 2885 1698 2964 decet,
1728 2892 1782 2944 te
1810 2883 2086 2978 adhibeC
2112 2883 2312 2945 venias
2341 2885 2551 2958 aetatis,
2585 2889 2725 2964 fqua
2770 2882 2948 2978 fuisse
2994 2882 3311 2978 Dominum
3359 2895 3603 2949 constat.
3639 2888 3750 2951 Ubi

381 2969 759 3032 sermonibus
785 2970 935 3047 istis,
966 2990 1114 3052 quos
1154 2973 1366 3046 studio}
1392 2980 1450 3034 et
1501 2973 1699 3034 labore
1750 2992 1855 3034 suo
1880 2992 2026 3035 con-

384 3059 523 3122 fecit
551 3062 923 3122 venerandus
952 3061 1077 3134 ille,
1132 3070 1190 3124 et
1236 3063 1474 3123 inclitus
1527 3064 1695 3124 Pater
1745 3061 2021 3143 Symeon,

381 3147 481 3227 qui
504 3148 865 3210 monasterio
885 3149 958 3211 ad
982 3151 1372 3231 Xylocercum
1398 3151 1628 3232 praefuit
1672 3151 1742 3212 Et
1764 3171 1898 3213 cum
1924 3169 2025 3214 eos

382 3235 602 3296 videris
631 3255 760 3297 esse
795 3249 913 3298 tres
947 3249 1002 3300 et
1061 3238 1318 3317 triginta,
1363 3239 1607 3300 totidem
1639 3258 1845 3314 annos,
1881 3259 2027 3320 quos

384 3323 679 3386 Dominus
709 3336 912 3387 noster
941 3346 1191 3407 corpore
1223 3329 1481 3389 humano
1498 3328 1764 3400 vestitus,
1789 3338 1852 3390 ut
1874 3347 2028 3390 mor-

384 3412 518 3474 talis
556 3414 865 3476 nobiscum
891 3415 949 3475 in
977 3416 1151 3476 terris
1179 3416 1338 3497 vixit,
1369 3417 1578 3494 cogita.
1626 3416 1694 3478 Et
1720 3418 1829 3478 hoc
1853 3438 2025 3480 man-

381 3501 531 3562 dans
551 3502 774 3580 animo,
799 3504 1032 3578 festina,
1059 3514 1119 3565 ut
1139 3505 1428 3585 spirituali
1452 3506 1840 3568 incremento.
1866 3509 2022 3586 quod

381 3588 536 3650 liber
560 3592 656 3652 hic
683 3593 924 3671 exponit
945 3612 1012 3654 ac
1038 3592 1321 3668 declarat,
1349 3594 1625 3655 celeriter
1659 3613 1846 3656 annos
1867 3595 2026 3658 illius

378 3695 677 3761 exaeques,
711 3700 778 3742 ex
803 3681 1200 3757 sermonibus,
1240 3685 1501 3763 inquam,
1527 3683 1696 3755 ,haud
1730 3682 2019 3760 obscuris,

377 3775 436 3828 et
469 3767 714 3829 totidem
738 3788 984 3831 numero
1013 3769 1200 3832 Patris
1223 3771 1418 3849 hujus.
1462 3770 1620 3843 Quos
1648 3791 1778 3832 cum
1810 3772 2027 3851 legeris

373 3863 430 3917 et
464 3858 829 3938 perceperis,
859 3859 1364 3940 quemadmodum
1418 3859 1521 3920 tibi
1553 3859 1668 3920 vita
1696 3862 2020 3925 secundum

371 3943 560 4006 Deum
585 3945 952 4009 instituenda
999 3949 1096 4029 sit,
1148 3968 1494 4028 cognosces,
1545 3958 1603 4010 et
1631 3951 2022 4030 cum;Christo

452 4103 485 4153 6
512 4105 680 4168 Joan.
715 4124 857 4182 xvu,
892 4108 994 4170 24.

2109 2993 2225 3035 una
2243 2993 2376 3035 cum
2403 2972 2633 3035 Christo
2651 2973 2737 3034 sic
2766 2971 2982 3033 vixeris
3033 2992 3102 3033 ex
3131 2973 3352 3050 animo,
3382 2983 3439 3035 et
3460 2976 3746 3054 spiritua-

2111 3061 2268 3134 liter,
2303 3060 2501 3122 unitus
2552 3062 2603 3122 ei
2649 3068 2931 3139 quantum
2983 3060 3146 3141 licet,
3197 3063 3366 3123 etiam
3415 3082 3547 3124 cum
3577 3083 3648 3127 eo
3675 3067 3751 3128 de

2109 3156 2266 3210 terra
2295 3149 2544 3210 exaltato
2567 3147 2853 3222 sublatus,
2899 3151 2969 3209 ad
3023 3151 3218 3211 locum
3273 3150 3371 3211 ubi
3419 3150 3521 3212 ille
3554 3163 3757 3216 manet

2111 3238 2442 3316 pervenies.
2465 3237 2668 3297 Trahit
2690 3237 2846 3298 enim
2872 3236 2932 3298 in
2950 3236 3160 3301 Sancta
3181 3249 3518 3301 sanctorum
3542 3261 3756 3304 omnes

2107 3327 2209 3406 qui
2239 3327 2440 3388 volunt
2467 3326 2526 3386 in
2560 3328 2690 3406 ejus
2721 3326 2946 3386 semitis
2971 3327 3212 3405 vestigia
3251 3347 3495 3408 ponere,
3538 3332 3756 3411 quibus

2109 3434 2212 3494 pro
2246 3415 2415 3476 nobis
2467 3416 2626 3496 prior
2675 3415 2803 3495 ipse
2846 3415 3109 3486 incessit,
3160 3426 3435 3497 tanquam
3470 3420 3756 3484 Mediator

2105 3504 2352 3578 scilicet,
2389 3512 2447 3566 et
2505 3523 2751 3582 magnus
2785 3513 2987 3564 noster
3017 3507 3308 3568 Pontifex.
3344 3506 3528 3568 Nemo
3562 3510 3747 3588 enim,

2107 3593 2219 3654 nisi
2259 3613 2363 3674 per
2416 3612 2548 3654 eum
2595 3594 2668 3654 ad
2702 3595 2941 3656 Patrem
2992 3597 3204 3670 veniet,
3247 3597 3746 3675 quemadmodum

2107 3683 2232 3762 ipse
2261 3681 2590 3744 affirmavit.
2627 3682 2808 3761 Cujus
2858 3691 2915 3743 et
2955 3683 3069 3744 hoc
3116 3683 3356 3745 verbum
3411 3693 3542 3748 est:
3583 3687 3736 3764 l’olo,

2108 3771 2329 3842 Pater,
2363 3789 2509 3850 quos
2538 3771 2763 3833 dedisti
2791 3771 2969 3846 mihi,
3001 3781 3067 3834 ut
3122 3791 3351 3835 mecum
3374 3775 3521 3851 sint,
3556 3785 3612 3839 et
3639 3777 3740 3839 vi-

2105 3861 2285 3923 deant
2313 3861 2570 3942 glormm
2600 3878 2814 3942 meum,
2845 3879 3028 3940 quam
3057 3863 3280 3926 dedisti
3310 3863 3516 3925 mihiG.

1091 4421 1948 4564 l£Jl_lSI)El\rl
2087 4423 3034 4568 SYMEONIS

1808 4672 2295 4750 .PltESBYTERI

508 4827 944 4891 DIVINORUM
991 4832 1343 4907 AMORUM,
1389 4833 1562 4896 SIVE
1607 4829 2018 4896 SACRARUM
2064 4835 2816 4916 COMMENTATIONUM,
2870 4837 3097 4898 LIBER
3139 4839 3602 4900 SlNGULARlS

891 5187 1130 5252 CAPUT
1181 5187 1464 5252 PRIMUM
1477 5239 1490 5252 .

2101 5190 2363 5251 nomine.
2392 5188 2566 5264 Veni,
2603 5209 2700 5251 res
2731 5191 3070 5255 inetl'abilis.
3114 5192 3293 5267 Veni,
3345 5212 3601 5276 persona
3624 5196 3740 5256 hu-

370 5271 642 5367 Precatio
674 5277 2011 5359 mystica,qtmSpiritussanctusinvocatur.
2099 5298 2329 5340 manam
2382 5277 2840 5367 intelligentiam
2900 5281 3157 5360 fugiens.
3222 5271 3392 5357 Veni,
3459 5284 3742 5367 perennis

448 5359 620 5437 Veni,
659 5365 881 5427 Lumen
937 5386 1162 5429 verum.
1191 5367 1362 5435 Veni,
1419 5368 1532 5428 vita
1565 5376 1804 5431 acterna.
1841 5367 2012 5444 Veni,
2098 5367 2404 5431 exultatio.
2428 5365 2602 5445 Veni,
2636 5369 2858 5431 Lumen
2891 5359 3191 5452 nunquam
3225 5359 3528 5436 occidens.
3565 5373 3740 5449 Veni,

362 5446 778 5538 absconditum
828 5455 1197 5538 mysterium.
1252 5455 1427 5534 Veni,
1482 5455 1784 5521 Thc-saure
1806 5477 2015 5521 carens
2097 5455 2364 5520 omnium
2423 5457 2834 5520 salvandorum
2921 5446 3061 5522 vera
3128 5460 3514 5542 exspectatio.
3564 5446 3740 5540 Veni,
