4112 6106
321 272 444 338 509

1477 275 1918 342 DIVINORUM
1958 273 2285 338 AMORUM
2330 277 2564 340 LIBER

3591 270 3713 338 510

326 416 699 472 mortuorum
742 409 1136 473 resuscitatio.
1178 409 1357 491 Veni,
1385 416 1616 492 potens,
1645 409 1746 491 qui
1777 407 2034 471 omniaA
2060 406 2158 470 Sic
2186 426 2291 472 ero
2320 409 2630 490 quibusvis
2660 408 3285 492 regibus_opulentior
3317 429 3331 470 :
3365 417 3424 473 et
3452 407 3711 471 mandu-

329 516 572 578 semper
590 499 717 560 solo
747 507 894 560 nutu
912 499 1079 576 facis,
1127 499 1428 575 immutas,
1463 507 1521 562 et
1548 499 1763 560 varias.
1797 497 1972 572 Veni,

334 587 572 666 penitus
637 586 1104 669 inaspectabilis,
1165 587 1471 663 intactilis,
1549 585 1974 668 impalpabilis.

332 674 509 750 Veni,
543 693 783 757 semper
814 694 1020 737 manes
1074 674 1418 751 immobilis,
1452 695 1688 756 quoque
1712 680 1771 736 in
1801 677 1981 737 horas

337 773 495 826 totus
525 764 983 844 transmoveris,
1016 774 1074 826 et
1101 765 1175 826 ad
1202 782 1311 826 nos
1330 765 1496 826 venis
1512 765 1779 845 jacentes
1797 765 1857 826 in
1882 764 1979 825 in-

332 853 498 928 feris,
518 853 811 935 quisupra
829 872 1039 915 omnes
1068 853 1248 915 ctelos
1274 854 1528 916 habitas.
1563 854 1736 928 Veni,
1763 871 1982 916 nomen

333 940 872 1021 exoptatissimum,
905 948 964 1002 et
1015 941 1577 1022 celebratissimum,
1623 942 1697 1004 de
1728 961 1844 1023 quo
1875 940 1985 1002 fari

334 1029 477 1109 quid
511 1029 614 1106 sis,
672 1036 772 1090 aut
820 1048 1001 1091 nosse
1055 1031 1267 1112 qualis,
1328 1040 1425 1092 aut
1483 1030 1818 1111 cuiusmodi
1877 1028 1980 1103 sis,

331 1117 507 1179 nobis
535 1137 778 1200 prorsus
833 1126 1110 1196 negatum
1144 1128 1255 1180 est.
1306 1120 1479 1201 Veni,
1528 1120 1726 1182 laetitia
1757 1117 1984 1198 sempi-

332 1214 523 1269 terna.
558 1206 732 1282 Veni,
757 1225 978 1268 corona
1010 1207 1546 1272 immarcescibilis.
1580 1208 1751 1282 Veni,
1785 1205 1985 1286 magni

333 1296 445 1357 Dei
478 1303 535 1357 et
560 1294 944 1376 Imperatoris
975 1300 1156 1358 nostri
1183 1311 1466 1378 purpura.
1491 1297 1644 1358 Veni
1675 1315 1821 1358 zona
1853 1296 1978 1376 (Π)

334 1393 400 1447 ut
434 1385 746 1465 crystallus
790 1385 1010 1458 lucida,
1047 1393 1103 1447 et
1153 1387 1403 1464 gemmis
1448 1387 1768 1466 variegata.
1805 1384 1980 1465 Veni,

333 1474 626 1553 refugium
691 1474 1084 1536 inaccessum.
1143 1475 1317 1547 Veni,
1367 1475 1582 1555 regalis
1611 1492 1892 1557 purpura,
1926 1477 1986 1535 et

333 1573 596 1642 augustae
660 1564 988 1644 majestatis
1017 1566 1280 1629 dextera.
1328 1568 1502 1647 Veni,
1555 1585 1730 1648 quem
1762 1566 1980 1626 misera

333 1653 533 1715 anima
561 1671 695 1715 mea
721 1652 1104 1728 desideravit,
1159 1665 1216 1715 et
1253 1654 1573 1718 desiderat.
1627 1655 1801 1730 Veni,
1827 1653 1956 1716 sole

335 1745 407 1807 ad
437 1746 629 1806 solum
658 1765 675 1820 ;
701 1764 830 1807 sum
864 1747 1025 1807 enim
1056 1747 1239 1822 solus,
1304 1748 1390 1808 uti
1442 1748 1628 1812 vides.
1673 1746 1848 1820 Veni,
1882 1749 1984 1826 qui

339 1853 432 1896 me
461 1835 769 1915 separasti,
805 1843 862 1896 et
891 1835 1084 1896 solum
1119 1854 1250 1898 esse
1273 1835 1332 1897 in
1370 1849 1528 1898 terra
1557 1836 1773 1899 fecisti.
1807 1835 1981 1909 Veni,

336 1924 435 2005 qui
456 1925 644 1986 factus
676 1942 741 1987 es
767 1923 1132 1986 desiderium
1161 1945 1383 1998 meum,
1409 1927 1724 2007 fecistique
1751 1933 1813 1986 ut
1833 1923 1988 1986 desi-

336 2013 606 2076 derarem
641 2023 720 2088 te,
754 2012 826 2074 ad
854 2032 1031 2094 quem
1054 2014 1320 2095 aspirare
1352 2015 1550 2076 nullus
1575 2022 1787 2094 potest.
1809 2012 1984 2088 Veni,

334 2102 550 2164 halitus
584 2111 646 2166 et
674 2102 789 2163 vita
820 2121 974 2164 mea.
1006 2103 1158 2164 Veni
1187 2103 1569 2184 deSpicabilis
1609 2102 1819 2164 animae
1841 2119 1987 2163 mea;

333 2192 689 2267 consolatio,
742 2190 918 2270 Veni,
952 2191 1256 2271 gaudium,
1306 2200 1365 2253 et
1408 2193 1618 2273 gloria,
1672 2201 1730 2254 et
1760 2189 1990 2252 deliciae

337 2298 484 2341 meae
514 2278 790 2341 assiduae.
827 2279 1058 2342 Gratias
1109 2297 1216 2358 ago
1250 2279 1377 2360 tibi,
1411 2279 1646 2360 quando
1678 2297 1834 2340 unus
1866 2296 1986 2339 me-

333 2387 462 2431 cum
496 2368 742 2448 spiritus
761 2367 908 2429 citra
947 2367 1382 2445 confusionem,
1425 2369 1897 2431 immutationem
1929 2375 1988 2428 et

328 2456 779 2518 conversionem
809 2458 996 2517 factus
1026 2475 1113 2532 es,
1177 2457 1435 2536 quicum
1484 2456 1566 2518 sis
1614 2461 1772 2518 Deus
1807 2475 1988 2533 super

336 2545 556 2626 omnia,
583 2544 730 2606 mihi
776 2546 976 2606 omnia
1009 2545 1195 2607 factus
1246 2564 1310 2608 es
1349 2545 1648 2608 omnibus.
1691 2546 1990 2610 Alimonia

332 2633 786 2714 inexplicabilis,
813 2653 946 2714 quae
966 2633 1204 2695 absumi
1236 2634 1579 2715 neutiquam
1609 2644 1796 2716 potes,
1829 2653 1980 2715 qum-

334 2742 449 2803 que
478 2721 660 2783 labris
709 2722 921 2784 animae
973 2740 1119 2782 mem
1161 2723 1386 2802 jugiter
1431 2722 1776 2799 aﬂ‘underis,
1838 2723 1985 2784 etin

332 2814 493 2874 fonte
545 2811 742 2873 cordis
789 2810 908 2872 mei
962 2811 1216 2873 ubertim
1250 2810 1532 2875 scaturis.
1564 2810 1986 2873 Indumentum

1962 1702 2043 1760 ’.B

2058 515 2222 573 cans,
2244 516 2312 560 ac
2350 498 2563 561 bibens
2591 506 2673 575 te,
2706 507 2765 561 et
2797 499 2858 560 in
2888 499 3064 561 horas
3095 499 3357 578 singulas
3378 498 3636 560 induens
3655 505 3713 559 te

2059 585 2221 648 fruar
2266 588 2558 649 bonorum
2591 587 2824 652 deliciis
2851 586 3374 650 inenarrabilibus.
3424 585 3712 660 Quoniam

2063 683 2127 736 tu
2159 694 2336 737 omne
2353 675 2599 752 bonum,
2621 686 2678 738 et
2701 695 2876 738 omne
2893 676 3102 754 decus,
3137 684 3196 739 et
3231 695 3408 738 omne
3445 675 3711 737 delecta-

2065 773 2326 825 mentum
2362 784 2449 840 es,
2489 775 2546 826 et
2599 764 2852 843 tejdecet
2900 767 3105 845 gloria,
3161 776 3427 828 sanctam
3459 771 3517 826 et
3559 781 3711 824 con-

2031 888 2034 892 ~
2066 850 2484 915 subtautialem
2519 854 2893 936 Trinitatem,
2945 874 3076 936 quae
3124 855 3186 916 in
3219 858 3413 931 Patre,
3447 861 3505 916 et
3532 852 3707 932 Filio,

2067 949 2124 1001 et
2151 941 2371 1021 Spiritu
2397 953 2599 1005 sancto
2632 945 2978 1018 honoratur,
3005 953 3062 1006 et
3083 944 3444 1024 agnoscitur,
3485 949 3543 1005 et
3563 941 3712 1002 ado-

2066 1038 2250 1105 ratur,
2287 1038 2344 1091 et
2371 1031 2585 1093 colitur
2613 1031 2684 1093 ab
2737 1033 3118 1094 universitate
3169 1032 3434 1094 fidelium
3466 1049 3624 1092 nunc
3655 1037 3715 1091 et

2067 1133 2326 1198 semper,
2359 1126 2413 1180 et
2449 1137 2554 1200 per
2585 1120 2934 1182 inﬁnitatem
2970 1121 3344 1184 saeculorum.
3377 1120 3592 1182 Amen.

2697 1235 2936 1299 CAPUT
2985 1236 3058 1301 ΙΙ.

2064 1345 2348 1424 Πθρἱἰηα
2371 1349 2741 1424 inusti-ctione
2760 1359 2806 1406 et
2828 1353 3236 1410 iltuminalionc
3251 1350 3492 1424 Spiritus
3511 1349 3712 1407 sancti-

2141 1416 2322 1496 Unum
2378 1435 2488 1477 esse
2545 1421 2722 1477 locum
2745 1494 2751 1496 _
2777 1424 2970 1488 Deum,
3033 1425 3092 1480 in
3143 1440 3249 1496 quo
3282 1416 3425 1496 'post
3479 1427 3713 1496 mortem

2138 1495 2320 1567 sancti
2365 1507 2554 1567 omnes
2594 1494 2992 1567 requiescunt:
3036 1503 3085 1552 et
3131 1492 3226 1567 q'ui
3281 1492 3451 1552 Deum
3497 1492 3709 1567 omisit.

2144 1565 2256 1621 alio
2285 1565 2348 1620 in
2376 1563 2487 1619 loco
2533 1563 2596 1619 in
2642 1563 2843 1634 futura
2887 1568 3005 1623 vita
3053 1563 3299 1638 requiem
3351 1580 3464 1622 non
3517 1565 3712 1620 inven-

2137 1643 2346 1694 turum.

2148 1743 2322 1817 Hem,
2347 1742 2502 1823 quod
2522 1743 2676 1805 istud
2708 1751 2822 1805 tam
2849 1744 3250 1806 venerandum
3273 1740 3616 1826 mysterium
3648 1742 3710 1802 in

2074 1852 2166 1895 me
2199 1834 2487 1914 paratur?
2517 1833 2676 1911 quod
2703 1852 2812 1893 nec
2870 1833 3068 1913 lingua
3108 1834 3300 1910 eti‘ari,
3352 1852 3461 1894 nec
3505 1848 3710 1891 manus

2068 1923 2305 1984 infirma
2334 1921 2547 1982 litteris
2577 1940 2824 1983 exarare
2853 1931 3064 2003 potest,
3113 1925 3188 1984 ad
3229 1922 3467 1984 laudem
3492 1928 3547 1980 et
3571 1920 3710 1998 glo-

2069 2011 2219 2072 riam
2252 2010 2409 2071 illius
2458 2013 2552 2071 cui
2600 2029 2809 2073 revera
2865 2030 2969 2091 par
3013 2012 3161 2087 laus,
3211 2020 3268 2072 et
3310 2009 3494 2072 oratio
3551 2007 3712 2068 nulla

2067 2100 2323 2181 reperiri
2346 2108 2541 2180 queat.
2578 2101 2695 2163 Sed
2732 2102 2784 2163 si
2813 2120 2942 2182 quae
2973 2120 3131 2162 nunc
3184 2101 3246 2162 in
3277 2119 3373 2162 me
3402 2098 3708 2180 deplorato

2069 2197 2342 2270 aguntur,
2392 2187 2715 2251 ineffabilia
2763 2199 2820 2252 et
2875 2188 3316 2270 inexplicabilia
3375 2195 3532 2266 sunt,
3593 2203 3708 2266 quo

2071 2279 2308 2340 tandem
2341 2277 2402 2339 in
2435 2287 2604 2358 pacto
2636 2279 2707 2353 is,
2735 2279 2834 2359 qui
2865 2279 3003 2340 talia
3027 2279 3270 2356 largitur
3299 2275 3572 2346 etefﬁcit,
3608 2293 3711 2335 no-

2069 2367 2206 2429 stris
2235 2367 2524 2428 encomiis
2556 2374 2613 2428 et
2641 2367 3467 2447 prmdicationibusindigebit
3488 2373 3515 2428 ?
3538 2363 3710 2428 Certe

2069 2476 2186 2518 non
2204 2455 2648 2536 gloriﬁcabitur,
2675 2456 2774 2537 qui
2797 2457 3260 2536 estglorilicatus
3286 2476 3298 2521 :
3324 2455 3711 2538 quemadmo-

2069 2546 2210 2608 dum
2241 2563 2351 2607 nec
2379 2545 2790 2625 illustrabitur,
2822 2565 2936 2609 nec
2966 2547 3167 2609 lumen
3207 2565 3241 2608 a
3268 2545 3438 2608 nobis
3470 2552 3707 2606 mutua-

2070 2635 2232 2696 bitur
2263 2634 2359 2696 hic
2389 2635 2502 2715 sol,
2538 2654 2714 2716 qurm
2745 2634 2809 2698 in
2837 2635 2987 2698 coelo
3039 2637 3337 2718 fulgentes
3365 2633 3712 2715 aspicimus.

2070 2723 2392 2800 Illuminat,
2423 2741 2538 2787 non
2569 2725 2961 2800 illuminatur,
2994 2727 3186 2787 lucem
3210 2724 3424 2800 fundit,
3461 2741 3577 2784 non
3611 2738 3714 2783 re-

2070 2817 2212 2897 cipit
2236 2838 2249 2878 :
2275 2817 2452 2878 habet
2468 2816 2786 2898 siquidem,
2812 2823 2991 2898 quam
3006 2821 3056 2882 ei
3081 2839 3114 2881 a
3131 2819 3424 2900 principio
3443 2815 3716 2880 conditor

332 2899 658 3001 fulgurans,
705 2906 764 2959 et
813 2899 1117 3002 daemonas
1175 2900 1456 2961 adurens.
1529 2901 1844 2999 Lustratio,
1879 2917 1984 2980 per
2001 2953 2040 3002 Ο
2071 2914 2160 2966 est
2190 2905 2546 3002 impcrtiLus.
2603 2906 2664 2969 Si
2715 2925 2858 2986 ergo
2899 2907 3000 2988 qui
3047 2899 3234 2970 solem
3279 2904 3714 3002 fecit-omniurn

331 2989 642 3050 continuas
671 2997 730 3050 et
758 2997 988 3050 sanctas
1019 2989 1332 3070 lacrymas,
1361 2999 1530 3075 ‘quas
1557 2989 1856 3068 presentia
1887 2996 1984 3050 tua
2003 2989 2040 3002 “
2067 3002 2408 3074 procreatur
2436 2994 2617 3067 Deus,
2673 2995 2753 3056 ita
2801 2996 2964 3075 fecit,
3020 3005 3085 3058 ut
3115 2999 3344 3059 luceret
3388 2992 3736 3059 abundanti,

333 3076 405 3139 iis
435 3078 507 3140 ad
540 3097 688 3159 quos
702 3078 868 3138 venis
895 3077 1164 3156 largitur,
1206 3078 1414 3140 eluens
1444 3074 1562 3139 me.
1617 3077 1848 3140 Gratias
1874 3095 1983 3157 ago
2066 3082 2314 3159 lumine,
2340 3102 2450 3144 nec
2473 3102 2619 3164 opus
2639 3085 2884 3146 haberet
2905 3074 3023 3147 ullo
3046 3086 3223 3149 modo
3259 3085 3497 3146 aliunde
3524 3081 3716 3161 majus

336 3171 464 3246 tibi,
498 3172 782 3252 quoniam
836 3171 966 3233 dies
1018 3172 1148 3233 sine
1194 3190 1443 3252 vespera
1495 3171 1638 3232 mihi
1663 3172 1876 3247 gfactus
1895 3190 1980 3240 es,

339 3270 397 3323 et
423 3262 512 3322 sol
546 3263 700 3323 citra
720 3278 992 3322 occasum
1023 3261 1160 3341 :qui
1190 3281 1306 3322 non
1332 3261 1514 3323 habes
1538 3261 1637 3322 ubi
1668 3267 1724 3321 te
1745 3260 1990 3322 abscon-

338 3349 462 3423 das,
488 3350 710 3431 quique
741 3349 932 3429 gloria
962 3358 1059 3411 tua
1097 3350 1308 3431 imples
1343 3350 1642 3412 universa.
1679 3349 1990 3429 Nunquam

337 3446 395 3499 tu
419 3439 493 3500 ab
525 3439 648 3500 ullo
679 3448 736 3500 te
764 3439 1155 3519 abscondisti,
1207 3458 1409 3501 verum
1444 3457 1551 3501 nos
1580 3457 1817 3518 semper
1847 3456 1989 3499 nos-

337 3534 458 3587 met
487 3534 602 3587 ate
645 3526 1088 3602 abscondimus,
1129 3528 1268 3589 dum
1291 3528 1362 3589 ad
1390 3534 1446 3588 te
1467 3527 1668 3588 venire
1691 3526 1987 3588 nolumus.

337 3615 446 3679 Ubi
481 3615 642 3677 enim
676 3624 730 3677 te
759 3617 1190 3692 absconderes,
1239 3617 1334 3678 cui
1380 3617 1798 3698 requiescendi
1828 3617 1990 3678 locus

342 3723 633 3785 nusquam
667 3704 804 3765 est?
826 3705 940 3766 Aut
961 3725 1066 3766 cur
1091 3714 1149 3767 te
1180 3705 1605 3782 absconderes,
1634 3705 1734 3786 qui
1767 3723 1835 3767 ex
1858 3725 1991 3766 om-

345 3794 518 3855 nibus
573 3794 861 3855 aversaris
905 3795 1232 3876 neminem,
1292 3795 1584 3857 revereris
1639 3793 1993 3855 neminem?

336 3881 502 3944 Nunc
530 3882 731 3961 igitur,
766 3886 863 3963 pie
893 3883 1166 3960 Domine,
1214 3884 1656 3946 tabernaculum
1685 3883 1746 3943 in
1773 3902 1864 3943 me
1889 3881 1995 3943 tibi

343 3974 475 4051 lige,
515 3981 574 4032 et
596 3971 795 4032 habita
819 3972 878 4031 in
909 3991 1027 4046 me,
1062 3981 1120 4032 et
1143 3991 1326 4053 usque
1348 3972 1421 4034 ad
1446 3971 1673 4035 obitum
1699 3989 1897 4032 meum
1920 3985 1996 4031 ne

338 4059 662 4135 divellaris,
691 4078 800 4120 nec
823 4060 1120 4140 separeris
1141 4080 1174 4122 a
1197 4080 1293 4122 me
1334 4080 1505 4122 servo
1560 4071 1680 4133 tuo,
1725 4068 1862 4120 utet
1887 4077 1994 4138 ego

340 4147 398 4208 in
432 4148 592 4210 exitu
626 4166 782 4222 meo,
819 4157 876 4209 et
933 4157 1063 4227 post
1118 4150 1338 4211 exitum
1399 4151 1461 4210 in
1523 4159 1578 4212 te
1608 4149 1900 4221 inveniar,
1939 4156 1998 4208 et

341 4251 586 4315 regnem
627 4241 848 4317 tecum,
893 4238 992 4317 qui
1017 4256 1249 4316 regnas,
1311 4238 1494 4313 Deus,
1544 4256 1724 4318 super
1772 4236 1992 4307 omnia,

2071 3179 2300 3251 petere,
2335 3173 2632 3252 quomodo
2692 3191 2726 3234 a
2771 3193 2866 3236 me
2921 3175 3022 3236 vili
3070 3174 3420 3255 abjectoque
3462 3171 3716 3252 gloriam

2070 3261 2324 3340 accipiet
2355 3261 2671 3323 fabricator
2687 3263 2852 3339 solis,
2893 3265 2986 3325 cui
3012 3263 3172 3324 nulla
3193 3263 3434 3324 omnino
3464 3279 3528 3323 re
3568 3279 3718 3340 opus

2074 3360 2186 3422 est,
2222 3359 2280 3410 et
2308 3349 2408 3430 qui
2439 3358 2580 3410 nutu
2613 3370 2682 3412 ac
2728 3353 3027 3416 voluntate
3074 3353 3256 3429 (solus
3300 3352 3460 3414 enim
3509 3357 3720 3430 potens

2074 3446 2184 3516 est)
2207 3437 2381 3499 bo..is
2405 3439 2677 3500 omnibus
2701 3440 2908 3522 implet
2941 3443 3184 3504 omnia?
3230 3441 3472 3506 Interim
3510 3448 3569 3502 et
3598 3438 3718 3501 lin-

2074 3545 2186 3606 gua
2217 3547 2311 3588 me
2338 3527 2565 3607 ingenti
2597 3529 2904 3590 verberum
2932 3541 3186 3610 egestate
3217 3533 3424 3605 labrat,
3449 3541 3508 3593 et
3553 3549 3718 3612 quae-

2075 3617 2255 3676 inme
2287 3626 2557 3695 aguntur,
2595 3636 2763 3679 mens
2795 3638 2925 3680 mea
2974 3622 3128 3681 videt
3172 3622 3271 3682 illa
3313 3623 3576 3703 quidem,
3611 3620 3718 3682 sed

2077 3723 2374 3785 exponere
2406 3725 2523 3766 non
2556 3711 2722 3766 valet.
2791 3708 3046 3788 Aspicit,
3096 3720 3154 3770 et
3205 3711 3400 3791 eloqui
3435 3712 3576 3782 vult,
3612 3711 3717 3774 sed

2077 3812 2191 3872 quo
2212 3794 2557 3882 sermoneid
2579 3795 2777 3870 faciat,
2807 3815 2920 3857 non
2944 3797 3186 3858 iuvi-nit.
3213 3798 3479 3862 lntuetur
3500 3800 3720 3882 quippe

2077 3880 2545 3970 inaspectabilia,
2561 3885 3037 3963 etomnisﬁgurae
3052 3880 3722 3970 undequamqueexper-

2081 3972 2179 4042 tia,
2215 3969 2508 4049 simplicia
2533 3989 2794 4050 prorsus,
2832 3993 2948 4034 non
3003 3977 3351 4056 composita,
3399 3989 3455 4040 et
3486 3981 3720 4058 magni-

2082 4058 2289 4118 tudine
2322 4058 2575 4119 inﬂnita.
2608 4058 2728 4121 Nec
2760 4062 2919 4122 enim
2957 4064 3316 4146 principium
3362 4067 3571 4143 ullum,
3608 4088 3720 4132 nec

2079 4149 2257 4240 tinem
2274 4150 2576 4228 perspicit,
2604 4161 2661 4212 et
2679 4153 2935 4240 medium
2956 4155 3129 4234 plane
3175 4157 3425 4240 ignorat,
3451 4177 3560 4221 nec
3581 4159 3715 4234 scit,

2084 4237 2321 4318 quinam
2354 4240 2583 4311 efferat,
2643 4239 2798 4320 quod
2843 4240 3021 4302 videt.
3067 4243 3278 4306 Totum
3332 4237 3626 4327 quoddam
3659 4248 3720 4310 in

342 4326 542 4416 Mane,
563 4326 834 4416 Domine,
857 4335 922 4416 et
954 4345 1028 4416 ne
1055 4346 1151 4386 me
1190 4327 1380 4389 solum
1423 4326 1716 4406 relinque,
1768 4334 1830 4387 ut
1859 4345 2338 4401 cumpsumma,
2369 4337 2432 4388 ut
2481 4328 2759 4408 arbitror,
2794 4339 2852 4390 et
2893 4333 3235 4413 neutiquam
3285 4326 3413 4416 ipsa
3465 4340 3723 4402 essentia

344 4413 617 4474 venerint
643 4413 869 4475 inimici
903 4415 1040 4494 mei,
1068 4417 1169 4496 qui
1201 4417 1577 4478 continenter
1607 4425 1874 4496 quaerunt
1895 4416 1997 4476 de-

343 4520 550 4564 vorare
580 4503 838 4563 animam
872 4523 1091 4585 meam,
1118 4512 1292 4586 teque
1343 4504 1497 4566 intra
1529 4522 1623 4565 me
1657 4513 1995 4565 manentem

343 4591 700 4670 repererint,
728 4591 962 4670 penitus
983 4597 1339 4674 penitusque
1375 4592 1690 4672 refugiant,
1719 4611 1828 4652 nec
1855 4610 1997 4671 prte-

343 4682 572 4741 valeant
603 4678 769 4754 mihi,
805 4699 937 4741 cum
989 4692 1048 4742 te
1093 4682 1392 4743 fortiorem
1441 4680 1716 4742 omnibus
1747 4681 1904 4742 intus
1933 4681 1995 4742 in

345 4768 647 4829 domicilio
679 4769 922 4830 humilis
941 4770 1155 4832 animae
1184 4790 1327 4832 meae
1346 4769 1714 4832 residentem
1750 4789 1995 4850 conspe-

343 4857 560 4919 xerint.
597 4859 772 4929 Sane,
802 4867 861 4918 ut
897 4877 1127 4919 memor
1175 4860 1336 4922 fuisti
1383 4859 1522 4932 mei,
1557 4858 1833 4938 Domine,
1859 4877 1992 4920 cum

343 4945 403 5006 in
437 4948 659 5006 mundo
691 4963 906 5019 essem,
943 4953 1001 5007 et
1031 4966 1126 5008 me
1159 4947 1348 5010 inscio
1380 4946 1508 5026 ipse
1539 4946 1910 5025 elegistime,
1937 4960 1997 5012 et

343 5054 376 5095 a
407 5033 628 5095 mundo
659 5034 987 5116 removisti,
1021 5044 1199 5117 atque
1221 5047 1356 5098 ante
1386 5035 1598 5096 faciem
1645 5035 1848 5116 gloria;
1881 5046 1996 5098 tua;

345 5122 703 5185 constituisti
731 5144 744 5182 :
771 5123 856 5184 sic
879 5123 1054 5185 etiam
1081 5125 1426 5187 modointus
1455 5144 1552 5186 me
1581 5124 1989 5208 constitutum,

347 5231 587 5292 semper
603 5211 994 5289 immobilem,
1026 5224 1267 5295 propter
1291 5223 1446 5276 tuam
1470 5212 1656 5290 inane
1679 5214 1992 5275 habitatio-

347 5321 484 5363 nem
517 5301 771 5381 custodi,
809 5302 1156 5381 utquotidie
1201 5304 1438 5365 intuens
1486 5311 1542 5362 te
1572 5320 1679 5380 ego
1707 5310 1992 5381 mortuus,

349 5390 557 5467 vivam,
585 5389 896 5470 possidens
920 5400 977 5452 te
999 5409 1106 5471 ego
1131 5410 1379 5474 pauper,
1403 5409 1644 5470 semper
1665 5390 1828 5453 dives
1855 5392 1993 5460 sim.

427 5566 542 5645 (17)
573 5567 718 5635 COd.
751 5570 952 5635 mend.
985 5572 1258 5650 ὑπόθημα,
1295 5570 1406 5648 leg.
1442 5569 1704 5646 ὑπόδυμα.

2077 4434 2207 4508 sua,
2241 4415 2346 4476 sed
2399 4417 2849 4508 participatione
2896 4421 3148 4484 videtur.
3203 4415 3434 4487 Etenim
3485 4447 3554 4490 ex
3585 4429 3721 4508 igne

2077 4505 2275 4598 ignem
2299 4505 2594 4580 ascendis,
2643 4514 2701 4567 et
2732 4516 2914 4598 totum
2963 4514 3118 4590 quod
3169 4523 3227 4573 et
3275 4514 3429 4593 ignis
3453 4505 3715 4598 accipis:

2075 4593 2204 4674 ipsa
2234 4602 2435 4655 tamen
2476 4602 2686 4656 natura
2743 4597 2888 4677 ipsis
2943 4618 3058 4660 non
3097 4601 3316 4677 deficit,
3359 4613 3414 4666 et
3444 4593 3717 4682 indivisa,

2077 4690 2143 4742 ut
2165 4691 2302 4744 ante
2335 4693 2669 4762 permanet.
2703 4684 3130 4764 Veruntamen,
3186 4693 3341 4771 quod
3381 4695 3719 4756 communi-

2078 4779 2264 4863 catur,
2296 4789 2330 4830 a
2381 4772 2571 4863 primo
2624 4793 2984 4863 separatur:
3034 4784 3094 4837 et
3135 4780 3275 4859 quia
3348 4792 3721 4863 corporatum

2077 4859 2360 4950 quiddam
2391 4869 2501 4942 est,
2533 4861 2592 4922 in
2620 4862 2924 4942 lampadas
2980 4869 3318 4947 complures
3348 4859 3719 4950 dispertitur.

2078 4947 2228 5011 lllud
2258 4957 2454 5010 autem
2488 4950 2793 5040 sgpirstuale
2825 4961 2934 5027 est,
2986 4947 3478 5040 divisionemque,
3514 4960 3724 5021 sectio-

2077 5055 2240 5118 nem,
2269 5037 2704 5118 seperationem
2741 5058 2981 5121 prorsus
3027 5044 3248 5106 nullam
3293 5037 3547 5109 admittit
3593 5049 3722 5110 Non

2079 5126 2240 5188 enim
2289 5127 2570 5206 quoniam
2626 5130 3121 5212 communicatur,
3181 5134 3374 5196 idirco
3422 5137 3483 5196 in
3542 5137 3724 5200 multa

2079 5215 2430 5290 secernitur,
2491 5217 2596 5278 sed
2652 5217 2969 5280 indivisum
3025 5231 3380 5299 perseverat,
3435 5234 3496 5286 et
3533 5225 3593 5284 in
3627 5243 3720 5287 me

2081 5313 2192 5381 est,
2227 5305 2374 5366 etin
2404 5325 2499 5367 me
2525 5306 2682 5367 intus
2716 5305 2776 5367 in
2811 5307 3026 5368 misero
3068 5311 3248 5372 corde
3279 5331 3410 5374 meo
3442 5321 3719 5394 tanquam

2080 5398 2192 5474 sol,
2226 5402 2326 5456 aut
2356 5394 2557 5458 discus
2587 5395 2728 5458 solis
2755 5397 2960 5475 hujus,
2992 5399 3302 5476 rotundus,
3359 5401 3476 5464 luci
3509 5402 3725 5466 similis
