4112 6106
402 240 510 304 511
1701 239 2014 304 SYMEON
2015 235 2086 303 13
2124 236 2479 304 JUNIOBIS
3663 226 3785 291 512

395 373 557 450 (nam
581 377 641 432 et
661 370 763 434 lux
784 371 897 451 est)
933 369 1222 434 exoritur.
1248 369 1484 444 Nescio,
1534 376 1599 432 ut
1625 367 1877 445 aiebam,
1905 367 2045 451 quid
2067 375 2111 428 Α
2130 367 2260 433 Non
2276 371 2437 434 enim
2468 369 2969 454 quemadmodum
3000 385 3161 430 nunc
3188 365 3250 428 in
3277 362 3477 454 terris,
3505 361 3592 426 sic
3609 361 3791 454 etiam

399 462 476 523 de
505 479 574 522 eo
605 459 914 524 dicam.Et
957 459 1459 537 velobamtacere,
1484 459 1643 540 quod
1666 460 1892 522 utinam
1925 477 2056 539 pos—
2139 467 2277 522 tunc
2301 451 2559 522 futurum
2593 467 2704 523 est.
2755 458 2922 522 Nunc
2973 456 3192 538 quippe
3249 453 3350 535 qui
3399 462 3456 516 te
3487 451 3785 524 nesciunt,

400 567 526 613 sem
561 550 708 611 :sed
772 549 1122 611 miraculum
1169 548 1573 614 venerationis
1615 548 1856 630 plenum
1883 549 2052 610 solli-
2137 549 2229 610 hic
2261 548 2322 610 in
2350 549 2603 626 deliciis,
2655 556 2712 610 et
2757 546 3159 628 voluptatibus
3206 541 3512 623 corporeis
3555 548 3786 630 aetatem

401 640 540 702 citat
597 639 886 711 animum,
949 647 1006 702 et
1052 646 1282 701 reserat
1339 629 1636 718 impurum
1693 657 1759 699 os
1815 658 2049 702 meum:
2135 639 2392 716 exigunt,
2426 638 2521 700 hic
2543 638 2858 711 exsultant,
2895 645 2953 698 et
2983 633 3488 698 instarbrutarum
3514 629 3784 692 animan-

397 728 619 808 quique
649 745 806 788 nunc
837 727 898 788 in
929 728 1110 789 corde
1141 746 1275 789 meo
1320 727 1637 789 tenebroso
1685 735 1878 788 ortum
1909 746 2047 807 pro-
2136 726 2281 788 tium
2313 727 2560 789 saltibus
2589 727 2923 790 lasciviunt.
2951 725 3092 798 Quae
3119 723 3192 785 ad
3217 741 3389 786 usum
3421 730 3480 784 et
3511 737 3785 808 commo-

400 807 550 892 tulit,
577 816 651 878 ad
689 817 1076 896 loquendum,
1141 816 1642 896 scribuenquoe
1683 816 1772 878 vel
1803 816 2050 878 invitum
2135 813 2379 877 ditatem
2402 824 2531 878 vitae
2553 816 2804 896 agendae
2824 814 3066 890 dedisti,
3099 831 3169 875 ea
3198 811 3314 874 sibi
3354 809 3598 881 habent,
3632 816 3691 869 et
3724 807 3786 868 in

402 924 498 966 me
521 905 845 985 compellit.

486 993 596 1067 Qui
628 995 774 1055 mihi
806 995 1234 1057 demonstravit
1259 994 1573 1076 mirabilia,
1597 1014 1728 1076 quae
1749 995 1905 1057 oculi
1929 1015 2046 1058 non

400 1085 697 1162 viderunt,
716 1084 814 1164 qui
841 1084 901 1145 in
925 1103 1019 1144 me
1043 1093 1106 1146 ut
1128 1093 1494 1164 postremum
1543 1103 1610 1146 ac
1637 1084 1888 1146 inﬁnum
1910 1103 2032 1146 om-

402 1174 567 1234 nium
602 1192 666 1234 se
696 1172 956 1235 demisit.
983 1172 1092 1245 Qui
1117 1173 1412 1254 apostolos
1433 1173 1778 1252 discipulos,
1808 1182 1866 1236 et
1895 1174 2046 1237 filios

399 1261 679 1325 reddidit.
704 1262 770 1324 In
796 1280 912 1335 me,
938 1262 1202 1342 inquam,
1231 1281 1407 1342 quem
1428 1262 1755 1336 horribilis,
1778 1271 1836 1324 et
1856 1263 2044 1326 inter-

399 1350 592 1412 fector
618 1350 930 1412 hominum
965 1351 1142 1414 draco
1192 1350 1451 1422 tenebat,
1481 1350 1642 1432 prius
1697 1353 1892 1416 omnis
1923 1353 2044 1415 ini-

399 1439 643 1520 quitatis
691 1439 1054 1520 ministrum,
1112 1447 1170 1500 e".
1223 1441 1588 1517 operarium.
1639 1441 1740 1502 Sol
1790 1442 1913 1522 ille,
1946 1446 2042 1523 qui

401 1528 597 1590 existit
621 1535 757 1589 ante
781 1529 1069 1607 originem
1110 1530 1483 1601 saeculorum,
1532 1537 1588 1591 et
1616 1531 1716 1610 qui
1759 1533 1912 1612 apud
1946 1533 2042 1593 in-

2133 901 2206 964 iis
2228 904 2371 984 splis
2403 905 2605 978 deﬁxi,
2634 914 2764 985 post
2781 905 3112 966 discessum
3137 920 3208 963 ex
3233 901 3344 962 hac
3368 902 3498 960 luce
3519 896 3784 959 similem

2127 992 2340 1054 animai
2379 1001 2592 1054 statum
2633 994 2758 1055 fore
2808 993 3162 1054 existimant.
3215 987 3333 1052 Sed
3384 987 3537 1049 male
3581 986 3786 1066 conje-

2130 1087 2310 1156 ctant,
2329 1085 2480 1142 male
2503 1082 2758 1162 sapiunt,
2787 1083 2888 1162 qui
2908 1099 2972 1142 se
2987 1099 3102 1141 non
3123 1087 3338 1152 tecum,
3369 1082 3784 1138 verumtamen

2128 1168 2188 1230 in
2219 1170 2428 1247 requie
2455 1171 2681 1232 futuros
2715 1177 3040 1245 automant,
3076 1168 3170 1230 cui
3212 1167 3404 1227 locum
3433 1163 3780 1246 quemdam,

2131 1278 2164 1318 ο
2195 1258 2584 1340 dementiam,
2610 1267 2773 1320 extra
2826 1277 3072 1336 regnum
3106 1276 3174 1317 ac
3206 1255 3580 1326 thalamum,,
3615 1271 3650 1313 a
3679 1271 3781 1331 ge-

2129 1349 2326 1408 henna
2355 1358 2411 1409 et
2440 1339 2594 1426 ignis
2623 1347 2913 1431 supplicio
2963 1354 3280 1418 semotum,
3313 1362 3424 1404 nec
3455 1361 3591 1431 eum
3623 1339 3781 1401 luci-

2128 1436 2289 1509 dum,
2321 1455 2390 1498 ac
2422 1430 2702 1499 tenebris
2725 1445 3023 1498 vacantem
3084 1433 3462 1504 constituant,
3508 1430 3571 1491 in
3598 1447 3778 1509 quem

2127 1524 2392 1586 infelices
2426 1525 2508 1588 illi
2547 1526 2828 1587 devenire
2862 1532 3086 1606 optant,
3122 1542 3240 1582 non
3273 1539 3447 1598 egere
3466 1535 3528 1582 se
3554 1527 3780 1579 aeterna

401 1618 558 1678 feros
589 1617 978 1699 resplenduit,
1016 1619 1319 1680 ettandem
1337 1609 1675 1682 collustrata
1693 1609 1889 1683 anima
1913 1641 2044 1686 mea
2065 1625 2103 1673 Β
2128 1623 2224 1676 tua
2243 1616 2450 1694 gloria,
2484 1626 2584 1678 aut
2613 1618 2895 1678 cmlorum
2929 1633 3134 1693 regno,
3169 1613 3272 1674 sed
3326 1611 3386 1671 in
3416 1609 3621 1690 requie
3648 1609 3776 1669 fore

401 1706 666 1768 tenebris
727 1709 984 1788 oppleta,
1045 1708 1200 1769 diem
1253 1709 1400 1770 mihi
1449 1728 1692 1790 vespera
1739 1721 2042 1774 carentem

398 1795 642 1874 largitus
671 1806 780 1859 est.
813 1797 924 1869 Qui
951 1797 1394 1859 mendicitatem
1427 1817 1618 1861 meam
1654 1799 1825 1861 bonis
1856 1803 2044 1862 omni-

397 1883 509 1946 bus
535 1886 873 1966 cumulasti,
909 1895 966 1946 tu
1001 1905 1338 1948 sermonem
1373 1888 1550 1964 dona,
1603 1899 1661 1950 et
1687 1891 1867 1953 verba
1901 1893 2039 1953 mihi

393 1992 665 2052 suggere,
692 1975 761 2035 ad
788 1975 1186 2038 enarrandum
1210 1977 1504 2039 universis
1535 1997 1715 2058 opera
1741 1988 1833 2040 tua
1858 1981 2041 2042 mira-

387 2061 555 2143 bilia,
580 2083 712 2144 quae
734 2065 912 2126 hodie
931 2085 1169 2146 quoque
1214 2074 1455 2146 praestas
1479 2085 1616 2144 erga
1649 2087 1756 2130 nos
1790 2070 2042 2132 famulos

390 2159 526 2214 tuos
553 2170 567 2214 :
602 2160 664 2213 ut
695 2161 753 2214 et
781 2153 880 2233 qui
913 2153 973 2214 in
1035 2154 1300 2217 tenebris
1330 2157 1619 2218 socordiae
1647 2157 2035 2232 dormientes,

388 2249 662 2302 asserunt
693 2251 1033 2321 peccatores
1076 2262 1194 2304 non
1247 2262 1422 2321 posse
1472 2245 1705 2325 salvari,
1760 2265 1829 2308 ac
1859 2248 2037 2311 veluti

392 2332 656 2410 Petrum,
717 2341 1082 2413 cmterosque
1132 2334 1427 2414 apostolos
1469 2343 1703 2397 sanctos
1735 2345 1791 2398 et
1815 2338 2034 2417 justus,

394 2417 524 2498 ipso
556 2419 832 2480 similiter
865 2421 1337 2484 misericordiam
1379 2424 1652 2504 adipisci,
1700 2426 1757 2486 id
1792 2426 2036 2489 bonitati

396 2515 509 2568 tuae
537 2507 710 2569 facile
741 2509 944 2590 fuisse,
1001 2529 1155 2583 esse,
1194 2521 1253 2573 et
1300 2514 1423 2574 fore
1454 2523 1832 2592 cognoscant,
1864 2527 1922 2578 et
1951 2517 2039 2577 in-

391 2595 691 2674 telligant:
728 2606 785 2658 et
815 2599 914 2678 qui
946 2617 1011 2661 se
1038 2601 1358 2678 opinantur
1414 2603 1720 2682 possidere
1751 2613 1805 2664 te
1836 2605 2035 2667 lumen

389 2683 552 2774 orbis
573 2693 892 2761 terrarum,
926 2707 1035 2750 nec
1063 2699 1260 2752 tamen
1309 2700 1364 2752 te
1411 2692 1611 2755 videre
1655 2693 1881 2774 dicunt,
1917 2714 2034 2756 non

386 2773 584 2835 vivere
613 2775 672 2836 in
705 2775 951 2852 lumine,
985 2797 1101 2839 non
1134 2779 1479 2843 illuminari.
1516 2800 1632 2842 non
1667 2773 2032 2862 perspicere,

388 2868 446 2923 te
458 2863 700 2946 jugiter,
728 2866 806 2925 mi
832 2867 1117 2942 Salvator,
1170 2869 1392 2942 norint,
1430 2877 1485 2931 te
1517 2870 1574 2932 in
1610 2872 1907 2933 mentibus
1927 2891 2033 2933 eo-

2125 1704 2501 1766 arbitrantes.
2532 1706 2681 1767 Proh
2705 1707 2947 1766 istorum
2961 1703 3277 1780 caliginem
3301 1700 3313 1761 !
3335 1700 3481 1778 proh
3506 1700 3780 1776 ignoran-

2125 1794 2263 1854 tiam
2291 1796 2304 1854 l
2338 1797 2480 1874 proh
2503 1794 2799 1855 miseriam
2833 1803 2889 1854 et
2912 1811 3049 1871 spes
3071 1793 3277 1852 inanes
3305 1791 3318 1850 !
3349 1805 3635 1868 nusquam
3663 1787 3776 1847 hoc

2125 1884 2413 1964 scriptum
2445 1891 2654 1957 exstat,
2690 1902 2976 1964 nusquam
3025 1883 3137 1943 hoc
3180 1879 3334 1940 erit:
3369 1895 3572 1939 verum
3605 1876 3777 1936 inlu-

2127 1974 2285 2036 mine
2313 1975 2680 2051 felicitatum,
2707 1975 2807 2055 qui
2830 1981 3032 2036 sancta
3053 1971 3326 2036 etdivina
3355 1968 3671 2049 gesserint,
3707 1967 3773 2027 in

2126 2065 2384 2126 tenebris
2406 2073 2600 2126 autem
2660 2082 2970 2144 poenarum
3020 2070 3212 2136 erunt,
3277 2060 3379 2140 qui
3438 2055 3770 2138 iniquitatis

2122 2155 2376 2231 operarii
2409 2152 2648 2214 luerint.
2681 2150 2747 2213 In
2777 2151 2972 2213 medio
2998 2159 3192 2213 autem
3227 2149 3419 2209 hiatus
3449 2154 3537 2207 est
3566 2145 3769 2206 formi-

2121 2241 2354 2316 dabilis,
2387 2242 2594 2304 ambos
2632 2259 2978 2315 secernens,
3011 2238 3304 2320 quomodo
3355 2245 3412 2296 tu
3455 2235 3608 2314 ipse,
3644 2232 3767 2294 Do-

2121 2331 2302 2403 mine,
2339 2331 2654 2410 docuisti7,
2681 2330 2782 2410 qui
2818 2330 2943 2390 haec
2976 2325 3338 2407 prmparasti.
3402 2324 3526 2385 Hoc
3576 2324 3764 2384 inter-

2118 2421 2334 2481 vallum
2362 2419 2590 2481 homini
2613 2420 2670 2480 in
2700 2420 2889 2500 ipsum
2912 2416 3212 2481 delabenti
3261 2414 3424 2478 omni
3469 2420 3764 2473 tormento

2120 2528 2189 2571 ac
2218 2509 2507 2589 supplicio
2539 2509 2720 2570 dirius
2754 2507 2887 2582 erit,
2931 2507 2991 2567 in
3021 2505 3296 2586 abyssum
3329 2521 3662 2584 poenarum,
3697 2501 3759 2561 in

2121 2599 2300 2660 chaos
2331 2597 2678 2677 perditionis
2709 2615 2814 2677 per
2842 2605 3016 2675 caput
3040 2594 3358 2656 infeliciter
3385 2609 3452 2653 se
3482 2591 3761 2672 praecipi-

2119 2686 2285 2760 tauti,
2318 2685 2655 2767 ruentique,
2692 2705 2806 2766 quo
2841 2685 2932 2746 his
2979 2683 3078 2764 qui
3122 2683 3181 2744 in
3215 2682 3480 2743 cruciatu
3513 2697 3758 2742 versan-

2119 2784 2233 2849 tur,
2269 2776 2507 2836 dﬂicile
2537 2784 2626 2838 est
2652 2774 3000 2848 ascendere,
3031 2781 3090 2834 et
3115 2773 3185 2833 ad
3223 2784 3439 2835 terram
3461 2771 3754 2850 justorum

2119 2873 2505 2927 transmeare.
2543 2865 2764 2926 Malunt
2794 2862 3084 2943 siquidem
3106 2863 3168 2922 in
3198 2861 3335 2938 igne
3355 2877 3483 2920 cum
3516 2855 3750 2917 acerbi-

386 2969 517 3014 rum
563 2972 681 3014 non
733 2954 992 3027 fulsisse,
1055 2975 1166 3019 nec
1223 2957 1546 3020 incoluisse
1595 2978 1798 3021 eorum
1858 2962 2236 3036 cordaclale
2262 2954 2324 3015 in
2379 2954 2642 3016 cinerem
2690 2950 3176 3032 redigi.quamin
3198 2945 3746 3011 cllaOShOFl‘eﬂdum

387 3041 631 3103 sordida
661 3041 992 3124 frustraque
1039 3063 1142 3106 eos
1194 3064 1342 3108 vana
1392 3065 1497 3127 spe
1540 3049 1859 3130 exsultare,
1893 3050 2032 3110 dum

387 3146 453 3190 se
485 3138 614 3209 post
641 3132 820 3193 finem
855 3133 1029 3213 hujus
1060 3134 1192 3195 vitae
1243 3135 1441 3196 lumen
1476 3145 1635 3197 tuum
1676 3137 1904 3199 visuros
1931 3156 2032 3200 ar-

384 3216 699 3282 bitrantur.
725 3221 868 3282 Nam
897 3223 1130 3302 pignus,
1152 3232 1208 3284 et
1250 3224 1535 3302 sigillum,
1560 3244 1665 3288 seu
1706 3234 1928 3289 tessera
1960 3227 2030 3288 ad

387 3306 689 3370 dexteram
724 3310 1091 3373 collocandis
1121 3313 1327 3374 ovibus
1360 3315 1532 3393 plane
1558 3315 1652 3377 hic
1674 3317 1806 3377 data
1825 3326 1932 3378 est.
1968 3317 2033 3380 Si

2117 3062 2182 3104 se
2214 3043 2524 3124 projicere.
2545 3042 2656 3116 Qui
2691 3061 2830 3119 ergo
2859 3042 2981 3102 illic
3012 3049 3143 3120 post
3173 3047 3420 3100 mortem
3453 3054 3582 3097 esse
3611 3053 3752 3096 con-

2116 3132 2446 3211 cupisi‘unt,
2481 3131 2678 3190 multis
2702 3129 2974 3208 lacrymis
2997 3137 3054 3188 et
3086 3127 3360 3188 lamentis
3390 3124 3550 3202 digni
3581 3131 3750 3211 sunt;
3835 3151 3850 3158 ι

2116 3210 2392 3300 quoniam
2414 3220 2752 3299 utjumenta
2773 3217 3019 3279 rationis
3041 3217 3324 3296 expertia,
3349 3213 3580 3295 penitus
3610 3210 3760 3272 nihil

2119 3309 2374 3389 sapiunt,
2438 3309 2677 3369 sibimet
2736 3314 2962 3387 pestem
3035 3305 3471 3386 imprecantur,
3529 3301 3759 3382 seipsos

389 3396 546 3457 enim
584 3399 989 3479 unusquisque
1023 3410 1269 3462 mortem
1297 3403 1337 3462 ir
1379 3403 1752 3466 seinclusam
1781 3405 2034 3467 circum-
2113 3400 2400 3460 scducunl

387 3485 521 3557 fert,
559 3495 614 3548 et
653 3496 782 3566 post
813 3498 1062 3550 mortem
1115 3491 1391 3552 omnibus
1447 3512 1515 3552 ex
1572 3512 1737 3573 aequo
1786 3495 2030 3556 facultas

388 3576 676 3653 operandi
701 3577 914 3652 deerit,
948 3587 1006 3639 et
1037 3597 1210 3639 nemo
1235 3599 1336 3641 seu
1361 3580 1523 3655 boni,
1562 3600 1668 3642 seu
1695 3583 1830 3644 mali
1855 3585 2032 3663 quid-

392 3663 546 3744 piam
576 3684 752 3744 agere
775 3668 1012 3746 poterit,
1036 3668 1536 3750 quilibetutique,
1573 3672 1762 3752 qualis
1787 3681 1906 3733 tum
1936 3675 2033 3734 in-

385 3761 595 3843 ventus
619 3755 817 3831 fuerit,
857 3757 989 3818 talis
1037 3759 1169 3819 erit.
1221 3757 1378 3820 Istud
1426 3769 1538 3834 est,
1579 3761 1853 3841 Domine,
1879 3762 2034 3843 quod

391 3842 539 3903 mihi
565 3851 599 3903 te
624 3863 849 3906 rrorem
883 3856 1327 3928 tremoremque
1353 3848 1580 3909 incutit.
1638 3849 1796 3910 Istud
1831 3842 2038 3912 omnes

388 3943 601 3994 Sensus
627 3952 787 3996 meos
819 3934 1111 3997 tabcfacit.
1148 3935 1333 3999 Sicuti
1379 3956 1572 3999 caecus
1630 3939 1744 3999 fato
1776 3938 2033 4016 functus,

391 4033 450 4082 et
480 4021 620 4083 illuc
655 4023 997 4098 translatus,
1025 4044 1328 4106 nunquam
1355 4025 1538 4087 solem
1571 4027 1728 4088 hunc
1746 4045 1923 4089 sensu
1951 4028 2039 4088 vi-

388 4111 563 4172 vendi
623 4113 953 4192 usurpavit,
1013 4115 1279 4194 quamvis
1336 4115 1479 4175 olim
1535 4114 1594 4175 in
1630 4115 1742 4175 vita
1770 4116 2034 4191 rediens,

392 4201 617 4262 lumina
637 4202 971 4282 receperit:
1000 4203 1078 4262 ita
1114 4223 1310 4284 neque
1341 4204 1442 4285 qui
1491 4224 1624 4265 cum
1657 4213 1856 4266 mente
1885 4224 2038 4268 caeca

393 4290 550 4350 diem
569 4298 895 4351 extremum
922 4290 1156 4366 obierit,
1188 4301 1242 4353 te
1267 4294 1478 4367 solem,
1498 4293 1905 4372 intelligentia:
1925 4296 2036 4356 soli

393 4383 726 4458 parentem,
763 4378 918 4439 Deus
951 4398 1138 4460 meus,
1175 4380 1516 4442 intuebitur.
1547 4382 1651 4444 sed
1696 4402 1971 4462 egressus
2002 4404 2036 4447 e

393 4467 655 4527 tenebris
669 4466 955 4527 habitabit
973 4467 1031 4526 in
1058 4467 1342 4543 tenebris,
1369 4477 1541 4549 atque
1565 4469 1622 4531 in
1642 4490 1818 4532 omne
1848 4491 2033 4534 aevum

392 4574 424 4616 a
457 4560 516 4617 te
546 4554 937 4632 separabitur.
999 4555 1184 4617 Nemo
1216 4557 1549 4636 hominum,
1584 4561 1854 4634 Domine,
1890 4562 1949 4623 in
1982 4571 2038 4624 te

393 4644 785 4706 credentium.
817 4663 991 4705 nemo
1025 4645 1084 4705 in
1140 4646 1380 4707 nomine
1439 4657 1535 4708 tuo
1585 4647 2032 4729 baptizatorum,

392 4752 668 4812 magnum
705 4734 814 4794 hoc
836 4741 894 4793 et
925 4733 1194 4794 horroris
1228 4735 1467 4815 plenum
1517 4754 1666 4799 onus
1697 4739 2036 4815 sustinebit,

390 4831 454 4884 ut
483 4822 586 4884 abs
616 4831 672 4884 te
702 4830 1032 4903 separetur.
1067 4821 1202 4884 Dira
1268 4833 1354 4884 est
1391 4825 1548 4885 enim
1582 4826 1694 4888 ista
1719 4828 2035 4904 tribulatio,

391 4912 544 4985 dira,
579 4920 638 4972 et
669 4911 1064 4984 intoleranda,
1119 4919 1178 4971 et
1223 4920 1441 4974 {eterna
1489 4916 1847 4978 mmstitudo,
1888 4917 2038 4989 Quid

393 5021 671 5082 namque.
703 5001 973 5064 Salvator
1001 5001 1103 5081 mi,
1141 5001 1311 5081 pejus
1341 5021 1472 5063 esse
1493 5013 1703 5084 potest,
1730 5025 1904 5085 quam
1928 5010 2038 5069 abs

393 5099 448 5152 te
479 5090 699 5164 divelli,
732 5100 906 5172 atque
935 5089 1205 5169 sejungi?
1225 5090 1785 5170 quidcrucizibilius,
1811 5115 1985 5175 quam
2006 5115 2040 5157 a

390 5181 505 5240 vita
535 5180 898 5260 disjunctum
931 5180 1053 5241 illic
1094 5179 1294 5240 vivere
1338 5179 1525 5241 instar
1567 5184 1806 5264 mortui,
1843 5186 2035 5264 priva-

392 5275 638 5349 tumque
667 5268 805 5348 vita,
841 5268 1058 5349 privari
1082 5267 1254 5328 simul
1305 5268 1474 5331 bonis
1533 5272 2038 5335 universis‘?Nam

391 5358 494 5441 qui
525 5358 631 5419 abs
659 5368 714 5420 te
735 5364 1066 5440 separatur,
1089 5355 1283 5420 omnis
1307 5357 1442 5419 boni
1456 5360 1745 5440 jacturam
1765 5362 2038 5426 incurrit.

471 5528 501 5585 7
529 5525 671 5597 Luc,
703 5544 824 5604 XVI,
852 5526 953 5593 26.

2196 3488 2282 3548 Tu
2314 3507 2562 3567 regnum
2588 3486 2893 3558 caelorum,
2937 3483 3189 3558 Christe,
3217 3489 3277 3541 tu
3309 3488 3465 3542 terra
3498 3479 3754 3567 mitium.

2117 3576 2204 3640 Tu
2238 3566 2433 3640 virens
2465 3575 2789 3655 paradisus.
2817 3572 2904 3634 Tu
2931 3572 3222 3633 thalamus
3244 3569 3496 3637 divinus.
3525 3576 3583 3628 et
3610 3566 3760 3655 inef-

2118 3667 2335 3729 fabilis.
2369 3654 2691 3726 Tu’mensa
2741 3661 3075 3724 communis
3130 3657 3417 3720 omnium.
3471 3656 3556 3716 Tu
3590 3654 3757 3734 panis

2121 3756 2275 3817 vitae.
2313 3755 2398 3816 Tu
2433 3763 2605 3835 potus
2639 3754 2892 3815 maxime
2924 3747 3235 3811 novus.Tu
3260 3745 3531 3826 poculum
3565 3761 3752 3835 aqua).

2120 3845 2206 3907 Tu
2236 3864 2387 3925 aqua
2414 3833 2564 3905 vitae.
2597 3845 2682 3903 Tu
2714 3842 3003 3921 cujusque
3019 3846 3353 3900 sanctorum
3403 3836 3648 3924 lucerna
3673 3833 3760 3894 in-

2122 3935 2428 3996 exstincta.
2465 3932 2555 3993 Tu
2587 3939 2645 3993 et
2670 3931 2888 4010 tunica,
2944 3936 3002 3989 et
3030 3946 3273 4000 corona,
3322 3934 3380 3986 et
3411 3941 3760 3985 coronarum

2122 4023 2488 4084 distributor.
2523 4021 2610 4082 Tu
2641 4021 2942 4099 gaudium,
2975 4026 3033 4078 et
3054 4018 3313 4097 requies.
3346 4014 3435 4076 Tu
3464 4016 3582 4092 glm
3597 4013 3672 4088 ia,
3710 4020 3766 4072 et

2125 4113 2374 4174 deliciae.
2412 4111 2498 4172 Tu
2523 4110 2816 4171 exaltatio.
2839 4110 2924 4169 Tu
2957 4103 3672 4184 animorumjucunditas.
3694 4100 3763 4162 Et

2127 4202 2348 4264 lucebit
2367 4199 2751 4280 gratiasancti
2773 4197 3027 4276 Spiritus
3048 4195 3156 4272 tui,
3181 4197 3339 4256 Deus
3361 4212 3549 4266 meus,
3585 4194 3778 4267 instar;

2059 4269 2262 4353 Dsolis
2285 4298 2339 4351 in
2364 4269 2638 4351 omnibus
2679 4269 2898 4349 sane-tis
2922 4287 3056 4347 tuis.
3106 4269 3176 4345 Et
3207 4283 3432 4344 lucebis
3463 4283 3522 4343 in
3557 4301 3763 4343 eorum

2122 4381 2342 4454 medio,
2359 4381 2459 4442 Sol
2484 4379 2846 4450 inaccessas,
2863 4392 3187 4453 omnesque
3201 4372 3582 4452 proportione
3603 4371 3763 4446 fidei,

2121 4489 2367 4550 operum
2405 4468 2555 4548 Spei.
2591 4465 2920 4545 chari'atis,
2949 4462 3220 4544 puritatis
3251 4468 3308 4522 et
3331 4461 3764 4550 illustrationis,

2121 4548 2190 4620 ea
2223 4557 2446 4638 Spiritu
2481 4565 2600 4626 tuo,
2629 4552 3138 4615 illuminabuntur.
3164 4550 3322 4612 Deus
3354 4549 3479 4609 sole
3505 4548 3767 4627 longani-

2126 4649 2262 4721 mis,
2284 4657 2343 4708 et
2368 4648 2549 4726 judex
2569 4644 2862 4723 omnium,
2883 4642 2974 4704 his
2997 4640 3096 4722 qui
3120 4639 3458 4701 mansiones
3474 4639 3767 4718 diversas,

2125 4747 2183 4798 et
2197 4739 2324 4798 loca
2337 4733 2892 4806 comminiscuntur,
2916 4747 3194 4791 mensura
3212 4728 3513 4788 charitat's
3532 4747 3768 4788 rursum

2125 4827 2238 4888 erit
2264 4843 2542 4886 mensura
2572 4822 2860 4884 claritatis
2899 4821 3189 4900 ipsorum,
3212 4825 3570 4878 etmensura
3587 4817 3772 4877 visio-

2126 4915 2217 4976 nis
2249 4924 2381 4994 tuai,
2416 4914 2528 4974 erit
2553 4915 2765 4972 iterum
2799 4911 2986 4990 portio
3021 4906 3476 4986 magnificentia:
3507 4906 3768 4981 illorum,

2126 5007 2337 5076 honor,
2363 5003 2614 5075 delicim,
2650 5009 2706 5062 ct
2737 5000 2950 5079 gloria,
3009 4999 3080 5060 ad
3120 4995 3567 5058 distributiones
3596 4997 3774 5057 domo

2123 5113 2279 5164 rum,
2317 5103 2375 5153 et
2405 5092 2777 5153 mansionum
2804 5087 3312 5150 admirandarum.
3334 5084 3460 5146 l-loc
3492 5083 3776 5146 taberna-

2125 5187 2256 5248 cula
2283 5185 2536 5255 diversa,
2563 5184 2674 5243 hoc
2698 5181 2898 5241 multae
2918 5177 3282 5256 domus,boc
3302 5177 3466 5236 stola;
3498 5177 3777 5256 splendi-

2123 5274 2382 5337 dissima:
2401 5272 2714 5332 multarum
2729 5270 3108 5349 dignitatum,
3125 5273 3432 5328 ctcoronze
3459 5265 3774 5341 distinctae,

2124 5363 2334 5453 lapilli,
2370 5359 2724 5442 margaritae,
2789 5367 2848 5420 et
2907 5358 3084 5422 ﬂores
3142 5355 3532 5431 immortales,
3569 5376 3780 5424 novam
