4112 6106
359 280 478 352 513

1502 282 1944 352 DIVINORUM
1987 280 2315 347 AMORUM
2358 279 2592 343 LIBER

3611 266 3729 334 514

361 423 658 485 habentes
687 421 978 502 speciem,
1001 421 1115 482 hoc
1137 418 1303 500 lecti,
1323 419 1828 498 stragulaevestes,
1849 437 2012 480 men-
2032 427 2074 475 A
2097 416 2352 497 Spiritus
2381 413 2758 476 sermonibus
2800 410 3168 475 incredulus.
3223 412 3289 474 In
3345 407 3509 502 omni
3536 407 3741 502 utique

359 531 447 587 sa,
482 511 704 585 throni,
740 519 798 572 et
827 509 1111 591 quidquid
1141 509 1212 570 ad
1259 508 1613 588 voluptatem
1641 508 2011 587 jucundissi-

359 620 522 662 mum
546 608 655 676 est,
685 608 833 672 erat,
857 607 946 659 est
967 607 1025 661 et
1047 598 1182 673 erit,
1201 605 1256 659 te
1273 595 2010 675 solumintueri.Siigitur,

357 698 423 752 ut
447 708 624 770 supra
643 687 1017 762 dicebamus,
1050 707 1167 748 non
1181 687 1451 748 videntes
1479 687 1681 748 lumen
1698 693 1885 762 tuum,
1903 704 2013 748 nec

355 780 462 841 abs
493 790 550 842 te
582 777 712 855 visi,
745 777 847 839 sed
880 777 1158 857 separati,
1202 777 1430 837 visione
1477 785 1594 848 tua,
1629 777 1830 836 omnia
1862 777 2016 837 bona

356 868 798 950 complectente
826 867 1154 947 privamur,
1187 866 1430 927 ubinam
1464 865 1756 944 requiem,
1789 866 1888 926 ubi
1923 866 2012 925 lo-

358 977 492 1020 cum
529 958 734 1020 dolore
764 975 1012 1017 vacuum
1043 957 1348 1017 invenient
1370 963 1397 1018 ’ἶ
1430 955 1534 1015 ubi
1568 955 1938 1029 habitabant,
1965 954 2017 1017 si

357 1048 510 1111 recti
547 1066 664 1108 non
701 1045 980 1106 fuerint?
1026 1046 1247 1106 etenim
1289 1044 1451 1105 Περι-ἱ
1493 1044 1856 1106 habitabant
1884 1062 2015 1106 cum

357 1136 530 1199 vultu
556 1145 658 1198 tuo
681 1136 732 1195 8.
761 1135 1072 1196 Formalus
1098 1134 1256 1195 enim
1285 1134 1344 1194 in
1366 1152 1569 1193 eorum
1617 1143 1779 1194 recto
1814 1133 2012 1207 corde,

360 1234 422 1286 et
450 1225 720 1286 habitant
749 1241 882 1284 cum
910 1224 1098 1285 forma
1129 1231 1226 1284 tua
1257 1222 1314 1283 in
1350 1230 1428 1296 te,
1463 1221 1695 1283 Christe
1725 1239 1914 1284 meus.

437 1313 485 1376 Ο
519 1314 666 1374 mira
697 1332 815 1389 res,
870 1332 902 1372 ο
935 1311 1216 1372 bonitatis
1246 1312 1467 1372 donum
1526 1310 1914 1390 inopinabile,
1950 1309 2010 1370 in

357 1403 552 1466 forma
585 1403 694 1464 Dei
727 1421 859 1463 esse
887 1402 1184 1475 homines,
1213 1401 1524 1462 etformari
1550 1401 1608 1460 in
1641 1400 1809 1480 ipsis,
1834 1417 2010 1480 quem

355 1511 535 1553 nemo
565 1492 747 1572 capit,
785 1494 995 1564 Deum,
1049 1491 1221 1569 cujus
1270 1496 1478 1550 natura
1529 1498 1586 1549 et
1615 1488 2008 1569 invariabilis,

355 1590 414 1642 et
443 1580 856 1656 immutabilis,
894 1579 990 1659 qui
1025 1578 1082 1638 in
1111 1577 1388 1639 omnibus
1420 1596 1484 1638 se
1517 1577 1710 1655 dignis
1743 1576 2010 1640 habitare

355 1671 499 1751 vult,
532 1678 596 1730 ut
620 1670 946 1750 quilibetin
965 1687 1029 1729 se
1045 1677 1232 1730 totum
1261 1685 1486 1745 regem,
1517 1667 1709 1746 ipsum
1731 1685 1978 1745 regnum

357 1847 682 1909 admodum
718 1847 952 1908 refulsit
984 1846 1280 1908 redivivus
1296 1845 1452 1906 Deus
1477 1864 1668 1918 meus,
1706 1845 2014 1925 plusquam

355 1936 508 1996 radii
540 1935 682 1997 solis
710 1936 913 2015 hujus,
955 1953 1130 2015 quem
1178 1934 1501 1996 cernimus.
1534 1933 1605 1994 Et
1637 1952 1772 1994 cum
1804 1933 2014 1995 astite-

357 2025 480 2086 rint
506 2025 561 2085 ei
592 2025 693 2105 qui
725 2025 810 2086 sic
839 2023 1001 2104 ipsos
1031 2023 1400 2102 gloriﬁcavit,
1436 2021 1845 2100 magnitudine
1875 2023 2008 2101 glo-

357 2113 486 2188 riae,
523 2121 581 2175 et
611 2113 847 2174 assiduo
879 2112 1091 2173 divinae
1121 2112 1404 2172 claritatis
1427 2112 1794 2172 incremento
1825 2113 2010 2172 admi-

357 2203 588 2264 ratione
617 2203 849 2264 attoniti
897 2211 1160 2266 manent.
1223 2202 1343 2267 Nec
1394 2203 1550 2264 enim
1612 2202 1748 2262 ullis
1779 2201 2010 2264 saeculis

353 2292 701 2371 proﬁciendi
732 2291 868 2354 ﬁnis
899 2292 1048 2353 erit:
1086 2292 1380 2372 siquidem
1407 2291 1599 2364 statin,
1627 2311 1731 2353 seu
1761 2291 2006 2354 cessatio

357 2382 727 2443 incrementi
758 2382 958 2443 ﬁniret
1004 2382 1060 2443 id
1096 2382 1252 2462 quod
1286 2381 1444 2442 ﬁniri
1495 2383 1718 2461 nequit,
1753 2388 1812 2442 et
1841 2400 2007 2441 com-

355 2470 820 2552 prehensionem
859 2469 1759 2550 prorsusincomprehensibilis,
1779 2470 2012 2530 satieta-

358 2571 596 2641 temque
627 2559 1139 2635 induceretillius,
1167 2579 1282 2640 quo
1325 2559 1520 2620 satiari
1544 2559 1740 2620 nullus
1768 2567 1958 2638 potest
1992 2579 2004 2618 :

358 2650 461 2710 sed
494 2649 799 2729 plenitudo
824 2646 975 2728 ejus,
1005 2658 1061 2709 et
1083 2649 1267 2725 gloria
1287 2647 1438 2708 lucis
1458 2647 1703 2726 abyssus
1729 2648 1840 2708 erit
1872 2667 2011 2727 pro-

359 2738 570 2813 fectus,
600 2746 654 2800 et
679 2739 807 2799 sine
825 2739 944 2799 ﬁne
961 2737 1345 2818 principium.
1375 2735 1446 2797 Et
1482 2737 1634 2798 sicut
1664 2737 1764 2816 qui
1795 2737 2013 2798 habent

365 2826 662 2890 Christum
694 2827 850 2889 intus
900 2826 1240 2902 formatum,
1291 2825 1510 2904 eiderr,
1569 2843 1902 2906 quanquam
1933 2825 2013 2888 ita

361 2915 637 2992 fulgenti,
665 2924 728 2977 ut
750 2915 902 2977 adiri
939 2923 1214 2996 nequeat,
1243 2922 1433 2976 astant
1473 2914 1897 2976 nihilominus:
1928 2915 2013 2976 sic

361 3005 496 3066 ﬁnis
526 3006 598 3075 in,
620 3004 787 3086 ipsis,
812 3005 1020 3084 gloriae
1045 3013 1135 3066 est
1155 3003 1415 3066 initium.
1443 3003 1632 3083 Atque
1656 3011 1719 3063 ut
1748 3003 1854 3064 tibi
1878 3024 2040 3086 sem,

356 3113 492 3156 sum
517 3103 899 3174 mentemque
919 3110 1116 3154 meam
1142 3090 1462 3152 dilucidius
1479 3108 1794 3171 exponam,
1813 3092 1870 3153 in
1886 3093 2004 3154 ﬁne

2097 496 2272 568 etiam
2305 505 2368 567 hi
2397 510 2595 578 erunt,
2627 521 2835 565 revera
2886 509 3081 562 autem
3137 507 3304 562 extra
3348 496 3614 559 divinum
3645 496 3741 556 lu-

2097 613 2258 674 men,
2297 595 2610 674 ipsumque
2646 595 2854 654 Deum.
2916 589 2992 653 Ut
3047 590 3210 664 caeci,
3245 589 3478 651 lucente
3507 586 3656 661 sole,
3685 592 3744 646 et

2096 684 2201 745 toti
2233 682 2579 744 circumfusi
2612 681 2863 754 lumine,
2921 688 3118 741 tamen
3151 687 3315 739 extra
3349 677 3554 737 lumen
3581 681 3739 747 sunt,

2098 773 2431 852 cognitione
2461 780 2822 852 aspectuque
2848 770 2921 831 ab
2977 788 3048 830 eo
3099 766 3395 849 sejuncti:
3431 765 3517 828 sic
3562 773 3654 825 est
3683 764 3743 824 in

2098 861 2259 922 omni
2289 860 2552 921 divinum
2585 859 2890 920 Trinitatis
2923 859 3144 933 lumen,
3199 865 3258 918 et
3285 857 3345 917 in
3380 855 3576 917 medio
3607 861 3744 915 sunt

2099 959 2456 1031 peccatores,
2487 951 2750 1011 tenebris
2771 949 3103 1031 praepediti,
3146 948 3466 1029 quominus
3486 945 3742 1020 videant,

2099 1041 2401 1118 ullamque
2433 1039 2764 1102 Divinilatis
2788 1039 3088 1100 notionem
3111 1057 3181 1099 ac
3195 1055 3434 1099 sensum
3461 1033 3737 1096 habeant:

2098 1132 2202 1190 sed
2234 1130 2532 1202 ardentes,
2569 1136 2627 1187 et
2655 1146 2760 1188 sua
2787 1127 3051 1208 ipsorum
3074 1124 3438 1189 conscientia
3453 1122 3742 1184 condem-

2099 1217 2241 1298 nati,
2276 1215 2654 1278 afﬂictionem
2687 1215 3190 1296 inexplicabilem,
3226 1225 3284 1277 et
3313 1213 3582 1276 dolorem
3605 1212 3742 1274 ine-

2095 1304 2454 1366 narrabilem
2489 1323 2594 1384 per
2625 1305 2840 1366 saecula
2871 1304 3234 1384 sempiterna
3261 1301 3658 1364 sustinebunt.

2720 1424 2958 1489 CAPUT
3013 1425 3113 1488 ΙΙΙ.

2092 1553 2363 1637 Quomodo
2391 1558 2557 1638 Pater
2586 1557 2672 1613 hic
2717 1558 3088 1638 immutatus,
3113 1560 3511 1638 purgatusque,
3569 1555 3745 1638 arcti:

2160 1628 2295 1683 sime
2340 1645 2463 1683 cum
2509 1631 2620 1700 Deo
2666 1631 2990 1700 conjunctus
3020 1627 3129 1698 sit,‘
3157 1627 3431 1700 et’quutt‘s
3479 1643 3550 1684 ea:
3591 1627 3745 1698 quati

957 1694 1232 1772 ,δειεξξυιξι
1261 1694 2006 1772 {esti-wine?!"ﬁssum":
2031 1694 2069 1742 B
2165 1700 2414 1772 evaserit.
2445 1699 2616 1755 verba
2643 1694 2850 1770 ejus'in
2890 1701 2988 1756 hoc
3017 1694 3192 1772 capite
3230 1694 3300 1754 a‘d
3329 1700 3505 1772 Deum
3535 1694 3745 1772 ατῑιονίε

357 1767 416 1821 et
443 1759 516 1820 ad
547 1777 796 1835 regnum
821 1757 1177 1838 pertinentia
1195 1756 1430 1831 habeat,
1463 1764 1520 1817 et
1547 1756 1786 1834 fulgeat,
1815 1775 2019 1836 quem.

2166 1771 2330 1841 plena
2354 1773 2747 1827 demonstrant.
2781 1773 2868 1826 Ad
2898 1770 3202 1827 extremum
3232 1771 3523 1842 theologire
3551 1770 3618 1825 de
3639 1785 3744 1825 an-

2166 1843 2299 1912 gelis
2329 1843 2570 1915 disserit.
2619 1844 2907 1915 Principio
2955 1843 3245 1908 orationis,
3293 1858 3446 1898 more
3464 1843 3746 1913 justorum

2169 1919 2458 1970 accusator
2484 1914 2574 1970 sui
2603 1918 2699 1971 est.

2175 2021 2415 2094 Quaeest
2435 2023 2568 2098 ista,
2592 2023 2860 2086 Salvator
2883 2023 2987 2100 mi,
3019 2022 3312 2084 immensa
3335 2021 3744 2084 misericordia

2095 2119 2192 2172 tua
2210 2112 2240 2171 ‘?
2261 2111 2566 2183 Quomodo
2585 2132 2678 2174 me
2703 2112 3028 2192 impurum,
3057 2131 3151 2173 me
3180 2111 3500 2192 perditum,
3523 2111 3744 2173 mefor-

2093 2201 2404 2276 nicarium,
2440 2201 2570 2263 ﬁeri
2601 2202 2939 2263 membrum
2959 2201 3366 2263 tuumvoluisti
3389 2207 3416 2264 ?
3438 2200 3742 2273 Quomodo

2091 2308 2186 2351 me
2209 2291 2356 2351 stola
2383 2291 2772 2372 lucidissima,
2800 2291 3120 2372 splendore
3140 2290 3600 2352 immortalitatis
3635 2309 3740 2352 co-

2093 2389 2395 2454 ruscante,
2429 2389 2486 2441 et
2515 2380 2716 2442 omnia
2749 2380 3020 2442 membra
3065 2399 3194 2442 mea
3223 2380 3424 2441 lucida
3451 2381 3743 2442 reddente

2091 2469 2407 2530 vestivisti?
2425 2471 2660 2532 Etenim
2689 2489 2906 2550 corpus
2930 2479 3094 2531 tuum
3112 2471 3575 2541 immaculatum,
3600 2470 3746 2530 divi-

2094 2578 2374 2641 numque,
2411 2580 2528 2621 non
2559 2563 2958 2641 commistum,
2987 2573 3047 2624 et
3065 2561 3440 2623 commistum
3462 2561 3741 2622 ineﬁ'abi-

2094 2649 2250 2724 liter,
2272 2658 2456 2712 totum
2478 2650 2614 2730 igne
2638 2651 2961 2712 divinitatis
2982 2651 3256 2730 fulgurat.
3281 2650 3351 2712 Et
3371 2652 3483 2711 hoc
3504 2668 3740 2731 quoque

2093 2733 2328 2799 donasti
2359 2737 2532 2814 mihi,
2565 2740 2724 2801 Deus
2746 2757 2936 2801 meus.
2969 2739 3126 2800 Deus
3152 2757 3410 2820 namque
3436 2739 3576 2801 huic
3607 2758 3742 2800 sor-

2095 2824 2256 2902 dido,
2280 2833 2337 2887 et
2360 2826 2627 2888 interitui
2649 2827 2905 2889 obnoxio
2950 2827 3331 2889 tabernaculo
3372 2846 3508 2889 meo
3536 2827 3744 2889 unitur

2092 2932 2306 2995 corpus
2363 2916 3305 2991 tuum'incontaminatissimum,
3370 2927 3428 2978 et
3501 2917 3743 2995 sanguis

2093 3021 2260 3064 meus
2286 3006 2684 3084 permiscetur
2716 3006 2991 3085 sanguini
3047 3017 3166 3079 tuo,
3225 3015 3314 3068 sat
3360 3006 3508 3081 scio,
3544 3008 3742 3068 unitus

2091 3109 2220 3152 sum
2255 3094 2430 3154 etiam
2463 3095 2758 3156 divinitati
2791 3103 2924 3168 tuae,
2977 3102 3038 3156 et
3082 3095 3332 3157 affectus
3363 3114 3496 3156 sum
3526 3113 3741 3175 corpus

354 3181 664 3243 habebunt
692 3181 1075 3261 principium,
1111 3188 1168 3240 et
1197 3179 1254 3239 in
1286 3177 1576 3258 principio
1599 3179 1802 3242 ﬁnem.
1828 3179 2000 3241 Plus-
2086 3189 2253 3242 tuum
2269 3184 3740 3264 mundissimum,memhrumfulgidum,membrum

356 3290 532 3351 quam
565 3271 808 3350 plenum
841 3270 1105 3348 intellige
1140 3268 1307 3342 mihi,
1369 3276 1428 3326 rt
1460 3267 1818 3328 accessionis
1849 3268 2004 3330 haud
2085 3287 2220 3331 vere
2251 3280 2544 3346 sanctum,
2583 3273 2916 3334 membrum
2950 3274 3125 3353 longe
3168 3274 3438 3348 rutilans,
3483 3274 3738 3354 pelluci-

358 3360 656 3439 indigum,
692 3367 748 3420 et
767 3359 867 3439 qui
891 3367 1158 3435 currunt,
1181 3377 1284 3418 eos
1312 3359 1489 3417 ﬁnem
1515 3357 1726 3418 inﬁniti
1757 3376 1873 3418 non
1896 3377 2003 3418 an-

359 3457 674 3511 tevertere.
708 3448 770 3511 Si
801 3467 1060 3530 namque
1087 3454 1352 3510 transeat
1395 3446 1608 3507 coelum
1643 3446 1823 3528 istud,
1857 3449 2012 3528 quod

362 3539 634 3600 videmus
663 3546 721 3600 et
749 3546 929 3614 terra,
965 3549 1024 3600 et
1080 3555 1210 3618 qum
1262 3536 1322 3597 in
1371 3555 1441 3598 ea
1469 3544 1606 3598 sunt
1634 3536 1836 3596 omnia
1865 3555 2014 3596 con-

352 3628 515 3707 jecta
543 3629 703 3708 quod
736 3627 876 3694 dixit
908 3629 1020 3689 erit
1051 3627 1166 3688 loci
1200 3625 1684 3705 comprehensio,
1712 3625 1811 3685 ubi
1836 3625 2013 3685 ﬁnem

362 3717 660 3790 invenies,
692 3736 809 3777 non
835 3717 967 3778 dico
987 3734 1362 3796 corporeum,
1389 3714 1491 3775 sed
1520 3713 1718 3775 animo
1752 3713 2014 3794 plenitu-

361 3805 560 3867 dinem
611 3805 818 3866 mundi
851 3804 1187 3886 incorporei
1219 3803 1444 3884 poteris
1476 3803 2010 3883 comprehendere.

359 3893 487 3956 Non
510 3902 600 3956 est
629 3905 820 3956 autem
845 3895 1123 3969 mundus,
1171 3894 1282 3955 sed
1315 3911 1439 3973 aer,
1473 3893 1622 3953 sicut
1648 3899 1820 3952 antea
1853 3909 1867 3954 :
1906 3911 2013 3953 nec

356 4000 480 4065 aer,
493 3984 597 4045 sed
611 3983 1030 4046 inenarrabilis
1046 3985 1224 4064 (quod
1242 3984 1582 4044 universum
1599 3982 1828 4062 vocant)
1847 3980 2013 4061 abys-

2097 3358 2261 3434 dum,
2301 3370 2360 3422 et
2388 3362 2733 3442 splendens.
2767 3361 2952 3424 Video
2984 3363 3520 3444 pulchritudinem,
3569 3363 3740 3425 video

2097 3449 2503 3528 splendorem,
2527 3451 2589 3511 in
2612 3453 2854 3532 speculo
2877 3453 3078 3531 gratiae
3101 3461 3213 3514 tua;
3250 3453 3450 3514 lumen
3482 3453 3738 3530 intueor,

2100 3545 2158 3598 et
2183 3537 2671 3619 inexplicabilem
2701 3542 2990 3618 fulgorem
3045 3542 3422 3622 obstupesco,
3457 3549 3516 3603 et
3543 3551 3742 3603 mente

2100 3629 2345 3709 excedo,
2380 3629 2522 3692 dum
2577 3631 3005 3704 animadverto,
3060 3631 3248 3712 qualis
3276 3632 3512 3708 fuerim,
3553 3632 3743 3712 qualis

2097 3715 2284 3778 factus
2307 3719 2417 3778 sim
2439 3720 2792 3781 mirabiliter
2825 3738 2838 3783 :
2887 3729 2944 3782 et
2972 3720 3174 3797 timeo,
3209 3729 3267 3782 et
3296 3738 3576 3782 revereor
3604 3739 3738 3783 me-

2095 3806 2311 3887 ipsum,
2347 3816 2404 3870 et
2434 3817 2705 3890 tanquam
2742 3818 2797 3871 te
2829 3829 3106 3872 revereor
3144 3828 3212 3871 ac
3254 3818 3473 3890 metuo,
3511 3818 3570 3872 et
3599 3829 3741 3890 per-

2098 3896 2304 3975 plexus
2325 3916 2479 3974 sum,
2507 3907 2564 3960 et
2589 3901 2830 3960 omnino
2854 3918 3066 3960 vereor
3088 3899 3185 3961 ubi
3204 3900 3468 3974 sedeam,
3505 3900 3597 3962 cui
3628 3919 3738 3980 ap-

2097 3989 2511 4068 propinquem,
2547 3987 2724 4050 etubi
2745 3988 3013 4050 membra
3030 3997 3128 4050 tua
3164 3988 3474 4065 reclinem,
3508 3989 3580 4050 ad
3611 4007 3742 4069 quae

356 4091 454 4135 sus
477 4075 597 4135 ﬁne
622 4093 833 4135 carens
861 4076 1119 4154 penitus;
1157 4073 1460 4154 mqualiter
1491 4071 1755 4151 undique
1785 4079 1902 4132 tota
1938 4089 2007 4133 ex
2089 4093 2292 4154 opera,
2327 4077 2399 4137 ad
2431 4095 2578 4158 quas
2625 4078 2890 4138 actiones
2940 4086 3056 4138 tam
3115 4078 3556 4139 venerabilibus
3586 4079 3739 4140 divi-

358 4166 621 4246 partibus
649 4168 938 4246 utrisque.
974 4166 1098 4227 Hoc
1148 4185 1322 4228 omne
1375 4166 1679 4226 divinitate
1709 4164 2002 4244 repletum
2087 4163 2298 4246 nisque
2319 4166 2604 4227 membris
2626 4166 2862 4228 tandem
2886 4166 2987 4228 ubi
3018 4166 3291 4230 debeam.
3327 4170 3412 4230 Da
3444 4168 3586 4228 mihi
3611 4185 3741 4249 quae

358 4263 470 4318 est.
502 4255 613 4327 Qui
645 4274 785 4335 ergo
819 4258 946 4335 ejus
975 4256 1294 4337 participes
1326 4262 1484 4329 sunt,
1518 4253 1654 4315 etin
1685 4253 1812 4334 ipso
1847 4253 2008 4314 habi-
2031 4252 2224 4320 Ddico
2257 4261 2313 4315 et
2341 4255 2523 4335 loqui,
2557 4263 2614 4318 et
2645 4255 2864 4332 facere,
2899 4277 2932 4317 ο
2963 4257 3195 4337 artifex,
3253 4264 3310 4318 et
3343 4257 3512 4319 ﬁctor
3542 4277 3738 4319 meus.

361 4351 504 4418 tant,
538 4345 835 4425 quomodo
860 4354 1042 4406 totum
1085 4345 1575 4425 complectantur,
1610 4352 1673 4403 ut
1703 4341 1879 4404 etiam
1910 4361 2011 4404 sa-

364 4440 636 4494 turentur
667 4432 692 4494 Υ
738 4443 839 4495 aut
891 4433 1209 4509 quomodo,
1243 4433 1340 4495 dic
1376 4432 1544 4512 mihi,
1581 4432 1759 4491 ﬁnem
1791 4428 2013 4494 inﬁniti

364 4521 649 4602 capient?
699 4522 1126 4585 Difﬁcillimum
1160 4523 1352 4603 plane,
1407 4529 1466 4582 et
1495 4518 1868 4599 impossibile
1899 4527 2004 4580 est.

365 4608 510 4671 Nam
529 4629 722 4691 neque
743 4611 839 4673 hic
860 4613 919 4672 in
941 4629 1192 4693 corpore
1229 4617 1462 4672 sanctos
1487 4609 1791 4684 degentes,
1818 4625 2011 4687 neque

365 4698 507 4761 illuc
528 4701 589 4760 in
609 4700 730 4761 Deo
757 4701 1061 4763 translatos
1089 4701 1224 4763 talis
1253 4700 1497 4762 omnino
1525 4696 2012 4778 cogitatiosubire

363 4796 580 4867 potest.
605 4787 979 4869 Obleguntur
1001 4808 1254 4871 namque
1295 4789 1519 4850 lumine
1546 4787 1762 4849 divinae
1783 4785 2009 4862 gloriae,

364 4875 798 4953 illuminantur,
833 4888 887 4941 et
923 4880 1145 4956 lucent,
1209 4887 1268 4941 et
1317 4877 1688 4940 obiectantur
1718 4879 1774 4938 in
1808 4874 1919 4944 his,
1956 4882 2015 4935 et

363 4965 560 5026 sciunt
585 4984 749 5048 vere,
783 4967 1064 5048 omnique
1097 4977 1156 5029 et
1188 4969 1360 5048 plena
1391 4966 1529 5045 ﬁde,
1565 4966 1772 5026 horum
1807 4962 2010 5043 perfe-

366 5055 626 5116 ctionem
652 5057 939 5119 inﬁnitam
960 5059 1109 5119 fore.
1136 5059 1183 5118 A
1208 5057 1330 5118 Deo
1353 5063 1548 5116 autem
1567 5053 1805 5133 abjecti,
1827 5052 2012 5112 miror

365 5144 463 5203 ubi
497 5144 844 5220 consistent,
909 5148 1079 5225 longe
1130 5146 1380 5224 sejuncti
1437 5145 1508 5204 ab
1561 5163 1630 5205 eo
1662 5142 1759 5223 qui
1792 5141 2012 5221 ubique

367 5241 475 5293 est.
503 5234 578 5294 Et
600 5253 770 5313 sane,
793 5236 1026 5308 fratres,
1067 5236 1410 5296 miraculum
1444 5231 2007 5312 obstupescendum,

369 5331 424 5382 et
458 5323 526 5383 ad
562 5323 716 5402 quod
753 5323 903 5386 bene
954 5325 1403 5403 intelligendum
1457 5332 1653 5384 mente
1683 5320 2010 5382 illuminata

368 5428 515 5490 opus
544 5417 639 5492 sit,
674 5423 735 5472 ut
767 5433 884 5475 non
915 5414 1141 5476 incidas
1190 5415 1250 5474 in
1300 5412 1574 5475 haeresim
1632 5411 1796 5492 quasi
1829 5408 2010 5471 divini

443 5581 474 5630 8
504 5579 655 5645 Psal.
690 5597 903 5644 cxxxrx
966 5585 1062 5646 ti.
1148 5583 1180 5634 9
1209 5582 1232 5644 Ι
1267 5584 1403 5646 Cor.
1436 5596 1562 5657 xm,
1599 5581 1654 5642 1.

2093 4339 2262 4423 Nam,
2283 4343 2332 4404 si
2354 4362 2486 4424 quae
2506 4344 2735 4424 loquor,
2765 4345 2931 4406 factis
2969 4365 3085 4406 non
3131 4355 3364 4426 praesto,
3388 4347 3576 4410 factus
3606 4366 3738 4408 sum

2095 4449 2196 4505 tes,
2229 4441 2419 4506 acute,
2468 4440 2526 4492 et
2577 4435 2792 4494 frustra
2819 4433 3099 4511 tinniens,
3134 4444 3192 4496 et
3220 4454 3429 4497 sonum
3465 4438 3739 4517 pulsuum

2095 4518 2244 4581 nihil
2267 4521 2528 4582 sentiens
2543 4521 2595 4582 9.
2621 4523 2736 4586 Sed
2761 4530 2820 4586 tu
2845 4523 2964 4586 noli
2986 4543 3082 4585 me
3108 4524 3431 4598 dimittere,
3477 4526 3598 4588 noli
3627 4527 3736 4588 dc-

2093 4609 2436 4690 relinquere
2459 4628 2472 4672 :
2499 4629 2644 4673 neve
2660 4612 2818 4672 sinas
2836 4611 3117 4677 oberrare
3138 4632 3234 4676 me
3258 4615 3522 4677 Salvator
3543 4634 3734 4694 meus,

2095 4717 2212 4773 me,
2238 4700 2501 4780 inquam,
2531 4701 2835 4773 miserum,
2864 4703 3224 4785 mendicum,
3244 4723 3311 4766 ac
3325 4706 3734 4786 peregrinum,

2093 4795 2155 4848 et
2181 4788 2388 4850 decem
2420 4789 2668 4851 millium
2719 4789 3077 4854 talentorum
3126 4793 3232 4854 tibi
3261 4795 3594 4856 debitorum
3628 4795 3731 4857 ‘0:

2092 4894 2298 4938 verum
2331 4878 2483 4939 sicut
2511 4880 2676 4957 olim,
2703 4879 2782 4942 ita
2808 4887 2867 4942 et
2883 4901 3039 4944 nunc
3063 4883 3258 4946 facito.
3284 4888 3453 4945 Tunc
3476 4885 3633 4946 enim
3665 4885 3736 4947 ab

2093 4966 2463 5043 haereditate,
2499 4977 2733 5050 totaque
2767 4977 2925 5032 terra
2956 4972 3162 5051 patria,
3212 4981 3395 5052 patre,
3429 4973 3733 5053 fratribus,

2099 5061 2304 5130 matre,
2341 5057 2705 5138 domesticis,
2759 5057 2994 5140 alienis,
3055 5067 3112 5121 et
3143 5061 3407 5138 cognatis
3436 5063 3733 5144 omnibus,

2095 5152 2152 5204 et
2180 5144 2388 5204 amicis
2419 5164 2513 5205 me
2545 5155 2945 5226 peccatorein.
2981 5159 3038 5209 et
3095 5149 3370 5209 omnibus
3402 5151 3530 5210 istis
3562 5153 3735 5214 vilio-

2095 5251 2218 5294 rem
2234 5234 2541 5313 scparasti,
2555 5237 2786 5315 tuisque
2801 5237 2955 5298 ulnis
2972 5237 3376 5298 mundissimis
3391 5242 3739 5320 complexus

2095 5341 2178 5402 es,
2209 5323 2308 5403 qui
2344 5341 2438 5385 me
2469 5323 2756 5386 adversus
2788 5327 3078 5387 beneﬁcia
3114 5335 3208 5386 tua
3240 5326 3531 5405 ingralum
3567 5332 3740 5391 exlii-o

2095 5412 2338 5473 bueram
2372 5413 2496 5474 :sic
2527 5415 2704 5475 etiam
2741 5433 2896 5476 nunc
2929 5423 2986 5476 tu
3023 5414 3361 5478 misericors
3393 5419 3739 5485 misericor-

1744 5581 1800 5631 ¹0
1830 5582 2030 5643 Matth.
2063 5597 2231 5657 XVIII,
2264 5581 2366 5643 Ἡ.
