4112 6106
427 245 499 306 51
520 247 558 309 5
1735 231 2080 304 8ΥΜΕΟΝ11

2173 233 2492 300 ἨΝΙΟΗΙΒ
3703 238 3819 303 516

427 382 586 444 diam
611 377 757 440 mihi
782 375 1001 451 tribue,
1043 373 1156 456 sic,
1181 372 1448 456 inquam,
1483 369 1605 433 imo
1635 388 1778 434 vero
1810 368 2020 450 magis,
2047 388 2082 431 o
2102 378 2143 427 Α
2165 369 2304 431 Haec
2333 369 2627 450 subjectio
2677 374 2941 436 omnium
2997 392 3127 455 quae
3182 381 3424 453 aspectu
3451 373 3810 436 sentiuntur.

425 471 585 533 Deus
616 485 804 536 meus,
830 473 887 528 et
908 465 1197 527 miserere
1223 463 1364 536 mei,
1391 469 1448 523 et
1470 459 1703 522 custodi
1727 477 1846 534 me,
1873 467 1931 520 et
1958 477 2078 519 non
2165 459 2327 520 Hanc
2359 459 2696 523 habuerunt
2747 463 2945 542 angeli
2995 471 3180 525 status
3231 463 3324 525 sui
3355 462 3808 542 ﬁrmitudinem,

427 567 624 622 rectos
653 556 837 619 animi
861 555 977 616 mei
999 554 1263 634 impetus
1281 568 1621 631 compesce,
1647 557 1706 610 et
1733 548 1805 610 ad
1838 565 2079 610 omnem
2167 564 2300 607 cum
2323 545 2597 610 Satanam
2625 557 2683 610 et
2703 551 2900 612 socios
2913 551 3064 630 ejus,
3085 552 3370 630 opinione
3391 552 3615 626 inflata,
3637 567 3812 630 quam

425 647 812 714 tentationem
849 643 1301 722 molestiamque
1329 640 1462 701 vita:
1489 639 1694 718 hujus,
1715 645 1773 698 et
1805 655 2085 718 quaecun-

425 759 542 824 que
570 739 701 818 ipse
730 733 874 795 mihi
906 733 1086 794 stulte
1117 751 1278 804 creo,
1325 738 1382 792 et
1419 731 1478 790 in
1511 728 1726 824 quibus
1756 746 1858 824 me
1884 725 2085 824 invidi}

424 812 762 894 (humanum
795 831 1003 884 natura
1056 829 1264 900 tentat,
1317 827 1374 880 et
1418 836 1547 898 quae
1595 815 1934 878 imbecilles
1987 812 2083 874 isti

423 921 634 982 fratres
657 915 770 975 tnei
796 911 1032 993 pariunt
1055 910 1198 970 mihi
1225 907 1421 969 verbis
1445 917 1502 968 et
1522 906 1712 981 factis,
1733 905 1804 966 ad
1833 906 1976 978 haec,
1998 903 2086 963 in-

423 1025 623 1090 quam,
656 1001 856 1064 omnia
909 998 1203 1090 patienter
1265 995 1619 1090 perferenda
1676 1013 1770 1054 me
1802 994 2081 1055 idoneum

427 1085 638 1160 redde.
661 1091 792 1153 Heu
832 1106 952 1161 me,
990 1086 1128 1168 quia
1157 1085 1425 1146 membra
1458 1102 1591 1144 mea
1619 1095 2087 1144 consumuntme

428 1193 606 1266 atque
639 1179 989 1255 conﬁciunt,
1022 1185 1084 1266 et
1112 1183 1373 1266 propter~
1399 1173 1610 1235 eadem
1644 1191 1882 1266 rursum
1914 1170 2086 1266 doleo

427 1260 757 1352 trahorque
789 1287 821 1328 a
876 1265 1149 1346 pedibus,
1204 1263 1302 1344 qui
1363 1264 1564 1352 locum
1603 1261 1815 1352 capitis
1846 1260 2088 1321 sortitus

421 1383 578 1426 sum.
606 1351 828 1422 Incedo
873 1353 1049 1416 nudis
1083 1352 1360 1432 pedibus,
1393 1361 1451 1412 et
1481 1351 1666 1431 spinis
1695 1366 2084 1430 compungor,

423 1451 787 1528 cruciorque
817 1445 1225 1519 vehementer,
1253 1461 1362 1502 nec
1385 1441 1712 1501 cruciatum
1738 1439 1885 1500 fero.
1919 1439 2090 1502 Alter

423 1543 645 1624 pedum
687 1552 964 1598 meorum
988 1551 1162 1611 porro
1186 1529 1473 1611 procedit,
1499 1531 1659 1624 alter,
1679 1528 1894 1590 iterum
1929 1537 2089 1589 retro

426 1617 828 1698 convertitur,
856 1621 1132 1684 hucilluc
1158 1621 1419 1698 trahunt,
1450 1627 1508 1679 et
1533 1617 1908 1699 rapiuntme,
1940 1635 2088 1697 sup-

420 1723 676 1805 plantor,
711 1724 770 1778 et
794 1715 1078 1805 deorsum
1101 1711 1275 1774 cado.
1317 1708 1539 1805 Omnes
1565 1709 1741 1805 igitur
1762 1708 1931 1805 sequi
1963 1727 2083 1768 non

423 1798 690 1893 possum.
711 1803 741 1867 J
751 1821 928 1864 acere
953 1800 1171 1862 malum
1203 1808 1312 1873 est,
1344 1807 1400 1860 et
1429 1798 1714 1860 incedere
1745 1799 1833 1860 sic
1863 1798 2084 1893 impro-

422 1884 554 1962 vide
576 1893 843 1959 deterius
875 1900 985 1970 est,
1005 1908 1178 1970 quam
1199 1889 1430 1968 jacere,
1457 1887 1690 1965 quando
1722 1884 2083 1946 omnesalias

420 1987 788 2052 calamitates
813 1980 1017 2042 vincit.
1047 1978 1322 2050 Domine,
1352 1976 1566 2054 largire
1610 1975 1755 2036 mihi
1786 1975 2007 2037 luctum
2027 1985 2084 2036 et

417 2073 970 2158 compunctionem,
1002 2077 1060 2130 et
1091 2068 1336 2146 dignare
1371 2084 1465 2126 me
1499 2064 1722 2158 servire
1755 2063 1882 2158 tibi,
1904 2073 1962 2126 te
1985 2083 2079 2158 co-

416 2152 573 2240 lere,
594 2171 652 2224 et
677 2177 916 2222 servare
934 2163 1138 2218 sancta
1167 2155 1438 2216 mandata
1464 2161 1561 2213 tua
1582 2153 1641 2213 in
1663 2153 1924 2216 tenebris
1945 2152 2078 2213 vitae

424 2253 624 2332 hujus,
653 2259 711 2311 et
737 2249 794 2308 in
824 2245 1044 2307 mundo
1066 2244 1202 2322 isto,
1231 2241 1781 2332 quitristitiaelocus
1809 2241 2079 2304 est.Gra-

426 2330 534 2404 tias
559 2339 665 2401 tibi
691 2357 821 2417 ago,
848 2353 982 2396 cum
1007 2336 1183 2394 vitam
1216 2331 1361 2392 mihi
1411 2330 1692 2405 tribuisti,
1727 2333 2078 2410 donastique

424 2439 488 2494 ut
522 2443 971 2508 cognoscerem,
1007 2431 1064 2483 et
1092 2422 1400 2482 adorarem
1435 2430 1513 2494 te,
1552 2420 1711 2482 Deus
1733 2438 1898 2482 meus
1943 2417 2086 2480 Haec

425 2527 515 2582 est
547 2517 708 2578 enim
742 2513 877 2588 vita,
904 2529 1262 2590 cognoscere
1284 2519 1342 2571 te
1356 2510 1545 2570 solum
1575 2513 1784 2590 Deum,
1809 2508 2081 2571 etcondi—

430 2617 619 2669 torem
655 2604 1114 2677 eﬂectorcmque
1172 2599 1462 2676 omnium,
1529 2618 1644 2658 non
1708 2608 1927 2672 natum,
1963 2617 2080 2658 non

431 2703 720 2766 creatum,
768 2691 958 2752 solum
990 2687 1220 2769 absque
1251 2687 1564 2768 principio,
1593 2696 1651 2749 et
1676 2687 1886 2749 Filium
1923 2705 1993 2748 ex
2027 2693 2083 2747 te

429 2784 718 2866 genitum,
757 2782 828 2856 ll,
866 2787 924 2840 et
953 2777 1372 2866 procedentem
1407 2796 1477 2838 ex
1507 2786 1763 2866 utroque
1795 2774 2080 2866 Spiritum

430 2863 896 2942 sanctissimum,
911 2865 1192 2928 omnibus
1205 2865 1683 2946 prosequendam
1697 2863 2084 2926 laudibustri-

2109 1665 2150 1715 B

2169 635 2243 695 de
2271 645 2460 698 semet
2491 637 2786 700 habebant
2814 641 3112 716 seductos,
3147 640 3222 702 de
3253 641 3399 703 ccelo
3431 641 3652 702 cadere
3679 656 3814 700 cer-

2170 732 2400 800 nentes,
2433 727 2772 803 cognitione
2798 738 2858 793 et
2883 729 3092 791 timore
3121 730 3277 792 aucti
3308 738 3467 790 sunt.
3509 727 3620 801 Qui
3653 727 3816 788 enim

2165 812 2342 891 hujus
2373 821 2597 876 tantum
2631 816 2798 878 obliti
2830 824 2991 886 sunt,
3036 820 3211 880 etiam
3260 818 3515 879 elatione
3544 817 3817 878 volunta-

2163 900 2252 962 ria
2281 901 2652 965 deciderunt.
2689 905 2925 982 Contra,
2957 910 3056 987 qui
3089 906 3246 968 istud
3279 912 3700 986 cognoverunt.
3739 903 3814 964 ti-

2168 989 2316 1050 mori
2347 991 2734 1074 charitatique
2765 995 3160 1071 adhaerentes,
3185 996 3423 1057 exaltati
3451 1002 3608 1056 sunt.
3643 992 3820 1056 Unde

2171 1079 2426 1155 cognitio
2461 1083 2784 1145 Dominicaa
2839 1086 3146 1165 potestatis
3197 1085 3540 1146 charitatem
3575 1099 3820 1163 quoque

2171 1168 2568 1248 ampliﬁcavit,
2600 1176 2876 1251 quoniam
2911 1175 3112 1253 plures
3141 1173 3319 1234 etiam
3351 1191 3662 1234 coruscum
3687 1170 3820 1231 Tri-

2171 1255 2370 1318 uitatis
2399 1257 2688 1338 fulgorem
2709 1261 3081 1324 manifestius
3109 1262 3408 1335 videbant,
3430 1260 3653 1322 etistud
3675 1277 3816 1320 rur-

2173 1364 2305 1406 sum
2340 1366 2578 1409 omnem
2607 1349 2784 1410 aliam
2817 1352 3232 1429 cogitationem
3285 1349 3662 1421 excludebat,
3696 1348 3817 1409 im-

2175 1434 2609 1517 mutabilesque
2629 1438 2880 1510 faciebat
2904 1458 3005 1500 eos
3027 1441 3125 1520 qui
3153 1442 3226 1501 ab
3271 1439 3438 1500 initio
3467 1436 3818 1498 mutabilem

2175 1533 2443 1586 naturam
2466 1538 2839 1607 acceperant,
2864 1528 2924 1589 in
2947 1528 3309 1592 sublimitate
3326 1526 3658 1589 caelestium
3685 1542 3820 1605 per-

2174 1624 2502 1679 manentes.

2795 1712 3039 1774 CAPUT
3089 1711 3182 1776 IV.

2169 1799 2257 1862 De
2279 1819 2418 1864 vero
2437 1806 2734 1866 monacho
2756 1813 2811 1868 et
2841 1809 2973 1884 ejus
2994 1806 3208 1884 ofﬁcio.
3230 1805 3317 1867 Ad
3341 1810 3638 1885 quantum
3668 1819 3812 1864 con-

2324 1887 2681 1965 templatim:
2696 1887 2747 1946 is
2777 1889 3093 1966 fastigium
3123 1889 3248 1966 ipse
3276 1885 3638 1948 ascenderit.

2247 1989 2597 2069 Quicunque
2621 1991 2949 2052 monachus
2972 1998 3081 2067 est,
3111 1990 3331 2052 mundo
3360 2008 3424 2052 se
3445 2008 3561 2050 non
3577 1988 3809 2063 miscet,

2161 2088 2366 2140 etcum
2391 2077 2517 2140 solo
2554 2084 2671 2141 Deo
2697 2089 2980 2161 perpetuo
3009 2089 3292 2144 versatur.
3318 2077 3512 2154 Videt,
3551 2085 3609 2139 et
3637 2077 3806 2139 vide-

2162 2177 2277 2243 tur,
2313 2175 2493 2243 amat,
2530 2175 2586 2228 et
2617 2178 2868 2230 amatur.
2909 2170 3000 2231 Fit
3029 2169 3255 2244 lumen,
3291 2168 3495 2230 lucens
3524 2173 3808 2248 quantum

2161 2257 2356 2318 verbis
2385 2257 2674 2318 declarari
2707 2277 2822 2319 non
2859 2267 3071 2339 potest.
3111 2257 3494 2330 Praedicatus,
3527 2255 3716 2335 magis
3746 2273 3810 2318 se

2165 2345 2502 2408 mendicum
2536 2355 2790 2424 reputat,
2855 2356 2907 2408 et
2963 2347 3280 2409 conciliata
3343 2345 3456 2406 sibi
3489 2344 3808 2405 multorum

2164 2433 2444 2509 amicitia,
2479 2435 2669 2496 instar
2725 2435 2975 2517 hospitis
3026 2455 3093 2497 ac
3143 2434 3441 2516 peregrini
3491 2441 3601 2496 est.
3657 2434 3805 2496 Hem

2165 2539 2378 2588 novum
2412 2542 2672 2602 prorsus,
2734 2531 2792 2586 et
2849 2525 3001 2604 quod
3065 2544 3182 2586 non
3243 2523 3432 2605 possis
3488 2531 3578 2585 sat
3613 2521 3807 2602 eloqui

2165 2611 2514 2674 miraculum
2577 2615 2639 2676 ln
2699 2613 3011 2677 immensis
3042 2614 3253 2694 opibus
3286 2631 3509 2694 pauper
3538 2631 3666 2674 sum
3703 2634 3716 2670 :
3752 2619 3809 2672 et

2163 2721 2298 2763 cum
2330 2702 2664 2780 possideam
2699 2703 2972 2784 plurima,
3011 2703 3158 2764 nihil
3192 2703 3411 2764 habere
3445 2721 3538 2764 me
3565 2709 3723 2782 puto,
3751 2707 3808 2762 et

2163 2791 2224 2854 in
2255 2812 2541 2873 aquarum
2565 2793 2735 2874 copia
2755 2793 2925 2855 sitire
2949 2811 3043 2855 me
3066 2793 3369 2875 proﬁteor.
3403 2792 3471 2855 Et
3500 2793 3628 2873 quis
3659 2790 3806 2852 mihi

2164 2882 2585 2962 suppeditabit,
2607 2901 2724 2964 quo
2747 2883 2984 2944 abundo
3004 2884 3032 2942 7
3071 2891 3128 2945 et
3150 2881 3253 2946 ubi
3271 2881 3588 2956 inveniam,
3623 2899 3800 2960 quem

434 2982 568 3026 nam
598 2959 913 3031 unitatem,
939 2973 1114 3037 quam
1139 2955 1388 3016 adorare
1423 2961 1482 3014 et
1499 2953 1596 3035 pie
1623 2954 1844 3035 colere,
1871 2973 2076 3034 quam-

2173 2953 2428 3052 quotidie
2457 2953 2687 3034 cerno?
2735 2980 2792 3033 et
2842 2973 3137 3053 quomodo
3171 2972 3360 3053 patiar
3386 2990 3456 3034 eo
3487 2953 3586 3052 qui
3617 2953 3677 3031 in
3707 2987 3802 3031 me

428 3053 516 3114 vis
547 3050 727 3113 aliam
755 3046 1004 3125 gloriam
1036 3061 1141 3106 seu
1173 3052 1496 3120 terrenam,
1522 3062 1627 3106 seu
1643 3045 1944 3106 caelestem
1977 3061 2080 3104 an-

439 3139 683 3205 tecellit.

504 3228 654 3302 Quid
681 3227 837 3290 enim
855 3223 1238 3303 Angelorum,
1257 3221 1398 3302 quid
1411 3222 1948 3302 Archangclorum,
1965 3221 2080 3285 Do-

431 3318 846 3389 minationum,
877 3311 1218 3387 Cherubim,
1255 3318 1313 3372 et
1343 3309 2077 3391 Seraphim,cazterarum-

427 3427 541 3490 que
571 3405 836 3469 omnium
869 3401 1198 3490 caelestium
1220 3399 1522 3490 legionum
1556 3399 1767 3481 gloria,
1801 3407 1910 3475 est,
1962 3399 2078 3470 nisi

424 3488 627 3560 lumen
661 3489 1150 3566 immortalitatis,
1173 3489 1286 3549 nisi
1309 3489 1610 3569 gaudium,
1631 3489 1741 3549 nisi
1767 3488 2073 3550 illumina-

429 3587 507 3649 tio
545 3586 679 3646 vita!
700 3582 775 3644 ab
808 3579 973 3643 omni
1001 3580 1130 3642 fece
1159 3596 1360 3640 rerum
1394 3579 1786 3639 humanarum
1821 3578 2072 3658 purissi-

429 3675 587 3738 mae?
618 3671 732 3734 nisi
763 3688 946 3732 unum
980 3668 1182 3730 lumen
1236 3674 1454 3728 sanctae
1484 3665 1791 3726 Trinitatis
1818 3666 2071 3728 divisum

419 3762 676 3826 indivise
708 3757 1046 3838 tripliciter,
1083 3755 1238 3837 quod
1283 3775 1462 3817 unum
1494 3761 1584 3816 est
1611 3754 1670 3816 in
1705 3754 1892 3818 tribus
1925 3757 2072 3817 cha-

415 3851 774 3923 racteribus,
802 3845 1108 3926 incognite
1135 3843 1436 3924 cognitum
1459 3851 1743 3924 quantum
1765 3843 1930 3907 vult?
1951 3843 2073 3907 Nec

417 3943 580 4004 enim
614 3946 886 4003 creatura
913 3938 1254 3998 Creatorem
1289 3933 1376 3995 sic
1405 3940 1590 3994 totum
1624 3941 1817 4013 potest
1845 3953 2070 4013 cogno-

416 4050 608 4105 scere,
644 4037 707 4090 ut
750 4027 877 4108 ipse
910 4044 975 4087 se
1005 4023 1332 4086 secundum
1367 4031 1635 4085 naturam
1669 4042 1832 4086 suam
1857 4043 2073 4104 cogno-

418 4121 579 4184 scit:
641 4118 746 4180 sed
801 4134 906 4197 per
940 4115 1186 4194 gratiam
1244 4130 1452 4173 omnes
1507 4111 1724 4191 angeli,
1758 4114 2071 4195 omni-que

413 4216 846 4273 creatanatura
865 4222 999 4265 eum
1026 4202 1306 4264 videntet
1342 4199 1702 4280 intelligunt.
1748 4201 1869 4264 Nec
1897 4222 2066 4264 com-

2161 3066 2219 3122 et
2242 3069 2404 3122 extra
2431 3061 2718 3124 mundum
2751 3061 2891 3124 est?
2933 3080 3174 3142 prorsus
3207 3062 3366 3123 enim
3401 3079 3516 3121 non
3546 3057 3802 3122 videtur.

2158 3147 2271 3222 Qui
2299 3151 2481 3213 habet
2534 3169 2710 3212 aures
2755 3150 3059 3228 audiendi,
3116 3151 3337 3232 audiat,
3386 3148 3572 3231 probe
3625 3148 3810 3212 verba

2157 3237 2442 3302 illitterati
2475 3240 2840 3321 intelligens.

2799 3348 3039 3413 CAPUT
3090 3349 3161 3412 V.

2158 3443 2423 3500 Doctrina
2467 3443 2542 3500 ad
2585 3445 2904 3516 monachos,
2961 3444 3056 3516 qui
3105 3459 3291 3502 recens
3345 3445 3576 3511 mundo,
3635 3447 3688 3500 et
3741 3445 3812 3503 iis

2263 3531 2348 3571 me
2385 3516 2447 3571 in
2491 3514 2698 3570 mundo
2743 3520 2893 3578 sunt.
2943 3514 3204 3572 viantium
3255 3517 3608 3571 remiserunt.
3646 3519 3808 3585 Qua-

2229 3586 2332 3643 lem
2358 3586 2520 3658 fidem
2547 3587 2668 3658 quis
2698 3601 2830 3659 erga
2872 3589 3099 3645 Patrem
3141 3603 3303 3643 suum
3329 3586 3679 3659 spiritualem
3703 3601 3803 3657 ge-

2227 3673 2352 3715 rere
2379 3658 2584 3714 debeat.

2239 3757 2517 3818 Mundum
2537 3763 2742 3832 totum,
2770 3766 2827 3818 et
2850 3757 3122 3818 homines
3142 3757 3317 3834 hujus
3341 3753 3796 3831 mundidesere,

2155 3847 2465 3928 solumque
2489 3845 2722 3908 beatum
2745 3850 2961 3910 luctum
2985 3865 3244 3922 assume,
3275 3854 3333 3907 et
3368 3852 3591 3906 tantum
3627 3863 3800 3906 com-

2157 3938 2337 3999 missa
2359 3937 2466 3998 abs
2499 3945 2555 3998 te
2585 3946 2828 4017 peccata
2868 3939 3191 4000 lamentare
3219 3943 3248 4000 ε’
3289 3936 3566 4018 quoniam
3601 3936 3713 3998 ista
3743 3943 3802 3996 te

2155 4026 2416 4088 omnium
2444 4027 2754 4088 conditore
2777 4027 3031 4102 Christo,
3058 4035 3116 4090 et
3137 4027 3418 4088 societate
3457 4034 3795 4088 sanctorum

2155 4118 2284 4196 ejus
2305 4116 2724 4197 spoliaverunt.
2771 4116 2992 4178 Praeter
3031 4117 3158 4178 haec
3191 4116 3338 4178 nihil
3371 4114 3476 4176 tibi
3507 4134 3665 4176 curae
3695 4115 3795 4175 sit.

2153 4205 2308 4277 Quin
2339 4205 2514 4266 etiam
2545 4223 2764 4284 corpus
2795 4213 2960 4267 tuum
3022 4215 3086 4266 ut
3128 4205 3391 4285 ignotum
3421 4223 3492 4265 ac
3525 4203 3793 4285 peregri-

420 4291 944 4378 prehendunt,scd
966 4289 1324 4369 intelligunt,
1343 4291 1849 4370 quatenuslumen
1877 4294 2070 4363 caecis,
2097 4313 2302 4366 onum
2336 4294 2574 4362 habeto.
2609 4303 2665 4355 et
2697 4295 2920 4376 oculos,
2943 4295 3122 4356 veluti
3144 4295 3596 4370 condemnatus,
3632 4307 3692 4355 et
3721 4292 3794 4354 ad

413 4393 514 4450 aut
543 4383 720 4446 etiam
756 4382 932 4462 plane
964 4379 1300 4440 videntibus
1350 4379 1742 4462 manifestari,
1799 4390 1858 4443 et
1888 4381 1962 4444 ab
1996 4384 2071 4444 iis
2157 4393 2408 4447 mortem
2440 4384 2846 4464 excipiendam
2884 4384 3235 4465 procedens,
3271 4384 3432 4445 humi
3465 4382 3681 4463 dejice.
3707 4383 3796 4445 Ab

413 4472 689 4555 cognosci
719 4469 989 4532 voluerit.
1013 4466 1160 4530 Nam
1193 4467 1399 4529 oculus
1436 4468 1660 4549 absque
1690 4470 1919 4534 lumine
1950 4493 2071 4536 non
2154 4475 2273 4537 imo
2305 4481 2542 4555 pectore
2569 4473 2686 4534 duc
2712 4473 2963 4552 gemitus
2991 4474 3254 4554 assiduo,
3289 4483 3346 4536 et
3388 4473 3599 4536 faciem
3638 4482 3792 4535 tuam

407 4564 594 4642 videt,
621 4560 725 4622 sed
751 4558 1005 4622 utetiam
1029 4556 1246 4631 videat,
1270 4555 1550 4619 alumine
1570 4558 2069 4642 accipit,quando
2153 4563 2426 4644 lacrymis
2454 4563 2736 4626 duntaxat
2793 4563 3021 4644 prolue,
3085 4563 3290 4645 pedes,
3341 4563 3440 4644 qui
3470 4563 3541 4624 ad
3578 4562 3794 4624 malum

409 4651 484 4716 ab
515 4651 645 4732 ipso
695 4665 931 4730 quoque
989 4645 1307 4708 fabricatus
1367 4653 1474 4706 est.
1538 4645 1652 4709 Seu
1687 4667 2064 4734 corporeum,
2154 4662 2568 4724 cucurrerunt,
2629 4651 2968 4734 neutiquam
3047 4653 3226 4718 velis.
3269 4652 3587 4733 aliquando
3644 4669 3797 4732 aqua

407 4761 514 4806 seu
546 4740 992 4817 incorporeum,
1027 4735 1226 4796 omnia
1253 4734 1411 4797 Deus
1434 4736 1596 4818 fecit,
1625 4757 1753 4817 qua
1778 4738 1836 4799 in
1872 4741 2062 4816 caelis,
2153 4743 2418 4806 abluere.
2455 4741 2611 4804 Sane
2641 4760 2778 4802 vero
2809 4741 2986 4803 etiam
3019 4761 3226 4804 manus
3277 4751 3404 4804 tuas
3463 4748 3795 4804 contractas

412 4829 698 4912 etquaaiu
724 4827 900 4889 terris
922 4834 979 4888 et
1020 4843 1150 4906 quae
1186 4825 1247 4886 in
1286 4823 1511 4904 abyssis
1549 4836 1708 4888 sunt.
1746 4829 1818 4890 Et
1848 4829 2060 4890 horum
2153 4831 2327 4906 habe,
2361 4849 2577 4911 easque
2606 4829 2986 4911 impudenter
3041 4831 3111 4893 ad
3170 4831 3357 4893 Deum
3408 4849 3483 4891 ne
3516 4829 3790 4903 extende,

411 4920 679 4983 omnium
730 4935 847 4978 una
889 4917 1004 4977 vita
1066 4923 1124 4976 et
1179 4914 1388 4990 gloria,
1450 4935 1630 4976 unum
1662 4916 2063 4991 desiderium,
2153 4939 2300 5001 quas
2329 4918 2402 4980 ad
2435 4926 2738 4998 peccatum
2788 4937 3198 4999 saepenumero
3253 4917 3597 4981 extendisti.
3651 4917 3792 4978 Lin-

409 5030 591 5074 unum
623 5028 896 5088 regnum,
928 5005 1168 5087 divitiae,
1195 5005 1760 5085 gaudium,corona,
1791 5009 2060 5093 victoria,
2149 5028 2323 5089 guam
2351 5007 2640 5070 lubricam
2675 5027 2886 5072 coerce
2937 5027 3044 5089 pro
3091 5009 3283 5071 virili:
3335 5015 3423 5071 est
3476 5007 3635 5070 enim
3667 5007 3797 5088 ipsa

406 5118 539 5176 pax,
574 5107 633 5160 et
662 5098 858 5158 omnis
887 5097 1068 5158 decor
1099 5114 1220 5156 non
1249 5095 1400 5156 alius
1445 5105 1555 5170 est,
1591 5114 1766 5176 quam
1798 5099 2056 5176 cognitio
2148 5100 2336 5162 facilis
2368 5098 2439 5161 ad
2497 5106 2824 5178 peccatum,
2882 5108 2941 5161 et
2998 5119 3103 5182 per
3153 5101 3338 5181 ipsam
3399 5099 3582 5160 solam
3615 5098 3794 5160 etiam

404 5188 684 5270 principii
709 5199 766 5248 et
789 5205 982 5248 causa:
1003 5185 1160 5247 unde
1183 5185 1468 5264 producta
1509 5195 1569 5248 et
1598 5191 1726 5246 orta
1757 5195 1894 5247 sunt
1919 5207 2053 5248 om-
2140 5190 2334 5271 multi,
2366 5197 2424 5250 et
2452 5189 2648 5266 magni
2702 5188 2812 5250 viri
2871 5209 2904 5250 a
2963 5199 3124 5253 recto
3169 5191 3387 5252 itinere
3417 5189 3789 5264 aberrantes,

402 5279 525 5341 nia.
549 5278 686 5340 Haec
707 5273 2049 5358 estsuperioruminferiorumqueconjunctio.
2136 5298 2384 5360 regnum
2417 5277 2700 5338 ccelorum
2735 5278 3147 5358 perdiderunt.
3185 5282 3302 5343 Sed
3335 5288 3474 5340 ante
3509 5278 3639 5359 sepi
3673 5298 3787 5339 au-

403 5365 542 5430 Hzec
573 5367 720 5430 ordo
752 5367 1013 5428 omnium
1046 5384 1176 5447 quae
1205 5363 1598 5442 intelligentia
1617 5365 2046 5447 percipiuntur.
2136 5389 2231 5433 res
2258 5377 2405 5438 tuas,
2442 5375 2502 5425 ut
2530 5365 2677 5426 nihil
2725 5373 2894 5447 turpe
2941 5387 3010 5430 ac
3059 5387 3270 5431 vanum
3323 5369 3609 5430 audiant:
3667 5375 3792 5429 tum

485 5527 531 5570 ¹¹
563 5523 733 5588 Joan.
773 5543 922 5603 xvu,
957 5526 1015 5590 3.
