4112 6106
311 275 428 341 517
1447 280 1888 350 DIVINORUM
1932 275 1962 342 Α

2051 277 2259 345 ORUM
2303 277 2532 344 LIBER
3595 285 3714 352 518

313 410 566 473 fortasse
596 421 654 474 et
685 413 828 475 huic
856 413 1204 496 imperabis.
1266 416 1458 480 Patris
1490 418 1576 480 tui
1607 415 1967 479 admonitio-
1990 424 2030 470 A
2053 432 2192 475 num
2225 432 2392 493 gero,
2439 431 2509 475 ex
2556 415 3098 494 persecutionibus,
3161 426 3219 480 et
3247 417 3705 484 invidia'eorum

317 499 495 562 nibus
509 503 909 564 tantummodo
924 504 1286 578 ausculta,ei
1318 505 1625 568 humiliter
1646 506 1967 587 responde,
2051 502 2153 583 qui
2189 502 2248 565 in
2282 501 2461 564 exilio
2493 501 2641 564 mihi
2686 503 2947 566 curando
3002 506 3702 590 tragcediamj‘quamdam

318 597 376 651 et
401 608 518 650 non
538 608 712 653 secus
733 610 908 674 quam
935 591 1056 656 Deo
1079 593 1332 672 cogitata
1362 594 1576 655 mentis
1617 603 1752 668 tuae,
1787 612 1972 675 usque

317 678 389 739 ad
443 679 666 758 primos
727 688 922 741 motus
979 683 1211 760 detege,
1273 682 1420 744 nihil
1481 684 1644 744 illum
1684 684 1832 758 cela,
1864 701 1973 744 nec

321 767 544 845 aliquid
582 787 652 829 eo
688 770 926 832 nolente
957 770 1177 850 incipe,
1237 791 1382 833 neve
1443 791 1512 833 eo
1541 773 1722 835 invito
1756 772 1970 852 dormi,

325 874 469 917 neve
499 858 769 938 comede,
831 878 976 922 neve
1042 859 1200 924 bibe.
1261 863 1408 922 Cum
1460 862 1585 922 haec
1638 862 1710 922 ad
1745 870 1975 940 tempus

324 946 688 1024 praestiteris,
717 948 866 1009 nihil
890 949 1170 1010 eximium
1197 949 1539 1030 praestitisse
1571 959 1626 1011 te
1647 949 1968 1029 judicabis.

322 1036 387 1096 In
419 1035 638 1097 sudore
697 1045 757 1097 tu
816 1038 1080 1118 quidem,
1141 1048 1197 1100 et
1256 1039 1607 1101 lassitudine
1637 1037 1968 1111 seminasti,

323 1127 588 1185 nondum
619 1134 816 1186 tamen
849 1126 1118 1187 laborum
1173 1135 1406 1189 tuorum
1440 1130 1693 1188 fructum
1727 1126 1973 1205 collegi-

322 1214 418 1274 sti.
442 1214 532 1275 Ne
554 1214 759 1275 fallare
781 1214 982 1296 igitur,
1000 1223 1102 1277 aut
1126 1217 1287 1296 quod
1317 1217 1555 1296 quatris,
1590 1224 1646 1276 te
1676 1214 1975 1278 invenisse

325 1302 560 1377 credas,
617 1304 960 1384 priusquam
993 1305 1333 1385 spirituales
1366 1305 1570 1366 oculos
1598 1304 1970 1386 acquisieris,

325 1399 382 1451 et
411 1409 586 1452 aures
617 1392 816 1454 cordis
848 1394 928 1454 tui
962 1394 1236 1474 lacrymis
1268 1394 1405 1464 tuis,
1461 1394 1635 1456 elutis
1663 1394 1805 1454 inde
1836 1412 1970 1454 sor-

2054 591 2347 652 dederunt
2376 609 2389 654 :
2425 598 2548 669 aut,
2578 601 2642 652 ut
2686 593 2883 655 verius
2912 593 3131 669 dicam,
3161 594 3702 676 benemerentium,

2055 681 2457 756 dominorum,
2492 691 2551 743 et
2579 699 2716 742 vere
2745 683 3075 744 amicorum
3135 703 3427 749 meorum.
3456 687 3700 766 Quibus,

2057 766 2289 858 Christe
2321 787 2512 858 meus,
2539 787 2644 848 pro
2668 770 2807 831 mali
2830 769 3005 852 bona,
3031 774 3298 852 repende
3316 778 3702 858 sempiterna,

2056 854 2225 935 ditia,
2259 864 2319 916 et
2348 855 2565 930 divina,
2602 876 2733 938 quae
2763 866 2819 918 te
2848 858 3259 937 diligentibus,
3320 872 3378 924 et
3405 854 3476 926 ei
3505 854 3706 929 animo

2056 941 2533 1006 desiderantibus
2562 943 2624 1004 in
2663 945 2877 1007 saecula
2919 947 3267 1011 saeculorum
3320 953 3702 1018 constituisti.

2061 1133 2519 1222 l’roeceptioncs,
2551 1132 2767 1222 quibus
2792 1141 2928 1222 tyro
2951 1136 3277 1222 monachus
3297 1156 3402 1202 ceu
3425 1141 3697 1222 ducibus,

2139 1218 2197 1274 et
2225 1217 2390 1295 viain
2415 1213 2823 1295 munientibus
2843 1215 2921 1276 ad
2934 1219 3370 1295 perfectionem
3392 1228 3586 1287 status
3604 1213 3703 1288 sui

2137 1293 2499 1355 contendere
2528 1293 2792 1355 docetur.

2137 1390 2179 1444 A
2225 1385 2480 1477 Christo,
2516 1396 2574 1477 et
2602 1387 2850 1477 ferventi
2884 1387 3000 1449 fide
3030 1393 3210 1452 ducto
3243 1393 3560 1477 principio,
3615 1399 3700 1462 sic

324 1479 500 1541 dibus
533 1481 873 1561 purgaveris
930 1482 1433 1564 spiritualiterque
1492 1483 1716 1563 videas,
1777 1491 1834 1544 et
1864 1500 1969 1542 au-
1994 1497 2032 1545 B
2054 1491 2087 1533 ³
2119 1474 2338 1567 φυτιάο
2370 1475 2614 1567 sece_d9,_
2645 1475 2869 1567 “illng
2901 1487 3181 1567 ςοεηειιοε
3221 1500 3353 1543 cum
3383 1474 3590 1550 adticis
3620 1490 3697 1567 (id

321 1569 470 1643 dias,
497 1578 552 1630 et
586 1570 858 1632 sensibus
891 1563 1125 1652 penitus
1157 1563 1452 1632 immutari
1483 1572 1755 1652 incipias.
1785 1570 1973 1633 Vide-
2059 1563 2218 1652 enim
2245 1564 3158 1649 commodatineipienlibUS),'et
3179 1571 3370 1633 nudus
3391 1594 3424 1635 a
3456 1563 3703 1639 munda-

325 1656 412 1718 bis
445 1659 606 1719 enim
639 1650 966 1739 complura,
1001 1679 1132 1740 qua
1163 1661 1363 1722 efferri
1417 1650 1740 1741 nequeunt,
1777 1669 1834 1720 et
1862 1679 1971 1720 au-
2059 1650 2150 1712 nis
2181 1659 2238 1712 et
2268 1652 2677 1714 materialibus
2707 1655 2908 1729 rebus,
2943 1657 3013 1718 ad
3045 1675 3179 1717 eum
3340 1667 3588 1728 materia
3608 1686 3704 1729 V8-

322 1745 451 1807 dies
509 1746 684 1826 longe
735 1750 927 1828 plura,
992 1767 1178 1830 eaque
1236 1749 1518 1827 ingentia,
1582 1767 1713 1829 quae
1770 1747 1973 1826 lingua

323 1835 658 1915 exprimere
686 1857 801 1899 non
825 1838 1066 1918 poteris.
1095 1839 1244 1900 Mira
1264 1838 1469 1916 igitur,
1504 1847 1563 1900 et
1593 1837 1972 1899 veneratione

319 1923 494 2002 digna
553 1945 673 2002 res,
728 1927 1115 2006 spiritualiter
1171 1927 1400 2008 audire,
1459 1936 1520 1989 et
1585 1926 1975 2008 spiritualiter

322 2031 556 2094 quoque
579 2015 803 2096 videre,
827 2016 1247 2080 miraculorum
1269 2015 1780 2078 maximum.’l‘alis
1793 2016 1971 2077 homo

318 2101 463 2161 nihil
497 2122 631 2164 cum
663 2122 844 2165 carne
894 2105 1275 2183 conjunctum
1329 2123 1588 2184 unquam
1646 2103 1878 2180 cogitat,
1915 2116 1972 2169 et

318 2195 476 2251 terra
508 2192 716 2268 calcat,
753 2212 818 2253 ac
878 2193 927 2253 si
979 2212 1082 2273 per
1131 2211 1326 2254 aerem
1373 2191 1810 2269 ingrederetur,
1844 2211 1966 2251 om-

317 2278 531 2359 niaque
563 2280 635 2341 ad
667 2281 786 2342 ima
817 2279 1062 2342 Tartara
1091 2300 1280 2361 usque
1320 2280 1533 2354 cernit,
1571 2289 1628 2340 et
1656 2299 1787 2360 quae
1817 2279 1968 2341 facta

318 2375 476 2440 sunt,
511 2370 798 2450 perspicit
843 2370 1066 2434 omnia.
1127 2370 1314 2430 Deum
1375 2369 1702 2446 cognos;it,
1755 2369 1964 2430 timore

317 2457 680 2534 percellitur,
717 2469 774 2521 ct
802 2468 868 2521 ut
897 2460 1267 2521 conditorem
1314 2457 1589 2539 precibus
1620 2468 1957 2532 veneratur,

315 2555 491 2626 atque
515 2548 822 2625 gloriﬁcat.
850 2551 1121 2629 Magnum
1142 2556 1228 2609 est
1243 2564 1416 2627 porro
1432 2563 1625 2620 nosse,
1650 2565 1827 2625 quam
1848 2547 1965 2608 late

319 2643 533 2713 pateat,
572 2647 629 2698 et
657 2638 831 2718 quale
879 2638 954 2699 sit
1001 2639 1127 2716 ejus
1158 2635 1474 2716 imperium
1515 2655 1527 2698 :
1589 2635 1742 2714 quod
1775 2653 1964 2716 quan-

321 2740 495 2801 quam
526 2744 732 2787 omnes
762 2746 935 2787 nosse
983 2745 1047 2786 se
1104 2724 1464 2796 existiment,
1522 2730 1722 2784 errant
1764 2731 1962 2785 tamen

319 2811 578 2889 plurimi,
615 2834 688 2877 ne
721 2815 940 2877 dubita,
981 2815 1102 2877 Soli
1137 2813 1452 2875 illuminati
1503 2812 1660 2873 istud
1689 2822 1912 2875 norunt
1943 2830 1956 2875 :

319 2901 537 2982 reliqui
560 2905 820 2966 universi
843 2910 906 2985 (ο
930 2904 1144 2966 fmdam
1169 2900 1567 2983 ignorantiam
1598 2902 1640 2980 ε)
1657 2900 1804 2982 ipsis
1822 2920 1964 2981 quo-

319 3009 429 3070 que
459 2993 827 3056 daemonibus
858 2996 1082 3075 majore
1113 3001 1425 3055 versantur
1456 2992 1515 3053 in
1547 2990 1821 3070 caligine.

394 3081 706 3160 Caeterum,
744 3105 776 3146 ο
813 3085 1065 3148 Domine
1098 3092 1155 3145 et
1186 3081 1722 3154 molitoromnium,
1749 3080 1959 3161 quime

315 3187 346 3228 e
378 3176 537 3232 terra
567 3173 815 3235 mortale
845 3173 1060 3234 animal
1095 3171 1390 3246 creavisti,
1427 3178 1484 3231 et
1511 3169 1696 3248 gratia
1720 3169 1962 3230 immor-

315 3259 412 3319 tali
443 3261 770 3335 honorasti,
797 3262 1130 3342 deditisque
1149 3263 1365 3337 vivere,
1399 3259 1583 3338 loqui,
1617 3265 1675 3319 et
1707 3275 1894 3320 movet
1914 3258 1956 3332 i,

314 3355 370 3410 et
390 3349 699 3412 celebrare
723 3352 923 3413 laudes
948 3360 1073 3412 tuas
1092 3351 1502 3411 universorum
1549 3347 1808 3427 Domini,
1832 3347 1960 3428 ipse

311 3449 395 3512 tu,
432 3439 509 3500 da
539 3441 687 3501 mihi
719 3441 936 3503 misero
993 3449 1131 3503 ante
1188 3449 1245 3501 te
1297 3436 1614 3518 prosterni,
1665 3443 1724 3496 et
1751 3454 1959 3514 regare

310 3527 730 3590 conducentia.
764 3528 1000 3592 Etenim
1032 3527 1326 3609 quomodo
1358 3526 1418 3586 in
1468 3526 1626 3585 hunc
1672 3530 1957 3586 mundum

310 3615 638 3692 productus
665 3616 800 3694 sim,
862 3625 917 3678 et
973 3617 1113 3698 quid
1169 3616 1281 3676 ista
1327 3615 1469 3694 sint,
1528 3631 1656 3694 quae
1687 3613 1959 3675 homines

307 3722 438 3766 esse
468 3715 697 3781 rentur,
726 3727 832 3786 ego
851 3709 1073 3768 nescio.
1101 3705 1242 3778 Quae
1272 3704 1347 3764 sit
1377 3703 1522 3764 visio
1548 3721 1699 3776 mea,
1738 3722 1771 3764 o
1801 3701 1959 3764 Deus

300 3812 493 3870 meus,
533 3795 674 3876 quid
699 3815 829 3876 quae
849 3796 1240 3876 aspiciuntur,
1284 3793 1486 3854 dicere
1519 3810 1773 3871 nequeo.
1806 3790 1956 3862 Quid

299 3881 381 3943 ita
413 3883 722 3945 stultitiam
780 3885 1084 3946 induimus
1145 3881 1418 3944 homines
1476 3879 1760 3954 universi,
1797 3882 1958 3941 etde

299 3971 483 4032 rebus
507 3973 851 4053 judicamus
884 3991 1196 4054 perperam
1223 3970 1253 4029 ?
1307 3968 1448 4032 Heri
1508 3967 1763 4048 primum
1796 3968 1930 4030 veni

2057 1748 2149 1800 cat
2180 1749 2235 1802 te
2267 1744 2490 1818 confer,
2527 1762 2641 1822 quo
2674 1744 2904 1806 nullum
2968 1745 3159 1826 majus
3217 1751 3498 1814 auxilium
3529 1759 3698 1819 inve—

2055 1828 2206 1890 nies.
2229 1831 2776 1923 Pusillanimitatcm
2799 1851 3038 1923 omnem
3083 1836 3190 1898 abs
3230 1851 3286 1900 te
3317 1845 3583 1923 repelle:
3619 1848 3696 1910 ad

2057 1920 2612 2015 potentemquippe
2645 1921 2962 1983 Dominum
3023 1925 3356 2015 confugisti,
3387 1920 3552 2003 ’ρυίη
3583 1951 3696 2015 ρο-

2055 2005 2170 2067 tius
2199 2025 2318 2103 non
2348 2007 2530 2068 dubia
2554 2027 2659 2089 spe
2704 2020 3009 2103 concepta,
3061 2011 3320 2092 Domini,
3354 2020 3529 2082 etiam
3557 2005 3693 2103 pas-

2053 2098 2423 2190 serculorum
2473 2116 2674 2160 curam
2729 2099 2992 2190 gerentis
3047 2104 3174 2164 leve
3211 2105 3420 2184 jugum
3477 2098 3689 2190 porta:

2053 2202 2263 2263 magna
2287 2186 2446 2247 enim
2471 2207 2579 2248 nos
2605 2197 2801 2249 manet
2823 2189 2885 2249 in
2923 2189 3183 2252 futurum
3218 2186 3551 2263 retributio.
3586 2202 3694 2263 Ille

2048 2291 2156 2334 nos
2185 2293 2394 2337 omnes
2426 2278 2700 2368 mortales
2758 2279 2939 2357 gratis
2968 2281 3171 2358 salvat,
3209 2287 3691 2368 quandoquidem

2045 2374 2420 2458 sacrosancto
2440 2366 2921 2446 ipsiussanguine
2939 2371 3119 2449 empti
3143 2390 3369 2438 sumus.
3394 2366 3502 2457 Etj
3515 2399 3691 2458 ugum

2045 2450 2191 2512 illud
2237 2453 2447 2516 virtute
2493 2458 2754 2518 vocantis
2803 2458 2959 2520 Deos
3016 2478 3126 2520 nos
3180 2461 3340 2525 facit.
3373 2450 3499 2528 Hoc
3527 2450 3687 2532 enim

2049 2541 2229 2602 voluit
2261 2543 2588 2636 incarnatio
2615 2546 2872 2636 Domini,
2914 2555 2979 2607 ut
3013 2567 3195 2628 opere
3224 2551 3411 2615 exitus
3439 2576 3686 2636 operum

2047 2647 2386 2728 cognoscas.
2403 2631 2568 2704 Quod
2584 2635 2941 2698 omnimodis
2957 2637 3288 2703 mirabilius
3325 2660 3414 2705 εει
3446 2631 3538 2708 his
3557 2667 3689 2728 quae

2043 2719 2337 2817 videntur,
2363 2723 2710 2817 praeclarum
2750 2725 2854 2786 tibi
2886 2726 3121 2789 lucrum
3153 2737 3383 2793 tuarum
3415 2719 3686 2817 emptita-

2044 2806 2124 2902 tio
2155 2809 2538 2902 voluntatum,
2567 2813 2724 2874 unde
2750 2822 2806 2874 te
2846 2825 3160 2896 martyrem
3189 2837 3322 2884 esse
3342 2806 3682 2902 cognoscas.

2045 2895 2185 2987 Quae
2215 2897 2320 2960 tibi
2375 2900 2596 2980 verbis_
2631 2903 2896 2984 przecipit
2954 2895 3120 2985 pater
3173 2915 3328 2987 tuus,
3365 2895 3442 2974 ea
3463 2914 3679 2978 facito:

1980 3016 2018 3066 ο
2045 2985 2267 3049 ducunt
2317 2989 2478 3051 enim
2526 3009 2595 3051 ea
2644 2999 2703 3052 te
2735 3010 2839 3072 per
2869 2992 3022 3054 viam
3085 2995 3232 3058 citra
3262 2985 3686 3067 offendiculum

2044 3094 2228 3169 usque
2258 3077 2330 3138 ad
2361 3086 2633 3169 mortem.
2668 3081 2881 3160 Magna
2936 3091 3026 3144 est
3080 3085 3206 3147 haec
3237 3088 3596 3169 sublimitas,
3631 3103 3690 3155 et

2043 3161 2227 3225 Deum
2252 3183 2489 3246 quoque
2509 3166 2568 3227 id
2594 3177 2835 3248 propter
2874 3177 2931 3231 te
2961 3170 3176 3234 fecisse
3201 3185 3450 3248 constat.
3487 3161 3689 3243 Statue

2043 3261 2100 3313 te
2129 3252 2478 3315 vilissimum
2510 3272 2641 3317 esse
2702 3257 2992 3336 omnium,
3054 3263 3210 3342 quod
3245 3263 3350 3326 tibi
3378 3268 3598 3346 primas
3624 3272 3686 3332 in

2039 3361 2224 3420 regno
2255 3346 2951 3436 ccelorumconciliabit.
3013 3353 3153 3413 Puta
3185 3365 3243 3414 te
3278 3365 3682 3436 peregrinum,

2041 3433 2406 3510 mendicum,
2441 3443 2498 3496 et
2525 3434 2913 3516 abjectiorem
2970 3440 3122 3502 aliis.
3176 3443 3365 3522 Magni
3395 3433 3518 3510 hinc
3547 3433 3682 3512 mo¥

2041 3523 2224 3583 menti
2253 3533 2410 3598 sunt,
2443 3525 2495 3585 si
2527 3543 2596 3586 ea
2629 3535 2790 3588 recte
2847 3530 3212 3608 praestiteris.
3249 3531 3504 3598 Omnino
3535 3539 3676 3600 imi-

2041 3618 2192 3702 tator
2223 3625 2350 3674 esto
2381 3613 2639 3691 Domini,
2675 3635 2790 3696 quo
2849 3618 2997 3678 nihil
3057 3627 3252 3700 potest
3279 3624 3528 3702 cogitari
3559 3646 3683 3690 me-

2042 3701 2397 3791 lius.Luctu
2438 3704 2781 3784 quotidiano
2813 3705 2967 3767 bene
3009 3709 3336 3787 procedunt
3362 3701 3589 3791 omnia,
3625 3727 3685 3777 et

2013 3792 2092 3852 ~is
2122 3790 2254 3852 cibo
2277 3809 2345 3853 ac
2368 3793 2606 3872 potione
2627 3793 2858 3856 dulcior
2883 3804 2992 3870 est,
3024 3799 3332 3860 ﬂuentium
3365 3790 3685 3866 stantium-

2041 3898 2157 3960 que
2186 3879 2582 3956 cognitionem
2614 3882 2809 3944 docet.
2868 3884 3022 3945 Ante
3051 3885 3212 3946 enim
3243 3906 3278 3948 a
3310 3896 3428 3950 toto
3463 3893 3682 3957 mundo

2045 3969 2320 4048 sejungit,
2356 3977 2413 4030 et
2441 3969 2730 4032 bonorum
2788 3991 2920 4050 quae
2975 3973 3232 4035 diximus
3275 3979 3577 4040 custodem
3606 3983 3700 4044 si-.

299 4080 433 4123 cras
478 4035 722 4138 recedo,
758 4072 816 4125 et
847 4035 942 4124 nie
972 4035 1067 4124 hic
1098 4060 1491 4122 immortalem
1508 4035 1650 4118 ‘fore
1679 4035 1958 4126 arbitror:
2044 4035 2286 4118 lentium
2319 4067 2574 4121 exercet.
2608 4035 2862 4121 Radices
2918 4063 3264 4140 omnigenas
3307 4067 3680 4134 affectionum

296 4152 502 4213 Palam
535 4171 629 4214 me
666 4152 890 4214 habere
914 4161 970 4214 te
995 4154 1181 4214 Deum
1213 4150 1534 4228 conﬁteor,
1567 4146 1733 4207 factis
1762 4154 1959 4208 autem
2045 4145 2330 4240 malarum
2361 4146 2692 4240 ut_inutiles
2722 4149 2938 4240 evellit.
2969 4152 3318 4215 Memoriam
3351 4158 3562 4220 mortis
3573 4161 3681 4240 ju-

300 4248 359 4301 te
393 4260 549 4320 nego
582 4241 846 4322 quotidie
869 4241 942 4303 19.
975 4240 1172 4301 Doceo
1222 4248 1276 4300 te
1299 4246 1634 4346 .auctorem'
1661 4253 1793 4346 essne
1823 4255 1956 4296 om-
1979 4297 2021 4346 Β
2042 4252 2175 4314 gem
2207 4235 2383 4346 habet
2435 4235 2990 4346 Idemnhumilitatis
3012 4242 3282 4339 'eﬂ‘ector
3323 4259 3436 4310 est.
3468 4235 3684 4314 Ab'his

300 4330 493 4405 nium,
530 4339 587 4392 et
621 4331 751 4392 sine
784 4338 840 4392 te
871 4328 1093 4391 habere
1151 4327 1351 4389 omnia
1380 4325 1700 4414 contendo.
1731 4323 1818 4386 Tu
1851 4345 1956 4386 su-
1979 4323 2021 4346 ”
2042 4341 2144 4414 cor
2173 4329 2547 4405 purgatusjet
2573 4326 2894 4389 illustratus
2927 4329 3094 4405 (mira
3122 4342 3237 4409 res)
3267 4336 3424 4414 quod
3451 4337 3524 4399 ab
3555 4359 3680 4402 om-

297 4419 484 4499 peris,
519 4429 575 4480 et
599 4419 805 4481 inferis
827 4419 1152 4500 imperitas,
1192 4425 1248 4478 et
1284 4435 1392 4496 ego
1418 4416 1589 4492 ,solus
1617 4413 1720 4474 tibi
1752 4415 1955 4500 reniti,
2041 4412 2215 4506 nibus
2269 4415 2618 4506 esquiritur,
2670 4415 2932 4506 divinum
2983 4418 3185 4480 lumen
3243 4412 3344 4504 qui
3396 4428 3679 4506 praeclare

295 4516 355 4568 et
370 4508 810 4570 adversarinon
841 4509 1142 4571 horresco.
1170 4506 1255 4568 Da
1277 4504 1462 4586 inopi,
1512 4503 1586 4564 da
1622 4503 1956 4566 miserrimo
2040 4501 2261 4574 videas,
2294 4503 2509 4582 dignus
2538 4505 2681 4580 eris,
2713 4504 2922 4567 Telum
2961 4516 3052 4569 est
3101 4501 3682 4579 enim‘immateriale

296 4615 536 4659 omnem
569 4599 783 4660 animae
813 4597 1145 4679 nequitiam
1181 4595 1670 4684 abjicere,_quam
1704 4591 1952 4684 inﬂatio,
2042 4598 2100 4684 et
2127 4591 2524 4684 immateriali.
2559 4592 2824 4684 Christus
2877 4605 3072 4658 autem
3126 4608 3214 4660 est
3246 4603 3510 4681 perfecta
3535 4607 3679 4668 cha-

297 4694 358 4747 et
389 4707 534 4748 vana
563 4688 747 4749 animi
778 4688 950 4749 elatio
983 4687 1098 4747 heu
1161 4702 1257 4745 me
1303 4682 1479 4745 simul
1512 4680 1954 4770 comminuunt;
2038 4681 2202 4770 ritas,
2235 4701 2352 4762 qua
2381 4683 2482 4763 qui
2540 4683 2822 4764 praeditus
2871 4695 2982 4762 est,
3031 4680 3350 4769 adOptione
3380 4695 3538 4756 Deus
3565 4702 3676 4757 est.

295 4781 355 4834 et
384 4783 723 4838 conterunt.
758 4777 960 4839 Praebe
991 4773 1420 4844 humilitatem,
1475 4769 1674 4862 praebe
1709 4769 1950 4832 manum
2038 4769 2109 4862 Et
2140 4789 2210 4832 ea
2237 4771 2436 4833 anima
2487 4790 2558 4862 se
2609 4772 2979 4855 inquirentes
3034 4777 3348 4856 illuminat,
3383 4801 3513 4862 qua).
3540 4784 3681 4846 solae

295 4863 728 4944 opitularicem,
763 4875 820 4926 et
849 4864 1120 4943 absterge
1155 4861 1416 4923 maculas
1463 4859 1679 4922 animae
1728 4876 1858 4934 mae,
1894 4876 1952 4928 et
2034 4858 2259 4940 vivent,
2292 4878 2367 4922 ne
2397 4860 2532 4942 quis
2565 4872 2724 4924 erret
2770 4875 2826 4941 (0
2885 4865 3144 4928 charitas
3195 4868 3373 4946 Deus,
3399 4858 3474 4932 “et
3502 4872 3680 4933 deiﬁ-

292 4953 502 5015 suflice
536 4955 681 5016 mihi
707 4955 991 5033 lacrymas
1025 4951 1416 5033 paenitentiae.
1447 4948 1944 5038 Desiderolarry-
2031 4966 2172 5038 cans
2199 4948 2236 5025 Ξ)
2261 4970 2274 5010 :
2300 4970 2434 5029 quae
2455 4969 2553 5012 res
2575 4960 2875 5032 stuporem
2898 4954 3099 5030 habet,
3132 4964 3190 5021 et
3213 4956 3566 5038 investigatu
3590 4967 3683 5025 est

294 5059 442 5116 mas,
472 5042 758 5122 lacrymas
781 5041 1008 5116 salutis,
1039 5041 1326 5121 lacrymas
1354 5039 1622 5101 eluentes
1641 5036 1946 5116 fuliginem
2031 5037 2332 5100 difﬁcillis.

293 5135 504 5196 anima:
519 5155 687 5211 meae,
723 5154 936 5216 meque
965 5135 1289 5196 reddentes
1321 5132 1545 5194 clarum
1578 5149 1648 5192 ac
1682 5128 1946 5192 lucidum

295 5226 624 5304 deintegro,
651 5227 946 5287 volentem
971 5233 1026 5285 te
1047 5223 1248 5284 videre
1273 5223 1465 5282 lamen
1491 5220 1720 5294 mundi,
1745 5219 1944 5282 lumen

295 5315 598 5374 oculorum
633 5333 922 5382 meorum,
964 5331 1251 5388 meorum,
1284 5312 1546 5391 inquam,
1582 5307 1810 5384 miseri,
1844 5309 1944 5390 qui

295 5421 395 5463 cor
425 5403 622 5464 multis
653 5404 830 5484 hujus
863 5403 990 5464 vitae
1043 5400 1233 5476 malis,
1293 5409 1350 5462 et
1385 5397 1779 5460 incommodis
1812 5399 1942 5478 ple-

2649 5136 2888 5199 CAPUT
2937 5137 3058 5201 VIl.

2253 5218 2540 5280 Amonm
2565 5235 2743 5280 suum
2771 5236 2913 5298 ergo
2942 5219 3136 5282 Deum
3165 5219 3457 5284 declarat.

2103 5310 2178 5374 Ut
2207 5313 2358 5390 ignis
2389 5332 2453 5373 es
2483 5314 2836 5386 scaturieus,
2879 5330 3030 5392 aqua
3080 5313 3367 5386 irrorans,
3419 5324 3478 5376 et
3528 5316 3673 5391 uris,

2025 5409 2081 5460 et
2111 5401 2427 5464 dulcedine
2479 5401 2694 5478 amnis,
2747 5411 2804 5463 et
2853 5402 3294 5482 corruptionem
3357 5404 3566 5466 tollis?
3613 5415 3678 5467 ut

375 5571 426 5614 η
455 5571 567 5634 Tit.
605 5591 641 5652 ι,
679 5575 773 5638 16.
