4112 6106
414 179 536 248 519
1207 167 1209 170 ﬁ
1734 166 2114 240 ΒἹΜΕΟΝΙΒ
2151 169 2506 240 ΙΠΝΙΟΒΙΒ
3687 173 3806 238 520

415 315 694 380 homines
740 313 884 375 deos
935 310 1103 387 facis,
1151 308 1430 372 tenebras
1479 308 1682 370 lumen
1729 305 1956 378 reddis,
1989 302 2356 368 abaabesse
2381 305 2677 387 suspicor,
2711 306 2869 389 quod
2893 324 3150 370 cernens
3178 307 3560 388 concupisco,
3598 314 3662 370 et
3703 308 3796 370 ni-

415 405 628 468 inferis
657 401 916 472 reducis,
951 410 1218 462 mortuos
1262 397 1702 460 immortalitate
1733 396 1916 458 donas
1943 395 1973 455 ‘?
2004 403 2068 455 ut
2149 394 2232 454 hil
2265 394 2488 457 habere
2541 415 2634 457 me
2665 396 2966 477 existimo,
2998 396 3171 477 plane
3200 397 3448 458 donatas
3479 397 3626 460 mihi
3659 417 3802 478 opes

415 493 694 556 tenebras
721 491 782 551 in
813 491 1007 551 lucem
1062 488 1363 568 producis,
1423 495 1658 548 noctem
1692 503 1884 565 pugno
1916 502 2062 544 con-
2151 500 2266 544 non
2297 483 2564 546 sentiens
2599 505 2614 561 ;
2675 503 2784 548 nec
2841 485 2996 566 quod
3028 486 3214 547 solem
3247 485 3506 562 intueor,
3539 486 3601 548 id
3630 505 3801 568 repu-

415 583 630 656 cludis,
664 599 769 642 cor
797 578 1240 657 circumfulges,
1278 595 1372 638 me
1423 585 1606 637 totum
1637 573 1913 635 immutas
1941 571 1971 632 ?
2003 581 2066 634 ut
2148 577 2230 633 to.
2263 570 2530 644 Quonam
2585 574 2762 635 modo
2791 577 2820 635 ?
2877 573 3036 649 audi,
3099 585 3157 636 et
3214 575 3414 638 crede.
3467 575 3638 649 Quod
3691 594 3800 656 ego

417 683 473 734 te
503 669 816 750 conjungi:
879 667 1244 740 hominibus,
1305 664 1411 727 Dei
1463 664 1616 725 ﬁlios
1664 663 1828 736 facis,
1862 680 2064 722 amore
2145 661 2370 750 aspicio
2403 672 2494 722 est
2547 663 2658 732 sol,
2721 664 2893 743 cujus
2947 663 3096 724 mihi
3146 682 3359 725 sensus
3408 683 3592 745 supra
3623 684 3801 746 quam

414 749 892 837 tuisinﬁammas,
920 757 1238 836 adeptione
1258 755 1513 832 etgratia
1528 761 1645 825 tua,
1665 750 2062 832 perSpiritum
2145 749 2265 837 dici
2299 757 2492 830 potest
2513 752 2840 830 jucundus,
2875 753 3252 833 animamque
3284 753 3535 815 miriﬁco
3596 764 3658 814 et
3716 754 3804 815 di-

415 861 602 926 tuum,
636 846 932 918 distantia,
969 854 1034 905 ut
1074 844 1251 919 Deus,
1307 842 1737 904 admirabiliter
1763 839 2004 920 copulas
2033 845 2061 901 ?
2145 836 2278 900 vino
2309 856 2510 900 amore
2540 840 2742 904 trahit.
2800 839 2928 920 Ipsn
2983 859 3235 902 cernens
3280 841 3493 918 uritur,
3540 852 3604 904 et
3634 843 3805 908 ardet

1013 949 1252 1012 CAPUT
1297 948 1451 1010 νηί,
2141 941 2369 1002 amore,
2402 945 2471 987 ac
2505 934 2689 989 totum
2743 929 2900 1007 quod
2950 939 3216 1009 apparet,
3266 929 3424 992 intra
3472 949 3537 992 se
3573 930 3805 992 habere

411 1049 616 1116 Quibus
645 1046 1030 1118 manifesletur
1059 1045 1231 1118 Deus,
1269 1048 1318 1099 et
1360 1043 1424 1118 in
1453 1042 1650 1118 quibus
1675 1056 1781 1118 per
1802 1041 2059 1118 observa-
2142 1015 2305 1118 εμρίι
2331 1033 2346 1090 i
2403 1017 2559 1118 (ξιιοᾷ
2621 1036 2754 1078 cum
2791 1027 3066 1098 ηερυθδιν
3101 1017 3177 1079 0b
3207 1017 3278 1118 id.
3300 1019 3715 1118 οοηίνίεῐξὶίιξς,
3747 1027 3807 1118 ξι

2140 1103 2366 1184 videre,
2429 1106 2806 1186 lustrareque
2866 1125 2982 1167 non
3061 1125 3195 1168 esse
3265 1106 3484 1168 bonum
3536 1108 3800 1188 judicat.

2139 1191 2386 1263 Quando
2416 1193 2597 1273 igitur
2627 1195 2725 1274 qui
2757 1195 3046 1267 cernitur,
3095 1204 3151 1257 et
3181 1215 3214 1257 a
3245 1196 3485 1258 nemine
3513 1197 3651 1277 capi
3688 1217 3801 1278 po-

2138 1285 2272 1355 test,
2311 1290 2369 1342 et
2396 1301 2600 1344 revera
2634 1283 2980 1346 inaccessos
3009 1292 3122 1358 est,
3154 1286 3386 1346 afﬁictaa
3415 1293 3470 1346 et
3501 1285 3801 1348 humilia—

2138 1377 2211 1430 ιω
2237 1370 2449 1431 animae
2479 1389 2624 1433 mea;
2657 1371 2930 1434 misereri
2961 1373 3235 1449 voluerit,
3269 1381 3516 1453 repente
3540 1375 3745 1453 qualis
3768 1393 3804 1436 a

2137 1476 2233 1519 me
2263 1457 2490 1519 videtur
2517 1468 2653 1522 ante
2684 1460 2885 1523 oculos
2943 1461 3194 1538 fulgens,
3259 1461 3388 1522 talis
3418 1470 3572 1526 totus
3600 1462 3666 1523 in
3701 1481 3801 1528 me

2139 1565 2450 1609 coruscare
2480 1554 2768 1624 cernitur,
2805 1559 2860 1610 et
2893 1559 3050 1611 totus
3102 1549 3267 1612 omni
3322 1551 3562 1630 gaudio,
3627 1554 3800 1614 omni

2139 1635 2457 1713 desiderio,
2486 1647 2542 1698 et
2568 1637 2882 1699 dulcedine
2917 1638 3159 1700 visionis
3194 1657 3288 1700 me
3323 1639 3608 1701 humilem
3634 1661 3801 1702 com-

533 1123 735 1178 tianem
762 1113 1160 1173 niandatorum
1182 1115 1320 1186 ejus,
1352 1113 1479 1170 boni
1512 1113 1730 1170 habitus
1759 1113 1918 1169 insit.

488 1220 796 1292 Quomodo
829 1226 918 1291 tu,
941 1217 1044 1298 qui
1075 1235 1139 1278 es
1162 1215 1566 1287 absconditus,
1600 1213 1898 1290 inspectas
1921 1229 2054 1272 om-

408 1309 556 1371 nia?
585 1305 896 1380 Quomodo
928 1303 1100 1365 nobis
1131 1323 1247 1365 non
1298 1302 1584 1372 cerneris,
1620 1310 1678 1362 et
1708 1319 1826 1361 non
1860 1299 2057 1361 cernis

408 1397 649 1460 omnes?
673 1399 1118 1473 Verumtamen,
1142 1411 1257 1454 non
1283 1409 1657 1472 omnesquos
1673 1389 1861 1462 vides,
1880 1389 2054 1450 etiam

405 1505 690 1566 agnosces
721 1506 733 1546 :
789 1483 892 1544 sed
918 1482 1230 1561 diligentes
1277 1491 1354 1556 te,
1393 1499 1494 1542 eos
1523 1482 1680 1541 solos
1713 1497 1817 1558 pro
1847 1476 2056 1566 amicis

405 1565 697 1653 agnoscis,
734 1571 894 1634 etiis
952 1571 1318 1631 excellenter
1376 1577 1432 1630 te
1491 1567 1834 1629 manifestas
1864 1565 2052 1626 solem

404 1660 838 1725 absconditum.
877 1659 1100 1723 Omnes
1125 1657 1403 1720 mortales
1426 1655 1750 1727 fornicarii,
1767 1654 2044 1736 adulteri,

404 1753 772 1823 decoctores,
809 1754 1173 1828 peccatores,
1213 1746 1534 1826 publicani,
1575 1745 1714 1805 dum
1749 1743 2044 1823 paeniten-

406 1840 546 1901 tiam
575 1847 774 1918 agunt,
832 1835 1043 1896 divinae
1105 1836 1254 1897 lucis
1311 1843 1424 1896 ture
1480 1834 1586 1896 ﬁlii
1614 1832 1888 1894 evadunt.
1928 1833 2048 1893 Lux

401 1940 601 1992 autem
632 1926 874 1988 omnino
907 1926 1101 1986 lucem
1133 1932 1413 2003 generat:
1477 1923 1674 2002 itaque
1723 1929 1779 1982 et
1809 1921 1918 2002 ipsi
1950 1920 2049 1982 lux

402 2029 538 2079 sunt
570 2017 674 2078 ﬁlii
705 2015 834 2088 Dei,
892 2023 952 2074 ut
1002 2013 1288 2094 scriptum
1331 2021 1419 2074 est
1445 2010 1560 2092 43",
1595 2010 1751 2072 etdii
1785 2028 1890 2090 per
1913 2028 2051 2088 gra-

402 2107 566 2179 tiam,
606 2112 886 2186 quotquot
922 2103 1118 2166 divina
1175 2103 1450 2164 mandata
1509 2109 1606 2162 tua
1645 2098 1828 2180 probe
1858 2117 2052 2159 serva-

401 2199 608 2260 verint.
637 2195 988 2275 Quicunque
1007 2194 1214 2254 mundi
1242 2194 1567 2266 «anitates,
1604 2201 1661 2252 et
1691 2191 2049 2271 imposturas

401 2289 595 2348 valere
637 2285 950 2363 jusserint.
1012 2283 1362 2364 Quicunque
1415 2289 1714 2362 parentes,
1751 2289 1810 2341 et
1837 2279 2050 2341 fratres

401 2375 530 2436 sine
557 2373 693 2434 odio
717 2372 973 2452 oderint,
1002 2373 1350 2453 peregrinos
1373 2389 1457 2446 se,
1484 2380 1540 2432 et
1568 2369 1822 2431 viatores
1845 2368 1905 2429 in
1937 2371 2046 2429 hac

401 2464 516 2524 vita
545 2461 832 2524 arbitrati.
867 2459 1214 2540 Quicunque
1247 2460 1467 2522 divitiis
1519 2467 1577 2520 et
1633 2456 1885 2538 pecunia
1911 2476 2044 2518 sese

399 2551 773 2624 nudaverint,
809 2550 1162 2630 illarumque
1209 2549 1482 2610 affectum
1538 2547 1770 2628 penitus
1798 2545 2043 2625 abjece-

2140 1725 2280 1804 plet.
2316 1726 2650 1804 Repentina
2682 1734 2770 1788 est
2800 1727 2926 1788 haec
2976 1727 3246 1802 mutatio,
3297 1728 3613 1807 peregrina
3665 1731 3798 1792 haec

2139 1814 2403 1894 variatio,
2440 1833 2551 1876 nec
2581 1815 2780 1878 verbis
2835 1814 3093 1877 describi
3156 1824 3368 1896 potest,
3403 1817 3561 1896 quod
3595 1817 3660 1878 in
3695 1837 3795 1879 me

2132 1902 2452 1982 peragitur.
2487 1903 2738 1979 Sienim
2773 1905 2958 1966 solem
2993 1905 3170 1979 hunc,
3207 1924 3382 1985 quem
3416 1924 3628 1966 omnes
3649 1926 3797 1967 con-

2141 2002 2394 2072 tuemur,
2431 1992 2584 2054 intra
2616 2011 2718 2054 cor
2745 2012 2916 2054 suum
2957 1993 3341 2054 descendisse
3370 1993 3693 2074 quispiam,
3733 2005 3795 2056 et

2137 2087 2324 2141 totum
2353 2081 2411 2141 id
2444 2081 2624 2142 inliab
2653 2091 2899 2156 tantem,
2953 2090 3011 2142 et
3057 2100 3223 2162 aeque
3256 2082 3580 2159 lucentem,
3612 2083 3787 2166 vidit,

2131 2189 2329 2231 nonne
2362 2171 2648 2232 miraculo
2678 2173 2986 2245 attonitus,
3039 2181 3098 2232 et
3147 2190 3299 2250 pene
3328 2173 3618 2234 exanimis
3647 2173 3786 2254 fuit,

2132 2267 2191 2320 et
2219 2277 2428 2320 omnes
2462 2260 2561 2339 qui
2597 2279 2732 2320 eum
2767 2260 3059 2334 viderunt,
3101 2259 3539 2341 obstupuerunt
3568 2261 3592 2322 Υ
3646 2258 3785 2324 Jam

2131 2349 2228 2427 qui
2261 2347 2403 2408 solis
2434 2356 2762 2410 creatorem
2811 2349 3000 2410 instar
3048 2348 3362 2412 luminaris
3413 2349 3593 2429 hujus
3622 2349 3685 2410 in
3716 2369 3786 2412 se

2129 2437 2562 2517 splendentem,
2597 2445 2964 2517 operantem,
2999 2437 3337 2517 loquentem
3372 2438 3585 2513 cernit,
3622 2457 3776 2518 quo-

2130 2525 2302 2588 modo
2325 2541 2569 2605 aspectu
2589 2545 2704 2586 non
2729 2526 3148 2605 obstupescet?
3169 2527 3468 2606 quomodo
3490 2526 3782 2607 religione

2127 2635 2244 2677 non
2279 2614 2716 2695 perfundetnr?
2753 2615 3048 2695 quomodo
3079 2634 3198 2676 non
3230 2615 3459 2694 diliget,
3493 2635 3528 2676 a
3555 2636 3672 2697 quo
3689 2617 3778 2678 vi-

395 2642 536 2702 riut.
597 2638 947 2719 Quicunque
1022 2638 1259 2700 inanem
1335 2637 1580 2717 gloriam
1639 2637 2046 2714 humanasque
2127 2637 2244 2719 P0“
2279 2637 2714 2719 Ρθηυξψοθιῐξξῖ
2753 2637 3048 2719 ﬁlum“???
3079 2637 3732 2719 QOQ.°1||_89‘..aqu‘?-Yf

394 2703 700 2792 laudeswex
728 2703 948 2807 animo,
989 2735 1232 2807 propter
1259 2703 1557 2787 cmiestem
1589 2723 1836 2804 gloriam
1867 2703 2043 2803 repu-
2121 2703 2551 2807 tam‘accel’if?
2609 2703 2896 2807 Ηοηξίηθε
2926 2703 3299 2807 Sibifiﬂ‘ilf?
3327 2705 3600 2807 Ῐῖφξηίιξθε
3632 2705 3776 2807 άίιιίῖ

395 2817 707 2881 diaverint.
734 2793 1032 2896 Quotquot
1054 2793 1352 2895 propriam
1391 2793 1752 2875 voluntatem
1780 2793 2037 2892 perfecte

2130 2802 2285 2895 gunt,
2310 2793 2862 2896 quando'praestare
2884 2793 3158 2896 nonnihil
3180 2793 3314 2855 aliis
3338 2794 3634 2896 videntur.
3665 2799 3774 2893 Ast

395 2905 865 2984 exstirpaverint,
900 2880 958 2966 et
989 2880 1662 2984 quemadmodumpves
1695 2880 2037 2961 innocentes

2130 2883 2386 2944 omnium
2421 2881 2817 2956 conditorem,
2871 2880 3064 2943 solum
3117 2881 3536 2956 immortalem,
3569 2881 3763 2942 omni-

395 3014 532 3074 erga
561 2963 865 3075 pastorem,
914 3011 978 3053 se
1006 2963 1352 3072 lgesserint.
1407 2969 1758 3070 Quicunque
1788 3006 2040 3069 corpore
2058 2963 2096 3012 Ο
2123 2973 2317 3075 ῐηοξξξξ
2339 2971 2828 3075 POlem‘ffTLﬂPis
2851 2969 3038 3075 Vi§ufn
3076 2989 3194 3075 llo“
3235 2969 3498 3075 amabit]
3527 2971 3614 3032 EX
3641 2971 3765 3075 δοῙέ

393 3059 1149 3164 εόυᾳιίδῐηιὶὺειεειὶοιῖθηι
1203 3059 1714 3162 pravam'mortui,
1750 3059 2036 3142 virtutum
2121 3062 2423 3164 δμάξξίοηθ
2453 3060 2618 3160 ῐξὶυίιί
2677 3060 2852 3121 ﬁdem
2909 3059 3194 3164 haben“?
3243 3059 3764 3164 θυηξσάίιθ-Χθζιωῐε

391 3151 580 3234 labori
630 3171 1058 3252 insudaverint,
1105 3178 1163 3230 et
1203 3151 1282 3230 ἐκ
1325 3170 1448 3232 sola
1502 3151 1896 3230 moderatoris
1947 3166 2037 3227 sui

2130 3159 2184 3213 at
2209 3151 2382 3212 vitam
2441 3151 2572 3228 ejus
2620 3166 2796 3209 causa
2841 3157 3172 3227 posuerunt
3217 3151 3430 3224 sancti,
3483 3155 3543 3208 et
3568 3151 3774 3210 vivunt

390 3261 690 3321 voluntate
720 3258 994 3335 vixerint,
1030 3237 1371 3320 obedientia
1415 3257 1654 3333 mortui,
1699 3257 2036 3337 iterumque

2130 3237 2534 3300 nihilominus.
2569 3239 2678 3299 Ast
2707 3237 2806 3318 qui
2842 3237 3084 3300 visionis
3113 3246 3172 3299 et
3201 3237 3449 3301 luminis
3477 3238 3607 3318 ejus
3638 3257 3772 3320 par-

387 3348 684 3411 viviﬁcati.
721 3326 1070 3427 Quicunque
1100 3347 1313 3408 timore
1373 3345 1501 3421 Dei,
1539 3354 1595 3407 et
1624 3326 2036 3408 recordatione

2130 3329 2329 3409 ticipes
2357 3328 2495 3389 facti
2525 3336 2686 3402 sunt,
2720 3327 2937 3406 cogniti
2976 3326 3066 3429 .ab
3097 3327 3250 3407 ipso,
3284 3336 3342 3388 et
3372 3337 3774 3406 cognoverunt

392 3438 622 3514 mortis,
655 3415 1012 3514 inivsingulos
1042 3436 1170 3497 dies
1200 3443 1257 3498 et
1308 3415 1512 3497 noctes
1543 3435 1828 3516 lacrymas
1858 3434 2033 3495 fude-
2113 3418 2336 3498 ipsum.
2369 3418 2660 3498 quomOdO
2693 3434 2811 3516 n9“
2838 3415 3144 3516 aﬁnabflm:
3177 3419 3435 3516 (ιιιεξεεοζῖ
3465 3418 3768 3516 quorum!"

386 3528 529 3608 rint,
562 3503 620 3587 et
649 3503 982 3588 secundum
1043 3525 1408 3587 intellectum
1469 3523 1540 3586 ad
1593 3503 1776 3604 pedes
1806 3523 2037 3591 Domini

2130 3515 2371 3588 propter
2400 3524 2536 3608 eum
2565 3523 2684 3566 non
2742 3503 3034 3603 lugebunt
3079 3513 3364 3608 perpetuo
3391 3503 3422 3563 ε)
3469 3505 3769 3583 quomodo

387 3594 872 3697 procumbentes,
907 3613 1379 3676 misericordiam
1415 3621 1474 3676 et
1521 3594 1756 3674 veniam
1788 3611 2043 3672 delicto-
2127 3614 2244 3658 ηοη
2276 3595 2582 3697 ωιξηάιιιη,
2619 3601 2677 3655 et
2704 3594 2911 3697 (Ιυίείξὶ
2933 3594 3153 3654 mundo
3175 3596 3768 3697 Sllnifofuemflenf?

385 3679 518 3767 rum
549 3703 964 3784 ﬁ‘agitaverint.
998 3703 1068 3764 Hi
1119 3703 1409 3764 bonorum
1443 3701 1708 3763 omnium
1740 3701 2034 3763 exercita-

2130 3684 2421 3765 quomodo
2453 3701 2572 3744 non
2604 3701 2842 3744 omnem
2876 3683 3164 3743 honorem
3191 3688 3250 3742 et
3280 3679 3522 3759 gloriam
3555 3680 3761 3762 despi-

387 3795 568 3871 tione,
605 3771 662 3856 et
687 3813 797 3856 usu
849 3793 1116 3856 habitum
1170 3791 1310 3854 boni
1355 3791 1788 3872 adipiscuntur,
1823 3793 2032 3869 lugen-

2130 3775 2296 3849 :ient,
2321 3773 2420 3854 qui
2443 3772 2607 3835 omni
2629 3773 2820 3851 gloria
2867 3771 3162 3844 terrestri,
3195 3771 3353 3832 omni
3385 3771 3614 3832 honore
3647 3790 3768 3834 ma-

383 3869 592 3965 tesque
616 3883 906 3965 quotidie,
936 3890 994 3944 et
1016 3869 1475 3964 perseveranter
1497 3880 1820 3962 pulsantes,
1847 3880 2031 3942 mise-

2130 3869 2296 3938 iores,
2333 3882 2491 3938 eum,
2545 3869 2647 3944 qui
2678 3869 2768 3923 est
2797 3869 2961 3923 extra
2991 3870 3238 3936 terram,
3294 3869 3352 3922 et
3380 3870 3542 3921 extra
3567 3869 3770 3923 omnia

381 3951 700 4035 ricordiam
731 3951 1198 4054 consequiintur.
1233 3972 1305 4033 Hi
1335 3951 1563 4033 crebris
1595 3969 2028 4032 obsecrationi-

2130 3952 2518 4052 ispectabilia,
2569 3953 2705 4054 imo.
2740 3970 2876 4052 vero
2927 3951 3028 4032 qui
3074 3951 3342 4054 condidit
3387 3951 3770 4032 aspectabilia

379 4062 490 4124 bus
515 4062 947 4143 gemitibusque
976 4061 1498 4136 inenarrabilibus,
1539 4070 1597 4122 et.
1631 4061 2024 4140 lacrymarum

380 4152 640 4213 fontibus
678 4151 937 4212 animam
980 4158 1329 4231 expurgant,
1384 4168 1558 4230 quam
1611 4157 1912 4230 purgatam
1937 4149 2030 4210 vi-

2115 4042 2410 4114 universa,
2449 4048 2509 4104 et
2556 4041 2806 4121 gloriam
2855 4041 3256 4102 immortalem
3291 4041 3672 4116 invenerunt,
3709 4051 3769 4104 et

2114 4139 2496 4212 acceperunt,
2532 4132 2797 4212 citraque
2828 4129 3122 4192 defectum
3167 4150 3344 4192 omne
3375 4130 3595 4193 bonum
3628 4133 3767 4193 inde

379 4240 590 4301 dentes
604 4240 911 4302 incensum
927 4219 1292 4302 desiderium
1313 4219 1442 4301 eam
1459 4219 1634 4319 plene
1647 4219 2027 4319 expurgatam

2130 4220 2335 4282 labent
2363 4220 2393 4280 ξ)
2423 4219 2577 4292 Quin
2607 4229 2666 4282 et
2693 4238 2932 4281 omnem
2994 4221 3422 4301 appetentiam,
3457 4240 3635 4283 omne
3665 4221 3766 4283 de-

377 4329 616 4392 videndi
671 4329 998 4406 concipiut.
1058 4327 1349 4400 Quoniam
1407 4336 1603 4390 autem
1656 4329 1837 4389 ﬁnem
1879 4327 2029 4389 lucis

379 4417 649 4478 invenire
679 4436 797 4478 non
826 4419 1048 4494 valent,
1083 4421 1276 4479 omnis
1325 4417 1593 4500 purgatio
1625 4416 1772 4498 ipsis
1797 4417 2026 4498 imper-

376 4507 531 4568 fecta
561 4512 669 4567 est.

457 4595 992 4674 Quantumcunque
1048 4593 1206 4655 enim
1268 4602 1546 4676 purgatus
1598 4595 1786 4672 fuero,
1839 4605 1898 4657 et
1927 4599 2023 4658 ni-

373 4693 543 4747 tuero
575 4683 783 4759 miser,
817 4693 875 4745 et
905 4693 1431 4764 quantumcunque
1460 4703 1495 4745 a
1524 4703 1619 4746 me
1640 4686 1801 4747 visus
1822 4685 2022 4762 fuerit,

373 4792 632 4856 purgans
665 4792 759 4835 me
791 4773 1067 4854 Spiritus,
1101 4793 1338 4854 semper
1373 4773 1518 4834 mihi
1552 4783 1612 4837 et
1635 4776 2021 4856 purgationis,

372 4877 431 4926 et.
461 4863 702 4926 visionis
735 4863 1096 4944 principium
1125 4863 1381 4926 videtur.
1442 4863 1507 4925 In
1541 4865 1832 4946 profundo
1862 4865 2023 4928 enim

369 4953 623 5029 infinito,
654 4965 713 5016 et
741 4952 1050 5015 altitudine
1100 4953 1387 5015 immensa
1434 4953 1569 5034 quis
1623 4955 1886 5016 medium
1920 4970 2025 5024 aut

369 5046 550 5106 ﬁnem
582 5044 918 5105 invenerit?
965 5043 1206 5105 Multum
1259 5061 1390 5105 esse
1422 5043 1569 5118 scio,
1602 5044 1706 5104 sed
1738 5052 2018 5125 quantum

371 5137 469 5207 sit,
521 5133 745 5195 nescio.
803 5132 940 5194 Plus
999 5134 1129 5214 plus
1186 5133 1492 5214 desidero,
1547 5141 1602 5194 et
1646 5135 2024 5200 continenter

363 5240 562 5300 gemo,
611 5221 752 5300 quia
801 5220 1077 5299 exiguum
1131 5229 1245 5302 est,
1295 5220 1452 5301 quod
1503 5221 1702 5282 datum
1753 5232 1842 5283 est
1880 5224 2016 5304 (etsi

367 5310 615 5370 multum
666 5327 798 5370 esse
844 5310 1080 5392 opinor)
1133 5311 1208 5371 ad
1257 5311 1342 5386 id,
1389 5311 1545 5392 quod
1603 5311 1805 5392 procul
1859 5331 1891 5374 a
1926 5333 2016 5376 me

444 5472 523 5518 19’
550 5469 707 5534 Psal.
744 5486 947 5552 LXXXI,
985 5472 1042 5533 ti.

2111 4311 2400 4372 siderium
2432 4309 2930 4389 sempiternorum
2962 4308 3277 4386 bonorum,
3315 4329 3638 4391 rerumque
3665 4311 3763 4372 di-

2111 4399 2402 4475 vinarum,
2434 4408 2491 4462 et
2510 4399 2720 4461 eodem
2752 4399 2909 4460 fonte
2928 4417 3168 4480 semper
3199 4399 3450 4476 vivente,
3487 4409 3763 4480 tanquam

2112 4487 2352 4552 divitias
2388 4490 2754 4550 hauserunt:
2789 4507 2906 4569 quo
2939 4497 2997 4551 et
3030 4487 3226 4561 nobis,
3257 4490 3535 4557 Domine,
3569 4489 3763 4550 abun-

2109 4579 2321 4640 danter
2348 4576 2549 4639 satiari
2577 4577 2862 4653 concede,
2916 4585 2973 4638 et
3001 4577 3280 4640 omnibus
3315 4577 3668 4653 amantibus,
3704 4586 3766 4639 et

2108 4669 2507 4748 quaerentibus
2541 4677 2596 4729 te
2637 4687 2708 4728 ex
2745 4668 2970 4749 animo,
3007 4679 3069 4730 ut
3099 4677 3156 4730 et
3186 4670 3300 4750 ipsi
3326 4687 3434 4731 nos
3465 4687 3596 4730 cum
3628 4687 3765 4729 san-

2107 4761 2216 4823 ctis
2266 4761 2380 4822 tuis
2431 4767 2652 4822 aeterna
2708 4759 2986 4822 felicitate
3036 4761 3098 4822 in
3148 4760 3353 4823 omnia
3407 4760 3761 4822 saeculorum

2107 4851 2296 4930 spatio
2327 4849 2716 4913 oblectemur.
2751 4855 2965 4912 Amen.

2749 4957 2990 5022 CAPUT
3022 4958 3122 5023 IX.

2103 5067 2346 5138 Spiritus
2386 5068 2567 5125 sancti
2598 5072 2914 5140 compotem,
2965 5068 3036 5124 ab
3079 5067 3324 5140 ejusdem
3369 5066 3576 5122 lumine
3603 5067 3754 5138 rapi.

2177 5145 2227 5267 1;!
2252 5155 2427 5268 εἰαρῖὲ
2441 5155 2629 5267 [omnes
2649 5141 3095 5212 perturbationrs
3113 5140 3278 5214 ferri,
3301 5153 3397 5194 nec
3417 5153 3612 5194 carum
3631 5154 3761 5194 con.

2200 5227 2264 5267 ac
2291 5229 2328 5266 ιι
2425 5232 2438 5266 ι
2462 5229 2502 5268 ι.

2178 5307 2378 5372 Proh!
2437 5310 2630 5391 proh!
2699 5311 2950 5374 Domine
3006 5310 3405 5391 omnipotens,
3463 5306 3596 5388 quis
3657 5315 3756 5368 tua
