4112 6106
297 271 404 337 52f
1444 270 1885 339 DIVINORUM
1930 267 2257 333 AMORUM
2303 270 2533 334 LIBER

292 405 707 488 inaspectabili
731 405 1175 487 pulchritudine
1206 404 1559 469 satiabitur?
1590 405 1725 487 quis
1747 412 1849 468 tua
1867 405 1954 465 in-
1973 411 2017 460 Α

297 496 952 577 comprehensibilitate
982 496 1336 577 implebitur
1355 495 1387 555 ?
1417 495 1551 576 quis
1575 513 1711 557 cum
1744 512 1850 575 pro
1882 512 1956 556 eo

299 604 368 647 ac
400 585 651 647 decetin
679 585 970 647 mandatis
989 585 1105 648 tuis
1123 584 1536 665 ambulaverit,
1572 584 1749 646 etiam
1766 584 1956 645 vultus

304 674 387 734 tui
414 674 615 736 lumen
637 674 934 754 aspiciet?
963 674 1243 756 Magnum
1268 673 1592 755 quoddam,
1618 681 1676 735 et
1704 672 1956 734 admira-

303 763 447 838 bile,
485 773 542 824 et
570 764 726 843 quod
762 764 1003 825 omnino
1035 762 1446 842 intelligentiae
1469 762 1586 823 vim
1609 762 1954 842 superet,in

303 852 417 913 hoc
448 852 608 931 gravi
639 861 699 913 et
731 852 1046 914 tenebroso
1078 853 1299 914 mundo
1333 851 1623 915 viventem
1672 850 1890 913 auferri
1921 870 1955 914 θ

303 941 525 1002 mundo
558 958 695 1002 cum
726 959 995 1020 corpore.
1032 939 1180 1002 Hem
1216 940 1561 1021 mysterium
1593 939 1953 1007 inauditum!

303 1024 446 1097 Quis
496 1026 785 1106 parietem
819 1045 939 1088 sua;
969 1028 1164 1088 carnis
1213 1035 1619 1106 transgressus
1652 1025 1791 1088 est?
1823 1026 1959 1107 quis

303 1115 563 1195 pervasit
606 1116 1004 1195 corruptionis
1056 1116 1391 1195 caliginem,
1440 1123 1679 1197 totoque
1732 1116 1952 1176 mundo

3561 268 3683 337 522

2116 491 2306 553 Deum
2333 490 2455 554 sibi
2481 492 2635 555 sicut
2661 401 3282 574 ἓέιῗὲἷιὶὲίεριιαηο
3306 494 3587 576 apostolis

2285 585 2504 655 visum,
2532 598 2671 643 cum
2697 587 2946 662 stupere
2974 588 3420 646 commemorat.

2118 678 2259 751 Quae
2288 681 2460 761 hujus
2491 681 2759 745 miraculi
2790 683 3205 765 novitas.quod
3229 691 3287 746 et
3308 703 3467 747 nunc
3491 692 3678 766 patrm

2039 767 2168 830 tur?
2192 769 2378 831 Deum
2397 770 2572 831 etiam
2597 770 2778 833 hodie
2792 790 2827 834 a
2845 772 3258 852 peccatoribus
3272 773 3682 856 vultconspici,

2042 857 2145 937 qui
2166 858 2289 937 jam
2312 858 2453 920 olim
2475 859 2832 934 ascendit,et
2851 860 2913 921 in
2930 860 3096 923 coelis
3118 869 3365 942 paterno
3388 862 3451 924 in
3467 863 3684 926 throno

2042 946 2358 1010 considens
2406 955 2494 1009 est
2540 947 2943 1012 absconditus.
2994 948 3259 1011 Abstulit
3302 951 3461 1014 enim
3511 967 3576 1014 se
3604 950 3680 1014 ab

2041 1032 2231 1095 oculis
2280 1042 2618 1096 sanctorum
2669 1036 3092 1116 apostolorum,
3128 1043 3193 1099 ut
3237 1037 3591 1114 audivimus,
3627 1046 3688 1102 et

2041 1120 2204 1183 solus
2233 1130 2435 1202 postea
2464 1121 2796 1204 Stephanus
2825 1125 3005 1187 caelos
3031 1133 3268 1208 apertos
3297 1127 3466 1204 vidit,
3496 1145 3566 1191 ac
3594 1126 3685 1191 di-

304 1202 543 1263 deserto
574 1202 789 1298 latuit?
820 1206 1025 1298 Papae,
1050 1222 1224 1298 quam
1270 1203 1458 1298 facilis
1484 1204 1624 1298 ista
1670 1202 1948 1298 cognitio,
2031 1209 2154 1273 xit:
2196 1209 2374 1274 Video
2404 1202 2636 1275 Filia—nt
2664 1221 2919 1277 stantem
2962 1231 3002 1277 a
3037 1202 3271 1279 dextris
3302 1202 3524 1298 gloria:
3554 1215 3685 1281 Pa-

302 1298 363 1389 et
390 1310 507 1389 non
534 1291 769 1389 subtilis
800 1293 1025 1389 oratio!
1054 1290 1161 1354 Ubi
1184 1291 1373 1389 latuit,
1400 1292 1502 1372 qui
1524 1292 1813 1389 mundum
1841 1299 1954 1389 tra-
2035 1300 2450 1389 trisMAdque
2473 1301 2701 1365 idcirco
2722 1302 2796 1364 ab
2819 1303 2968 1383 ipsis
2995 1304 3142 1385 legis
3162 1290 3507 1369 doctoribus
3527 1306 3684 1389 lapi-

296 1380 469 1473 jecit,
504 1388 565 1473 et
594 1387 759 1473 extra
790 1382 990 1442 omnia
1019 1400 1149 1462 quae
1182 1380 1419 1473 videbat
1448 1400 1513 1442 se
1544 1380 1750 1473 estulit
1770 1378 1800 1439 ‘?
1829 1380 1947 1473 dic,
2034 1386 2207 1450 dibus
2223 1378 2489 1466 obrutus,
2516 1408 2621 1470 pro
2669 1378 2896 1455 naturae
2932 1378 3275 1457 conditione
3313 1378 3685 1473 maritum-et

300 1469 593 1565 sapientia
640 1470 972 1565 sapientum
1021 1471 1361 1565 reprobata,
1411 1488 1487 1531 ne
1515 1469 1740 1565 dicam
1764 1487 1804 1565 a_
1828 1471 1951 1532 Deo
2032 1474 2169 1565 vivit
2198 1494 2319 1538 aevo
2351 1469 3178 1559 sempiterno.Verumtamen
3203 1490 3330 1546 erat
3355 1483 3484 1565 ipse
3512 1469 3685 1565 apos-

301 1557 679 1654 stultaﬂfacta,
712 1567 777 1654 ut
799 1558 991 1639 inquit
1021 1558 1325 1654 Paulus“,
1355 1566 1412 1654 et
1433 1555 1805 1654 quilibeLDei
1830 1575 1952 1619 ser-
1973 1623 2013 1654 Π
2036 1564 2243 1654 stolus,
2277 1573 2334 1627 et
2360 1555 2938 1646 erat'sanctiﬁcatus,
2963 1580 3022 1631 et
3041 1555 3418 1635 sacrosancto
3451 1555 3680 1654 Spiritu

302 1664 433 1709 vus.
470 1644 576 1707 Hic
607 1654 709 1740 est
728 1646 818 1707 vir
844 1623 1273 1740 concupiscens
1313 1623 1613 1740 spiritum.
1662 1644 1772 1707 Hic
1813 1663 1951 1707 cor-
1973 1623 2013 1672 Β
2036 1623 3382 1740 undiqueplenuanitioautem,promulgatum
3399 1623 3682 1725 estlivan-

303 1752 447 1815 pore
479 1735 713 1815 corpori
735 1737 1217 1816 appropinquans
1250 1742 1441 1815 potest
1471 1734 1684 1815 spiritu
1716 1741 1952 1794 sanctus

304 1841 459 1885 esse.
508 1822 688 1884 Extra
735 1824 1021 1885 mundum
1077 1824 1235 1885 enim
1271 1830 1329 1884 et
1358 1823 1481 1884 haec
1513 1841 1784 1903 corpora,
1832 1840 1952 1883 non

304 1920 395 1973 est
420 1911 722 1992 appetitus
740 1913 994 1974 carnalis
1023 1912 1374 1982 affectionis,
1409 1911 1513 1973 sed
1539 1911 1799 1973 vacuitas
1822 1929 1954 1991 pas-

301 2000 560 2072 sionum,
580 2019 751 2081 quam
791 2001 892 2081 qui
917 2000 1144 2074 dilexit,
1169 2008 1225 2063 et
1245 2019 1313 2061 ex
1342 2017 1410 2062 ea
1436 1999 1760 2062 dilectione
1776 1999 1951 2060 vitam

304 2088 619 2164 lucrifecit,
647 2108 807 2164 eum,
835 2090 1062 2151 etiamsi
1108 2089 1390 2151 indecore
1430 2107 1494 2150 se
1534 2096 1860 2167 gerentem,
1897 2094 1956 2148 et

304 2177 377 2238 ad
420 2177 719 2239 actionem
750 2178 1092 2258 hujusmodi
1124 2180 1288 2259 quasi
1322 2177 1678 2257 transfugam
1710 2194 1775 2239 se
1804 2194 1951 2238 con-

304 2265 596 2327 ferentem
628 2266 850 2340 videas,
887 2266 1035 2328 soito
1066 2267 1126 2327 id
1155 2267 1701 2348 corpusamortuum
1732 2266 1950 2329 facere.

305 2353 433 2415 Non
486 2355 617 2417 dico
673 2374 888 2435 corpus
946 2356 1079 2418 sine
1129 2356 1348 2431 anima,
1394 2374 1525 2437 quae
1582 2356 1666 2418 illi
1727 2363 1952 2416 motum

304 2443 501 2517 affert,
552 2442 657 2505 sed
712 2444 844 2506 sine
894 2445 1045 2506 mala
1093 2444 1389 2524 cupidate.
1452 2443 1735 2523 Voluptas
1789 2442 1949 2505 enim

309 2531 611 2611 praeclarae
640 2532 913 2606 ἀπαθείας,
936 2540 994 2593 et
1012 2532 1169 2613 quod
1195 2549 1265 2593 ex
1286 2530 1425 2593 inde
1447 2530 1783 2595 incredibili
1808 2549 1951 2612 quo-

308 2622 442 2683 dam
477 2621 652 2682 modo
685 2640 780 2683 me
810 2621 999 2700 diligit
1030 2623 1255 2697 lumen,
1291 2628 1477 2684 totam
1510 2620 1951 2700 mihi3mentem

311 2710 645 2789 percellens
698 2710 948 2791 abripit,
997 2710 1307 2791 ipsamque
1364 2711 1609 2783 nudam”
1641 2710 1954 2773 continens

314 2799 691 2860 immateriali
722 2817 920 2872 manu,
956 2818 1076 2860 non
1108 2817 1204 2860 me
1224 2816 1329 2860 sua
1357 2798 1623 2861 claritate
1652 2798 1953 2872 excidere,

2033 1741 2259 1832 gelium
2286 1743 2650 1832 multitudini
2697 1745 3050 1824 inﬁdelium,
3111 1749 3213 1829 qui
3267 1752 3678 1832 apostolorum

2036 1847 2217 1918 opera
2247 1830 2308 1893 in
2339 1830 2635 1894 Christum
2666 1835 3004 1911 credentes,
3040 1836 3217 1899 etiam
3261 1830 3509 1918 gratiam
3538 1840 3683 1903 ﬁdei

2033 1917 2254 1980 donum
2286 1930 2668 2001 acceperunt.
2701 1924 2781 1986 At
2816 1923 2979 1985 enim
3030 1943 3188 1987 nunc
3236 1917 3333 1989 res
3378 1944 3529 1990 nova
3557 1930 3685 1991 haec

2033 2025 2163 2088 quae
2183 2007 2245 2069 in
2275 2027 2371 2070 me
2401 2009 2488 2090 ﬁt,
2521 2009 2804 2090 quidnam
2836 2010 2952 2072 sibi
2971 2012 3126 2074 vult?
3155 2012 3309 2085 Quid
3340 2016 3433 2078 his
3462 2033 3592 2097 quae
3618 2017 3683 2079 in

2034 2114 2129 2158 me
2161 2105 2575 2178 perpetrantur
2623 2098 2706 2160 ita
2746 2099 3153 2180 obstupesco?
3181 2102 3315 2183 quis
3360 2104 3459 2167 hic
3506 2104 3683 2167 beni-

2034 2185 2269 2264 gnitatis
2300 2186 2533 2261 modus,
2569 2206 2745 2269 quem
2776 2188 3091 2269 experior?
3125 2188 3301 2254 Novae
3327 2191 3545 2255 divitia;
3572 2193 3682 2257 bo-

2033 2274 2439 2365 ni_tatis,ralius
2468 2276 2597 2337 fons
2622 2277 3074 2356 misericordiae,
3108 2280 3292 2343 multo
3343 2282 3477 2362 plus
3504 2301 3682 2365 quam

2035 2363 2178 2425 olim
2211 2363 2547 2427 eﬁ‘undens.
2582 2366 2785 2429 Multis
2818 2367 2979 2428 enim
3028 2386 3099 2431 ex
3149 2363 3537 2449 benignitate
3569 2372 3684 2436 Dei

2036 2452 2446 2516 misericordia
2494 2454 2793 2535 impertita
2826 2463 2916 2517 est
2950 2478 2964 2520 :
2997 2467 3411 2522 verumtamen
3461 2468 3522 2524 et
3567 2460 3685 2542 ipsi

2036 2543 2343 2622 proprium
2369 2543 2865 2625 quiddam,ﬁdem
2883 2545 3165 2609 nimirum
3188 2548 3684 2628 aﬁ‘erebant,cum

2037 2630 2169 2691 aliis
2203 2630 2515 2693 virtutibus
2556 2632 2936 2715 probatisque
2978 2635 3332 2699 actionibus.
3378 2637 3499 2718 Ego
3532 2656 3679 2702 vero

2034 2719 2129 2781 his
2154 2719 2430 2782 omnibus
2463 2738 2560 2783 me
2590 2740 2795 2785 carere
2825 2725 3149 2805 perspicio,
3177 2734 3238 2790 et
3264 2728 3411 2805 scio,
3445 2737 3505 2791 et
3522 2729 3682 2792 ferre

2035 2827 2289 2889 nequeo,
2332 2827 2465 2890 quae
2512 2810 2575 2872 in
2622 2829 2719 2874 me
2765 2811 2837 2874 ab
2868 2821 3036 2875 utero
3068 2817 3274 2878 matris
3304 2816 3676 2898 deploratum

312 2893 410 2987 aut
440 2884 664 2987 aliquid
696 2885 1069 2987 cum‘vitiosa'
1097 2886 1356 2987 motione
1386 2886 1951 2987 conjunctumcogi-
1969 2904 2009 2955 C
2032 2884 2180 2960 ﬁunt
2201 2917 2236 2960 a
2266 2884 2409 2976 Deo,
2430 2900 2531 2981 qui
2556 2900 2733 2962 verbo
2755 2920 2995 2965 omnem
3018 2910 3285 2966 naturam
3308 2884 3675 2987 procreavit,

306 2982 431 3035 tare
464 2974 683 3054 patitur
708 2993 722 3037 :
749 2973 855 3035 sed
877 2974 1289 3054 complectitur
1312 2975 1707 3049 continenter,
1743 2983 1800 3035 et
1818 2975 1953 3036 ani-

307 3081 461 3123 mam
515 3080 711 3124 meam
758 3069 944 3124 torret
990 3080 1179 3137 amor,
1214 3080 1327 3124 nec
1378 3070 1467 3124 est
1513 3063 1575 3123 in
1621 3080 1713 3124 me
1744 3081 1954 3126 sensus

306 3151 479 3214 alius.
504 3150 731 3224 Quanto
755 3152 917 3213 enim
961 3151 1391 3213 mundissimus
1422 3154 1590 3232 panis
1636 3151 1776 3213 fimo
1810 3171 1951 3233 pre-

311 3241 495 3301 tiosor
534 3248 592 3301 et
621 3243 853 3303 suavior
882 3249 994 3315 est,
1031 3248 1193 3302 tanto
1225 3241 1478 3320 amplius
1527 3249 1587 3302 et
1621 3240 1752 3302 sine
1783 3260 1953 3303 com-

309 3328 620 3409 paratione
651 3328 904 3409 amplius
934 3347 1192 3410 superna
1219 3328 1469 3390 infernis
1494 3336 1769 3409 praestant
1796 3331 1949 3410 apud

304 3417 463 3495 illos,
492 3417 591 3498 qui
624 3434 693 3478 ea
716 3416 869 3479 bene
900 3425 1297 3495 gustaverunt.
1332 3417 1690 3479 Erubescam
1721 3418 1954 3499 sapien-

304 3514 432 3566 tum
458 3506 769 3587 sapientia,
804 3523 959 3567 verae
986 3506 1342 3585 cognitionis
1373 3524 1606 3586 expers.
1640 3507 1949 3588 Simplici-

307 3604 394 3655 tas
425 3595 585 3656 enim
616 3603 957 3657 nostrorum
999 3613 1340 3656 sermonum
1387 3594 1588 3675 reipsa
1629 3595 1949 3675 legitimam

305 3682 655 3764 sapientiam
716 3683 1019 3764 possidet,
1082 3702 1211 3764 quae
1267 3684 1697 3746 consuetudine
1755 3684 1952 3746 divina

306 3774 509 3835 fruens
537 3773 705 3834 illum
737 3773 964 3846 adorat,
994 3791 1027 3834 a
1053 3791 1167 3853 quo
1201 3772 1395 3833 omnis
1420 3772 1712 3852 sapientia
1750 3775 1819 3849 in
1844 3775 1951 3836 hac

304 3861 420 3923 vita
464 3862 685 3923 donata
734 3870 846 3935 est,
903 3879 1007 3941 per
1055 3878 1234 3941 quam
1283 3860 1573 3939 reﬁngor,
1617 3870 1719 3925 aut
1769 3860 1949 3923 etiam

306 3950 522 4012 deitate
552 3949 800 4014 afﬁcior.

961 4082 1195 4147 CAPUT
1237 4082 1310 4147 Χ.

311 4192 649 4256 Τνλὶςιδείωη
677 4209 757 4255 ea:
784 4191 950 4255 obitu
1002 4192 1331 4254 charorum
1371 4190 1555 4253 etiam
1584 4189 1950 4254 robustiores
1969 4206 2016 4259 ι)

966 4286 1288 4361 attingere.

2033 3004 2284 3068 quaeque
2301 2994 2358 3049 et
2377 2990 2575 3050 animo
2600 2990 2862 3069 cogitare
2885 2991 3234 3068 reformido,
3256 2994 3477 3057 nedum
3510 3003 3575 3058 ut
3608 3013 3681 3060 ea

2033 3075 2301 3139 scribere
2350 3076 2623 3142 audeam.
2665 3078 2811 3141 Nam
2852 3099 3125 3161 quaenam
3180 3101 3388 3146 manus
3419 3084 3559 3148 huic
3588 3085 3678 3149 rei

2031 3164 2356 3226 inserviet?
2384 3166 2516 3247 quis
2546 3168 2806 3229 calamus
2837 3169 3149 3233 exarahit?
3179 3172 3312 3253 quis
3334 3191 3534 3237 sermo
3556 3174 3680 3236 elo-

2032 3253 2275 3335 quetur?
2293 3273 2425 3336 quae
2461 3255 2664 3337 linqua
2691 3258 3088 3321 renuntiabit?
3108 3279 3239 3342 qum
3268 3260 3433 3324 labra
3464 3263 3674 3344 expri-

2034 3351 2376 3433 mentLquae
2413 3345 2475 3405 in
2505 3364 2601 3408 me
2623 3355 2953 3433 cernuntur
2977 3347 3130 3425 ﬁeri,
3167 3358 3225 3411 et
3251 3356 3372 3412 tota
3400 3350 3499 3413 die
3530 3370 3673 3433 per-

2033 3431 2176 3495 ﬁci?
2206 3431 2441 3494 Etenim
2474 3441 2532 3495 et
2561 3428 2694 3513 ipsa
2726 3442 2921 3513 nocte,
2954 3435 3016 3498 in
3044 3436 3191 3518 ipsis
3222 3438 3486 3502 tenebris
3530 3428 3676 3504 cum

2033 3528 2295 3611 tremore
2325 3519 2622 3611 Christum
2653 3523 2834 3585 cmlos
2876 3524 3023 3586 mihi
3070 3526 3442 3607 aperientem
3479 3527 3674 3611 video,

2030 3606 2351 3690 ipsumque
2380 3610 2866 3691 prOSpicientem,
2900 3620 2958 3674 et
2998 3612 3063 3676 in
3110 3606 3208 3677 me
3255 3616 3539 3680 deorsum
3575 3606 3675 3680 in;

2034 3706 2321 3772 tuentem,
2353 3717 2487 3760 cum
2510 3698 2683 3762 Patre
2706 3708 2763 3762 et
2780 3699 3029 3784 Spiritu,
3062 3702 3288 3766 lumine
3317 3713 3412 3768 ter
3438 3713 3674 3771 sancto.

2032 3784 2438 3875 Unumiigitur
2465 3788 2526 3848 in
2554 3788 2772 3871 tribus,
2834 3797 2893 3852 et
2933 3790 2995 3852 in
3040 3810 3160 3854 uno
3196 3792 3309 3855 tria
3352 3792 3548 3875 ipsum
3577 3793 3678 3857 lu-

2035 3892 2172 3936 men
2202 3874 2379 3965 plane
2410 3883 2521 3950 est,
2552 3884 2613 3938 et
2640 3876 2847 3940 lumen
2878 3898 3061 3942 unum
3084 3880 3219 3958 tria,
3248 3874 3407 3963 quod
3437 3890 3497 3945 et
3518 3883 3680 3965 plus-

2033 3981 2208 4043 quam
2238 3963 2325 4024 sol
2357 3965 2614 4026 animam
2648 3984 2843 4029 meam
2873 3968 3142 4045 irradiat,
3188 3980 3249 4032 et
3278 3963 3542 4035 mentem
3580 3980 3677 4034 te-

2032 4051 2237 4114 nebris
2287 4052 2534 4115 offusam
2581 4052 2860 4118 illustrat.
2912 4055 2975 4119 Si
3019 4057 3181 4119 enim
3230 4057 3476 4121 vidisset
3506 4078 3678 4123 mens

2034 4158 2188 4217 mea,
2211 4141 2288 4202 ab
2308 4141 2476 4202 initio
2505 4140 2769 4205 vidisset.
2800 4143 2917 4207 Sed
2947 4164 3138 4209 caecus
3169 4147 3529 4222 eram,mihi
3549 4166 3680 4211 cre-

2033 4230 2177 4309 dite,
2204 4248 2313 4292 nec
2332 4228 2814 4314 videbam,atque
2845 4233 2981 4297 ideo
3001 4234 3350 4298 miraculum
3374 4236 3565 4317 magis
3582 4254 3682 4300 me

2032 4319 2463 4409 obstupefecit,
2518 4340 2658 4409 cum
2713 4322 2952 4385 oculum
3014 4324 3234 4387 mentis
3295 4325 3565 4409 aperiat,
3622 4334 3683 4389 et

391 4418 543 4480 Rem
596 4432 803 4476 novam
849 4421 908 4476 et
941 4412 1471 4494 obstupescendam
1502 4412 1717 4477 audivi.
1753 4414 1946 4476 Natu-
2029 4408 2469 4490 quodammodo
2497 4408 2701 4473 videre
2731 4410 2852 4487 det,
2884 4421 2943 4476 et
2974 4420 3066 4475 est
3093 4413 3294 4495 ipsum
3325 4415 3484 4496 quod
3510 4408 3680 4477 vide-

308 4524 462 4581 ram,
506 4502 601 4565 cui
631 4502 779 4564 nihil
810 4522 941 4563 cum
968 4502 1147 4563 rebus
1177 4503 1414 4565 caducis
1461 4500 1827 4576 commercii,
1860 4501 1945 4561 la-
2026 4506 2142 4560 tur.
2177 4499 2310 4578 Ipse
2336 4498 2495 4559 enim
2527 4499 2727 4561 lumen
2759 4500 2834 4563 de
2882 4501 3109 4565 lumine
3154 4511 3396 4585 apparet
3421 4503 3685 4567 videnti-

308 4595 468 4676 pide,
495 4592 590 4653 cui
610 4608 827 4653 nomen
851 4591 1110 4661 adamas,
1145 4591 1489 4653 solidiorem
1521 4589 1945 4671 patipotuisse.

313 4682 426 4757 Qui
456 4679 605 4762 lapis
635 4699 769 4742 cum
795 4699 904 4742 nec
924 4680 1083 4757 igne,
1108 4698 1219 4741 nec
1241 4680 1397 4741 ferro
1416 4680 1742 4753 mollescat,
1763 4678 1952 4758 plum-

310 4771 385 4832 bo
414 4768 772 4850 implicatus,
806 4787 943 4829 cera
974 4770 1037 4829 ﬁt
1068 4768 1323 4829 mollior.
1354 4768 1530 4832 Modo
1561 4766 1789 4829 credidi
1818 4773 1952 4845 gut-

315 4869 401 4921 tas
429 4875 595 4938 aquaa
623 4856 797 4936 longo
822 4858 1009 4937 spatio
1040 4856 1101 4917 in
1128 4863 1353 4937 petram
1383 4856 1662 4918 cadentes
1692 4873 1819 4916 eam
1854 4873 1951 4915 ca-

311 4966 471 5009 vare.
497 4945 570 5007 Et
593 4946 855 5026 profecto
878 4945 1027 5006 nihil
1055 4945 1216 5006 estin
1236 4946 1348 5007 vita
1366 4943 1956 5008 immutabile.Nemo

314 5055 410 5098 me
454 5053 527 5097 ex
574 5052 825 5095 occursu
866 5034 1118 5113 judicet.
1152 5032 1272 5109 Vae,
1323 5033 1551 5112 fugacia
1595 5033 1769 5112 hujus
1823 5032 1958 5095 vitae

316 5126 476 5187 bona
505 5131 779 5203 tanquam
810 5122 980 5184 firma
1008 5130 1068 5183 et
1095 5122 1286 5183 valida
1322 5121 1596 5196 intuenti,
1632 5131 1693 5182 et
1739 5119 1961 5184 laetanti

314 5213 379 5274 in
406 5213 549 5274 illis.
582 5211 807 5273 Eadem
830 5210 919 5272 illi
949 5229 1060 5272 usu
1087 5211 1349 5287 venient,
1383 5230 1515 5292 quae
1545 5209 1690 5271 mihi
1715 5210 1955 5272 misero.

316 5304 445 5364 Nox
476 5318 571 5363 me
598 5319 633 5362 a
662 5301 844 5363 fratre
872 5298 1245 5380 dulcissimo,
1278 5300 1609 5380 interrupto
1660 5298 1961 5361 charitatis

314 5388 566 5452 indiviso
599 5388 824 5450 lumine
855 5387 1168 5469 separavit.

402 5548 506 5611 151
532 5547 671 5611 Cor.
705 5564 748 5626 ι,
790 5549 883 5613 19.
973 5549 1032 5599 ¹4
1059 5550 1188 5613 Act.
1221 5565 1327 5625 vn,
1358 5548 1459 5611 55.

638 5719 892 5788 ΡΑτιοι.
923 5719 1035 5788 Gn.
1065 5715 1232 5785 CXX.

2032 4585 2166 4660 bus,
2203 4593 2261 4646 et
2287 4586 2389 4666 qui
2416 4586 2478 4647 in
2508 4587 2731 4650 lumine
2780 4590 3004 4667 vident,
3059 4590 3254 4672 ipsum
3309 4610 3550 4655 rursum
3588 4592 3680 4654 vi-

2035 4675 2199 4750 dent,
2233 4674 2293 4734 in
2325 4674 2552 4736 lumine
2583 4676 2743 4737 enim
2774 4677 3033 4758 Spiritus
3062 4680 3287 4761 vident,
3317 4680 3423 4761 qui
3457 4678 3680 4760 vident,

2036 4772 2092 4826 et
2121 4764 2183 4823 in
2214 4763 2326 4824 hoc
2356 4763 2647 4839 videntes,
2673 4765 2891 4829 Filium
2926 4767 3319 4848 perspiciunt.
3344 4766 3456 4839 Qui
3483 4774 3682 4829 autem

2034 4851 2247 4931 dignus
2279 4859 2369 4913 est
2398 4851 2655 4928 habitus,
2684 4854 2894 4916 videre
2924 4855 3166 4933 Filium,
3189 4857 3424 4918 Patrem
3447 4870 3686 4936 quoque

2036 4941 2215 5003 videt.
2246 4943 2474 5002 Patrem
2507 4950 2703 5004 autem
2738 4944 2965 5026 videns,
2997 4963 3133 5006 cum
3162 4944 3313 5007 Filio
3335 4943 3581 5005 omnino
3604 4945 3688 5004 vi-

2037 5029 2157 5106 det,
2191 5028 2345 5091 sicut
2367 5038 2427 5092 et
2455 5048 2635 5105 nunc,
2670 5038 2733 5092 ut
2756 5031 2981 5094 dictum
3013 5041 3124 5109 est,
3156 5032 3218 5094 in
3240 5050 3337 5095 me
3360 5032 3450 5093 ﬁt.
3480 5030 3683 5095 Etnon

2036 5116 2441 5199 intelligibilia
2488 5118 2852 5199 aliquantum
2900 5120 3165 5199 intelligo
3200 5138 3214 5183 :
3250 5130 3308 5185 et
3337 5138 3495 5183 nunc
3543 5120 3683 5202 pul-

2038 5206 2409 5269 chritudines
2440 5219 2687 5289 propter
2723 5208 2926 5271 lumen
2971 5208 3409 5284 inaccessibile,
3441 5217 3687 5290 propter

2039 5296 2288 5375 gloriam
2330 5314 2448 5358 non
2501 5297 2909 5362 sustinendam
2942 5296 3497 5379 incontemplabiles
3536 5315 3683 5379 pro-

2044 5386 2137 5449 cul
2170 5384 2415 5463 aspicio.

3124 5718 3200 5785 17
