4112 6106
413 191 536 256 ’523
1722 187 2095 256 SYMEONIS
2133 189 2473 255 JUNIOPJS
3676 184 3796 249 524

503 321 800 405 Attonitus
829 323 905 385 fio
930 321 1347 398 vehementer,
1379 328 1438 383 et
1458 329 1722 384 tremore
1749 324 2063 405 corripior,
2089 334 2126 382 Α
2153 323 2224 386 ab
2257 343 2347 398 eo,
2374 324 2477 404 qui
2507 332 2596 386 est
2623 325 2684 384 in
2717 324 3032 406 principio,
3061 333 3196 385 ante
3227 325 3429 386 omnia
3456 322 3692 396 saecula,
3721 340 3794 381 ex

421 431 556 476 cum
587 411 704 474 nisi
732 429 908 473 unam
941 417 1162 490 guttam
1195 428 1266 471 ex
1295 409 1503 491 abysso
1531 409 1785 485 videam,
1820 412 2062 475 univer-
2149 411 2338 486 Patre,
2391 431 2523 473 cum
2565 412 2787 492 Spiritu
2835 420 3060 486 sancto,
3111 412 3259 474 Filio
3305 420 3364 473 et
3407 411 3603 472 Verbo
3661 409 3791 472 Dei.

422 502 564 567 sitas
591 508 790 564 autem
820 516 1104 580 aquarum
1149 507 1214 560 ut
1272 501 1330 558 in
1392 505 1552 578 gutta
1597 499 2061 579 demonstratur,
2149 500 3039 580 (Deestinutroqueexemplari
3053 503 3283 581 pagina
3303 504 3797 578 fortasseuna)...

418 608 672 674 quanam
717 588 998 671 qualitate
1016 597 1074 650 et
1101 587 1302 668 specie
1332 587 1406 650 sit
1449 608 1461 647 :
1515 588 1669 650 sicut
1715 607 1787 651 ex
1830 590 2068 652 fimbria
2151 597 2208 650 et
2237 589 2298 650 in
2330 608 2426 650 me
2458 590 2791 669 producunt
2821 589 3065 664 bestias,
3101 599 3158 651 et
3191 590 3481 651 dracones
3513 589 3658 658 mihi
3684 607 3799 649 na—

419 690 606 744 totum
637 687 884 759 textum,
923 685 1001 753 et,
1035 684 1098 738 ut
1137 678 1322 752 aiunt,
1357 694 1426 737 ex
1457 696 1654 756 ungue
1685 677 1802 740 leo.
1839 677 1932 741 Sic
1966 693 2060 741 Io-
2151 687 2418 752 scuntur,
2455 677 2790 758 etreptilia,
2841 687 2899 738 et
2947 686 3244 758 sepentes,
3283 678 3552 738 membra
3582 676 3800 738 animae

419 778 545 832 tum
575 769 638 831 in
683 786 860 849 parvo
909 766 1251 847 amplexans
1293 766 1488 840 video,
1523 766 1839 848 ipsumque
1893 768 2060 830 illum
2147 786 2295 828 meae
2325 777 2603 829 vexantes
2634 769 3062 846 semper.Vana
3101 767 3318 847 quippe
3349 776 3406 828 et
3437 767 3630 827 inanis
3659 766 3798 844 glo-

419 859 742 938 Christum,
773 863 830 918 et
850 859 1041 917 Deum
1069 873 1266 916 meum
1295 855 1498 916 adoro.
1529 856 1842 918 Solabatur
1861 865 2059 918 autem
2139 855 2231 916 ria
2259 859 2489 918 mordet
2518 875 2634 930 me,
2671 863 2729 918 et
2755 856 2964 917 dentes
3014 856 3205 933 inﬁgit
3233 856 3291 916 in
3339 873 3443 917 cor
3470 874 3692 945 meum,
3721 875 3798 916 ex

419 965 516 1010 me
546 945 842 1022 nonnihil,
875 943 1032 1024 quod
1062 963 1182 1005 non
1211 945 1550 1019 devorarer,
1575 945 1734 1025 quod
1761 964 1881 1006 non
1903 964 2064 1006 com-
2144 964 2260 1024 quo
2292 944 2526 1005 infirmo
2551 946 2674 1024 jam
2707 953 2763 1005 et
2795 945 2965 1025 plane
2996 946 3178 1006 fracto
3213 965 3304 1006 me
3338 964 3520 1007 canes
3553 945 3788 1006 feroces

417 1036 689 1109 burerer,
726 1036 890 1096 velut
917 1050 1053 1095 cera
1073 1051 1111 1094 α
1135 1032 1297 1112 facie
1324 1035 1508 1113 ignis,
1532 1044 1597 1094 ut
1626 1033 1774 1095 dixit
1805 1035 2055 1114 Prophe-
2145 1032 2494 1094 exstiterunt
2525 1043 2582 1093 et
2625 1033 2883 1094 ferarum
2920 1034 3247 1095 multitudo.
3285 1033 3548 1114 Cumque
3570 1035 3787 1114 jacen—

420 1126 555 1202 ta‘5,
572 1125 714 1205 quia
737 1122 912 1201 longe
934 1121 1218 1183 distarem
1240 1139 1274 1181 a
1297 1120 1522 1182 lumine
1561 1121 1981 1197 inaccessibili,
2003 1132 2062 1184 et

418 1205 888 1278 consisteremin
909 1209 1124 1271 mediis
1162 1207 1448 1283 tenebris,
1490 1216 1547 1270 et
1577 1210 1670 1270 his
1707 1211 2057 1292 occultarer,

415 1304 578 1366 unde
599 1301 757 1363 velut
777 1317 884 1382 per
901 1298 1201 1360 modicum
1222 1297 1488 1359 foramen
1513 1298 1906 1379 prospiciens,
1920 1317 2056 1360 vcr-

2144 1131 2262 1183 tem
2295 1123 2682 1196 invenissent,
2713 1122 3104 1184 comederunt
3133 1142 3248 1186 me.
3283 1123 3523 1184 Deliciae
3547 1123 3705 1184 enim
3727 1131 3789 1184 et

2145 1211 2352 1272 laudes
2386 1212 2658 1272 humanae
2701 1211 3137 1272 emedullarunt
3171 1221 3227 1272 et
3261 1223 3616 1275 enervarunt
3648 1212 3788 1274 ani-

2145 1318 2301 1360 mam
2328 1318 2542 1374 meam,
2577 1299 3061 1379 abstuleruntque
3095 1300 3237 1360 mihi
3265 1300 3447 1361 robur
3475 1309 3534 1362 et
3563 1301 3786 1362 alacri-

415 1393 660 1473 tiginem
681 1387 967 1471 patiebar.
992 1385 1058 1448 In
1078 1387 1174 1450 his
1197 1386 1335 1448 dum
1359 1386 1506 1456 vivo.
1534 1395 1916 1468 mentemque
1936 1388 2058 1450 dis-
2141 1395 2314 1449 tatem
2348 1408 2562 1450 meam.
2585 1388 2715 1449 Heu
2739 1386 2868 1451 me!
2896 1390 2994 1469 qui
3024 1388 3276 1450 scribam
3310 1389 3537 1451 omnia?
3559 1390 3779 1469 Magni.

415 1481 676 1557 tineo,et
695 1477 862 1560 quasi
880 1477 941 1538 in
965 1475 1179 1538 caalum
1206 1494 1302 1538 me
1322 1484 1458 1556 puto
1482 1476 1809 1556 suspicere,
1840 1477 2053 1539 timeo-
2139 1478 2250 1539 fica
2275 1486 2471 1540 autem
2502 1477 2782 1555 opinione
2815 1479 2887 1539 de
2920 1497 3014 1538 me
3036 1477 3189 1558 ipso,
3207 1477 3777 1558 inertia,vo|uptaie,

414 1589 550 1651 que,
585 1586 661 1629 ne
685 1566 928 1648 propior
969 1563 1115 1625 mihi
1151 1563 1340 1625 factus
1371 1581 1466 1625 me
1485 1561 1864 1645 amet,ipsum
1887 1564 2052 1626 illum
2137 1566 2642 1628 cura-hominibus
2664 1567 3245 1646 placendi,tanquam
3277 1567 3607 1628 latronibus
3629 1567 3777 1628 mihi

415 1657 638 1732 inveni,
690 1674 868 1737 quem
916 1652 1250 1743 Stephanus
1289 1652 1457 1714 caelis
1505 1654 1724 1734 apertis
1774 1653 1938 1730 vidit,
1995 1653 2448 1743 etBimpositis,
2481 1654 2758 1735 utrinque
2787 1655 3109 1730 trahentes,
3144 1655 3540 1718 distraxerunt
3567 1674 3684 1717 me.
3707 1655 3776 1716 Et

413 1755 616 1831 postea
649 1746 864 1810 Paulus
894 1761 1030 1805 cum
1061 1742 1326 1823 vidisset,
1359 1750 1683 1806 excaecatus
1717 1752 1806 1806 est
1832 1743 1912 1820 16,
1955 1753 2048 1806 to-
2074 1742 2082 1743 7
2133 1743 2259 1804 haec
2287 1743 2524 1823 quidem
2557 1743 2749 1804 ablata
2779 1743 3100 1806 sobrietate
3125 1753 3185 1805 et
3217 1745 3630 1825 temperantia;
3650 1745 3777 1806 haec

412 1845 537 1899 tum
581 1835 842 1917 profecto
898 1837 965 1894 ut
1015 1831 1214 1910 ignem
1267 1831 1330 1891 in
1387 1831 1584 1894 medio
1643 1833 1841 1894 cordis
1908 1833 2046 1896 mei.
2131 1849 2270 1892 vero
2301 1851 2481 1912 opera
2510 1831 2685 1906 bona,
2723 1839 2782 1893 et
2809 1833 3074 1894 actiones
3105 1838 3434 1896 secundum
3469 1833 3681 1906 Deum,
3714 1843 3779 1895 ut

2131 1921 2382 2001 aseipsa
2418 1922 2711 2002 profectas
2741 1928 3062 1996 ostentans,
3093 1931 3390 1984 mortuum
3425 1942 3517 1985 me
3564 1923 3776 1984 reddi-

2133 2010 2368 2072 derunt.
2400 2010 2528 2084 Dic,
2562 2010 2797 2085 amabo,
2831 2029 2906 2070 an
2947 2029 3064 2071 non
3098 2011 3460 2088 miserabile,
3498 2021 3555 2073 et
3590 2013 3776 2074 mise-

2131 2100 2366 2161 ratione
2410 2097 2823 2176 dignissimum
2875 2108 2984 2174 est,
3029 2119 3160 2161 cum
3209 2109 3322 2162 tam
3361 2101 3564 2163 multae
3593 2102 3774 2163 affec—

2132 2188 2345 2264 tiones,
2373 2195 2430 2249 et
2458 2188 2727 2268 impetus
2747 2187 3068 2249 turbulenti
3094 2189 3154 2249 in
3188 2208 3282 2250 me
3314 2200 3559 2270 repente
3589 2191 3777 2252 irrueo

2131 2290 2296 2354 runt,
2331 2286 2388 2338 et
2415 2276 2578 2337 omni
2625 2277 2837 2338 virtute
2876 2285 3114 2337 exutum
3147 2297 3216 2339 ac
3247 2278 3638 2359 despoliatum
3672 2279 3773 2340 in-

2132 2374 2522 2440 teremerunt,
2581 2383 2817 2427 rursum
2879 2385 2973 2426 me
3029 2365 3220 2446 ipsum
3271 2368 3498 2442 nescio,
3531 2378 3589 2429 ct
3620 2369 3771 2430 nihil

2131 2474 2335 2516 eorum
2366 2475 2493 2535 quae
2527 2455 2669 2516 milii
2702 2455 3082 2532 contigerunt
3105 2473 3428 2533 agnocens,
3457 2466 3644 2519 statuo
3674 2478 3772 2520 me

2131 2545 2416 2623 majorem
2446 2543 2742 2622 omnibus,
2777 2551 2834 2602 et
2863 2553 3162 2604 vacantem
3191 2547 3764 2624 perturbationibus,

2129 2640 2185 2693 et
2203 2633 2388 2693 virum
2412 2642 2702 2702 sanctum,
2729 2632 3159 2710 etsapii-ntem,
3185 2634 3588 2715 eximiumque
3608 2637 3773 2697 tbeo-

2127 2722 2347 2801 logum,
2401 2729 2457 2782 et
2489 2723 2628 2801 jure
2674 2721 3071 2782 venerandum
3104 2721 3177 2782 ab
3215 2724 3504 2785 universis
3535 2735 3762 2785 morta-

2127 2810 2282 2872 libus
2338 2809 2449 2872 Sed
2485 2819 2542 2871 et
2573 2828 2705 2871 cum
2737 2810 2966 2884 laudor,
2998 2819 3061 2871 ut
3088 2811 3320 2872 laudem
3353 2813 3594 2873 meritus
3624 2833 3762 2873 om-

412 1923 807 1998 Quamobrem
859 1920 1143 1982 miraculo
1205 1921 1604 1997 tremefactus,
1667 1929 1726 1983 et
1781 1923 2051 2004 trepidus

409 2012 602 2089 valde,
635 2019 696 2074 et
722 2009 933 2091 solutis
962 2009 1212 2083 viribus,
1245 2009 1320 2070 de
1365 2018 1564 2071 mente
1597 2010 1854 2087 decessi,
1895 2019 2050 2074 totus

408 2099 874 2166 haesitabundus.
919 2099 1052 2162 Non
1105 2097 1405 2160 sustinens
1449 2105 1647 2168 autem
1695 2100 2048 2163 immensam

410 2190 687 2273 gloriam,
711 2188 774 2250 in
790 2193 964 2250 nocte
976 2186 1189 2247 harum
1205 2187 1545 2248 notitiarum
1564 2207 1806 2251 aversus
1827 2190 2044 2269 aufugi,

409 2272 718 2360 tectusque
749 2275 1228 2356 cogitationibus,
1279 2276 1338 2336 in
1389 2276 1482 2337 his
1527 2277 1684 2338 velut
1725 2279 1785 2339 in
1831 2297 2047 2340 monu-

409 2376 674 2431 mentum
699 2366 1037 2446 ingressus,
1084 2371 1143 2426 et
1175 2381 1278 2444 pro
1309 2363 1507 2444 lapide
1536 2364 1649 2426 hoc
1679 2367 2048 2428 crassissima

409 2475 660 2538 corpore
691 2453 1084 2536 superposito,
1108 2451 1379 2514 obtectus
1400 2471 1552 2529 sum,
1577 2463 1635 2515 et
1663 2454 2058 2539 absconditus.

409 2545 690 2627 opinione
721 2560 855 2604 mea
883 2561 917 2602 a
946 2548 1239 2621 praesente
1277 2540 1518 2620 ubique,
1569 2541 1671 2622 qui
1705 2541 1846 2603 olim
1881 2562 2044 2604 mor-

408 2640 574 2696 tuum
607 2650 676 2694 ac
705 2629 1002 2711 sepultum
1025 2646 1120 2690 me
1141 2629 1433 2690 excitavit.
1467 2628 1757 2692 Tremens
1782 2630 1964 2705 enim,
1989 2639 2048 2692 et

405 2739 526 2783 non
558 2720 711 2802 potis
738 2717 942 2779 videre
965 2717 1094 2797 ejus
1116 2717 1386 2795 gloriam,
1411 2719 1615 2779 subire
1645 2718 1796 2797 elegi
1827 2720 2043 2802 potius,

407 2817 467 2871 et
494 2826 743 2871 manere
771 2806 834 2868 in
865 2807 1164 2886 sepulcro,
1200 2811 1259 2866 et
1289 2805 1554 2868 habitare
1597 2824 1732 2868 cum
1772 2803 2041 2884 mortuis,

403 2897 604 2958 vivens
632 2896 762 2976 ipse
791 2895 852 2956 in
882 2893 1179 2974 sepulcro,
1218 2911 1395 2972 quam
1437 2902 1500 2954 ut
1549 2893 1686 2972 igne.
1733 2894 1832 2954 illo
1873 2894 2233 2960 com-Cnes
2264 2898 2578 2967 advocans.
2627 2898 2701 2958 ab
2750 2898 2822 2959 iis
2873 2899 3016 2959 mihi
3071 2899 3310 2961 honoris
3359 2900 3754 2961 testimonium

402 2984 611 3048 bustus
639 2984 904 3046 funditus
933 2981 1215 3062 perirem.
1241 2980 1328 3042 lbi
1359 2981 1663 3042 sedentem
1698 3001 1793 3044 me
1823 2983 2040 3063 despe-

403 3081 621 3148 ratum,
673 3072 916 3134 omnino
965 3070 1095 3131 sine
1137 3070 1255 3130 fine
1304 3069 1638 3144 lamentari,
1699 3079 1756 3133 et
1808 3073 2041 3151 plorare

405 3170 658 3243 oportet,
707 3160 845 3242 quia
881 3159 1140 3220 desirato
1197 3157 1532 3234 frustratus,
1592 3179 1750 3221 nunc
1800 3158 1862 3220 in
1908 3179 2038 3221 mo-

403 3258 688 3313 numento
726 3249 1032 3311 delitesco.
1081 3245 1298 3310 Vivens
1353 3254 1550 3308 autem
1608 3255 1874 3309 mortuus
1930 3249 2039 3309 sub

402 3337 584 3415 terra,
629 3347 704 3413 Aet
752 3337 950 3417 lapide
991 3341 1318 3408 contectus,
1360 3334 1538 3396 vitam
1597 3335 1798 3398 inveni
1849 3336 2038 3399 Deum

398 3428 622 3510 ipsum,
656 3426 756 3507 qui
785 3427 960 3486 vitam
992 3423 1180 3499 dedit,
1217 3423 1312 3484 cui
1340 3423 1416 3485 sit
1443 3424 1649 3505 gloria,
1671 3433 1730 3487 et
1769 3427 2038 3488 honorin

399 3515 633 3579 saecula.

1015 3637 1255 3703 CAPUT
1300 3638 1425 3702 ΧΠ.

401 3769 483 3833 De
504 3767 738 3830 unitate
765 3765 1114 3828 omnimodo
1140 3765 1550 3840 τρισυποστάτου
1579 3761 1862 3838 Deitatis;
1893 3771 2039 3830 etin

476 3847 692 3929 quibus
719 3863 784 3929 se
813 3845 1050 3924 aliquid
1077 3861 1202 3905 esse
1248 3843 1435 3929 dicat,
1465 3842 1798 3929 humilium
1839 3860 1901 3909 se
1930 3847 2038 3911 hac

479 3923 863 4006 confessione,
911 3923 975 3987 et
1022 3928 1444 4003 arrogantiam
1469 3923 1881 4002 pudefaciens.

479 4050 808 4130 Quomodo,
841 4067 974 4130 qua;
1001 4047 1318 4128 aliquando
1342 4046 1404 4107 in
1430 4065 1524 4107 me
1545 4047 1846 4123 ,delevisti,
1879 4049 2036 4113 Deus

400 4158 593 4212 meus,
637 4137 1019 4213 reviviscunt,
1066 4154 1280 4216 meque
1329 4135 1619 4210 cruciant,
1653 4144 1712 4196 et
1758 4139 2031 4204 tenebras

2124 2986 2517 3066 colligendum
2549 2996 2712 3066 puto.
2742 2986 3120 3066 Congregatis
3153 2989 3307 3050 enim
3337 2989 3474 3070 illis,
3511 3007 3616 3068 ego
3640 3008 3762 3050 am-

2121 3076 2278 3156 plius
2320 3075 2672 3151 intumesco,
2727 3085 2784 3136 et
2812 3084 3020 3136 crebro
3051 3077 3475 3157 circumspicio,
3509 3098 3582 3139 ne
3613 3079 3764 3140 forte

2122 3165 2253 3246 quis
2282 3165 2454 3246 absit,
2481 3168 2578 3246 qui
2615 3183 2710 3226 me
2739 3183 2857 3226 non
2887 3165 3104 3228 videat.
3138 3166 3304 3238 Quod
3338 3167 3386 3227 si
3418 3168 3572 3229 forte
3602 3168 3764 3249 quis-

2122 3258 2275 3334 piam
2309 3255 2466 3315 limis
2495 3253 2680 3315 oculis
2712 3272 2806 3314 me
2837 3255 3155 3335 aspexerit,
3191 3255 3505 3336 malignor,
3540 3266 3603 3317 et
3632 3276 3768 3318 con-

2117 3343 2323 3423 vicior,
2355 3349 2413 3403 et
2440 3342 2637 3404 deillo
2669 3343 2934 3422 detraho,
2971 3352 3034 3404 ut
3085 3353 3142 3405 et
3194 3345 3349 3422 ipse,
3381 3346 3475 3407 lllS
3519 3347 3760 3427 auditis,

2121 3432 2509 3494 convitiorum
2535 3450 2800 3494 meorum
2823 3431 3142 3513 impatiens
3163 3434 3379 3509 veniat,
3407 3453 3503 3496 me
3526 3436 3759 3510 salutet,

2122 3539 2387 3600 meaeque
2425 3521 2585 3592 ﬁdei,
2619 3539 3006 3602 mearumque
3041 3541 3305 3605 precum,
3351 3531 3409 3584 et
3458 3525 3761 3586 charitatis

2119 3609 2399 3687 indignus
2429 3607 2901 3688 appareat.Quod
2935 3611 3010 3671 de
3037 3611 3282 3692 reliquis
3303 3612 3580 3675 omnibus
3597 3615 3754 3676 dico.

2121 3698 2295 3759 Venit
2324 3697 2496 3778 alius,
2518 3707 2578 3758 et
2607 3697 3086 3760 benedictionem
3111 3719 3303 3761 meam
3335 3711 3614 3781 reportat,
3638 3720 3764 3765 ser-

2122 3805 2327 3848 mones
2349 3795 2407 3848 et
2435 3788 2764 3848 doctrinam
2795 3805 2986 3848 meam
3029 3791 3341 3854 auscultat.
3376 3789 3530 3851 Proh
3562 3792 3760 3853 stulti-

2120 3874 2256 3936 tiam
2316 3876 2552 3936 meam!
2617 3875 2921 3947 Quomodo
2979 3877 3302 3941 nuditatem
3361 3897 3428 3940 ac
3461 3881 3762 3942 miseriam

2120 3982 2313 4025 meam
2365 3983 2484 4024 non
2526 3983 2731 4040 cerno,
2765 3974 2821 4027 et
2855 3966 3052 4045 plagas
3085 3985 3202 4028 non
3233 3968 3452 4044 sentio,
3487 3989 3604 4031 non
3651 3971 3762 4031 tri-

2117 4061 2260 4132 stor,
2293 4072 2409 4114 non
2441 4055 2575 4129 ﬂeo,
2611 4072 2724 4116 nec
2765 4056 3130 4116 sanationem
3163 4076 3359 4137 quaero
3384 4058 3444 4119 in
3502 4079 3760 4121 nosoco-

2117 4141 2236 4201 mio
2258 4143 2488 4221 jacens,
2519 4161 2630 4204 nec
2673 4161 2916 4204 accerso
2949 4144 3213 4206 medicos
3243 4148 3564 4209 ostendens
3599 4149 3757 4210 Vibi-

400 4228 549 4290 mihi
575 4225 825 4288 faciunt?
861 4224 1356 4305 perturbationes,
1395 4223 1659 4304 inquam,
1686 4224 1811 4300 irae,
1845 4233 1904 4287 et
1931 4247 2035 4289 ex-
2060 4239 2224 4290 Dces
2270 4249 2428 4292 meas
2460 4240 2517 4292 et
2545 4231 2830 4311 detegens
2882 4233 3000 4292 illis
3048 4233 3225 4294 etiam
3272 4237 3533 4298 occultas
3573 4239 3760 4299 animi

401 4316 858 4389 candescentiaa,
888 4313 1048 4375 unde
1077 4331 1279 4393 vapor,
1312 4320 1370 4373 et
1400 4313 1585 4391 caligo
1618 4312 1902 4376 invadunt
1931 4335 2034 4378 ca-

400 4412 505 4488 put
533 4421 752 4478 meum,
788 4410 1198 4482 caecanturque
1240 4401 1396 4464 oculi
1425 4400 1825 4480 intelligentiae
1862 4423 2032 4472 mea}.

398 4493 634 4558 Etenim
678 4492 839 4553 velut
885 4489 1203 4552 connivere
1233 4496 1293 4552 et
1339 4489 1574 4550 occludi
1627 4499 1934 4569 coguntur,
1979 4502 2039 4556 et

396 4590 498 4644 tuo
529 4579 752 4661 spolior
768 4580 1016 4650 lumine;
1037 4576 1196 4658 quod
1215 4594 1347 4638 cum
1367 4594 1541 4638 nemo
1568 4595 1686 4638 non
1709 4580 2032 4661 desideret,

401 4671 576 4750 pauci
608 4677 804 4730 tamen
835 4666 1172 4747 exquirunt.
1205 4663 1358 4736 Quin
1405 4665 1580 4726 etiam
1613 4685 1759 4746 quos
1792 4670 1905 4731 tuis
1937 4690 2037 4732 ar-

399 4762 563 4829 canis
590 4756 863 4836 dignatus
891 4773 977 4830 es,
1003 4763 1062 4816 et
1080 4754 1152 4816 ad
1171 4753 1534 4814 materialem
1558 4759 2037 4822 communionem

399 4867 534 4911 cum
567 4864 746 4908 sensu
769 4864 887 4907 non
910 4841 1227 4916 materiali,
1250 4841 1664 4924 inetiabilium,
1685 4855 1744 4908 et
1763 4849 2040 4912 omnibus

399 4935 845 4998 tremendorum
901 4929 1308 5018 mysteriorum
1359 4937 1592 5018 tuorum
1635 4934 1950 5018 admisisti,
1981 4947 2038 5000 et

401 5023 618 5086 dedisti
642 5023 730 5085 eis
750 5032 812 5084 ut
831 5028 1257 5101 cognescerent
1296 5017 1651 5081 invisibilem
1692 5021 1752 5082 in
1784 5017 2032 5087 visibili-

403 5110 516 5173 bus
544 5111 816 5190 gloriam,
849 5126 1184 5189 novumque
1228 5107 1568 5188 mysterium
1601 5109 1662 5169 in
1693 5114 1913 5174 mundo
1943 5115 2032 5176 fa-

401 5206 562 5260 ctum
595 5199 931 5273 (admodum
964 5198 1134 5279 pauci
1163 5202 1323 5271 sunt,
1357 5203 1446 5256 sat
1477 5194 1625 5267 scio,
1659 5199 1757 5278 qui
1801 5201 1926 5264 haec
1955 5205 2031 5266 li-

402 5288 581 5369 quido
626 5287 782 5368 apud
827 5287 1091 5350 animum
1143 5302 1315 5347 suum
1351 5286 1740 5366 contemplati
1776 5290 2032 5372 fuerunt)

485 5463 546 5518 43
570 5461 728 5531 Pal.
757 5479 946 5541 van,
980 5463 1039 5528 3.
1125 5463 1186 5516 ιο
1211 5463 1343 5528 Act.
1376 5480 1456 5544 nr,
1489 5465 1548 5528 8.

2121 4319 2238 4379 mei
2270 4320 2671 4398 aegritudines,
2726 4329 2790 4381 ut
2841 4321 3002 4404 sicca
3053 4323 3369 4402 emplastra
3425 4332 3483 4386 et
3538 4328 3760 4388 ustnria

2118 4407 2464 4487 imponant,
2516 4428 2646 4490 quae
2702 4409 2931 4471 fortifer
2987 4411 3254 4473 sanitatis
3329 4416 3759 4494 recuperandae

2120 4515 2296 4558 causa
2341 4499 2715 4561 sustineam?
2753 4500 2869 4562 Sed
2905 4500 3093 4580 potius
3146 4500 3298 4562 addo
3330 4503 3572 4565 vulnera
3602 4524 3757 4584 quo-

2121 4585 2284 4648 tidie.

2201 4679 2278 4738 At
2300 4683 2382 4750 tu,
2412 4695 2445 4738 ο
2468 4679 2624 4739 Deus
2655 4697 2842 4752 meus,
2871 4679 3158 4740 miserere
3190 4679 3450 4760 mei,qui
3477 4681 3764 4764 deceptus

2121 4781 2249 4824 sum
2280 4771 2338 4825 et
2365 4766 2592 4841 erravi;
2651 4773 2710 4827 et
2763 4766 3035 4828 timorem
3093 4775 3255 4827 tuum
3313 4767 3512 4830 insere
3567 4769 3627 4829 in
3659 4788 3765 4830 cor

2122 4871 2347 4928 meum,
2379 4861 2443 4914 ut
2470 4855 2797 4916 secundum
2857 4857 3135 4919 mandata
3181 4863 3280 4917 tua
3327 4857 3613 4919 mundum
3664 4859 3762 4919 fu-

2118 4941 2296 5019 giam,
2334 4949 2391 5002 et
2420 4943 2670 5017 oderim,
2703 4953 2760 5006 et
2789 4945 3015 5007 salubri
3063 4953 3222 5006 metu
3263 4949 3610 5008 contraham
3666 4967 3762 5009 me

2120 5031 2441 5110 sapienter.
2473 5031 2559 5093 Ne
2591 5033 2773 5108 sinas,
2808 5034 3063 5114 Christe,
3119 5052 3211 5094 me
3257 5034 3315 5094 in
3367 5038 3564 5098 medio
3600 5036 3762 5098 illius

2121 5117 2401 5180 oberrare
2430 5121 2777 5201 vagarique;
2807 5141 2942 5183 nam
2978 5131 3034 5183 te
3064 5123 3279 5198 solum,
3313 5123 3598 5187 hactenus
3642 5145 3761 5186 non

2117 5208 2423 5286 dilectum,
2443 5209 2645 5288 diligo,
2675 5220 2734 5271 et
2766 5221 2864 5273 tua
2892 5210 3082 5272 solum
3115 5225 3413 5292 praecepta
3442 5233 3540 5276 me
3567 5233 3766 5277 serva-

2115 5304 2312 5362 turum
2343 5299 2597 5375 confido,
2633 5301 2735 5380 qui
2770 5309 2927 5364 totus
2955 5301 3168 5364 sumin
3187 5301 3360 5378 vitiis,
3398 5321 3509 5366 nec
3538 5323 3761 5385 cogno-
