4112 6106
289 302 404 370 525
1429 307 1870 375 DIVINORUM
1911 294 2240 372 AMORUM
2287 304 2516 375 LIBER
3537 311 3658 378 526

286 437 338 499 vi
368 447 447 501 te.
490 439 635 512 Quis
663 441 883 503 etenim
926 449 984 504 te
1021 443 1317 523 cognovit,
1352 451 1411 504 et
1444 443 1649 506 mundi
1679 443 1925 522 gloriam
1947 455 1990 502 Α
2012 443 2145 505 sine
2174 462 2377 524 sensu,
2418 443 2606 507 instar
2627 444 2734 507 luti
2757 454 2867 508 est.
2899 447 3103 508 Totam
3137 448 3352 510 animaa
3391 445 3655 510 hominis

287 527 628 592 desiderat?
675 539 775 592 aut
820 530 952 613 quis
1003 539 1059 592 te
1109 540 1284 608 amat,
1321 540 1380 594 et
1433 540 1650 612 praeter
1684 542 1740 594 te
1768 533 1924 594 aliud
2007 533 2366 594 voluntatem
2397 552 2573 594 unam
2623 547 2764 596 esse
2805 541 2964 614 puto.
3016 535 3127 607 Qui
3164 553 3302 614 ergo
3347 555 3514 598 suam
3550 537 3648 600 di-

282 618 520 696 quaarit?
555 638 768 699 nempe
793 628 1084 680 utomnes
1123 620 1194 681 ad
1225 639 1291 683 se
1312 621 1696 696 laudandum,
1732 630 1790 684 et
1818 622 1926 684 ad-
2007 621 2142 681 vino
2207 622 2456 702 Spiritui
2511 623 2917 702 conjunxerit,
2971 625 3092 686 Deo
3152 625 3364 686 similis
3420 625 3648 700 evasit;

284 703 617 767 mirandum
647 708 917 784 advocet;
949 717 1049 770 aut
1077 709 1432 789 quibusdam
1464 711 1784 785 aduletur;
1827 719 1928 773 aut
2008 707 2238 772 Christo
2269 710 2330 770 in
2363 719 2565 790 pectus
2603 720 2868 791 accepto,
2923 713 3290 776 Christianus
3337 733 3372 776 a
3419 712 3648 776 Christo

283 793 546 854 omnium
571 797 862 858 amicitias
885 796 998 859 sibi
1020 797 1342 860 conciliare
1374 798 1779 862 studeat.Ha3c
1801 800 1927 861 nul-
2018 807 2128 872 est,
2159 799 2460 862 Christum
2491 801 2804 862 formatum
2839 801 2901 862 in
2932 802 3152 882 seipso,
3187 803 3654 884 incomprehen-

283 881 374 943 lus
403 901 710 946 servorum
759 894 996 947 tuorum
1045 905 1462 963 germanorum
1515 888 1702 962 fecit;
1736 890 1937 950 ethoc
2021 905 2175 962 sum,
2212 887 2426 962 solum,
2460 897 2519 950 et
2545 908 2748 951 revera
2795 881 3074 952 omnibus
3128 881 3406 956 conditis
3426 893 3652 956 naturis

285 978 375 1032 est
413 972 572 1051 quod
627 993 719 1036 me
774 974 1027 1052 cruciat,
1062 984 1121 1037 et
1149 977 1210 1037 in
1245 976 1550 1038 tristitiam
1602 977 1726 1056 dat,
1777 979 1940 1039 Deus
2022 975 2396 1037 inaccessum
2429 978 2600 1058 plane
2629 979 2688 1039 in
2721 995 2786 1043 se
2816 979 3150 1044 continens.
3203 979 3345 1052 Sed,
3379 1001 3413 1043 ο
3446 990 3654 1045 natura

282 1078 474 1133 meus,
507 1060 647 1141 quia
675 1063 846 1125 video
894 1083 990 1125 me
1039 1063 1102 1124 in
1154 1065 1247 1126 his
1277 1066 1565 1128 servitute
1596 1066 1948 1151 subactum,
2024 1064 2396 1138 intemerata,
2450 1067 2706 1128 essentia
2759 1068 3010 1144 occulta,
3071 1069 3270 1148 ignota
3322 1070 3654 1150 benignitas

285 1167 394 1210 nec
423 1152 767 1230 persuaderi
809 1153 870 1214 in
919 1153 1165 1214 alteram
1200 1162 1446 1233 partem,
1485 1174 1595 1216 nec
1630 1155 1931 1218 humiliari
2030 1152 2301 1230 plurimis
2329 1154 2693 1229 hominibus,
2727 1157 3135 1220 misericordia
3161 1177 3293 1239 quae
3339 1179 3459 1221 non
3487 1160 3656 1223 vide-

285 1256 546 1316 possum,
574 1260 685 1302 nec
707 1249 863 1303 tuam
888 1241 1073 1304 solius
1104 1243 1349 1320 gloriam
1376 1262 1641 1326 quan-ere
1665 1246 1926 1318 instituo,
2014 1247 2108 1299 tur
2145 1258 2180 1300 a
2225 1240 2400 1302 stulte
2457 1241 2781 1306 viventibus
2833 1244 3221 1327 invariabilis,
3281 1247 3650 1324 insecabilis,

284 1344 390 1406 per
420 1347 596 1404 quam
645 1330 1022 1392 demonstrer
1065 1331 1282 1405 ﬁdelis,
1335 1351 1403 1394 ac
1447 1351 1651 1394 servus
1683 1343 1836 1407 tuus,
1873 1342 1932 1395 et
2012 1335 2102 1420 ter
2131 1341 2332 1420 saucia
2363 1331 2640 1408 essentia,
2673 1333 2924 1413 simplex
2957 1335 3186 1406 lumen.
3210 1343 3269 1398 et
3289 1355 3500 1399 081⁸8118
3523 1356 3656 1420 Spe-

283 1432 387 1493 per
417 1435 595 1494 quam
626 1419 947 1500 (praecipue
977 1418 1039 1479 in
1071 1420 1294 1482 vilitate
1329 1430 1388 1482 et
1419 1422 1826 1494 mendicitate,
1861 1440 1929 1483 ac
2011 1416 2124 1490 cie,
2161 1417 2406 1508 minime
2436 1419 2849 1501 compositum,
2895 1422 3346 1505 incorporeum,
3379 1416 3657 1508 quodque

281 1501 607 1596 laboribus)
641 1526 761 1596 non
795 1508 1225 1596 potentioribus
1259 1511 1585 1585 modo,sed
1609 1511 1928 1592 etregibus
2011 1523 2044 1564 a
2092 1505 2263 1596 nulla
2307 1514 2516 1568 natura
2565 1509 2697 1589 capi
2749 1517 2926 1590 atque
2975 1501 3415 1592 comprehendi
3465 1501 3653 1596 potes,

283 1610 435 1672 queo
467 1594 950 1660 ﬁerisublimior.
976 1598 1246 1660 Flectere
1268 1597 1445 1677 igitur
1474 1599 1631 1661 Deus
1661 1599 1928 1660 omnium
2011 1593 2328 1672 quomodo,
2369 1614 2402 1655 o
2453 1614 2580 1670 rex,
2636 1597 2823 1658 oculis
2876 1599 3153 1662 humanis
3203 1593 3565 1681 objectus—es
3595 1593 3660 1666 ut

282 1679 590 1759 opifex,ad
615 1682 989 1746 tribuendam
1013 1686 1486 1748 misericordiam
1516 1689 1729 1749 animae
1753 1706 1920 1762 meae,
1951 1699 1988 1747 Β
2013 1699 2141 1760 ego.
2178 1682 2448 1760 cognitus
2479 1685 2550 1746 ab
2589 1686 2680 1746 his
2705 1685 2807 1766 qui
2850 1685 2914 1747 in
2955 1688 3174 1750 mundo
3202 1679 3364 1767 Sunt,
3393 1700 3658 1771 gestatus

283 1769 385 1848 qui
409 1769 562 1859 bene
584 1780 648 1832 ut
670 1791 887 1849 essem,
907 1774 1120 1836 dedisti
1149 1775 1313 1847 mihi,
1336 1785 1394 1838 et
1416 1778 1816 1855 cognitionem
1837 1796 1932 1838 ve-
2014 1778 2232 1832 sanClEB
2279 1773 2476 1833 Matris
2509 1781 2624 1836 tua:
2668 1774 2966 1848 manibUS,
2998 1776 3208 1855 ligatus
3239 1787 3303 1840 ut
3333 1769 3654 1859 homicida,

283 1875 407 1918 ram
444 1858 682 1938 largire,
738 1869 803 1924 ut
855 1862 1028 1924 bonis
1058 1863 1173 1924 tuis
1207 1865 1442 1926 aeternis
1471 1866 1532 1926 in
1563 1867 1702 1930 solis
1732 1866 1932 1928 seiens
2014 1875 2218 1937 passus
2251 1869 2313 1920 ul
2341 1861 2661 1939 maleﬁcus,
2696 1862 2836 1924 dum
2867 1883 2961 1925 me
2993 1883 3234 1944 PPOI'SUS
3283 1867 3507 1931 salvam
3543 1858 3654 1943 Visi

285 1955 342 2006 et
373 1948 640 2026 prudens
671 1950 1016 2026 inhaeream,
1050 1952 1421 2033 gleriamque
1456 1963 1610 2016 tuam
1634 1975 1702 2016 ex
1734 1959 1931 2020 animo
2013 1955 2073 2010 et
2102 1947 2163 2009 in
2201 1949 2540 2030 paradisum
2580 1951 2784 2029 gloriae
2813 1951 3009 2013 denuo
3051 1953 3366 2019 reducere.
3400 1956 3537 2019 Haec
3568 1967 3658 2020 est

287 2033 532 2114 diligam
564 2045 622 2098 et
651 2057 937 2118 quaeram,
971 2041 1292 2102 humanam
1323 2051 1711 2105 acteirenam
1743 2047 1917 2108 neuti-

2013 2038 2344 2100 aaconomia
2377 2046 2495 2120 tua,
2529 2040 2655 2101 haec
2681 2058 2857 2102 causa
2885 2041 3174 2104 adventus
3197 2042 3305 2120 tui,
3330 2043 3456 2106 hzec
3479 2046 3656 2108 mise-

281 2142 454 2204 quam
488 2144 732 2201 curem;
765 2139 830 2188 ut
871 2127 978 2189 tibi
1011 2148 1192 2198 nunc,
1227 2139 1286 2192 et
1314 2139 1447 2212 post
1475 2141 1725 2195 mortem
1771 2154 1913 2197 con.
1999 2125 2278 2206 ricordia,
2317 2135 2375 2188 et
2419 2129 2762 2191 humanitas
2811 2137 2929 2204 tua,
2981 2129 3260 2190 omnibus
3303 2133 3654 2196 mortalibus

271 2212 518 2292 jungam
551 2224 609 2277 ει
637 2235 869 2279 merear
897 2235 1147 2298 regnare
1192 2227 1410 2300 tecum,
1443 2221 1708 2303 quigmea
1743 2243 1920 2286 causa
1999 2214 2172 2276 nobis
2205 2215 2486 2292 exhibita,
2523 2217 2822 2298 ﬁdelibus,
2849 2218 3212 2294 inﬁdelibus,
3241 2220 3495 2284 ethnicis
3516 2241 3655 2303 pec-

279 2301 737 2379 ignominiosam
755 2323 962 2367 necem
980 2325 1044 2368 es
1057 2326 1427 2388 perpesssus,
1446 2301 1505 2371 et
1517 2301 1752 2373 omnem
1766 2332 1919 2375 (eco-

279 2391 540 2452 nomiam
570 2392 908 2473 implevisti.
931 2393 1097 2457 Tunc
1124 2397 1469 2458 mortalibus
1498 2399 1786 2462 universis
1816 2420 1918 2463 ero

281 2477 585 2541 illustrior.
620 2482 831 2544 Amen.
867 2483 952 2546 Ita
981 2485 1100 2560 ﬁat,
1135 2484 1408 2565 Domine,
1438 2505 1594 2549 nunc
1625 2496 1685 2550 et
1710 2489 1773 2552 in
1804 2508 1918 2552 sae-

283 2567 436 2629 Cula.

884 2675 1127 2739 CAPUT
1171 2676 1324 2740 XIII.

279 2775 369 2832 Ad
392 2779 769 2854 paenitentiam
789 2781 1120 2854 cohortatio,
1151 2785 1204 2838 et
1230 2785 1498 2854 quomodo
1523 2786 1774 2843 voluntas
1801 2801 1923 2842 ear-

352 2849 799 2925 nis.__votuntoti
847 2854 1076 2925 spiritus
1131 2849 1420 2925 copulata,
1483 2856 1759 2914 hominem
1811 2858 1924 2914 Deo

351 2919 586 2976 similem
614 2922 827 2978 reddat.

2001 2303 2326 2380 catoribus,
2361 2313 2422 2367 et
2451 2307 2695 2369 sanctis.
2734 2309 2912 2370 Facta
2935 2315 3025 2368 est
3051 2307 3212 2368 enim
3241 2310 3532 2390 apparitio
3559 2323 3658 2375 tua

2001 2396 2067 2456 in
2101 2410 2276 2453 carne
2307 2394 2643 2456 communis
2691 2394 2957 2458 omnium
3003 2395 3265 2458 vivorum
3295 2415 3366 2460 ac
3389 2407 3654 2462 mortuo-

2001 2498 2132 2540 rum
2178 2481 2334 2543 salus
2366 2490 2424 2545 et
2445 2482 2806 2565 redemptio.

2087 2568 2250 2641 Quod
2275 2580 2473 2634 autem
2506 2573 2569 2632 in
2601 2591 2693 2633 me
2725 2572 2955 2653 perdito
2987 2574 3245 2649 occulte,
3281 2585 3339 2637 et
3382 2595 3650 2642 seorsum

2007 2658 2340 2735 ignorantia
2386 2660 2770 2737 cagnoscibili
2819 2662 2967 2723 mihi
3011 2663 3253 2742 quidem
3300 2673 3485 2741 certe,
3519 2669 3652 2731 aliis

2006 2754 2202 2806 autem
2228 2766 2367 2828 non,
2392 2748 2720 2826 perfectum
2753 2757 2866 2825 est,
2911 2769 3042 2830 quae
3069 2751 3270 2829 lingua
3298 2753 3655 2834 eloquetur?

2007 2854 2138 2916 quae
2170 2855 2338 2898 mens
2358 2838 2844 2918 interpretabitnr
2863 2838 2892 2898 ‘?
2916 2839 3048 2920 quis
3071 2859 3268 2902 sermo
3291 2843 3647 2924 enuntiabit,

2009 2933 2148 2987 utet
2178 2944 2386 2987 manus
2435 2945 2567 2988 mea
2614 2926 2828 2990 litteris
2879 2927 3120 2990 exaret?
3161 2947 3300 2992 vero
3333 2931 3492 2992 enim
3526 2941 3652 2995 tre-

363 3017 669 3097 lllacrymo
702 3029 759 3081 el,
785 3040 1172 3101 compungor,
1208 3044 1340 3086 cum
1391 3025 1540 3087 mihi
1569 3025 1773 3087 lumen
1805 3025 1922 3087 ful—
2010 3015 2316 3092 mendum,
2357 3017 2729 3080 tremendum
2761 3025 2872 3093 est,
2908 3019 3170 3100 inquam,
3208 3038 3320 3082 nec
3361 3022 3502 3084 satis
3531 3023 3652 3085 dici

282 3105 360 3166 sit
388 3107 673 3189 videoque
701 3109 1142 3173 mendicitatem
1173 3129 1390 3194 meam,
1420 3123 1478 3175 et
1497 3133 1794 3190 cognosco
1824 3105 1988 3175 nbiC
2012 3112 2225 3194 ροίθει,
2258 3106 2412 3186 quod
2439 3125 2472 3168 ἃ
2504 3126 2597 3168 me
2625 3106 2858 3169 Videtur
2915 3107 3142 3189 lumen,
3186 3109 3343 3188 quod
3394 3112 3651 3174 mundus

281 3213 437 3266 sum.
473 3205 532 3258 et
557 3197 792 3277 qualem
824 3200 1110 3260 mundum
1131 3200 1430 3277 incolam,
1466 3202 1732 3264 mortalis
1761 3221 1926 3265 mor-

284 3284 460 3345 talem
485 3293 544 3346 et
564 3287 940 3348 interiturum
965 3289 1216 3351 scilicet.
1245 3291 1517 3352 Delector
1537 3310 1674 3353 vero
1704 3299 1763 3353 et
1789 3311 1926 3371 gan-

283 3371 421 3446 deo,
469 3375 702 3454 quoties
747 3383 962 3437 statum
1010 3395 1207 3437 meum
1251 3386 1310 3440 et
1337 3397 1686 3441 concessam
1717 3381 1864 3442 mihi
1895 3401 1929 3442 a

284 3460 409 3522 Deo
438 3463 689 3540 gloriam
723 3465 1043 3546 perspicio,
1074 3485 1143 3526 ac
1174 3485 1270 3528 me
1299 3467 1457 3528 velut
1499 3471 1772 3546 angelum
1801 3469 1924 3531 Do-

287 3549 436 3611 mini
458 3559 642 3612 totum
665 3552 1009 3614 indumento
1034 3571 1151 3614 non
1178 3555 1466 3617 materiali
1492 3565 1764 3618 ornatum
1783 3575 1926 3619 con-

276 3639 462 3717 jecto.
502 3638 791 3701 Gaudium
815 3641 992 3719 igitur
1021 3642 1316 3720 largitoris
1345 3651 1401 3705 et
1427 3645 1794 3706 immutantis
1826 3665 1922 3707 me

282 3727 389 3789 Dei
415 3729 777 3790 desiderium
808 3731 868 3790 in
902 3749 996 3790 me
1035 3736 1374 3812 exsuscitat,
1430 3733 1795 3794 desiderium
1829 3736 1920 3796 la-

282 3837 610 3898 crymarum
643 3820 862 3879 ﬂuenta
892 3819 1172 3898 proludit,
1209 3828 1267 3881 et
1297 3840 1390 3881 me
1420 3821 1661 3884 uberius
1689 3823 1918 3884 illumi-

280 3915 400 3970 nat.
431 3907 664 3978 Audite,
699 3908 800 3988 qni
830 3908 888 3969 in
919 3906 1132 3984 Deum,
1166 3917 1228 3970 ut
1251 3925 1384 3990 ego,
1421 3911 1699 3990 peccatis;
1726 3913 1919 3973 elabo-

275 4004 404 4057 rate
435 4005 492 4058 et
513 3996 732 4058 currite
754 3996 815 4056 in
840 3995 1013 4058 bonis
1040 3996 1344 4080 operibus,
1371 4008 1432 4060 ut
1452 3999 1917 4080 comprehenda-

279 4085 376 4161 tis,
409 4093 468 4147 et
494 4085 968 4166 complectamini
1001 4085 1154 4165 ignis
1201 4091 1447 4149 materia
1491 4089 1750 4151 vacantis
1784 4109 1915 4150 ma-

278 4175 488 4235 teriam
519 4175 680 4254 (cum
710 4174 846 4236 dico
878 4178 1206 4257 materiam,
1233 4175 1489 4238 divinam
1520 4177 1625 4239 tibi
1649 4186 1914 4240 naturam

276 4264 575 4345 signiﬁco)
607 4272 665 4324 ct
685 4263 1017 4326 ascendatis
1040 4264 1499 4328 intellectualem
1518 4267 1732 4328 animai
1755 4267 1911 4329 lam-

2007 3193 2120 3254 iste
2155 3212 2273 3254 non
2307 3195 2507 3258 habet.
2550 3195 2620 3257 Et
2649 3194 2839 3274 diligit
2884 3215 3002 3271 me,
3038 3197 3141 3277 qui
3187 3197 3250 3258 in
3280 3197 3393 3260 hoc
3425 3201 3644 3262 mundo

2009 3301 2128 3343 non
2153 3292 2266 3344 est.
2299 3285 2372 3345 Et
2393 3303 2510 3362 ego
2538 3287 2595 3345 in
2629 3287 2824 3348 medio
2856 3286 3026 3346 cellae
3053 3303 3202 3348 mea;
3250 3287 3420 3350 video
3450 3289 3649 3365 illum,

2009 3370 2110 3450 qui
2139 3379 2301 3434 extra
2335 3373 2620 3434 mundum
2652 3383 2764 3436 est.
2797 3371 2987 3454 Super
3009 3375 3221 3436 lectulo
3255 3393 3386 3438 meo
3436 3377 3640 3459 sedeo,

2010 3468 2068 3520 et
2100 3468 2263 3521 extra
2303 3461 2588 3523 mundum
2619 3480 2841 3526 versor.
2872 3461 3018 3524 Eum
3049 3471 3248 3526 autem
3277 3464 3380 3544 qui
3407 3485 3652 3547 semper

2009 3557 2118 3630 est,
2154 3559 2212 3612 et
2243 3559 2435 3612 tamen
2465 3551 2700 3630 genitus
2743 3559 2833 3612 est
2879 3551 3071 3628 video,
3119 3553 3222 3632 qui
3272 3571 3406 3614 cum
3452 3563 3511 3616 et
3552 3556 3643 3617 lo-

2007 3657 2156 3718 quor
2205 3639 2513 3720 audeoque
2561 3639 2784 3714 dicere,
2840 3641 3012 3716 Amo,
3061 3641 3341 3722 quoniam
3397 3642 3500 3705 ille
3551 3663 3645 3706 me

2005 3736 2179 3789 amat.
2216 3726 2353 3790 Sola
2383 3731 2512 3808 ejus
2542 3730 2960 3808 contemplatio
2993 3730 3287 3809 praeclarae
3333 3732 3482 3792 mihi
3533 3732 3645 3794 da-

2005 3834 2108 3896 pes
2140 3825 2198 3877 et
2228 3817 2592 3880 nutrimenta
2620 3826 2778 3893 sunt;
2800 3817 3007 3898 illique
3031 3819 3230 3880 unitus
3260 3837 3439 3900 supra
3463 3823 3646 3883 ccelos

2002 3907 2247 3969 scando.
2278 3907 2348 3968 Et
2385 3908 2499 3969 hoc
2529 3925 2730 3966 verum
2767 3925 2834 3968 ac
2881 3913 3112 3968 certum
3155 3926 3287 3970 esse
3331 3909 3478 3974 scio.
3531 3910 3645 3974 Ubi

1998 4003 2196 4056 autem
2232 3996 2343 4056 hoc
2373 4013 2588 4075 corpus
2619 4003 2740 4054 tum
2771 3995 2870 4068 sit,
2899 3995 3123 4058 nescio.
3143 3995 3279 4057 Scio
3305 3997 3640 4062 descende-

1998 4101 2086 4157 re,
2115 4084 2215 4164 qui
2245 4093 2333 4145 est
2359 4083 2706 4144 immobilis.
2740 4083 2878 4146 Scio
2900 4102 2934 4144 a
2957 4103 3050 4144 me
3076 4084 3289 4158 videri,
3323 4104 3424 4166 qui
3464 4097 3642 4150 natu-

1996 4189 2062 4232 ra
2089 4180 2178 4233 est
2209 4170 2668 4252 inaspectabilis.
2717 4172 2876 4246 Scio,
2909 4171 3012 4251 qui
3061 4172 3133 4233 ab
3165 4174 3330 4234 omni
3377 4184 3648 4238 creatura

1995 4261 2169 4340 longe
2220 4261 2415 4336 distat,
2468 4260 2540 4321 ab
2599 4279 2669 4322 eo
2717 4260 2929 4340 accipi,
2995 4267 3054 4322 et
3104 4261 3262 4322 inter
3307 4263 3480 4325 ulnas
3513 4267 3646 4345 ejus

275 4353 513 4434 padem,
547 4363 611 4415 υι
651 4354 802 4416 ﬁalis
847 4355 1006 4416 soles
1052 4354 1114 4415 in
1161 4355 1382 4417 mundo
1433 4357 1799 4420 collucentes
1857 4349 2304 4435 etDabscondi,
2341 4358 2399 4410 et
2430 4358 2570 4411 tunc
2603 4360 2768 4412 extra
2798 4357 2987 4412 totum
3021 4350 3306 4412 mundum
3343 4371 3439 4415 me
3470 4357 3639 4417 inve-

277 4461 646 4523 nequaquam
677 4443 788 4504 visi
817 4445 892 4504 ab
916 4444 1008 4504 his
1036 4444 1136 4523 qui
1167 4444 1228 4505 in
1266 4445 1488 4506 mundo
1525 4455 1687 4521 sunt;
1709 4455 1774 4508 ut
1799 4447 1925 4517 sitis
2008 4439 2146 4501 niri.
2177 4437 2450 4500 Vicissim
2484 4456 2590 4517 ego
2619 4438 2908 4516 mortalis,
2941 4438 3079 4500 etin
3109 4439 3222 4500 hoc
3255 4441 3476 4503 mundo
3499 4461 3642 4524 par-

271 4529 429 4592 sicnt
457 4531 562 4606 dii,
598 4539 776 4592 totam
805 4531 912 4593 Dei
943 4531 1195 4610 gloriam
1227 4531 1380 4595 intra
1400 4552 1502 4594 vos
1529 4535 1918 4614 possidentes,

271 4618 336 4680 in
357 4619 588 4680 duabus
611 4620 1149 4700 essentiis,duabus
1171 4623 1414 4684 omnino
1444 4623 1922 4704 naturis,dnplici

268 4707 1680 4791 functione,geminavoluntate,quemadmodum
1700 4711 1911 4774 Paulus

269 4795 486 4858 clamat
513 4798 730 4860 47.Atia
758 4807 847 4860 est
876 4798 1169 4878 siquidem
1201 4801 1372 4861 ﬂuxae
1391 4800 1590 4862 carnis
1619 4801 1906 4878 voluntas,

267 4886 388 4948 alia
417 4885 662 4966 spiritus
693 4895 750 4948 et
777 4886 991 4948 animae
1015 4905 1198 4949 meae:
1225 4897 1630 4951 verumtamen
1655 4910 1773 4951 non
1806 4891 1905 4951 tri-

268 4975 537 5055 plex,sed
566 4976 781 5056 duplex
801 4983 861 5036 ut
882 4975 1079 5055 homo,
1107 4976 1490 5038 sum.Anima
1512 4996 1644 5039 mea
1673 4979 1908 5058 corpori

265 5081 404 5124 meo
457 5063 858 5145 inexplicabili
893 5065 1125 5125 vinculo
1175 5065 1446 5144 colligata
1497 5067 1910 5129 est.Attamen

263 5153 559 5215 utrumvis
579 5161 975 5232 congruenter
1002 5171 1110 5214 sua
1139 5157 1370 5234 quaerit,
1397 5156 1912 5236 corpus,comede-

261 5259 354 5316 re,
371 5240 1046 5323 bibere,dormire;quas
1059 5241 1231 5303 etiam
1248 5243 1442 5304 carnis
1457 5244 1916 5306 terrenzevolun-

265 5337 420 5392 tates
449 5330 882 5412 appello.Quod
909 5339 1218 5412 postquam
1250 5331 1323 5393 ab
1352 5331 1550 5394 anima
1577 5341 1912 5415 separatum

261 5418 465 5501 fuerit,
501 5420 650 5482 nihil
694 5419 920 5501 appetit
948 5421 1363 5500 hujuscemodi
1398 5423 1540 5483 :sed
1587 5431 1910 5500 mortuum,

341 5589 394 5638 17
425 5587 596 5652 Rom.
631 5606 734 5666 vn,
779 5590 849 5652 14
877 5607 1046 5672 seqq.

2007 4548 2115 4590 vus
2145 4536 2319 4608 atque
2349 4528 2614 4606 exiguus,
2649 4525 2802 4587 intra
2833 4545 2928 4588 me
2959 4535 3285 4590 creatorem
3319 4533 3526 4593 mundi
3558 4541 3643 4595 to-

2006 4627 2126 4678 tum
2159 4617 2383 4697 aspicio
2417 4634 2431 4678 :
2467 4624 2526 4676 et
2554 4615 2695 4676 dum
2744 4614 2900 4678 intra
2929 4615 3109 4678 vitam
3152 4635 3307 4694 sum,
3341 4627 3642 4702 totamque

2001 4707 2177 4767 vitam
2209 4707 2362 4767 intra
2389 4723 2482 4766 me
2512 4704 2806 4782 vigentem
2828 4711 2887 4764 et
2907 4705 3222 4767 ﬂorentem
3253 4708 3638 4787 complector,

1994 4812 2091 4856 me
2119 4813 2236 4856 non
2271 4795 2619 4855 moriturum
2649 4792 2798 4854 scio.
2832 4791 2899 4852 In
2930 4793 3111 4854 corde
3162 4812 3295 4855 meo
3331 4803 3443 4875 est,
3477 4805 3535 4857 et
3579 4797 3642 4858 in

1994 4882 2143 4944 coelo
2173 4902 2290 4944 non
2316 4882 2482 4943 deest
2517 4903 2531 4941 :
2570 4881 2667 4942 hic
2700 4889 2758 4941 et
2786 4880 2870 4941 ibi
2897 4900 2930 4942 a
2965 4900 3060 4942 me
3091 4883 3356 4943 cernitur
3391 4885 3640 4963 inquali-

1994 4979 2084 5034 ter
2113 4971 2725 5044 cornscans.Quonam
2776 4985 2974 5032 autem
3029 4973 3202 5033 modo
3251 4973 3643 5052 intelligentia

1995 5063 2134 5124 satis
2165 5081 2514 5143 consequar,
2548 5081 2666 5141 quo
2699 5067 2866 5140 pacto
2902 5061 2994 5120 hae
3024 5061 3204 5120 ﬁant?
3243 5070 3345 5122 aut
3385 5080 3640 5142 quomo-

1993 5151 2068 5214 do
2108 5151 2210 5212 tibi
2255 5170 2534 5213 enarrare
2578 5158 2811 5230 potero,
2857 5166 2988 5228 qua;
3035 5148 3304 5227 intelligo
3337 5158 3396 5210 et
3421 5150 3639 5214 video?

1999 5239 2146 5303 Sunt
2169 5241 2326 5301 enim
2354 5241 2613 5320 profecto
2637 5239 2817 5299 eil‘atn
2843 5235 3250 5316 impossibilia,
3282 5246 3342 5297 et
3364 5237 3638 5302 universe

1995 5330 2440 5405 inenarrabilia,
2477 5348 2606 5410 quae
2627 5327 2834 5389 oculus
2863 5343 2986 5386 non
3017 5323 3181 5399 vidit,
3216 5343 3328 5388 nec
3353 5326 3512 5387 auris
3532 5345 3635 5389 au-

1995 5420 2158 5496 divit,
2189 5428 2246 5480 et
2277 5418 2335 5478 in
2372 5436 2474 5478 cor
2502 5417 2738 5478 carnale
2789 5433 2905 5474 non
2952 5415 3348 5475 ascenderunt
3368 5415 3443 5474 48.
3480 5416 3630 5479 Gra-

1135 5592 1336 5654 1813a.
1370 5608 1530 5667 LXIV,
1568 5593 1601 5655 4
1639 5615 1653 5666 ;
1689 5591 1711 5654 l
1745 5593 1878 5654 Cor.
1915 5607 1976 5672 ιι,
2014 5590 2074 5652 9.
