4112 6106
374 287 491 356 527

1657 284 1965 351 SYMEON
1971 285 2041 349 IS
2081 286 2454 351 JUNIORIS.

3625 287 3748 353 528

374 426 490 488 tias
517 443 627 505 ago
654 411 785 503 tibi,
830 423 1107 500 Domine,
1155 423 1440 504 quoniam
1483 423 1764 486 misertus
1809 440 1873 484 es
1904 421 2022 484 mei
2041 434 2082 481 Α
2105 431 2167 484 ut
2198 422 2317 484 mei
2349 422 2635 486 misertus
2664 424 2922 486 salvares
2952 443 3068 488 me.
3106 425 3230 488 Hoc
3261 431 3424 487 certa
3453 424 3571 488 ﬁde
3601 442 3748 505 per-

376 522 436 577 et
463 514 693 576 donasti
715 513 884 593 mihi,
919 519 983 574 ut
1010 513 1137 574 hac
1164 512 1452 589 viderem,
1472 519 1530 574 et
1545 510 2012 586 conscriberem,

375 602 748 684 posterisque
776 602 925 662 meis
955 600 1340 681 pradicarem
1373 600 1800 680 benignitatem
1825 606 2016 672 tuam;

375 699 440 754 ut
465 698 528 752 et
551 709 711 751 nunc
741 707 910 751 sacra
939 689 1048 751 hac
1079 689 1350 751 doctrina
1396 688 1742 751 imbuantur
1791 686 2016 768 papuli,

373 779 564 842 tribus
594 786 654 842 et
680 779 913 857 lingua,
949 778 1106 858 quod
1138 779 1405 840 omnium
1448 778 1674 840 fervide
1721 776 2018 857 pauitan-

371 869 522 932 tium
553 868 878 941 misereris;
911 867 1066 928 sicut
1094 868 1503 945 apostolorum
1537 876 1792 944 tuorum,
1821 872 1880 926 et
1901 883 2022 925 om-

375 957 538 1020 nium
570 966 906 1020 sanctorum
951 956 1228 1019 misertus
1260 975 1347 1018 es.
1379 955 1690 1018 Benefacis
1742 954 1882 1026 illis,
1919 971 2022 1014 eos

377 1047 657 1123 honoras,
690 1055 749 1107 et
772 1044 1090 1125 gloriﬁcas,
1142 1044 1300 1106 Deus
1341 1062 1550 1120 meus;
1585 1051 1649 1105 ut
1678 1061 1812 1106 cum
1853 1040 2018 1103 desi-

378 1135 546 1198 derio
578 1135 786 1211 multo,
818 1135 1107 1196 ettimore
1139 1142 1195 1195 te
1226 1133 1626 1214 exquirentes,
1663 1139 1722 1193 et
1750 1131 1824 1193 ad
1846 1140 1903 1192 te
1928 1148 2020 1190 so-

377 1226 501 1287 lum
528 1225 739 1289 mundi
769 1223 1046 1304 opiﬁcem
1076 1241 1429 1304 conversos,
1463 1241 1641 1304 quem
1681 1221 1854 1283 decet
1886 1220 2020 1300 glo-

377 1313 491 1392 ria,
553 1314 766 1388 honor,
820 1311 1166 1394 imperium,
1217 1312 1518 1391 majestas,
1566 1317 1632 1372 ut
1687 1327 1917 1388 regem,
1965 1316 2023 1369 et

337 1413 344 1422 '
377 1401 592 1478 Deum,
623 1421 693 1465 ac
723 1402 1042 1465 Dominum
1071 1401 1356 1476 universi,
1393 1417 1552 1462 nunc
1581 1407 1641 1461 et
1669 1399 2021 1462 innumera-

380 1489 604 1555 bilibus
631 1491 984 1554 saculorum
1013 1489 1304 1552 aetatibus.
1339 1493 1554 1551 Amen.

985 1607 1230 1672 CAPUT
1274 1605 1427 1672 XIV.

2099 529 2339 573 suasum
2374 511 2624 588 habens,
2675 531 2708 573 a
2754 513 2946 591 gratia
2978 522 3075 575 tua
3106 514 3389 593 gaudium
3428 513 3746 594 carpebam

2099 599 2479 679 inexplebile,
2516 608 2574 661 et
2614 601 2801 664 solida
2831 621 2936 682 spe
2979 603 3370 665 sustentabar.
3399 601 3485 664 De
3512 601 3747 663 duobus

2102 697 2294 750 autem
2328 688 2446 750 illis
2475 691 2754 752 extremis
2783 691 2925 772 quid
2960 691 3151 753 dicam
3186 691 3410 760 nescio,
3451 711 3584 772 qua
3612 690 3742 765 tibi,

2101 774 2226 837 Rex
2256 795 2441 854 meus,
2476 779 2535 840 in
2571 797 2665 840 me
2695 779 2824 840 ﬁeri
2856 778 3270 860 complacitum
3302 787 3409 854 est,
3443 798 3574 860 qna
3611 779 3746 841 ani—

2106 883 2216 926 ma
2243 883 2314 926 ac
2346 866 2529 928 menti
2562 866 2952 947 privationem
2984 867 3259 943 afferunt,
3294 869 3749 948 functionesque

2104 961 2162 1015 et
2191 954 2614 1034 intelligentias
2641 976 2849 1018 omnes
2879 957 3234 1038 impediunt.
3259 955 3409 1029 Quin
3443 965 3502 1019 et
3524 956 3750 1036 magni-

2102 1046 2308 1108 tudine
2351 1048 2553 1127 gloria
2585 1058 2698 1111 tua
2725 1059 2983 1129 gravant,
3039 1059 3096 1111 et
3140 1050 3328 1112 ferme
3375 1057 3751 1112 commovent

2103 1153 2198 1196 me
2229 1135 2302 1196 ad
2334 1139 2708 1215 cessandum,
2747 1146 2808 1201 ut
2853 1139 3008 1202 nihil
3054 1141 3280 1220 loquar,
3316 1140 3462 1200 nihil
3509 1139 3746 1210 faciam,

2101 1224 2251 1285 nihil
2282 1226 2494 1287 horum
2526 1228 2834 1307 attingam.

2181 1313 2408 1396 Estuo,
2457 1322 2516 1377 et
2569 1316 2870 1379 admirans
2925 1318 3266 1399 contristor,
3327 1317 3483 1399 quod
3536 1316 3609 1379 ad
3648 1336 3748 1379 res

2104 1401 2272 1475 tales,
2306 1410 2422 1465 tam
2454 1414 2857 1470 sacrosanctas
2890 1428 2985 1471 me
3014 1407 3309 1484 dederim,
3342 1415 3404 1469 ut
3433 1406 3744 1486 servirem,

2106 1496 2167 1577 et
2207 1489 2485 1569 liturgum
2507 1511 2745 1572 agerem
2777 1495 2838 1555 in
2870 1495 2944 1556 iis
2976 1513 3084 1575 ego
3115 1496 3319 1577 miser,
3354 1514 3483 1576 qua
3524 1493 3751 1555 intueri

2107 1575 2292 1638 libere
2320 1580 2515 1656 angeli
2542 1591 2844 1659 verentur;
2879 1586 3185 1664 propheta
3214 1575 3350 1645 cum
3374 1575 3604 1647 timore
3636 1602 3744 1644 co-

387 1699 748 1767 Gratiarum
773 1701 934 1762 actio
1098 1699 1310 1774 Deum,
1328 1670 1594 1777 propter
1623 1695 1785 1758 dona
1813 1691 2029 1777 quibus

2115 1675 2465 1768 gnoverunt,
2497 1670 2669 1732 simul
2714 1673 2789 1734 de
2829 1673 3106 1752 gloriosa,
3153 1683 3209 1735 et
3251 1673 3751 1753 incomprellensa

476 1789 547 1846 ab
571 1798 640 1843 eo
662 1781 948 1859 dignatus
985 1787 1094 1841 est.
1122 1773 1586 1859 Praposz’tu’rw,
1617 1793 1688 1839 ac
1708 1773 2032 1859 sacerdotii

468 1853 827 1951 dignitatern
856 1859 1004 1938 ipsis
1047 1853 1286 1938 quoque
1314 1857 1549 1938 angelis
1597 1853 2022 1928 venerabilem,

467 1957 540 2002 ac
568 1955 936 2020 suspwtenm
964 1956 1113 2000 esse.

465 2040 612 2121 Ego,
645 2039 920 2116 Domine,
948 2039 1180 2101 etiamsi
1210 2039 1372 2120 loqui
1391 2038 1592 2113 velim,
1617 2055 1737 2099 non
1759 2053 2023 2118 possum.

2109 1757 2506 1819 aconominia
2529 1760 2880 1822 audiverunt
2901 1781 2914 1821 :
2933 1762 3208 1843 apostoli,
3235 1771 3547 1843 martyres,
3570 1769 3629 1823 et
3647 1762 3754 1823 do-

2106 1850 2334 1905 ctorum
2386 1846 2604 1910 chorus
2651 1849 2908 1912 clamant
2956 1859 3015 1912 et
3041 1851 3460 1925 vociferantur,
3493 1869 3557 1912 se
3584 1849 3751 1911 indi-

2107 1950 2254 2010 gnos
2286 1935 2478 2014 palam
2511 1937 2920 2017 pradicantes.
2943 1940 3067 2018 Ego
3099 1948 3294 2002 autem
3326 1939 3614 2020 perditus,
3639 1957 3750 2018 ego

2107 2020 2449 2096 fornicator,
2482 2027 2778 2106 quomodo
2826 2029 3072 2090 fratrum
3103 2037 3324 2108 rector,
3373 2028 3750 2090 divinorum-

387 2114 541 2204 Quid
571 2114 732 2193 enim
761 2114 1000 2191 tandem
1031 2129 1261 2209 loquar,
1289 2114 1431 2190 cum
1463 2114 2024 2200 consiliis,'actioni-
2101 2129 2216 2209 que
2231 2114 3744 2209 mysteriorum‘sacerdos,etTrinitatisimmaculata

386 2219 499 2283 bus
542 2226 602 2282 et
648 2217 927 2280 omnibus
973 2217 1433 2297 cogitationibus
1478 2215 1822 2277 immundus
1865 2211 2025 2274 sim?

386 2307 784 2371 Nihilominus
829 2308 1130 2368 vulnerata
1179 2314 1269 2368 est
1322 2305 1522 2367 anima
1569 2322 1720 2378 mea,
1755 2311 1813 2365 et
1863 2301 2029 2362 intus

388 2397 596 2473 ardeo,
625 2396 872 2476 cupiens
903 2404 962 2458 te
988 2394 1211 2476 alloqui
1240 2394 1448 2456 saltem
1477 2389 2029 2472 aliquantum,Deus

390 2503 580 2549 meus.
639 2481 829 2546 Video
879 2483 1041 2545 enim
1094 2490 1336 2558 memet,
1383 2484 1539 2564 quod
1581 2482 1722 2555 scis,
1772 2489 1830 2542 et
1857 2479 2028 2542 video

391 2570 690 2654 quomodo
716 2571 984 2634 membra
1016 2571 1217 2633 omnia
1246 2571 1512 2652 corporis
1543 2579 1602 2634 et
1632 2570 1845 2632 anima
1881 2585 2032 2628 mea

393 2661 466 2723 ab
496 2661 626 2740 ipso
651 2666 784 2721 ortu
814 2659 1281 2740 inquinaverim,
1312 2667 1467 2722 totus
1499 2666 1809 2738 peccatum
1834 2657 1984 2737 (18).

472 2747 795 2812 Considero
866 2747 1374 2828 misericordiam,
1440 2746 1910 2826 benignitatem,
1973 2753 2030 2807 et

391 2836 581 2899 multa
608 2835 765 2898 bona
790 2843 890 2897 tua
919 2854 1048 2916 qua
1077 2836 1142 2897 in
1169 2854 1267 2898 me
1295 2845 1572 2917 operatus
1603 2855 1689 2911 es,
1723 2844 1782 2897 et
1811 2834 2026 2896 obmu—

2107 2199 2378 2262 minister
2405 2203 2584 2265 sum?
2614 2203 2860 2277 Quando
2893 2207 3053 2268 enim
3084 2207 3253 2288 panis
3283 2207 3543 2286 ponitur,
3572 2215 3631 2268 et
3657 2205 3751 2267 vi-

2109 2306 2251 2349 num
2292 2290 2567 2354 hauritur
2609 2297 2681 2357 ad
2719 2313 2934 2375 corpus
2988 2303 3046 2356 et
3098 2295 3446 2375 sanguinem
3495 2305 3684 2376 tuum,
3719 2314 3754 2356 ο

2109 2377 2393 2456 Verbum,
2439 2382 2898 2460 conﬁciendum,
2955 2383 3039 2444 ibi
3095 2383 3237 2446 ades
3281 2383 3352 2445 "tu
3397 2385 3548 2466 ipse,
3595 2384 3756 2446 Deus

2113 2485 2302 2543 meus,
2335 2477 2393 2530 et
2424 2470 2550 2534 hac
2574 2491 2712 2534 vere
2743 2492 2956 2554 corpus
2995 2481 3159 2535 tuum
3209 2480 3270 2536 et
3311 2475 3549 2554 sanguis
3580 2475 3752 2549 ﬁunt,

2112 2565 2469 2635 superventu
2501 2559 2754 2640 Spiritus
2796 2561 3006 2637 sancti,
3058 2562 3391 2642 virtuteque
3437 2563 3751 2642 Altissimi,

2113 2657 2171 2705 et
2205 2646 2389 2706 Deum
2423 2647 2921 2724 inaccessum,vel
2947 2649 3143 2730 potius
3165 2649 3526 2712 habitantem
3557 2653 3751 2714 lucem

2110 2732 2583 2798 inaccessibilem
2615 2757 2733 2800 non
2762 2739 2954 2801 solum
2998 2739 3134 2800 huic
3183 2747 3410 2802 natura
3456 2741 3750 2822 humana,

2113 2835 2164 2882 et
2200 2825 2566 2903 corruptioni
2595 2826 2887 2903 obnoxia,
2929 2827 3036 2889 sed
3091 2827 3268 2890 etiam
3321 2829 3590 2890 omnibus
3619 2848 3751 2909 qua

390 2937 578 3006 tesca,
609 2912 1161 3005 propemod—umque
1191 2912 1470 3005 degliero’
1506 2933 1564 2986 et
1593 2924 1819 3003 afﬂigar
1846 2919 2090 2986 conti-C
2115 2914 2342 3006 ratione
2391 2912 2825 3006 intelliguntur,
2861 2916 3205 2995 angelorum
3249 2917 3599 2997 agminibus,
3631 2938 3747 2979 811'-

391 3021 628 3088 nenter,
659 3031 730 3075 ac
757 3013 964 3075 tristor
991 3013 1216 3094 infelix,
1243 3013 1382 3094 quia
1405 3013 1682 3075 omnibus
1715 3012 1884 3073 bonis
1918 3011 2034 3073 tuis

387 3102 669 3182 indignus
690 3120 845 3166 sum.
869 3100 1012 3165 Cum
1035 3121 1210 3182 porro
1227 3102 1288 3164 in
1320 3102 1610 3183 meipsum
1640 3101 2029 3176 descendens,

393 3189 833 3254 multitudinem
863 3198 1238 3270 peccatorum
1281 3209 1548 3253 meorum
1581 3190 1735 3270 apud
1767 3189 2032 3251 animum

389 3286 626 3361 reputo,
659 3295 1016 3359 mecumque
1045 3279 1263 3358 cogito,
1297 3297 1406 3340 nec
1435 3297 1618 3340 unum
1645 3279 1852 3340 saltem
1883 3297 2033 3359 opus

391 3367 614 3430 bonum
643 3366 706 3427 in
729 3367 847 3428 vita
894 3368 1228 3448 suscepisse
1277 3386 1392 3443 me,
1443 3374 1501 3429 et
1551 3385 1657 3447 pro
1701 3367 2029 3447 suppliciis,

393 3473 526 3538 qua
544 3473 614 3518 ex
636 3456 798 3536 justa
825 3456 915 3517 ira
943 3462 1041 3518 tua
1069 3456 1370 3519 sustinere
1393 3455 1710 3530 debebam,
1746 3463 1810 3516 ut
1843 3456 1944 3536 qui
1977 3465 2034 3518 te

393 3544 608 3626 sapius
639 3544 1048 3618 offendissem,
1081 3544 1353 3625 plurimis
1383 3544 1578 3625 potius
1598 3545 1908 3608 beneﬁciis
1928 3544 2032 3608 abs

391 3640 451 3694 te
477 3630 813 3695 humaniter
856 3633 1218 3694 cumulatum
1270 3651 1424 3714 esse,
1459 3633 1521 3695 in
1555 3633 2033 3714 desperationem

395 3721 1165 3802 adducor,quandoquidem
1179 3721 1372 3784 adhuc
1385 3722 1649 3801 quotidie
1669 3730 1860 3783 errata
1875 3740 2036 3784 erra-

394 3810 470 3872 tis
494 3809 736 3889 adjicio;
761 3817 822 3872 et
848 3827 923 3871 ne
940 3810 1186 3873 multam
1219 3810 1666 3873 miserationem
1693 3810 2031 3890 benignita-

394 3906 637 3978 temque
661 3906 818 3961 tuam
841 3897 914 3960 ad
941 3899 1131 3980 majus
1161 3898 1516 3980 supplicium
1540 3899 1688 3960 mihi
1715 3899 2033 3979 imponen-

395 3987 538 4049 dum
568 3995 759 4050 vertas
792 3987 1086 4050 formido:
1116 3987 1395 4068 quoniam
1438 4006 1554 4068 quo
1601 3987 1868 4068 pluribus
1902 4007 2034 4050 me-

395 4075 526 4137 ritis
552 4076 661 4136 abs
690 4085 748 4138 te
777 4093 980 4151 ornor,
1013 4095 1084 4138 eo
1115 4076 1300 4155 magis
1325 4076 1591 4154 ingratus
1611 4095 1742 4137 sum
1771 4076 1877 4138 tibi
1897 4095 2027 4157 ego,

2116 2999 2325 3062 demus
2354 3004 2722 3083 contingere.
2756 3004 2880 3066 Hoc
2909 3005 3089 3084 igitur
3115 3024 3411 3081 arcanum,
3433 3006 3540 3067 hoc
3564 3025 3744 3088 supra

2116 3097 2383 3152 naturam
2428 3111 2600 3172 opus,
2632 3101 2693 3155 et
2732 3094 2859 3156 hac
2889 3093 3064 3168 actio,
3099 3093 3171 3155 ad
3209 3113 3378 3174 quam
3411 3093 3745 3156 obeundam

2116 3177 2380 3242 delectus
2427 3199 2580 3263 sum,
2635 3184 2842 3245 suadet
2881 3191 2945 3244 ut
2991 3183 3138 3244 mihi
3170 3183 3252 3244 uti
3303 3192 3578 3259 mortem,
3613 3193 3754 3246 ante

2117 3268 2320 3332 oculos
2367 3289 2715 3351 proponam.
2769 3271 2934 3335 Unde
2993 3271 3323 3352 posthabita
3369 3273 3571 3334 latitia
3627 3281 3754 3336 tre-

2119 3374 2282 3420 more
2311 3361 2640 3437 concutior,
2672 3379 2805 3423 cum
2837 3361 3018 3422 sciam
3050 3380 3162 3423 nec
3195 3380 3312 3442 me,
3348 3380 3459 3423 nec
3487 3363 3757 3442 quemvis

2115 3443 2292 3507 alium
2354 3465 2458 3528 pro
2531 3449 2770 3528 dignate
2832 3468 3004 3530 posse
3062 3451 3386 3530 λειτουργεῖν
3447 3449 3758 3525 (sacriﬁcio

2115 3532 2300 3612 fungi)
2348 3543 2406 3598 et
2449 3536 2624 3600 vitam
2669 3539 2816 3601 adeo
2874 3538 3230 3618 angelicam,
3281 3539 3402 3600 imo
3448 3539 3755 3621 plusquam

2116 3623 2440 3702 angelicam
2473 3627 2536 3688 in
2566 3646 2812 3709 corpore
2861 3627 3214 3691 traducere:
3250 3635 3314 3690 ut
3362 3631 3757 3709 quemadmo-

2119 3709 2255 3772 dum
2300 3713 2446 3776 ratio
2493 3715 2688 3797 docet,
2722 3725 2780 3778 et
2811 3716 3023 3778 veritas
3054 3716 3256 3795 habet,
3305 3736 3410 3798 pro
3443 3736 3513 3778 eo
3557 3737 3628 3778 ac
3663 3717 3760 3778 di-

2117 3819 2298 3878 gnum
2331 3811 2440 3879 est,
2471 3803 2817 3866 familiarior
2839 3805 2986 3885 ipsis
3015 3807 3242 3884 angelis
3267 3805 3391 3869 Deo
3415 3807 3538 3882 ﬁat;
3559 3813 3762 3887 utpote

2119 3896 2176 3950 et
2206 3890 2480 3955 manibus
2519 3900 2799 3969 tractans,
2831 3901 2891 3955 et
2919 3913 3023 3956 ore
3072 3895 3417 3972 absumens,
3468 3895 3626 3974 quod
3675 3893 3766 3954 illi

2119 3987 2364 4058 auguste
2412 3991 2790 4058 venerantur,
2845 3990 2904 4044 et
2950 4003 3082 4046 cum
3141 3993 3400 4047 tremore
3441 3983 3761 4045 circumsi-

2120 4076 2281 4129 stunt
2306 4069 2338 4132 J
2345 4070 2604 4132 udicium
2636 4080 2835 4134 autem
2857 4071 3361 4153 fratrum,quibus
3384 4071 3766 4135 moderandis

399 4162 542 4225 boni
587 4162 824 4226 Domini
869 4183 1074 4226 servus
1101 4151 1429 4245 improbus.
1475 4162 1690 4226 Omnia
1715 4163 1892 4243 igitur
1919 4151 2242 4227 aliaDSllm
2276 4163 2642 4240 praapositus,
2671 4179 2800 4242 qua
2827 4160 3023 4223 anima
3055 4151 3396 4242 portaverit?
3425 4180 3555 4241 qua
3589 4179 3768 4223 mens

395 4251 796 4326 incommoda,
826 4251 1102 4333 Domine,
1130 4251 1427 4331 patientia
1455 4251 1602 4313 mihi
1634 4261 1824 4328 erant,
1865 4272 2034 4333 spem
2117 4246 2386 4323 sufﬁciet,
2429 4249 2574 4312 citra
2599 4251 2826 4330 justum
2859 4251 3392 4331 reprehensionem
3431 4251 3769 4330 gubernare

399 4346 638 4401 aterna
661 4338 795 4400 vita
822 4343 1226 4419 suggerantia;
1258 4340 1425 4419 cujus
1456 4340 1545 4400 rei
1591 4358 1768 4402 causa
1809 4342 2034 4420 gaude-
2119 4337 2407 4417 cujusque
2435 4339 2721 4418 animum,
2756 4349 2815 4400 et
2851 4347 3066 4402 cuncta
3105 4360 3232 4422 qua
3258 4342 3351 4402 sui
3383 4341 3567 4402 ofﬁcii
3594 4351 3766 4415 sunt,

401 4427 539 4489 bam
571 4445 751 4508 sape,
782 4429 941 4508 quod
971 4429 1137 4491 solus
1163 4429 1339 4502 nosti,
1362 4429 1621 4490 confisus
1643 4430 1959 4492 clementia
1981 4441 2040 4494 et
2121 4424 2249 4486 sine
2279 4425 2613 4490 defectione
2645 4429 2938 4508 conferre,
2983 4448 3165 4509 seque
3209 4431 3404 4510 ipsum
3447 4429 3520 4492 ab
3551 4447 3762 4491 eorum

401 4514 814 4577 misericordia
842 4515 1063 4580 tua.0b
1087 4518 1198 4578 hoc
1228 4517 1390 4578 enim
1421 4534 1492 4578 ex
1522 4525 1642 4578 toto
1676 4518 1899 4580 mundo
1923 4520 2040 4583 ele-
2120 4515 2390 4575 censuris
2421 4515 2684 4597 eripere?
2709 4516 2834 4579 HOC
2865 4515 3012 4578 mihi
3040 4518 3390 4599 neutiquam
3421 4517 3601 4581 alieni
3630 4536 3768 4598 POS-

403 4602 540 4683 gisti
565 4621 683 4684 me,
717 4612 891 4684 atque
937 4604 1011 4666 ab
1054 4604 1262 4666 amicis
1309 4605 1689 4685 cognatisque
1729 4606 2041 4686 sejunxisti
2123 4601 2295 4664 sibile
2337 4602 2594 4669 videtur.
2640 4604 2853 4669 Induxi
2896 4623 3034 4684 ergo
3077 4607 3138 4668 in
3187 4609 3477 4687 animum,
3513 4613 3571 4668 et
3610 4606 3769 4667 malo

485 4771 600 4848 (18)
623 4770 983 4852 Humilitatis
1011 4771 1388 4852 etreligiosa
1417 4773 1725 4836 modestia
1754 4785 1891 4840 sunt
1918 4779 2046 4840 ista
2126 4771 2383 4851 aliquem
2417 4774 2491 4836 ob
2523 4777 2803 4840 eximium
2836 4776 3020 4841 animi
3048 4775 3393 4852 candorem,
3420 4782 3606 4838 totum
3631 4793 3777 4837 can-

375 4877 377 4879 ί
404 4851 1845 4938 voces5§imilesillnDavidicagNortestsanitasin
1860 4875 2046 4922 carne
2127 4860 2342 4919 dorem
2357 4857 2732 4938 nominatus.
2766 4859 2891 4932 Quo
2922 4851 3598 4938 pertinethetiamiillius
3628 4873 3772 4938 ora-7

404 4949 540 5013 mea
575 4931 769 5013 (Psql.
809 4932 1470 5013 xxxv11,4).EtLumbi
1506 4935 1628 4995 mei
1648 4935 1875 5013 impleti
1899 4945 2049 5000 sunt

407 5011 980 5088 illusibnibusdbid.
996 5015 1055 5090 8)
1067 5011 1484 5098 .Inquinantur
1497 5011 1766 5074 membra
1782 5019 2049 5098 corporis

407 5109 514 5170 per
542 5101 880 5173 peccatu_m,
900 5092 1194 5173 quatenus
1218 5101 1355 5155 sunt
1372 5092 1764 5154 instrumenta
1792 5092 2050 5160 hominis

409 5171 740 5257 peccantis.
771 5171 842 5257 Et
868 5171 968 5234 ille
1012 5174 1200 5257 homo
1244 5173 1307 5234 ﬁt
1356 5179 1519 5257 totus
1560 5182 1866 5257 peccatum
1902 5195 1914 5239 :
1951 5177 2052 5257 qui

414 5250 692 5344 omnibus
721 5252 846 5344 suis
867 5250 1247 5344 panitentiis_
1265 5250 1627 5344 etmembris
1651 5253 1722 5344 ad
1747 5250 2049 5334 peccatum

413 5328 711 5412 abutitur,
735 5328 1019 5394 nimirum
1053 5332 1288 5412 quando
1317 5328 1777 5394 immensitatem
1807 5354 1912 5397 seu
1942 5354 2050 5398 ex-

411 5410 814 5494 superantiam
861 5410 1249 5494 rei_alicujus
1284 5413 1574 5494 denotare
1597 5412 1893 5494 volumus,
1929 5424 2052 5478 tum

410 5485 705 5553 abstracta
745 5490 1028 5555 vocabula
1073 5485 1342 5568 subjecto
1397 5490 1737 5560 tribuimus.
1794 5485 1889 5558 Ut'
1918 5513 2052 5559 cum

2131 4939 2236 5004 tio,
2273 4935 2662 5019 qui_dicebat,
2713 4935 3029 5000 lusciniam
3080 4936 3230 5019 nihil
3265 4937 3430 5019 aliud
3467 4953 3624 5019 esse,
3659 4935 3777 4997 nisi

2131 5036 2347 5081 vocem.
2372 5015 2510 5078 Hac
2540 5015 2965 5090 adnotaverim,
2989 5035 3065 5078 ne
3096 5016 3229 5096 quis
3257 5035 3324 5078 ex
3357 5015 3775 5077 hareticorum

2131 5116 2307 5177 grege
2338 5096 2398 5157 in
2429 5098 2587 5160 hunc
2616 5100 2811 5160 locum
2869 5098 3164 5170 incidens,
3199 5097 3622 5177 exsultare‘ttbc
3654 5095 3774 5160 ὄνος

2132 5173 2202 5240 it;
2234 5173 2407 5256 ἄχυρα
2436 5178 2732 5254 ἐμπίπτων,
2764 5186 2928 5240 ratus
2959 5195 3023 5238 se
3061 5177 3364 5256 reperisse
3394 5173 3776 5256 stabilimen-

2137 5254 2500 5338 tumdelirio
2532 5277 2640 5321 suo
2672 5259 2745 5319 de
2776 5266 3018 5338 peccato
3048 5254 3296 5335 originis
3321 5256 3496 5317 etiam
3523 5254 3778 5338 postha-

2134 5337 2466 5419 ptissimum
2494 5339 2557 5399 in
2587 5335 2841 5419 homine
2860 5335 3536 5419 rem_anente,eumque,
3560 5348 3626 5396 ut
3649 5335 3778 5396 fer-

2136 5417 2405 5479 mentum
2435 5435 2715 5500 massam,
2746 5417 3185 5500 miserabiliter
3212 5417 3521 5500 inliciente
3549 5423 3608 5478 et
3636 5431 3779 5476 cor-

2134 5504 2476 5578 rumpente,
2507 5497 2589 5560 ita
2617 5507 2683 5562 ut
2699 5496 2850 5560 nihil
2880 5497 2960 5562 sit
2987 5496 3146 5578 quod
3176 5497 3251 5560 ab
3276 5498 3389 5559 hac
3415 5496 3514 5559 lue
3540 5503 3734 5559 vacet.
