4112 6106
362 259 480 325 529

1506 265 1946 331 DIVINORUM
1990 268 2319 332 AMORUM
2362 271 2593 334 LIBER

3621 271 3742 338 530

361 410 498 484 esse
527 391 909 484 discipulus,
942 401 998 458 et
1054 395 1177 484 sub
1221 395 1398 457 unius
1455 395 1813 480 voluntatem
1844 396 2007 460 arbi-
2028 407 2072 456 Α
2093 399 2504 477 indignitatem
2535 401 2731 478 video,
2756 421 2946 484 eaque
2970 404 3449 467 consideratione
3476 412 3739 468 mentem

363 479 668 562 triumque
698 481 936 561 subjici,
973 490 1030 543 et
1080 483 1257 544 unius
1289 501 1602 564 capessere
1625 485 1816 564 jussa,
1851 494 1909 548 et
1940 485 2016 548 oh

367 569 530 631 hunc
563 588 746 630 unum
777 569 1033 632 reddere
1089 573 1406 646 rationem,
1459 591 1632 651 quam
1667 573 1931 653 moribus
1961 581 2021 637 et

366 657 772 720 voluntatibus
803 659 1026 721 servire
1077 661 1359 741 plurium,
1417 679 1740 742 eorumque
1793 671 2020 726 mentes

368 747 646 828 scrutari,
678 748 926 810 consilia
975 750 1333 830 comperire,
1386 751 1653 812 actiones
1707 759 1764 813 et
1791 753 2018 829 cogita-

371 837 564 898 tiones
597 835 856 918 penitius
887 837 1245 917 investigare
1281 859 1298 914 ;
1357 838 1592 918 quando
1647 847 1703 901 et
1725 839 2020 920 judicium

370 945 465 988 me
490 935 710 1001 manet,
741 935 798 987 et
825 946 1220 1009 responsurus
1248 947 1376 990 sum
1404 929 1596 1010 proiis
1620 949 1794 1010 quam
1821 950 2024 1012 pecca-

371 1023 530 1092 runt,
567 1017 639 1076 ad
675 1035 822 1096 quos
879 1018 1172 1096 regendos
1225 1037 1331 1097 ego
1391 1036 1607 1080 arcano
1638 1020 1888 1082 omnino
1915 1020 2025 1083 Dei

369 1104 618 1165 consilio
643 1106 868 1166 electus
889 1125 1020 1166 sum
1045 1107 1228 1170 solus.
1274 1106 1694 1187 Unusquisque
1728 1110 1885 1170 enim
1920 1128 2024 1190 per

376 1212 442 1255 se
465 1193 857 1273 judicahitur,
892 1201 950 1255 et
978 1195 1266 1256 rationem
1322 1195 1496 1276 plene
1544 1196 1756 1257 reddet
1811 1215 2019 1261 eorum

373 1301 506 1362 quae
537 1282 668 1362 ipse
697 1301 804 1344 seu
837 1281 992 1344 bona
1021 1302 1129 1346 seu
1159 1283 1312 1345 mala
1369 1284 1638 1361 gesserit.
1695 1289 1808 1348 Pro
1865 1305 2020 1348 uno-

375 1389 614 1452 quoque
645 1381 840 1433 autem
872 1373 1034 1434 solus
1063 1391 1168 1452 ego
1198 1372 1469 1436 reddam.
1526 1374 1600 1436 Et
1631 1374 1868 1454 quinam
1900 1376 2020 1436 sal-

373 1459 580 1536 vahor,
637 1468 736 1522 aut
791 1461 1086 1541 quomodo
1139 1461 1608 1523 misericordiam
1667 1463 2017 1544 impetrabo,

373 1549 478 1630 qui
509 1567 702 1629 neque
734 1569 840 1630 pro
872 1569 990 1611 una
1019 1569 1151 1612 mea
1205 1558 1264 1612 et
1305 1551 1526 1612 misera
1553 1551 1748 1612 anima
1777 1571 2019 1633 possum

2102 491 2414 568 perculsus
2445 490 2735 567 exclamo,
2769 490 2912 563 Quis
2942 492 3122 570 igitur
3165 510 3272 572 ego
3304 511 3459 573 sum,
3495 513 3529 556 o
3557 493 3740 570 Deus,

2103 584 2160 638 et
2187 586 2392 640 auctor
2420 579 2685 640 omnium
2711 578 2743 638 ?
2763 587 2821 641 et
2850 579 2992 660 quid
3025 581 3261 643 tandem
3294 580 3408 645 feci
3441 580 3742 645 laudabile

2102 665 2164 724 in
2192 665 2308 726 vita
2329 684 2462 727 mea
2491 688 2506 742 ;
2547 674 2648 728 aut
2678 669 2976 748 quodnam
3006 667 3345 730 mandatum
3378 676 3543 730 tuum
3573 687 3740 731 com-

2105 753 2281 835 plevi,
2308 755 2464 834 quod
2488 755 2587 816 tali
2607 756 2796 836 gloria
2825 775 2919 818 me
2949 756 3376 837 despicabilem
3393 756 3690 837 gloriﬁcas
3717 756 3744 819 ?

2107 841 2178 902 Et
2208 843 2390 918 unde,
2422 850 2479 903 et
2509 862 2621 924 qua
2649 845 2726 906 de
2753 863 2929 906 causa
2959 845 3243 906 miserum
3277 863 3372 906 me
3398 844 3498 908 die
3526 850 3741 908 noctu-

2107 949 2224 1009 que
2258 931 2355 992 tali
2387 931 2520 992 luce
2551 933 3035 995 circumfundere
3063 932 3332 1010 dignatus
3377 932 3493 996 es?
3546 933 3747 1014 Egone

2106 1020 2420 1098 aliquando
2455 1021 2664 1082 sitiens
2699 1021 2940 1102 qumsivi
2973 1030 3048 1096 te,
3075 1020 3199 1085 Rex
3221 1041 3412 1097 meus,
3445 1040 3638 1103 egone
3665 1023 3749 1084 la-

2106 1107 2355 1168 boribus
2385 1109 2795 1170 mandatorum
2851 1117 3088 1171 tuorum
3119 1110 3472 1189 defatigatus
3503 1118 3560 1173 et
3589 1111 3746 1174 afﬂi-

2105 1205 2233 1257 ctus
2264 1216 2393 1257 sum
2431 1197 2458 1258 ?
2511 1216 2698 1278 egone
2754 1200 3114 1261 tentationes
3143 1207 3201 1260 et
3235 1199 3467 1277 ﬂagella
3499 1198 3742 1281 pertuli,

2105 1286 2400 1364 quomodo
2432 1305 2641 1348 omnes
2672 1287 2858 1348 sancti
2889 1295 3021 1368 post
3050 1287 3360 1348 hominum
3393 1287 3743 1349 memoriam

2104 1377 2232 1434 haec
2264 1375 2555 1454 patienter
2585 1375 2865 1452 tulerunt,
2901 1383 2964 1438 ut
3020 1393 3115 1436 me
3144 1374 3263 1436 illis
3292 1373 3741 1438 adnumeratum

2105 1463 2326 1524 salvum
2359 1481 2491 1524 esse
2521 1463 2669 1526 velis
2699 1463 2724 1526 ’ἰ
2758 1464 3101 1544 Quanquam
3153 1462 3404 1526 miriﬁce
3451 1465 3747 1526 humanus

2102 1567 2170 1612 ac
2200 1550 2491 1630 benignus
2523 1571 2608 1626 es,
2661 1559 2725 1613 ut
2771 1571 2986 1634 parens
3039 1559 3097 1612 et
3150 1551 3422 1614 cenditor
3451 1551 3744 1630 omnium,

368 1638 556 1699 ullum
593 1658 740 1718 opus
771 1639 891 1700 ullo
925 1641 1099 1701 modo
1131 1639 1201 1700 ad
1228 1639 1475 1700 salutem
1502 1649 1802 1720 peractum
1828 1651 2020 1703 osten-
2043 1669 2080 1717 Β
2103 1640 2276 1700 audio
2307 1647 2506 1702 tamen
2537 1640 2820 1703 Jacobum
2853 1640 3149 1702 dicentem
3166 1639 3251 1714 49,
3283 1647 3579 1702 mortuam
3613 1658 3746 1703 esse

372 1727 542 1802 dere,
574 1745 680 1806 per
711 1728 867 1808 quod
893 1727 1062 1807 ignes
1085 1736 1336 1790 aeternos
1357 1728 1600 1789 evadam
1627 1737 1654 1791 ?
1680 1728 1818 1804 Sed,
1853 1751 1886 1791 o
1913 1731 2019 1793 be-

372 1815 554 1893 nigne
589 1815 878 1892 Salvator,
910 1817 1251 1878 misericors
1270 1816 1702 1879 etmiserator:
1744 1819 1888 1880 mihi
1919 1819 2024 1880 ah-

365 1905 531 1982 jecto
565 1904 825 1966 divinam
875 1906 1088 1984 largire
1119 1906 1416 1981 virtutem,
1477 1917 1542 1968 ut
1574 1925 1720 1987 quos
1749 1905 1810 1968 in
1845 1907 2020 1968 fidem

377 2012 571 2054 meam
609 1993 900 2054 tradidisti
958 1993 1188 2073 fratres,
1247 2013 1348 2055 eos
1401 2012 1599 2073 regam
1654 1995 1837 2056 verbo
1889 2013 2019 2059 cum

375 2081 714 2160 prudentia,
750 2090 927 2163 atque
952 2083 1025 2143 ad
1061 2101 1274 2163 pascua
1301 2083 1502 2164 legum
1530 2091 1763 2144 tuarum
1793 2084 2024 2146 divina-

377 2189 509 2232 rum
543 2171 857 2245 deducam,
886 2179 944 2232 et
985 2171 1044 2232 in
1077 2171 1414 2233 mansiones
1443 2171 1699 2235 caelestis
1728 2173 1895 2251 regni
1926 2191 2026 2233 re-

376 2260 617 2320 stituam
669 2261 880 2331 salvos,
943 2259 1184 2334 illaesos,
1246 2261 1524 2322 virtutum
1585 2261 2028 2340 pulchritudine

369 2348 746 2427 splendidos,
784 2349 993 2429 dignos
1011 2349 1352 2412 adoratores
1373 2349 1442 2410 ad
1470 2349 1737 2411 terribile
1769 2349 2026 2412 tribunal

369 2446 558 2498 tuum.
598 2437 676 2500 Et
712 2456 805 2499 me
841 2456 1076 2519 quoque
1107 2438 1412 2518 indignum
1474 2457 1505 2499 e
1537 2439 1760 2499 mundo
1792 2456 2026 2500 assum-

380 2535 566 2606 ptum.
605 2529 838 2589 tametsi
893 2527 1094 2588 multis
1147 2536 1522 2608 peccatorum
1555 2527 1711 2588 notis
1740 2527 2024 2603 inustum,

379 2625 578 2677 tamen
608 2617 1001 2690 sacerdotem,
1037 2623 1095 2676 et
1122 2615 1391 2676 inutilem
1424 2633 1655 2678 servum
1692 2623 1877 2696 tuum,
1911 2635 2025 2696 quo

2103 1728 2281 1789 ﬁdem
2343 1727 2475 1789 sine
2533 1728 2839 1808 operibus,
2901 1729 3235 1809 horreoque
3291 1727 3603 1810 supplicia,
3638 1746 3744 1810 pro

2103 1824 2263 1877 certo
2292 1815 2414 1877 illic
2436 1817 2610 1877 vilem
2635 1817 3098 1878 homuncionem
3124 1835 3219 1878 me
3260 1816 3579 1878 manentia.
3612 1818 3744 1889 Quo

2105 1914 2276 1985 pacto
2305 1905 2482 1984 igitur
2510 1907 2798 1968 conﬁdam
2833 1925 2964 1986 ego,
2997 1905 3268 1980 Domine,
3304 1924 3399 1966 me
3429 1904 3746 1967 utﬁdelem

2105 1993 2177 2053 ad
2210 1994 2450 2054 illorum
2482 2012 2795 2055 numerum
2826 2000 3204 2073 aggregatum
3234 1992 3332 2072 iri,
3366 1991 3467 2073 qui
3496 1992 3749 2052 antehac

2107 2080 2212 2142 tibi
2243 2082 2600 2157 servierunt,
2633 2101 2765 2143 cum
2801 2083 2928 2162 ipse
2978 2099 3090 2143 nec
3137 2098 3319 2141 unum
3351 2081 3427 2141 de
3455 2078 3748 2140 mandatis

2108 2171 2223 2230 tuis
2254 2171 2611 2231 servaverim
2640 2171 2663 2231 Ἰ
2694 2170 2918 2232 Verum
2950 2169 3084 2230 novi
3116 2176 3174 2230 te
3203 2184 3376 2249 posse
3408 2167 3629 2240 omnia,
3658 2167 3748 2228 fa-

2110 2258 2196 2319 cis
2223 2259 2423 2319 omnia
2450 2267 2514 2319 ut
2543 2259 2650 2332 vis,
2707 2268 2766 2322 et
2823 2256 3137 2338 postremis
3192 2256 3298 2318 das
3324 2264 3388 2316 ut
3419 2254 3651 2335 primis,
3685 2262 3748 2318 et

2109 2346 2265 2426 quod
2297 2348 2508 2408 mirum
2543 2355 2631 2408 est
2673 2348 2868 2426 valde,
2929 2347 3252 2426 primorum
3302 2343 3584 2405 extremis
3615 2344 3747 2424 pri-

2111 2453 2271 2495 mum
2302 2435 2426 2498 das.
2458 2437 2596 2497 Haec
2627 2455 2762 2500 cum
2794 2435 2903 2496 tibi
2951 2433 3110 2509 dico,
3143 2431 3278 2506 tibi,
3313 2432 3576 2510 inquam,
3609 2450 3750 2493 con-

2109 2522 2284 2584 ditori
2307 2524 2480 2604 hujus
2511 2525 2740 2600 mundi,
2766 2523 2932 2604 prius
2964 2541 3142 2603 supra
3170 2520 3499 2602 apparenti,
3534 2527 3592 2582 et
3619 2537 3754 2583 rur-

2108 2630 2238 2672 sum
2273 2621 2329 2673 te
2359 2613 2698 2687 occultanti,
2734 2631 2801 2674 ac
2834 2623 3038 2692 postea
3067 2629 3163 2672 me
3206 2618 3390 2671 totum
3419 2607 3602 2670 radiis
3628 2609 3747 2673 cir-

375 2706 532 2765 nosti
582 2705 833 2785 judicio,
896 2705 1092 2766 choris
1151 2705 1476 2766 electorum
1533 2722 1664 2764 cum
1723 2704 2031 2785 discipulis
2111 2701 2434 2781 cumdanti,
2465 2711 2711 2782 repente
2743 2709 2802 2763 te
2829 2708 3014 2762 totum
3041 2699 3102 2760 in
3125 2718 3221 2760 me
3252 2697 3548 2779 perspicio
3578 2698 3753 2760 exsti-

375 2794 526 2856 meis
555 2795 918 2871 adnumera;
953 2805 1017 2856 ut
1049 2794 1224 2855 simul
1251 2812 1459 2855 omnes
1483 2793 1728 2872 gloriam
1751 2801 1910 2854 tuam
1933 2794 2029 2854 di-
2113 2790 2274 2866 tisse,
2300 2790 2555 2871 quiante
2578 2810 2759 2871 supra
2774 2789 3100 2865 videbaris,
3133 2798 3191 2850 et
3219 2795 3278 2849 te
3308 2787 3524 2848 iterum
3557 2785 3752 2849 occul-

377 2883 574 2943 vinarn
596 2883 928 2958 videamus,
952 2891 1009 2943 et
1038 2881 1210 2944 bonis
1253 2883 1368 2942 tuis
1391 2881 1793 2942 inetfabilibus
1823 2881 2030 2942 ohlec-
2113 2887 2361 2949 taveras,
2395 2879 2549 2940 sicut
2578 2881 2666 2940 sol
2695 2887 2884 2941 tectus
2915 2876 3173 2939 nubibus
3198 2874 3571 2937 tenuioribus
3599 2892 3746 2938 con-

379 2981 599 3033 temur.
633 2972 720 3033 Tu
753 2973 910 3033 enim
944 2991 1008 3033 es
1065 2973 1359 3052 voluptas,
1416 2970 1670 3043 deliciae,
1721 2970 1902 3032 decus
1928 2987 2028 3030 ar—

380 3061 591 3122 denter
624 3070 678 3122 te
702 3062 1050 3136 amantium,
1085 3061 1145 3120 in
1178 3059 1542 3140 sempiterna
1571 3059 1806 3120 saecula.

983 3191 1223 3257 CAPUT
1290 3191 1412 3254 XV.

390 3305 588 3364 Videris
615 3301 855 3374 gloriam
884 3301 1002 3366 Dei,
1037 3314 1200 3374 quam
1231 3299 1391 3374 inse
1431 3297 1802 3374 operationem
1848 3311 2029 3354 sense-

454 3377 553 3431 rit.
586 3368 948 3430 Divinitatem
977 3368 1088 3428 esie
1135 3371 1196 3426 in
1242 3369 1412 3438 omni,
1460 3368 1556 3425 ieu
1582 3368 1852 3433 universo,
1881 3382 2028 3423 com-
2059 3393 2063 3399 -

449 3442 821 3517 probandique
848 3448 898 3499 et
926 3458 1039 3517 non
1066 3439 1540 3517 comprehendigb
1565 3439 1656 3517 Itis
1693 3439 1789 3517 qui
1815 3453 2031 3517 meren-

457 3509 572 3574 tur.
604 3509 852 3572 Nos-esse
908 3514 1126 3569 domum
1183 3509 1384 3570 David.
1440 3510 1724 3568 Christum
1752 3509 1814 3564 in
1841 3510 2032 3566 multis

449 3588 704 3644 membris
732 3586 942 3642 nostris
1001 3585 1303 3656 cognitum,
1366 3581 1607 3638 eumdem
1651 3595 1825 3636 unum
1871 3585 2033 3651 atque

454 3659 760 3715 indivisum
787 3673 916 3714 esse.

471 3781 623 3842 Dum
660 3790 715 3842 te
743 3781 996 3854 revelas,
1022 3778 1272 3840 Domine
1293 3775 1812 3850 universorumﬁet
1839 3773 2034 3834 vultus

387 3876 471 3935 tui
506 3874 749 3953 gloriam
784 3872 1152 3934 manifestius
1198 3873 1592 3943 demonsnras,
1627 3875 1786 3928 totus
1816 3873 2028 3938 tremo,

2113 2967 2434 3047 tractisque
2453 2968 2656 3030 radiis.
2683 2966 3193 3040 Quemadmodum
3214 2965 3315 3027 ille
3347 2972 3466 3025 tum
3487 2965 3752 3045 aspectui

2114 3064 2293 3136 patet,
2326 3069 2383 3117 et
2410 3065 2549 3118 tunc
2583 3057 2793 3119 melius
2823 3055 3085 3117 cernitur
3132 3053 3203 3115 ab
3242 3051 3627 3114 hominibus:
3665 3052 3753 3115 sic

2113 3153 2170 3206 et
2203 3153 2264 3206 tu
2297 3145 2443 3208 mihi
2471 3145 2836 3208 accessibilis
2866 3162 2952 3225 es,
2985 3144 3176 3206 latens
3205 3142 3361 3203 intra
3385 3159 3503 3214 me,
3531 3139 3753 3222 alioqui

2111 3235 2475 3312 inaccessus,
2529 3235 2719 3298 oculis
2763 3234 2934 3314 meis,
2996 3249 3144 3314 quos
3197 3230 3539 3293 intellectus
3594 3229 3756 3293 novit

2112 3331 2488 3403 conspectus,
2522 3332 2587 3386 ut
2620 3324 2761 3401 scis,
2797 3321 3079 3403 paulatim
3111 3337 3412 3394 crescens,
3445 3317 3755 3397 majorem-

2114 3431 2228 3492 que
2263 3413 2458 3473 lucem
2487 3411 2850 3485 diffundens,
2883 3420 2942 3473 et
2969 3408 3220 3491 amplius
3249 3424 3593 3470 coruscans.
3624 3406 3756 3468 Ali-
3812 3427 3817 3434 ν

2115 3501 2349 3582 quando
2376 3501 2591 3564 iterum
2623 3502 2772 3564 mihi
2827 3501 3168 3562 inaccessus
3226 3515 3315 3558 es.
3376 3494 3571 3567 Quare
3599 3494 3758 3582 quod

2116 3581 2544 3670 Comprehendi
2572 3609 2691 3651 non
2714 3597 2902 3670 potes,
2923 3587 3058 3650 ideo
3070 3593 3128 3646 te
3145 3583 3407 3658 celebro,
3442 3589 3502 3644 et
3532 3581 3758 3662 magnis

2118 3678 2360 3740 vocibus
2390 3678 2719 3742 bonitatem
2752 3688 2911 3740 tuam
2929 3673 3207 3755 praedico,
3228 3677 3618 3750 naturamque
3647 3686 3758 3730 no-

2116 3775 2296 3829 stram
2325 3767 2760 3847 gloriﬁcantem
2793 3764 3088 3847 gloriﬁco.

2197 3844 2414 3931 Gloria,
2469 3875 2502 3917 o
2554 3844 2842 3935 Verbum,
2903 3853 3213 3913 immensae
3267 3844 3763 3935 condescensioni

391 3971 448 4024 te
481 3935 740 4041 siiperne
770 3961 1086 4041 aspiciens,
1122 3967 1401 4039 quantum
1457 3974 1560 4034 pro
1577 3935 1804 4016 'humili
1837 3962 1895 4015 et
1924 3935 2031 4014 ab;
2119 3955 2276 4042 tuan
2316 3945 2514 4042 Gloria
2572 3943 2996 4042 misericordiae
3046 3935 3432 4042 tugfloria
3462 3935 3758 4042 potentiae.

387 4025 798 4132 jecta.natura
826 4025 958 4112 mea
1015 4025 1276 4129 possum,
1343 4055 1402 4107 et
1456 4025 1666 4106 timore
1697 4062 1767 4104 ac
1797 4051 2039 4123 stupore
2120 4034 2501 4132 Gloria___tibi,
2582 4032 2859 4132 quoniam
2904 4025 3357 4132 immutabilis,
3400 4111 3414 4132 ἱ
3443 4025 3765 4132 aitque-Ain,-

389 4111 704 4219 corrcptus
737 4139 897 4217 dico,
960 4111 1274 4217 superant,
1310 4145 1544 4214 captum
1604 4149 1804 4192 meum
1837 4111 2040 4190 omnia
2120 4123 2417 4185 variabilis
2477 4111 2743 4219 manens,
2834 4127 2992 4182 totus
3028 4214 3036 4219 Δ
3074 4135 3138 4177 es
3216 4111 3576 4219 iminobilis,‘

392 4239 508 4294 tua.
545 4205 702 4290 Deus
735 4205 926 4290 meus.
961 4205 1104 4288 Sum
1151 4225 1310 4286 enim
1343 4205 1711 4295 immundus,
1767 4231 1824 4280 et
1876 4218 2040 4279 indi—
2124 4231 2362 4293 semper
2393 4213 2708 4286 movearis,
2743 4219 2903 4304 totus
2949 4214 3113 4271 extra
3159 4209 3488 4304 creaturam
3521 4207 3581 4261 et
3609 4205 3764 4304 totus

387 4335 540 4395 gnus
570 4316 814 4377 omnino
844 4315 1062 4376 intueri
1095 4324 1172 4390 te,
1210 4329 1422 4392 purum
1453 4318 1513 4372 et
1545 4316 1812 4370 sanctum
1845 4306 2042 4368 Domi-
2068 4302 2184 4395 “in
2235 4310 2526 4395 creatura,
2563 4309 2718 4363 totus
2764 4297 2974 4395 imples
3019 4296 3221 4395 omnia
3277 4298 3336 4353 et
3391 4299 3545 4352 totus
3603 4296 3768 4395 extra

397 4383 561 4479 itum,
599 4423 776 4484 quem
807 4383 1403 4480 reverentur'a'ngeli,
1432 4397 1597 4460 etcui
1619 4417 1754 4458 cum
1783 4383 2375 4484 tremoreDomnia._
2401 4394 2596 4471 Super
2643 4388 2843 4450 omnia
2900 4404 2986 4459 es,
3045 4383 3321 4484 Domine,
3381 4393 3768 4484 super-omne

393 4476 742 4556 ministrant
776 4513 791 4566 ;
824 4494 995 4572 cujus
1022 4513 1051 4551 a
1085 4489 1232 4551 facie
1264 4476 1620 4561 concutitur,
1682 4494 1739 4546 et
1799 4491 2039 4546 contre-
2126 4480 2943 4572 principium,superomnem
2959 4476 3765 4572 essentiam,supernaturam

404 4583 602 4643 miscit
634 4557 828 4642 omnis
852 4557 1145 4642 creatura.
1172 4578 1314 4641 Cum
1341 4577 1466 4638 haec
1488 4557 1632 4650 dixi,
1665 4573 1875 4635 claudo
1908 4593 2048 4635 ocu-
2126 4557 2379 4642 naturae,
2413 4557 2601 4649 super
2623 4566 2820 4658 omnia
2849 4563 3085 4637 saecula,
3121 4575 3511 4658 superjomne
3545 4557 3766 4658 lumen,

397 4671 510 4742 los,
549 4671 660 4731 hoc
695 4677 804 4743 est,
859 4669 931 4730 ad
992 4668 1222 4729 inferna
1279 4672 1475 4726 averto
1535 4670 1792 4724 mentem
1829 4679 2044 4740 meam,
2131 4677 2310 4738 super
2339 4657 2734 4737 intelligentes
2793 4657 3097 4751 beata-rum
3159 4652 3444 4751 mentium
3478 4652 3766 4751 naturas:

396 4759 537 4840 quia
571 4759 772 4819 videre
802 4777 868 4819 ac
901 4757 1239 4838 perspicere
1271 4751 1513 4817 Deitatis
1542 4751 2044 4840 tuaemajestatem
2135 4767 2266 4808 nam
2301 4755 2363 4840 et
2390 4748 2713 4840 illaa_tuum_,
2733 4745 2828 4840 vel
2853 4743 3053 4840 potius
3077 4743 3453 4840 cogitationis
3478 4745 3594 4837 tuae
3623 4751 3772 4833 opus

397 4831 518 4910 non
552 4847 842 4909 sustineo.
876 4831 948 4908 Et
979 4831 1099 4906 tuin
1156 4845 1475 4914 lamentor,
1509 4839 1746 4900 orbatus
1779 4837 2046 4919 pulchri-
2133 4844 2288 4926 sunt.
2310 4839 2405 4926 i'l‘u
2432 4836 2589 4897 enim
2623 4835 2770 4926 nihil
2803 4853 2867 4896 es
2897 4831 3187 4902 omnium,
3221 4835 3277 4889 et
3295 4831 3774 4926 superioromni-

404 4937 612 4998 tudine
649 4945 771 5011 tua,
807 4955 916 4998 nec
943 4936 1069 4996 fero
1100 4930 1366 5015 separari
1415 4929 1519 4990 abs
1552 4936 1630 5002 te,
1662 4927 1764 5008 qui
1793 4927 1955 4988 solus
1985 4946 2048 4988 es
2136 4924 2268 4986 bus.
2301 4925 2446 4987 Nam
2480 4924 2831 4988 exstantium
2884 4940 3062 4985 causa
3119 4937 3206 4993 es,
3241 4925 3306 4978 ut
3333 4924 3600 5015 omnium
3632 4928 3773 5011 pro-

397 5025 716 5105 benignus.
749 5027 838 5088 Tu
869 5043 1006 5086 vero
1030 5025 1116 5084 sic
1147 5024 1588 5092 lamentantem,
1612 5025 1670 5078 et
1694 5017 2046 5105 plorantem,

401 5104 616 5187 totum,
652 5114 852 5194 papze!
883 5112 1322 5190 circumfulges,
1348 5116 1405 5169 et
1424 5105 1779 5194 obstUpeﬁo,
1814 5117 1873 5166 et
1898 5104 2050 5194 ube-

400 5204 532 5265 rius
589 5193 779 5265 tluunt
837 5202 982 5264 mihi
1031 5202 1322 5281 lacrymaa,
1381 5195 1519 5256 dum
1581 5193 2052 5256 misericordiam

406 5302 566 5354 tuam
598 5309 738 5371 erga
770 5311 864 5354 me.
927 5291 1224 5371 perditum
1284 5284 1569 5371 admiror.
1604 5282 1754 5344 Tum
1789 5282 2056 5363 corporis

406 5383 524 5444 mei
556 5369 801 5442 multam
834 5369 1184 5460 fceditatem,
1215 5385 1274 5440 et
1295 5369 1654 5438 miserabilis
1673 5371 1888 5434 animae
1909 5389 2057 5434 mea

487 5551 542 5601 l9
568 5549 690 5613 Jac.
731 5566 791 5626 ιι,
819 5549 916 5610 20.

2135 5024 2389 5089 creator,
2421 5023 2476 5076 et
2508 5015 2731 5076 idcirco
2763 5019 3069 5094 separatus
3099 5027 3187 5083 es,
3220 5023 3289 5068 ac
3317 5003 3500 5094 distas
3529 5000 3602 5094 ab
3633 4999 3774 5094 uni-

2138 5104 2344 5184 versis,
2378 5087 2445 5164 »et
2475 5123 2654 5185 supra
2685 5087 2884 5165 omnia
2920 5118 3052 5182 quae
3082 5103 3219 5190 sunt
3249 5093 3513 5190 eminere
3550 5087 3774 5190 intelli-

2137 5193 2316 5272 getis,
2333 5182 2648 5254 oculorum
2675 5193 2941 5256 obtutum
2963 5186 3274 5265 effugiens,
3295 5182 3774 5272 inaccessu3,_in-

2104 5267 2631 5362 “comprehensus,
2666 5280 2973 5356 intactilis,
3027 5275 3183 5338 haud
3215 5267 3624 5349 intelligibilis,
3657 5267 3777 5362 im-

2141 5356 2460 5454 mutabilis,
2494 5356 2652 5436 totus
2682 5371 2955 5454 simplex,
3012 5373 3072 5428 et
3125 5371 3323 5425 tamen
3370 5365 3526 5421 totus
3552 5356 3774 5431 varius,
