4112 6106
391 227 503 292 531

1702 215 2079 284 SYMEONIS
2116 218 2469 282 JUNIORIS

3648 207 3765 272 532

395 368 455 424 et
483 359 728 422 omnino
759 375 931 420 mens
973 374 1107 420 mea
1135 355 1483 418 varietatem
1514 351 1739 433 gloriae,
1774 358 1833 413 et
1863 351 2037 413 deco-
2057 349 2182 411 Alii
2211 350 2420 429 David,
2455 370 2661 415 semen
2682 353 2945 414 divinum
2971 359 3137 413 tuum
3158 369 3387 413 omnes.
3415 347 3764 427 Congregati

393 467 522 511 rem
555 447 862 527 elegantiae
914 453 1030 507 tuae
1086 443 1426 526 perspicere
1481 441 1708 522 nequit.
1757 438 1912 519 Ergo
1937 439 2038 519 qui

410 557 481 600 ex
512 536 789 598 omnibus
820 535 971 597 nihil
1003 543 1112 609 est,
1145 532 1441 614 quomodo
1473 531 1710 606 tandem
1745 539 1834 590 est
1862 545 2042 608 super

395 626 598 688 omnia
629 624 660 683 ?
715 623 828 696 Qui
875 635 1043 684 extra
1089 622 1312 694 omnia,
1365 628 1424 682 et
1472 618 1734 680 omnium
1766 618 1924 680 Deus
1949 635 2036 692 es,

396 723 724 797 aspectum,
757 733 1088 788 accessum,
1121 714 1770 788 intellectum,_tactum
1803 726 2038 772 omnem

395 805 649 882 fugiens,
685 803 844 866 idem
878 801 1144 864 mortalis
1173 802 1380 874 factus,
1437 800 1497 861 in
1530 798 1815 860 mundum
1848 817 1912 858 es
1940 797 2039 857 in-

397 912 633 975 gressus
663 899 1087 972 assumptoque
1119 909 1373 968 corpore
1396 890 1676 962 humano,
1721 884 2040 975 apparuisti

397 973 674 1045 omnibus
702 981 1088 1042 accessibilis.
1126 979 1406 1057 Cognitus
1441 997 1504 1039 es
1534 977 1707 1038 etiam
1767 994 1799 1035 a
1842 973 2038 1036 ﬁdeli-

398 1071 509 1133 bus
540 1089 674 1133 cum
704 1070 893 1149 gloria
921 1068 1253 1132 divinitatis
1287 1076 1420 1137 tuae,
1458 1075 1515 1126 et
1565 1065 1636 1126 ab
1689 1064 1834 1146 ipsis
1880 1082 2038 1124 com-

398 1161 752 1242 prehensus,
789 1159 890 1238 qui
920 1175 1161 1237 prorsus
1193 1165 1282 1218 est
1310 1152 2038 1242 incomprehensibilis,let

394 1241 554 1310 visus
579 1248 653 1309 ab
707 1247 824 1308 illis
856 1254 1011 1307 totus
1047 1263 1060 1307 :
1122 1245 1344 1325 alioqui
1390 1243 1665 1320 omnibus
1697 1241 2032 1317 invisibilis,

399 1345 461 1400 et
515 1336 792 1400 viderunt
850 1335 1218 1414 majestatem
1275 1341 1661 1394 sacrosancta;
1715 1330 2035 1392 divinitatis

395 1435 532 1488 tuae.
569 1424 692 1489 Soli
721 1423 934 1486 ﬁdeles
963 1421 1166 1484 vident
1199 1440 1211 1483 :
1276 1439 1483 1482 omnes
1521 1428 1714 1482 autem
1762 1419 2032 1480 inﬁdeles

393 1515 519 1576 viso
548 1521 607 1576 te
637 1512 846 1574 mundi
879 1512 1128 1585 lumine,
1163 1514 1302 1572 caeci
1363 1517 1736 1590 permanent.
1773 1507 2026 1582 Fideles,

391 1604 592 1683 itaque
622 1611 680 1664 et
710 1611 848 1663 tunc
881 1619 1040 1663 nunc
1087 1618 1324 1680 semper
1384 1607 1438 1660 te
1487 1598 1705 1670 vident,
1742 1605 1800 1658 et
1829 1615 2028 1658 secum

2124 448 2318 503 autem
2341 442 2402 503 in
2423 461 2597 505 unam
2617 442 3004 506 coalescimus
3025 442 3266 503 domum
3298 462 3314 516 ;
3340 440 3400 502 id
3423 450 3534 521 est,
3556 457 3765 501 omnes

2125 548 2331 592 sumus
2361 531 2594 611 fratres,
2647 550 2856 593 omnes
2913 531 3147 609 cognati
3205 531 3308 592 tui.
3363 528 3435 590 Et
3461 527 3760 606 quomodo

2126 637 2243 680 non
2276 638 2375 681 res
2405 620 2772 701 admiranda,
2824 620 3119 692 quomodo
3167 638 3284 680 non
3317 618 3607 697 stupenda
3629 616 3760 678 cui-

2123 709 2210 768 vis
2260 710 2372 770 hoc
2425 709 2734 790 cogitanti,
2777 711 2889 772 hoc
2921 708 3336 790 perpendenti,
3367 706 3521 787 quod
3555 715 3617 767 tu
3648 724 3758 766 no-

2125 797 2352 860 biscum
2386 818 2448 860 es
2478 817 2656 874 nunc,
2717 808 2775 861 et
2830 799 2891 859 in
2950 798 3164 861 saecula
3195 806 3762 877 etunumquemque

2123 887 2364 950 domum
2395 889 2564 969 facis,
2599 896 2657 951 et
2708 886 2938 949 habitas
2994 888 3055 948 in
3113 887 3413 960 omnibus,
3446 895 3508 948 et
3539 903 3601 946 es
3633 884 3763 964 ipse

2123 977 2335 1039 domus
2365 977 2666 1054 omnibus,
2700 986 2760 1039 et
2788 976 2850 1037 in
2879 985 2939 1038 te
2994 975 3326 1038 habitamus
3352 973 3764 1054 unusquisque

2123 1074 2414 1140 nostrum,
2449 1074 2602 1127 totus
2632 1085 2771 1127 cum
2803 1073 2948 1145 toto,
2983 1072 3041 1126 et
3087 1064 3241 1144 quod
3290 1062 3556 1145 quolibet
3583 1061 3762 1122 vicis-

2121 1154 2348 1235 simtu,
2385 1173 2516 1216 cum
2565 1155 2692 1216 solo
2736 1155 2917 1229 solus,
2983 1163 3039 1214 et
3089 1170 3267 1233 supra
3323 1171 3430 1213 nos
3482 1152 3666 1232 solus,
3704 1158 3768 1211 et

2123 1249 2281 1303 totus
2329 1243 2443 1304 es?
2491 1242 2660 1304 Nunc
2691 1261 2829 1321 ergo
2860 1243 2922 1303 in
2952 1241 3127 1303 nobis
3156 1249 3400 1319 augusta
3427 1248 3757 1320 perpetras.

2117 1328 2260 1402 Quae
2287 1338 2535 1410 augusta
2561 1331 2592 1390 ?
2651 1330 2843 1392 dicam
2877 1348 3058 1410 pauca
3087 1329 3161 1390 de
3191 1329 3413 1392 multis.
3447 1329 3516 1390 Et
3545 1347 3761 1409 quam-

2117 1419 2202 1479 vis
2224 1419 2380 1481 dicta
2399 1421 2706 1489 hactenus,
2732 1419 2934 1481 omnia
2950 1420 3254 1499 plusquam
3279 1417 3763 1495 obstupescenda

2117 1517 2275 1589 sunt,
2308 1518 2499 1570 tamen
2523 1510 2648 1589 jam
2681 1509 2799 1569 illis
2856 1507 3107 1588 amplius
3150 1507 3622 1588 obstupescenda
3653 1525 3760 1569 ac-

2116 1615 2273 1676 cipe.

396 1700 452 1754 te
482 1690 724 1765 habent,
777 1688 1178 1752 universitatis
1226 1687 1521 1768 Opiﬁcem,
1585 1695 1942 1759 versantem,
1974 1685 2090 1746 etB
2194 1685 2692 1748 MembraChristi
2711 1704 2936 1765 sumus,
2956 1685 3517 1748 etmembranostra
3545 1683 3758 1748 Chris-

394 1779 756 1841 habitantem
791 1798 924 1840 cum
974 1778 1122 1858 ipsis
1171 1777 1230 1838 in
1278 1777 1454 1856 hujus
1483 1776 1613 1837 vitae
1647 1774 1930 1850 tenebris,
1966 1782 2031 1835 ut

391 1871 578 1931 solem
600 1869 992 1940 inaccessum,
1027 1874 1091 1927 ut
1108 1867 1439 1946 lampadem
1461 1863 2026 1943 inexstinguibilem,

392 1959 494 2038 qui
522 1975 557 2018 a
587 1956 852 2019 tenebris
883 1957 1116 2036 penitus
1147 1974 1264 2016 non
1299 1952 1848 2034 comprehenderis,
1886 1960 1942 2012 et
1975 1958 2031 2011 te

390 2046 658 2107 videntes
712 2063 951 2125 semper
1008 2044 1329 2105 illuminas.
1393 2043 1540 2114 Quia
1596 2042 1771 2119 igitur
1825 2049 1909 2114 tu,
1970 2049 2032 2100 ut

391 2133 669 2208 diximus,
705 2141 869 2195 extra
896 2134 1094 2194 omnia
1123 2151 1207 2207 es,
1241 2131 1417 2192 etiam
1448 2131 1553 2191 abs
1584 2138 1639 2191 te
1669 2129 2030 2190 illuminatos

392 2230 555 2284 extra
585 2240 656 2284 ea
683 2241 816 2303 qua;
844 2241 1089 2284 sensum
1135 2222 1444 2283 oculorum
1499 2226 1758 2298 movent,
1790 2237 1922 2280 esse
1952 2218 2032 2278 fa-

388 2311 495 2386 cis,
523 2322 584 2372 et
607 2329 843 2372 rursum
867 2329 1001 2371 cum
1029 2309 1198 2372 Patre
1222 2317 1345 2371 tuo.
1371 2309 1441 2370 Et
1473 2308 1768 2389 quomodo
1801 2317 1860 2369 tu
1895 2325 2028 2367 cum

388 2398 511 2460 illic
541 2399 644 2473 sis,
681 2398 812 2460 sine
841 2398 1148 2460 intervallo
1182 2398 1490 2459 nobiscum
1554 2416 1619 2458 es
1680 2403 1834 2458 totus
1867 2417 1881 2455 :
1944 2394 2028 2455 sic

388 2504 498 2548 nos
515 2504 717 2548 servos
740 2495 893 2559 tuos,
927 2487 989 2547 in
1023 2487 1218 2547 medio
1251 2505 1450 2548 rerum
1484 2485 1592 2546 sub
1624 2503 1833 2546 sensus
1857 2503 2031 2564 aspe-

390 2583 668 2655 ctumque
695 2575 1033 2636 cadentium
1084 2584 1410 2649 versantes,
1446 2575 1672 2648 educis,
1707 2582 1765 2634 et
1793 2591 2029 2634 sursum

392 2665 635 2725 omnino
667 2673 866 2726 tecum
895 2664 1121 2725 lumine
1154 2672 1253 2726 tuo
1301 2665 1623 2725 illustratos
1655 2663 1833 2738 tollis,
1871 2670 1930 2722 et
1959 2681 2030 2724 ex

392 2753 736 2814 mortalibus
761 2753 1125 2815 immortales
1156 2753 1382 2824 reddis,
1420 2762 1844 2832 manentesque
1873 2752 2027 2831 quod

389 2859 617 2902 sumus.
649 2841 837 2919 gratia
864 2847 964 2902 tua
1011 2841 1140 2914 filii,
1189 2842 1416 2904 similes
1451 2840 1554 2901 tibi
1586 2841 1914 2912 evadimus,
1950 2840 2027 2900 dii

389 2927 577 3021 Deum
597 2929 891 3021 videntes.
926 2928 1068 3021 Quis
1096 2931 1294 3021 itaque
1324 2930 1396 2990 ad
1450 2938 1507 2990 te
1559 2949 1674 2990 non
1734 2937 2025 3021 accurrat,
2049 2972 2088 3021 ε

394 3017 495 3098 qui
525 3017 686 3078 solus
711 3035 775 3078 es
810 3017 1145 3096 benignus?
1167 3018 1296 3099 quis
1319 3027 1374 3079 te
1400 3037 1517 3079 non
1541 3026 1821 3098 sequatur
1839 3018 1868 3076 ‘2
1899 3017 2030 3098 quis

393 3124 513 3167 non
545 3125 614 3168 ex
644 3105 930 3168 cbaritate
959 3107 1120 3169 dicat
1150 3130 1162 3165 :
1215 3109 1327 3183 En,
1359 3107 1638 3188 projectis
1668 3107 1944 3169 omnibus
1976 3117 2030 3166 te

392 3194 720 3274 sequimur,
755 3202 812 3256 te
843 3196 1327 3276 compatientem.
1355 3203 1757 3276 mansuetum,
1803 3196 2030 3257 miseri-

391 3283 632 3345 cordem
663 3283 1006 3357 Dominum,
1041 3294 1302 3346 nostram
1336 3286 1786 3348 conversionem
1811 3285 2032 3365 jugiter

393 3380 853 3453 exspectantem,
891 3375 1191 3436 nolentem
1248 3374 1549 3435 interitum
1609 3393 1812 3435 eorum
1847 3374 1944 3454 qui
1977 3382 2032 3434 te

391 3462 768 3523 offenderunt
797 3462 876 3537 90,
907 3462 1006 3543 qui
1037 3463 1096 3524 in
1129 3461 1300 3524 nobis
1333 3463 1508 3524 modo
1536 3462 1827 3544 stupenda
1857 3463 2030 3542 perﬁ-

391 3551 497 3624 cis,
532 3569 665 3632 quaa
695 3553 834 3613 olim
886 3553 946 3613 in
996 3552 1172 3614 domo
1234 3553 1414 3616 David
1474 3553 1667 3613 futura
1695 3552 2025 3626 audientes,

389 3639 696 3714 miramur,
730 3640 926 3721 qualia
980 3641 1175 3703 futura
1225 3641 1366 3703 sint.
1428 3641 1650 3704 Domus
1709 3639 1888 3701 David
1922 3659 2028 3703 nos

389 3746 619 3809 sumus,
652 3735 928 3810 tanquam
962 3730 1194 3808 cognati
1227 3731 1404 3792 illius.
1465 3729 1607 3791 Nam
1642 3730 1768 3810 ipse
1803 3739 1857 3789 lu
1891 3748 2026 3790 om-

386 3818 551 3878 nium
585 3817 890 3892 Conditor,
925 3817 1080 3880 ﬁlius
1135 3819 1255 3879 illis
1309 3821 1500 3882 factus
1558 3837 1645 3890 es,
1696 3827 1748 3879 el
1783 3839 1891 3880 nos
1922 3819 2028 3880 ﬁlii

388 3904 473 3965 tui
504 3923 611 3985 per
641 3906 912 3985 gratiam.
967 3906 1055 3968 Tu
1119 3915 1404 3985 cognatus
1459 3916 1659 3970 noster
1689 3927 1888 3969 carne.
1923 3927 2030 3968 nos

385 3992 634 4056 Deitatis
667 4003 802 4058 tuae.
835 3995 1080 4058 Indutus
1115 3997 1273 4058 enim
1333 4015 1585 4078 corpore
1614 3997 1826 4057 dedisti
1861 3997 2031 4058 nobis

384 4082 670 4162 Spiritum
701 4092 996 4160 sanctum,
1059 4104 1388 4166 omnesque
1445 4086 1618 4146 simul
1675 4104 1793 4146 una
1823 4085 2032 4147 domus

384 4169 564 4232 David
612 4171 751 4233 facti
799 4192 1026 4248 sumus,
1089 4175 1231 4254 quia
1289 4174 1514 4254 proprii
1573 4174 1656 4234 tui
1714 4183 1771 4235 et
1801 4175 2033 4252 cognati

385 4259 492 4320 tui.
519 4257 807 4322 Dominus
839 4261 1016 4338 igitur
1053 4263 1234 4326 David
1270 4271 1332 4324 tu
1364 4263 1423 4323 in
1455 4265 1668 4344 spiritu
1701 4280 1784 4338 es,
1821 4283 1926 4324 nos
1957 4265 2031 4324 ﬁ-

462 4417 525 4468 20
557 4418 768 4482 Ezecb.
796 4437 1002 4496 xxxm,
1032 4425 1126 4485 11.

2114 1782 2227 1837 tus.
2247 1773 2541 1835 Etmanus
2565 1792 2695 1835 mea
2715 1773 2940 1844 miseri,
2968 1781 3025 1835 et
3047 1793 3153 1855 pes
3182 1793 3350 1835 meus
3373 1771 3663 1835 Christus.
3687 1774 3765 1835 Et

2113 1882 2322 1924 manus
2342 1863 2550 1927 Christi
2575 1871 2634 1924 et
2660 1882 2796 1944 spes
2825 1863 3044 1927 Christi
3069 1883 3175 1942 ego
3212 1863 3514 1926 minimus.
3548 1867 3758 1926 Moveo

2114 1971 2352 2013 manum
2378 1952 2403 2015 ἲ
2433 1956 2608 2014 etiam
2634 1951 2918 2028 Christus,
2941 1952 3184 2014 omnino
3213 1952 3368 2013 enim
3395 1969 3603 2013 manus
3622 1971 3760 2014 mea

2114 2041 2593 2102 estzindividuam
2609 2040 3055 2103 enimDeitatem
3071 2041 3359 2120 intelligas
3373 2043 3755 2120 oportet.Mo-

2113 2148 2218 2191 veo
2251 2130 2464 2210 pedem
2500 2131 2531 2190 ‘?
2577 2139 2634 2191 et
2686 2147 2824 2192 ecce
2882 2129 3061 2208 fulget
3109 2143 3173 2190 ut
3220 2131 3343 2190 ille.
3395 2131 3546 2193 Cave
3590 2131 3755 2193 dicas

2112 2217 2526 2298 blasphemare
2557 2237 2676 2294 me,
2709 2218 2813 2279 sed
2847 2220 2971 2280 haec
3001 2218 3282 2298 approba,
3342 2228 3401 2280 et
3449 2219 3751 2282 Christum

2113 2307 2314 2388 adora,
2368 2308 2470 2388 qui
2521 2317 2576 2369 te
2634 2309 2810 2369 talem
2871 2307 3026 2369 facit.
3088 2307 3320 2369 Etenim
3381 2318 3441 2370 tu
3491 2328 3748 2389 quoque,

2113 2397 2162 2457 si
2213 2397 2490 2477 volueris,
2551 2397 2884 2458 membrum
2943 2397 3069 2477 ejus
3127 2397 3256 2459 ﬁes.
3319 2396 3390 2459 Et
3447 2398 3526 2458 ita
3555 2399 3756 2460 omnia

2115 2485 2383 2546 membra
2411 2485 2878 2565 uniuscujusque
2925 2495 3196 2547 nostrum
3228 2486 3496 2547 membra
3537 2488 3752 2548 Christi

2115 2573 2280 2653 ﬁent,
2314 2582 2368 2633 et
2401 2573 2668 2636 Christus
2704 2583 2968 2634 nostrum
2995 2573 3350 2648 membrum,
3388 2584 3446 2637 et
3477 2575 3525 2636 is
3556 2576 3755 2638 omnia

2113 2663 2396 2724 indecora
2425 2681 2494 2724 ac
2527 2662 2818 2724 deformia
2848 2664 3126 2734 formosa,
3182 2673 3237 2724 et
3269 2665 3486 2726 decora
3517 2665 3749 2746 reddet,

2114 2751 2554 2832 pulchritudine
2581 2750 2857 2813 videlicet
2887 2759 2944 2812 et
2974 2754 3157 2830 gloria
3211 2753 3453 2814 Deitatis
3503 2773 3622 2815 sua;
3653 2755 3754 2816 illa

2113 2859 2448 2914 exornans;
2509 2849 2566 2902 et
2625 2841 2833 2901 fiemus
2888 2841 3064 2901 simul
3113 2842 3220 2919 dii,
3251 2861 3382 2903 cum
3415 2841 3535 2903 Deo
3567 2843 3742 2902 fami-

2114 2929 2339 2991 liariter
2367 2931 2691 3010 conjuncti,
2725 2929 2946 2990 nullam
2997 2930 3056 2990 in
3113 2949 3356 3011 corpore
3386 2939 3583 2990 nostro
3615 2949 3742 2990 ma-

2114 3019 2304 3079 culam
2338 3019 2719 3097 aspicientes,
2757 3019 2860 3079 sed
2922 3019 3024 3078 toti
3070 3020 3242 3080 totius
3274 3019 3538 3098 corporis
3565 3019 3742 3080 Chri-

2114 3107 2188 3168 sti
2272 3107 2720 3169 similitudinem
2821 3109 3146 3181 consecuti,
3231 3111 3476 3188 quisque
3563 3116 3747 3168 totum

2113 3197 2409 3260 Christum
2472 3196 2803 3258 membrum
2845 3206 3108 3258 nostrum
3160 3197 3529 3259 habebimus.
3590 3196 3755 3260 Unus

2113 3285 2271 3346 enim
2350 3286 2535 3348 multa
2604 3286 2811 3359 factus,
2892 3305 3045 3347 unus
3123 3295 3322 3347 manet
3404 3286 3750 3360 idividuus;

2117 3392 2253 3454 pars
2278 3383 2474 3436 autem
2505 3393 2872 3455 unaquaeque
2904 3383 3063 3436 totus
3099 3376 3369 3438 Christus
3400 3387 3495 3436 est
3525 3376 3671 3455 (19).

2194 3464 2255 3526 Si
2289 3482 2426 3542 ergo
2462 3473 2520 3524 tu
2552 3464 2797 3527 indutus
2849 3483 2913 3525 es
2956 3465 3152 3526 carnis
3185 3473 3296 3526 tute
3326 3465 3610 3546 dedecus,
3649 3484 3757 3526 nec

2114 3562 2377 3613 mentem
2410 3560 2586 3633 atque
2618 3553 2876 3614 animam
2907 3553 3183 3626 nudatus,
3219 3563 3275 3613 et
3306 3553 3568 3615 tenebris
3586 3571 3755 3633 oper.

2117 3649 2206 3701 tus
2238 3641 2437 3703 lumen
2497 3643 2691 3703 adhuc
2748 3641 2951 3702 videre
3002 3642 3268 3720 potuisti,
3331 3642 3470 3722 quid
3506 3641 3611 3702 tibi
3645 3660 3754 3720 ego

2110 3731 2322 3792 faciam
2350 3731 2380 3789 ‘I
2435 3731 2730 3810 quomodo
2759 3730 3156 3793 venerationis
3188 3732 3362 3812 plena
3394 3730 3698 3791 ostendam
3730 3730 3755 3788 ἲ

2112 3818 2430 3898 quomodo,
2468 3819 2616 3899 proh
2667 3818 2885 3880 dolor?
2939 3819 2998 3878 in
3057 3818 3297 3880 dontum
3356 3819 3534 3880 David
3574 3829 3626 3879 te
3657 3818 3754 3878 in—

2114 3909 2419 3968 troducam
2451 3908 2482 3967 ?
2535 3908 2703 3969 Adiri
2734 3908 2890 3970 enim
2937 3927 3053 3968 non
3088 3919 3283 3987 potest
3310 3908 3382 3970 ab
3413 3908 3659 3988 ignavis,
3697 3915 3758 3967 ut

2115 4013 2220 4073 ego
2252 4015 2426 4058 sum:
2483 4014 2592 4058 nec
2636 3996 2822 4058 videri
2875 4016 2908 4058 a
2955 3997 3150 4076 caecis,
3209 3999 3354 4064 mihi
3415 3997 3753 4074 similibus;

2113 4092 2172 4146 et
2227 4085 2402 4146 distat
2456 4086 2662 4165 procul
2719 4086 2891 4164 plane
2943 4085 3015 4146 ab
3065 4086 3406 4148 inﬁdelibus
3453 4095 3514 4147 et
3547 4085 3756 4166 pigris,

2115 4174 2320 4254 procul
2404 4174 2476 4234 ab
2561 4174 2836 4235 omnibus
2920 4174 3232 4253 improbis,
3319 4175 3396 4236 ab
3482 4173 3761 4234 omnibus

2117 4261 2323 4323 mundi
2375 4262 2759 4338 amatoribus,
2794 4263 2866 4324 ab
2897 4262 3091 4325 inanis
3139 4264 3344 4342 gloriae
3371 4263 3625 4344 cupidis.
3662 4265 3762 4325 Sic

464 4596 818 4694 (19)nilujus
875 4601 1125 4694 theoriag
1162 4602 2329 4694 Ioccasionenrsutnpsisse_vi-Dtate_et
2358 4611 2515 4694 sunt,
2575 4611 2633 4694 et
2685 4606 2860 4694 ﬁunt,
2921 4612 2977 4664 et
3019 4603 3169 4664 facta
3225 4611 3380 4694 sunt,
3412 4624 3543 4694 quae
3573 4604 3764 4694 libero

387 4674 573 4760 detur
593 4674 834 4739 Simeon
862 4697 932 4760 ex
966 4680 1067 4741 illo
1098 4681 1122 4742 Ι
1155 4682 1288 4744 Cor.
1343 4700 1448 4760 xu,
1507 4684 1578 4744 1‘7
1617 4703 1629 4741 :
1697 4674 1805 4742 νοδ
1835 4691 2036 4746 autem

381 4757 524 4817 estis
556 4774 777 4838 corpus
811 4759 1066 4841 Christi,
1101 4769 1157 4823 et
1211 4757 1483 4824 membra
1536 4763 1609 4824 de
1638 4761 1934 4823 membro.
1968 4764 2038 4824 Et

380 4853 510 4916 cap.
567 4854 648 4917 Vl,
713 4856 865 4922 vers.
936 4841 1052 4902 15:
1105 4841 1386 4914 Nescitis,
1443 4845 1731 4922 quoniam
1766 4860 2037 4922 corpora

377 4924 581 5000 vestra
611 4917 881 4981 membra
938 4929 1077 4982 sunt
1138 4922 1418 4984 Christi?
1453 4917 1545 4983 'Et
1602 4942 1667 4982 ex
1701 4921 1830 4982 aliis
1861 4917 2034 5000 hujus

376 4997 613 5136 generis
650 5017 665 5072 ;
701 5017 831 5090 quae
859 5000 1098 5080 quidem
1132 5001 1330 5062 omnia
1385 5003 1626 5081 mystice
1662 5009 1719 5062 et
1749 4997 2030 5081 spiritua—

402 5083 514 5136 iter
541 5079 892 5136 accipienda
923 5089 1080 5136 sunt.
1122 5084 1305 5136 Porro
1364 5081 1518 5136 amid
1555 5081 1894 5136 Simeonem
1931 5101 2026 5136 se-

402 5079 514 5162 iter
541 5079 1080 5162 accipiendasunt.
1122 5084 1305 5162 Porro
1364 5079 1518 5162 apud
1555 5079 1894 5144 Simeonem
1931 5101 2026 5144 se-

376 5155 798 5242 quebatur'hic
832 5159 1176 5242 disputatio
1230 5162 1305 5224 de
1359 5155 1644 5222 membris
1702 5163 1922 5242 nostris
1971 5163 2028 5224 in

376 5235 644 5320 membra
700 5235 969 5320 Christi'
1009 5242 1464 5315 translormatis,
1550 5242 1744 5320 deque
1811 5241 2030 5304 Christi

375 5316 663 5413 membris
694 5319 753 5413 i_n
787 5328 989 5413 nostra
1018 5323 1342 5413 conversis,
1394 5340 1567 5413 quam
1603 5316 2030 5413 si'lentioprm-

372 5397 846 5492 termittendam,
911 5401 1258 5494 Lantinisque
1296 5397 1559 5494 auribus.
1588 5421 1722 5494 _no.n
1757 5397 2029 5494 satisdi-

370 5493 542 5566 gnam
570 5479 943 5566 censuimus.
976 5481 1040 5543 Si
1069 5479 1204 5561 quis
1254 5483 1383 5562 ejus
1419 5481 1736 5566 _desid_erio
1767 5491 2024 5559 tenetur,

370 5557 426 5640 is
468 5557 749 5640 codicem
812 5557 1209 5640 Augustalium
1261 5557 1359 5623 aut
1415 5561 1759 5624 Bavaricum
1822 5557 2018 5626 adeat.

366 5635 550 5698 Multa
580 5637 834 5703 honeste
863 5635 925 5704 et
953 5640 1174 5704 decore
1233 5641 1296 5704 in
1346 5644 1456 5706 hac
1486 5661 1686 5706 rerum
1717 5642 2018 5707 universi—

2119 4704 2223 4746 ore
2254 4687 2502 4746 honeste
2535 4683 2700 4745 effari
2732 4703 2850 4764 non
2885 4702 3222 4764 possumus.
3276 4683 3397 4745 Nec
3431 4685 3566 4764 quia
3594 4685 3766 4745 nobis

2119 4765 2340 4845 aliquid
2373 4784 2406 4825 a
2439 4772 2644 4825 natura
2677 4763 2960 4845 tributum
2994 4773 3122 4845 est;
3155 4764 3290 4845 ideo
3322 4763 3535 4842 linguae
3561 4764 3768 4845 vestis-

2121 4843 2233 4925 que
2265 4853 2604 4925 tegumenta
2663 4844 2867 4925 celari
2903 4863 3018 4925 non
3075 4843 3288 4925 debet.
3337 4849 3459 4908 Nec
3511 4844 3651 4906 satis
3700 4853 3770 4925 ut

2118 4923 2229 5005 piae
2257 4923 2357 4986 aut
2385 4924 2672 5005 decentes
2729 4923 2874 4984 mihi
2930 4924 3201 4984 videntur
3255 4924 3370 4985 illa:
3419 4944 3617 4985 rerum
3648 4923 3766 5003 spi-

2115 5004 2414 5067 ritualium
2441 5004 2973 5085 considerationes,
2999 5023 3130 5083 qum
3155 5014 3408 5066 mentem
3438 5024 3614 5085 supra
3640 5005 3766 5065 ham

2117 5085 2318 5158 nimis,
2370 5093 2432 5145 ut
2482 5085 2566 5146 sic
2615 5083 2831 5158 dicam,
2885 5085 3130 5164 physica
3161 5103 3276 5164 non
3309 5083 3606 5146 attollunt.
3639 5086 3769 5146 Nec

2116 5165 2218 5244 qui
2247 5165 2429 5238 abdit,
2466 5182 2598 5244 quae
2629 5173 2836 5225 natura
2868 5164 3004 5224 abdi
3035 5163 3249 5236 voluit;
3296 5165 3429 5224 ideo
3463 5164 3762 5225 Christum

2116 5243 2234 5306 non
2267 5243 2686 5325 induitIQuod
2715 5243 2948 5325 siquis
2995 5254 3174 5319 esset,
3235 5245 3334 5325 qui
3366 5244 3773 5325 arbitraretur

2119 5325 2474 5402 Christiano,
2507 5323 2608 5405 qui
2661 5323 2960 5405 Christum
2994 5333 3051 5405 et
3083 5343 3147 5385 re
3182 5323 3513 5385 et’nomine
3545 5324 3763 5405 induit,

2115 5406 2316 5467 omnia
2346 5405 2407 5466 in
2440 5403 2746 5486 propatulo
2797 5403 3258 5486 habendaﬁesse
3292 5423 3307 5478 ;
3363 5405 3415 5486 is
3445 5424 3562 5465 non
3600 5404 3762 5486 inju-

2113 5486 2202 5546 ria
2233 5483 2466 5566 plenior
2496 5483 2825 5566 cinicismo
2849 5502 3022 5566 quam
3066 5483 3520 5566 Christianisrno
3554 5485 3766 5546 existi-

2113 5505 2202 5546 ria
2233 5504 2466 5566 plenior
2496 5504 2527 5547 c
2570 5504 2818 5545 mctsmo
2849 5504 3022 5564 quam
3066 5504 3181 5547 Cnr

2107 5567 2257 5628 mari
2291 5573 2508 5645 posset.
2531 5504 2765 5627 R’erum
2797 5564 2871 5626 de
2903 5564 2996 5624 his
3028 5565 3181 5628 tatis.
