4112 6106
387 288 511 352 533

1524 291 1954 355 DIVINORUM
1997 289 2323 352 AMORUM
2342 337 2346 340 η
2367 293 2616 356 LIBER.

3647 283 3727 346 53

377 431 584 484 autem
635 423 782 484 citra
838 423 1337 502 comparationem
1400 423 1598 498 distat,
1658 431 1721 483 ut
1767 423 1817 484 si
1847 424 2212 504 superAsed
2271 425 2419 487 ccelo
2478 443 2718 506 quoque
2793 431 2851 485 et
2927 425 3194 486 omnium
3274 437 3407 500 quae
3464 417 3526 479 in
3589 415 3758 479 caelis

378 511 761 574 altitudinem
788 513 946 588 coeli,
970 521 1069 574 aut
1092 512 1245 574 infra
1259 511 1613 590 profundum
1638 511 1830 592 abyssi
1845 513 2023 575 esset!

375 599 464 662 Et
492 601 787 682 quisnam,
851 610 951 662 aut
1007 622 1124 680 quo
1182 610 1349 682 pacto
1408 603 1467 662 in
1521 601 1735 663 coelum
1791 603 2028 664 tandem

378 688 728 750 ascendet?
785 699 887 750 aut
915 689 1210 769 quomodo
1241 689 1349 751 sub
1382 698 1598 750 terram
1631 689 2025 763 descendens,

383 777 753 839 scrutabitur
781 778 1020 858 abyssos
1051 777 1076 840 ?
1133 787 1192 840 et
1244 779 1642 855 margaritam,
1687 788 1751 839 ut
1782 796 2030 856 granum

383 868 581 948 sinapi
615 869 1026 948 parvissimum
1058 869 1397 950 exquirens,
1444 869 1739 949 quomodo
1772 869 2040 931 invenire

389 956 648 1036 poterit?
673 957 812 1026 Sed,
841 977 872 1016 ο
898 957 1023 1031 filii,
1050 957 2036 1036 congregamini,omatresadeste,

383 1066 422 1104 ο
459 1059 654 1125 patres
705 1047 1042 1126 przevenite,
1100 1055 1418 1127 antequam
1474 1064 1634 1106 mors
1697 1046 2037 1125 praeveniat,

385 1155 742 1216 mecumque
773 1136 1200 1211 lamentamini,
1238 1145 1294 1196 et
1343 1136 1566 1215 plorate
1599 1154 1833 1208 omnes,
1866 1135 2023 1215 quod

377 1240 520 1286 cum
553 1225 775 1304 parvuli
833 1225 892 1286 in
949 1225 1299 1304 baptismate
1357 1226 1542 1286 Deum
1589 1224 2020 1303 acceperimus,

374 1314 471 1375 vel
532 1314 724 1392 potius
780 1313 1036 1375 infantes
1097 1313 1199 1374 filii
1259 1313 1367 1373 Dei
1424 1313 1559 1374 facti
1617 1312 1826 1393 simus,
1890 1333 2024 1374 cum

370 1421 821 1483 peccassemus,
886 1422 1016 1464 mox
1078 1412 1239 1464 extra
1295 1404 1535 1464 domum
1596 1401 1777 1463 David
1851 1395 2027 1482 ejecti

375 1491 595 1566 simus,
648 1510 841 1572 neque
898 1492 956 1552 id
1006 1491 1391 1571 senserimus,
1453 1498 1511 1550 et
1570 1509 1877 1551 curramus
1928 1509 2032 1570 per

380 1581 795 1659 pmnitentiam
832 1602 848 1657 ;
885 1599 990 1659 per
1020 1599 1148 1641 eam
1207 1581 1425 1660 quippe
1482 1579 1654 1658 ejecti
1689 1598 1895 1640 omnes
1927 1598 2026 1641 re-

381 1670 785 1746 grediuntur:
843 1669 1016 1730 aliter
1060 1669 1294 1745 regredi
1327 1688 1442 1728 non
1475 1669 1633 1743 licet,
1671 1686 1744 1728 ne
1794 1669 2024 1741 erretis,
2055 1704 2090 1752 Β

382 1777 497 1820 nec
530 1759 750 1832 videre,
785 1776 914 1837 quae
968 1758 1028 1818 in
1088 1776 1158 1817 ea
1217 1758 1475 1836 perfecta
1504 1766 1661 1833 sunt,
1700 1759 2024 1837 perficiun-

381 1858 600 1927 turque
657 1848 718 1906 in
777 1847 992 1907 saacula
1046 1846 1503 1906 innumerabilia
1539 1845 1599 1905 in
1644 1846 1875 1909 Christo
1905 1849 2026 1909 Deo

381 1955 543 2010 meo,
579 1955 752 2016 quem
785 1935 955 1997 decet
987 1935 1178 1996 omnis
1199 1934 1408 2014 gloria,
1436 1937 1650 2009 honor,
1683 1935 1943 1997 adoratio
1965 1935 2026 1996 in

378 2026 835 2104 sempiternum.

987 2153 1228 2216 CAPUT
1273 2153 1425 2216 XVI.

377 2245 682 2303 Secundum
711 2253 976 2304 naturam
1007 2248 1184 2303 Deum
1208 2248 1381 2304 solum
1409 2248 1716 2312 amabilem,
1767 2262 1832 2302 ac
1877 2247 2023 2302 desi-

450 2317 750 2374 derabilem
779 2335 889 2376 esse
908 2337 929 2385 ;
961 2320 1117 2388 cujus
1145 2322 1240 2390 qui
1267 2321 1451 2389 factus
1477 2320 1549 2376 sit
1573 2320 1863 2389 particeps,
1899 2333 2024 2374 eum

452 2390 722 2446 bonorum
751 2393 1140 2447 universorum
1167 2393 1377 2462 factum
1405 2405 1512 2446 esse
1535 2391 1884 2461 participem.

465 2523 513 2579 Ο
545 2537 673 2598 qua:
702 2536 799 2578 res
829 2518 940 2579 ista
972 2526 1084 2578 tam
1126 2517 1480 2579 venerabilis
1508 2517 1668 2577 omni
1701 2517 2022 2578 creaturae?

377 2628 498 2688 quo
531 2609 638 2668 hoc
672 2606 780 2669 sub
838 2607 1283 2686 intelligentiam
1337 2606 1555 2669 cadens
1610 2607 1828 2679 lumen,
1863 2607 2017 2686 quod

374 2697 608 2758 videtur
663 2696 735 2757 ab
792 2696 1126 2757 omnibus?
1187 2715 1313 2776 quae
1371 2697 1520 2772 ista}:
1553 2704 1730 2756 tanta;
1775 2693 2014 2770 divitiae,

377 2805 524 2866 quas
581 2785 824 2845 omnino
905 2784 1239 2846 mortalium
1318 2785 1514 2845 nullus
1587 2784 1852 2844 invenire
1919 2793 2018 2845 aut

379 2873 681 2954 possidere
735 2874 920 2953 potuit
950 2877 978 2934 ?
1009 2881 1150 2934 sunt
1180 2874 1338 2934 enim
1377 2872 1652 2934 omnibus
1683 2873 2018 2951 incompre-

380 2963 728 3042 liensibiles,
765 2971 822 3023 et
850 2982 882 3023 a
916 2963 1138 3024 mundo
1162 2963 1291 3042 capi
1319 2970 1655 3043 nequeunt;
1684 2969 1819 3022 sunt
1841 2980 2020 3041 super

2112 523 2274 588 sunt,
2335 517 2600 576 omnium
2661 513 2946 594 Opiﬁcem
2995 528 3229 573 mecum
3277 507 3528 588 habens,
3578 524 3756 594 quem

2112 602 2280 750 (ilicet
2333 602 2541 682 gloria,
2632 593 2724 664 et,
2774 603 2963 663 honos
3048 616 3206 661 nunc
3277 605 3336 659 et
3391 595 3454 657 in
3507 593 3758 657 saeuis.

2170 708 2326 750 men.

2170 708 2326 753 men.

2703 807 2943 875 CAPUT
3000 807 3176 872 XVII.

2127 946 2394 1004 Timorem
2419 962 2681 1022 generare
2716 945 3061 1009 charitatem,
3090 1016 3103 1022 _
3120 942 3352 1022 atillam
3379 939 3760 1022 "(reticenti-

2194 1033 2402 1075 morem
2413 1015 2484 1073 ea:
2511 1020 2725 1085 anima,
2744 1031 3072 1088 manereque
3081 1016 3142 1072 in
3154 1016 3297 1087 ipsa,
3309 1027 3436 1070 cum
3452 1015 3526 1069 sit
3537 1015 3758 1069 sanctus

2193 1091 2515 1160 diuinusque
2542 1089 2801 1161 Spiritus.

2189 1197 2496 1270 Quomodo
2517 1198 2750 1277 hymnis
2767 1197 3118 1276 decantabo,
3143 1194 3440 1278 quomodo
3455 1190 3754 1272 gloriﬁca-

2110 1287 2206 1355 bo,
2233 1287 2526 1368 quomodo
2548 1287 2723 1364 digne
2741 1286 3071 1366 prwdicabo
3099 1290 3283 1347 Deum
3300 1301 3497 1346 meum
3520 1279 3620 1362 qui
3636 1285 3752 1340 tam

2112 1377 2291 1436 multa
2318 1383 2557 1456 peccata
2577 1395 2708 1437 mea
2731 1374 3162 1437 dissimulavit?
3183 1368 3752 1455 quomodoattollam

2111 1465 2312 1527 oculos
2335 1483 2519 1532 meos.
2544 1465 2840 1544 quomodo
2862 1463 3122 1543 aperiam
3148 1481 3214 1524 os
3238 1479 3458 1534 meum,
3489 1457 3752 1544 Salvator

2115 1553 2217 1621 mi.
2241 1553 2534 1633 quomodo
2559 1543 2815 1613 movebo
2831 1553 2982 1613 labia
2997 1570 3150 1626 mea,
3169 1547 3466 1632 quomodo
3484 1547 3555 1608 ad
3575 1543 3753 1606 subli-

2117 1660 2209 1702 me
2232 1642 2443 1702 ccelum
2460 1641 2771 1702 extendam
2797 1659 3004 1702 manus
3022 1658 3206 1714 meas,
3224 1657 3399 1720 quem
3411 1650 3752 1699 sermonem

2112 1730 2432 1803 inveniam,
2457 1729 2670 1809 quibus
2685 1729 2881 1790 verbis
2894 1738 3046 1802 utar,
3069 1727 3367 1810 quomodo
3389 1726 3548 1805 loqui
3569 1721 3748 1785 aude-

2112 1818 2514 1899 bo,quomodo
2531 1817 2757 1879 veniam
2770 1817 3042 1895 ﬂagitabo
3057 1827 3171 1878 tam
3198 1814 3369 1876 multi
3389 1812 3748 1899 erratis,tam

2111 1898 2649 1968 innumerabilibus
2677 1907 2934 1986 peccatis
2961 1906 2985 1966 Υ
3019 1909 3187 1967 Certe
3241 1903 3510 1967 facinora
3539 1898 3750 1962 admisi

2112 1995 2271 2056 omni
2302 1995 2549 2072 indigna
2579 1995 2797 2056 venia?
2845 1995 2996 2056 nosti
3028 2005 3086 2055 tu
3117 1993 3257 2074 quid
3283 1993 3498 2053 dicam.
3530 1987 3753 2052 Omnes

2112 2091 2333 2144 natum
2391 2084 2540 2145 fines
2593 2083 2855 2158 transivi,
2918 2091 3130 2164 printer
3186 2090 3456 2143 naturam
3509 2075 3749 2159 patratis

2108 2171 2460 2251 sceleribus,
2493 2172 2680 2233 brutis
2709 2172 3065 2233 animalibus
3095 2171 3262 2252 pejor
3293 2167 3512 2240 exstiti,
3555 2164 3748 2225 omni-

2106 2260 2219 2322 bus
2276 2260 2544 2333 marinis,
2606 2260 2881 2322 omnibus
2937 2259 3337 2334 terrestribus,
3391 2253 3744 2338 pecudibus,

2107 2348 2440 2429 reptilibus,
2475 2349 2616 2410 feris
2647 2366 2854 2410 revera
2885 2349 3149 2412 deterior
3175 2347 3282 2423 fui,
3309 2365 3442 2409 cum
3469 2341 3747 2406 mandata

2108 2446 2203 2498 tua
2232 2437 2462 2500 violavi.
2498 2436 2608 2509 Qui
2640 2437 2818 2516 igitur
2855 2457 3072 2518 c0rpus
3093 2455 3292 2498 meum
3333 2435 3416 2496 ita
3445 2429 3740 2495 contami-

2106 2526 2259 2606 navi,
2309 2533 2368 2585 et
2414 2525 2669 2586 animam
2731 2525 3054 2599 sordidavi,
3113 2523 3408 2607 quomodo
3442 2518 3740 2602 apparebo

2103 2615 2230 2688 tibi,
2284 2615 2579 2695 quomodo
2628 2615 2910 2693 aspiciam
2972 2623 3049 2694 te,
3110 2611 3405 2694 quomodo
3453 2609 3544 2670 vel
3587 2616 3743 2668 stare

2104 2704 2285 2764 miser
2315 2719 2450 2764 ante
2481 2711 2859 2782 conspectum
2891 2713 3055 2765 tuum
3104 2701 3335 2764 audebo
3356 2699 3386 2761 ‘?
3443 2695 3740 2779 quomodo

2101 2812 2214 2854 non
2268 2791 2482 2870 fugiam
2533 2791 2780 2870 gloriam
2826 2800 3009 2866 tuam,
3077 2800 3136 2854 et
3193 2793 3392 2852 lumen
3441 2787 3742 2866 fulgurans

2099 2881 2283 2942 sancti
2315 2879 2572 2961 Spiritus
2603 2881 2730 2943 tui?
2777 2880 3084 2953 Quomodo
3134 2881 3294 2942 solus
3325 2895 3432 2957 ego
3462 2875 3535 2938 ad
3567 2882 3738 2937 tene-

2098 2969 2234 3030 bras
2267 2987 2380 3030 non
2414 2968 2643 3042 vadam,
2679 2977 2736 3029 et
2764 2988 2796 3030 a
2836 2977 3174 3030 sanctorum
3205 2965 3457 3030 cratibus
3487 2982 3606 3024 non
3637 2979 3735 3024 se-

377 3052 583 3112 orbem
619 3060 908 3112 terrarum
945 3042 1502 3126 desideratissimam
1535 3061 1672 3112 sunt
1701 3049 2010 3130 optabiles,
2035 3060 2075 3108 C
2104 3057 2374 3138 parabor,
2410 3057 2509 3137 qui
2538 3076 2718 3138 opera
2773 3057 3149 3119 tenebrarum
3209 3053 3375 3116 feci?
3427 3042 3740 3125 Quomodo-

378 3149 664 3221 quantum
695 3141 874 3202 rebus
932 3140 1388 3220 aspectabilibus
1447 3159 1646 3200 earum
1681 3148 2019 3220 procreator

378 3230 700 3292 antecellit.
759 3234 952 3309 Atque
1003 3229 1138 3290 ideo
1192 3230 1322 3309 ejus
1378 3229 1666 3290 charitate
1713 3228 2012 3292 vulneror.

379 3319 680 3391 Quatenus
711 3329 902 3378 autem
935 3337 1069 3378 eum
1104 3338 1220 3379 non
1279 3317 1470 3398 capio,
1519 3324 1718 3379 mente
1750 3335 2016 3378 maceror

379 3417 433 3468 et
466 3409 728 3479 tabesco,
792 3417 847 3468 et
899 3408 1128 3470 ardenti
1188 3407 1368 3468 corde
1427 3407 1772 3484 ingemisco,
1834 3414 1889 3468 et
1921 3407 2016 3468 hic

373 3498 490 3558 illic
514 3496 905 3557 obambulans
921 3516 987 3558 ac
1012 3497 1774 3558 circumiensmﬂatnmatus
1787 3514 2006 3576 quwro,

377 3605 483 3648 nec
542 3586 772 3666 uspiam
833 3585 1067 3647 invenio
1125 3604 1300 3666 quem
1354 3585 1544 3663 diligit
1598 3585 1796 3646 anima
1853 3603 2008 3645 mea.

373 3675 800 3755 Circumspicio
832 3675 1123 3755 crebrius,
1160 3674 1208 3735 si
1236 3674 1455 3755 possim
1479 3674 1682 3736 videre
1705 3693 1881 3756 quem
1902 3674 2010 3735 de-

375 3765 598 3826 sidero.
663 3766 736 3825 At
791 3764 889 3825 ille
929 3764 1093 3844 quasi
1128 3761 1590 3843 inaspectabilis,
1627 3762 1858 3842 penitus
1894 3782 2010 3824 non

376 3861 640 3934 apparet.
721 3851 864 3914 Cum
921 3861 1114 3913 autem
1175 3870 1416 3930 cmpero
1475 3851 1786 3912 lamentari
1843 3851 2013 3928 quasi

2099 3146 2407 3208 sustinebo
2438 3164 2641 3207 vocem
2703 3154 2884 3219 tuam,
2943 3146 3043 3228 qui
3102 3145 3242 3206 hinc
3296 3163 3364 3205 ex
3393 3141 3559 3203 factis
3588 3139 3739 3202 meis

2097 3235 2221 3298 fero
2254 3253 2484 3296 mecum
2517 3235 2958 3297 damnationem
3012 3251 3202 3297 meam
3223 3233 3256 3293 ?
3312 3238 3467 3293 totus
3495 3229 3734 3301 horreo,

2099 3331 2254 3384 totus
2286 3323 2697 3398 conlremisco,
2735 3331 2888 3386 tutus
2916 3325 2974 3386 in
3009 3325 3283 3385 timorem
3314 3329 3737 3401 stuporemque

2098 3431 2302 3472 versus
2334 3412 2594 3473 exclamo
2626 3411 2697 3474 ad
2757 3421 2834 3475 te.
2895 3412 3051 3484 Scio,
3114 3411 3394 3484 Salvator,
3431 3408 3735 3470 neminem

2096 3501 2344 3582 perinde
2376 3508 2440 3561 ut
2485 3520 2591 3580 ego
2653 3520 2927 3582 peccasse
2987 3501 3114 3578 tibi,
3175 3519 3286 3562 nec
3335 3499 3646 3581 quisquam
3673 3514 3738 3558 se

2097 3589 2294 3663 tantis,
2328 3591 2561 3669 quantis
2617 3607 2724 3669 ego
2780 3591 3016 3668 ﬂagitiis
3064 3589 3303 3652 involvit
3344 3610 3356 3646 :
3417 3587 3560 3668 quin
3608 3584 3739 3646 aliis

2096 3679 2271 3740 etiam
2323 3685 2524 3738 auctor
2583 3679 2932 3758 perditionis
2980 3678 3083 3740 fui.
3147 3677 3325 3758 Atqui
3369 3677 3483 3738 hoc
3533 3681 3738 3737 contra

2095 3767 2252 3839 novi,
2288 3766 2400 3826 hoc
2433 3784 2748 3844 persuasus
2777 3786 2930 3840 sum,
2986 3767 3142 3828 Deus
3201 3783 3393 3844 meus,
3455 3782 3574 3824 non
3605 3779 3736 3823 ma-

2095 3855 2462 3933 gnitudinem
2492 3854 2910 3928 admissorum,
2958 3875 3077 3916 non
3126 3850 3559 3916 multitudinem
3591 3869 3734 3931 pec-

377 3941 894 4022 desperabundus,
929 3950 1065 4002 tunc
1096 3940 1340 4002 se'mihi
1387 3939 1703 4002 videndum
1735 3940 1925 4013 offert,
1958 3951 2017 4000 et
2098 3953 2382 4013 calorum,
2418 3961 2608 4022 neque
2667 3942 3090 4022 turpitudinem
3147 3942 3443 4004 actionum
3475 3957 3734 4020 unquam

375 4031 638 4092 intuetur
674 4049 766 4091 me
799 4031 900 4110 qui
933 4030 1195 4090 intuetur
1223 4031 1441 4090 omnia.
1499 4029 1796 4090 Admiror.
1832 4037 1890 4090 et
1919 4031 2014 4088 in-
2101 4031 2524 4110 benignitatem
2560 4041 2740 4102 tuam,
2775 4043 2832 4093 et
2884 4051 3177 4112 magnam,
3229 4031 3348 4091 imo
3399 4047 3537 4090 vero
3572 4029 3737 4110 plus-

374 4121 526 4198 signi
561 4119 1001 4200 pulchritudine
1033 4119 1383 4198 obstupesco
1412 4140 1425 4191 ;
1461 4127 1517 4179 et
1546 4118 1842 4198 quomodo
1863 4118 2010 4178 ccelo
2102 4139 2277 4200 quam
2340 4138 2631 4199 magnam,
2682 4130 2740 4181 et
2778 4141 2952 4202 quam
2986 4121 3145 4182 nulla
3176 4119 3348 4196 ratio,
3381 4118 3543 4180 nulla
3573 4135 3743 4181 mens

371 4218 574 4288 aperto
627 4207 998 4288 prospexerit
1045 4207 1184 4267 inde
1232 4207 1537 4277 Conditor,
1589 4207 1854 4288 mihique
1882 4207 2012 4286 glo-
2095 4209 2254 4289 capit
2311 4207 2784 4270 misericordiam
2821 4218 2978 4271 tuam
3011 4228 3524 4290 supergressuram
3583 4226 3740 4290 esse,

371 4299 518 4358 riam
572 4316 778 4358 novam
839 4305 896 4358 et
951 4295 1407 4358 inenarrabilem
1463 4296 1904 4358 demonstrarit.
1939 4296 2270 4389 Ethuam
2307 4297 2552 4376 copiose
2603 4297 2661 4358 in
2721 4307 3059 4378 peccatores
3109 4297 3386 4380 etfundis,
3446 4299 3587 4361 dum
3617 4299 3739 4361 fer-

372 4389 513 4446 dum
549 4405 655 4462 ego
688 4386 766 4447 ita
797 4405 1028 4448 mecum
1060 4385 1270 4462 cogito,
1305 4386 1438 4465 quis
1469 4385 1705 4445 tandem
1758 4385 1841 4446 illi
1875 4404 2013 4464 pro-
2035 4385 2067 4389 ”
2098 4393 2304 4446 venter
2361 4391 2546 4461 agunt
2595 4386 3026 4466 paenitentiam,
3061 4405 3280 4468 eosque
3313 4405 3546 4468 purgas,
3581 4394 3638 4448 et
3667 4387 3742 4448 il—

377 4476 508 4554 pior
541 4475 641 4535 fiet
664 4482 690 4536 ?
735 4483 833 4535 aut
890 4494 1004 4554 qua
1053 4474 1281 4534 ratione
1312 4478 1369 4534 in
1402 4473 1778 4534 altitudinem
1811 4475 2015 4536 infini-

376 4573 490 4625 tam
521 4563 844 4625 elevabitur
871 4563 900 4622 ?
931 4564 1057 4642 ipsa
1088 4563 1242 4624 intra
1276 4582 1366 4622 me
1397 4563 1587 4642 adest,
1625 4571 1682 4623 et
1710 4563 1769 4623 in
1801 4564 2018 4625 misero

377 4653 556 4714 corde
587 4672 719 4714 meo
753 4661 1043 4725 coruscat,
1071 4652 1334 4732 undique
1359 4671 1451 4712 me
1479 4651 2018 4731 immortalisplen-

375 4745 520 4803 dore
545 4742 939 4814 convestiens,
977 4749 1259 4803 etcuncta
1274 4740 1536 4801 membra
1553 4759 1681 4802 mea
1703 4742 2016 4815 irradians,

377 4841 454 4891 tot
470 4851 564 4892 um
586 4850 678 4892 me
694 4831 1124 4910 complectens,
1160 4831 1426 4890 osculum
1446 4837 1625 4892 totum
1644 4830 1923 4910 impertit,
1963 4843 2023 4892 et

379 4930 564 4982 totum
587 4939 649 4981 se
666 4920 807 4980 mihi
826 4919 1198 4997 indignodat,
1235 4919 1736 4998 ete‘juscliaritate
1754 4919 2020 4999 pulchri-

369 5007 696 5088 tudineque
722 5009 922 5077 satior,
953 5008 1400 5088 divinitatisque
1424 5008 1720 5086 voluptate
1738 5019 1792 5070 et
1810 5008 2018 5069 dulce-

373 5098 515 5159 dine
539 5099 863 5177 compleor.
887 5097 1188 5176 Particeps
1215 5095 1473 5184 luminis,
1503 5097 1797 5177 particeps
1813 5099 1886 5158 lio
1901 5098 2020 5176 glo-

369 5188 496 5259 rise,
522 5196 579 5247 et
599 5187 943 5266 resplendet
971 5185 1151 5247 facies
1189 5205 1318 5246 mea
1341 5186 1840 5266 quemadmodum
1864 5189 2015 5266 ejus,

373 5275 472 5356 qui
496 5283 584 5336 est
607 5275 970 5335 desiderium
1007 5294 1228 5348 meum,
1266 5283 1324 5334 et
1366 5274 1565 5334 omnia
1593 5274 1856 5335 membra
1890 5295 2022 5337 mea

371 5365 1146 5443 clarescunt,speciosisque
1161 5364 1465 5444 speciosor
1482 5373 1617 5424 tunc
1631 5365 1724 5436 lio,
1743 5363 2020 5426 divitibus

371 5453 632 5525 divitior,
679 5453 1021 5532 potentibus
1047 5453 1324 5512 omnibus
1358 5453 1672 5532 potentior,
1703 5461 1761 5514 et
1783 5453 2021 5530 regibus

376 5543 565 5621 major
578 5550 799 5614 sum,et
818 5542 1224 5602 lionorabilior
1239 5542 1409 5622 longe
1425 5543 2025 5623 quibuscunquevisi-

374 5631 615 5709 bililius,
655 5650 766 5691 non
809 5639 960 5691 terra
1000 5631 1172 5692 modo
1227 5641 1283 5692 et
1341 5651 1544 5693 eorum
1574 5650 1704 5712 quae
1731 5631 1790 5692 in
1825 5630 2021 5706 terris,

2103 4473 2380 4546 luminas,
2419 4480 2476 4532 et
2525 4472 2767 4536 luminis
2826 4475 3166 4556 participes,
3200 4484 3256 4538 et
3286 4474 3604 4538 divinitatis
3633 4484 3747 4538 tute

2103 4570 2410 4622 consortes
2487 4561 2697 4642 efﬁcis,
2792 4578 2850 4624 et
2937 4584 3068 4625 cum
3146 4565 3233 4626 eis
3305 4564 3462 4626 haud
3551 4565 3744 4638 aliter,

2104 4668 2277 4730 quam
2355 4669 2486 4710 cum
2580 4651 2830 4713 sinceris
2908 4653 3115 4715 amicis
3206 4653 3482 4728 versaris,
3569 4662 3748 4734 atque

2075 4788 2077 4790 .
2108 4738 2484 4817 colloqueris.

2185 4824 2231 4887 Ο
2263 4825 2642 4888 clementiam
2673 4829 2992 4909 infinitam,
3024 4850 3057 4892 ο
3089 4831 3440 4893 charitatem
3473 4829 3748 4891 ineffabi-

2105 4915 2218 4974 lem
2251 4913 2264 4976 !
2303 4914 2530 4976 Idcirco
2564 4927 2698 4979 ante
2731 4925 2787 4980 te
2815 4919 2875 4980 in
2899 4939 3092 4998 genua
3125 4921 3388 5000 procido,
3447 4927 3507 4981 et
3538 4936 3752 4996 magno

2107 5011 2161 5063 te
2188 5003 2446 5064 clamore
2467 5007 2700 5086 appello
2727 5025 2738 5068 :
2775 5007 2926 5070 sicut
2947 5008 3260 5089 prodigum
3286 5017 3343 5069 et
3375 5007 3750 5070 meretricem

2105 5093 2171 5152 ad
2235 5104 2292 5152 te
2355 5094 2715 5156 accedentes
2773 5099 2832 5156 in
2883 5097 3127 5175 gratiam
3187 5093 3491 5176 recepisti,
3539 5094 3620 5156 ita
3663 5113 3759 5157 me

2106 5179 2327 5259 recipe,
2368 5181 2708 5244 misericors
2767 5183 3051 5258 Salvator,
3108 5185 3493 5265 pmnitentem
3523 5184 3761 5262 exﬁani-

2106 5287 2221 5340 mo,
2286 5276 2343 5328 et
2406 5271 2686 5352 lacrymas
2744 5292 2910 5334 mens
2952 5282 3117 5336 utet
3174 5273 3333 5334 fonte
3383 5272 3764 5336 continenter

2105 5357 2393 5417 stillantes
2426 5375 2544 5420 non
2575 5369 2949 5443 aspernatus,
3003 5361 3178 5424 ablue
3227 5380 3333 5443 per
3379 5362 3518 5423 illas
3548 5361 3764 5424 anima;

2104 5465 2272 5519 mete,
2310 5445 2487 5508 ablue
2549 5452 2842 5530 corporis,
2897 5471 3041 5532 quas
3090 5471 3160 5514 ex
3223 5450 3484 5515 motibus
3510 5470 3630 5514 non
3659 5471 3762 5514 re-

2105 5535 2215 5596 ctis
2247 5538 2518 5623 contraxi
2552 5541 2834 5602 maculas.
2883 5541 3030 5602 Elue
3062 5559 3298 5623 quoque
3327 5559 3432 5603 cor
3459 5559 3660 5605 meum
3689 5541 3763 5606 ab

2102 5622 2272 5685 omni
2307 5625 2601 5703 nequitia.
2641 5627 2788 5690 Illud
2843 5628 3138 5709 siquidem
3184 5622 3350 5693 radix
3381 5630 3600 5693 etl‘ons’
3629 5650 3764 5714 pec-
