4112 6106
404 260 524 327 535

1702 242 2087 323 SYMEONIS
2125 245 2481 320 JUNIORIS

3660 249 3778 317 536

400 395 518 456 cati
546 403 659 460 est.
690 394 969 477 Nequitia
994 395 1134 457 mali
1162 391 1543 457 seminatoris
1590 388 1809 452 malum
1839 401 2047 477 semen
2068 388 2110 438 Δ
2133 391 2192 477 et
2220 406 2454 452 rursum
2486 391 2618 454 sine
2653 393 2868 455 timore
2895 391 2956 455 in
2988 393 3187 455 anima
3238 412 3357 454 non
3409 388 3782 473 progignitur

400 481 527 544 illic
547 470 867 564 germinat,
902 491 962 546 et
989 483 1051 545 in
1078 483 1263 545 altum
1289 497 1594 553 crescens,
1628 493 1825 564 ramos
1859 470 2049 564 pluri-

402 588 534 634 mos
556 561 955 652 improbitatis
1010 590 1080 634 ac
1140 568 1478 632 vitiositatis
1533 563 1828 647 producit.
1862 561 2052 652 Hujus

399 650 934 723 radices‘funditus
985 659 1192 735 evelle,
1243 657 1480 722 Christe
1524 673 1714 727 meus,
1749 659 1807 714 et
1838 650 2052 714 animae

402 756 578 830 atque
608 750 804 813 cordis
826 750 945 813 mei
976 750 1229 829 agellum
1250 766 1457 828 purga,
1493 754 1551 807 et
1585 744 1867 830 timorem,
1884 749 2049 830 tuum

402 828 522 899 illis
554 837 779 911 insere,
811 846 873 900 et
899 838 975 901 da
1024 828 1092 901 ut
1132 837 1367 899 radices
1425 840 1578 913 agat,
1610 850 1678 894 ac
1706 828 2046 911 repullulet,

401 934 471 988 ut
525 925 586 987 in
647 926 901 989 sublime
955 933 1259 990 excrescat
1316 923 1584 986 custodia
1635 919 2045 981 mandatorum

402 1022 662 1088 tuorum.
694 1014 835 1077 dum
867 1015 931 1077 in
978 1016 1159 1077 horas
1206 1012 1478 1095 apponis,
1515 1009 1929 1095 adhibitasque
1958 1005 2048 1095 la-

400 1120 629 1184 crymas
659 1122 820 1166 meas
842 1103 1082 1166 ﬂuentis
1121 1093 1485 1166 scatentibus
1506 1114 1728 1176 auges:
1764 1114 1879 1175 quo
1906 1093 2047 1155 inde

400 1190 699 1272 irrigatus,
762 1191 1169 1272 maximopere
1217 1191 1656 1252 incrementum
1716 1184 1930 1266 capiat,
1989 1188 2047 1242 et

400 1286 685 1362 quantum
730 1280 1150 1344 corroboratur
1181 1287 1239 1341 et
1285 1276 1592 1348 attollitur,
1653 1282 1876 1334 tantum
1923 1288 2043 1362 pro

397 1358 525 1430 rata
557 1376 723 1449 parte
765 1368 1070 1431 humilitas
1100 1372 1241 1429 cum
1265 1386 1335 1429 eo
1367 1371 1668 1443 augescat,
1701 1362 1795 1423 cui
1826 1358 2048 1449 turbidi

399 1448 594 1520 motus
622 1475 831 1520 omnes
859 1457 1100 1531 cedunt,
1140 1464 1201 1518 et
1257 1474 1393 1517 cum
1426 1453 1500 1515 iis
1530 1453 1864 1514 daemonum
1896 1448 2046 1528 pha—

2135 476 2233 538 hic
2262 478 2511 542 fructus.

2214 565 2370 630 Vere
2426 569 2704 650 quiddam
2760 570 3115 644 mirabilius,
3188 588 3363 650 quam
3418 568 3779 647 cogitatione

2132 655 2351 717 nedum
2384 677 2663 721 sermone
2721 660 2911 739 possis
2958 661 3223 739 assequi,
3268 658 3538 721 arborem
3573 655 3779 717 labore

2132 744 2349 807 cultam
2406 749 2749 824 ﬂorescere,
2827 756 2886 811 et
2964 748 3215 811 fructum
3275 748 3458 819 ferre,
3515 747 3777 809 fructum

2130 842 2329 896 autem
2346 842 2524 897 totam
2549 838 2825 900 arborem
2846 837 3135 900 radicitus
3156 838 3506 919 exstirpare,
3547 834 3778 896 solum-

2132 941 2247 1002 que
2272 925 2533 988 fructum
2567 945 2943 1007 permanere.
2967 927 3096 1000 Quo
3114 935 3280 1007 pacto
3304 927 3529 988 fructus
3550 924 3783 1005 absque

2130 1010 2343 1075 arbore
2361 1014 2460 1089 sit,
2488 1015 2784 1095 explicare
2807 1034 3049 1095 prorsus
3073 1034 3325 1097 nequeo.
3353 1016 3548 1078 Manet
3577 1021 3781 1074 tamen

2131 1107 2189 1161 et
2219 1108 2532 1164 esttamen
2578 1103 2833 1165 charitas
2889 1104 3018 1166 sine
3076 1104 3315 1178 timore,
3359 1122 3430 1165 eo
3484 1121 3601 1182 quo
3634 1109 3777 1163 tan-

2124 1208 2299 1269 quam
2352 1200 2597 1272 parente
2645 1193 2945 1271 proﬂuxit.
2996 1193 3270 1255 Charitas
3319 1192 3498 1271 igitur
3528 1208 3774 1252 omnem

2128 1278 2392 1358 profecto
2417 1279 2479 1341 in
2509 1299 2573 1343 se
2602 1281 2863 1343 laetitiam
2892 1282 3179 1361 continet,
3214 1288 3272 1342 et
3321 1281 3534 1358 gaudio
3559 1280 3778 1360 jucun-

2128 1366 2427 1448 ditateque
2439 1369 2831 1433 sehabentem
2845 1371 3131 1443 cumulat,
3150 1369 3447 1450 efﬁcitque
3461 1376 3783 1430 utseextra

2129 1456 2416 1518 mundum
2474 1476 2607 1520 esse
2657 1459 2896 1533 sentiat,
2953 1477 3086 1540 qua;
3121 1458 3366 1520 facultas
3401 1459 3463 1518 in
3498 1456 3779 1518 timorem

398 1546 537 1608 lanx
563 1545 898 1627 repellitur,
959 1563 1135 1626 quam
1192 1544 1436 1605 virtutes
1494 1540 1827 1627 universae,
1854 1544 1919 1598 ut
1945 1553 2045 1597 re-
2069 1621 2104 1627 _
2130 1544 2472 1625 neutiquam
2502 1546 2680 1609 cadit.
2711 1546 2857 1608 Nam
2891 1567 3028 1609 cum
3090 1548 3142 1608 is
3205 1546 3363 1608 intra
3414 1564 3484 1608 ea
3514 1546 3611 1619 sit,
3648 1564 3784 1625 quae

399 1621 653 1713 ginam;
690 1621 1085 1709 circumdare,
1157 1640 1217 1695 et
1292 1640 1571 1713 tauquam
1629 1626 1929 1699 custodes,
1991 1621 2258 1694 ethisu
2287 1621 2633 1715 caeterisque
2680 1635 2958 1697 sensibus
3005 1634 3438 1716 percipiuntur,
3474 1621 3779 1715 quomodo

401 1722 633 1807 amicae,
664 1731 725 1787 et
757 1724 993 1786 famulae
1042 1721 1343 1786 dominam
1394 1718 1667 1810 comitari
1698 1721 2044 1810 cernuntur.
2132 1739 2354 1803 quaso,
2407 1724 2715 1787 timentem
2771 1724 2977 1804 procul
3030 1724 3103 1786 ab
3158 1723 3252 1785 his
3311 1726 3652 1804 sejungere,
3718 1733 3781 1785 ει

399 1810 506 1873 His
534 1799 733 1874 autem
766 1810 1161 1891 congregatis,
1225 1817 1283 1871 et
1331 1806 1706 1880 consociati?»
1759 1803 1821 1864 in
1853 1799 2049 1893 η)ράίο
2133 1799 2265 1889 ejus
2315 1799 2556 1874 sensum
2613 1799 2972 1874 omni—modis
3049 1832 3182 1873 cum
3250 1799 3781 1893 inas'peciabilibus

400 1917 607 1962 earum
629 1900 786 1962 velut
821 1890 1000 1963 arbor
1029 1917 1202 1961 secus
1242 1898 1528 1960 decursus
1553 1910 1838 1974 aquarum
1874 1890 2046 1979 plan-
2131 1900 2517 1979 conjungere,
2577 1921 2646 1963 ac
2694 1901 2998 1963 devincire
3055 1901 3175 1961 ulla
3226 1890 3457 1962 ratione
3508 1899 3779 1962 valebit?

403 1994 555 2049 tatus
581 1988 632 2032 εί
692 1988 871 2050 timor
920 1996 1057 2051 tuus
1114 1986 1459 2059 efﬂorescit,
1515 1991 1573 2044 et
1629 1980 1851 2043 sensim
1901 1977 2049 2042 mihi

401 2076 608 2138 ﬂorem
664 2095 879 2138 novum
940 2075 1223 2140 ostendit.
1281 2073 1508 2137 Novum
1567 2070 1709 2144 dixi,
1769 2067 2048 2149 quoniam

400 2171 611 2226 natura
667 2165 862 2227 omnis
914 2164 1243 2226 secundum
1304 2181 1490 2243 genus
1539 2178 1711 2222 suum
1762 2156 1936 2238 parit,
1991 2166 2051 2217 et

400 2252 681 2315 arborum
712 2253 978 2315 omnium
1035 2270 1244 2314 semen
1298 2250 1626 2314 secundum
1659 2264 1846 2326 genus
1876 2262 2047 2305 suum

400 2342 465 2405 in
494 2361 851 2426 unaquaque
880 2344 1062 2407 inest.
1094 2343 1300 2405 Timor
1329 2349 1528 2406 autem
1559 2348 1717 2414 tuus,
1755 2345 1810 2399 et
1840 2338 2046 2397 ﬂorem

402 2450 569 2494 novae
599 2432 910 2513 cujusdam
941 2443 1190 2508 naturae,
1223 2439 1284 2494 et
1328 2431 1584 2493 fructum
1612 2445 1779 2508 aeque
1808 2442 2045 2498 novum,

404 2528 465 2584 et
494 2539 528 2583 a
556 2539 621 2583 se
653 2522 915 2586 alienum
948 2521 1214 2583 exhibet.
1276 2521 1382 2585 Est
1438 2536 1695 2598 namque
1742 2515 1919 2577 timor
1948 2530 2053 2574 sua

403 2616 616 2672 natura
637 2612 911 2672 mceroris
932 2611 1165 2691 plenus,
1200 2618 1258 2672 et
1286 2628 1321 2672 a
1350 2628 1414 2671 se
1444 2614 1781 2687 occupatos,
1814 2618 2053 2682 semper

410 2707 624 2760 moesto
654 2697 843 2773 vultu,
899 2698 1336 2779 centractisque
1396 2694 1733 2777 superciliis
1768 2691 2051 2779 incedere

402 2785 568 2862 facit,
602 2792 878 2867 tanquam
912 2805 1137 2861 servos,
1172 2778 1450 2867 tanquam
1481 2785 1679 2845 multis
1699 2778 2050 2843 verberibus

2131 1989 2421 2050 Caeterum
2456 1991 2586 2064 ﬂos,
2645 1997 2702 2051 et
2748 1990 2995 2065 fructus,
3056 2008 3233 2069 quem
3293 1989 3471 2049 timor
3502 1999 3774 2068 generat,

2133 2076 2412 2152 Charitas,
2445 2079 2713 2158 inquam,
2750 2097 2822 2139 an
2849 2078 2974 2139 haec
2995 2078 3210 2151 valeat,
3233 2077 3435 2152 velim,
3458 2080 3567 2155 ais,
3597 2097 3778 2140 nosse

2132 2166 2469 2247 perspicue.
2528 2166 2792 2247 Exprimi
2842 2167 2969 2227 haec
3026 2172 3356 2246 nequeunt,
3390 2175 3453 2226 ut
3512 2167 3780 2228 afﬁrma-

2131 2253 2232 2317 vi:
2307 2263 2713 2317 verumtamen
2767 2255 3007 2318 adverte
3064 2254 3354 2327 animum,
3430 2262 3488 2316 et
3543 2264 3602 2317 te
3662 2256 3775 2317 do-

2132 2341 2303 2405 cebo.

2212 2431 2456 2494 Divinus
2504 2433 2759 2514 Spiritus
2816 2439 2907 2494 est
2973 2432 3255 2509 charitas,
3316 2432 3520 2494 lumen
3578 2435 3781 2495 omnia

2135 2539 2412 2601 operans,
2471 2530 2529 2583 et
2559 2522 2887 2583 illustrans.
2945 2519 3370 2583 Verumtamen
3420 2538 3541 2587 non
3599 2531 3689 2584 est
3746 2542 3778 2585 e

2134 2610 2382 2688 mundo,
2414 2629 2610 2691 neque
2666 2610 2909 2672 omnino
2966 2611 3189 2689 aliquid
3223 2610 3455 2685 mundi,
3491 2630 3586 2672 me
3615 2630 3779 2673 crea-

2133 2707 2286 2772 tura,
2320 2699 2457 2782 quia
2483 2700 2836 2776 increatum,
2899 2705 2957 2760 et
3004 2706 3168 2760 extra
3197 2708 3499 2761 creaturas
3534 2701 3778 2762 univer-

2129 2806 2247 2869 sas,
2272 2795 2331 2850 et
2352 2788 2423 2850 ab
2448 2787 2724 2849 omnibus
2748 2793 3108 2869 separatum,
3133 2787 3461 2849 increatum
3486 2789 3545 2848 in
3579 2789 3777 2850 medio

404 2874 638 2952 dignos,
673 2882 951 2956 tanquam
982 2873 1044 2936 in
1076 2875 1253 2937 horas
1285 2872 1550 2937 exscindi
1574 2891 1638 2934 se
1659 2891 1693 2933 a
1720 2877 1912 2932 morte
1942 2887 2047 2930 ex-
2070 2942 2106 2957 η
2133 2884 2485 2939 creatorum.
2520 2875 2813 2957 Intellige,
2847 2872 2953 2950 ﬁli,
2989 2874 3131 2955 quid
3189 2876 3345 2938 dico.
3379 2875 3503 2937 Hoc
3534 2877 3773 2939 increa-

402 2942 737 3045 spectantes
762 2942 866 3041 ;.et
894 2963 1108 3026 falcem
1139 2963 1379 3045 quidem
1404 2961 1565 3024 illius
1594 2960 1883 3032 videntes,
1915 2976 2046 3018 mo-
2066 2942 2106 2993 C
2132 2975 2254 3027 tum
2278 2984 2579 3047 nunquam
2602 2942 3028 3045 creari'pote’st‘.
3052 2963 3322 3025 Attamen
3338 2964 3385 3025 si
3407 2964 3563 3037 velit,
3592 2964 3769 3026 etiam

404 3059 670 3115 mentum
723 3070 863 3115 vero
922 3052 1312 3130 ignorantes;
1372 3069 1484 3113 nec
1535 3067 1699 3130 spem
1733 3047 2043 3122 habentes,

402 3159 515 3203 nec
545 3141 778 3222 plenam
806 3140 986 3203 ﬁdem
1017 3140 1297 3222 perfectae
1322 3139 1509 3202 veniae
1536 3159 1551 3215 ;
1584 3137 1688 3199 sed
1722 3144 2047 3198 trementes

401 3228 581 3290 ﬁnem
598 3236 656 3291 et
669 3228 887 3309 judicii
905 3228 1063 3290 illius
1093 3228 1470 3302 sententiam,
1508 3234 1571 3288 ut
1596 3225 1886 3287 incertam
1910 3223 2042 3284 ani-

397 3319 513 3380 mis
542 3324 600 3379 et
628 3317 919 3379 memoria
947 3318 1461 3380 circumferentes.
1494 3316 1631 3378 Flos
1659 3313 1838 3393 igitur
1866 3330 2041 3393 quem

398 3406 569 3469 eﬂ‘ert
596 3406 797 3487 specie
828 3413 918 3469 est
971 3404 1429 3487 inexplicabili;
1489 3403 1595 3466 sed
1626 3403 1819 3464 minus
1848 3412 2044 3462 tamen

400 3493 611 3556 modus
642 3495 771 3575 ejus
803 3494 1091 3576 explicari
1144 3502 1359 3575 potest.
1420 3492 1567 3557 Nam
1619 3491 1758 3553 dum
1791 3490 2047 3570 erumpit

394 3584 665 3661 videtur;
688 3584 793 3650 sed
804 3584 1003 3649 statim
1026 3584 1431 3659 absconditur,
1455 3581 1611 3665 quod
1639 3599 1751 3644 nec
1773 3580 2046 3642 naturale

396 3692 507 3736 nec
568 3691 941 3756 consequens
1019 3683 1130 3745 est,
1216 3691 1420 3736 verum
1496 3680 1719 3734 natura;
1775 3677 2043 3731 naturam

398 3762 877 3827 conditionemve
891 3770 1152 3844 superat,
1179 3770 1568 3843 naturamque
1594 3778 1833 3822 omnem
1859 3767 2042 3820 trans-

2128 3056 2241 3116 hoc
2260 3055 2457 3116 facere
2482 3061 2695 3134 potest,
2722 3052 2973 3128 scilicet,
3003 3061 3067 3113 ut
3087 3060 3351 3115 creatura
3373 3053 3493 3114 ﬁat.
3536 3052 3774 3115 Etenim

2127 3143 2417 3223 Verbum,
2448 3142 2673 3223 Spiritu
2703 3149 3084 3222 cooperante,
3120 3149 3179 3203 et
3209 3143 3381 3205 Patre
3412 3141 3491 3204 ita
3511 3142 3775 3218 volente,

2126 3232 2348 3294 nullam
2381 3232 2474 3293 sui
2504 3230 2890 3294 mutationem
2925 3248 3185 3311 passum,
3218 3231 3526 3291 hominem
3558 3230 3776 3306 induit,

2125 3322 2351 3402 quique
2381 3331 2511 3383 erat
2543 3327 2750 3381 natura
2779 3322 2941 3383 Deus
2998 3319 3323 3399 increatus,
3387 3320 3565 3380 modo
3618 3320 3778 3382 inef—

2127 3409 2290 3471 fabili
2343 3416 2615 3470 creatura
2669 3408 2858 3471 factus
2920 3416 3034 3480 est,
3095 3417 3154 3469 et
3208 3426 3279 3470 eo
3333 3408 3495 3489 quod
3545 3427 3779 3470 assum-

2128 3505 2327 3578 pserat
2357 3497 2651 3572 deiﬁcato,
2688 3496 2946 3558 ostendit
2977 3495 3123 3557 mihi
3156 3496 3375 3575 duplex
3425 3495 3780 3558 miraculum

2129 3586 2414 3649 ambabus
2444 3584 2875 3661 functionibus,
2931 3593 2987 3646 et
3044 3584 3441 3647 voluntatibus
3474 3585 3775 3659 similiter,

2127 3675 2445 3749 visibilem,
2468 3673 2924 3748 etinvisibilem,
2943 3672 3399 3753 quiteneri,nec
3419 3673 3609 3733 teneri
3637 3692 3778 3754 pos-

2129 3767 2203 3826 sit
2222 3783 2238 3829 :
2257 3771 2313 3825 et
2332 3763 2434 3844 qui
2463 3762 2783 3844 apparebat
2806 3770 2867 3823 ut
2886 3771 3160 3824 creatura
3177 3761 3239 3823 in
3262 3761 3459 3822 medio
3483 3771 3778 3823 creatura-

399 3851 622 3916 cendit.
677 3852 988 3933 Paulisper
1038 3852 1301 3913 cernitur
1378 3852 1492 3913 ﬂos
1549 3858 1666 3911 tam
1724 3848 2049 3919 formosus,
2128 3872 2260 3915 rum
2293 3851 2582 3927 omnium,
2618 3860 2682 3912 ut
2731 3870 2849 3913 non
2900 3861 3173 3912 creatura
3227 3850 3589 3931 disparebat,
3625 3851 3779 3912 sicut

397 3958 574 4021 quam
601 3938 800 4002 verbis
831 3940 1014 4003 nullis
1042 3940 1333 4002 declarari
1363 3947 1562 4020 queat,
1599 3946 1656 3999 et
1685 3937 1756 3998 ad
1792 3955 1855 3997 se
1899 3954 2046 3996 con-
2132 3941 2219 4003 illi
2248 3941 2551 4022 putabant.
2606 3941 2680 4002 At
2727 3939 2885 4001 enim
2943 3940 3287 4020 neutiquam
3344 3938 3774 4013 evanescebat;

397 4029 797 4110 templandam
844 4032 998 4111 rapit
1057 4036 1321 4091 mentem
1355 4047 1570 4103 meam,
1606 4045 1717 4087 nec
1746 4024 2049 4105 quidpiam
2134 4031 2238 4095 sed
2266 4033 2328 4094 in
2388 4030 2584 4091 medio
2640 4030 2906 4091 omnium
2964 4038 3371 4091 creaturarum
3403 4028 3777 4090 sensibilium

397 4135 604 4180 eorum
636 4117 983 4180 meminisse
1012 4118 1175 4193 sinit,
1208 4135 1337 4198 quae
1368 4116 1550 4177 timor
1608 4115 1889 4193 suggerit,
1946 4111 2051 4172 sed
2136 4128 2368 4182 exstans
2397 4116 2685 4191 Verbum,
2724 4138 2861 4179 cum
2916 4136 2986 4178 eo
3045 4118 3202 4199 quod
3235 4125 3643 4197 assumpserat
3673 4135 3778 4177 co-

398 4207 665 4270 omnium
698 4206 845 4269 mihi
877 4214 1000 4269 tum
1059 4207 1425 4268 oblivionem
1481 4204 1731 4278 inducit,
1794 4210 1851 4264 et
1892 4209 2053 4262 actu-
2135 4208 2420 4289 pulatum,
2481 4215 2544 4269 ut
2598 4214 2871 4269 creatura
2921 4224 3041 4267 non
3102 4204 3487 4266 cernebatur.
3521 4207 3781 4267 Assumu

396 4302 520 4357 tum
551 4295 768 4358 avolat.
800 4295 887 4357 Ita
917 4296 1095 4358 arbor
1126 4293 1356 4357 timoris
1402 4293 1622 4382 iterum
1670 4294 1827 4382 ﬂore
1860 4290 2050 4352 desti-
2071 4331 2115 4382 Β
2136 4305 2291 4378 piam
2324 4305 2527 4358 autem
2556 4304 2890 4357 creaturam
2925 4296 3148 4369 celans,
3208 4302 3308 4354 aut
3337 4293 3398 4355 in
3430 4293 3688 4355 sublime
3718 4293 3781 4353 in

399 4384 605 4456 tuitur,
646 4392 705 4444 et
764 4402 872 4463 ego
934 4384 997 4446 in
1058 4382 1356 4446 tristitiam
1410 4383 1580 4443 datus
1611 4380 1959 4459 ingemisco,
1996 4380 2100 4440 et'
2134 4387 2381 4466 gloriam
2413 4403 2603 4458 suam,
2666 4402 2797 4464 quae
2853 4382 3307 4462 intelligentiam
3366 4390 3627 4444 nostram
3686 4401 3784 4442 ex-

396 4470 473 4532 ad
507 4478 565 4533 te
596 4469 870 4551 impense
927 4473 1214 4542 clamans,
1271 4473 1479 4532 ﬂorem
1537 4470 1730 4531 denuo
1779 4469 1837 4528 in
1870 4467 2051 4529 ramis

398 4557 725 4641 conspicio,
758 4569 817 4621 et
848 4559 1058 4636 oculis,
1122 4579 1155 4621 o
1206 4558 1440 4622 Christe
1498 4577 1690 4632 meus,
1726 4558 1785 4618 in
1818 4576 1887 4617 eo
1922 4556 2049 4616 solo

397 4647 650 4725 deﬁxus,
703 4665 822 4709 non
856 4655 999 4710 tunc
1028 4647 1304 4710 arborem
1361 4647 1556 4721 video,
1620 4648 1723 4707 sed
1777 4643 2045 4706 crebrius

398 4739 605 4801 ﬂorem
660 4736 986 4799 enitentem
1037 4745 1095 4798 et
1153 4756 1247 4798 me
1312 4745 1430 4797 toto
1480 4754 1614 4797 cum
1647 4734 1944 4796 desiderio
1974 4734 2044 4795 ad

398 4844 464 4888 se
512 4825 851 4887 trahentem
903 4825 1161 4890 intueor.
1221 4824 1321 4905 qui
1383 4823 1621 4886 tandem
1682 4822 1741 4882 in
1790 4822 2045 4883 fructum

397 4911 701 4976 charitatis
732 4922 1182 4976 consummatur
1212 4931 1279 4974 ac
1305 4912 1543 4975 desinit.
1578 4915 1757 4973 Porro
1788 4912 1885 4972 hic
1918 4911 2044 4971 fru-

397 5011 526 5066 etus
553 5002 629 5064 ab
659 5000 875 5065 arbore
930 5003 1165 5066 timoris
1222 5001 1446 5083 portari
1507 5020 1571 5064 se
1629 5020 1746 5062 non
1780 5000 2043 5081 patitur,

396 5090 503 5154 sed
534 5088 688 5154 bene
711 5091 840 5171 jam
872 5098 1160 5167 maturus,
1194 5090 1418 5173 absque
1469 5090 1682 5151 arbore
1730 5089 1993 5151 cernitur
2029 5111 2045 5167 ;

398 5180 561 5244 nullo
592 5180 753 5245 enim
808 5183 984 5247 modo
1040 5184 1221 5246 timor
1275 5182 1336 5243 in
1393 5181 1677 5245 charitate
1721 5183 2039 5262 reperitur,

470 5342 527 5393 ’ί
557 5342 709 5405 Psal.
741 5358 784 5419 ι,
816 5343 855 5406 3

476 5501 602 5583 βο)
635 5499 1089 5581 Intelligendum
1113 5511 1205 5566 est
1224 5503 1337 5583 hoc
1352 5503 1428 5566 de
1448 5504 1681 5568 Christo
1712 5504 2042 5570 secundum

393 5581 655 5648 divinam
684 5588 952 5647 naturam
980 5600 1005 5662 ;
1030 5585 1189 5665 quod
1222 5582 1463 5665 planum
1486 5585 1551 5648 ﬁt
1575 5604 1647 5649 ex
1667 5585 1864 5649 verbis
1890 5604 2043 5668 prm-

2134 4474 2314 4555 cedit,
2374 4474 2651 4547 evehens,
2714 4471 2875 4532 illico
2962 4470 3461 4545 abscondebalur,
3521 4471 3633 4532 hoc
3692 4471 3779 4532 illi

2135 4563 2408 4625 dicebant
2437 4562 2747 4624 evanuisse
2799 4560 3171 4631 Dominum;
3235 4559 3337 4619 sed
3397 4577 3524 4620 rem
3588 4579 3659 4619 ex
3713 4578 3782 4622 se

2131 4653 2447 4714 metientes
2518 4650 2711 4731 plane.
2771 4651 3013 4713 Creator
3069 4648 3229 4709 enim
3286 4647 3534 4718 omium,
3589 4647 3687 4727 qui
3746 4668 3780 4709 a

2129 4742 2370 4803 nemine
2396 4739 2524 4820 capi
2550 4746 2765 4818 potest,
2783 4746 2862 4814 et,
2890 4737 3142 4815 utDeus,
3169 4736 3375 4816 implet
3397 4736 3616 4813 omnia,
3635 4756 3782 4818 quo-

2132 4830 2305 4892 modo
2358 4828 2533 4890 aliter
2590 4825 3040 4888 occultaretur?
3117 4823 3268 4886 Num
3325 4824 3642 4885 Dominum
3700 4825 3779 4888 de

2130 4920 2258 4980 loco
2288 4917 2353 4980 in
2384 4917 2578 4979 locum
2610 4916 2791 4976 alium
2824 4914 3195 4985 translatum,
3252 4920 3310 4973 et
3366 4912 3450 4974 ita
3501 4913 3573 4974 ab
3625 4932 3774 4975 ocu-

2131 5006 2204 5067 lis
2235 5005 2640 5088 apostolorum
2673 5004 2933 5066 ablatum
2965 5002 3130 5065 dices
3166 5002 3286 5081 (90,
3306 5000 3337 5060 ‘?
3364 5002 3564 5083 Apage
3598 5020 3672 5062 ne
3703 5020 3778 5064 ex

2129 5095 2469 5177 ignorantia
2499 5094 2560 5154 in
2595 5091 3024 5171 blasphemiam
3056 5092 3311 5153 incidas.

2206 5183 2364 5246 Audi
2387 5200 2526 5246 vero
2557 5181 2860 5244 charitatis
2891 5180 3125 5256 eﬂ‘ecta,
3171 5180 3221 5240 si
3280 5180 3493 5258 placet,
3534 5186 3593 5242 et
3620 5198 3773 5260 quo-

2127 5503 2514 5572 cedentibus:
2563 5505 2815 5566 Greater
2829 5506 2989 5565 enim
3014 5502 3310 5566 omnium.
3339 5500 3448 5582 qui
3472 5518 3510 5562 α
3524 5503 3776 5582 immitte

2124 5589 2264 5671 capi
2274 5592 2486 5671 potest,
2507 5592 2561 5648 et
2581 5588 2648 5647 ut
2665 5583 2825 5649 Deus
2840 5584 3051 5664 implet
3059 5582 3263 5645 omnia
3276 5581 3574 5663 quomodo
3589 5581 3778 5646 aliter
