4112 6106
313 265 427 329 537

1439 266 1876 331 DIVINORUM
1920 262 2245 326 AMORUM
2289 263 2538 324 LIBER.

3575 251 3692 319 538

320 397 497 460 modo
529 416 600 460 ea
630 397 820 478 major
872 399 949 460 sit
1004 398 1309 473 omnibus,
1353 415 1700 476 cognosces.
1734 397 1960 470 Quibus
1979 406 2021 453 Α
2046 393 2476 456 temitnhellem
2495 392 3412 475 repulit,fortitudinemindidit,
3433 397 3693 454 mentem

316 486 641 550 omnibus?
689 486 838 548 Num
871 494 927 550 te
957 487 1096 548 latet
1123 487 1266 548 illud
1299 486 1570 568 Apostoli
1596 485 1677 568 93,
1711 486 1964 548 dicentis

317 577 512 657 potius
543 594 676 638 esse
706 576 1051 638 charitatem
1080 576 1324 651 habere,
1355 595 1529 658 quam
1560 575 1720 656 loqui
1747 575 1964 654 linguis

315 666 689 746 angelorum,
719 673 779 727 et
809 664 1030 728 habere
1061 684 1299 727 omnem
1353 665 1618 725 omnium
1651 665 1961 725 hominum

315 754 522 828 fidem,
557 753 640 815 ita
695 760 758 814 ut
813 759 1046 816 montes
1106 753 1450 834 transferas,
1512 771 1690 814 nosse
1721 771 1961 815 omnem

313 841 624 904 scientiam
666 850 723 902 et
753 839 1121 902 abditissima
1155 842 1564 922 mysteriorum
1603 841 1964 903 distribuere

315 949 526 992 omnes
557 930 862 993 facultates
893 947 1052 1005 suas,
1092 937 1150 990 et
1203 930 1398 1010 ipsum
1433 930 1770 991 mendicum
1803 930 1956 999 ﬁeri,

315 1019 496 1081 etiam
527 1038 744 1095 corpus
771 1019 964 1098 ipsum
996 1018 1234 1080 tradere
1285 1028 1531 1100 propter
1572 1019 1868 1082 Christum
1901 1027 1964 1080 ut

314 1109 574 1172 ardeat?
602 1110 671 1171 Et
700 1109 940 1191 quidem
973 1117 1130 1171 tanto
1193 1110 1383 1190 major
1439 1110 1532 1171 his
1563 1117 1653 1170 est
1681 1109 1956 1181 Charitas,

314 1199 470 1280 quod
503 1199 652 1273 haec,
681 1200 802 1260 sive
833 1216 1042 1273 unum,
1077 1199 1202 1260 sive
1235 1198 1460 1272 omnia,
1516 1198 1648 1260 sine
1676 1198 1962 1260 charitate

316 1288 464 1349 nihil
499 1288 738 1368 penitus
767 1286 1041 1349 utilitatis
1071 1286 1457 1349 alferantillis
1481 1305 1516 1348 a
1541 1286 1754 1366 quibus
1778 1287 1964 1365 possi-

315 1377 553 1440 dentur.
591 1375 784 1450 Quare
826 1375 1164 1458 qnicunque
1191 1385 1247 1438 et
1269 1395 1301 1437 a
1325 1376 1634 1451 cbaritate,
1659 1376 1808 1438 etab
1830 1375 1962 1438 istis

315 1466 683 1528 enumeratis
713 1465 995 1527 omnibus
1027 1465 1222 1526 nudus
1251 1473 1362 1537 est,
1391 1463 1488 1526 dic
1518 1465 1686 1538 mihi,
1727 1464 1830 1526 ubi
1860 1485 1960 1545 ap-

2046 500 2236 550 meam
2263 501 2447 544 sensu
2473 484 2771 544 mundano
2795 483 2976 553 exuit,
3015 491 3069 542 et
3092 481 3359 543 vicissim
3387 499 3564 543 sensu
3598 479 3693 539 in-

2048 570 2367 632 tellectuali
2393 573 2719 634 meinduit.
2744 573 2832 634 Ab
2859 572 2949 632 his
2991 591 3122 652 qua:
3161 570 3435 630 videntur
3465 589 3560 630 me
3593 588 3694 629 se-

2046 659 2241 736 clusit,
2270 671 2325 721 et
2346 681 2478 722 cum
2506 661 2596 722 his
2622 681 2752 742 quae
2771 681 2886 722 non
2912 661 3184 722 videntur
3214 659 3501 737 colligavit
3533 679 3549 734 ;
3581 657 3694 721 d0-

2045 748 2204 810 navit
2264 749 2408 810 mihi
2470 750 2796 812 increatum
2858 751 3081 824 videre,
3144 757 3202 809 et
3261 747 3696 828 laatariquoda

2046 838 2281 913 creatis,
2309 848 2370 902 et
2391 839 2742 916 visibilibus,
2767 848 2823 901 et
2846 839 3007 900 brevi
3048 835 3430 917 pereuntibus
3449 853 3693 916 separa-

2044 934 2136 987 tus
2167 946 2385 1003 essem,
2423 939 2480 989 et
2508 929 2862 1008 conjunctus
2922 947 3054 988 cum
3087 926 3374 998 iucreato,
3409 945 3541 986 cum
3573 925 3688 985 im-

2045 1016 2302 1086 mortali,
2339 1025 2397 1076 et
2434 1017 2532 1097 qui
2568 1026 2730 1079 caret
2761 1017 3077 1098 principio,
3099 1025 3207 1077 eta
3233 1015 3473 1077 nemine
3502 1015 3690 1078 videri

2044 1113 2257 1184 potest.
2297 1105 2413 1166 Ista
2445 1107 2602 1167 enim
2638 1107 2896 1168 charitas
2928 1116 3038 1170 est.

2121 1192 2508 1256 Intendamus
2543 1214 2808 1271 cursum,
2841 1216 2872 1256 ο
2897 1196 3127 1271 fideles,
3154 1194 3493 1256 laboremus
3515 1192 3689 1256 festi-

2044 1301 2184 1343 nare
2216 1301 2456 1362 segnes,
2495 1286 2820 1347 excitemur
2850 1284 3067 1365 ignavi,
3101 1293 3162 1344 ut
3192 1282 3494 1344 charitatis
3523 1301 3692 1344 com-

2045 1380 2240 1450 potes,
2265 1373 2392 1453 ejus
2415 1374 2673 1454 amplius
2693 1376 2902 1436 fiamus
2931 1375 3268 1455 participes.
3304 1379 3362 1434 et
3386 1373 3466 1433 ita
3495 1371 3568 1433 ab
3600 1371 3692 1433 his

2042 1459 2220 1521 rebus
2250 1461 2561 1543 abeuntes,
2588 1471 2646 1526 et
2681 1484 2814 1525 cum
2855 1465 2956 1526 illa
2994 1483 3028 1525 a
3067 1461 3396 1531 visibilibus
3425 1461 3686 1540 adducti,

313 1555 598 1634 parebit?
619 1554 760 1637 quid
790 1553 1003 1616 faciet?
1027 1553 1326 1635 quomodo
1362 1552 1864 1630 interrogantibus
1894 1573 1960 1616 se
1983 1621 2019 1637 ἢ
2045 1548 2296 1610 Domino
2328 1551 2708 1615 assistamus:
2775 1572 2847 1615 ne
2901 1553 3121 1633 alioqui
3152 1551 3280 1613 sine
3311 1551 3597 1612 charitale
3625 1550 3688 1612 in

313 1621 551 1706 fidelem
582 1621 712 1705 esse
744 1621 1107 1724 respondere
1165 1641 1460 1704 audebit?
1516 1621 1959 1704 Attendendum
1983 1621 2020 1668 Β
2045 1637 2158 1712 his,
2196 1657 2331 1718 quaa
2377 1640 2488 1702 sub
2535 1642 2772 1703 videndi
2835 1621 3072 1702 sensum
3133 1640 3374 1712 cadunt,
3410 1647 3467 1700 et
3501 1643 3558 1700 in
3589 1639 3686 1700 his

315 1734 495 1814 igitur
520 1737 602 1794 ita
630 1731 898 1812 loquenti
932 1731 1006 1793 de
1037 1731 1348 1795 charitate.
1373 1730 1564 1794 Sedeo
1586 1731 1647 1792 in
1664 1731 1813 1794 cella
1832 1750 1960 1793 mea
2041 1728 2330 1789 creaturis
2387 1736 2449 1789 ut
2505 1739 2792 1792 creaturae
2845 1731 3062 1804 relicti,
3125 1737 3187 1789 ut
3215 1730 3350 1806 igne
3379 1727 3681 1801 Tartareo,

315 1831 491 1886 nocte
516 1833 616 1884 aut
647 1821 766 1902 die,
797 1821 986 1893 adest,
1023 1829 1086 1881 ut
1141 1839 1259 1881 non
1320 1829 1622 1901 appareat,
1659 1829 1717 1883 et
1747 1828 1812 1882 ut
1842 1841 1959 1882 non

315 1920 726 1992 cognoscatur,
753 1910 1032 1971 Charitas.
1069 1914 1140 1972 Et
1169 1928 1304 1970 cum
1320 1918 1795 1971 extracreaturas
1825 1929 1954 1971 om-

315 2020 444 2076 nes,
473 2018 832 2080 rursumque
855 2019 989 2060 cum
1017 1998 1295 2060 omnibus
1337 1999 1432 2066 sit.
1463 2007 1551 2059 est
1577 1999 1749 2077 ignis,
1786 2007 1842 2060 et
1873 2009 1960 2061 est

316 2091 529 2169 fulgor,
548 2089 611 2150 fit
631 2087 873 2149 luminis
895 2087 1138 2164 nebula,
1165 2088 1228 2149 tit
1261 2088 1347 2148 sol
1372 2088 1652 2168 denique.
1677 2086 1748 2150 Ut
1781 2088 1954 2167 ignis,

315 2181 572 2242 animam
597 2177 890 2252 calefacit,
914 2185 971 2238 et
999 2195 1102 2239 cor
1134 2195 1330 2238 meum
1362 2176 1647 2252 incendit,
1682 2184 1859 2258 atque
1883 2177 1956 2238 ad

314 2267 676 2331 desiderium
696 2276 753 2328 et
772 2284 1039 2328 amorem
1063 2265 1403 2329 Conditoris
1430 2266 1769 2328 exsuscitat.
1799 2266 1958 2328 Alfa-

317 2359 418 2420 tim
452 2365 652 2418 autem
683 2356 1137 2435 inﬂammatum,
1195 2365 1252 2417 et
1299 2355 1500 2416 animo
1531 2355 1863 2429 ardentem,
1899 2364 1957 2417 ut

313 2447 600 2528 splendor
621 2446 849 2508 lucidus
867 2464 960 2506 me
989 2453 1102 2507 tota
1123 2445 1529 2525 circumvolat,
1555 2463 1622 2506 ac
1646 2445 1845 2506 radios
1861 2465 1955 2506 co-

314 2555 523 2600 ruscos
552 2537 613 2598 in
643 2535 898 2598 animam
936 2553 1128 2596 meam
1173 2535 1345 2615 jacit,
1401 2544 1784 2616 mentemque
1814 2535 1958 2596 illu-

318 2636 535 2698 strans,
569 2633 626 2686 et
658 2625 1062 2705 perspicacem
1093 2624 1378 2698 reddens,
1431 2624 1503 2685 ad
1536 2623 1956 2686 sublimitatem

316 2714 831 2794 contemplationis
846 2712 1120 2776 idoneam
1137 2713 1296 2774 facit.
1313 2711 1600 2791 Atquihic
1615 2722 1762 2790 erat,
1782 2733 1958 2793 quem

315 2804 541 2866 timoris
562 2804 767 2864 florem
788 2820 924 2864 esse
964 2820 1142 2883 supra
1166 2801 1307 2862 dixi.
1349 2800 1487 2862 Viso
1519 2810 1713 2864 autem
1750 2803 1958 2883 splen-

315 2895 484 2974 dore,
519 2901 576 2954 et
609 2893 887 2972 impletus
918 2889 1511 2970 gaudioincredibili,
1542 2911 1658 2952 non
1687 2911 1816 2952 sum
1849 2893 1954 2952 lae-

316 2991 470 3046 tatus
504 2981 663 3062 quod
694 2980 999 3042 vidissem.
1062 2978 1177 3042 Sed
1234 2979 1363 3060 ipse
1416 2999 1552 3040 cum
1604 2980 1829 3042 caelesti
1862 3000 1956 3042 me

314 3071 528 3152 gaudio
576 3070 960 3150 implevisset,
1016 3069 1284 3144 avolavit,
1339 3087 1662 3150 secumque
1695 3079 1955 3131 mentem

316 3179 534 3234 meam,
567 3167 625 3221 et
648 3178 917 3239 sensum,
952 3167 1262 3220 etonmem
1291 3177 1491 3220 rerum
1524 3158 1953 3220 mundanarum

314 3250 696 3330 cupiditatem
713 3247 976 3309 abstulit.
999 3249 1076 3310 Et
1095 3247 1423 3328 insequens
1445 3266 1576 3308 mea
1599 3266 1768 3308 mens
1790 3267 1956 3309 com-

315 3338 689 3419 prehendere
709 3337 896 3397 visum
915 3335 1293 3416 splendorem
1315 3335 1722 3398 desiderabat;
1751 3355 1955 3398 verum

314 3447 430 3490 non
463 3425 802 3488 inveniebat
833 3444 967 3488 eum
998 3432 1356 3504 creaturam,
1387 3442 1497 3486 nec
1520 3423 1606 3485 illi
1625 3425 1957 3504 jucundum

310 3515 639 3588 accidebat,
659 3514 989 3576 ecrenturis
1012 3532 1250 3593 prorsus
1267 3513 1580 3593 excedere,
1600 3523 1660 3574 ut
1678 3514 1954 3594 splendo-

308 3625 438 3668 rem
470 3605 640 3666 illum
673 3603 947 3677 increati,
984 3613 1040 3665 et
1062 3603 1543 3682 incomprehensi
1569 3605 1961 3682 comprehen-

311 3696 502 3758 deret.
536 3693 937 3756 Nthilominus
967 3691 1324 3754 circumibat
1353 3693 1573 3767 omnia,
1604 3701 1662 3753 et
1692 3692 1851 3754 illum
1877 3694 1959 3753 vi-

311 3802 449 3846 cere
465 3783 808 3846 conabatur.
839 3781 1221 3843 Scrutabatur
1244 3800 1467 3856 aerem,
1492 3783 1706 3844 cmlum
1730 3782 1949 3854 obibat,

311 3872 554 3952 abyssos
575 3870 1044 3954 perambulabat,
1073 3879 1131 3931 et
1154 3878 1417 3932 extrema
1448 3871 1676 3945 mundi,
1703 3879 1763 3931 ut
1788 3872 1954 3933 vide-

311 3959 505 4041 batur,
543 3959 977 4041 pervestigabat
1029 3959 1527 4039 exeutiehatque;
1579 3961 1680 4022 sed
1715 3960 1860 4020 nihil
1895 3961 1954 4021 in

312 4051 405 4112 bis
436 4049 712 4111 omnibus
768 4047 1128 4122 inveniebat,
1191 4057 1384 4108 creata
1441 4048 1598 4108 enim
1632 4049 1850 4110 omnia.
1889 4050 1959 4111 Et

309 4137 700 4213 lamentabar,
730 4148 786 4198 et
809 4137 1114 4219 lugebam,
1136 4137 1550 4198 etmedullitus
1579 4137 1958 4213 ardebam,et

305 4227 488 4289 veluti
519 4236 718 4289 mente
747 4227 1031 4288 alienatas
1083 4226 1167 4287 sic
1217 4225 1505 4286 vivebam.
1552 4225 1726 4289 Venit
1781 4229 1957 4307 igitur

2040 1814 2544 1899 horribilibusque
2558 1820 2862 1900 suppliciis
2877 1817 3433 1886 inveniatnur.Quod
3448 1816 3496 1877 si
3510 1816 3682 1877 etiam

2043 1905 2251 1966 salvari
2289 1907 2450 1980 licet,
2476 1909 2601 1969 sive
2623 1911 2754 1984 hac,
2785 1909 3016 1970 Christe
3042 1909 3218 1982 bone,
3244 1906 3540 1988 quomodo
3560 1914 3684 1966 tan-

2041 1992 2175 2054 dem
2201 1995 2340 2057 licet
2363 1999 2390 2057 '?
2411 1996 2472 2058 Si
2498 2017 2530 2058 a
2551 1999 2684 2059 luce
2708 2016 3077 2079 separemur,
3102 1997 3202 2078 qui
3223 1995 3499 2057 tenebras
3529 1994 3681 2054 etfu-

2040 2081 2270 2160 giemus
2292 2084 2316 2146 ?
2339 2085 2400 2147 Si
2425 2087 2638 2162 gaudio
2667 2088 2986 2168 privemur,
3017 2087 3258 2166 quinam
3279 2082 3679 2144 tristitialibe-

2038 2170 2342 2235 rabimur?
2363 2174 2632 2237 Thalami
2653 2179 2920 2254 ingressu
2939 2174 3240 2256 prohibiti,
3261 2172 3556 2255 quomodo
3577 2175 3679 2232 lae-

2040 2258 2295 2323 tabimur
2325 2264 2350 2324 Υ
2378 2265 2610 2325 Exclusi
2641 2283 2847 2342 regno,
2884 2274 2978 2326 tuo
3025 2273 3369 2344 conspectu,
3404 2261 3670 2341 inquam,

2041 2347 2322 2432 Salvator,
2358 2373 2535 2433 quam
2566 2354 2740 2414 aliam
2801 2356 3074 2428 salutem,
3109 2373 3284 2434 quam
3313 2351 3674 2414 consolatio-

2039 2456 2198 2515 nem,
2235 2449 2333 2501 aut
2362 2461 2476 2522 quo
2506 2443 2746 2505 demum
2779 2445 2894 2505 alio
2941 2443 3000 2504 in
3055 2444 3184 2504 loco
3215 2441 3482 2503 invenire
3512 2448 3681 2520 pote-

2039 2527 2278 2589 rimus?
2308 2532 2460 2592 Vere
2494 2551 2778 2613 nusquam
2803 2532 3067 2607 omnino,
3096 2532 3328 2594 etiamsi
3356 2531 3410 2592 id
3431 2531 3682 2611 quibus-

2039 2615 2175 2677 dam
2201 2618 2555 2700 insipienter
2571 2622 2837 2684 videatur
2863 2645 2874 2685 :
2897 2623 3187 2702 insipiens
3206 2633 3296 2683 est.
3318 2625 3476 2683 enim
3501 2619 3600 2700 qui
3621 2618 3681 2679 id

2038 2705 2202 2769 dicit.

2119 2794 2402 2860 Occurret
2420 2809 2618 2862 autem
2641 2801 2933 2882 quispiam
2960 2801 3230 2873 fortasse,
3254 2800 3550 2880 quomodo
3574 2819 3680 2861 ex-

2042 2893 2129 2947 tra
2160 2906 2405 2968 regnum
2441 2892 2748 2962 ctelorum,
2810 2891 3105 2973 quomodo
3135 2899 3298 2954 extra
3331 2891 3677 2963 thalamum,

2039 2983 2095 3036 et
2126 2996 2336 3055 agmen
2361 2980 2656 3059 justorum
2691 2982 2858 3042 locus
2886 2982 3034 3042 alius
3065 2981 3291 3056 salutis,
3327 2989 3423 3041 aut
3454 2981 3682 3062 requiei

2040 3082 2158 3128 non
2193 3068 2351 3131 erit?
2397 3069 2618 3131 Stultus
2650 3091 2734 3145 es,
2771 3072 2961 3152 inquit
2992 3073 3276 3146 charitas,
3313 3090 3430 3131 nun
3465 3072 3680 3132 audisti

2039 3155 2294 3234 primum
2328 3167 2552 3237 patrem
2579 3169 2738 3220 tuum
2763 3161 3050 3221 Adamum
3080 3160 3316 3221 unicum
3343 3160 3680 3221 mandatum

2037 3245 2096 3302 in
2131 3246 2400 3324 paradiso
2463 3257 2916 3331 transgressum,
2979 3250 3261 3311 nudatum
3323 3267 3454 3311 esse
3483 3249 3683 3310 divina

2041 3334 2252 3412 gloria,
2287 3344 2342 3396 et
2373 3337 2548 3398 Evam
2569 3358 2700 3397 cum
2726 3337 2855 3418 ipso
2882 3359 3011 3399 mox
3040 3339 3178 3399 inde
3204 3338 3455 3419 ejeclam
3480 3338 3541 3400 in
3571 3358 3679 3400 ex-

2043 3421 2268 3499 silium,
2305 3445 2410 3506 pro
2445 3428 2722 3489 mercede
2752 3427 3063 3508 voluptatis
3094 3429 3210 3488 heu
3243 3428 3460 3489 misere
3491 3436 3682 3489 morte

2037 3521 2296 3592 recepta.
2321 3523 2378 3576 et
2399 3515 2512 3576 vita
2537 3517 2856 3580 sudoribus
2878 3537 2944 3578 ac
2974 3518 3274 3577 laboribus
3299 3517 3494 3596 plena,
3533 3517 3679 3595 proh

2041 3601 2242 3664 dolor!
2278 3604 2438 3684 juste
2470 3607 2698 3666 statutis
2724 3625 2754 3667 a
2788 3607 2910 3668 Deo
2941 3618 2999 3667 et
3030 3605 3263 3666 vivendi
3293 3615 3352 3666 et
3385 3605 3680 3666 moriendi

2040 3693 2456 3770 temporibus?
2488 3693 2584 3756 Sic
2614 3696 2873 3756 futurum
2905 3695 3195 3769 existima,
3223 3714 3358 3754 cum
3383 3694 3676 3772 judicium

2041 3780 2436 3842 exercebitur.
2464 3783 2607 3843 Nam
2635 3784 2735 3864 qui
2765 3804 2797 3845 a
2829 3783 3019 3844 divina
3048 3784 3256 3862 gloria,
3284 3783 3682 3844 utillerevern

2040 3868 2232 3930 nudus
2263 3870 2458 3945 fuerit,
2491 3873 2686 3933 statim
2741 3892 2774 3934 a
2821 3872 3116 3954 paradiso,
3176 3881 3232 3933 et
3261 3890 3404 3932 sane
3435 3890 3466 3932 a
3495 3890 3679 3950 regno

2038 3957 2352 4039 ccelorutn,
2385 3961 2736 4041 cmlt'stique
2767 3963 3028 4023 thalamo
3087 3961 3377 4040 abigetur,
3411 3963 3680 4041 quamvis

2041 4056 2349 4125 peccatum
2379 4068 2492 4109 non
2518 4050 2810 4125 habuerit,
2836 4051 2938 4110 sed
2959 4049 3270 4110 virtutibus
3296 4069 3513 4110 vacuus
3535 4051 3676 4111 asti-

2038 4137 2196 4199 terit.
2224 4136 2501 4200 Omnium
2530 4159 2704 4219 porro
2727 4140 3000 4200 virtutum
3031 4139 3240 4218 prima,
3284 4139 3487 4217 regina
3505 4140 3678 4200 etde-

2039 4225 2200 4286 mina
2225 4226 2478 4288 Charitas
2503 4237 2589 4288 est
2615 4231 2900 4309 profecto.
2928 4228 3029 4290 Illa
3047 4237 3242 4308 caput,
3270 4238 3323 4289 et
3348 4228 3674 4290 vestimen-

310 4326 620 4397 postquam
654 4316 857 4390 voluit,
893 4325 946 4378 et
979 4315 1036 4375 in
1071 4315 1333 4394 speciem
1370 4314 1576 4375 lucidte
1611 4315 1843 4378 nebula:
1873 4321 1951 4378 ΞΓ·
1975 4313 2018 4362 Ῑ)
2041 4323 2184 4396 tum,
2211 4323 2265 4375 et
2289 4315 2474 4393 gloria
2495 4319 2877 4378 estomnium.
2923 4318 3060 4380 Sine
3085 4318 3275 4397 capite
3310 4327 3505 4378 autem
3538 4337 3675 4378 eur-
3767 4369 3772 4374 .

309 4423 514 4476 ruens,
555 4414 736 4466 totum
771 4413 948 4484 caput
981 4424 1176 4464 meum
1214 4403 1477 4464 insidere
1530 4403 1857 4481 videbatur,
1895 4417 1955 4468 ut
2040 4424 2145 4483 pus
2177 4413 2496 4479 mortuum,
2532 4427 2600 4468 ac
2630 4408 2759 4468 sine
2791 4409 2999 4487 spiritu
3053 4417 3160 4468 est.
3199 4410 3423 4487 Corpus
3455 4406 3678 4488 absque

311 4493 754 4573 obstupefactus
785 4494 1205 4558 exclamarem.
1249 4492 1320 4552 At
1363 4492 1464 4551 ille
1489 4509 1690 4554 rursus
1720 4495 1956 4556 avolans
2037 4497 2386 4558 vestimento
2407 4518 2520 4578 quo
2547 4507 2712 4576 pacto
2741 4501 2956 4559 nudum
2984 4498 3246 4558 nonest?
3269 4495 3526 4558 Virtutes
3549 4498 3680 4558 sine

308 4583 500 4643 solum
516 4602 612 4643 me
643 4583 912 4664 reliquit;
947 4601 1120 4662 quem
1156 4600 1290 4642 cum
1319 4599 1568 4660 operose
1599 4601 1948 4660 quaererem.

306 4670 524 4732 iterum
557 4681 804 4752 repente
830 4673 885 4733 in
914 4691 1005 4732 me
1025 4674 1326 4732 inventum
1355 4669 1558 4750 didici,
1586 4681 1643 4731 et
1665 4671 1724 4731 in
1758 4673 1952 4734 medio

306 4758 506 4819 cordis
527 4759 641 4820 mei
668 4768 729 4820 ut
751 4761 951 4820 lumen
978 4758 1167 4820 instar
1201 4757 1441 4818 rotundi
1474 4757 1616 4817 solis
1641 4758 1798 4819 visus
1831 4771 1946 4821 est.

305 4845 451 4910 Cum
484 4848 566 4909 sic
597 4847 1562 4929 apparuisset,cognovissemque,
1585 4849 1952 4929 etsuscepis-

304 4955 457 5012 sem,
489 4938 728 5017 globum
764 4939 1098 5001 daemonum
1134 4937 1191 4997 in
1225 4938 1422 5016 fugam
1450 4936 1642 5010 vertit,
1669 4935 1954 4999 timidita-

380 5104 632 5171 5"QICor
663 5126 787 5179 xui,
834 5117 878 5168 t.

303 5285 716 5350 occultaretur
735 5289 761 5348 ?
785 5287 934 5365 Ergo
946 5289 1180 5369 quando
1200 5287 1465 5369 Christus
1478 5304 1544 5348 ex
1579 5292 1953 5369 praesentium

265 5435 268 5437 λ
302 5375 556 5445 aspectu
591 5366 1004 5444 evanescebat,
1040 5388 1155 5430 non
1188 5366 1536 5429 movebatur
1567 5366 1628 5427 ut
1653 5367 1805 5432 Deus
1830 5385 1957 5433 erat

301 5443 575 5527 localiter
603 5465 618 5510 :
656 5446 770 5509 etsi
803 5443 1072 5511 localiter
1101 5447 1451 5527 movebatur
1481 5455 1544 5507 ut
1574 5448 1754 5511 homo
1786 5460 1912 5512 erat
1939 5473 1952 5527 ;

302 5525 462 5605 quod
483 5525 728 5590 Simeon
753 5536 1022 5611 testatur,
1049 5549 1184 5592 cum
1209 5529 1283 5590 de
1303 5525 1539 5590 Christo
1561 5525 1954 5594 evanescente

2037 4585 2321 4648 charitate
2345 4588 2621 4648 marcida:
2643 4595 2696 4647 et
2721 4588 2958 4647 inutiles
2976 4597 3112 4648 sutzt
3144 4609 3154 4648 :
3192 4597 3245 4646 et
3270 4587 3368 4666 qui
3392 4588 3679 4648 charitate

2038 4675 2316 4753 praeditus
2346 4696 2460 4736 non
2485 4684 2594 4748 est,
2619 4695 2651 4736 a
2673 4677 2856 4754 gloria
2884 4677 2984 4739 Dei
3011 4677 3201 4737 nudus
3227 4685 3316 4738 est
3347 4698 3360 4745 ;
3390 4685 3446 4736 et
3476 4695 3678 4755 quam-

2040 4764 2125 4823 vis
2158 4765 2422 4825 omnium
2455 4765 2730 4827 virtutum
2764 4787 3008 4847 compos
3051 4767 3147 4841 sit,
3185 4778 3377 4826 nudus
3409 4774 3583 4838 astat,
3621 4775 3680 4826 et

2040 4853 2364 4915 nuditatem
2389 4875 2551 4916 suam
2580 4876 2694 4916 non
2720 4858 2938 4937 ferens,
2957 4857 3236 4918 occultari
3266 4853 3503 4913 mavult.
3527 4853 3670 4914 Nam

2037 4962 2172 5004 cum
2207 4944 2292 5006 sic
2323 4945 2583 5007 dedecus
2641 4967 2710 5008 ac
2771 4948 3195 5029 turpitudinem
3230 4944 3464 5017 habeat,
3498 4943 3672 5004 etiam

2041 5293 2127 5378 sic
2151 5294 2357 5356 scribit
2385 5299 2804 5378 {absumptam
2827 5304 3025 5359 autem
3046 5296 3387 5378 creaturam
3436 5291 3675 5378 (huma-

2038 5375 2285 5436 nitatem
2316 5375 2544 5437 scilicet
2563 5369 2749 5447 suam)
2769 5378 2968 5438 celans
2985 5378 3175 5437 autin
3196 5373 3453 5436 sublime
3473 5373 3537 5432 in
3552 5369 3676 5446 glo-

2038 5455 2194 5536 riam
2225 5473 2422 5536 suam,
2482 5458 2937 5536 etc.,ﬂevehens
2989 5462 3085 5530 (en
3147 5462 3370 5516 motum
3424 5451 3674 5518 localem

2037 5534 2252 5597 Christi
2285 5534 2756 5614 lietninis)i1h'co
2786 5536 3278 5605 abscondam-tur.
