4112 6106
416 217 533 289 539
1718 246 2101 331 SYMEDNIS
2138 244 2490 315 JUNIORIS
3675 254 3788 321 540

414 381 863 492 damnationem
887 394 1085 492 habet,
1121 406 1178 492 et
1206 400 1369 492 audit
1415 401 1489 463 ab
1522 403 1929 467 universorum
1952 406 2057 485 ju-
2081 416 2119 463 Α
2143 405 2192 468 si
2216 406 2592 487 ipsequoque
2616 407 2926 471 mendicus
2949 410 3075 484 fias,
3104 409 3396 490 planeque
3415 414 3516 492 par
3532 412 3786 492 pretium

414 470 568 549 dice,
591 495 709 579 non
732 482 867 579 novi
893 490 971 547 te.
999 482 1175 548 Venit
1202 488 1263 549 in
1297 490 1457 579 hunc
1480 493 1769 555 mundum
1791 470 2056 568 Great-or,
2142 470 2393 558 dedisse‘
2433 470 2781 576 te‘cogites,
2842 506 2900 559 et
2957 470 3157 561 dicas:
3224 470 3365 559 Da‘te
3415 470 3785 579 inarrgaritam

414 578 629 669 corpus
656 569 1377 669 etanimamassumpsit,
1415 579 1697 669 deditque
1722 582 1893 644 nobis
1914 582 2063 644 divi-
2144 584 2311 661 mihi,
2349 584 2488 646 dedi
2515 569 2673 647 eniin
2705 569 2907 649 omnia
2969 606 3119 669 mea,
3174 588 3488 650 confestim
3519 569 3725 651 abdies
3754 610 3790 651 a

413 666 553 752 npm
583 654 894 752 Spiritum,
930 662 1032 742 qui
1058 671 1148 726 est
1176 654 1454 728 ch'arit’as.
1517 667 1575 732 Si
1604 654 1827 752 'itaque
1857 671 1964 745 vis,
2001 681 2062 732 et

412 737 603 838 placet
628 743 732 806 libi
763 737 1028 812 divintim
1058 752 1329 818 obtinere
1379 757 1689 838 Spiritum,
1726 737 1905 823 crede
1933 737 2057 823 Deo

413 829 697 914 perfecte,
717 845 787 925 et
839 838 1067 917 abnega
1113 849 1169 904 te
1221 829 1479 925 perfecie
1535 829 1860 925 similiter;
1919 850 2060 912 tolle

409 934 647 1021 crucem
678 923 809 987 sine
839 928 1203 994 haesitatione
1223 923 1296 995 in
1330 935 1633 1011 humeros,
1668 957 1736 1000 ac
1754 923 2058 1021 proposito

411 1012 501 1109 et“
533 1013 848 1109 voluntate
883 1036 1140 1109 morere,
1200 1023 1304 1095 fili,
1368 1032 1432 1085 ut
1462 1026 1635 1087 vitam
1662 1012 2054 1090 immortalem

406 1096 759 1189 adipiscare.
796 1107 884 1167 Ne
914 1113 970 1168 te
1000 1108 1355 1189 impostores
1384 1113 1693 1177 fallacibus
1726 1117 1906 1178 dictis
1936 1120 2059 1179 suis

2146 674 2421 749 Domino,
2456 693 2590 755 qua;
2620 684 2757 737 sunt
2788 676 2899 737 ista
2929 684 3027 738 tua
3081 676 3283 738 omnia
3310 696 3443 758 quae
3470 676 3620 739 dicis
3644 679 3674 739 ?
3701 680 3788 741 Tu

2142 761 2340 823 nudus
2372 781 2647 842 egressus
2676 782 2741 825 es
2771 764 2847 825 de
2876 772 3048 826 utero
3102 765 3304 826 matris
3334 774 3469 846 tuae,
3504 777 3563 827 et
3593 765 3790 829 nudus

2141 850 2203 911 in
2233 851 2571 932 sepulcrum
2604 853 2846 915 omnino
2876 853 3126 930 redibis,
3169 873 3300 935 qua;
3327 854 3506 934 igitur
3536 863 3634 918 tua
3658 873 3791 917 esse

2134 940 2322 1019 jactas
2345 943 2373 1002 ?
2400 939 2622 1003 Stultus
2639 960 2703 1003 es
2725 941 2980 1023 penitus,
3007 960 3122 1007 non
3145 942 3451 1024 intelligis,
3487 963 3599 1006 nec
3628 948 3789 1007 acci-

2143 1029 2271 1110 pies
2302 1033 2699 1111 margaritam,
2734 1050 2845 1093 nec
2873 1031 3584 1111 contingettibiregnum.
3613 1036 3787 1107 Quod

2142 1117 2192 1179 si
2222 1136 2591 1199 quaecunque
2625 1119 2865 1181 tandem
2900 1120 3008 1183 tibi
3037 1121 3157 1181 sint
3178 1119 3333 1181 bona
3356 1121 3786 1197 consideraris,

409 1185 734 1289 decipiant,
768 1185 1102 1289 morientes
1124 1209 1254 1279 post
1289 1211 1538 1264 mortem
1561 1205 1734 1266 vitam
1758 1206 2051 1286 accipere,
2141 1214 2199 1267 et
2228 1185 2285 1267 te
2317 1185 2755 1287 pauperrimum
2784 1208 3106 1289 repereris,
3133 1216 3192 1269 et
3222 1209 3511 1271 accedens
3539 1210 3621 1271 ita
3650 1185 3789 1272 eum

409 1294 487 1377 ne
517 1280 795 1379 credulus
854 1285 1235 1366 negligenter
1279 1308 1441 1369 agas,
1486 1304 1542 1354 et
1595 1294 1728 1357 vita:
1758 1280 2053 1378 particeps
2140 1280 2798 1376 compellarts?lntuere
2822 1280 3001 1373 nunc,
3021 1280 3303 1373 Salvator,
3322 1317 3425 1359 cor
3448 1301 3789 1361 etanimam

410 1371 654 1466 minime
686 1371 811 1466 fias.
1759 1371 1774 1376 ’
1986 1371 2003 1378 ’
2139 1371 2332 1445 meam
2355 1385 2698 1465 contritam,
2724 1371 3067 1465 castigatam
3083 1371 3357 1466 graviter,
3386 1387 3793 1451 etinﬂamma-

487 1456 970 1555 AudiverbaDei,
994 1467 1572 1555 autliapostolorum.
1592 1473 2055 1554 audimagistro-
2139 1480 2253 1534 tam
2272 1456 2944 1555 vehementer.'Aspice,
2976 1456 3249 1552 Domine,
3278 1456 3497 1537 nudum
3516 1495 3636 1553 me;
3655 1478 3791 1540 vide

408 1562 537 1645 rum
562 1546 865 1645 Ecclesiae.
891 1553 1044 1645 Quid
1066 1546 1333 1617 Christus
1360 1557 1417 1617 in
1444 1559 1621 1620 horas
1643 1546 1899 1623 clamat?
1918 1563 2051 1625 Flu-
2138 1571 2441 1640 egentem,
2466 1562 2539 1624 ab
2563 1564 2725 1624 omni
2743 1546 2954 1626 virtute
2979 1546 3263 1641 alienum,
3291 1573 3347 1625 et
3367 1564 3427 1624 in
3442 1565 3535 1625 his
3556 1546 3792 1628 summa

407 1637 567 1735 mina
597 1637 672 1699 de
725 1649 926 1704 ventre
982 1643 1043 1704 in
1107 1663 1200 1735 me
1258 1646 1630 1735 credentium
1659 1651 1843 1712 fluent
1870 1637 2506 1735 diviniBlaborantem
2543 1652 2813 1731 penuria,
2878 1671 2989 1714 nec
3048 1637 3389 1734 habentem,
3449 1672 3565 1734 quo
3597 1656 3703 1717 abs
3732 1666 3789 1718 te

405 1721 606 1801 fontis,
641 1747 806 1822 aquae
839 1750 1081 1822 semper
1110 1733 1357 1795 viventis
1374 1735 1453 1798 εὖ.
1489 1736 1671 1809 Quam
1704 1740 1876 1801 aliam
1902 1743 2053 1805 hanc
2076 1721 2114 1735 υ
2139 1758 2331 1801 emam
2360 1761 2376 1817 ;
2421 1721 2574 1812 vide,
2612 1752 2669 1801 et
2703 1721 2990 1803 miserere
3023 1741 3138 1803 mei
3169 1743 3330 1802 solus
3361 1721 3596 1822 patiens
3625 1746 3788 1806 Deus

407 1833 640 1911 aquam,
677 1821 790 1882 nisi
850 1821 1103 1903 Spiritus
1160 1826 1348 1887 sancti
1407 1829 1657 1904 gratiam
1720 1830 2054 1911 intelligit?
2138 1829 2505 1902 meus.Quid
2530 1826 2779 1891 enimin
2804 1831 2915 1891 hoc
2941 1821 3482 1892 τηυηάοίηνθηῖειῐη
3510 1831 3780 1910 dignum.

403 1906 885 1999 ivluntlosautem
916 1913 1097 1975 corde
1127 1914 1332 1977 beatos
1363 1918 1680 1981 nominans
1716 1920 1799 1996 94,
1831 1906 2048 1985 ειὶίὴοε

2134 1918 2287 1998 quod
2314 1918 2450 1979 dem
2484 1919 2541 1978 in
2566 1918 2818 1999 pretium
2846 1920 2949 1993 tui,
2994 1918 3095 1998 qui
3132 1918 3326 1979 fecisti
3348 1906 3601 1982 omnia?
3630 1906 3784 1992 Quid

399 1991 589 2058 Deum
620 1998 717 2060 hic
751 2001 1009 2086 visuros.
1071 2004 1341 2085 Apostoli
1392 2024 1534 2068 vero
1592 2017 1647 2069 et
1681 1991 1946 2090 magistri
1975 2013 2047 2074 ad
2134 1991 2388 2087 namque
2418 1991 2705 2087 persolvit
2737 1991 3041 2084 meretrix,
3074 2008 3219 2089 quid
3248 2010 3579 2072 numeravit
3601 1991 3788 2073 latro?

402 2101 585 2178 unum
619 2106 828 2151 omnes
856 2094 1133 2167 c'amant,
1191 2095 1289 2155 hic
1346 2096 1633 2173 Spiritum
1664 2109 1959 2172 sanctum,
1992 2110 2051 2163 et
2132 2096 2905 2178 Prodigusautem,Christe
2922 2097 3183 2178 mi,quas
3204 2098 3308 2159 tibi
3343 2117 3487 2178 opes
3510 2098 3729 2161 obtulit
3758 2102 3786 2163 ἲ

404 2171 707 2238 Christum
739 2180 1180 2261 accipiendum,
1219 2171 1526 2264 siquidem
1551 2187 1800 2250 salutem
1832 2171 2046 2252 conse-
2132 2184 2192 2247 Si
2216 2171 2362 2266 haec,
2390 2171 2652 2266 inquam,
2681 2187 2925 2267 dixeris,
2950 2171 3157 2247 audies
3178 2171 3466 2263 vicissim,
3491 2188 3612 2249 imo
3637 2190 3787 2253 oﬂ'e-

402 2268 591 2358 cpturi
606 2267 812 2330 simus.
842 2271 1126 2332 Ausculta
1148 2291 1349 2333 vocem
1367 2275 1623 2350 Domini,
1645 2278 2044 2340 audiverbum
2129 2276 2340 2335 rebant
2369 2275 2622 2349 divitias,
2661 2276 2916 2357 datoque
2944 2277 3101 2357 quod
3134 2277 3453 2353 habebant,
3487 2281 3780 2358 margari-

406 2351 609 2446 V_erbi,
640 2359 1196 2438 quomodoregnum
1223 2362 1508 2424 cmlorum
1532 2367 1652 2443 jam
1678 2369 2044 2430 nunchomi-
2132 2377 2249 2424 tam
2284 2373 2404 2425 toto
2445 2364 2668 2425 mundo
2698 2351 3169 2445 praestantiorem
3222 2351 3781 2446 acceperuntfﬂmc

401 2439 576 2505 nibus
604 2446 1019 2527 accipiendum
1053 2449 1367 2529 significet.
1424 2439 1641 2516 Siniz‘le
1686 2467 1791 2537 est,
1827 2457 2041 2538 inquit,
2132 2467 2192 2519 tu
2226 2472 2464 2533 quoque
2495 2454 2544 2514 si
2577 2439 2863 2528 ViS,-tllilli
2918 2454 3087 2534 affer,
3141 2462 3201 2515 et
3231 2439 3476 2533 prorsus
3506 2457 3779 2519 eamdem

398 2539 674 2623 pretiosae
720 2541 1080 2617 margaritae
1108 2540 1188 2600 23.
1253 2545 1630 2623 Margarilam
1683 2566 1816 2608 cum
1848 2549 2053 2620 audis,
2129 2542 2412 2622 accipies.
2449 2541 2591 2604 Cum
2621 2543 2709 2603 his
2729 2542 2945 2603 accede
2963 2541 3035 2602 ad
3059 2560 3177 2617 me,
3199 2553 3259 2604 et
3300 2561 3430 2603 mox
3465 2542 3570 2604 tibi
3604 2563 3780 2607 mon-

403 2620 682 2714 quidnam
715 2627 939 2706 c0gitas
964 2628 988 2689 ’ἰ
1012 2648 1151 2690 num
1186 2630 1335 2692 hanc
1362 2620 1547 2710 genus
1572 2634 1782 2714 lapidis
1806 2655 1936 2697 esse
1954 2637 2050 2696 di.-
2134 2620 2332 2691 strabo
2363 2650 2539 2711 quam
2569 2632 2652 2691 illi
2686 2632 2991 2693 consecuti
3027 2639 3165 2693 sunt
3196 2632 3569 2709 margaritam
3598 2651 3611 2696 :
3649 2644 3707 2696 et
3729 2635 3779 2696 si

401 2707 606 2774 dicis?
663 2734 736 2776 an
788 2718 889 2796 qui
940 2722 1128 2779 teneri
1159 2707 1426 2793 omnino,
1488 2740 1561 2782 an
1593 2707 1690 2804 qui
1725 2724 1911 2785 videri
1939 2725 2050 2785 ali-
2132 2719 2320 2799 ipsam
2351 2707 2606 2781 animam
2640 2720 2906 2794 dederis,
2967 2720 3114 2780 nihil
3169 2707 3413 2799 dignum
3459 2722 3695 2784 dedisse
3724 2732 3779 2785 te

403 2807 685 2891 quantum
716 2812 911 2884 potest
934 2805 958 2868 ?
980 2806 1089 2867 Abi
1113 2827 1246 2869 cum
1274 2816 1370 2870 tua
1393 2809 1785 2890 blasphemia,
1821 2814 2047 2874 intelli-
2132 2807 2517 2872 existimabis.
2550 2808 2847 2890 Quidquid
2883 2809 3141 2889 denique
3198 2828 3304 2890 pro
3337 2811 3521 2890 pretio
3550 2814 3773 2891 persol-

401 2888 600 2964 gentia
629 2898 854 2955 tantum
885 2896 997 2957 ista
1028 2901 1340 2977 margarita
1374 2888 1719 2980 percipitur.
1755 2888 2049 2966 Mercator
2069 2964 2104 2980 Α
2130 2898 2308 2974 veris,
2345 2898 2492 2960 nihil
2528 2907 2583 2959 te
2609 2888 2859 2959 Solvisse
2888 2888 3279 2959 arbitrabere.
3313 2888 3453 2976 Ego,
3481 2898 3531 2957 si
3549 2888 3621 2959 ad
3644 2918 3765 2980 me,

401 2981 712 3061 autemqui
738 2983 888 3045 hanc
911 2964 1300 3067 invenitiqua
1319 2964 1861 3053 ratione-inveneiit
1888 2964 2105 3054 nuncC
2133 2993 2194 3046 ut
2224 2964 2323 3047 illa
2354 2986 2655 3062 meretrix,
2691 2989 3038 3062 accesseris,
3075 2987 3253 3067 plane
3285 2964 3467 3047 habeo
3499 2964 3766 3066 potesta:

405 3082 654 3161 expone.
693 3070 750 3133 Si
771 3093 885 3135 non
911 3083 1021 3156 est,
1059 3086 1122 3139 ut
1152 3095 1330 3138 manu
1363 3077 1517 3157 tangi
1550 3087 1651 3139 aut
1681 3080 1869 3143 videri
1904 3100 2044 3161 pos-
2133 3083 2270 3151 tem,
2308 3077 2480 3157 plane
2513 3076 2699 3137 habeo
2729 3076 3097 3155 margaritas,
3123 3094 3264 3157 quas
3295 3076 3345 3136 si
3374 3076 3629 3137 mundus
3658 3095 3765 3138 ac-

405 3154 500 3247 sit,
536 3158 636 3220 ubi
667 3159 847 3238 igtur
878 3163 988 3225 iste
1009 3154 1179 3227 illam
1209 3154 1798 3247 repetitiquomodo
1844 3154 1987 3231 vidit
2019 3178 2047 3233 ?

403 3245 579 3308 velim
598 3250 744 3311 mihi
765 3251 948 3314 dicas.
970 3245 1479 3325 Quomodoietiam
1505 3245 1760 3319 venditis
1774 3259 2048 3319 omnibus

403 3339 763 3415 comparavit
784 3359 911 3402 eam
936 3361 1111 3423 quam
1137 3361 1250 3403 non
1281 3342 1522 3419 invenit,
1542 3364 1715 3426 quam
1741 3366 1857 3408 non
1876 3347 2043 3421 vidit,

402 3441 577 3503 quam
599 3427 658 3489 in
681 3430 956 3492 manibus
983 3451 1098 3492 non
1124 3431 1351 3508 habuit,
1379 3452 1487 3494 nec
1510 3433 1570 3493 in
1614 3434 1811 3496 sinum
1845 3436 2042 3497 immi-

400 3512 477 3574 sit
508 3514 533 3574 ‘.’
563 3516 976 3604 Respondebis
1008 3521 1178 3595 mihi,
1213 3521 1327 3582 fide
1360 3522 1482 3582 sola
1516 3532 1573 3582 et
1617 3542 1724 3604 spe
1781 3525 1865 3586 sic
1895 3526 2044 3587 affe-

400 3608 558 3663 ctum
591 3603 686 3680 iri,
718 3625 785 3668 ac
816 3606 866 3668 si
897 3626 1028 3669 eam
1060 3608 1329 3673 haberet.
1362 3610 1539 3691 Atqui
1574 3603 1687 3673 non
1742 3613 1889 3675 dixit
1920 3617 2043 3677 Do-

401 3691 621 3787 minus,
652 3704 717 3757 ut
740 3705 797 3757 tu
829 3698 1151 3773 existimas,
1176 3717 1287 3760 nec
1303 3699 1793 3780 speinveniendi,
1820 3721 1928 3766 nec
1943 3724 2050 3787 spe

400 3782 736 3863 accipiendi
762 3786 1069 3849 facultates
1090 3806 1225 3849 suas
1251 3789 1612 3851 vendidisse.
1639 3790 1788 3862 Quid
1807 3782 2051 3856 erratis?

401 3871 540 3950 quid
573 3893 720 3936 vana
749 3895 859 3955 spe.
918 3877 1201 3957 nitimini,
1267 3885 1324 3939 et
1380 3878 1511 3939 aliis
1560 3880 1802 3960 quidem
1832 3882 2049 3945 frustra

401 3962 789 4050 credentibus
816 3966 1083 4048 exitium,
1109 3965 1275 4027 vobis
1292 3966 1514 4046 grande
1540 3970 1894 4050 supplicium
1916 3973 2047 4034 Vul-

2130 3167 2332 3247 cipiat,
2388 3176 2444 3227 et
2476 3183 2608 3226 cum
2655 3165 2876 3225 mundo
2930 3166 3044 3225 hoc
3100 3166 3350 3225 aliornm
3408 3164 3770 3226 mundorum

2131 3256 2445 3335 myriades,
2480 3273 2553 3316 ne
2577 3273 2691 3315 una
2714 3254 2953 3335 quidem
2986 3254 3301 3332 margarita
3330 3253 3606 3315 thesauro
3638 3273 3771 3316 meo

2130 3344 2345 3419 deerit,
2381 3352 2440 3405 et
2477 3343 2709 3404 donabo
2744 3353 2821 3417 te,
2855 3343 3010 3404 sicut
3058 3343 3219 3403 illam
3278 3342 3512 3404 donavi.
3572 3341 3668 3405 Sic
3718 3353 3777 3405 te

2130 3435 2288 3495 Deus
2316 3432 2590 3494 afl'abitur
2615 3440 2674 3493 et
2702 3431 2962 3512 docebit,
2994 3432 3289 3512 quomodo
3340 3432 3413 3491 ad
3445 3450 3508 3492 se
3539 3431 3685 3493 latro
3721 3442 3778 3494 et

2131 3523 2410 3583 meretrix
2424 3523 2807 3595 accesserint,
2823 3521 2923 3601 qui
2951 3539 3057 3601 per
3083 3520 3290 3581 orbem
3314 3529 3610 3582 terrarum
3624 3523 3777 3583 fama

2133 3611 2549 3674 celebrantur:
2579 3612 2875 3692 quomodo
2901 3612 3041 3672 item
3075 3611 3229 3670 filius
3260 3611 3564 3691 prodigus,
3599 3612 3775 3673 simul

2133 3721 2203 3762 ac
2233 3720 2506 3763 reversus
2556 3709 2664 3775 est,
2718 3708 3031 3779 susceptus
3087 3699 3162 3760 sit
3238 3699 3385 3761 Fide
3419 3717 3594 3780 porro
3626 3701 3775 3763 latro

2135 3791 2388 3853 salvatus
2422 3798 2536 3865 est,
2570 3790 2668 3871 qui
2698 3789 2896 3850 multis
2929 3796 3054 3850 erat
3083 3787 3408 3849 sceleribus
3437 3788 3730 3867 obligatus
3765 3811 3780 3865 ;

2138 3899 2249 3940 nec
2280 3880 2601 3960 immerito,
2631 3878 3112 3960 quandoquidem
3135 3880 3296 3939 solus
3322 3882 3472 3958 ipse,
3505 3878 3782 3940 omnibus

2136 3988 2233 4031 me
2264 3968 2638 4049 negantibus,
2672 3967 2949 4029 omnibus
3004 3967 3348 4027 scandalum
3390 3966 3774 4047 patientibus,

401 4049 476 4111 lis
508 4059 781 4115 struere?
810 4056 925 4118 Sed
958 4056 1166 4118 suadet
1219 4054 1344 4131 tibi,
1381 4064 1444 4117 ut
1476 4049 1636 4136 prius
1670 4060 2041 4138 margaritam
2130 4060 2188 4118 in
2215 4077 2390 4120 cruce
2407 4058 2787 4139 pendentem,
2818 4059 3004 4118 Deum
3028 4075 3096 4117 ac
3114 4073 3315 4134 regem
3346 4055 3775 4131 confessusest,

401 4141 689 4215 invenias,
723 4151 783 4204 et
814 4164 973 4218 eum,
1008 4152 1071 4205 ut
1101 4144 1297 4219 nimis,
1334 4152 1391 4204 et
1422 4146 1710 4207 immense
1725 4149 2042 4227 pretiosam
2129 4158 2186 4209 et
2215 4147 2609 4210 immortalem
2647 4164 2780 4208 esse
2803 4165 2869 4207 ex
2889 4145 3086 4207 animo
3118 4144 3506 4224 exclamavit;
3553 4143 3779 4206 idcirco

400 4236 839 4314 contemplatus
873 4238 1076 4303 fueris.
1113 4245 1251 4297 tunc
1282 4235 1535 4296 venditis
1576 4238 1852 4301 omnibus
1883 4260 2044 4303 emas
2064 4259 2108 4309 1)
2129 4236 2306 4297 etiam
2338 4245 2473 4298 ante
2504 4255 2712 4297 omnes
2743 4253 2993 4315 regnum
3024 4242 3113 4295 est
3136 4233 3410 4314 adeptus,
3446 4234 3781 4295 meretricis

405 4338 555 4382 eam.
590 4322 675 4384 Tu
711 4334 916 4386 contra
946 4325 1055 4401 ais,
1114 4326 1175 4386 in
1231 4344 1358 4403 spe,
1422 4332 1480 4386 et
1509 4330 1772 4390 ostendis
1803 4338 1859 4391 te
1890 4332 2045 4392 nolle
2128 4334 2347 4401 autem,
2383 4345 2646 4387 amorem
2689 4343 2820 4406 quae
2852 4324 3043 4387 oratio
3087 4329 3486 4402 consequatur
3517 4323 3541 4382 Ὺ
3591 4340 3773 4404 quem

402 4428 696 4491 quaerere,
735 4413 893 4476 nolle
926 4414 1216 4488 invenire,
1253 4414 1410 4475 nolle
1440 4414 1708 4478 fortunas
1739 4426 1866 4480 tuas
1899 4438 2043 4481 ven-
2127 4416 2354 4477 scilicet
2382 4416 2485 4478 illa
2512 4416 2573 4477 in
2600 4417 2778 4478 corde
2812 4433 2917 4476 suo
2978 4411 3264 4492 gestabat,
3316 4430 3450 4472 cum
3480 4412 3552 4472 ad
3589 4426 3685 4472 me
3715 4420 3777 4474 ut

405 4497 572 4572 dere,
608 4508 666 4561 ut
701 4501 779 4563 ita
810 4520 1059 4582 regnum
1082 4504 1366 4565 calorum
1391 4502 1684 4581 acquiras,
1713 4507 1868 4587 quod
1890 4508 2047 4572 intra
2127 4505 2311 4567 Deum
2344 4525 2410 4568 ac
2443 4505 2763 4567 Dominum
2795 4502 3117 4564 visibilium
3163 4510 3223 4562 et
3251 4499 3640 4561 invisibilium
3671 4519 3776 4562 ac-

402 4595 482 4663 te,
517 4587 568 4650 si
599 4589 768 4670 velis,
801 4591 1089 4653 Dominus
1118 4611 1248 4653 esse
1278 4592 1607 4656 afﬁrmavit.

487 4674 601 4738 Sed
629 4678 872 4739 forsitan
902 4680 961 4741 in
987 4688 1248 4759 egestate
1273 4700 1358 4753 es,
1385 4699 1495 4742 nec
1518 4700 1746 4760 aurum,
1776 4704 1885 4748 nec
1919 4706 2047 4767 pos-

406 4766 729 4850 sessiones,
755 4777 855 4830 aut
878 4768 1114 4831 divitias
1141 4770 1320 4831 habes
1347 4793 1361 4846 ;
1408 4779 1468 4833 et
1496 4770 1746 4834 audiens
1776 4766 2039 4837 omnium

407 4853 797 4920 distractione
829 4858 1166 4921 facultatum
1200 4859 1672 4922 intestimabiletn
1700 4863 1857 4924 illam
1885 4883 2043 4926 mar-

406 4951 648 5022 garitam
684 4947 824 5023 emi,
852 4947 1024 5024 dicis,
1053 4966 1182 5027 ego,
1234 4947 1329 5009 cui
1360 4949 1535 5010 nulla;
1565 4959 1700 5011 sunt
1732 4972 1896 5033 Opes,
1931 4975 2045 5035 qua

405 5034 642 5097 tandem
667 5036 755 5099 via
777 5037 1034 5100 divinam
1058 5038 1209 5100 hanc
1233 5046 1291 5100 et
1312 5037 1643 5118 speciosam
1669 5034 2044 5122 margaritam

405 5142 750 5205 comparare
779 5128 1029 5208 potero?
1061 5131 1278 5192 llortor
1299 5127 1493 5209 itaque
1526 5137 1604 5203 te,
1640 5140 1701 5191 ut
1734 5149 1913 5212 super
1935 5134 2046 5195 hoc

408 5213 707 5292 sapienter
736 5235 829 5277 tne
860 5217 1088 5280 audias.
1151 5217 1212 5279 Si
1272 5219 1553 5279 mundum
1589 5218 1955 5296 universum,
1992 5230 2049 5285 et

403 5320 533 5399 qua:
563 5302 622 5364 in
657 5306 877 5367 mundo
928 5316 1064 5369 sunt
1120 5306 1364 5384 habeas,
1426 5314 1484 5367 et
1532 5307 1688 5370 eain
1724 5313 2047 5399 orphanos,

400 5390 622 5467 viduas,
647 5396 953 5456 mendicos
969 5404 1024 5456 ct
1040 5405 1281 5475 egentes
1298 5396 1607 5477 dispergas
1621 5417 1688 5459 ac
1701 5390 2045 5478 distributis,

478 5560 593 5622 θὸτι
627 5582 733 5621 an.
773 5580 894 5635 vttt,
935 5565 1029 5626 33.
1119 5565 1175 5615 i‘l
1210 5567 1388 5628 .‘llatlh
1448 5584 1502 5639 γ,
1540 5568 1597 5629 8.

2127 4596 2373 4669 cedens,
2409 4614 2546 4656 eum
2573 4594 2807 4673 largiter
2828 4592 2998 4667 mihi,
3026 4599 3089 4653 ut
3120 4609 3295 4651 nemo
3314 4598 3486 4650 antea
3508 4591 3772 4652 oﬂ'erret.

2130 4685 2316 4758 Quem
2347 4684 2551 4745 videns
2609 4682 2954 4765 approbavi,
3009 4699 3119 4741 nec
3180 4698 3440 4740 amorem
3474 4679 3639 4740 illum
3669 4698 3775 4741 ac-

2130 4774 2302 4855 cepi;
2337 4774 2440 4834 sed
2474 4776 2607 4834 tlata
2638 4774 2689 4833 ei
2726 4770 3064 4851 margarita,
3099 4770 3316 4850 reliqui
3336 4769 3391 4830 ei
3417 4769 3591 4830 etiam
3614 4787 3779 4831 amo-

2130 4885 2281 4933 rem,
2310 4863 2396 4923 vel
2427 4862 2620 4943 potius
2641 4862 2896 4942 amplius
2919 4879 3053 4921 eum
3066 4860 3336 4941 accendi,
3359 4860 3486 4920 etin
3509 4861 3778 4923 ﬂammas

2131 4954 2402 5033 ingentes
2436 4951 2705 5028 excitavi,
2740 4970 2993 5032 eamque
3025 4948 3356 5029 virginibus
3378 4949 3777 5012 honestiorem

2129 5066 2197 5107 ac
2222 5043 2713 5107 venerabiliorem
2739 5042 2940 5105 dimisi
2988 5041 3194 5103 Subito
3210 5040 3369 5101 enim
3384 5040 3571 5118 legem
3598 5050 3777 5103 totam

2131 5146 2191 5196 ut
2223 5152 2454 5195 murum
2511 5152 2917 5214 supergressa,
2975 5139 3074 5193 aut
3142 5139 3278 5210 tanq
3324 5149 3417 5191 am
3451 5149 3555 5210 per
3585 5133 3781 5195 scalas

2131 5242 2308 5304 supra
2338 5242 2546 5285 omnes
2575 5225 2821 5287 virtutes
2845 5223 3097 5305 sublata,
3136 5222 3209 5283 ad
3244 5223 3422 5284 tinem
3451 5220 3597 5300 legis
3634 5241 3777 5303 per-

2137 5314 2313 5390 venit,
2348 5316 2446 5395 qui
2479 5322 2567 5377 est
2598 5316 2873 5389 Charitas,
2913 5327 2969 5376 et
3001 5314 3166 5391 abiit,
3203 5332 3389 5394 usque
3419 5311 3490 5374 ad
3523 5323 3777 5375 mortem

2130 5404 2475 5467 charitatem
2506 5405 2752 5467 illaesa":
2778 5423 3158 5467 conservans.
3187 5402 3478 5466 Similiter
3494 5402 3781 5484 prodigus

1688 5571 1743 5620 35
1775 5574 1976 5637 Matth.
2012 5593 2134 5648 χιιι,
2172 5577 2268 5637 45.
