4112 6106
3572 239 3691 309 542

319 245 422 327 541
1082 258 1085 259 ί
1445 262 1884 327 DIVINORUM
1932 259 2257 322 AMORUM
2304 258 2555 320 LIBER.

317 405 433 459 toto
466 416 535 461 ex
567 398 750 461 corde
781 417 1074 474 reversus,
1135 398 1371 462 sincere
1426 397 1696 480 paenituit
1738 404 1797 458 et
1826 414 1958 457 cum
1982 400 2024 451 Α
2045 390 2150 480 tibi
2185 389 2465 480 magarita
2505 407 2665 462 sum,
2718 385 2814 448 hic
2841 384 3286 480 emorqliictibi
3318 383 3605 480 triticum,
3642 385 3701 441 et

316 495 472 550 esset
495 494 635 549 ante
675 487 831 550 filius
879 473 1069 561 meus,
1122 505 1256 549 non‘
1298 473 1573 569 tanquam
1609 487 1763 549 ﬁlius
1797 503 1965 546 meus
2047 479 2700 560 velutsinapisgranum
2720 473 3125 570 sum.Hic__tibi
3149 474 3511 570 fermentum
3539 487 3695 570 sum,

315 575 387 636 ad
422 594 516 638 me
538 575 684 639 adiit
721 598 735 640 :
770 577 873 639 sed
896 578 1049 643 sicut
1076 597 1229 640 unus
1270 577 1345 640 de
1398 562 1784 640 mercenariis
1818 574 1964 636 meis
2049 578 2109 630 et
2142 587 2391 630 massam
2425 575 2581 629 tuam
2615 571 2929 629 fermento.
2988 564 3096 626 Hic
3122 562 3228 624 tibi
3251 579 3405 642 aqua
3429 567 3487 621 et
3505 562 3699 620 suavis

318 664 452 726 fieri
483 666 712 746 petivit.
737 664 859 728 Nec
882 682 1022 729 vero
1044 667 1245 745 lingua
1275 674 1522 747 tantum,
1545 666 1646 728 sed
1681 674 1740 728 et
1765 665 1963 727 animo
2048 656 2202 734 ignis
2225 676 2379 720 sum.
2416 656 2522 718 Hic
2556 664 2615 752 et
2672 654 3088 752 vestimentum
3129 661 3208 752 .et
3236 651 3616 752 alimentum,
3641 655 3701 708 et

315 734 1691 836 loquebatur,etquaeverbisdicebat,operibus
1716 755 1958 816 demon-
2048 764 2223 836 omne
2255 744 2729 836 genus‘potionis
2758 742 2865 836 tibi
2889 760 3044 836 sum,
3093 739 3144 803 si
3166 739 3343 836 modo
3367 747 3430 800 tu
3448 736 3553 836 vis.
3574 734 3695 836 Ποῖ

313 842 553 905 strabat.
587 842 900 905 Humilitas
945 845 1074 926 ejus
1102 843 1177 905 ad
1227 844 1692 906 misericordiam
1722 863 1816 906 me
1840 844 1958 906 im-

313 930 484 1012 puiit,
516 950 693 1012 quem
724 952 858 994 mox
914 933 1114 1006 ditavi,
1148 941 1204 994 et
1228 933 1509 995 continuo
1532 932 1720 1013 gloria
1750 933 1956 1008 extuli,

311 1020 590 1101 quoniam
622 1040 691 1083 ex
748 1022 948 1083 animo
1003 1021 1076 1084 ad
1108 1040 1204 1084 me
1248 1039 1600 1083 conversum
1662 1020 1957 1099 videbam,

309 1125 445 1172 cum
474 1110 817 1192 neutiquam
853 1110 1035 1192 (quod
1065 1111 1233 1173 multi
1266 1111 1478 1184 solent)
1511 1120 1772 1173 mentem
1804 1130 1837 1173 a
1858 1130 1955 1173 me

307 1199 664 1260 reﬂecteret.
686 1198 812 1261 Hoc
826 1200 998 1262 modo
1022 1199 1290 1281 quisquis
1312 1198 1383 1261 ad
1407 1218 1503 1261 me
1524 1200 1778 1274 venerit,
1805 1210 1866 1262 et
1893 1219 1956 1263 se

310 1286 456 1348 mihi
470 1287 707 1350 sincere
725 1288 1113 1370 prostraverit
1137 1288 1397 1360 (audiant
1416 1307 1624 1350 omnes
1652 1290 1950 1369 mortales)

306 1376 622 1439 confestim
655 1396 790 1439 eum
824 1376 1165 1458 suscipiam.
1217 1376 1327 1449 Qui
1376 1385 1572 1439 autem
1603 1378 1795 1457 gratia
1825 1398 1957 1441 mea

308 1483 414 1545 per
443 1465 645 1527 dolum
679 1465 851 1546 potiri
881 1467 1020 1541 vult,
1057 1475 1268 1527 etcum
1299 1466 1603 1548 hypocrisi
1638 1485 1742 1528 seu
1775 1467 1956 1531 simu-

305 1553 526 1615 latione
556 1554 631 1615 ad
662 1573 758 1617 me
788 1554 1129 1630 accesserit,
1155 1563 1219 1615 ut
1242 1555 1679 1636 improbitatem
1728 1557 1948 1633 celans,

2045 833 2241 896 minus
2264 835 2387 896 haec
2411 833 2580 895 dicit.
2606 834 2669 894 Si
2699 833 2882 912 igitur
2906 832 2990 893 ita
3029 849 3097 891 ex
3143 828 3382 891 caducis
3401 825 3606 899 rebus,
3639 831 3700 886 et

2046 923 2220 984 talem
2241 923 2726 1002 mecognoveris,
2755 924 2928 982 etiam
2964 918 3071 981 tibi
3089 918 3262 979 talem
3298 934 3394 978 me
3423 913 3694 987 habebis,

2045 1019 2102 1073 ut
2144 1011 2424 1074 ineffabili
2445 1011 2673 1072 ratione
2705 1012 2837 1071 ﬁam
2865 1008 2969 1070 tibi
2995 1008 3215 1070 omnia.
3244 1006 3347 1068 Sin
3382 1004 3522 1065 hinc
3553 1006 3697 1066 emi-

2043 1100 2255 1178 graris,
2288 1101 2569 1179 ignorans
2590 1099 2729 1181 quid
2750 1106 3028 1179 operetur
3066 1096 3252 1174 gratia
3276 1112 3427 1169 mea,
3451 1092 3576 1154 illic
3602 1110 3695 1181 me

2037 1189 2445 1250 tantummodo
2496 1179 2762 1269 judicem
2826 1185 3249 1248 inexorabilem
3304 1181 3592 1243 invenies.
3645 1179 3693 1244 Ο

2037 1278 2271 1341 Christe
2293 1296 2458 1339 meus
2472 1280 2699 1341 etDeus
2717 1294 2903 1345 meus,
2927 1294 3002 1336 ne
3024 1293 3119 1336 me
3139 1281 3281 1334 tunc
3300 1271 3687 1350 condemnes,

2038 1384 2186 1427 neve
2201 1364 2709 1447 pmnissubjicias.
2731 1364 2828 1445 qui
2848 1364 3048 1424 multis
3072 1373 3127 1423 te
3153 1359 3417 1439 peccatis
3441 1359 3689 1435 oﬂ‘endi,

2038 1455 2142 1517 sed
2179 1474 2273 1517 me
2304 1462 2365 1516 ut
2395 1473 2575 1516 unum
2609 1454 2684 1515 de
2718 1452 2919 1514 inlinis
2972 1451 3088 1512 tuis
3145 1447 3533 1512 mercenariis
3561 1466 3692 1510 sus-

2038 1544 2207 1624 cipe;
2234 1550 2294 1606 et
2324 1542 2573 1622 dignare
2606 1560 2702 1604 me
2762 1543 3006 1623 posthac
3039 1539 3266 1601 servire
3325 1537 3451 1618 tibi,
3489 1534 3690 1599 Salva-

303 1651 403 1736 aut
441 1643 722 1736 operibus
745 1643 870 1736 suis
890 1625 1219 1736 conﬁdens,
1275 1625 1344 1705 ui
1369 1644 1771 1736 elatione,_aut
1798 1625 1951 1709 invi;
1978 1688 2013 1736 Β
2038 1631 2264 1733 ίοιξῐῐιί,
2294 1640 2355 1694 θῐ
2385 1631 2667 1736 ἓρριτξιιξξη
2698 1638 2997 1736 Isafttfllim
3023 1719 3036 1736 _
3061 1638 3220 1729 "tum
3283 1625 3691 1736 ρξεηξιεμξςξξιί

302 1731 402 1793 dia
434 1715 822 1805 constrictus,
854 1733 950 1795 hic
982 1715 1226 1815 prorsus
1285 1753 1402 1795 non
1453 1715 1693 1796 habebit
1725 1745 1949 1816 partem

2038 1721 2332 1802 accipere,
2369 1728 2428 1781 et
2459 1721 2496 1781 il
2524 1720 2575 1780 ic
2595 1718 2837 1781 thalami
2856 1720 2937 1779 tui
2983 1717 3171 1797 gloria
3212 1715 3467 1796 perfrui,
3492 1715 3690 1777 viden-

301 1839 563 1883 mecum.
598 1824 736 1884 Haec
767 1821 897 1897 tibi,
932 1809 1354 1903 cumini-sus
1406 1822 1561 1885 Deus
1617 1809 1861 1905 ρει-ἠοε
1889 1825 1950 1886 in
2036 1818 2153 1871 tem
2183 1818 2238 1871 te
2254 1809 2440 1871 Deum
2466 1827 2660 1870 meum
2684 1809 2742 1870 in
2764 1826 3002 1868 omnem
3022 1809 3437 1869 aeternitatem.
3472 1809 3685 1869 Amen.

301 1911 483 1975 horas
518 1910 760 1973 occinit.

379 1998 463 2061 Ac
485 1999 535 2060 si
561 2000 754 2078 placet
774 1999 1013 2062 aliunde
1038 2018 1279 2081 quoque
1327 2001 1706 2082 perspicuum
1729 2002 1832 2064 tibi
1858 2002 1947 2064 fa-

298 2088 476 2169 ciam,
493 2088 591 2150 hic
615 2088 717 2149 tibi
743 2096 925 2150 totum
947 2107 1194 2169 regnum
1213 2090 1498 2154 caelorum
1534 2092 1949 2172 accipiendum

302 2195 455 2250 esse,
482 2178 533 2238 si
562 2187 691 2259 post
712 2177 937 2239 obitum
961 2177 1022 2240 in
1047 2180 1103 2239 id
1125 2178 1356 2258 ingredi
1376 2181 1771 2259 concupiscis.
1800 2182 1952 2244 Audi

297 2266 518 2328 iterum
550 2266 629 2326 im
655 2265 1335 2348 parabollsloquen'em.
1362 2267 1629 2348 Regnum
1662 2270 1947 2334 cmlorum

302 2355 399 2417 cui
433 2355 634 2418 simile
663 2355 857 2417 dicam
886 2360 912 2416 ?
943 2356 1229 2420 Attende.
1265 2356 1474 2419 Simile
1507 2358 1562 2419 ei
1591 2376 1773 2437 grano
1796 2363 1951 2421 sina-

297 2444 389 2526 pis
411 2445 569 2526 quod
594 2446 772 2507 homo
792 2444 1083 2527 quispiam
1135 2455 1470 2527 acceptum,
1497 2448 1644 2509 sevit
1683 2450 1742 2509 in
1780 2450 1948 2511 horto

300 2550 413 2595 suo
449 2541 508 2594 et
539 2534 1015 2615 comprehendit,
1067 2541 1125 2596 et
1173 2553 1377 2597 revera
1425 2534 1484 2597 in
1516 2535 1789 2599 arborem
1825 2557 1946 2599 ma-

301 2640 481 2702 gnam
513 2640 579 2683 se
629 2623 862 2683 sustulit
917 2623 996 2686 96.
1033 2622 1139 2685 Dic
1197 2633 1258 2685 tu
1309 2625 1431 2705 jam
1464 2625 1561 2705 qui
1600 2626 1725 2688 haec
1756 2627 1946 2699 audis,

2596 1912 2851 1975 CAPUM
2895 1908 3100 1971 XVIII.

2038 2000 2295 2076 Qualem
2329 2008 2603 2082 Oporteat
2629 2019 2750 2063 esse
2779 1998 3159 2073 monac/mm,
3187 2015 3316 2077 qua
3339 1999 3472 2076 ejus
3503 1997 3684 2074 actio,

2596 2089 2650 2144 et
2685 2082 2794 2161 qui
2824 2096 3124 2141 ascensus.

2118 2181 2347 2243 Animae
2377 2189 2491 2242 tuae
2512 2179 2754 2240 domum
2779 2180 2867 2239 fac
2894 2176 3198 2257 palatium,
3227 2174 3383 2255 quod
3417 2172 3686 2235 Christus

2034 2269 2447 2331 universorum
2509 2287 2612 2329 rex
2665 2266 2989 2328 inhabitet:
3040 2264 3128 2325 fac
3173 2273 3371 2325 autem
3413 2261 3684 2342 lacrymis

2030 2358 2412 2435 stillantibus,
2464 2356 2801 2437 ejulatibus,
2838 2352 3379 2427 lamentationibus,
3415 2369 3681 2429 genuum

2033 2446 2415 2522 ﬂexionibus,
2451 2444 2750 2508 etcrebris
2768 2443 3105 2524 gemitibus,
3124 2442 3520 2504 simonachus
3550 2456 3686 2501 vere

2038 2537 2279 2611 μονάζων
2312 2552 2445 2595 esse
2473 2536 2580 2596 vis.
2646 2533 2816 2594 Tunc
2866 2551 2982 2593 non
3041 2531 3160 2593 eris
3190 2531 3447 2609 μονάζων,
3480 2528 3539 2589 id
3570 2537 3681 2600 es"

2034 2623 2363 2698 solitarius,
2401 2642 2537 2685 nam
2570 2642 2704 2686 cum
2737 2640 2878 2701 rege
2931 2619 3298 2682 versaberis:
3338 2619 3458 2680 eris
3487 2626 3684 2681 autem

292 2711 571 2792 quisnam
604 2722 693 2773 est
718 2730 967 2791 granum
990 2714 1139 2775 istuc
1160 2721 1188 2776 ?
1232 2714 1373 2792 quid
1399 2732 1531 2776 esse
1563 2714 1705 2776 il'ud
1733 2726 1898 2795 putas
1920 2716 1951 2776 ε)
2036 2714 2275 2789 μονάςων
2305 2712 2634 2774 secundum
2692 2730 2821 2786 nos,
2868 2719 2931 2771 ut
2960 2710 3061 2791 qui
3120 2709 3193 2772 ab
3253 2707 3597 2771 hominibus
3627 2717 3687 2769 et

294 2800 390 2862 dic
423 2798 638 2876 libere,
672 2802 894 2882 alioqui
925 2821 1032 2881 ego
1083 2801 1299 2870 dicam.
1365 2811 1421 2864 et
1478 2805 1783 2866 veritatem
1820 2805 1950 2866 elo-
2033 2800 2256 2863 mundo
2285 2801 2562 2863 universo
2595 2809 2901 2881 separatus
2928 2800 3033 2881 sis,
3086 2798 3244 2880 quod
3304 2807 3392 2859 est
3422 2797 3684 2877 legitime

293 2908 465 2970 quar.
499 2892 740 2953 Certum
773 2898 861 2951 est
888 2909 1137 2970 regnum
1197 2891 1481 2953 caelorum
1541 2911 1781 2955 vocasse
1810 2914 1948 2975 gra-
1977 2891 2276 2975 _p.ovi§ew
2313 2910 2326 2950 :
2392 2893 2516 2953 Iteo
2570 2898 2766 2951 autem
2805 2897 2862 2949 et
2920 2887 3042 2967 regi
3123 2888 3505 2967 conjuuctus,
3567 2904 3684 2947 uon

294 2968 461 3039 num.
482 2977 642 3040 Istud
660 2994 856 3040 autem
878 2968 1123 3058 granum
1149 2988 1241 3042 est
1264 2980 1712 3061 diviniSpiritus
1737 2968 1944 3063 31-5113,
1969 2968 2008 3018 (ἶ
2033 2980 2294 3055 μονάζων,
2313 2979 2414 3041 sed
2437 2978 2701 3040 omnium
2726 2985 3063 3039 sanctorum
3091 2977 3310 3051 socius,
3336 2975 3683 3055 angelorum

292 3068 505 3129 hortus
526 3086 628 3130 cor
645 3068 1111 3149 uniuscujusque
1128 3069 1387 3133 hominis
1412 3070 1568 3145 ;ubi,
1594 3071 1692 3152 qui
1722 3073 1952 3154 accepit
2032 3068 2344 3129 convictor.
2352 3064 3683 3147 justorumcontubcrualis,elrevcraomnium

290 3155 596 3237 spiritum,
630 3157 774 3218 serit
801 3157 944 3218 illud
978 3166 1032 3219 et
1092 3159 1376 3235 contegit,
1435 3158 1863 3243 absconditque
1886 3162 1947 3224 in
2031 3157 2357 3218 caelestium
2391 3158 2651 3220 cohzeres
2700 3158 2942 3218 ell'ectus
3009 3174 3091 3217 es.
3144 3154 3268 3228 Quo
3302 3154 3486 3234 igitur
3515 3162 3684 3234 pacto

291 3244 523 3306 intimis
578 3244 931 3322 visceribus,
961 3257 1024 3310 ut
1055 3265 1229 3309 nemo
1262 3247 1477 3324 videat,
1532 3258 1591 3311 et
1620 3268 1753 3311 cum
1787 3251 1949 3312 omni
2032 3248 2294 3323 μονάζων,
2329 3246 2427 3327 qui
2457 3245 2538 3307 ibi
2564 3246 2733 3307 vitam
2768 3245 2961 3307 ducis.
3024 3245 3125 3307 ubi
3171 3244 3485 3306 celebritas
3516 3262 3680 3305 mar-

291 3333 614 3396 sedulitate
638 3334 914 3411 custodit,
953 3344 1017 3396 ut
1044 3340 1362 3415 germinet,
1397 3344 1457 3399 et
1483 3338 1659 3400 arbor
1697 3341 1950 3402 evadens
2033 3344 2245 3415 tyrum,
2268 3335 2368 3397 ubi
2387 3336 2605 3396 chorus
2630 3336 3049 3415 prophetarum
3075 3333 3491 3397 etdivinorum
3539 3352 3685 3414 apo-

291 3423 446 3484 ccelo
473 3441 538 3484 se
571 3423 755 3485 tollat.
789 3421 852 3487 Si
884 3434 947 3486 tu
977 3425 1262 3500 afﬁrmas,
1331 3445 1450 3488 non
1508 3428 1626 3502 hic,
1683 3429 1786 3490 sed
1816 3438 1947 3509 post
2033 3423 3677 3503 stoloratm,ibiinnumerabilisjustorum,episcoporum,

291 3519 549 3572 mortem
581 3530 787 3574 omnes
818 3523 1166 3594 accepturos
1191 3534 1437 3593 regnum
1464 3516 1592 3594 Dei,
1617 3518 1718 3598 qui
1746 3518 1802 3579 id
1830 3518 1949 3579 fer-
2030 3514 2517 3594 patriarcharum,
2546 3514 2917 3593 aliorumque
2932 3522 3273 3574 sanetorum
3296 3511 3636 3593 frequentia
3656 3514 3685 3572 ?

291 3609 503 3661 venter
533 3600 808 3681 diligunt,
871 3602 978 3664 Dei
1028 3622 1095 3665 ac
1146 3603 1467 3667 Salvatoris
1523 3607 1709 3669 nostri
1768 3607 1947 3670 verba
2030 3602 2139 3676 Qui
2171 3620 2307 3664 vero
2338 3602 2515 3664 etiam
2542 3601 2841 3663 Christum
2876 3601 2934 3661 in
2998 3621 3063 3662 se
3115 3600 3474 3662 habitantem
3507 3599 3677 3680 gerit,

288 3689 536 3778 evertis.
565 3688 688 3751 Nisi
708 3691 864 3752 enim
885 3696 1450 3773 acceperisgranum
1471 3696 1717 3777 sinapis,
1741 3697 1943 3778 dequo
2028 3692 2208 3753 dicite
2240 3690 2405 3762 mihi,
2442 3691 2739 3771 quomodo
2774 3689 2870 3751 hic
2914 3690 3076 3751 solus
3120 3707 3257 3778 esse
3304 3689 3419 3749 dici
3439 3694 3684 3778 potest?

293 3777 467 3851 dixit,
496 3778 610 3839 nisi
641 3779 702 3841 id
735 3779 795 3840 in
848 3781 1018 3843 horto
1080 3792 1178 3843 tuo
1237 3783 1481 3858 severis,
1518 3776 1802 3848 sementis
1832 3776 1942 3849 ex-
2030 3783 2176 3844 Nam
2210 3800 2343 3843 cum
2377 3779 2610 3841 Christo
2645 3798 2777 3840 meo
2830 3797 2944 3840 una
2996 3786 3085 3839 est
3116 3776 3307 3841 Pater.
3343 3787 3397 3838 ct
3429 3776 3684 3858 Spiritus

293 3884 436 3946 pars
466 3885 675 3928 manes
701 3869 966 3932 omnino.
1002 3869 1166 3941 Quod
1227 3871 1279 3932 si
1325 3872 1501 3933 etiam
1564 3893 1765 3936 semen
1801 3875 1944 3937 illud
2030 3876 2294 3929 sanctus.
2322 3867 2391 3928 Et
2420 3868 2521 3947 qui
2577 3870 2813 3929 tandem
2861 3866 3047 3940 solus,
3093 3866 3192 3946 qui
3243 3865 3453 3939 tribus,
3488 3874 3548 3925 ut
3580 3865 3680 3925 uni

282 3955 536 4036 jeceris,
572 3964 630 4017 et
657 3957 745 4018 vel
797 3958 984 4038 spinis
1038 3961 1441 4041 suﬂ‘ocaveris,
1494 3966 1579 4022 vel
1614 3963 1819 4025 avibus
1847 3984 1944 4026 ra-
2030 3957 2337 4038 copulatus
2369 3955 2507 4018 est?
2536 3954 2664 4016 Non
2688 3965 2777 4016 est
2818 3955 3001 4029 solus,
3046 3954 3146 4035 qui
3184 3955 3303 4016 Deo
3331 3962 3421 4016 est
3453 3954 3676 4025 unitus,

299 4044 583 4123 piendum
619 4046 974 4126 prodideris,
1008 4057 1108 4110 aut
1168 4049 1528 4130 negligentia
1585 4059 1679 4113 tua
1710 4053 1943 4114 hortum
2032 4047 2266 4108 etiamsi
2298 4045 2457 4106 solus
2487 4056 2599 4125 est,
2638 4056 2689 4107 et
2725 4044 2992 4125 quamvis
3047 4043 3105 4103 in
3157 4043 3497 4117 solitudine,
3532 4051 3586 4104 et
3621 4046 3678 4104 in

295 4152 415 4221 non
442 4133 748 4212 rigaveris,
776 4143 832 4196 et
853 4155 1099 4214 granum
1132 4148 1308 4219 rupta
1332 4140 1541 4201 tel7ure
1566 4159 1683 4201 non
1717 4141 1949 4221 prodie-

2038 4144 2199 4196 antro
2231 4135 2425 4214 degat.
2457 4134 2644 4206 Quem
2677 4134 2726 4194 si
2761 4132 3137 4204 noninvenit,
3159 4132 3206 4193 si
3232 4152 3347 4192 non
3382 4133 3674 4213 cognovit,

289 4220 392 4293 rit,
422 4222 990 4301 nongerminaverit,
1012 4246 1125 4287 non
1153 4227 1402 4288 fructum
1423 4228 1645 4299 tulerit,
1673 4220 1946 4307 agedum,
1972 4225 2085 4290 Dsi
2116 4243 2232 4285 non
2296 4224 2523 4304 accepit
2583 4232 2768 4285 totutu
2827 4221 3192 4282 iucaruatum
3254 4221 3355 4283 Dei
3388 4220 3676 4295 Verbum,

288 4310 473 4372 dicito
501 4331 631 4392 quae
663 4311 765 4372 tibi
798 4332 865 4374 ex
902 4315 1008 4376 hac
1039 4315 1292 4377 statione
1345 4319 1649 4397 proveniet
1681 4319 1947 4380 utilitas?

292 4400 545 4472 Quando
568 4409 789 4473 autem,
823 4412 881 4463 et
913 4422 1029 4484 quo
1090 4404 1206 4466 alio
1268 4414 1534 4486 tempore
1592 4415 1637 4468 si
1674 4428 1790 4470 non
1825 4409 1945 4476 hic.

289 4507 498 4579 semen
534 4490 803 4570 accipis?
835 4494 968 4554 Post
995 4503 1267 4577 mortem,
1320 4494 1534 4575 inquis.
1558 4496 1674 4558 Sed
1707 4497 1970 4579 aberras,

286 4576 365 4639 ab
396 4596 467 4639 eo
497 4578 650 4658 quod
670 4580 987 4642 estrationi
1011 4591 1501 4647 consentaneum.
1525 4586 1828 4665 Interrogo
1865 4594 1943 4659 te,

294 4666 576 4744 quoniam
615 4666 674 4727 in
698 4668 866 4729 horto
896 4678 1033 4732 tunc
1057 4670 1206 4731 istuc
1229 4690 1475 4746 granum
1506 4674 1941 4735 terraeabs'on-

295 4755 404 4814 des
427 4757 456 4815 ‘.’
485 4774 739 4836 quonam
775 4757 977 4818 labore
1035 4760 1217 4831 coles,
1248 4770 1310 4821 ut
1335 4761 1606 4823 eliciatur
1637 4762 1773 4824 inde
1805 4765 1946 4825 her-

297 4843 553 4904 bescens
582 4864 649 4906 ex
685 4865 754 4907 eo
776 4846 1042 4909 viriditas
1070 4849 1099 4907 ?
1122 4848 1273 4910 Vere
1308 4850 1385 4910 mi
1410 4849 1611 4926 frater,
1635 4852 1941 4932 deceptus,

297 4938 359 4991 et
388 4933 601 5012 plenus
632 4934 855 4996 erroris
886 4955 971 4998 es.
1014 4936 1136 4998 Hoc
1188 4937 1348 4999 enim
1410 4945 1643 5019 tempus
1673 4958 1944 5020 operum,

295 5021 583 5101 futurum,
619 5042 971 5086 coronarum
1007 5035 1117 5089 est.
1152 5025 1260 5087 Hic
1288 5037 1345 5088 tu
1376 5027 1770 5089 arrhabonem
1803 5049 1943 5092 seu-

293 5110 510 5191 pignus
539 5111 767 5192 accipe,
819 5114 963 5175 dixit
1015 5114 1349 5191 Dominus;
1401 5117 1499 5179 hic
1549 5118 1804 5194 sigillum
1841 5138 1944 5180 seu

293 5208 492 5259 notam
528 5218 708 5279 cape;
738 5201 860 5280 jam
897 5205 1075 5267 modo
1105 5205 1320 5268 anima:
1346 5212 1455 5268 tua:
1478 5206 1811 5287 lampadem
1845 5227 1944 5269 ac-

2034 4316 2148 4376 heu
2181 4313 2309 4374 me!
2339 4312 2677 4393 neutiquam
2734 4318 2790 4372 et
2841 4311 3197 4372 monachus:
3252 4311 3354 4372 sed
3388 4312 3546 4386 μόνος
3576 4329 3676 4374 so-

2032 4407 2146 4481 lus,
2180 4424 2214 4466 a
2246 4408 2366 4468 Deo
2392 4412 2722 4484 separatus,
2760 4412 2814 4463 et
2873 4402 3175 4482 sejunctas
3199 4401 3491 4464 videlicet.
3527 4401 3678 4475 Quin

2034 4496 2208 4556 etiam
2243 4492 2533 4574 singulari
2564 4502 2851 4567 nostrum,
2884 4493 2981 4573 qui
3001 4495 3109 4554 hoc
3126 4493 3321 4555 animo
3352 4512 3577 4553 sumus.
3605 4493 3678 4553 ah

2033 4584 2167 4644 aliis
2196 4582 2541 4644 hominibus
2569 4582 2812 4643 nmninn
2867 4582 3190 4653 dissociati,
3244 4591 3299 4643 et
3331 4601 3540 4643 otunes
3577 4601 3677 4642 or-

2033 4673 2212 4753 phani
2244 4689 2313 4733 ac
2344 4672 2593 4734 desolati
2634 4691 2860 4752 sumus,
2882 4671 3111 4733 tametsi
3137 4671 3502 4734 habitatione
3535 4692 3679 4732 cou-

2023 4763 2194 4842 jungi
2222 4762 2511 4832 videmur,
2540 4772 2593 4823 et
2614 4762 2932 4822 multorum
2955 4761 3371 4841 aggregatione
3394 4763 3549 4822 inter
3573 4780 3679 4821 uos

2033 4852 2290 4914 misceri.
2329 4851 2540 4912 Animo
2573 4850 2729 4912 enim
2763 4860 2819 4911 et
2851 4868 3100 4928 corpore
3160 4850 3411 4929 sejuncti
3444 4869 3673 4927 sumus,

2032 4942 2186 5023 quod
2218 4959 2350 5003 esse
2381 4958 2581 5001 verum
2619 4958 2776 4999 mors
2799 4939 3079 5018 ostendit,
3108 4940 3677 5018 ttuumquemqueab

2033 5030 2241 5093 amicis
2272 5043 2325 5093 ct
2364 5029 2627 5109 cognatis
2657 5028 2964 5088 divellens.
3023 5037 3081 5088 et
3122 5028 3220 5109 qui
3246 5029 3678 5108 nuncdiligun-

2033 5130 2154 5196 tur,
2187 5138 2392 5181 eorum
2454 5117 2718 5179 omnium
2778 5117 3132 5178 oblivionem
3182 5119 3461 5179 afferens-
3491 5119 3589 5180 Sic
3621 5127 3681 5181 et

2031 5228 2168 5279 nox,
2202 5218 2263 5270 et
2294 5225 2561 5279 somnus,
2595 5214 2651 5266 et
2680 5205 2945 5266 actiones
2976 5205 3122 5265 vitae.
3182 5207 3673 5269 consotiattonem

287 5288 501 5369 cende,
541 5289 887 5371 priusquam
922 5293 1335 5375 contenebret,
1392 5295 1733 5376 priusquam
1769 5296 1940 5357 (lau-
2028 5301 2187 5358 mu't'
2213 5316 2368 5369 rum,
2405 5306 2462 5356 ut
2495 5301 2958 5357 consentaneum
3022 5301 3129 5363 est.
3184 5294 3528 5356 dissolvunt.
3567 5296 3676 5369 Qui

286 5377 503 5438 dantur
532 5386 716 5459 portae
745 5378 1157 5445 obeundorum
1213 5401 1483 5464 operum.
1537 5382 1596 5446 Si
1632 5384 1813 5468 sapis,
1845 5386 1940 5450 hic
2026 5395 2224 5450 autem
2252 5404 2357 5467 per
2389 5386 2661 5448 virtutem
2687 5383 2893 5445 cellam
2922 5400 3084 5443 suam
3110 5383 3328 5447 caelum
3352 5385 3513 5468 fecit,
3540 5395 3593 5447 et
3619 5389 3674 5450 iu

365 5600 431 5651 ’θ
462 5602 664 5666 Matth.
700 5621 825 5676 xut,
861 5607 959 5667 3t.
