4112 6106
430 245 547 310 543

1740 247 2041 310 SYMEON
2054 247 2124 309 IS
2162 249 2190 308 J
2205 247 2307 310 UN
2316 247 2516 310 IORIS

3679 246 3788 310 544

407 398 476 440 ea
507 379 724 442 sedens
752 378 1092 440 Creatorem
1125 379 1256 440 caeli
1291 386 1348 440 et
1379 387 1552 441 terras
1579 379 1936 458 considerat,
1997 387 2112 440 etA
2141 399 2256 440 non
2291 389 2555 459 possunt,
2591 399 2699 442 nec
2731 389 2961 444 exserto
2993 380 3186 461 capite
3216 379 3404 445 libero
3438 381 3568 444 caeli
3597 399 3776 461 aspe-

409 468 577 532 videt
606 475 662 529 et
692 467 918 542 odorat,
953 477 1012 529 et
1059 487 1297 548 semper
1326 477 1416 530 est
1463 488 1596 529 cum
1644 468 1871 530 lumine
1899 468 2055 532 inac-

409 576 604 635 cesso,
639 557 862 619 lumine
894 557 1025 619 sine
1055 576 1289 631 occasu,
1351 557 1579 620 lumine
1622 558 1752 619 sine
1782 575 2050 639 vespera,

409 667 442 709 a
473 666 588 728 quo
647 667 766 708 non
783 647 1099 722 divellitur,
1135 647 1338 728 procul
1357 647 1598 708 omnino
1645 666 1759 709 non
1783 666 2051 711 remove-

414 750 534 808 tur,
562 755 679 798 non
713 736 834 810 die,
868 752 988 798 non
1020 744 1214 811 nocte,
1252 756 1368 797 non
1393 737 1452 797 in
1480 737 1636 814 cibo,
1662 755 1778 800 non
1803 736 1862 800 in
1887 748 2051 820 potu,

411 827 515 890 sed
547 845 657 888 nec
687 827 748 888 in
779 844 1010 902 somno,
1043 833 1142 888 aut
1199 826 1436 900 itinere,
1487 836 1589 890 aut
1635 828 1696 888 in
1730 828 2055 890 mutatione

413 915 571 988 loci;
605 914 705 976 sed
739 921 802 977 ut
833 914 1021 990 vivus,
1081 916 1160 976 ita
1214 926 1504 995 mortuus,
1567 917 1708 990 imo,
1745 925 1807 979 ut
1837 918 2056 979 clarius

417 1007 633 1085 dicam,
667 1005 924 1066 animam
951 1023 1195 1085 prorsus
1223 1007 1285 1066 in
1307 1005 1730 1086 sempiternam
1754 1006 1840 1068 illi
1870 1007 2057 1070 adest.

416 1094 728 1170 Quomodo
760 1094 919 1156 enim
945 1112 1162 1174 sponsa
1191 1113 1223 1156 a
1242 1113 1485 1174 sponso,
1511 1103 1608 1157 aut
1632 1097 1719 1157 vir
1745 1096 1820 1158 ab
1853 1116 2060 1172 uxore,

417 1184 512 1247 cui
534 1184 844 1263 colligatus
867 1189 957 1244 est
975 1185 1186 1264 semel,
1201 1187 1283 1260 sej
1295 1184 1430 1263 ungi
1450 1185 1632 1263 possit
1655 1192 1682 1248 ?
1708 1187 2056 1266 Legislator,

415 1274 767 1352 cedolegem
797 1291 912 1333 non
936 1273 1238 1336 servabit?
1275 1273 1386 1346 Qui
1435 1273 1600 1354 dixit,
1635 1275 1916 1339 Etemnt
1945 1277 2064 1339 duo

416 1365 484 1426 in
513 1381 693 1425 carne
720 1379 846 1424 una
868 1361 948 1436 97,
982 1363 1279 1443 quomodo
1311 1381 1443 1423 cum
1477 1363 1601 1443 ipsa
1633 1365 1872 1440 spiritus
1905 1385 2056 1427 unus

2138 476 2234 530 ctu
2257 469 2392 531 frui.
2425 469 2616 550 Atque
2637 469 2791 530 istud
2823 478 2936 544 est,
2971 470 3128 549 quod
3187 469 3321 531 illos
3351 471 3512 550 angit
3545 479 3603 532 et
3633 489 3776 531 con-

2137 558 2351 631 tristat,
2382 559 2539 638 quod
2572 559 2872 621 Christum
2896 566 3089 620 totum
3134 577 3252 620 non
3283 559 3508 634 vident,
3545 559 3778 621 tametsi

2138 653 2323 708 totum
2353 647 2552 710 vident
2582 666 2595 710 :
2631 666 2743 709 nec
2775 666 2807 708 e
2829 648 3082 710 vinculis
3113 647 3384 728 corporis
3406 667 3470 710 se
3502 647 3780 727 expedire

2137 746 2384 816 queunt,
2429 737 2661 799 etiamsi
2717 735 3200 818 perturbationis,
3263 745 3319 798 et
3368 738 3532 799 omni
3579 755 3778 798 rerum

2138 826 2351 888 affectu
2391 834 2601 888 vocent
2634 844 2647 888 :
2683 826 2788 888 sed
2819 845 2853 887 a
2884 826 3084 887 multis
3141 825 3318 887 liberi
3366 844 3434 887 ac
3466 826 3666 906 soluti,
3709 826 3778 886 ab

2140 935 2257 976 uno
2285 915 2642 978 retinentur.
2699 915 2868 978 Alius
2915 915 3075 975 enim
3119 915 3320 976 multis
3352 915 3602 977 vinculis
3633 933 3778 976 con-

2146 1005 2382 1066 strictus
2411 1015 2522 1082 est,
2573 1024 2682 1069 nec
2738 1004 2811 1066 ab
2871 1005 2991 1066 illis
3038 1005 3237 1065 multis
3295 1023 3360 1066 se
3417 1005 3678 1068 solutum
3710 1003 3781 1065 iri

2147 1103 2367 1175 sperat.
2393 1093 2503 1168 Qui
2525 1103 2720 1157 autem
2764 1094 2997 1156 vincula
3018 1093 3275 1174 plurima
3294 1094 3652 1174 abrumpere
3679 1113 3782 1174 po-

2145 1185 2275 1260 tuit,
2305 1193 2363 1246 et
2392 1185 2585 1246 adhuc
2606 1184 2680 1246 ab
2707 1203 2825 1244 uno
2873 1183 3219 1261 impeditur,
3275 1184 3407 1264 plus
3436 1184 3568 1245 aliis
3599 1184 3779 1257 dolet,

2147 1283 2207 1337 et
2235 1275 2432 1336 abillo
2461 1293 2698 1355 quoqne
2745 1282 2809 1336 ut
2847 1272 3166 1346 eximatur,
3211 1273 3478 1333 studiose
3509 1271 3608 1333 dat
3637 1289 3781 1352 ope-

2145 1381 2297 1446 ram,
2329 1373 2392 1426 ut
2421 1364 2571 1425 liber
2593 1371 2890 1443 appareat,
2916 1371 2978 1423 ut
2999 1361 3263 1440 gaudens
3295 1361 3782 1441 incedat,utcum

417 1472 534 1514 non
568 1450 726 1514 erit?
757 1453 822 1515 In
851 1453 976 1512 viro
1026 1453 1184 1512 enim
1219 1452 1451 1526 mulier,
1481 1453 1540 1513 in
1577 1453 1824 1516 muliere
1853 1456 1961 1530 vir,
1999 1463 2058 1518 et
2137 1454 2513 1516 festinatione
2543 1455 2614 1515 ad
2640 1473 2774 1515 eum
2801 1452 3228 1532 proﬁciscatur,
3259 1469 3437 1531 quem
3476 1449 3782 1511 desidera-

417 1543 616 1604 anima
647 1545 705 1602 in
737 1543 878 1612 Deo,
907 1550 966 1602 et
991 1543 1142 1602 Deus
1181 1542 1241 1602 in
1271 1542 1470 1604 anima
1507 1542 1730 1623 unitur,
1755 1551 1814 1604 et
1840 1563 2056 1625 cogno-
2136 1543 2237 1616 vit,
2273 1545 2440 1623 cujus
2470 1561 2646 1626 causa
2699 1543 2842 1603 item
2891 1540 3147 1601 vinculis
3207 1539 3427 1600 exsolvi
3458 1538 3782 1600 contendit.

417 1633 604 1695 scitur
628 1632 690 1692 in
720 1630 939 1692 sanctis
969 1629 1267 1694 omnibus.

500 1722 597 1784 Sic
636 1720 918 1782 uniuntur
947 1719 1094 1796 Deo,
1129 1719 1230 1801 qui
1265 1739 1371 1801 per
1399 1721 1803 1800 paenitentiam
1835 1725 2064 1786 animas

424 1829 562 1873 suas
595 1813 652 1871 in
683 1812 793 1872 hac
823 1811 937 1871 vita
966 1818 1286 1890 purgantes
1337 1813 1614 1873 monachi
1657 1813 1824 1887 ﬁunt,
1852 1816 2065 1876 semmi

421 1901 492 1961 ab
524 1900 678 1971 aliis,
713 1899 931 1979 quique
961 1917 1200 1960 sensum
1224 1900 1445 1964 Christi
1469 1901 1792 1981 accipiunt,
1818 1905 1988 1983 cujus
2009 1912 2065 1966 et

423 2009 489 2051 os
519 1998 654 2050 sunt
686 1997 743 2051 et
774 1989 972 2068 lingua
1001 2007 1033 2049 a
1065 1989 1380 2051 mendacio
1436 1990 1631 2052 aliena
1659 1998 1766 2064 est,
1788 2013 1921 2054 cum
1951 2013 2066 2075 qua

420 2081 662 2142 Patrem
717 2079 1182 2156 omnipotentem
1251 2077 1650 2160 alloquuntur,
1708 2090 1766 2143 et
1812 2083 2066 2145 clamant

423 2186 691 2250 semper:
734 2166 781 2230 Ο
813 2170 1007 2241 Pater,
1042 2185 1074 2227 ο
1126 2166 1272 2241 Rex,
1324 2177 1382 2228 et
1439 2169 1724 2231 Conditor
1773 2172 2060 2236 omnium.

422 2256 642 2319 Horum
671 2256 822 2318 cella
849 2257 1060 2318 ccelum
1102 2264 1212 2330 est,
1246 2257 1480 2336 ipsique
1510 2258 1618 2331 sol,
1657 2266 1714 2320 et
1743 2259 1944 2321 lumen
1978 2270 2067 2323 est

2086 1631 2316 1696 Blllum
2347 1633 2525 1711 igitur
2581 1631 2795 1710 singuli
2853 1632 3043 1690 solum
3099 1636 3466 1708 expetamus;
3525 1627 3627 1707 qui
3686 1645 3790 1686 nos

2145 1725 2343 1786 levare
2394 1723 2520 1784 istis
2576 1720 2826 1782 vinculis
2887 1725 3125 1798 potest;
3186 1716 3352 1776 illum
3420 1726 3784 1796 exoptemus,

2146 1813 2336 1893 illum,
2370 1814 2540 1892 cujus
2563 1808 3005 1892 pulchritudine
3025 1805 3217 1868 omnis
3240 1805 3514 1884 cogitatio
3541 1814 3599 1866 et
3623 1824 3790 1867 mens

2147 1902 2535 1984 obstupescit,
2571 1918 2816 1981 quaeque
2835 1899 3093 1958 animam
3123 1914 3361 1984 omnem
3399 1895 3697 1969 vulnerat,
3733 1902 3790 1955 et

2147 1991 2498 2070 quibusdam
2531 1989 2662 2051 aliis
2690 1989 2760 2049 ad
2814 1985 3159 2047 charitatem
3211 1983 3505 2057 subvehit,
3563 1992 3785 2044 etcum

2145 2079 2269 2143 Deo
2299 2080 2358 2140 in
2391 2097 2568 2142 omne
2613 2096 2798 2140 aevum
2847 2074 3151 2137 consociat
3193 2081 3368 2152 atque
3397 2072 3785 2150 conglutinat.

2229 2169 2352 2242 Eia,
2385 2169 2594 2230 fratres
2641 2166 2780 2239 mei,
2829 2164 2898 2224 ad
2959 2163 3114 2224 hunc
3173 2161 3509 2222 actionibus
3541 2161 3787 2222 currite.

2148 2259 2254 2321 Eia
2283 2257 2481 2329 amici,
2516 2255 2830 2334 exsurgite.
2856 2252 2938 2315 Ne
2992 2249 3350 2332 posteriores
3383 2252 3538 2312 ferre
3571 2249 3789 2312 velitis.

426 2346 486 2407 in
514 2347 660 2426 ipsis
689 2364 989 2426 nunquam
1045 2345 1345 2424 occidens,
1399 2364 1468 2408 ac
1509 2346 1792 2421 divinum,
1823 2349 1976 2429 quod
2011 2357 2070 2411 et
2152 2349 2238 2409 Ne
2266 2366 2368 2408 vos
2399 2346 2646 2407 nimium
2692 2351 2980 2413 amantes,
3037 2339 3217 2429 nobis
3251 2337 3680 2429 obloquamini.
3710 2337 3797 2398 Ne

425 2454 664 2498 omnem
695 2436 996 2496 hominem
1032 2435 1448 2496 venientemin
1475 2436 1630 2497 hunc
1661 2426 1969 2513 mundum,
1999 2457 2069 2499 ex
2151 2437 2452 2499 afﬁrmetis
2506 2433 2875 2515 impossibile
2926 2427 3115 2490 videri
3184 2426 3471 2508 Spiritum
3525 2435 3792 2489 sanctum

427 2523 653 2605 Spiritu
683 2532 889 2584 sancto
945 2532 1219 2585 renatum
1278 2524 1665 2586 illuminat’S.
1727 2526 1851 2588 Nox
1907 2528 2066 2589 enim
2151 2526 2445 2606 accipere.
2481 2526 2567 2586 Ne
2616 2522 2817 2595 dicite,
2873 2519 3095 2600 absque
3150 2517 3279 2596 ipso
3340 2517 3593 2606 salutem
3622 2535 3798 2597 posse

427 2631 546 2673 non
577 2621 666 2674 est
689 2612 750 2673 in
781 2611 923 2692 illis,
947 2631 1057 2673 nec
1089 2633 1202 2693 quo
1225 2613 1284 2674 in
1315 2613 1489 2674 modo
1512 2615 1632 2692 ﬁat,
1657 2615 1858 2677 dicere
1886 2635 2064 2696 queo.
2155 2605 2303 2676 dari.
2335 2613 2420 2675 Ne
2449 2613 2649 2678 dicite.
2683 2627 3038 2692 quemquam
3088 2608 3263 2696 hujus
3314 2605 3643 2696 inscienter
3671 2624 3802 2668 esse

430 2702 662 2764 Horreo
688 2701 846 2762 enim
876 2704 1016 2762 dum
1066 2703 1191 2763 haec
1216 2702 1322 2763 tibi
1378 2702 1597 2786 scribo,
1632 2712 1690 2764 et
1719 2694 2074 2783 cogita—tione
2157 2703 2528 2784 participem.
2559 2701 2645 2763 Ne
2696 2701 2897 2774 dicite,
2951 2695 3260 2786 Deumab
3312 2694 3654 2786 hominibus
3685 2714 3800 2754 non

424 2791 554 2869 ipsa
585 2790 862 2851 tremisco
897 2810 910 2850 :
949 2790 1054 2851 sed
1086 2791 1272 2852 doceo
1306 2799 1383 2866 te,
1417 2783 1716 2872 quomodo
1749 2802 1806 2854 et
1831 2813 1944 2874 qua
1971 2813 2070 2855 ra-
2156 2783 2366 2855 videri.
2400 2794 2484 2853 Ne
2528 2790 2730 2862 dicite,
2784 2787 3056 2848 homines
3108 2783 3375 2874 divinum
3432 2784 3632 2844 lumen
3678 2802 3802 2874 non

428 2879 590 2942 tione
620 2879 835 2956 vivant,
870 2881 969 2961 qui
1000 2880 1122 2942 Deo
1176 2870 1460 2957 serviunt,
1499 2891 1556 2942 et
1595 2882 1762 2943 illum
1794 2870 1911 2963 prae
1942 2903 2072 2944 om-
2157 2881 2397 2958 videre;
2431 2879 2606 2942 autid
2639 2879 2731 2939 his
2760 2875 3123 2956 temporibus
3151 2873 3618 2963 ﬁerinongposse
3675 2870 3797 2963 Ne-

431 2969 604 3031 nibus
630 2969 1210 3050 inquisitum,solum
1234 2971 1612 3052 invenerunt,
1637 2961 1826 3034 solum
1852 2973 2128 3065 dilexe-C
2156 2988 2446 3065 quaquam
2495 2974 2571 3030 ita
2638 2975 2748 3046 est,
2781 2965 2956 3028 amici
2982 2985 3019 3064 ;.
3050 2964 3168 3025 imo
3226 2961 3557 3065 volentibus
3587 2961 3791 3059 .etiam

429 3047 930 3139 τυηι;(ιυὸη]οάο
961 3047 1608 3139 εὸιὶροηῐιουειεῑίουώ
1649 3068 1866 3124 statum
1895 3047 2324 3135 uniti,ufacile
2354 3068 2482 3120 est:
2520 3058 2620 3120 sed
2673 3056 2744 3117 iis
2811 3057 2908 3136 qui
2964 3054 3144 3114 vitam
3195 3070 3228 3112 a
3278 3047 3794 3139 perturbationum

433 3167 566 3208 cum
598 3137 723 3208 solo
755 3148 888 3220 soli,
914 3137 1179 3228 quam—vis
1218 3148 1277 3209 in
1328 3150 1624 3230 frequenti
1682 3151 1918 3230 populo,
1955 3151 2074 3211 sint
2153 3149 2501 3210 tumultibus
2533 3153 2833 3207 vacantem
2867 3151 2931 3235 et
2965 3143 3230 3204 sedatam
3287 3148 3468 3235 agunt
3499 3147 3558 3200 et
3586 3137 3804 3235 quibus

433 3235 600 3316 quasi
619 3235 834 3298 relicti.
864 3224 1114 3298 Hi‘enim
1157 3256 1363 3299 revera
1391 3224 1525 3298 sunt
1552 3224 1847 3310 monachi,
1885 3248 1940 3300 et
1961 3240 2072 3300 so'i
2157 3239 2288 3320 puri
2320 3238 2607 3299 mentium
2625 3234 2970 3297 oculLAliis
2995 3242 3374 3320 peccatorum
3399 3224 3799 3320 immunditize

442 3327 776 3401 μονάζοντες,
812 3326 910 3407 qui
942 3345 1076 3388 cum
1110 3327 1236 3388 solo
1271 3331 1414 3397 Deo,
1453 3330 1591 3390 etin
1623 3328 1746 3390 Deo
1772 3329 1906 3404 soli,
1930 3329 2074 3389 nudi
2155 3317 2478 3392 caecitatem
2509 3326 2761 3406 pariunt,
2797 3343 2926 3405 qua)
2957 3332 3014 3384 et
3045 3321 3140 3382 hic
3184 3328 3242 3381 et
3304 3319 3425 3381 illic
3459 3317 3658 3407 divino
3691 3333 3792 3376 eos

433 3406 888 3493 cogitationibus
912 3424 968 3476 et
998 3416 1330 3496 omnigenis
1387 3417 1570 3493 animi
1617 3419 2067 3496 agitationibus:
2157 3418 2382 3480 lumine
2414 3416 2748 3497 privabunt,
2780 3423 2838 3474 et
2890 3411 3037 3473 mihi
3084 3409 3332 3482 credite,
3394 3408 3455 3467 in
3515 3406 3713 3486 ignem
3747 3413 3802 3468 et

431 3503 1124 3566 solumintuenturDeum
1144 3507 1293 3586 apud
1317 3507 2078 3586 animum,cogitantes,nec
2159 3508 2432 3569 tenebras
2463 3505 2718 3568 mittent.
2744 3502 2974 3578 Videte,
3010 3499 3186 3562 amici
3213 3497 3425 3586 qualis,
3460 3516 3638 3586 quam
3675 3497 3800 3586 pulf

433 3585 2074 3677 cogitautesinﬁxinimiruminlumine,quemadmodum
2160 3598 2325 3671 cher,
2351 3595 2424 3655 sit
2456 3593 2764 3656 Dominus.
2795 3591 2922 3665 Eia,
2975 3607 3050 3650 ne
3081 3585 3449 3649 conniveatis
3485 3585 3703 3659 animo,
3731 3585 3800 3645 ad

435 3684 689 3746 telumin
707 3685 2077 3768 pariete,autsre!laincaelo,autnescioquoalio
2163 3695 2381 3748 terram
2408 3683 2787 3761 ascipientes.
2821 3680 2950 3753 Eia,
2987 3698 3061 3768 ne
3091 3678 3248 3768 curis
3281 3689 3657 3768 terrenorum
3692 3691 3800 3768 ne-

437 3775 634 3837 modo.
671 3762 1091 3837 Verumtamen
1126 3783 1186 3836 ut
1214 3775 1529 3855 quemdam
1589 3762 2076 3838 lucidum-thala-
2160 3775 2742 3862 gotiorumetOpum,
2767 3781 2824 3832 et
2844 3762 3803 3862 cupiditategloriaecc-cupemini,

435 3887 598 3930 mum
623 3867 887 3928 habitant
914 3867 1094 3928 cellas
1121 3852 1280 3941 suas,
1343 3879 1402 3928 et
1431 3886 1496 3928 se
1526 3867 1586 3928 in
1612 3869 1761 3930 ccelo
1789 3867 2081 3930 arbitran-
2162 3852 2566 3925 uthoclumen
2587 3859 2717 3922 vitae
2743 3869 2978 3920 aeterna:
2991 3852 3360 3935 relinquatis.
3380 3852 3569 3931 Agite,
3591 3852 3804 3941 venite,

438 3967 534 4018 tur
555 3957 771 4018 vivere.
803 3955 955 4016 Num
986 3963 1180 4016 autem
1231 3939 1367 4017 vere
1419 3955 1706 4031 habitent,
1739 3956 2077 4028 considera,
2161 3953 2358 4026 amici,
2394 3969 2650 4022 mecum,
2683 3957 2741 4010 et
2770 3967 2909 4024 uua,
2947 3964 3064 4006 non
3096 3944 3335 4024 quidem
3377 3959 3652 4031 corpore,
3691 3939 3806 4031 sed

437 4055 494 4108 et
516 4047 691 4108 ﬁdem
726 4045 962 4108 habeto.
995 4045 1122 4106 Non
1147 4046 1307 4106 enim
1331 4055 1466 4107 sunt
1505 4046 1564 4107 in
1599 4027 1778 4120 terra,
1815 4047 2081 4125 quamvis
2163 4041 2359 4103 anima
2380 4038 2632 4102 etcorde
2654 4038 2975 4129 elevemur,
3000 4035 3059 4129 in
3081 4029 3662 4129 humilitatembono

439 4143 596 4197 terra
621 4144 964 4214 teneantur;
1000 4136 1102 4196 sed
1137 4135 1195 4194 in
1229 4135 1452 4196 lumine
1494 4137 1725 4196 venturi
1762 4118 1961 4196 ste-culi
1992 4138 2082 4195 vi-
2166 4131 2326 4192 mino
2357 4129 2770 4220 acclamantes,
2834 4122 3232 4220 misericordi,
3284 4129 3341 4181 et
3375 4119 3498 4220 .soli
3539 4118 3807 4220 begnino

439 4234 602 4301 xunt,
638 4226 697 4286 in
729 4245 846 4305 quo
881 4207 1145 4285 habitant
1179 4233 1234 4284 et
1261 4224 1630 4285 iuambulant
1655 4224 1869 4303 angeli,
1905 4243 1938 4285 a
1967 4244 2081 4306 quo
2166 4223 2308 4288 Deo,
2337 4217 2648 4280 etomnino
2668 4215 2970 4306 exaudiet,
3024 4212 3265 4306 omnino
3311 4207 3720 4306 miserebitur,
3755 4213 3813 4306 et

436 4297 766 4393 rapiuntur
807 4313 1175 4392 Principatus
1226 4321 1285 4374 et
1336 4313 1681 4380 Potestates.
1734 4297 2412 4382 7l‘hroni'etoomnino
2468 4305 2844 4397 revelabitur,
2905 4301 3233 4397 et_o_mnino
3286 4319 3350 4397 se
3384 4297 3716 4397 patefaciet.
3753 4301 3810 4354 et

441 4385 895 4464 deinaliones
927 4385 1136 4462 omnes
1164 4403 1616 4466 conﬁrmantur.
1646 4402 1716 4464 Et
1748 4421 2081 4483 quanquam
2171 4399 2370 4459 lumen
2402 4415 2575 4486 suum
2600 4394 2861 4486 lucidum
2896 4390 3067 4486 nobis
3097 4388 3388 4486 ostendet.
3423 4385 3574 4486 Quid
3605 4401 3807 4462 ἔτεινεν

442 4490 598 4552 Deus
625 4490 945 4570 requiescit
999 4490 1057 4550 in
1105 4489 1328 4552 sanctis
1379 4491 1520 4558 suis,
1588 4478 1784 4553 tamen
1842 4478 2084 4554 in'Deo
2166 4485 2535 4575 minimisergi
2565 4483 2705 4575 quid
2752 4481 3071 4575 pigramini
3103 4487 3131 4541 ’ἶ
3175 4478 3323 4575 Quid
3374 4478 3643 4575 requiem
3676 4491 3814 4533 cor-

442 4579 630 4641 sancti
663 4567 884 4653 vivunt,
919 4587 976 4639 rt
1001 4587 1332 4653 moventur,
1362 4579 1732 4641 ambulantes
1755 4580 1814 4640 in
1835 4579 2081 4654 lumine,
2169 4575 2347 4654 poris,
2385 4581 2442 4634 et
2472 4571 3100 4664 gloriaminhonoram
3128 4577 3184 4664 et
3207 4567 3542 4664 ingloriaui,
3572 4567 3810 4664 inanem

441 4669 602 4730 velut
634 4687 813 4746 super
829 4667 1188 4747 pavimento.
1224 4668 1484 4730 Mirandi
1517 4687 1638 4748 res,
1671 4677 1944 4749 tanquam.
1973 4689 2068 4730 an-

2169 4649 2226 4725 et
2255 4649 2829 4724 vanam'mavultis?
2883 4658 3031 4730 Quid
3095 4657 3272 4717 vitam
3326 4652 3523 4753 virtuti
3555 4649 3814 4753 deditam

444 4758 582 4837 geli,
624 4766 680 4818 et
710 4739 1134 4818 ﬁlii-Altissimi
1168 4766 1295 4837 post
1327 4765 1575 4820 mortem
1608 4739 1807 4829 erunt,
1844 4759 1926 4818 dii
1952 4777 2083 4820 cum
2171 4773 2302 4814 esse
2334 4752 2606 4822 otlosam,
2643 4757 2702 4810 et
2735 4767 2946 4810 vacare
2976 4744 3377 4837 sollicitudine
3408 4739 3656 4837 dicitis?
3688 4739 3818 4800 Non

445 4847 567 4908 Deo
597 4845 881 4918 viventes,
907 4863 1040 4908 cum
1073 4863 1142 4905 eo
1173 4845 1276 4925 qui
1308 4854 1516 4906 natura
1572 4856 1682 4918 est,
1746 4846 1802 4906 hi
1853 4847 1953 4926 qui
1987 4863 2090 4926 per

445 4934 826 5014 adoptionem
861 4933 1086 4994 similes
1111 4933 1166 4995 ei
1197 4934 1330 4995 facti
1354 4942 1512 4995 sunt.
1541 4933 1664 4996 Hoc
1695 4943 1915 4995 tantum
1938 4952 2091 4995 nunc

444 5024 528 5085 illi
561 5025 797 5089 cedunt.
835 5022 993 5103 quod
1021 5041 1267 5102 corpore
1299 5022 1476 5084 vincti
1526 5031 1819 5098 tenentur,
1876 5041 2086 5102 eoque,

447 5115 564 5176 heu
593 5113 880 5188 velantur,
918 5120 975 5174 et
1005 5111 1383 5188 obteguntur,
1417 5120 1482 5174 ut
1533 5113 1633 5193 qui
1663 5116 1720 5173 in
1753 5111 2092 5175 carceribus

446 5202 626 5265 vincti
655 5202 1092 5281 custodiuntur,
1125 5201 1226 5282 qui
1257 5201 1468 5275 solem,
1505 5212 1562 5263 et
1593 5199 1790 5262 radios
1835 5200 1965 5280 ejus
1990 5217 2095 5279 per

445 5291 712 5354 foramen
746 5291 1150 5370 ingredientes
1204 5291 1570 5371 perspiciunt
1599 5290 1864 5370 quidem,
1898 5290 2089 5368 ipsum

445 5391 644 5444 autem
675 5387 860 5441 totum
895 5380 1118 5456 videre,
1154 5388 1212 5440 et
1260 5379 1550 5460 speculari
1574 5378 1841 5441 custodia
1869 5376 2094 5457 egressi

531 5550 588 5600 Ξῖ
617 5549 761 5609 Gen.
802 5566 863 5624 ιι,
897 5549 994 5617 24.
1080 5547 1317 5610 3310a"
1380 5568 1418 5624 1,
1448 5550 1507 5611 9-

2171 4842 2252 4904 ita
2284 4850 2394 4920 est,
2427 4841 2657 4911 fratres,
2712 4857 2826 4898 non
2879 4845 2993 4909 est,
3048 4855 3122 4895 ne
3173 4832 3410 4895 erretis.
3455 4829 3572 4920 Sed
3605 4846 3818 4907 quem-

2174 4917 2490 4992 admodum
2522 4926 2622 5006 qui
2653 4927 2828 4986 vitam
2853 4927 3196 4988 saecutarem
3247 4927 3446 5000 agunt,
3481 4917 3824 5006 habentque

2177 5037 2410 5089 uxores,
2433 5004 2745 5087 etliberos,
2795 5023 2852 5075 et
2891 5013 3148 5086 divitias,
3195 5031 3262 5073 ac
3288 5007 3677 5090 temporalem
3704 5004 3828 5083 glo-

2175 5109 2326 5169 riam
2359 5110 2664 5185 appetunt,
2711 5103 2971 5164 studium
3015 5101 3323 5179 adhibent,
3372 5105 3430 5159 et
3457 5101 3728 5185 currunt,
3764 5101 3830 5185 ut

2177 5181 2453 5277 opinioni.
2474 5212 2597 5253 suae
2623 5181 2980 5254 satisfaciam
3015 5209 3028 5253 :
3058 5191 3136 5251 ita
3161 5206 3396 5270 quoque
3416 5184 3614 5277 omnis
3628 5181 3825 5265 pinni—

2179 5274 2334 5359 tens,
2367 5291 2424 5345 et
2456 5285 2578 5346 Deo
2609 5282 2874 5345 serviens
2931 5281 3215 5343 festinare
3255 5277 3458 5350 debet,
3503 5282 3559 5336 et
3583 5274 3646 5336 in
3675 5292 3829 5334 con—

2180 5375 2344 5441 tinua
2375 5371 2780 5436 sollicitudine
2837 5370 3082 5445 versari,
3117 5366 3417 5451 quomodo
3447 5365 3576 5446 ejus
3631 5361 3827 5446 pceni-
