4112 6106
313 264 427 328 545

291 275 427 390 ι545
1432 275 1871 340 DIVINORUM
1915 278 2241 343 AMORUM
2286 280 2536 343 LIBER.
3564 287 3683 353 546

319 394 479 495 entia
505 395 609 458 ﬁat
635 399 1018 495 acceptabilis
1045 401 1443 495 perfectaque,
1478 414 1535 466 et
1565 408 1686 468 Deo
1726 408 1942 487 placita
1962 420 2003 466 Α
2025 409 2211 471 solum
2230 410 2439 473 cellam
2461 412 2799 489 occludere,
2823 423 2881 476 et
2902 415 3060 476 intus
3081 417 3293 480 sedere
3322 441 3338 495 ;
3387 420 3492 482 sed
3511 422 3564 484 si
3592 423 3677 484 vel

293 484 567 560 servitus,
598 489 747 548 Tum
773 487 895 550 Deo
957 509 1025 550 ex
1058 492 1151 552 his
1209 493 1443 572 penitus
1471 484 1803 561 familiaris.
1833 517 1938 578 pe-
2025 499 2206 560 eﬂ‘osa
2235 501 2414 562 humo
2474 520 2567 562 me
2625 502 3017 578 abscondero,
3075 515 3135 569 et
3187 506 3269 568 ibi
3316 484 3491 571 vitam
3520 519 3684 573 extra

299 572 462 634 nitus
485 574 540 635 ei
573 575 796 653 unitur,
830 577 1148 659 ipsumque
1198 589 1336 642 ante
1383 584 1586 644 oculos
1643 572 1943 662 intuetur;
2029 588 2310 649 mundum
2347 597 2532 651 totum
2567 592 2789 665 vixero,
2825 593 3239 675 aspiciensque
3286 600 3680 662 immortalem

299 672 701 744 quantumque
723 666 1006 729 voluntati
1029 669 1416 749 ejus_morem
1450 689 1665 748 gerere
1695 682 1944 736 conten-
2029 675 2404 738 Conditorem
2421 698 2489 741 ac
2514 680 2857 762 Dominum,
2878 666 3007 762 ejus
3021 666 3223 746 amore
3249 687 3395 748 mori
3414 689 3676 765 voluero,

299 752 405 825 dit,
444 761 670 815 tantum
702 755 815 817 sibi
846 758 998 838 apud
1029 778 1164 820 eum
1202 761 1479 822 ﬁduciam
1512 782 1579 824 ac
1606 764 1945 826 libertatem
2030 765 2228 827 sciens
2286 787 2382 829 me
2432 769 2633 849 utique
2692 790 2808 832 non
2845 752 3268 838 'niortiturum.
3323 775 3474 849 Quid
3504 752 3684 856 igitur

301 841 514 923 sumit;
549 843 706 924 quod
741 845 966 906 utinam
1010 856 1066 908 et
1096 867 1204 909 nos
1253 850 1444 911 facere
1498 871 1854 926 mereamur,
1891 862 1948 914 et
2029 855 2324 917 commodi
2355 841 2610 918 mund-us
2637 859 2779 919 mihi
2806 860 3043 923 attulit?
3067 871 3125 922 et
3163 864 3302 942 quid
3339 885 3498 929 nunc
3528 841 3679 931 lucri

300 929 766 993 misericordiam
815 933 1134 1014 impetrare
1178 957 1312 998 cum
1373 940 1653 1002 omnibus
1703 943 1942 1016 sanctis,
2028 943 2314 1020 referunt,
2351 949 2446 1024 qui
2484 946 2542 1006 in
2602 948 2824 1009 mundo
2887 929 3466 1028 degunt?-Profecto
3494 955 3680 1033 nihil;

300 1037 457 1126 npnc
489 1021 729 1126 quidem
763 1033 1036 1102 quantam
1073 1031 1129 1087 in
1185 1028 1296 1089 hac
1353 1029 1466 1089 vita
1518 1031 1754 1110 assequi
1781 1032 1940 1106 licet,
2031 1032 2139 1126 sed
2168 1021 2400 1126 n_udi_in
2434 1036 2723 1115 sepulcris
2746 1021 3029 1114 habitant,
3055 1051 3483 1124 resurgentque
3504 1021 3671 1126 nudi,

298 1106 419 1169 illic
452 1117 645 1170 autem
680 1110 975 1173 Christum
1040 1123 1251 1190 totum,
1316 1136 1382 1178 ac
1440 1125 1627 1178 totum
1661 1106 1943 1199 Spiritum
2031 1106 2535 1214 etjudicabuntur
2568 1143 2814 1202 omnes;
2862 1106 3026 1207 quia.
3055 1106 3261 1190 veratri
3313 1106 3510 1207 vitam,
3539 1106 3676 1214 quia

297 1196 358 1256 in
418 1199 591 1259 Patre
672 1217 1105 1282 consequamur
1180 1206 1238 1266 in
1323 1207 1538 1267 saecula
1595 1196 1945 1269 saeculorum
2027 1196 2220 1271 lucem
2269 1211 2494 1288 mundi,
2558 1196 3186 1297 Christum-inquam,
3241 1196 3670 1302 relinquenles,

300 1285 516 1350 Amen.
2033 1299 2366 1363 dilexerunt
2389 1285 2684 1378 tenebras,
2711 1315 2767 1366 et
2787 1309 2844 1366 in
2869 1285 3337 1386 ipsisambulare
3368 1285 3677 1392 elegerunt

903 1436 1145 1498 CiPUT
1188 1437 1339 1500 XIX.
2288 1392 2385 1471 (Ιυί
2419 1392 2609 1454 lucem
2644 1415 2759 1500 non
2815 1406 3189 1500 receperunt,
3245 1419 3380 1500 qua.
3409 1402 3584 1500 fulsit
3615 1406 3674 1464 in

958 1478 1024 1498 ττι
1052 1478 1088 1498 υ
1111 1478 1136 1498 ι
1190 1478 1339 1500 ωλι·
2033 1478 2272 1553 mundo,
2299 1500 2475 1560 quam
2503 1483 2757 1545 mundus
2782 1504 2900 1546 non
2955 1489 3128 1566 capit,
3183 1478 3293 1553 nec
3331 1490 3533 1554 videre
3560 1512 3670 1573 po-

297 1570 376 1626 De
402 1571 1134 1654 intellectualirevelatione
1176 1579 1530 1654 {auctionum
1585 1581 1765 1654 divini
1793 1582 2005 1654 θωπί-η
2031 1573 2146 1627 test
2172 1567 2250 1630 99.
2278 1567 2563 1640 Quocirca
2592 1572 2936 1653 relinquite,
2971 1575 3113 1636 sinit
3135 1596 3228 1638 me
3252 1579 3464 1654 solum.
3493 1582 3673 1644 obse-

366 1642 681 1742 fiequﬁ
727 1645 939 1742 diuina,
974 1639 1710 1742 fthﬁqc'q‘ap‘inio-rcfrnitur
1738 1655 1947 1711 actione
1969 1639 2006 1686 Β
2031 1672 2151 1730 cro,
2178 1665 2240 1718 ut
2266 1639 2443 1720 ﬂeam
2467 1668 2524 1721 et
2541 1639 2838 1742 requiram
2887 1665 3064 1740 hunc,
3093 1673 3155 1726 ut
3197 1667 3370 1730 detur
3415 1670 3560 1732 mihi
3580 1671 3667 1732 vi-

367 1713 520 1771 ίιίίυδ
549 1718 699 1780 vim"
733 1733 856 1788 qua?
884 1734 1009 1775 cum
1038 1722 1238 1778 νίνίυτθ
1265 1723 1622 1793 ίναηείθίίαν·
2031 1743 2353 1826 deaturque
2382 1768 2416 1808 a
2447 1769 2541 1811 me
2587 1713 2848 1830 lalrgiter.
2898 1751 3025 1814 Non
3051 1714 3231 1818 ’enim
3283 1757 3512 1819 videtur
3534 1768 3668 1822 tan-

376 1837 565 1901 Sinite
592 1860 688 1903 me
720 1844 1594 1919 solum,cellaamea3iuclusum
1624 1866 1636 1910 :
1672 1849 1945 1910 dimittite

2035 1837 2354 1917 tummodo,
2377 1858 2492 1899 non
2514 1840 2703 1901 solum
2725 1849 3056 1920 spectatur;
3079 1845 3182 1905 sed
3201 1849 3673 1912 communicatur

301 1945 392 2016 me
422 1947 560 1989 cum
615 1934 760 2006 Deo,
793 1935 894 2012 qui
949 1933 1112 1994 solus
1159 1942 1248 1996 est
1296 1935 1628 2016 benignus;
1658 1937 1945 2014 absistite,

297 2009 532 2096 longius
549 2037 649 2080 vos
676 2009 978 2083 removete
1008 2043 1023 2098 ;
1058 2022 1235 2085 sinite
1270 2043 1365 2085 me
1418 2009 1624 2086 solum
1662 2026 1813 2086 mori
1843 2045 1946 2086 co-

297 2121 422 2164 ram
444 2105 592 2180 Deo,
615 2109 713 2188 qui
731 2109 898 2171 ﬁnxit
918 2129 1038 2172 me.
1062 2110 1248 2173 Nemo
1271 2113 1482 2174 ostium
1510 2112 1743 2193 pulset;
1773 2133 1947 2177 nemo

300 2211 504 2255 vocem
559 2197 788 2268 mittat;
843 2218 1018 2260 nemo
1069 2209 1446 2280 cognatorum
1506 2203 1949 2283 amicorumque

294 2300 390 2342 me
410 2283 581 2359 visat,
614 2305 789 2348 nemo
821 2301 1081 2351 mentem
1113 2309 1304 2352 meam
1357 2310 1391 2351 a
1445 2292 1949 2372 contemplatione

297 2369 438 2433 boni
467 2391 537 2434 ac
569 2375 826 2455 speciosi
883 2376 1120 2438 Domini
1176 2379 1475 2441 abstrahat
1517 2397 1530 2451 ;
1596 2369 1770 2440 nemo
1805 2380 1949 2441 mihi

2034 1922 2231 2014 etiam,
2260 1933 2317 1986 et
2337 1925 2563 1998 incolit,
2591 1937 2648 1991 et
2670 1940 2886 2007 manct,
2911 1940 2968 1994 et
3004 1939 3092 1993 est
3113 1941 3388 2014 tanquam
3423 1938 3671 2000 thesau-

2032 2029 2133 2073 rus
2161 2013 2219 2074 in
2264 2015 2394 2077 sinu
2445 2017 2862 2081 absconditus:
2909 2039 3086 2102 quem
3138 2013 3246 2103 qui
3277 2032 3489 2103 portat,
3514 2027 3673 2088 volu-

2033 2111 2250 2180 ptatem
2277 2106 2549 2186 percipit,
2582 2118 2642 2169 et
2667 2108 2767 2190 qui
2799 2109 2982 2186 videt,
3019 2112 3232 2189 gaudio
3264 2114 3513 2175 exsultat
3541 2115 3671 2178 exi-

2031 2191 2349 2273 stimatque
2376 2213 2509 2255 eum
2532 2199 2798 2276 quamvis
2819 2201 3171 2262 occultatum
3195 2200 3448 2263 cerniab
3473 2205 3672 2266 omni-

2032 2279 2164 2343 bus.
2199 2279 2313 2343 Sed
2346 2283 2518 2363 plane
2579 2304 2694 2346 non
2753 2287 3039 2363 cernitur,
3099 2308 3207 2351 nec
3264 2291 3568 2369 attingitur
3597 2292 3670 2355 ab

2032 2369 2332 2450 omnibus,
2365 2371 2490 2433 Non
2525 2374 2681 2436 hunc
2702 2377 2814 2452 fur,
2845 2395 2963 2437 non
2992 2377 3139 2439 latro
3170 2379 3474 2458 surripere
3497 2389 3672 2462 atque

296 2458 496 2521 cibum
555 2465 856 2544 porrigat;
919 2485 1093 2528 nemo
1138 2476 1337 2546 ροιυιη
1395 2469 1637 2530 afferat;
1699 2469 1952 2530 sufﬁciet
2035 2459 2266 2549 auferre
2297 2470 2510 2541 potest,
2545 2467 2916 2544 quantumvis
2943 2475 3272 2546 portantem
3289 2458 3670 2549 jugulaverit.

296 2549 454 2610 enim
493 2551 638 2613 mihi
674 2555 859 2615 emori
893 2555 953 2615 ίη
977 2565 1298 2637 conspectu
1330 2556 1434 2618 Dei
1477 2557 1744 2637 meimei
1769 2558 1952 2620 mise-
2035 2547 2096 2610 Si
2126 2567 2335 2629 rapere
2367 2552 2636 2630 voluerit,
2673 2556 3111 2637 quaerendoque
3151 2558 3412 2621 excutiat
3444 2579 3677 2622 marsu-

290 2637 570 2713 ricordis,
599 2641 704 2704 Dei
731 2644 994 2722 benigni,
1039 2646 1140 2724 qui
1181 2645 1242 2706 in
1289 2653 1478 2706 terras
1523 2645 1853 2722 descendit,
1889 2657 1945 2709 ut

2035 2637 2218 2716 pium,
2242 2648 2538 2702 scrutetur
2556 2644 2837 2720 tunicam,
2861 2644 3160 2725 cingulum
3186 2648 3394 2731 solvat,
3422 2668 3680 2731 eumque

295 2737 641 2805 peccatores
661 2742 920 2807 vocaret,
955 2741 1010 2795 et
1030 2753 1233 2796 secum
1271 2736 1328 2796 in
1355 2735 1538 2796 eosin
1572 2735 1743 2797 vitam
1779 2737 1952 2798 ccele-
2033 2726 2222 2788 libere
2250 2728 2530 2810 ίηάδϐθις
2562 2733 2610 2794 εί
2644 2734 2818 2796 etiam
2865 2735 3128 2797 (“558010
3177 2746 3380 2798 νθηῑΐθ
3422 2739 3674 2801 Timet“?

292 2825 441 2878 stem
479 2820 853 2898 perduceret,
887 2821 1034 2884 Νοιο
1091 2825 1286 2886 lucem
1342 2825 1550 2886 mundi
1604 2825 1801 2904 hujus,
1837 2845 1948 2888 nec
2029 2816 2278 2894 viscera,
2306 2818 2575 2882 invenire
2597 2840 2665 2882 ac
2683 2822 2886 2884 tollere
2903 2825 3244 2903 neutiquam
3270 2826 3672 2906 poterit.Nam

290 2905 490 2985 ipsum
521 2909 730 2984 solem,
760 2930 871 2973 nec
894 2931 1027 2992 qua;
1047 2912 1108 2974 in
1143 2913 1364 2974 mundo
1396 2921 1556 2993 sum,
1591 2915 1792 2975 videre
1822 2933 1946 2976 am-
2027 2907 2330 2996 eculorum
2356 2909 2617 2972 obtutum
2643 2913 2868 2990 effugit,
2897 2922 2954 2974 et
2975 2914 3250 2974 manibus
3274 2905 3389 2976 non
3414 2923 3678 2996 tenetur,

288 2994 471 3074 pnus,
509 2995 697 3060 Video
721 2991 976 3082 namqﬁe
1016 3001 1335 3063 Dominum
1389 2991 1612 3083 meum,
1649 3003 1820 3065 video
1849 3023 1944 3065 re-
1963 3018 2001 3067 c
2030 2991 2097 3054 Et
2125 3014 2255 3056 cum
2291 2997 2367 3058 sit
2387 3000 2827 3062 contrectabilis
2855 3002 3123 3083 omnino,
3148 3002 3324 3064 simul
3351 3014 3442 3064 est
3470 2991 3681 3067 incon:

291 3103 452 3163 gem,
488 3086 658 3151 video
700 3107 904 3151 verum
962 3091 1185 3167 lumen,
1241 3101 1299 3154 et
1355 3093 1642 3171 cujusque
1703 3093 1946 3154 luminis
2029 3083 2380 3147 tractabilis.
2415 3087 2838 3151 Verumtamen
2873 3097 3109 3151 tenetur
3133 3091 3403 3151 manibus
3436 3109 3671 3167 eorum,

292 3183 653 3238 creatorem.
687 3177 870 3240 Video
895 3182 1115 3241 fontem
1139 3181 1336 3243 omnis
1357 3180 1516 3282 boni.
1541 3179 1729 3280 Video
1750 3191 1946 3282 aucto-
2027 3171 2127 3251 (illi
2147 3172 2259 3272 Ῐξοε
2288 3174 2452 3253 digni
2480 3178 2892 3282 Sqqtﬁindisni
2905 3177 2982 3278 ἒιῙ)
3007 3181 3118 3282 δίζε
3143 3180 3464 3282 ἶδίξθδὲίίθλ
3485 3181 3681 3282 1³θ9ξ⁴

289 3280 423 3324 rem
457 3274 515 3325 et
545 3283 780 3328 causam
816 3287 1012 3330 rerum
1047 3269 1334 3332 omnium.
1376 3268 1560 3332 Video
1585 3269 1942 3351 principium
2029 3265 2222 3369 ξυθὶη
2245 3281 2422 3324 manu
2449 3265 2752 3366 quiddam,
2785 3267 3190 3369 (ξῐῐξίτδίευξυιη
3217 3271 3326 3369 inet
3355 3288 3480 3369 n_0l_l_
3505 3270 3675 3350 quid-

293 3351 579 3434 principii
610 3374 845 3435 expers
875 3377 907 3418 a
929 3377 1043 3438 quo
1067 3359 1352 3438 producta
1387 3366 1522 3420 sunt
1557 3349 1853 3435 universa,
1887 3369 1945 3422 et
2027 3349 2185 3438 dam,
2220 3370 2436 3414 nomen
2470 3356 2628 3416 enim
2662 3374 2779 3417 ηοη
2803 3357 2998 3419 Ιιὶώθιι
3057 3357 3355 3419 Attonitus
3387 3359 3584 3437 igitur.
3619 3369 3681 3422 ει

291 3458 405 3520 per
423 3461 601 3522 quem
625 3444 821 3507 vivunt
841 3447 1240 3527 alimentoque
1270 3447 1590 3526 implentur
1607 3449 1808 3508 omnia
1839 3467 1853 3525 ;
1888 3458 1944 3510 et

291 3530 470 3608 cujus
497 3532 788 3596 voluntate
817 3535 1100 3597 deficiunt
1128 3554 1198 3598 ac
1230 3536 1510 3596 desinunt
1540 3536 1759 3598 omnia.
1791 3536 1942 3609 Quo-

292 3620 474 3680 modo
504 3621 683 3699 igitur
705 3642 774 3684 eo
823 3624 1058 3685 deserto
1120 3624 1331 3686 cellam
1391 3643 1582 3684 meam
1619 3625 1944 3704 egrediar?

292 3705 484 3770 Sinite
515 3728 633 3780 me,
669 3720 724 3772 et
753 3711 1146 3793 lamentabor,
1199 3720 1258 3774 et
1287 3712 1607 3793 deplorabo
1654 3725 1859 3776 noctes
1892 3725 1950 3777 et

293 3795 448 3872 dies,
481 3817 628 3878 quos
657 3800 904 3879 perdidi,
967 3800 1106 3863 dum
1160 3802 1396 3863 inteuor
1438 3802 1729 3863 mundum
1760 3803 1942 3880 hunc,

291 3885 531 3946 intueor
560 3887 769 3963 solem,
805 3890 1038 3951 intueor
1067 3891 1268 3953 lumen
1293 3890 1498 3951 mundi
1529 3893 1641 3952 hoc
1667 3890 1776 3952 sub
1803 3911 1943 3952 sen-

2024 3437 2136 3500 hoc
2160 3441 2405 3520 cupiens
2433 3445 2714 3525 retinere,
2743 3448 3161 3526 constringens
3218 3465 3481 3523 manum,
3515 3448 3676 3510 visus

2025 3546 2154 3590 sum
2215 3540 2421 3594 tenere
2475 3541 2531 3594 et
2586 3535 2830 3609 habere,
2878 3537 3117 3616 vidique
3160 3555 3395 3598 rursum
3459 3537 3518 3597 in
3579 3555 3671 3612 ea,

2024 3617 2176 3696 quod
2213 3619 2400 3698 prius,
2431 3640 2464 3682 ο
2495 3622 2799 3685 inetl‘abile
2828 3624 3182 3686 miraculum
3212 3624 3226 3684 !
3256 3641 3290 3688 0
3324 3624 3669 3686 inusitatum

2035 3709 2376 3785 mysterium
2403 3711 2417 3769 !

2109 3794 2258 3867 Quid
2282 3797 2498 3860 frustra
2517 3817 2724 3861 omnes
2769 3801 3098 3877 turbamur,
3135 3800 3276 3881 quid
3309 3801 3666 3881 decipimus,

2027 3884 2166 3964 quid
2189 3886 2261 3947 ad
2293 3886 2494 3949 lumen
2526 3889 2638 3950 hoc
2669 3891 2824 3969 quod
2849 3889 3385 3969 sensuisubjicitur
3411 3889 3667 3972 hiamus,

294 3992 428 4035 sum
461 3974 705 4052 cadens,
737 3986 796 4039 et
819 3978 1229 4056 caliginosum.
1275 3980 1430 4058 quod
1491 3978 1750 4040 animam
1785 3980 1941 4042 haud
2025 3975 2130 4074 qui
2157 3993 2335 4036 sensu
2385 3976 2795 4078 intellectuali,
2847 3997 3094 4078 nempe.

290 4061 618 4145 illuminat,
651 4067 798 4127 citra
823 4067 982 4147 quod
1016 4067 1191 4128 etiam
1219 4067 1406 4128 oculis
1445 4067 1600 4146 capti
1628 4068 1849 4141 vivunt,
1885 4079 1942 4129 et
2023 4063 2132 4162 rati
2162 4063 2553 4164 sumus‘lQur
2580 4065 2652 4126 ad
2680 4084 2777 4164 res
2811 4066 2938 4166 vitae
2997 4067 3169 4166 hujus
3199 4066 3453 4128 caducas
3483 4076 3541 4168 et
3563 4087 3672 4168 .pe-

291 4169 430 4212 cum
449 4152 589 4214 hinc
605 4164 792 4217 morte
811 4156 1235 4229 discesserunt,
1253 4155 1758 4217 nuncvidentibus
1773 4175 1944 4236 pares
2027 4150 2636 4254 mutas-respicimus,
2664 4154 2798 4254 quin
2817 4155 3025 4254 anima,
3063 4155 3418 4254 incorporea
3468 4164 3527 4217 et
3559 4157 3671 4217 im-

295 4249 510 4314 erunt;
537 4242 598 4304 in
620 4263 734 4324 quo
757 4252 814 4307 et
836 4263 943 4325 ego
969 4244 1351 4324 vagabundus
1394 4243 1633 4306 laetabar
1654 4245 1946 4308 omnimo-
1965 4321 2007 4345 ἢ
2027 4240 2258 4345 mortali
2288 4260 2492 4341 δυηξῑιε
2523 4242 2750 4342 Ρΐωάξῑί
2768 4241 2800 4302 Ῡ
2822 4241 2974 4315 Ουίά
3011 4242 3123 4304 ista
3165 4243 3670 4345 a‘lmiralflur_00§

296 4328 414 4410 dis,
449 4349 516 4392 ac
542 4321 788 4412 prorsus
842 4321 1000 4395 aliud
1048 4321 1258 4394 lumen
1305 4351 1436 4394 esse
1485 4353 1602 4394 non
1637 4333 1937 4412 putabam,
1965 4321 2245 4409 θείυρίάί
2280 4329 2536 4433 Ρθηίίιξδ›
2570 4339 2652 4404 ei:
2682 4330 2871 4433 ίηὲῐδΐ
2919 4332 3501 4433 εεεεονυηιε,ιιοηάυε
3530 4333 3674 4433 rem

298 4420 454 4499 quod
489 4427 679 4483 etvita
709 4432 886 4497 esset,
943 4429 1006 4483 ut
1050 4423 1323 4497 diximus,
1384 4429 1441 4483 et
1469 4441 1644 4483 causa
1672 4425 1943 4485 essentiae
2028 4425 2087 4478 et
2145 4437 2410 4517 magnam
2472 4421 2624 4520 hanc
2707 4420 3036 4522 placentem
3109 4421 3341 4522 medico
3401 4439 3544 4522 auro
3574 4431 3673 4485 aut

298 4509 543 4570 omnino
578 4519 699 4572 tum
731 4513 859 4591 ejus
891 4513 1047 4593 quod
1097 4520 1206 4586 est,
1281 4519 1401 4572 tum
1437 4512 1566 4590 ejus
1598 4513 1755 4591 quod
1788 4515 1935 4574 erit:
2025 4507 2301 4612 pretiosae
2331 4509 2650 4589 magaritae,
2677 4517 2742 4570 ut
2761 4527 2889 4571 rem
2909 4510 3298 4610 aestimatione
3351 4512 3665 4612 majorem,

299 4615 580 4679 eramque
601 4603 754 4662 velut
777 4600 947 4676 ἄθεος,
975 4619 1107 4661 cum
1149 4601 1483 4678 ignorarem
1504 4599 1690 4660 Deum
1717 4619 1935 4661 meum.
2022 4595 2409 4699 anteferimus
2439 4616 2451 4660 :
2485 4615 2594 4699 nec
2622 4616 2862 4678 parvum
2894 4598 3120 4699 sinapis
3163 4617 3412 4699 granum
3448 4601 3668 4682 quaeri-

300 4684 469 4747 Nunc
498 4696 692 4750 autem
719 4697 1026 4770 postquam
1043 4688 1402 4768 complacuit
1422 4687 1730 4748 int-i‘fabilii
1754 4688 1938 4750 mise-
2028 4702 2178 4759 mUS,
2213 4685 2372 4765 quod
2402 4687 2678 4749 omnibus
2707 4706 2836 4768 qua
2865 4688 3051 4749 oculis
3102 4698 3480 4770 usurpentur,
3515 4708 3669 4771 quae-

302 4775 579 4838 ricordim
609 4777 796 4838 videri
839 4797 873 4838 a
916 4796 1011 4839 me
1065 4785 1122 4839 et
1167 4776 1418 4838 revelari
1471 4777 1616 4837 mihi
1675 4777 1942 4854 indigno,
2029 4790 2142 4852 que
2173 4775 2280 4836 sub
2302 4788 2608 4852 aspectum
2636 4796 2752 4837 non
2797 4779 3059 4858 veniunt,
3094 4778 3282 4857 majus
3317 4786 3492 4858 atque
3524 4796 3672 4855 prae-

304 4863 420 4925 vidi
456 4873 513 4927 et
535 4884 668 4927 vere
727 4867 992 4947 cognovi,
1054 4866 1247 4946 ipsum
1288 4865 1477 4927 Deum
1534 4865 1946 4927 universorum
2030 4862 3152 4941 stantiusest‘?Curnondamusomnia,
3173 4874 3230 4927 et
3255 4882 3668 4946 comparamus

302 4971 457 5030 esse,
496 4954 676 5017 Deum
726 4955 992 5017 omnium
1041 4973 1170 5036 quae
1215 4955 1276 5015 in
1311 4953 1534 5014 mundo
1577 4961 1734 5026 sunt,
1770 4971 1946 5034 quem
2033 4951 2311 5015 illud?et
2338 4973 2442 5017 cur
2489 4955 2600 5016 hoc
2647 4955 2913 5017 destituti
2960 4955 3020 5016 in
3072 4956 3190 5018 vita
3237 4954 3668 5016 manerevolu-

304 5059 480 5102 nemo
515 5043 818 5105 hominum
861 5045 1043 5119 vidit;
1078 5051 1240 5105 extra
1272 5043 1558 5103 mundum
1583 5042 1802 5122 quippe
1833 5051 1945 5116 est,
2035 5059 2164 5102 mus
2185 5041 2215 5102 ?
2240 5041 2477 5106 Credite
2507 5043 2676 5119 mihi,
2711 5045 2762 5105 si
2795 5044 2882 5105 vel
2913 5042 3128 5124 saepius
3159 5043 3308 5105 mori
3342 5044 3572 5117 liceret,
3606 5052 3669 5105 ut

303 5139 468 5192 extra
492 5132 685 5194 lucem
711 5152 779 5194 ac
811 5132 1108 5206 tenebras,
1143 5139 1307 5192 extra
1343 5147 1565 5206 aerem,
1594 5139 1757 5192 extra
1783 5149 1954 5191 men-
2035 5128 2188 5192 istud
2241 5150 2485 5212 parvum
2546 5151 2798 5212 granum
2850 5133 3319 5213 acquireremus,
3367 5150 3480 5193 non
3513 5139 3672 5193 esset

305 5229 425 5280 tem
458 5238 527 5282 ac
556 5239 797 5284 sensum
841 5239 1105 5284 omnem.
1160 5220 1353 5291 Quare
1396 5238 1503 5298 ego
1552 5237 1784 5299 quoque
1815 5236 1948 5280 eum
2032 5223 2362 5292 recusanda
2393 5221 2680 5284 conditio.

300 5308 533 5390 videns,
567 5329 600 5372 a
631 5311 908 5373 sensibus
937 5310 1078 5372 abii.
1140 5308 1290 5389 Ergo
1346 5327 1450 5370 vos
1497 5308 1712 5388 quibus
1741 5325 1951 5370 sensus
2032 5397 2046 5409 ‘
2111 5306 2212 5370 Vae
2236 5309 2371 5409 illis,
2408 5310 2509 5390 qui
2537 5309 2598 5371 id
2631 5312 2704 5409 in,
2744 5309 2879 5371 sinu
2930 5309 3142 5409 anima:
3173 5317 3528 5409 .s'atumOnon
3560 5309 3668 5370 ha-

299 5396 619 5482 imperant,
652 5420 747 5464 me
794 5402 1038 5464 missum
1091 5397 1286 5473 facite,
1344 5416 1414 5459 ac
1475 5396 1651 5460 sinite
1682 5414 1778 5459 me
1830 5415 1950 5459 non
2032 5397 2194 5476 bent,
2219 5399 2606 5462 vehementer
2625 5399 2825 5480 utique
2855 5397 3142 5462 esurient.
3173 5399 3274 5460 Vae
3303 5397 3404 5479 qui
3433 5397 3494 5460 id
3525 5415 3667 5477 ger-

2025 3975 2126 4053 qui
2157 3993 2335 4036 sensu
2387 3976 2795 4050 intellectuali,
2847 3997 3064 4058 nempe
3103 3978 3334 4038 ratione
3365 3977 3670 4041 condeco-

390 5569 448 5620 99
467 5570 641 5634 Joan.
673 5587 760 5650 Ill,
795 5571 871 5637 16
899 5589 1068 5654 seqq.
