4112 6106
439 263 552 328 547
1729 259 2063 325 SYMEONI

2174 257 2500 325 rUNIORIS
3684 271 3798 335 548

417 402 676 462 minasse
705 419 820 461 non
853 399 1146 473 viderunt,
1179 399 1456 479 quoniam
1516 397 1683 476 nudi,
1716 404 1779 458 ut
1824 393 2068 454 arbores
2089 398 2130 446 A
2153 392 2317 458 mine
2351 395 2584 476 penitus
2613 397 2975 460 intolerabili
3005 399 3281 462 habitas?
3320 399 3624 473 Quomodo
3670 420 3803 462 ma-

414 489 570 552 foliis
599 490 873 564 viduatae,
895 489 1150 550 stabunt.
1180 486 1607 568 Vaaquiverbis
1631 483 1868 548 Domini
1892 482 2069 543 fidem
2157 499 2307 544 nens
2336 484 2746 560 immutabilis,
2781 497 2842 550 et
2872 489 3116 550 omnino
3146 489 3207 551 in
3238 488 3633 566 accessibilis,
3683 491 3805 553 feni

416 599 534 641 non
565 579 965 653 commodant,
1025 587 1086 640 nt
1149 580 1272 639 haec
1331 576 1512 638 arbor
1567 576 1728 642 fiant.
1782 581 1840 634 et
1874 590 2070 634 ramos
2153 571 2543 634 substantiam
2575 574 2656 638 ita
2684 576 2972 657 custodis,
3003 585 3067 640 ut
3097 599 3213 640 uon
3240 579 3662 642 comburantur
3685 578 3804 641 ?Et

414 669 1109 749 erniuant,studjosaque
1162 675 1221 728 et
1263 675 1483 728 attenta
1516 680 1715 726 mente
1760 659 2061 742 quotidia-
2153 678 2401 723 manens
2433 663 2634 724 fenum
2688 665 2784 726 lux
2845 673 2954 746 est,
3010 686 3126 728 non
3185 677 3381 730 autem
3441 669 3538 730 lux
3594 668 3800 730 fenum

413 776 555 818 num
584 757 752 818 istius
785 757 948 837 parvi
977 759 1141 836 grani
1175 757 1608 817 incrementum
1643 759 1852 815 curent
1881 774 1895 822 ;
1922 769 2055 812 nam
2146 751 2409 823 est;.sed
2442 753 2576 814 l'eno
2608 759 2667 813 tu
2698 753 2798 816 lux
2829 755 2980 815 citra
3036 757 3447 818 confusionem
3473 775 3537 818 es
3568 757 3794 835 unitus,

414 847 543 927 ejus
573 847 904 908 efficientiae
936 846 1359 907 detrimentum
1388 844 1622 916 facient,
1652 846 1805 903 sicut
1825 858 2050 909 servus,
2142 846 2199 898 et
2230 838 2429 899 fenum
2480 842 2542 901 fit
2566 851 2628 903 ut
2656 842 2776 916 lux,
2803 851 3091 907 mutatum
3150 845 3622 907 immulabiliter.
3655 848 3793 909 Non

413 936 514 1016 qui
544 936 718 996 stulte
751 937 1035 996 talentum
1056 934 1278 995 defodit
1300 934 1382 994 30.
1409 933 1668 1005 Quorum
1702 932 1774 992 de
1808 947 2056 990 numero
2140 946 2293 1006 queo
2327 930 2448 991 haec
2480 940 2575 992 tua
2628 933 2897 994 miranda
2939 933 3179 996 silentio
3213 944 3444 1014 tegere:
3483 955 3601 996 non
3641 953 3790 1016 pos-

409 1043 520 1104 ego
553 1044 790 1106 quoque
822 1043 973 1099 sum,
1009 1023 1332 1102 negligens,
1369 1031 1425 1083 et
1454 1039 1693 1082 cessans
1713 1021 1972 1082 assidue.
2140 1034 2272 1076 sum
2308 1035 2425 1078 non
2477 1019 2637 1100 loqui
2691 1023 3084 1084 oeconomiam
3147 1032 3328 1098 tuam,
3389 1042 3563 1104 qnam
3595 1023 3795 1086 fecisti

492 1113 627 1184 Sed,
661 1133 694 1173 o
728 1113 1028 1173 individua
1056 1112 1335 1184 Trinitas,
1372 1131 1404 1171 o
1440 1110 2052 1184 inconqutunitas,o
2139 1122 2395 1191 mecum.
2457 1109 2558 1187 qui
2614 1127 2744 1169 sum
2797 1111 3076 1191 prodigus
3160 1120 3218 1172 et
3299 1112 3673 1188 fornicarius,
3733 1124 3826 1185 et~

408 1205 608 1266 lumen
640 1203 1071 1262 innominatum
1125 1210 1184 1261 nt
1243 1219 1482 1280 prorsus
1539 1218 1753 1261 carens
1785 1199 2052 1279 nomine,
2137 1189 2518 1272 benignitatis
2577 1205 2690 1258 tute
2761 1189 3182 1262 inexhaustum
3261 1201 3604 1262 thesaurum
3666 1221 3793 1262 non

408 1312 440 1354 o
466 1311 698 1354 rursum
741 1291 1057 1353 multorum
1109 1290 1415 1350 nominum
1455 1298 1514 1349 ut
1545 1307 1796 1368 operans
1826 1289 2048 1364 omnia,
2136 1299 2416 1344 enarrare
2447 1285 2721 1346 omnibus
2756 1306 3012 1369 nequeo,
3071 1290 3150 1351 mi
3192 1289 3580 1369 Redemptor.
3611 1289 3794 1351 Desi—

407 1405 440 1444 o
480 1399 594 1444 una
621 1380 826 1459 gloria,
865 1380 1248 1459 principium,
1276 1379 1558 1457 potentia,
1589 1397 1863 1457 regnum,
1898 1398 1930 1439 o
1963 1378 2046 1440 lu-
2133 1369 2279 1431 dero
2336 1376 2497 1435 enim
2557 1375 2844 1437 mundum
2905 1377 3245 1440 universum
3297 1397 3368 1439 ex
3425 1379 3537 1440 hoc
3591 1380 3792 1440 lucem

409 1490 566 1546 men,
603 1489 720 1531 una
751 1472 1042 1549 voluntas,
1075 1469 1394 1547 sententia,
1419 1477 1616 1542 nutus,
1653 1468 1738 1528 vis
1763 1477 1819 1528 et
1842 1467 2044 1550 virtus,
2132 1460 2426 1550 accipere,
2454 1471 2512 1524 et
2543 1465 2842 1527 neminem
2865 1485 3110 1546 prorsus
3137 1485 3205 1529 ea
3224 1486 3472 1529 vacuum
3499 1467 3788 1549 relinqui.

409 1579 502 1622 me
532 1560 813 1620 afflictum
846 1559 940 1638 pie
973 1545 1274 1619 miserare.
1312 1545 1420 1629 Qui
1453 1557 1613 1618 enim
1656 1577 1770 1618 non
1802 1545 2049 1638 affligar,
2139 1545 2559 1638 Verumtamen
2590 1553 2650 1613 in
2675 1572 2770 1615 me
2797 1545 3056 1634 Primum
3076 1557 3310 1636 “ligeto
3334 1575 3440 1619 ι’θΧ
3468 1545 3738 1619 omnium
3772 1580 3788 1630 ὅ

405 1651 505 1731 qui
539 1669 656 1710 non
690 1636 1008 1709 maerorem
1041 1646 1400 1728 concipiam,
1433 1646 1535 1728 qui
1577 1654 1796 1708 tantam
1829 1636 2354 1714 bonitaLBincole,
2415 1650 2472 1702 et
2528 1643 2797 1706 illumina
2868 1646 3160 1725 abjcctam
3240 1648 3500 1710 animam
3560 1667 3784 1725 meam,

405 1748 522 1801 rem
556 1749 614 1800 ρι
643 1738 1089 1799 miserationem
1151 1746 1308 1798 tuam
1361 1735 1718 1816 contempsi,
1767 1735 1867 1816 qui
1900 1738 2052 1799 riam
2138 1731 2389 1792 ostende
2421 1731 2565 1792 mihi
2588 1744 2793 1813 aperte
2819 1735 3063 1798 Deitatis
3088 1749 3201 1798 tua:
3243 1737 3478 1812 faciem,
3502 1740 3784 1800 etomni-

405 1829 816 1890 mandatorum
848 1836 1081 1892 tuorum
1115 1835 1229 1887 tam
1289 1826 1550 1904 segniter
1597 1835 1657 1886 et
1685 1825 1959 1900 remisse,
1995 1835 2053 1888 et
2136 1834 2212 1877 ῐιο
2243 1817 2622 1882 ίηνίείῦίιίίθι*
2668 1841 2888 1904 δρρθτθ
2942 1827 3111 1898 mihi.
3164 1826 3322 1888 Deus
3354 1845 3541 1888 meus-
3603 1828 3785 1890 Νυιιο

400 1917 693 1998 improbe,
728 1916 930 1978 infelix
959 1914 1304 1976 ambulavi?
1335 1915 1441 1975 sed
1493 1927 1550 1975 et
1599 1933 1757 1975 nunc
1787 1933 2047 1976 commo-
2133 1905 2291 1998 cuitu
2327 1908 2501 1998 m_0d0
2532 1909 2752 1973 videris
2781 1932 2815 1974 a
2864 1933 2978 1989 me,
3033 1915 3278 1976 omnino
3335 1924 3528 1977 tamen
3559 1935 3786 1998 appare

399 1995 1270 2083 veanturvisceratua,etnunc
1297 2003 2042 2076 misereremei,etzestum
2129 1995 2297 2055 mihi
2356 1995 2465 2068 QUi
2514 2001 2590 2061 ab
2641 2003 3021 2064 universitate
3069 2005 3201 2084 capi
3246 2023 3365 2065 non
3395 1995 3607 2085 potes,
3639 1995 3785 2068 vere

397 2095 594 2156 cordis
625 2094 741 2154 mei
772 2095 966 2154 denuo
1020 2093 1304 2164 accendet,
1361 2093 1590 2154 Christe
1640 2110 1829 2167 meus,
1864 2111 2039 2173 quem
2127 2101 2336 2162 parvus
2368 2088 2807 2166 quodammodo
2839 2093 2910 2153 ΠΒ
2926 2093 2987 2154 in
3021 2094 3294 2156 manibus
3318 2094 3488 2170 meis,
3516 2109 3575 2155 et.
3605 2094 3785 2156 labiis

397 2184 629 2244 misera;
661 2183 859 2244 carnis
919 2199 1067 2243 mete
1123 2180 1432 2240 dissolutio
1493 2179 1787 2261 exstinxit,
1852 2195 1910 2241 et
1941 2203 2041 2242 so-
2125 2173 2274 2235 meis
2309 2184 2368 2236 ιιι
2429 2176 2578 2239 liber
2639 2179 2926 2257 Ῑιιείάυιη,
2991 2192 3050 2245 ei
3106 2183 3360 2244 (illicedo
3417 2184 3672 2245 versaris
3718 2199 3784 2245 (ει

395 2291 592 2348 mnus,
631 2272 906 2332 saturitas
936 2269 1181 2349 ventris,
1217 2276 1274 2330 et
1325 2268 1443 2328 vini
1477 2269 1878 2348 ingurgitatio,
1914 2271 2040 2332 haec
2120 2281 2421 2337 coruscaS.
2457 2286 2490 2326 0
2544 2287 2758 2330 novum
2817 2272 3180 2350 mysterium,
3218 2272 3296 2333 ita
3348 2282 3406 2334 et
3437 2292 3594 2336 nunc
3624 2274 3779 2336 date

395 2370 578 2424 totum
609 2361 822 2421 animm
854 2378 998 2420 meae
1020 2360 1316 2420 flammam
1361 2359 1792 2432 exstinxerunt,
1829 2367 1886 2419 et
1913 2359 2040 2421 fon-
2122 2353 2290 2442 mihi,
2327 2363 2386 2414 Ui
2417 2362 2472 2415 ie
2503 2356 2702 2431 salier.
2741 2367 2800 2419 υι
2831 2360 3086 2434 οδευιθΐν
3152 2369 3211 2422 εί
3255 2361 3581 2442 amplectar
3612 2371 3770 2424 “iam

392 2460 535 2532 tem,
567 2449 986 2526 scaturiginem
1020 2448 1247 2509 scilicet
1275 2448 1712 2528 glacrymarum,
1769 2449 2036 2510 exsicca—
2116 2440 2363 2532 gloriam
2407 2443 2892 2523 inenarrabilem,
2945 2450 3146 2510 lumen
3180 2440 3371 2512 vultus
3402 2450 3508 2531 tui,
3568 2460 3626 2514 et
3659 2452 3772 2513 im-

389 2529 548 2600 runt.
582 2538 1004 2630 Etenim.calor
1036 2536 1232 2615 ignem
1264 2545 1528 2614 generat,
1590 2537 1741 2614 ignis
1772 2537 2026 2599 vicissim
2113 2529 2300 2608 plear.
2327 2534 2532 2596 etaliis
2552 2537 2828 2598 omnibus
2843 2529 3558 2615 communicem,etobita
3577 2550 3768 2603 morte

391 2628 672 2700 calorem,
711 2636 768 2688 et
791 2623 858 2687 ex
878 2625 1165 2685 ambobus
1187 2626 1424 2685 flamma
1441 2627 1807 2706 accenditur,
1828 2627 2029 2689 etfons
2113 2627 2269 2680 lotus
2291 2623 2654 2700 gloriﬁcatus
2687 2625 2758 2686 ad
2794 2635 2850 2687 te
2899 2628 3156 2688 veniam.
3214 2626 3297 2688 Ex
3328 2629 3552 2690 lumine
3583 2638 3683 2690 tuo
3708 2638 3768 2692 et

387 2717 802 2796 lacrymarum.
826 2714 1094 2775 Flamma
1118 2713 1624 2794 producittluenta
1652 2717 2030 2789 ;ﬂuentaau-
2113 2725 2220 2786 ego
2251 2709 2450 2772 lumen
2481 2711 2667 2774 factus
2695 2713 2800 2775 tibi
2824 2715 3125 2797 assistam,
3157 2724 3214 2778 et
3255 2727 3392 2779 tunc
3436 2718 3597 2779 curis
3616 2719 3763 2780 mul-

390 2815 507 2867 rem
538 2806 862 2883 ﬂammam,
895 2802 957 2862 in
990 2802 1208 2882 quibus
1233 2821 1326 2863 me
1357 2803 1690 2864 divinorum
1716 2804 2026 2866 mandato-
2113 2805 2303 2859 torum
2321 2801 2610 2863 malorum
2633 2804 2965 2884 expeditus,
2995 2805 3172 2866 etiam
3198 2805 3414 2868 timore
3440 2807 3760 2882 liberabor,

387 2911 516 2956 rum
571 2891 870 2955 meditatio
928 2892 1210 2971 provexit.
1276 2893 1534 2954 Rursum
1596 2901 2027 2973 praceptorum
2050 2962 2084 2974 η
2111 2904 2187 2947 ne
2213 2905 2419 2949 rursus
2448 2889 2750 2953 immuter.
2776 2891 2990 2967 Etiam,
3019 2893 3293 2970 Domine,
3328 2895 3401 2955 da
3422 2895 3568 2954 mihi
3595 2895 3709 2955 hoc
3739 2915 3755 2974 ;

385 2981 717 3044 observatio
751 2962 1158 3061 paenitentiam
1208 2989 1270 3040 ut
1311 2962 1660 3060 adjulrice'm
1691 2962 2023 3059 assumens,
2047 2962 2084 3010 C
2111 2976 2288 3036 etiam
2316 2976 2528 3058 largire
2559 2981 2706 3041 mihi
2733 2981 2867 3056 hoc,
2920 2962 3021 3063 qui
3069 2962 3309 3062 indigno
3379 2983 3522 3044 mihi
3559 2962 3758 3044 omnia

382 3073 443 3132 in
477 3071 674 3132 medio
711 3069 1092 3151 prmsentium
1118 3088 1185 3130 ac
1200 3069 1536 3132 futurorum
1568 3088 1662 3132 me
1693 3072 2022 3136 constituit.
2103 3073 2318 3127 οεΒιεΓίὶ
2332 3069 2514 3145 gratis
2537 3068 2772 3132 dedisti.
2803 3072 2930 3133 HOC
2981 3071 3142 3133 enim
3183 3069 3430 3132 maxime
3457 3090 3608 3151 opus
3639 3080 3755 3144 est.

380 3159 550 3224 Unde
579 3167 827 3240 repente
857 3157 1136 3238 abreptus
1167 3176 1202 3220 a
1232 3158 1582 3239 visibilibus,
1639 3160 1852 3222 timore
1883 3181 2024 3224 cor-
2105 3163 2162 3214 et
2189 3154 2249 3215 in
2280 3157 2392 3218 hoc
2423 3168 2559 3219 sunt
2591 3160 2812 3221 omnia.
2849 3165 3001 3226 Nam
3023 3162 3134 3224 etsi
3159 3179 3315 3223 nunc
3337 3179 3371 3222 a
3393 3179 3487 3221 me
3505 3160 3754 3238 videris,

382 3258 587 3330 reptus
616 3265 771 3322 sum,
799 3265 1051 3308 cernens
1079 3248 1237 3308 unde
1265 3255 1530 3309 servatus
1556 3267 1772 3312 essem.
1808 3252 2023 3313 Futura
2105 3245 2215 3304 etsi
2245 3264 2402 3308 nunc
2447 3267 2683 3328 qquue
2732 3249 3058 3324 misereris,
3113 3252 3220 3313 etsi
3266 3269 3423 3312 nunc
3453 3251 3754 3314 illuminas

379 3346 580 3400 autem
612 3335 957 3416 longissime
989 3335 1270 3396 distantia
1316 3336 1608 3412 videbam,
1657 3347 1715 3399 et
1742 3339 1843 3400 illa
1875 3341 2024 3403 mihi
2107 3351 2222 3421 me.
2260 3343 2319 3396 et
2348 3337 2591 3416 mystice
2620 3338 2824 3412 doces,
2855 3348 2912 3400 et
2939 3341 3166 3419 potenti
3200 3359 3376 3401 manu
3415 3351 3512 3402 tua
3551 3352 3752 3421 prote-

375 3426 891 3506 comprehendere
914 3425 1300 3497 desideranti,
1327 3425 1481 3504 ignis
1501 3426 1720 3487 amoris
1737 3445 1999 3491 accensu;

2126 3420 2194 3497 ;is
2223 3431 2281 3484 et
2305 3425 2586 3500 custodis,
2625 3437 2682 3488 et
2742 3428 2904 3501 ades,
2972 3438 3030 3488 tt
3084 3429 3384 3491 daemonas
3442 3429 3500 3490 in
3554 3420 3750 3509 fugam

385 3524 496 3595 est,
532 3515 629 3596 qui
659 3514 942 3595 paulatim
973 3515 1132 3575 visus
1161 3522 1248 3576 est
1305 3516 1543 3575 ﬂamma
1572 3517 1747 3578 modo
1776 3516 2024 3601 inexpli-
2105 3510 2309 3601 vertis,
2345 3525 2404 3575 et.
2433 3515 2633 3577 omnia
2669 3517 2810 3577 mihi
2833 3517 3100 3597 subjicis,
3128 3527 3184 3579 et
3207 3518 3409 3580 omnia
3436 3518 3584 3579 mihi
3615 3538 3755 3600 sup-

377 3606 578 3682 cabili,
615 3604 775 3685 prius
809 3603 1050 3685 quidem
1084 3603 1144 3664 in
1179 3613 1377 3666 mente
1407 3623 1558 3677 mea,
1595 3615 1726 3685 post
1763 3600 1939 3670 etiam
1961 3610 2022 3672 in
2105 3600 2354 3682 Ρθάίῐᾶε,
2388 3611 2447 3663 et
2473 3603 2658 3685 imple
2693 3625 2788 3666 me
2817 3606 2992 3668 bonis
3041 3607 3341 3688 OInnibUS,
3369 3607 3526 3668 Deus
3565 3627 3756 3683 meus,

373 3696 576 3769 corde,
610 3696 968 3774 ﬂammaque
1020 3693 1122 3754 illa
1173 3692 1359 3754 divini
1415 3693 1702 3756 desiderii
1733 3699 2024 3776 expressit
2106 3697 2302 3752 tamen
2336 3692 2485 3753 nihil
2515 3713 2584 3755 ex
2616 3694 2959 3756 hominibus
3014 3695 3108 3757 his
3158 3697 3423 3776 proﬁcio,
3470 3697 3586 3758 nisi
3617 3699 3766 3768 mihi

372 3788 676 3864 lacrymas,
701 3790 757 3843 et
789 3802 922 3843 cum
949 3781 1033 3845 eis
1056 3781 1470 3844 incredibilem
1497 3782 1642 3844 mihi
1673 3787 2017 3851 suavitatem
2103 3779 2250 3841 citra
2279 3781 2566 3860 pudorem
2597 3783 2857 3856 {dederis
2910 3785 3215 3866 praeterire
3267 3794 3466 3866 portas
3499 3787 3707 3848 mortis
3740 3805 3754 3849 :

372 3874 640 3954 ριωιωίι,
674 3872 948 3934 conﬁsus
978 3869 1158 3949 igitur
1189 3872 1249 3932 in
1299 3872 1552 3952 meipso,
1587 3891 1828 3953 prorsus
1859 3877 2017 3941 haud
2102 3866 2216 3929 nisi
2247 3870 2523 3951 princeps
2575 3873 2956 3935 tenebrarum
3002 3874 3250 3939 veniens
3305 3874 3557 3952 gloriam
3592 3883 3753 3939 tuam

368 3962 722 4024 exstinctum
753 3959 828 4020 iri
856 3960 1126 4040 (pulchre
1183 3961 1341 4021 enim
1399 3961 1570 4022 ardet
1627 3962 1928 4043 dicebam)
1960 3984 2017 4036 ει
2103 3956 2250 4019 mihi
2277 3959 2488 4022 adesse
2517 3960 2748 4037 viderit,
2785 3971 2844 4025 et
2876 3963 3202 4033 erubuerit,
3251 3967 3499 4025 adustus
3529 3963 3756 4026 lumine

363 4051 608 4113 desidiae
633 4067 724 4112 me
747 4049 996 4125 dedens,
1028 4069 1237 4110 somno
1267 4058 1329 4111 et
1356 4049 1664 4112 saturitate
1709 4051 2008 4135 insipien-
2098 4052 2196 4106 tuo
2226 4047 2554 4124 inaccesso,
2589 4060 2646 4111 et
2677 4070 2884 4113 omnes
2914 4053 2976 4113 in
3004 4053 3370 4114 adversariae
3402 4061 3747 4132 potestates,

364 4154 458 4203 ter
487 4139 830 4220 subjugatus
853 4158 1003 4213 sum,
1039 4147 1095 4200 et
1152 4138 1464 4201 remissius
1512 4142 1731 4217 vivens,
1766 4144 2016 4226 vinoque
2096 4135 2217 4196 visa
2246 4145 2384 4198 nota
2411 4138 2589 4214 sigilli
2621 4140 2724 4215 tui,
2754 4158 2886 4201 cum
2910 4140 3039 4221 ipso
3065 4142 3126 4202 i'n
3159 4143 3354 4220 fugam
3387 4149 3748 4204 converten-

360 4228 688 4291 liberaliter
717 4245 1037 4326 usus,”n_on
1069 4227 1310 4326 quidem
1343 4235 1405 4289 ut
1431 4227 1788 4326 inebriarer,
1818 4236 1921 4326 sed
1954 4252 2018 4304 ut
2038 4277 2081 4326 Β
2101 4234 2217 4326 tur,
2249 4237 2309 4291 et
2338 4249 2444 4309 ego
2469 4231 2653 4326 gratia
2685 4233 3070 4326 tua_conﬁsus
3095 4234 3357 4296 transibo
3383 4235 3748 4326 intrepidus,

361 4325 628 4398 poteram
651 4325 868 4404 tamen,
896 4315 1056 4404 illico
1082 4316 1764 4380 exstinctumsensiillud
1795 4322 2007 4385 mirum
2038 4315 2323 4398 "tibique
2369 4320 2881 4402 appropinquabo,
2935 4330 2994 4382 et
3050 4331 3186 4385 ante
3249 4331 3304 4386 te
3336 4315 3745 4404 procumbam,

359 4415 420 4468 et
448 4403 786 4466 venerabile
817 4403 1179 4466 desiderium
1208 4424 1423 4486 nempe
1451 4407 1648 4468 cordis
1673 4410 1811 4487 mei,
1843 4413 2006 4476 illam
2088 4423 2265 4485 quem
2319 4408 2570 4469 referam
2620 4411 2874 4472 fructum
2929 4431 2999 4473 ex
3060 4413 3155 4474 his
3207 4403 3527 4493 quaa’nunc
3558 4413 3620 4473 in
3649 4432 3748 4475 me

360 4496 834 4573 ﬂammam,qute
855 4493 927 4553 ad
955 4494 1168 4554 ctelum
1203 4495 1574 4574 pertingebat
1607 4506 1664 4557 et
1693 4498 1754 4559 in
1787 4519 1882 4563 me
1903 4521 2006 4564 ar-
2085 4494 2282 4558 ﬁunt?
2317 4500 2546 4559 ΒενθΓὸ
2581 4499 2833 4575 "unum,
2868 4500 2975 4561 39d
3009 4501 3209 4578 ignem
3239 4503 3302 4562 in
3357 4519 3450 4563 me
3483 4501 3746 4581 amplius

359 4584 536 4646 debat
565 4581 807 4662 quidem
839 4582 1263 4646 vehementer:
1300 4603 1417 4644 non
1471 4593 1668 4647 tamen
1699 4587 2006 4653 fenaceam
2084 4583 2434 4648 accendent.
2460 4586 2747 4658 Quienim
2777 4587 3172 4651 mebonorum
3199 4598 3454 4667 tuorum,
3485 4599 3744 4651 etaeter-

353 4675 510 4735 intra
529 4672 758 4760 viscera
777 4689 908 4760 mea
931 4671 1318 4733 substantiam
1339 4674 1625 4736 exurebat
1648 4677 2002 4753 ;sedtotam,
2092 4691 2183 4734 me
2209 4673 2411 4752 gloriae
2443 4686 2556 4738 tuae
2583 4677 2958 4758 participem,
3021 4689 3078 4740 et
3109 4698 3348 4741 servum
3379 4688 3556 4760 atque
3587 4680 3742 4741 ami-

357 4761 571 4823 mirum
606 4759 806 4820 dictn!
841 4758 903 4819 in
935 4760 1234 4848 ﬂammam
1266 4761 1669 4843 convertebat,
1705 4774 1762 4825 et
1801 4767 2003 4830 fenum
2089 4781 2222 4824 cum
2256 4770 2421 4824 tuutn
2457 4765 2582 4828 fore
2607 4768 2862 4848 conﬁdo,
2897 4768 2948 4829 si
3010 4767 3289 4848 privabor
3334 4758 3511 4831 simul
3545 4769 3742 4830 omni-

353 4851 429 4914 ab
460 4851 596 4930 igne
627 4858 868 4924 tactum,
932 4847 1168 4928 penitus
1227 4869 1344 4911 non
1390 4849 1660 4914 ardebat.
1713 4853 1836 4916 Imo
1868 4875 2005 4918 vero
2087 4849 2221 4926 bus,
2255 4862 2314 4914 et
2343 4861 2399 4914 te
2429 4853 2576 4933 ipso,
2614 4854 2845 4916 Christe
2879 4847 3066 4931 meus,
3120 4857 3419 4937 quomodo
3449 4875 3568 4918 non
3599 4875 3738 4936 gra-

351 4941 505 5020 ignis
557 4940 760 5000 fenum
820 4939 1363 5018 comprehendens,
1419 4940 1504 5000 illi
1538 4942 1871 5022 uniebatur,
1907 4955 2002 5008 to-
2084 4938 2213 5001 vius
2247 4941 2593 5017 lribulabor,
2639 4963 2754 5024 qua
2794 4944 3090 5020 infideles,
3138 4945 3240 5025 qui
3272 4955 3328 5006 te
3359 4965 3478 5006 non
3511 4964 3736 5024 cogno-

351 5039 596 5111 tumque
627 5028 1109 5108 inconsumptum
1144 5029 1543 5092 custodiebat.
2082 5037 2316 5104 verunt,
2351 5048 2462 5095 nec
2488 5033 2868 5113 splendorem
2900 5035 3141 5096 luminis
3173 5035 3256 5098 tui
3286 5035 3588 5112 viderunt,
3622 5054 3734 5098 nec

429 5115 474 5181 Ο
507 5117 690 5179 divini
720 5115 875 5196 ignis
895 5117 1208 5199 Ivirtutem,
1248 5136 1282 5178 o
1316 5136 1526 5179 novam
1561 5119 1995 5185 efﬁcacitatem!
2082 5118 2399 5181 dulcedine
2430 5128 2528 5181 tua
2556 5126 2795 5184 saturati
2829 5129 3009 5186 sunt?
3038 5123 3205 5195 Quod
3256 5125 3306 5185 si
3359 5124 3506 5186 mihi
3535 5125 3732 5185 conti-

349 5205 460 5279 Qui
506 5206 778 5270 dissolvis
804 5213 1024 5286 petras,
1046 5214 1116 5294 ei
1145 5206 1328 5268 colles
1358 5226 1391 5268 a
1461 5209 1584 5269 solo
1621 5209 1855 5292 timore,
1891 5219 2000 5274 eta
2081 5209 3731 5294 geritassequiarrhabonemltornm,hancpensionem,

344 5297 495 5358 facie
567 5307 686 5376 tua,
743 5295 978 5358 Christe
1035 5293 1201 5358 Deus
1253 5314 1443 5371 meus,
1505 5298 1802 5378 quomodo
1863 5301 1998 5362 feno
2084 5305 2141 5358 et
2167 5298 2294 5360 haec
2343 5300 2585 5377 praemia
2630 5301 2901 5382 adipisci,
2952 5320 3082 5382 quae
3138 5303 3201 5362 in
3260 5310 3316 5363 te
3347 5293 3736 5365 credentibus

347 5385 721 5447 commiceris
751 5393 834 5459 tu,
876 5386 1050 5465 plane
1081 5385 1280 5447 divina
1340 5389 1619 5463 essentia,
1659 5388 1762 5468 qui
1809 5388 1870 5449 in
1900 5389 1996 5451 lu-
2083 5386 2429 5470 promisisti,
2467 5397 2586 5449 tum
2611 5407 2719 5469 ego
2739 5409 2975 5472 quoque
2996 5388 3203 5452 beatus
3226 5408 3351 5468 ero,
3396 5401 3453 5453 et
3478 5390 3731 5454 laudabo

423 5553 488 5605 50
516 5553 723 5616 Matth.
757 5570 892 5632 xxv,
925 5554 1024 5619 25.
