4112 6106
421 243 530 308 651

1725 229 2032 300 SYMEON
2039 228 2108 292 IS
2147 226 2500 291 JUNIORIS

3684 214 3803 284 552

428 379 618 443 Deum
643 376 911 451 omnino,
941 373 1042 454 qui
1061 372 1116 434 ei
1163 378 1426 432 monstra
1469 367 1691 448 omnia,
1741 369 1832 431 vel
1868 358 2365 454 potiusAsed_ea_
2384 360 2514 454 ipsa
2539 374 2846 454 assequar,
2903 375 3033 438 qure
3061 355 3320 454 assequi
3349 351 3788 454 desiderabam,

426 468 625 531 omnia
645 485 775 548 qua:
789 464 980 545 jubet,
1006 481 1140 543 quae
1163 460 1305 535 vult,
1341 466 1400 520 et
1423 457 1604 548 cupit.
1657 456 1814 548 Quos
1843 460 2071 522 illumi-

428 566 554 630 nat,
584 547 785 618 iis’dat
813 553 1039 615 intueri
1066 570 1197 632 quae
1227 558 1363 610 sunt
1391 548 1452 609 in
1485 547 1684 608 divino
1709 547 1974 624 lumine;
2006 569 2074 612 ac

427 665 532 728 pro
565 644 837 726 portione
868 641 1149 704 claritatis
1205 647 1263 700 et
1319 635 1599 728 custodite
1661 638 2073 728 mandatorum

428 725 536 798 Dei
566 725 882 796 illuminati
909 737 1185 808 cernunt,
1213 726 1700 806 occultorumque
1731 725 1838 788 Dei
1862 738 2077 808 myste-

427 826 653 887 riorum
686 821 998 884 altitudine
1027 817 1358 880 initiantur.
1392 813 1647 876 Perinde
1679 824 1744 876 ut
1772 817 1820 876 si
1851 817 1986 896 quis
2015 818 2075 878 in

427 914 670 976 domum
702 910 1078 972 tenebrosam
1112 924 1290 964 manu
1325 902 1657 982 lampadem
1716 911 1946 975 tenens,
1978 914 2077 966 aut

423 1003 539 1064 alio
599 1020 731 1062 cum
784 996 1055 1078 lampade
1086 993 1459 1075 przecedente
1517 990 1843 1070 ingressus,
1877 993 2076 1055 omnia

427 1109 558 1172 quae
585 1089 709 1151 illic
738 1095 876 1149 sunt
903 1084 1177 1172 aspiciat.
1226 1080 1370 1172 Nam
1418 1079 1689 1172 similiter
1722 1079 1906 1142 radiis
1933 1081 2075 1172 solis

426 1167 533 1242 sub
566 1175 1020 1256 intelligentiam
1077 1170 1343 1233 cadentis
1396 1170 1555 1230 clare
1616 1167 1961 1250 illustratus,
1995 1171 2072 1232 ab

427 1268 703 1330 omnibus
732 1265 862 1328 aliis
918 1264 1184 1342 ignorata
1239 1259 1425 1331 videt,
1483 1269 1543 1319 ιιι
1603 1257 1867 1338 loquitur
1901 1283 1914 1322 ;
1950 1260 2070 1322 imo

426 1378 543 1420 non
567 1356 788 1430 omnia,
823 1353 926 1415 sed
961 1369 1092 1432 quae
1123 1348 1321 1411 verbis
1353 1346 1638 1426 consequi
1669 1346 2072 1420 licuerit.Quis

429 1448 588 1509 enim
619 1465 749 1527 quae
779 1442 898 1506 illic
922 1448 1080 1514 sunt,
1118 1438 1334 1520 qualia,
1367 1447 1611 1527 quanta,
1640 1436 1808 1527 cujus
1837 1439 2074 1517 generis

427 1537 566 1612 sint,
600 1525 734 1597 cum
763 1530 1263 1610 incomprehensa
1324 1535 1383 1588 et
1422 1525 1740 1587 invisibilia
1783 1527 1902 1588 sint
1931 1528 2070 1589 uni-

425 1626 634 1706 versis,
700 1623 969 1686 oratione
1020 1615 1431 1699 expresserit?
1489 1613 1760 1695 Speciem
1817 1635 2072 1698 namque

425 1714 628 1796 specie
677 1709 1032 1783 carentium,
1075 1706 1458 1796 quantitatem
1543 1712 2068 1796 nonquant‘orum,

430 1792 936 1885 pulchritudinem
964 1815 1078 1857 non
1103 1793 1568 1885 intelligibilium
1587 1793 1721 1885 quis
1738 1792 2072 1872 intelliget?

426 1880 722 1975 quomodo
753 1889 1027 1951 metietur
1057 1883 1353 1975 quomodo
1407 1881 1628 1975 formas
1671 1880 1919 1942 formam
1952 1899 2072 1942 non

428 1970 774 2044 habentium
792 1975 1147 2039 ullaratione
1172 1970 1371 2034 verbis
1393 1970 1683 2050 proferre,
1710 1979 1768 2031 et
1795 1988 2071 2032 sermone

429 2069 775 2134 describere
833 2063 1088 2147 poterit?
1142 2057 1580 2140 ReSpondebis,
1661 2059 1905 2120 omnino
1963 2079 2081 2120 non

435 2180 630 2244 posse.
655 2157 774 2220 Sed
792 2157 875 2218 illi
893 2149 1300 2244 tantummodo
1323 2148 1444 2244 haec
1464 2153 1816 2244 norunt,_qui
1849 2167 1877 2210 ν
1881 2149 2076 2244 idem.

516 2249 680 2325 Quod
708 2265 840 2310 cum
863 2245 939 2304 ita
965 2243 1059 2322 sit,
1091 2259 1208 2300 non
1240 2237 1458 2313 verbis,
1494 2237 1600 2298 sed
1645 2236 1812 2298 factis
1837 2237 2079 2302 efficere

433 2343 803 2415 festinemus,
833 2326 1705 2406 utvideamus,divinorumque
1727 2345 2077 2390 arcanorum

429 2431 663 2495 divitias
686 2427 1008 2497 discamus,
1035 2436 1179 2500 quas
1201 2418 1380 2478 donat
1403 2415 1689 2476 Dominus
1707 2435 1841 2477 cum
1873 2416 2077 2481 labore

429 2514 889 2600 inquirentibus,
924 2517 982 2572 et
1011 2525 1159 2600 quos
1215 2504 1396 2600 totius
1453 2504 1654 2564 mundi
1688 2503 2069 2580 oblivionem,

438 2593 760 2685 rerumque
790 2601 950 2662 illius
980 2593 1387 2685 omniumsibi
1412 2610 1790 2685 comparasse
1845 2602 2072 2654 certum

429 2705 541 2760 est.
572 2681 810 2758 Etenim
840 2688 939 2770 qui
963 2685 1064 2746 illa
1094 2682 1371 2770 exquirit,
1407 2689 1649 2760 totoque
1697 2681 1893 2770 animo
1921 2702 2070 2743 con-

426 2792 702 2858 sectatur,
739 2779 839 2860 qui
896 2778 1136 2837 tandem
1178 2769 1441 2833 omnium
1497 2769 1978 2860 praetereuntium
2005 2789 2072 2860 ac

431 2857 777 2937 labentium
808 2862 1156 2927 memoriam
1194 2878 1336 2920 vero
1386 2877 1505 2920 non
1553 2857 1773 2937 ejiciet,
1810 2867 1868 2920 et
1897 2859 1969 2921 ah
1999 2859 2074 2920 iis

2155 459 2212 510 et
2243 448 2542 530 desidero,
2575 447 2992 527 desiderioque
3042 445 3405 509 desiderium
3438 442 3706 517 obfusco,
3741 451 3800 505 et

2155 537 2391 599 hebeto.
2426 536 2661 598 Etcum
2691 535 2978 598 audierim
3038 534 3381 616 aliquando,
3433 532 3797 597 desiderium

2154 628 2485 688 accendere
2515 625 2881 688 desiderium
2917 645 2932 702 ;
2966 634 3023 686 et
3052 624 3249 703 ignem
3284 623 3442 684 alere
3471 623 3792 698 ﬂammam,

2156 715 2214 776 id
2241 716 2300 776 in
2334 734 2428 776 me
2456 735 2575 776 non
2605 715 2885 795 experior
2911 737 2924 773 :
2946 714 3049 776 sed
3082 711 3592 793 nescioquomodo
3624 727 3794 774 amo-

2156 802 2241 863 ris
2273 803 2610 882 magnitudo
2640 821 2904 864 amorem
2935 821 3128 863 meum
3162 801 3501 879 exstinguit.

2239 893 2368 954 Non
2399 891 2589 952 dicam
2624 898 2910 971 quantum
2946 889 3155 952 vellem
3177 889 3403 966 dicere,
3439 895 3498 950 et
3521 901 3662 969 puto
3686 907 3797 950 ne-

2156 999 2445 1061 quaquam
2461 999 2724 1041 amorem
2745 979 2850 1042 Dei
2866 998 2962 1040 me
2982 978 3386 1059 acquisivisse.
3420 977 3571 1039 Dum
3601 985 3798 1038 autem

2155 1068 2570 1142 insatiabiliter
2599 1086 2802 1129 amare
2830 1067 3038 1129 studeo
3096 1074 3378 1148 quantum
3428 1069 3586 1139 volo,
3620 1066 3796 1127 etiam

2155 1177 2274 1238 quo
2305 1157 2584 1238 praeditus
2616 1176 2806 1237 eram,
2839 1156 2992 1217 mira
3019 1174 3139 1236 res,
3161 1174 3425 1216 amorem
3447 1154 3556 1216 Dei
3586 1155 3796 1235 perdo.

2152 1246 2226 1310 Ut
2253 1266 2464 1309 avarus
2495 1247 2692 1322 homo,
2738 1246 2838 1327 qui
2875 1245 3215 1306 thesaurum
3261 1244 3464 1320 habet,
3514 1246 3650 1324 quia
3678 1262 3798 1304 non

2154 1337 2354 1398 omnia
2383 1335 2580 1417 habet,
2613 1336 2787 1417 plane
2811 1335 2964 1397 nihil
2994 1352 3058 1395 se
3080 1333 3304 1394 habere
3328 1341 3509 1414 pu-tat,
3529 1333 3798 1415 quamvis

2153 1424 2283 1486 auri
2316 1424 2636 1505 plurimum
2697 1424 2948 1486 habeat:
3003 1422 3090 1484 sic
3147 1441 3289 1484 sane
3343 1422 3406 1483 in
3463 1417 3600 1484 mea
3623 1440 3804 1484 causa

2152 1512 2355 1575 infelix
2387 1532 2496 1593 ego
2530 1523 2668 1594 puto
2692 1513 2966 1574 accidere
3040 1511 3190 1584 Quia
3240 1530 3360 1573 non
3391 1530 3526 1573 amo
3550 1518 3614 1572 ut
3642 1511 3797 1591 volo,

2157 1610 2215 1663 et
2268 1603 2442 1683 plane
2502 1622 2618 1662 non
2663 1610 2950 1682 quantum
3008 1601 3164 1675 Volo,
3225 1619 3342 1660 non
3390 1599 3645 1661 arbitror
3701 1618 3800 1662 me

2154 1709 2354 1754 amare
2385 1693 2473 1752 vel
2491 1692 2879 1772 aliquantum.
2906 1689 3314 1768 Amareigitur
3334 1697 3616 1769 quantum
3637 1687 3792 1764 volo,

2153 1798 2320 1840 amor
2341 1797 2520 1860 supra
2548 1797 2812 1842 amorem
2845 1787 2955 1855 est,
3011 1785 3072 1840 et
3112 1796 3256 1854 cogo
3304 1785 3574 1838 naturam
3604 1795 3798 1838 meam

2153 1886 2330 1950 supra
2360 1876 2630 1930 naturam
2685 1886 2906 1931 amare.
2961 1866 3202 1929 Infirma
3257 1877 3456 1927 antem
3504 1873 3712 1927 natura
3741 1879 3800 1926 et

2154 1955 2282 2036 ipso
2311 1957 2466 2038 quod
2497 1957 2842 2036 possidebat
2869 1957 3086 2018 robore
3117 1955 3424 2036 spoliatur,
3459 1962 3517 2016 et
3547 1953 3800 2016 moritur

2167 2045 2518 2109 mirabiliter
2543 2065 2741 2108 Vivens
2769 2064 2977 2122 amor;
3039 2045 3223 2122 magis
3275 2044 3436 2105 enim
3467 2053 3607 2105 tunc
3636 2042 3800 2104 vive-

2163 2134 2294 2212 scit,
2332 2143 2390 2196 et
2422 2154 2478 2196 in
2504 2155 2599 2196 me
2631 2134 2911 2198 ﬂorescit.
2949 2135 3021 2197 Ut
3050 2133 3156 2195 tibi
3186 2133 3486 2195 declarem
3517 2131 3800 2212 quemad-

2163 2226 2401 2285 modum
2425 2226 2652 2299 ﬂoeJat,
2679 2222 2971 2302 exemplis
2997 2241 3190 2284 careo.
3217 2221 3340 2283 Hoc
3356 2222 3548 2283 solum
3569 2225 3794 2302 accipe,

2159 2312 2355 2374 verbis
2388 2315 2510 2375 lizec
2532 2313 2697 2374 affari
2718 2330 2890 2394 posse
2908 2311 3235 2374 neminem.
3289 2311 3400 2384 Qui
3430 2312 3590 2373 solus
3611 2312 3794 2386 Deus,

2159 2408 2218 2462 et
2274 2401 2476 2463 talium
2524 2402 2817 2464 bonorum
2873 2419 3045 2462 verus
3099 2401 3506 2482 suppeditator
3563 2407 3675 2475 est,
3702 2400 3804 2461 det

2152 2489 2426 2552 omnibus
2457 2509 2563 2571 per
2595 2493 3000 2572 paenitentiam
3032 2492 3158 2552 haec
3192 2488 3668 2570 exquirentibus,
3698 2489 3796 2550 lu-

2152 2579 2453 2657 gentibus,
2487 2589 2544 2642 et
2585 2580 3070 2657 lamentantibus,
3100 2588 3158 2641 et
3187 2579 3344 2642 bene
3374 2579 3635 2660 purgatis
3665 2579 3794 2641 adi-

2154 2667 2324 2746 pisci,
2359 2676 2416 2729 et
2447 2688 2579 2729 cum
2600 2668 2868 2748 jucundo
2919 2686 3096 2729 sensu
3144 2668 3238 2728 his
3289 2668 3538 2748 perfrui,
3571 2674 3630 2729 et
3661 2686 3794 2729 cum

2157 2757 2248 2816 his
2281 2757 2824 2836 peregrinationem
2850 2776 3016 2820 suam
3061 2757 3534 2830 conticientihus,
3557 2764 3618 2818 et
3639 2763 3696 2817 in
3725 2757 3802 2817 iis

2156 2844 2600 2924 quiescentibus
2622 2847 2738 2908 vita
2768 2855 2993 2908 mterna
3015 2847 3214 2927 potiri,
3241 2856 3299 2909 et
3322 2851 3626 2910 consortes
3667 2845 3796 2922 glo-

433 2934 695 3026 ὦὲξηεηι
717 2957 996 3021 nudalam
1019 2948 1364 3033 possidebit,
1381 2934 2076 3028 etmox'supeﬁoromni-
2096 2987 2134 3035 Ο
2160 2934 2262 2995 riae
2289 2935 2608 2998 ineﬂabilis
2639 2954 2746 3017 per
2775 2955 2842 2998 ea
2873 2935 3152 2998 inveniri.

431 3055 564 3134 bus,
597 3061 654 3113 et
684 3049 845 3110 solus
894 3041 1273 3104 invenientur
1293 3039 1322 3098 ?
1368 3036 1555 3109 Quem
1586 3037 1763 3112 Deus,
1793 3037 1893 3117 qui
1916 3039 2077 3100 solus

429 3128 814 3224 est,'propter
843 3153 908 3196 se
937 3131 1128 3194 solum
1157 3129 1402 3224 factum,
1450 3145 1520 3224 ac
1549 3128 1858 3224 mundum,
1893 3145 2072 3224 mim-

429 3214 705 3311 dana'que'
748 3229 1130 3306 aspernatum
1202 3215 1598 3311 conspiciens,
1656 3214 1818 3277 solus
1881 3217 2071 3278 solum

427 3302 760 3390 inveniens,
793 3302 926 3373 cum
958 3329 1026 3372 eo
1059 3325 1246 3369 unum
1278 3305 1364 3366 fit.
1395 3302 1441 3366 Ο
1492 3306 1889 3366 venerandam
1920 3325 2074 3369 oeco-

428 3409 710 3483 nomiam,
737 3424 770 3465 o
801 3399 1126 3464 bonitatem
1176 3393 1704 3474 inexplicabilem?
1743 3393 1881 3466 Quae
1932 3395 2071 3457 hinc

428 3506 776 3580 sequuntur,
809 3510 885 3553 ne
915 3489 1233 3580 interroga,
1264 3502 1342 3580 ne
1365 3490 1668 3580 scrutare,
1694 3502 1775 3580 ne
1801 3485 2069 3565 exquire.

428 3571 574 3650 Nam
606 3587 656 3648 si
672 3581 975 3646 stellarum
1002 3571 1470 3646 multitudinem,
1490 3578 1592 3631 aut
1613 3571 1828 3651 pluviae
1857 3583 2075 3653 guttas,

429 3686 532 3742 aut
559 3691 772 3738 arenas
801 3682 1141 3739 numerare,
1173 3661 1316 3742 quin
1354 3667 1412 3721 et
1456 3659 1822 3740 reliquarum
1853 3672 2086 3725 creatu-
2162 3685 2166 3690 ·

429 3784 628 3831 rarum
652 3760 1019 3841 dignitatem,
1040 3750 1415 3830 elegantiam,
1439 3755 1713 3810 naturam
1732 3749 2087 3833 dispositio-

427 3876 567 3920 nem
597 3861 654 3916 et
685 3849 978 3920 ordinem,
1012 3849 1069 3904 et
1099 3843 1313 3903 harum
1343 3855 1552 3900 causas
1579 3845 1643 3898 ut
1673 3847 1835 3917 sunt,
1867 3843 2068 3904 nullus

427 3947 630 4009 dicere
653 3935 1018 4016 autcogitare
1036 3936 1246 4014 potest,
1266 3925 1566 4008 quomodo
1597 3928 2072 3993 misericordiam

428 4029 726 4099 Creatoris
754 4025 919 4090 effari
967 4018 1204 4103 poterit,
1255 4034 1430 4098 quam
1483 4016 1723 4079 exhibet
1764 4018 2077 4082 animabus

426 4122 665 4201 sanctis,
700 4115 1055 4198 quibuscum
1097 4105 1576 4201 unitusfuerit‘i
1621 4109 1867 4201 Prorsus
1915 4110 2077 4172 enim

432 4213 566 4275 illas
590 4193 1010 4286 conj-unctione
1041 4217 1146 4261 sua
1169 4194 1422 4286 quadam
1453 4193 1763 4286 divinitate
1793 4197 2082 4278 impertit,

432 4299 545 4373 Qui
575 4282 844 4359 tum-sint
872 4307 1067 4350 mores
1113 4287 1327 4348 animas
1373 4282 1663 4349 deiﬁcataa
1701 4305 1829 4368 quae
1848 4297 2083 4373 natura,

428 4405 561 4470 quae
585 4383 851 4470 aﬂ‘ectiu,
876 4397 1008 4459 quae
1035 4375 1323 4470 voluntas,
1356 4373 1458 4470 qui
1502 4375 1751 4470 demum
1783 4384 1991 4454 status,
2029 4388 2088 4440 et

429 4461 715 4548 conditio,
754 4467 856 4548 qui
891 4481 1132 4527 narrare
1168 4461 1274 4522 tibi
1321 4461 1466 4535 vult,
1499 4463 1550 4522 is
1592 4463 1769 4524 etiam
1798 4482 2080 4528 sermone

426 4562 632 4626 nescio
659 4577 776 4639 quo
835 4554 977 4635 quid
1027 4555 1184 4616 Deus
1231 4549 1330 4626 sit,
1394 4550 1611 4612 docere
1659 4559 1714 4613 te
1744 4553 2074 4615 contendit.

428 4651 648 4714 Verum
673 4650 796 4710 haec
823 4643 1102 4721 indagare
1148 4640 1233 4701 fas
1281 4658 1400 4700 non
1450 4657 1542 4700 εει
1598 4641 1939 4712 mundanis,
1978 4652 2078 4705 aut

427 4741 758 4804 secundum
789 4750 1032 4796 carnem
1077 4728 1424 4804 viventibus,
1475 4728 1581 4790 sed
1627 4730 1746 4792 ﬁde
1786 4732 1915 4793 sola
1941 4751 2074 4792 am-

427 4827 743 4911 plectenda
770 4831 907 4884 sunt
937 4841 952 4896 ;
986 4818 1271 4911 imitanda
1294 4818 1562 4911 exempla
1583 4828 1927 4911 sanctorum
1942 4840 2075 4911 om-

427 4907 617 4998 nium,
652 4923 710 4977 et
770 4913 832 4974 in
873 4907 1698 4998 lacrymisacupcenitentia,
1761 4917 1819 4970 et
1847 4909 2076 4990 reliqua

424 4995 767 5071 austeritate
794 5001 948 5075 vitae,
985 4995 1528 5077 teutationihusque
1557 4999 1916 5060 suﬂ‘erendis
1937 5017 2077 5060 cur-

423 5097 703 5169 rendum,
737 5101 801 5154 ut
849 5087 1134 5151 mundum
1162 5085 1430 5159 evadant,
1479 5087 1635 5166 quod
1667 5105 1846 5168 supra
1877 5088 2077 5167 tetigi-

423 5203 578 5260 mus,
613 5192 668 5246 et
688 5180 911 5254 omnia,
936 5176 1340 5251 utaiebamus,
1359 5173 1726 5238 sufficienter
1746 5176 2074 5240 invenient.

424 5270 862 5353 Obstupescent
890 5279 1088 5331 autem
1120 5282 1200 5353 eo
1221 5264 1484 5353 invento,
1519 5273 1577 5325 et
1599 5263 2078 5353 admirabuntur,

424 5378 496 5424 ac
525 5349 634 5443 pro
661 5379 756 5423 me
788 5357 1008 5419 misero
1040 5352 1474 5436 supplicabunt,
1509 5370 1585 5414 ne
1625 5352 1752 5414 haec
1780 5349 2078 5416 amittami

504 5527 565 5582 δ’
595 5529 743 5592 Luc.
777 5544 888 5605 ιιι,
919 5527 1022 5590 49.

2156 3125 2244 3181 Ad
2298 3126 2590 3199 quemdam
2643 3128 2992 3199 discipulum.
3052 3127 3280 3199 Animas
3328 3124 3713 3199 _pmniten_ti9,_
3749 3129 3803 3199 et

2223 3195 2435 3270 ﬂetibus
2457 3205 2732 3270 purgatas
2777 3195 2913 3254 cum
2950 3198 3172 3255 divinus
3219 3195 3365 3270 ignis
3407 3197 3590 3254 sancti
3617 3195 3804 3269 Spiri-

2225 3273 2312 3324 tus
2340 3269 2628 3340 afflaverit,
2676 3286 2767 3327 eas
2812 3270 3112 3342 complecti,
3169 3273 3220 3325 et
3248 3269 3515 3342 purgare
3540 3270 3800 3342 amptitts,

2217 3345 2407 3415 partes
2453 3357 2646 3398 earum
2692 3341 2939 3415 propter
2971 3346 3255 3415 peccatum
3273 3412 3286 3415 _
3308 3341 3627 3415 obscurataa
3674 3341 3803 3415 iitu-

2225 3411 2462 3484 minare,
2494 3419 2546 3469 et
2597 3411 2888 3470 sanatione
2932 3411 3167 3468 vulnera
3211 3412 3286 3467 ad
3308 3483 3311 3484 ν
3333 3412 3635 3484 perfectam
3661 3412 3806 3468 cica-

2229 3482 2414 3557 tricem
2434 3484 2752 3555 perducere,
2810 3490 2874 3541 ut
2927 3485 3119 3540 divina
3164 3482 3586 3557 pulchritudine
3629 3498 3807 3555 supra

2228 3553 2454 3610 moduni
2470 3553 2806 3613 corrusceitt.

2245 3653 2400 3718 Vere
2427 3656 2582 3734 ignis
2612 3658 2982 3734 etdivinitas,
3009 3665 3073 3719 ut
3099 3657 3322 3720 dictum
3377 3667 3466 3720 est
3512 3675 3548 3718 a
3591 3657 3802 3721 Domi-

2171 3763 2274 3818 no,
2310 3763 2487 3825 quem
2518 3754 2582 3807 ut
2608 3747 2670 3807 in
2704 3755 2888 3808 terras
2944 3748 3226 3828 mitteret,
3277 3745 3504 3808 idcirco
3533 3747 3693 3808 venit
3715 3747 3803 3819 32,

2152 3837 2276 3907 Sed
2305 3835 2368 3895 in
2399 3853 2577 3916 quam
2608 3836 2874 3899 terram?
2904 3838 3075 3899 cedo.
3131 3835 3196 3897 In
3255 3853 3465 3897 omnes
3507 3835 3806 3913 homines,

2155 3929 2257 4012 qui
2279 3934 2518 3988 terrena
2564 3925 2820 4005 sapiunt,
2881 3945 3057 4006 quem
3119 3925 3318 3996 voluit,
3354 3934 3412 3987 et
3458 3924 3580 3986 vult
3625 3925 3811 3988 adere

2155 4022 2219 4083 in
2247 4013 2548 4079 omnibus.
2578 4015 2732 4078 Audi
2763 4019 2841 4076 mi
2894 4015 2998 4091 ﬁli,
3035 4022 3094 4077 et
3137 4033 3431 4093 cognosce
3471 4013 3810 4077 divinorum

2166 4105 2521 4187 mysterium
2577 4104 2972 4168 altitudinem.
3027 4103 3196 4166 Hunc
3248 4104 3554 4166 ccelestem
3611 4104 3813 4184 ignem

2170 4195 2542 4276 qualemnam
2595 4210 2726 4254 esse
2769 4193 3052 4274 judicas?
3109 4200 3199 4254 An
3273 4192 3695 4274 aspectabilem
3755 4211 3824 4269 ei

2171 4290 2459 4359 creatum,
2478 4287 2577 4343 aut
2594 4281 2899 4344 intellectu
2912 4280 3362 4370 percipiendum
3385 4280 3409 4343 ἲ
3431 4279 3559 4343 Non
3582 4282 3815 4370 utique,

2169 4390 2305 4432 nam
2335 4373 2409 4433 de
2432 4391 2501 4432 eo
2534 4389 2692 4432 nunc
2717 4371 2974 4446 doceris,
3010 4378 3070 4432 et
3115 4369 3390 4446 initiaris,
3446 4378 3506 4432 et
3533 4369 3822 4454 certoque

2163 4463 2303 4538 scis,
2335 4461 2501 4523 illum
2529 4480 2648 4521 non
2678 4461 2831 4541 capi,
2861 4461 3214 4534 increatum,
3245 4459 3319 4520 ab
3374 4459 3538 4520 omni
3575 4473 3822 4540 aspectu

2163 4559 2535 4625 extraneum,
2569 4549 2700 4611 sine
2734 4549 3047 4631 principio,
3111 4548 3184 4610 ab
3238 4548 3400 4610 omni
3430 4553 3823 4615 concretione

2160 4639 2438 4713 liberum,
2480 4638 2912 4699 immutabilem
2948 4646 3008 4699 et
3029 4637 3620 4718 incircumscriptum
3653 4642 3827 4720 peni-

2161 4739 2275 4804 tus,
2333 4728 2782 4804 inexstinctum,
2840 4727 3259 4807 immortalem,
3305 4726 3551 4788 omnino
3577 4727 3826 4791 incom-

2157 4817 2546 4898 prehensum,
2583 4825 2748 4877 extra
2780 4835 2990 4878 omnes
3010 4825 3316 4878 creaturas
3370 4816 3618 4878 materia
3669 4835 3826 4881 con-

2157 4903 2401 4979 stantes,
2438 4913 2557 4967 eta
2614 4905 2859 4965 materia
2908 4912 3263 4983 segregatas,
3316 4902 3580 4966 visibiles
3609 4905 3829 4967 invisi-

2159 4993 2332 5070 biles,
2367 5011 2706 5074 corporeas,
2739 4993 3150 5074 incorporeas,
3186 5000 3507 5055 terrestres
3536 5001 3596 5056 et
3634 4995 3829 5057 caele-

2161 5092 2301 5164 stes,
2361 5092 2526 5144 extra
2583 5083 2712 5159 has,
2773 5083 3018 5164 inquam
3075 5100 3286 5144 omnes
3349 5090 3439 5143 est
3491 5084 3832 5146 secundum

2135 5173 2142 5178 ’
2163 5183 2431 5234 naturam
2459 5180 2515 5233 et
2536 5172 2878 5249 essentiam,
2905 5173 3025 5234 imo
3047 5172 3224 5234 etiam
3247 5170 3574 5234 secundum
3605 5183 3834 5254 poten-

2165 5261 2332 5324 tiam.
2364 5260 2473 5323 Hic
2533 5260 2736 5343 igitur,
2793 5261 2891 5324 dic
2955 5261 3104 5323 mihi
3161 5261 3222 5322 in
3283 5279 3459 5341 quam
3514 5262 3834 5325 materiam

2164 5350 2506 5413 inseretur?
2557 5349 2624 5412 In
2664 5350 2894 5413 animas
2971 5355 3179 5432 utique
3251 5349 3542 5413 habentes
3629 5352 3838 5415 oleum
