4112 6106
373 253 493 317 553

1514 255 1955 319 DIVINORUM
1997 253 2329 322 AMORUM
2374 259 2604 322 LIBER

3614 265 3739 333 854

356 385 759 461 uberrime,et
785 396 927 452 ante
950 390 1103 451 istuc
1122 396 1180 451 et
1202 406 1337 451 cum
1368 388 1527 450 istoc
1556 386 1833 457 fidem,et
1854 403 2003 465 ope-
2024 388 2067 439 Α
2090 385 2402 451 manifeste
2430 387 2598 452 istaec
2628 390 2849 463 omnia,
2887 396 2948 451 et
2989 389 3120 454 istis
3149 390 3538 471 ineﬂ'abiliter
3562 415 3739 466 arca-

363 493 432 536 ra
464 475 645 535 ﬁdem
680 478 1092 539 conﬁrmantia
1122 478 1530 558 possidentes.
1552 474 1657 537 His
1677 481 1740 535 ut
1769 474 2004 554 lychno,

357 564 497 625 oleo
532 574 590 625 et
616 572 832 646 stuppa
883 568 1064 647 pleno
1111 568 1312 645 ignem
1373 565 1664 630 Dominus
1714 562 2005 636 immittit,

362 670 549 731 quem
584 655 846 717 mundus
878 675 997 716 non
1021 656 1194 737 vidit,
1232 675 1344 719 nec
1362 656 1572 719 videre
1597 659 1814 735 potest.
1840 654 2008 717 Mun-

362 741 508 801 dum
541 741 813 822 dico,qui
832 744 894 804 in
909 746 1122 808 munda
1150 754 1312 817 sunt,
1339 754 1399 807 et
1425 740 2006 823 mundanasapiunt.

363 827 534 889 Sicut
573 848 752 909 porro
784 831 1035 911 lychnus
1070 853 1176 894 seu
1214 834 1470 895 lucerna
1502 850 1677 914 quam
1706 831 2005 903 videmus,

363 917 605 979 admoto
638 918 779 996 igne
808 922 1159 983 accenditur
1182 922 1295 985 :ita
1314 921 1710 1001 spiritualiter
1738 917 2009 995 intellige

365 1005 626 1068 divinum
661 1007 855 1086 ignem
888 1010 1117 1072 animas
1146 1010 1460 1088 attingere,
1494 1027 1720 1090 easque
1767 1008 2005 1069 inflam-

371 1114 563 1159 mare.
599 1096 911 1169 Quomodo
941 1098 1355 1176 inﬂammahit,
1380 1106 1701 1179 antequam
1731 1095 2007 1175 attingat?

368 1187 665 1263 quomodo
694 1185 964 1264 attinget,
1010 1196 1327 1268 antequam
1378 1187 1691 1249 mittatur?
1731 1185 2004 1247 Profecto

360 1292 734 1357 nequaquam
768 1276 1038 1338 omnino.
1076 1279 1311 1339 Ardens
1364 1284 1563 1339 autem
1619 1276 1891 1354 lychnus,
1944 1285 2005 1335 et

361 1362 593 1425 clarum
624 1364 833 1425 lucens
868 1365 1169 1446 omnibus,
1198 1366 1249 1427 si
1266 1366 1466 1428 oleum
1486 1363 1799 1438 defecerit,
1821 1380 2003 1425 num-

359 1453 505 1529 quid
538 1472 659 1514 non
690 1453 1148 1531 exstinguetur?

440 1541 618 1602 Aliud
648 1545 840 1623 majus
869 1542 1141 1621 observa,
1174 1541 1332 1623 quod
1365 1559 1461 1603 me
1490 1548 1676 1606 terret
1707 1541 1838 1622 plus
1875 1557 2006 1601 om-

2091 473 2261 563 niora
2288 475 2484 553 docet,
2517 484 2576 539 et
2613 470 2876 539 ostendit
2927 478 3040 556 bis,
3092 499 3127 542 a
3172 480 3395 563 quibus
3449 485 3731 555 habetur.

2090 562 2270 654 Audi,
2303 566 2352 627 si
2378 566 2593 648 placet,
2624 567 2730 629 ﬁli.
2767 567 2912 641 Cum
2946 562 3207 649 fulserit,
3233 572 3735 654 quemadmodum

2090 651 2234 734 dixi,
2271 660 2328 715 et
2352 672 2605 719 examen
2644 655 2970 718 motionum
3017 651 3736 741 rationi'repugnantium

2091 743 2407 837 expulerit,
2460 743 2831 837 domumque
2870 744 3087 808 animae
3134 754 3248 809 tuae
3290 752 3733 837 expurgaverit,

2090 830 2223 924 sine
2257 832 2528 924 mistione
2557 830 2643 893 illi
2674 833 3063 924 admiscetur,
3096 842 3154 897 et
3184 830 3379 900 modo,
3400 830 3737 924 inexplica;

2090 917 2195 1010 bili
2225 921 2618 983 essentialiter
2640 921 2773 1000 ejus
2804 923 3104 1000 essentia),
3138 929 3292 987 totus
3352 927 3461 990 toti
3496 917 3736 1010 penitus

2089 1008 2311 1100 unitur,
2340 1027 2591 1088 eamque
2627 1010 2852 1072 sensim
2893 1010 3152 1074 lucidam
3183 1012 3342 1087 facit,
3374 1008 3731 1100 inﬂammat,

2086 1106 2145 1159 ct
2168 1099 2471 1189 illuminat
2491 1100 2602 1189 sic,
2634 1107 2751 1162 uta
2781 1118 2877 1163 me
2914 1102 3202 1183 explicari
3244 1124 3366 1169 non
3396 1109 3603 1189 possit.
3640 1099 3737 1175 Fit

2084 1206 2268 1249 unum
2325 1207 2396 1249 ex
2441 1188 2695 1271 duobos,
2755 1207 2826 1252 ex
2884 1190 3085 1253 anima
3139 1202 3203 1255 et
3256 1188 3547 1276 creatore,
3580 1192 3732 1262 etin

2084 1275 2280 1337 anima
2309 1284 2399 1337 est
2428 1286 2665 1340 creator
2696 1277 2857 1340 solus
2888 1298 3022 1343 cum
3049 1280 3174 1346 sola
3206 1288 3382 1347 totus.
3417 1275 3536 1358 Qui
3550 1304 3731 1353 manu

2085 1381 2192 1425 sua
2223 1372 2553 1428 creaturam
2602 1384 2841 1428 omnem
2890 1366 3177 1446 continet,
3228 1388 3307 1437 ne
3355 1370 3581 1450 dubita,
3630 1374 3729 1439 hic

2086 1461 2238 1516 totus
2267 1473 2402 1516 cum
2435 1457 2629 1531 Patre,
2658 1464 2716 1517 et
2737 1465 2939 1518 sancto
2970 1457 3197 1536 Spiritu
3245 1478 3365 1523 una
3392 1462 3592 1527 anima
3618 1482 3725 1527 ca-

2087 1543 2269 1623 pitur,
2296 1552 2354 1605 et
2373 1543 2627 1605 animam
2652 1544 2807 1607 intra
2837 1564 2902 1607 se
2936 1553 3115 1609 totam
3147 1542 3590 1630 complectitur.
3617 1553 3724 1617 In-

364 1630 563 1722 nibus.
602 1634 1001 1722 conspicuum
1057 1635 1333 1714 lychnum
1383 1652 1581 1694 meum
1620 1630 1815 1705 valde,
1867 1646 1999 1722 cum
2022 1660 2063 1711 Β
2087 1631 2316 1722 tellige,
2339 1632 2842 1722 vide,_perpende
2858 1635 2983 1696 haec
3019 1653 3034 1697 ε
3064 1632 3186 1698 dixi
3215 1636 3376 1699 enim
3414 1630 3553 1722 tibi,
3583 1640 3722 1705 ani-

359 1720 476 1781 olei
508 1721 691 1782 infusi
738 1723 929 1803 copia,
968 1731 1027 1784 et
1072 1730 1289 1803 stuppa
1336 1722 1612 1803 plurima,
1673 1740 1825 1793 mus,
1879 1718 2001 1779 sive

360 1808 477 1870 alia
505 1810 793 1890 quaepiam
828 1811 1083 1874 bestiola
1113 1830 1465 1892 prorepens,
1499 1819 1601 1873 aut
1640 1808 1871 1882 evertit,
1903 1814 2003 1869 aut

359 1898 642 1976 paulatim
676 1898 864 1961 linctu
895 1900 1093 1961 oleum
1126 1900 1475 1980 absumpsit,
1500 1906 1893 1978 stuppamque
1908 1914 2004 1956 co-

359 1986 564 2059 medit,
596 1994 779 2066 atque
826 1989 907 2050 ita
954 1989 1290 2069 lampadem
1330 1986 1632 2049 exstinxit.
1672 1984 2000 2048 Mirabilius

354 2082 583 2148 autem,
620 2076 779 2156 quod
816 2085 1027 2158 stuppa
1058 2086 1179 2139 tota
1214 2077 1602 2158 (ellychnium
1651 2074 1887 2154 vocant)
1918 2072 1995 2134 il-

356 2160 522 2243 lapsa
550 2163 613 2224 in
644 2166 863 2241 oleum,
896 2174 1142 2245 repente
1186 2170 1386 2248 ignem
1436 2163 1778 2244 exstinguit,
1812 2170 1871 2224 et
1906 2169 1998 2223 est

356 2251 498 2311 mihi
529 2252 775 2316 lucerna
805 2273 939 2316 mea
973 2256 1291 2317 tenebrosa
1312 2272 1579 2334 prorsus,
1599 2271 1712 2314 nec
1728 2258 1991 2333 apparet.

356 2342 689 2404 Lucernam
705 2362 810 2404 seu
831 2343 1166 2424 lampadem
1178 2344 1433 2406 animam
1458 2340 1994 2421 intelligito,oleum

353 2429 624 2506 virtutes,
652 2441 913 2494 mentem
935 2434 1120 2513 ipsam
1146 2434 1525 2513 ellychnium,
1553 2440 1612 2493 et
1642 2431 1704 2491 in
1736 2448 1807 2492 eo
1838 2427 1993 2490 divi-

358 2536 499 2578 num
530 2519 728 2598 ignem
770 2522 1089 2593 lucentem,
1132 2521 1689 2600 illuminantemque
1735 2517 1991 2580 animam

351 2606 552 2683 simul,
578 2622 639 2669 et
658 2609 1031 2671 domiciiium
1060 2617 1243 2672 totum
1275 2610 1542 2689 corporis
1574 2607 1716 2683 mei,
1742 2623 1991 2687 quaeque

353 2695 414 2756 in
444 2714 513 2756 eo
548 2705 686 2760 sunt
715 2698 1121 2777 cogitationes,
1177 2706 1235 2759 et
1265 2697 1616 2777 agitationes
1645 2695 1827 2757 animi
1855 2713 1989 2754 om-

357 2802 483 2846 nes.
519 2785 644 2847 Hoc
670 2795 868 2849 autem
895 2806 1013 2847 non
1043 2787 1306 2862 lucente,
1326 2786 1376 2847 si
1405 2785 1646 2859 invidia,
1679 2791 1779 2845 ant
1807 2782 1991 2843 male-

355 2874 631 2951 volentia,
658 2883 757 2935 aut
773 2892 942 2935 amor
970 2874 1199 2954 gloriae,
1222 2882 1322 2935 aut
1351 2872 1642 2953 cupiditas
1661 2871 1775 2932 alia
1795 2871 1988 2950 cujus-

2086 1738 2241 1813 mam
2280 1720 2910 1813 lumen_intolerab_ile,
2961 1723 3441 1813 et_inaccessum
3492 1720 3723 1813 angelis

2080 1808 2239 1870 intra
2262 1827 2328 1870 se
2349 1808 2679 1884 continere,
2712 1816 2771 1871 et
2801 1809 2997 1890 ipsum
3029 1809 3233 1875 lumen
3262 1812 3527 1880 vicissim
3558 1808 3721 1880 habi-

2080 1905 2204 1962 tare
2226 1898 2380 1959 intra
2409 1897 2692 1973 animam,
2730 1904 2790 1961 et
2819 1916 2952 1960 eam
2984 1900 3328 1981 neutiquam
3363 1920 3569 1969 urere.
3605 1905 3724 1971 co-

2080 1986 2276 2066 gnosti
2330 1986 2693 2068 profundum
2752 1986 3139 2068 mysterium;
3196 1989 3401 2067 homo,
3450 1990 3609 2059 inter
3652 2012 3723 2061 ea

2078 2095 2209 2156 quae
2258 2075 2366 2137 sub
2417 2082 2720 2157 aspectum
2778 2075 3178 2156 subjiciuntur
3224 2078 3500 2158 exiguum
3551 2081 3718 2163 quid,

2077 2163 2289 2225 umbra
2312 2171 2371 2225 et
2393 2163 2606 2245 pulvis,
2639 2164 2703 2225 in
2740 2164 2938 2227 medio
2968 2164 3060 2227 sui
3100 2163 3287 2228 Deum
3338 2174 3524 2233 totum
3566 2188 3718 2234 con-

2076 2253 2250 2341 tinet,
2283 2271 2318 2313 a
2345 2252 2516 2332 cujus
2546 2251 2728 2332 digito
2788 2252 3012 2341 pendet
3064 2262 3358 2328 creatura,
3419 2265 3481 2319 et
3524 2276 3560 2323 a
3601 2277 3718 2341 quo

2077 2340 2325 2421 quilibet
2355 2340 2670 2403 essentiam
2704 2359 2897 2417 suam,
2930 2340 3128 2419 vitam,
3162 2350 3221 2405 et
3251 2351 3478 2408 motum
3508 2340 3711 2411 habet.

2076 2431 2242 2491 Mens
2266 2429 2480 2510 omnis,
2525 2428 2746 2507 anima,
2780 2438 2839 2492 et
2870 2428 3024 2493 ratio
3052 2430 3281 2494 ratione
3334 2434 3717 2514 praeditorum

2076 2517 2149 2580 ab
2195 2518 2305 2579 hoc
2336 2526 2463 2580 est:
2490 2516 2822 2599 eodemque
2870 2519 3047 2582 modo
3088 2518 3331 2600 spiritus
3367 2522 3717 2589 animalium

2074 2606 2468 2686 intelligentia
2514 2607 2867 2669 vacantium.
2905 2613 2964 2668 et
3013 2606 3256 2670 omnino
3304 2610 3714 2679 universorum

2076 2704 2197 2757 tum
2253 2694 2763 2770 ratiocinantium,
2810 2701 2933 2755 tum
2980 2697 3388 2759 tantummodo
3441 2700 3712 2764 sentien-

2074 2783 2218 2846 tium
2248 2803 2381 2846 esse
2410 2783 2550 2845 hinc
2583 2790 2804 2845 manat.
2834 2786 3007 2847 Hunc
3028 2782 3282 2857 habens,
3314 2784 3585 2868 quisquis
3613 2788 3713 2851 ha-

2072 2871 2257 2945 bebit,
2294 2880 2350 2935 et
2372 2872 2528 2933 intra
2555 2889 2621 2932 se
2651 2880 2918 2950 gestans,
2950 2879 3010 2936 et
3037 2872 3169 2952 ejus
3208 2871 3712 2953 pulchritudinem

355 2962 510 3042 piam
543 2963 880 3044 voluptatis,
925 2971 1024 3025 aut
1064 2963 1395 3044 pertubalio
1438 2962 1684 3024 demum
1714 2959 1831 3021 alia
1858 2975 1989 3021 sese
2006 3015 2047 3046 τ,
2071 2970 2374 3042 spectans,
2405 2960 2703 3041 quomodo
2731 2960 3016 3023 desiderii
3039 2961 3340 3023 flammam
3366 2961 3550 3025 feret?
3569 2982 3712 3046 quo-

352 3055 764 3133 commoverit,
802 3061 859 3113 et
892 3053 1231 3133 lampadem
1265 3051 1569 3124 everterit,
1604 3049 1667 3110 id
1700 3058 1811 3124 est,
1845 3046 2048 3110 sco-“'
2072 3049 2245 3113 modo
2270 3049 2467 3128 ignem
2507 3049 2727 3112 amoris
2757 3047 3120 3112 sustinebit?
3147 3049 3449 3133 quomodo
3489 3046 3712 3117 calidas

351 3157 513 3218 pum,
554 3150 610 3201 et
640 3132 1029 3221 pr0positum’
1064 3141 1381 3203 voluntatis
1424 3158 1594 3214 meae,
1644 3146 1746 3199 aut
1789 3138 1985 3199 oleum
2067 3157 2101 3201 e
2127 3139 2307 3201 corde
2337 3139 2625 3217 lacrymas
2665 3158 2782 3199 non
2828 3136 3118 3201 stillabit?
3161 3132 3459 3220 quomodo
3511 3140 3710 3204 admi-

352 3228 652 3309 elinxerit,
680 3232 927 3293 virtutes
955 3250 1164 3292 omnes
1210 3237 1308 3291 aut
1337 3228 1555 3308 alioqui
1603 3226 1980 3306 ellychnium,
2066 3227 2255 3288 randa
2284 3226 2385 3287 illa
2406 3224 2736 3287 enuntiabit
2757 3225 2788 3285 ?
2817 3226 3115 3307 quomodo
3146 3245 3276 3308 quae
3304 3226 3367 3288 in
3396 3228 3523 3309 ipso
3558 3231 3712 3293 ﬁunt

351 3335 567 3397 nempe
590 3324 855 3380 mentem
889 3317 1404 3392 meam,utdixi,in
1435 3335 1499 3378 se
1520 3316 1648 3396 ipsa
1664 3314 1983 3376 habentem
2068 3313 2470 3377 enumerabit?
2488 3313 2783 3394 quomodo
2824 3316 2995 3396 plane
3029 3314 3270 3397 tacebit,
3296 3334 3432 3379 cum
3464 3327 3709 3399 cogatur

345 3407 550 3467 lumen
573 3407 730 3468 clare
758 3407 1013 3486 fulgens,
1032 3409 1226 3488 pravis
1246 3404 1704 3485 cogitationibus
1724 3401 1980 3465 absumit

349 3502 407 3556 et
461 3494 723 3575 devorat,
774 3504 875 3556 aut
927 3497 1103 3558 etiam
1159 3502 1340 3557 totam
1384 3496 1447 3556 in
1495 3493 1626 3555 oleo
1660 3490 1977 3570 demergit,

346 3583 485 3643 dum
518 3582 797 3644 videlicet
843 3584 1123 3645 virtutum
1170 3602 1415 3645 suarum
1463 3582 1727 3644 actiones
1772 3578 1982 3641 recolit

346 3691 414 3733 ac
444 3680 656 3749 versat,
690 3680 747 3734 et
776 3673 914 3734 hinc
945 3672 1019 3734 de
1050 3691 1114 3734 se
1143 3673 1452 3751 magniﬁce
1493 3670 1839 3733 existimans
1870 3686 1978 3729 ex-

346 3768 615 3830 caecatur,
664 3761 717 3821 si
750 3761 1084 3841 lampadem
1134 3780 1326 3823 meam
1375 3762 1540 3835 hinc,
1590 3766 1691 3821 aut
1741 3756 1980 3820 aliunde

340 3848 590 3910 fortasse
620 3849 913 3928 exstingui
941 3849 1258 3928 contingat,
1282 3848 1381 3910 ubi
1412 3856 1551 3910 tunc
1580 3848 1778 3927 ignem
1825 3863 1977 3918 esse,

342 3947 443 3997 aut
469 3936 609 4017 quid
658 3956 754 3999 me
799 3937 928 4000 ﬁeri
984 3938 1194 4000 dices?
1222 3938 1579 4000 Permanere
1623 3936 1788 3997 illum
1845 3950 1979 3994 cum

343 4026 726 4107 lampade,an
754 4026 825 4088 ab
851 4046 919 4088 ea
938 4026 1169 4088 secludi
1189 4046 1257 4088 ac
1279 4024 1549 4105 sejungi?
1572 4023 1728 4086 Proh
1766 4038 1979 4082 amen-

343 4114 523 4175 tiam!
562 4116 713 4195 proh
766 4114 1088 4177 insaniam!
1145 4114 1268 4187 Quo
1331 4122 1503 4195 pacto
1556 4113 1778 4191 lampas
1832 4108 1982 4169 citra

337 4204 537 4282 ignem
569 4205 836 4279 accendi,
870 4213 970 4267 aut
990 4204 1144 4283 ignis
1174 4204 1399 4285 absque
1449 4204 1693 4263 materia
1738 4216 1981 4260 manere

2060 3403 2269 3485 loqui?
2299 3403 2688 3477 Videtetiam
2729 3422 2865 3466 sese
2911 3405 2973 3466 in
3016 3402 3245 3482 inferis,
3280 3412 3410 3487 post
3437 3406 3705 3471 illustra-

2062 3493 2284 3554 tionem
2310 3490 2574 3565 luminis,
2599 3490 2865 3572 inquam.
2896 3492 3132 3555 Etenim
3165 3510 3344 3554 nemo
3376 3491 3459 3553 ibi
3479 3493 3702 3556 seden-

2063 3583 2207 3643 tium
2237 3589 2373 3643 ante
2410 3579 2603 3642 divini
2652 3580 2894 3642 luminis
2940 3581 3437 3643 illuminationem
3484 3599 3550 3644 se
3599 3601 3701 3645 co-

2062 3670 2334 3749 gnoscit;
2367 3668 2473 3753 sed
2504 3671 2566 3729 in
2597 3668 2933 3747 ignorantia
2970 3670 3261 3749 caliginis,
3314 3688 3434 3751 qua
3472 3668 3703 3734 obsessi

2065 3766 2360 3833 tenentur,
2422 3757 2958 3837 corruptionisque,
3002 3766 3061 3821 et
3107 3759 3315 3819 mortis
3363 3773 3699 3822 versantur.

2061 3845 2485 3909 Verumtamen
2511 3842 2670 3906 videt
2697 3846 2800 3907 ubi
2828 3846 3011 3926 fulget
3049 3845 3246 3907 anima
3296 3845 3418 3926 illa,
3452 3854 3511 3907 et
3541 3864 3607 3909 se
3633 3846 3698 3910 in

2062 3932 2432 3996 densissimis
2481 3931 2765 4009 tenebris,
2812 3942 2873 3996 et
2919 3934 3185 3996 custodia
3231 3933 3527 3996 tutissima
3554 3950 3698 4015 pro-

2062 4020 2428 4084 fundissimae
2448 4021 2798 4099 ignorantiae
2826 4030 3001 4084 totam
3032 4040 3163 4085 esse
3193 4020 3495 4099 intelligit.
3532 4020 3701 4086 Tunc

2063 4110 2276 4189 cernit,
2318 4108 2419 4168 ubi
2468 4108 2665 4171 clausa
2719 4110 2815 4185 sit,
2864 4109 3059 4171 locum
3104 4116 3291 4171 totum
3352 4108 3504 4170 nihil
3564 4127 3699 4173 esse

2063 4207 2278 4279 praeter
2322 4214 2579 4278 caenum,
2631 4196 3097 4272 immundorum,
3150 4204 3604 4275 venenatorum,
3638 4206 3700 4262 et
3760 4202 3765 4213 ‘

338 4295 400 4353 in
429 4293 704 4373 lampade
736 4294 973 4373 potest?
1003 4298 1255 4375 Semper
1285 4284 1443 4355 enim
1468 4291 1623 4369 ignis
1665 4284 2421 4375 materiamDserpentium
2474 4284 2759 4375 plenum;
2818 4286 3074 4366 seipsam
3129 4304 3267 4375 vero
3318 4284 3579 4375 ligatam,
3639 4293 3701 4349 et

338 4381 564 4460 appetit
592 4402 706 4462 qua
737 4392 1026 4462 pascatur.
1058 4382 1345 4445 Nostrum
1403 4388 1493 4444 est
1548 4389 1746 4441 autem
1803 4378 1976 4456 plane

343 4471 499 4529 hanc
549 4489 897 4550 praeparare,
932 4478 990 4532 et
1024 4480 1295 4551 prompte
1330 4490 1438 4532 nos
1487 4470 1650 4550 ipsos
1697 4476 1972 4544 tanquam

340 4556 648 4636 lampades
679 4559 981 4632 exhibere,
1010 4560 1142 4621 oleo
1173 4559 1477 4640 plenos,id
1505 4564 1616 4637 est,
1641 4554 1976 4633 omnigenis

339 4644 649 4707 virtutibus
727 4656 1058 4711 exornatos.
1123 4646 1334 4709 Mentis
1405 4665 1544 4709 vere
1619 4641 1973 4723 ellychnium

340 4739 605 4793 erectum
638 4734 923 4813 proferre,
977 4744 1041 4796 ut
1086 4735 1222 4814 igne
1268 4742 1628 4808 contactum,
1694 4730 1971 4811 paulatim

340 4820 634 4881 ﬂammam
661 4823 979 4903 concipiat.
1009 4824 1108 4887 Sic
1134 4824 1358 4886 cumiis
1389 4831 1607 4897 manet,
1643 4820 1745 4902 qui
1774 4822 1972 4900 ipsum

335 4908 762 4988 acquisierunt.
791 4912 997 4990 Aliter,
1051 4932 1127 4975 ne
1178 4912 1311 4993 quis
1359 4911 1473 4973 sibi
1519 4910 1790 4972 fraudem
1848 4906 1968 4985 det,

336 5015 460 5056 non
483 4997 736 5074 videtur,
770 5018 889 5062 non
922 5008 1180 5075 tenetur,
1218 5020 1332 5061 non
1363 4999 1673 5061 cohibetur
1711 4995 1964 5077 penitus.

326 5083 442 5145 Est
464 5085 819 5167 enim,quod
844 5091 1161 5153 memoravi
1182 5108 1379 5171 supra,
1398 5097 1564 5151 extra
1586 5088 1739 5148 hanc
1770 5101 1970 5146 rerum

335 5180 634 5251 naturam,
659 5184 717 5238 et
734 5177 815 5238 ita
836 5187 1063 5257 capitur
1089 5180 1308 5241 unione
1347 5175 1656 5251 ineffabili,
1680 5180 1745 5235 ut
1775 5184 1973 5233 tamen

333 5261 468 5342 capi
498 5277 753 5344 nequeat
784 5284 798 5329 :
834 5266 1226 5348 similiterque
1253 5263 1818 5341 circumscrribitur,
1861 5278 1973 5323 nec

333 5358 535 5414 tamen
564 5354 1090 5417 circumscribitur.

414 5441 553 5504 Haec
580 5460 754 5522 porro
784 5442 1126 5524 neutiquam
1160 5441 1565 5523 sermonibus,
1598 5458 1707 5502 nec
1744 5438 1970 5516 cogita-

328 5529 601 5593 tionibus
620 5529 941 5611 investiga:
967 5533 1073 5595 sed
1094 5532 1293 5613 ignem
1336 5548 1513 5613 posce
1542 5527 1840 5609 accipere,
1871 5525 1973 5606 qui

660 5664 923 5728 PATROL.
950 5663 1057 5729 Gn.
1086 5665 1259 5730 CXX.

2053 4373 2305 4437 vinculis
2328 4373 2704 4434 constrictam
2730 4392 2938 4435 manus
2959 4381 3018 4436 et
3040 4374 3243 4455 pedes,
3270 4370 3695 4457 etsqualidam,

2058 4471 2116 4525 et
2144 4460 2466 4536 sordidam,
2502 4469 2558 4521 et
2587 4471 2935 4541 serpentum
2980 4462 3157 4524 simul
3209 4461 3507 4522 morsibus
3554 4474 3698 4525 sau-

2057 4556 2231 4633 ciam,
2266 4559 2326 4613 et
2375 4557 2605 4628 gestare
2654 4571 2718 4614 se
2761 4571 3010 4616 carnem
3065 4570 3232 4614 suam
3290 4546 3693 4630 tumefactam,

2057 4648 2501 4719 scatentemque
2519 4641 2846 4703 vermibus.
2880 4641 3018 4705 Haec
3048 4641 3149 4723 qui
3178 4640 3357 4722 videt,
3398 4636 3698 4722 quomodo

2052 4750 2173 4795 non
2205 4729 2615 4793 exhorrescet?
2635 4730 2930 4810 quomodo
2953 4722 3219 4811 non’plor
3229 4727 3379 4791 abit?
3398 4722 3697 4809 quomodo

2054 4840 2174 4884 non
2220 4816 2519 4893 clamabit,
2574 4825 2633 4879 et
2670 4819 2968 4882 ferventer
3023 4812 3374 4901 paenitebit,
3432 4824 3609 4897 atque
3661 4834 3700 4879 a

2056 4905 2382 4971 teterrimis
2411 4905 2663 4968 vinculis
2693 4914 2757 4967 ut
2785 4900 3074 4969 liberetur
3119 4901 3398 4984 rogabit?
3422 4900 3696 4966 Profecto

2055 4997 2392 5078 quicunque
2442 4994 2569 5055 haec
2626 5013 2764 5057 vere
2809 4994 3046 5075 viderit,
3093 5002 3152 5056 et
3194 4993 3578 5078 ingemiscet,
3638 4999 3699 5075 et

2053 5074 2494 5155 lamentabitur,
2539 5090 2597 5143 et
2641 5102 2775 5145 cum
2826 5102 2895 5145 eo
2944 5074 3046 5163 qui
3091 5081 3293 5144 lumen
3336 5074 3510 5156 fudit,
3556 5074 3697 5143 cum

2054 5173 2314 5242 Christo,
2347 5170 2609 5250 inquam,
2644 5190 2775 5234 esse
2803 5170 2980 5233 volet.

2134 5263 2275 5323 Haec
2302 5259 2502 5339 itaque
2520 5259 2773 5321 faciente
2793 5278 2910 5336 me,
2936 5275 3070 5339 quae
3099 5254 3243 5336 dixi,
3278 5262 3352 5339 et
3392 5254 3457 5317 in
3503 5268 3699 5335 genus

2053 5357 2189 5413 ante
2220 5338 2600 5426 effulgentem
2622 5348 2872 5409 cadente
2892 5338 3106 5425 (probe
3145 5338 3293 5404 mihi
3332 5354 3465 5426 qua
3501 5344 3696 5406 dicam

2053 5435 2387 5513 considera)
2420 5434 2606 5514 tangit
2626 5429 2726 5498 ille
2757 5426 3053 5509 manibus,
3074 5426 3341 5506 vulnera,
3374 5439 3434 5494 et
3460 5426 3697 5495 vincula

2044 5546 2211 5593 mea.
2242 5524 2437 5604 Atque
2468 5514 2572 5587 ubi
2599 5542 2805 5589 manus
2835 5539 2932 5585 me
2962 5521 3168 5602 taugit,
3186 5520 3294 5591 aut
3340 5515 3556 5603 digitus
3580 5520 3697 5586 'ad-

3228 5653 3301 5719 18
