4112 6106
490 243 607 338 555
1786 268 2170 342 SYMEONIS
2207 278 2554 340 JUNIORIS
3735 269 3857 334 556

487 419 774 488 movetur,
810 412 1003 475 statim
1031 420 1387 492 rumpuntur
1419 412 1670 486 vincula,
1699 429 1931 473 vermes
1959 428 2122 472 emo-
2141 429 2186 464 Α
2208 408 2412 470 cisset.
2438 407 2553 470 Sed
2579 407 2826 488 privatio
2849 409 2978 487 ejus
3003 408 3273 471 omnium
3305 409 3517 470 horum
3559 407 3857 468 honorum

485 499 744 577 riuntur,
775 519 893 562 orae
921 500 1237 561 vulnerum
1268 500 1330 561 in
1360 520 1544 562 unum
1578 501 1979 572 attrahuntur,
2014 499 2123 559 de-
2209 496 2564 558 oblivionem
2621 496 2768 557 mihi
2824 497 3128 573 afferebat,
3178 505 3240 559 ut
3287 516 3382 558 me
3431 503 3727 576 egentem,
3783 511 3859 554 ac

486 589 693 650 cidunt
721 590 948 664 sordes,
984 596 1042 650 et
1083 589 1245 650 labes
1275 590 1468 650 carnis
1501 608 1670 659 meae.
1707 589 1770 650 fit
1799 586 2127 650 contractio
2211 589 2552 650 destitutum
2585 597 2877 668 putarem.
2908 588 3100 660 Quare
3131 597 3192 650 ut
3219 589 3413 651 adhuc
3437 587 3739 651 veteribus
3762 586 3856 646 in-

486 677 549 737 in
581 677 917 740 cicatricem
950 685 1200 757 repente
1229 687 1410 754 tanta,
1444 685 1506 738 ut
1535 697 1604 739 eo
1637 677 1698 738 in
1730 678 1858 737 loco
1889 673 2129 737 cicatrix
2213 677 2465 752 volutus,
2499 677 2668 739 malis
2691 677 3023 753 cruciabar,
3059 679 3394 759 sedensque
3425 679 3486 738 in
3528 677 3726 738 medio
3760 684 3854 736 ta-

489 767 731 826 omnino
766 767 926 828 nulla
954 773 1251 846 appareat,
1287 767 1390 827 sed
1437 767 1486 827 is
1517 765 1710 846 potius
1759 765 2037 826 similiter
2065 771 2133 822 ut
2213 763 2558 846 bernaculo,
2593 766 2750 828 velut
2778 765 2840 826 in
2880 765 3258 842 domuncula,
3307 775 3405 828 aut
3455 766 3516 828 in
3564 784 3701 827 vase
3750 765 3849 824 in-

485 853 682 916 diviua
715 873 924 916 manus
955 872 1234 916 coruscus
1266 855 1544 918 efficitur.
1582 856 1727 915 Mira
1758 863 1816 915 et
1845 871 2003 917 nova
2024 869 2120 912 res
2203 855 2422 926 clusus,
2468 855 2710 928 flebam,
2772 854 3139 916 lamentabar
3183 858 3588 929 vehementer,
3609 871 3854 934 prorsus

487 958 624 1002 caro
647 959 798 1003 mea.
826 941 1097 1004 Essentia
1125 942 1339 1003 animae
1381 961 1548 1022 mem,
1582 943 1700 1003 imo
1751 949 1811 1003 et
1858 939 2123 1020 corporis

487 1027 882 1089 meidivinam
909 1041 1178 1090 assecuta
1223 1030 1492 1107 gloriam,
1526 1030 1813 1108 fulgorem
1847 1027 1999 1107 jacit
2026 1026 2122 1086 di—

482 1115 942 1180 vinum.Videns
964 1118 1074 1179 hoc
1096 1119 1153 1178 in
1170 1127 1334 1198 parte
1348 1118 1618 1199 corporis
1632 1118 1748 1178 mei
1771 1117 2115 1197 perfectum,

482 1205 778 1286 quomodo
838 1225 954 1267 non
995 1205 1372 1283 desiderabo,
1438 1215 1495 1267 et
1546 1207 1880 1286 supplicalo
1941 1211 2120 1264 totum

484 1313 699 1374 corpus
731 1313 928 1356 meum
960 1313 994 1355 a
1021 1295 1189 1356 malis
1220 1295 1479 1370 liberari,
1516 1295 1910 1373 similiterque
1961 1293 2123 1352 sani-

485 1389 692 1456 tatem,
717 1383 954 1462 qualem
969 1383 1111 1457 dixi,
1140 1391 1198 1443 et
1220 1383 1461 1461 gloriam
1481 1381 1762 1463 assequi?
1783 1381 2006 1443 Tamen
2037 1379 2123 1440 sic

486 1489 584 1532 me
605 1471 879 1546 faciente,
909 1472 1028 1532 imo
1051 1472 1227 1532 etiam
1251 1472 1593 1547 ferventius,
1630 1479 1686 1532 et
1717 1469 2124 1550 obstupefacto

486 1561 870 1639 proportione
920 1561 1364 1636 miraculorum,
1409 1561 1598 1622 bonus
1633 1559 1918 1621 Dominus
1969 1564 2126 1617 mota

450 1651 664 1709 ‘manu
713 1669 820 1711 sua
867 1649 1097 1729 reliqua
1156 1651 1422 1728 corporis
1481 1648 1599 1709 mei
1648 1647 1802 1720 obit;
1838 1653 1896 1708 et
1944 1663 2124 1706 cerno

2204 942 2362 1004 foras
2414 962 2530 1003 non
2582 943 2945 1023 propiciens.
2987 943 3384 1024 Requirebam
3435 945 3600 1006 enim
3651 943 3849 1014 illum,

2205 1031 2371 1092 illum
2397 1051 2570 1111 quem
2596 1031 3220 1113 desiderabam,quem
3234 1034 3623 1112 amavi,cujus
3647 1032 3854 1093 formae

2208 1120 2500 1198 elegantia
2523 1121 2863 1182 vulneratus
2914 1139 3067 1182 sum.
3112 1121 3507 1201 Incendebar,
3539 1118 3849 1191 ardrbam,

2206 1216 2360 1269 totus
2400 1208 2779 1286 ignescebam
2861 1206 2960 1270 Sic
3017 1227 3157 1287 ergo
3221 1228 3312 1270 me
3359 1210 3698 1283 viventem,
3763 1206 3854 1268 sic

2205 1297 2646 1376 lacrymantem,
2669 1296 3208 1378 tabescentemque,
3242 1306 3300 1359 et
3335 1297 3619 1359 atrociter
3642 1295 3854 1374 ﬂagel-

2206 1386 2410 1461 latum,
2443 1394 2504 1448 et
2534 1406 2657 1466 prie
2687 1386 2891 1449 dolore
2924 1385 3363 1462 vociferantem,
3401 1387 3672 1449 exaudito
3724 1386 3854 1446 cla-

2207 1492 2370 1534 more
2405 1493 2533 1535 meo
2567 1473 2938 1553 prospiciens
2976 1473 3047 1534 ab
3098 1475 3414 1555 immensa,
3459 1485 3517 1537 et
3570 1474 3854 1552 inconje-

2207 1563 2478 1624 cturabili
2511 1563 2845 1635 altitudine,
2881 1581 3013 1622 cum
3039 1581 3133 1624 me
3158 1564 3424 1638 vidisset,
3461 1564 3760 1637 misertus,
3794 1572 3857 1623 et

2209 1669 2316 1729 pro
2365 1652 2622 1711 humano
2671 1658 2844 1729 captu
2894 1649 3081 1711 videri
3123 1669 3357 1712 rursum
3409 1652 3684 1729 dignatus
3733 1658 3850 1725 est,

484 1737 634 1814 haec,
666 1755 736 1798 eo
766 1757 880 1818 quo
911 1739 1142 1799 narravi
1187 1737 1384 1812 modo,
1438 1746 1704 1817 purgata,
1759 1744 1817 1796 et
1863 1734 2120 1794 divinam
2143 1733 2182 1782 Β
2205 1740 2305 1820 qui
2337 1748 2424 1801 est
2453 1737 2729 1799 omnibus
2759 1736 3353 1817 inaspectabilis.Quo
3367 1747 3852 1820 conspecto,per-

483 1825 694 1887 induta
743 1825 1012 1903 gloriam.
1051 1824 1174 1889 Mox
1225 1825 1402 1903 igitur
1459 1833 1729 1904 purgato,
1764 1832 1820 1884 et
1875 1820 2123 1882 vinculis
2207 1828 2402 1890 culsus
2443 1846 2574 1888 sum
2618 1845 2723 1905 ego
2761 1825 2823 1886 in
2861 1826 3164 1887 domicilio
3201 1827 3486 1908 inclusus,
3521 1835 3580 1888 et
3609 1827 3671 1888 in
3711 1845 3855 1888 vase

487 1914 758 1990 liberato,
806 1914 1063 1975 divinam
1109 1914 1256 1974 mihi
1303 1930 1541 1975 manum
1591 1911 1855 1994 porrigit,
1891 1928 1924 1972 e
1955 1927 2124 1970 caeno
2207 1917 2544 1989 conclusus,
2577 1916 2720 1975 etin
2751 1914 2947 1975 medio
2981 1914 3850 1996 tenebrarum,cceli,inquam,

487 2021 585 2066 me
612 2002 806 2080 erigit,
841 2021 936 2065 me
958 2003 1398 2083 οοπιριθοῑίῑυΐ»
1429 2011 1489 2064 et
1517 2002 1674 2064 cadit
1701 2018 1880 2080 super
1909 1997 2121 2059 conum
2207 2024 2274 2067 ac
2308 2015 2477 2066 terrae
2499 2004 2717 2066 medio.
2743 2001 2857 2064 Res
2881 2003 3038 2063 enim
3069 2003 3384 2066 sensibiles
3413 2003 3646 2084 appello
3678 2013 3854 2065 tene-

487 2110 686 2153 meum
737 2092 877 2171 (heu
932 2111 1027 2152 me
1065 2092 1166 2171 qui
1223 2091 1385 2153 istch
1430 2089 1739 2152 sustinebo
1756 2087 1800 2161 Ῡ)
1829 2094 1887 2148 εἰ
1915 2084 2125 2147 crebro
2210 2095 2368 2168 bras,
2393 2091 2666 2153 omnibus
2697 2090 3056 2163 hominibus,
3093 2100 3150 2152 et
3193 2110 3398 2153 eorum
3440 2092 3653 2153 animis
3702 2110 3849 2153 sen-

485 2180 786 2243 osculatur
816 2199 932 2242 me.
961 2178 1268 2241 Defectum
1297 2187 1493 2240 autem
1520 2197 1616 2240 me
1640 2177 1896 2259 penitus,
1923 2181 1976 2236 et
2000 2175 2122 2253 jam
2205 2181 2478 2242 sibilibus
2497 2179 3117 2242 seseimmiscentibus
3147 2181 3507 2260 superfusas.
3528 2180 3848 2261 Inquibus,

481 2271 638 2332 vires
691 2269 1082 2349 recipientem
1139 2269 1341 2350 (proh!
1385 2268 1681 2349 quomodo
1733 2267 1861 2328 haec
1915 2262 2127 2324 litteris
2206 2271 2269 2331 in
2299 2268 2699 2342 sensibilibus,
2732 2269 2999 2348 inquam,
3036 2269 3350 2345 hzerentes,
3385 2280 3734 2349 premuntur
3777 2269 3851 2332 ab

485 2356 926 2434 committam?)
964 2356 1116 2417 tollit
1145 2376 1240 2419 me
1287 2359 1350 2418 in
1392 2359 1675 2420 humeros
1722 2373 1880 2430 suos,
1911 2372 1945 2414 ο
1979 2352 2122 2412 cha-
2207 2357 2304 2438 iis,
2339 2365 2397 2420 et
2426 2357 2815 2419 obscurantur
2848 2357 3060 2416 mirum
3087 2357 3148 2417 in
3180 2357 3446 2421 modum.

485 2447 651 2521 ritas,
684 2465 718 2506 o
745 2445 1001 2520 bonitas,
1037 2452 1094 2506 et
1128 2445 1200 2507 ab
1230 2447 1460 2522 inferis,
1509 2463 1819 2524 caenoque,
1868 2449 1925 2504 et
1974 2439 2122 2502 cali-
2288 2447 2574 2508 Caeterum
2598 2446 2658 2506 in
2680 2445 2921 2506 hiscum
2949 2463 3164 2521 essem,
3191 2445 3307 2506 vidi
3329 2446 3527 2508 animo
3553 2446 3654 2527 qui
3685 2445 3849 2526 prius

486 2535 622 2614 gine
645 2534 944 2609 eductum,
979 2533 1208 2596 inducit
1235 2554 1327 2596 me
1356 2535 1417 2596 in
1451 2535 1629 2596 alium
1661 2534 1783 2594 sive
1813 2528 2120 2600 mundum,
2209 2542 2354 2611 erat,
2391 2543 2449 2596 et
2476 2553 2632 2595 nunc
2665 2540 2752 2594 est
2773 2541 2933 2594 extra
2955 2532 3154 2594 omnia
3181 2555 3193 2595 :
3217 2552 3465 2614 sumque
3488 2535 3840 2609 admiratus,

488 2622 610 2684 Sive
641 2640 866 2702 aerem,
899 2641 1033 2682 nam
1078 2624 1312 2702 penitus
1340 2642 1466 2684 rem
1511 2622 1679 2683 effari
1712 2637 1979 2700 nequeo;
2011 2617 2125 2678 hoc
2206 2623 2384 2685 crede
2418 2623 2587 2703 mihi,
2614 2631 2670 2683 et
2701 2621 2998 2701 obstupui,
3023 2622 3518 2702 timui,etgaudio
3533 2623 3843 2685 exsultavi.

487 2713 621 2772 novi
644 2718 891 2783 tantum,
928 2731 1023 2773 me
1056 2713 1306 2791 portari,
1331 2721 1390 2774 et
1412 2712 1700 2774 contineri
1722 2730 1756 2770 a
1783 2707 2032 2786 lumine,
2067 2712 2128 2766 et
2206 2711 3528 2792 Consideransquemiraculumquomodo,qui
3550 2712 3846 2774 nibilcum

488 2799 560 2861 ad
593 2818 869 2878 magnum
903 2799 1103 2861 lumen
1134 2800 1358 2875 ίῐιάυοί,
1393 2802 1563 2880 cuius
1599 2796 2123 2861 admirabilitatem
2205 2819 2406 2861 rerum
2435 2807 2641 2861 natura
2661 2817 2976 2860 commune
2997 2798 3195 2874 habet,
3229 2809 3288 2861 et
3311 2809 3398 2861 est
3430 2809 3591 2861 extra
3622 2801 3844 2875 omnia,

485 2887 814 2966 ingentem,
851 2905 926 2947 ne
957 2886 1151 2964 angeli
1180 2887 1420 2968 quidem
1451 2887 1716 2960 omnino,
1751 2891 1815 2946 ut
1839 2881 2120 2974 arbitror,
2145 2925 2184 2974 ε
2209 2887 2285 2948 sit
2313 2896 2510 2948 tamen
2540 2888 2600 2948 in
2632 2886 2928 2962 omnibus,
2964 2886 3135 2947 video
3189 2888 3342 2948 solas
3386 2886 3676 2974 videntem
3724 2905 3843 2960 me,

486 2977 646 3038 inter
676 2994 741 3036 se
769 2975 1075 3037 declarare
1109 2983 1406 3056 poterunt.
1443 2975 1586 3038 Cum
1614 2976 1736 3054 jam
1761 2989 1950 3034 essem
1978 2969 2134 3051 illic,
2153 2969 2183 2974 ⁷
2211 2976 2483 3037 nesciens
2508 2975 2608 3036 ubi
2636 2975 2733 3049 sit,
2760 2983 3038 3055 quantus,
3073 2975 3424 3054 cujusmodi,
3463 2983 3522 3035 et
3544 2973 3735 3054 qualis
3769 2975 3846 3034 sit

488 3065 604 3127 alia
633 3063 780 3124 mihi
807 3063 1216 3144 ostenditquaa
1240 3063 1300 3126 in
1335 3065 1581 3139 lumine,
1615 3072 1777 3144 puta,
1812 3060 1902 3121 vel
1938 3057 2129 3138 potius
2211 3064 2703 3143 quemvideo,aut
2726 3063 3022 3143 quomodo
3045 3063 3399 3138 videam,aut
3427 3061 3569 3142 quid
3589 3062 3846 3126 videam.

487 3173 622 3235 quae
652 3172 722 3214 ex
752 3150 1230 3214 lumine.Novam
1274 3153 1757 3214 reformationem
1790 3147 1953 3212 dedit
1988 3145 2133 3235 mihi
2212 3151 2435 3212 Tamen
2462 3151 2671 3214 videns
2712 3170 2843 3231 quae
2890 3150 3030 3224 vidi,
3078 3151 3386 3226 lamentor,
3438 3151 3574 3232 quia
3603 3151 3846 3212 modum

486 3234 852 3322 intelligere,
875 3257 991 3320 qua
1014 3239 1140 3318 ipse
1171 3239 1530 3321 reformavit,
1565 3246 1621 3300 et
1650 3239 1846 3300 denuo
1877 3234 2133 3323 ﬁnxit,et
2214 3245 2370 3304 hunc
2401 3259 2759 3321 cognoscere
2793 3260 3043 3321 nequeo,
3071 3250 3128 3302 et
3160 3260 3530 3322 nequaquam
3561 3240 3843 3323 cogitare,

489 3355 524 3398 ει
553 3319 1723 3409 corruptioneliberavitme,etamorte,
1750 3323 1905 3406 quod
1943 3319 2125 3398 sensi,
2211 3341 2308 3392 aut
2354 3319 2551 3408 aliqua
2597 3349 2667 3392 ex
2729 3319 2903 3410 parm—
2947 3319 3306 3410 prespiceré,
3366 3319 3481 3411 quo
3532 3336 3700 3410 pacto
3752 3319 3849 3392 mé

491 3430 677 3484 totum
723 3415 993 3490 absolvit,
1018 3415 1313 3497 vitamque
1355 3416 1747 3476 immortalem
1779 3411 2032 3483 donavit,
2070 3413 2130 3469 et

493 3528 530 3573 a
555 3508 777 3571 mundo
801 3506 912 3568 isto
935 3504 1220 3585 perituro,
1245 3505 1414 3566 ethis
1439 3523 1566 3585 quae
1603 3505 1732 3585 ipse
1770 3501 1832 3562 in
1872 3519 1944 3561 eo
1990 3503 2128 3559 sunt

488 3597 761 3663 omnibus
786 3592 881 3656 me
903 3593 1310 3672 sequestravit,
1347 3595 1611 3674 stolaque
1642 3611 1760 3653 non
1808 3585 2122 3658 materiali,

489 3699 550 3754 et
579 3685 776 3749 lucida
796 3681 1025 3745 vestivit
1055 3701 1171 3744 me.
1205 3682 1438 3744 lnduxit
1465 3682 1608 3744 item
1640 3681 1894 3751 calceos,
1928 3695 2123 3738 annu-

486 3779 634 3852 lum,
669 3783 726 3838 et
754 3789 1056 3844 coronam,
1082 3769 1457 3848 immortalia,
1491 3771 1877 3850 sempiterna,
1921 3763 2124 3825 omnia

488 3885 641 3928 nova
661 3863 731 3926 ab
754 3863 847 3923 his
869 3879 1000 3942 quae
1018 3858 1117 3920 hic
1141 3869 1482 3922 cernuntur.
1521 3860 1686 3922 Fecit
1725 3876 1842 3937 me,
1885 3875 1918 3916 o
1949 3852 2122 3942 novi-

485 3962 689 4026 tatem,
714 3940 1058 4021 intactilem,
1093 3947 1559 4028 impalpabilem,
1594 3966 1702 4008 nec
1738 3965 1853 4006 non
1909 3940 2121 4003 invisi-

487 4043 692 4117 bilem,
727 4039 1110 4119 conjunctum
1139 4036 1233 4098 his
1264 4055 1391 4118 quae
1438 4037 1546 4099 sub
1592 4034 1828 4097 videndi
1880 4048 2120 4093 sensum

487 4150 607 4193 non
627 4128 865 4192 cadunt.

565 4219 880 4297 Postquam
913 4232 1005 4275 me
1033 4214 1143 4275 isto
1174 4213 1371 4289 modo,
1399 4221 1456 4276 et
1479 4213 1653 4274 talem
1677 4212 1817 4272 fecit
1837 4208 2122 4273 Conditor

488 4329 682 4386 meus,
726 4310 788 4368 in
829 4307 1272 4369 tabernaculum
1323 4307 1627 4380 sensibile,
1669 4313 1727 4366 et
1767 4318 2117 4382 corporeum

484 4371 834 4471 introduxit,
872 4403 929 4456 et
971 4395 1032 4454 in
1063 4414 1131 4456 eo
1172 4394 1432 4471 inclusit,
1467 4371 1978 4471 munitionemque
2009 4390 2119 4450 ad-
2145 4371 2186 4419 D

483 4503 718 4546 versum
761 4501 856 4544 me
893 4482 1183 4555 adhibuit,
1237 4483 1674 4564 deductumque
1726 4482 1787 4543 in
1835 4479 2119 4542 mundum

485 4591 663 4654 quem
695 4571 1007 4645 sentimus,
1044 4579 1102 4632 et
1127 4571 1471 4651 aspicimus,
1499 4572 1675 4652 jussit
1705 4589 1940 4632 rursum
1963 4569 2025 4629 in
2049 4587 2117 4629 eo

483 4663 663 4723 vitam
698 4677 1044 4740 prapagare.
1067 4658 1138 4720 Et
1167 4679 1298 4720 cum
1325 4659 1660 4722 mandasset
1697 4659 1843 4720 mihi
1873 4675 2119 4720 consue-

483 4751 752 4812 tudinem
774 4747 996 4809 habere
1011 4766 1144 4808 cum
1166 4747 1243 4809 iis
1266 4749 1690 4828 quiversantur
1726 4750 1788 4809 in
1825 4745 2112 4819 tenebris,

482 4839 856 4900 liberatuma
886 4835 1168 4909 tenebris,
1208 4845 1264 4897 et
1289 4837 1515 4897 includi
1556 4856 1687 4899 cum
1721 4837 1859 4911 illis,
1911 4836 2012 4915 qui
2054 4834 2116 4894 in

481 4945 649 4988 coeno
682 4924 968 4997 habitant,
1001 4923 1091 4984 vel
1122 4923 1314 5003 potius
1345 4924 1581 5000 docere,
1626 4925 1696 4986 ad
1727 4923 2110 5003 agnitionem,

479 5014 695 5094 quibus
725 5011 988 5091 undique
1029 5011 1222 5072 affecti
1252 5020 1387 5073 sunt
1413 5013 1744 5094 vulnerum,
1798 5019 1856 5072 et
1901 5009 2115 5092 quibus

477 5103 818 5164 detinentur
845 5100 1241 5174 vinculorum,
1272 5119 1374 5161 eos
1400 5099 1769 5180 perducere:
1803 5118 1938 5160 cum
1963 5099 2108 5173 haec,

474 5191 740 5272 inquam,
771 5187 1134 5265 mandasset,
1172 5188 1369 5250 abivit.
1417 5188 1680 5250 Relictus
1722 5188 1902 5268 igitur
1952 5186 2113 5247 solus

472 5278 535 5341 in
591 5277 888 5360 prioribus
939 5276 1230 5351 tenebris,
1282 5296 1401 5338 non
1448 5275 1533 5338 fui
1587 5284 1920 5356 contentus,
1981 5292 2112 5355 quae

475 5367 624 5429 mihi
665 5367 881 5428 donata
923 5373 1059 5427 ante
1100 5364 1419 5427 memoravi
1466 5363 1640 5426 bonis
1686 5361 2106 5438 inetiabilibus,

473 5473 612 5518 cum
662 5473 756 5517 me
802 5463 992 5517 totum
1038 5461 1411 5530 renovasset,
1471 5460 1655 5516 totum
1710 5450 2108 5514 immortalem

474 5541 886 5619 reddidissset,
923 5550 1104 5605 totum
1136 5541 1492 5617 deificasset,
1527 5547 1586 5604 et
1630 5538 1925 5603 Christum
1957 5540 2105 5601 effe-

2206 3421 2420 3494 videat,
2446 3439 2620 3500 quem
2651 3438 2756 3498 ego
2785 3418 2977 3480 video.
3011 3417 3143 3478 Vidi
3173 3437 3410 3479 rursum
3461 3419 3621 3481 hunc
3660 3426 3842 3480 totum

2206 3509 2363 3570 intra
2393 3508 2632 3568 domum
2663 3525 2875 3580 meam,
2894 3515 2954 3567 et
2969 3506 3127 3567 intra
3147 3506 3257 3567 hoc
3277 3525 3375 3568 vas
3393 3514 3642 3584 repente
3661 3509 3845 3568 exsti-

2211 3598 2378 3674 tisse,
2400 3615 2613 3676 meque
2637 3594 3140 3657 sibiinelfabiliter
3171 3595 3453 3673 univisse,
3482 3595 3850 3656 inenarrabi-

2207 3687 2346 3750 liter
2366 3681 2771 3766 c0pulasse,et
2792 3686 2936 3745 citra
2970 3684 3304 3746 mistionem
3349 3683 3520 3764 mihi,
3545 3693 3609 3745 ut
3646 3685 3845 3762 ignem

2204 3774 2385 3852 ferro,
2414 3775 2690 3836 utlucem
2723 3773 2868 3834 vitro
2900 3774 3143 3834 missum
3176 3790 3329 3834 esse.
3356 3771 3426 3832 Et
3448 3771 3708 3834 reddidit
3751 3789 3848 3834 me

2204 3863 2346 3941 igni,
2378 3862 2637 3925 reddidit
2657 3862 2804 3923 vitro
2833 3860 3113 3936 similem,
3148 3860 3426 3942 evasique
3477 3859 3644 3934 illud,
3679 3861 3844 3938 quod

2203 3960 2374 4013 antea
2401 3950 2693 4030 videbam,
2719 3957 2776 4012 et
2807 3949 3008 4030 procul
3036 3949 3416 4030 aspiciebam,
3451 3957 3508 4010 et
3536 3967 3650 4029 quo
3673 3955 3848 4028 pacto

2203 4039 2615 4102 admirabilem
2658 4039 2822 4099 illum
2873 4036 3116 4098 modum
3145 4036 3252 4098 tibi
3282 4037 3620 4117 explanem,
3667 4035 3854 4097 verba

2203 4147 2322 4189 non
2350 4128 2611 4208 reperio;
2631 4146 2740 4188 nec
2770 4127 2928 4188 enim
2954 4125 3117 4205 potui
3149 4143 3531 4205 cognoscere,
3555 4143 3666 4186 nec
3691 4143 3853 4186 nunc

2205 4236 2444 4296 prorsus
2498 4235 2821 4294 cognosco,
2881 4215 3176 4294 quomodo
3237 4215 3298 4274 in
3361 4234 3453 4275 me
3511 4214 3844 4291 ingressus,

2206 4306 2501 4385 quomodo
2535 4323 2763 4366 mecum
2797 4303 2993 4364 unitus
3015 4303 3112 4364 sit.
3140 4303 3351 4366 Unitus
3385 4321 3560 4383 porro
3582 4320 3714 4362 cum
3740 4297 3838 4373 eo,

2205 4394 2499 4473 quomodo
2526 4391 2828 4472 explicabo
2859 4391 2986 4466 tibi,
3025 4391 3154 4472 quis
3178 4391 3302 4466 ille,
3325 4390 3424 4471 qui
3455 4389 3624 4464 mihi,
3659 4398 3718 4450 et
3749 4389 3850 4450 cui

2200 4482 2459 4542 vicissim
2497 4501 2603 4560 ego
2647 4481 2846 4542 unitus
2897 4480 3055 4542 sim?
3097 4480 3344 4554 Horreo,
3391 4488 3449 4541 et
3497 4487 3717 4552 metuo,
3764 4495 3843 4538 ne

2201 4570 2372 4647 forte,
2397 4570 2446 4630 si
2493 4570 2724 4645 dixero,
2779 4578 2837 4631 tu
2880 4588 2997 4630 non
3029 4569 3260 4643 credas,
3315 4575 3372 4629 et
3415 4586 3486 4629 ex
3512 4563 3842 4645 ignorantia

2199 4659 2396 4738 lapsus
2425 4658 2486 4719 in
2517 4657 2967 4737 blasphemiam,
3014 4657 3195 4718 frater
3233 4657 3336 4732 mi,
3371 4655 3627 4717 animam
3671 4660 3838 4714 tuam

2199 4747 2437 4827 perdas.
2460 4748 2677 4807 Verum
2700 4766 2874 4827 quem
2907 4764 3001 4807 me
3033 4765 3167 4807 cum
3196 4745 3297 4805 illo
3329 4744 3558 4805 unitum
3587 4740 3845 4803 vocabo?

2197 4839 2629 4910 Deum,natura
2655 4833 3289 4914 geminum,hypostasi
3318 4851 3522 4906 unum,
3541 4829 3843 4911 duplicem

2198 4924 2356 4984 enim
2392 4941 2484 4983 me
2515 4923 2676 4998 fecit,
2707 4933 2787 5000 et,
2811 4931 2874 4984 ut
2898 4924 3092 4987 cernis
3131 4923 3306 4984 etiam
3339 4920 3642 4999 geminum
3693 4918 3844 4979 mihi

2196 5031 2412 5072 nomen
2443 5011 2681 5074 indidit.
2711 5011 2799 5073 En
2833 5012 3298 5086 distinctionem,
3343 5011 3522 5071 homo
3561 5025 3693 5068 sum
3724 5025 3840 5067 na-

2197 5109 2346 5174 tura,
2389 5103 2550 5162 Deus
2593 5101 2796 5179 gratia.
2847 5100 2998 5162 Vide
3043 5101 3276 5180 qualem
3329 5097 3582 5177 gratiam
3613 5095 3838 5170 dicam,

2194 5188 2476 5250 unionem
2524 5189 2750 5250 scilicet
2793 5208 2927 5250 cum
2976 5189 3099 5266 illo,
3147 5186 3538 5260 sensibiliter,
3571 5192 3630 5246 et
3657 5184 3848 5244 intel-

2191 5275 2541 5348 lectualiter,
2593 5277 2979 5356 spiritualiter
3024 5285 3084 5339 et
3128 5275 3551 5338 essentialiter.
3592 5272 3846 5334 Intelle-

2191 5364 2443 5426 ctualem
2475 5363 2716 5444 quidem
2737 5366 3020 5429 unionem
3065 5364 3313 5447 exposui
3361 5363 3470 5427 tibi
3499 5362 3743 5424 diverse
3773 5380 3853 5425 ac

2189 5453 2364 5515 variis
2414 5453 2652 5514 modis:
2690 5455 3042 5518 sensibilem
3075 5466 3274 5519 autem
3325 5453 3422 5516 aio
3477 5469 3608 5514 esse
3653 5450 3850 5530 illam,

2189 5559 2320 5623 quae
2347 5541 2411 5604 in
2435 5541 2713 5622 mysterio
2757 5543 3063 5624 contingit.
3101 5545 3394 5623 Purgatus
3435 5540 3593 5606 enim
3644 5541 3848 5622 paeni-
