  <div class='ocr_page' id='page_1' title='image "/cluster/home/n/w/nwhite01/storage/ocr_20150623/120/mdp.39015008866736/284.png"; bbox 0 0 4112 6106; ppageno 0'>
   <div class='ocr_carea' id='block_1_1' title="bbox 259 254 3624 341">
    <p class='ocr_par' dir='ltr' id='par_1_1' title="bbox 259 254 3624 341">
     <span class='ocr_line' id='line_1_1' title="bbox 259 254 3624 341; baseline 0.007 -24"><span class='ocrx_word' id='word_1_1' title='bbox 259 254 382 320; x_wconf 79' lang='lat'>557</span> <span class='ocrx_word' id='word_1_2' title='bbox 1385 258 1824 326; x_wconf 83' lang='lat' dir='ltr'>DIVINORUM</span> <span class='ocrx_word' id='word_1_3' title='bbox 1869 256 2194 321; x_wconf 85' lang='lat' dir='ltr'>AMORUM</span> <span class='ocrx_word' id='word_1_4' title='bbox 2239 262 2490 324; x_wconf 83' lang='lat' dir='ltr'>LIBER.</span> <span class='ocrx_word' id='word_1_5' title='bbox 3508 275 3624 341; x_wconf 88' lang='lat'>558</span> 
     </span>
    </p>
   </div>
   <div class='ocr_carea' id='block_1_2' title="bbox 246 387 3622 476">
    <p class='ocr_par' dir='ltr' id='par_1_2' title="bbox 246 387 3622 476">
     <span class='ocr_line' id='line_1_2' title="bbox 246 387 3622 476; baseline 0.007 -30"><span class='ocrx_word' id='word_1_6' title='bbox 246 387 464 476; x_wconf 84' lang='lat' dir='ltr'>tentia,</span> <span class='ocrx_word' id='word_1_7' title='bbox 483 394 544 448; x_wconf 89' lang='lat' dir='ltr'>et</span> <span class='ocrx_word' id='word_1_8' title='bbox 566 388 1306 470; x_wconf 86' lang='lat' dir='ltr'>ﬂuentislacrymarum,et</span> <span class='ocrx_word' id='word_1_9' title='bbox 1327 387 1896 469; x_wconf 86' lang='lat' dir='ltr'>deiﬁcaticorporis,</span> <span class='ocrx_word' id='word_1_10' title='bbox 1918 395 1960 443; x_wconf 83' lang='lat' dir='ltr'>A</span> <span class='ocrx_word' id='word_1_11' title='bbox 1982 390 2460 470; x_wconf 88' lang='lat' dir='ltr'>quandoquidem</span> <span class='ocrx_word' id='word_1_12' title='bbox 2495 394 2760 456; x_wconf 91' lang='lat' dir='ltr'>nondum</span> <span class='ocrx_word' id='word_1_13' title='bbox 2805 397 2886 458; x_wconf 87' lang='lat' dir='ltr'>ita</span> <span class='ocrx_word' id='word_1_14' title='bbox 2928 406 3168 462; x_wconf 88' lang='lat' dir='ltr'>tenuata</span> <span class='ocrx_word' id='word_1_15' title='bbox 3191 409 3302 476; x_wconf 91' lang='lat' dir='ltr'>est,</span> <span class='ocrx_word' id='word_1_16' title='bbox 3336 411 3400 464; x_wconf 91' lang='lat' dir='ltr'>ut</span> <span class='ocrx_word' id='word_1_17' title='bbox 3427 407 3622 469; x_wconf 80' lang='lat' dir='ltr'>statim</span> 
     </span>
    </p>
   </div>
   <div class='ocr_carea' id='block_1_3' title="bbox 245 475 3616 568">
    <p class='ocr_par' dir='ltr' id='par_1_3' title="bbox 245 475 3616 568">
     <span class='ocr_line' id='line_1_3' title="bbox 245 475 3616 568; baseline 0.005 -32"><span class='ocrx_word' id='word_1_18' title='bbox 245 483 316 536; x_wconf 92' lang='lat' dir='ltr'>ut</span> <span class='ocrx_word' id='word_1_19' title='bbox 347 475 474 550; x_wconf 88' lang='lat' dir='ltr'>Dei,</span> <span class='ocrx_word' id='word_1_20' title='bbox 506 476 692 538; x_wconf 84' lang='lat' dir='ltr'>factus</span> <span class='ocrx_word' id='word_1_21' title='bbox 725 478 1018 559; x_wconf 80' lang='lat' dir='ltr'>particeps</span> <span class='ocrx_word' id='word_1_22' title='bbox 1059 479 1120 540; x_wconf 92' lang='lat' dir='ltr'>in</span> <span class='ocrx_word' id='word_1_23' title='bbox 1171 498 1337 540; x_wconf 89' lang='lat' dir='ltr'>sacra</span> <span class='ocrx_word' id='word_1_24' title='bbox 1378 479 1748 568; x_wconf 86' lang='lat' dir='ltr'>Eucharistia</span> <span class='ocrx_word' id='word_1_25' title='bbox 1792 476 1888 568; x_wconf 84' lang='lat' dir='ltr'>ni-</span> <span class='ocrx_word' id='word_1_26' title='bbox 1974 478 2352 540; x_wconf 80' lang='lat' dir='ltr'>accendatur.</span> <span class='ocrx_word' id='word_1_27' title='bbox 2381 479 2492 540; x_wconf 88' lang='lat' dir='ltr'>Ubi</span> <span class='ocrx_word' id='word_1_28' title='bbox 2534 489 2727 543; x_wconf 89' lang='lat' dir='ltr'>autem</span> <span class='ocrx_word' id='word_1_29' title='bbox 2783 484 3042 546; x_wconf 90' lang='lat' dir='ltr'>divinum</span> <span class='ocrx_word' id='word_1_30' title='bbox 3105 475 3302 548; x_wconf 81' lang='lat' dir='ltr'>cordis</span> <span class='ocrx_word' id='word_1_31' title='bbox 3355 491 3616 568; x_wconf 91' lang='lat' dir='ltr'>jaculum</span> 
     </span>
    </p>
   </div>
   <div class='ocr_carea' id='block_1_4' title="bbox 246 564 3613 654">
    <p class='ocr_par' dir='ltr' id='par_1_4' title="bbox 246 564 3613 654">
     <span class='ocr_line' id='line_1_4' title="bbox 246 564 3613 654; baseline 0.005 -30"><span class='ocrx_word' id='word_1_32' title='bbox 246 564 492 640; x_wconf 91' lang='lat' dir='ltr'>mirum,</span> <span class='ocrx_word' id='word_1_33' title='bbox 545 583 652 643; x_wconf 91' lang='lat' dir='ltr'>ego</span> <span class='ocrx_word' id='word_1_34' title='bbox 704 584 940 645; x_wconf 90' lang='lat' dir='ltr'>quoque</span> <span class='ocrx_word' id='word_1_35' title='bbox 988 567 1276 628; x_wconf 78' lang='lat' dir='ltr'>ineffabili</span> <span class='ocrx_word' id='word_1_36' title='bbox 1319 568 1537 629; x_wconf 88' lang='lat' dir='ltr'>unione</span> <span class='ocrx_word' id='word_1_37' title='bbox 1579 567 1734 628; x_wconf 92' lang='lat' dir='ltr'>Deus</span> <span class='ocrx_word' id='word_1_38' title='bbox 1787 566 1883 625; x_wconf 83' lang='lat' dir='ltr'>fio.</span> <span class='ocrx_word' id='word_1_39' title='bbox 1973 582 2291 626; x_wconf 90' lang='lat' dir='ltr'>accensum</span> <span class='ocrx_word' id='word_1_40' title='bbox 2323 568 2522 642; x_wconf 85' lang='lat' dir='ltr'>fuerit,</span> <span class='ocrx_word' id='word_1_41' title='bbox 2559 577 2680 630; x_wconf 91' lang='lat' dir='ltr'>tum</span> <span class='ocrx_word' id='word_1_42' title='bbox 2713 578 2774 632; x_wconf 91' lang='lat' dir='ltr'>et</span> <span class='ocrx_word' id='word_1_43' title='bbox 2801 572 2988 652; x_wconf 89' lang='lat' dir='ltr'>ipsam</span> <span class='ocrx_word' id='word_1_44' title='bbox 3020 574 3276 636; x_wconf 90' lang='lat' dir='ltr'>animam</span> <span class='ocrx_word' id='word_1_45' title='bbox 3298 564 3613 654; x_wconf 83' lang='lat' dir='ltr'>illuminat,</span> 
     </span>
    </p>
   </div>
   <div class='ocr_carea' id='block_1_5' title="bbox 244 652 3619 741">
    <p class='ocr_par' dir='ltr' id='par_1_5' title="bbox 244 652 3619 741">
     <span class='ocr_line' id='line_1_5' title="bbox 244 652 3619 741; baseline 0.005 -29"><span class='ocrx_word' id='word_1_46' title='bbox 244 652 394 741; x_wconf 71' lang='lat' dir='ltr'>Yide</span> <span class='ocrx_word' id='word_1_47' title='bbox 425 662 480 714; x_wconf 89' lang='lat' dir='ltr'>et</span> <span class='ocrx_word' id='word_1_48' title='bbox 511 653 759 715; x_wconf 87' lang='lat' dir='ltr'>observa</span> <span class='ocrx_word' id='word_1_49' title='bbox 780 655 1145 734; x_wconf 83' lang='lat' dir='ltr'>mysterium.</span> <span class='ocrx_word' id='word_1_50' title='bbox 1167 657 1380 718; x_wconf 90' lang='lat' dir='ltr'>Anima</span> <span class='ocrx_word' id='word_1_51' title='bbox 1400 656 1578 734; x_wconf 78' lang='lat' dir='ltr'>igitur</span> <span class='ocrx_word' id='word_1_52' title='bbox 1598 663 1656 717; x_wconf 93' lang='lat' dir='ltr'>et</span> <span class='ocrx_word' id='word_1_53' title='bbox 1676 671 1890 734; x_wconf 91' lang='lat' dir='ltr'>corpus</span> <span class='ocrx_word' id='word_1_54' title='bbox 1973 659 2030 711; x_wconf 86' lang='lat' dir='ltr'>et</span> <span class='ocrx_word' id='word_1_55' title='bbox 2059 663 2319 714; x_wconf 90' lang='lat' dir='ltr'>mentem</span> <span class='ocrx_word' id='word_1_56' title='bbox 2351 668 2584 735; x_wconf 85' lang='lat' dir='ltr'>purgat,</span> <span class='ocrx_word' id='word_1_57' title='bbox 2615 665 2792 739; x_wconf 86' lang='lat' dir='ltr'>atque</span> <span class='ocrx_word' id='word_1_58' title='bbox 2821 660 2881 721; x_wconf 92' lang='lat' dir='ltr'>in</span> <span class='ocrx_word' id='word_1_59' title='bbox 2913 661 3093 722; x_wconf 88' lang='lat' dir='ltr'>altum</span> <span class='ocrx_word' id='word_1_60' title='bbox 3141 663 3432 741; x_wconf 87' lang='lat' dir='ltr'>subvehit,</span> <span class='ocrx_word' id='word_1_61' title='bbox 3469 676 3524 728; x_wconf 90' lang='lat' dir='ltr'>et</span> <span class='ocrx_word' id='word_1_62' title='bbox 3555 652 3619 729; x_wconf 87' lang='lat' dir='ltr'>in</span> 
     </span>
    </p>
   </div>
   <div class='ocr_carea' id='block_1_6' title="bbox 247 738 3616 834">
    <p class='ocr_par' dir='ltr' id='par_1_6' title="bbox 247 738 3616 834">
     <span class='ocr_line' id='line_1_6' title="bbox 247 738 3616 834; baseline 0.005 -34"><span class='ocrx_word' id='word_1_63' title='bbox 247 738 339 834; x_wconf 60' lang='lat' dir='ltr'>(ut</span> <span class='ocrx_word' id='word_1_64' title='bbox 368 743 610 834; x_wconf 81' lang='lat' dir='ltr'>_eadem_</span> <span class='ocrx_word' id='word_1_65' title='bbox 645 741 929 834; x_wconf 77' lang='lat' dir='ltr'>iteremus</span> <span class='ocrx_word' id='word_1_66' title='bbox 1007 761 1076 805; x_wconf 86' lang='lat' dir='ltr'>ex</span> <span class='ocrx_word' id='word_1_67' title='bbox 1143 743 1478 834; x_wconf 79' lang='lat' dir='ltr'>incredibili</span> <span class='ocrx_word' id='word_1_68' title='bbox 1532 743 1771 834; x_wconf 73' lang='lat' dir='ltr'>laetitia)</span> <span class='ocrx_word' id='word_1_69' title='bbox 1828 743 1888 802; x_wconf 92' lang='lat' dir='ltr'>in</span> <span class='ocrx_word' id='word_1_70' title='bbox 1973 741 2195 834; x_wconf 83' lang='lat' dir='ltr'>coelum</span> <span class='ocrx_word' id='word_1_71' title='bbox 2225 743 2472 819; x_wconf 86' lang='lat' dir='ltr'>extollit,</span> <span class='ocrx_word' id='word_1_72' title='bbox 2507 738 2845 826; x_wconf 89' lang='lat' dir='ltr'>atquecum</span> <span class='ocrx_word' id='word_1_73' title='bbox 2877 748 3074 810; x_wconf 88' lang='lat' dir='ltr'>divino</span> <span class='ocrx_word' id='word_1_74' title='bbox 3107 750 3330 813; x_wconf 89' lang='lat' dir='ltr'>lumine</span> <span class='ocrx_word' id='word_1_75' title='bbox 3359 738 3616 834; x_wconf 86' lang='lat' dir='ltr'>conjun-</span> 
     </span>
    </p>
   </div>
   <div class='ocr_carea' id='block_1_7' title="bbox 243 827 2072 911">
    <p class='ocr_par' dir='ltr' id='par_1_7' title="bbox 243 827 2072 911">
     <span class='ocr_line' id='line_1_7' title="bbox 243 827 2072 911; baseline 0.001 -23"><span class='ocrx_word' id='word_1_76' title='bbox 243 827 476 890; x_wconf 92' lang='lat' dir='ltr'>duabus</span> <span class='ocrx_word' id='word_1_77' title='bbox 522 828 870 892; x_wconf 85' lang='lat' dir='ltr'>substantiis</span> <span class='ocrx_word' id='word_1_78' title='bbox 908 849 1090 893; x_wconf 92' lang='lat' dir='ltr'>unum</span> <span class='ocrx_word' id='word_1_79' title='bbox 1143 840 1300 894; x_wconf 91' lang='lat' dir='ltr'>sunt.</span> <span class='ocrx_word' id='word_1_80' title='bbox 1353 831 1490 894; x_wconf 72' lang='lat' dir='ltr'>Haec</span> <span class='ocrx_word' id='word_1_81' title='bbox 1526 832 1723 911; x_wconf 85' lang='lat' dir='ltr'>itaque</span> <span class='ocrx_word' id='word_1_82' title='bbox 1755 850 1886 892; x_wconf 93' lang='lat' dir='ltr'>cum</span> <span class='ocrx_word' id='word_1_83' title='bbox 1969 828 2072 904; x_wconf 88' lang='lat' dir='ltr'>git.</span> 
     </span>
    </p>
   </div>
   <div class='ocr_carea' id='block_1_8' title="bbox 242 916 3610 1011">
    <p class='ocr_par' dir='ltr' id='par_1_8' title="bbox 242 916 3610 1011">
     <span class='ocr_line' id='line_1_8' title="bbox 242 916 3610 1011; baseline 0.005 -35"><span class='ocrx_word' id='word_1_84' title='bbox 242 934 432 1011; x_wconf 82' lang='lat' dir='ltr'>unum</span> <span class='ocrx_word' id='word_1_85' title='bbox 466 916 582 978; x_wconf 87' lang='lat' dir='ltr'>sint</span> <span class='ocrx_word' id='word_1_86' title='bbox 613 925 670 978; x_wconf 92' lang='lat' dir='ltr'>et</span> <span class='ocrx_word' id='word_1_87' title='bbox 694 917 836 1011; x_wconf 84' lang='lat' dir='ltr'>duo,</span> <span class='ocrx_word' id='word_1_88' title='bbox 875 918 975 1011; x_wconf 76' lang='lat' dir='ltr'>ubi</span> <span class='ocrx_word' id='word_1_89' title='bbox 1007 937 1220 1000; x_wconf 89' lang='lat' dir='ltr'>corpus</span> <span class='ocrx_word' id='word_1_90' title='bbox 1251 920 1470 984; x_wconf 87' lang='lat' dir='ltr'>Christi</span> <span class='ocrx_word' id='word_1_91' title='bbox 1501 919 1882 1011; x_wconf 81' lang='lat' dir='ltr'>sumpserint,</span> <span class='ocrx_word' id='word_1_92' title='bbox 2049 917 2398 1011; x_wconf 86' lang='lat' dir='ltr'>Priusquam</span> <span class='ocrx_word' id='word_1_93' title='bbox 2422 921 2545 982; x_wconf 79' lang='lat' dir='ltr'>haec</span> <span class='ocrx_word' id='word_1_94' title='bbox 2566 922 2768 998; x_wconf 86' lang='lat' dir='ltr'>facias,</span> <span class='ocrx_word' id='word_1_95' title='bbox 2795 943 2924 1004; x_wconf 79' lang='lat' dir='ltr'>quae</span> <span class='ocrx_word' id='word_1_96' title='bbox 2943 944 3010 986; x_wconf 85' lang='lat' dir='ltr'>ex</span> <span class='ocrx_word' id='word_1_97' title='bbox 3035 945 3131 988; x_wconf 91' lang='lat' dir='ltr'>me</span> <span class='ocrx_word' id='word_1_98' title='bbox 3148 927 3385 1003; x_wconf 88' lang='lat' dir='ltr'>audisti,</span> <span class='ocrx_word' id='word_1_99' title='bbox 3413 949 3610 1011; x_wconf 56' lang='lat' dir='ltr'>quaeso</span> 
     </span>
    </p>
   </div>
   <div class='ocr_carea' id='block_1_9' title="bbox 244 1005 3610 1098">
    <p class='ocr_par' dir='ltr' id='par_1_9' title="bbox 244 1005 3610 1098">
     <span class='ocr_line' id='line_1_9' title="bbox 244 1005 3610 1098; baseline 0.004 -31"><span class='ocrx_word' id='word_1_100' title='bbox 244 1013 308 1067; x_wconf 88' lang='lat' dir='ltr'>et</span> <span class='ocrx_word' id='word_1_101' title='bbox 337 1005 466 1084; x_wconf 87' lang='lat' dir='ltr'>ejus</span> <span class='ocrx_word' id='word_1_102' title='bbox 506 1006 849 1098; x_wconf 84' lang='lat' dir='ltr'>sanguinem</span> <span class='ocrx_word' id='word_1_103' title='bbox 884 1005 1167 1098; x_wconf 84' lang='lat' dir='ltr'>biberint,</span> <span class='ocrx_word' id='word_1_104' title='bbox 1203 1008 1487 1098; x_wconf 84' lang='lat' dir='ltr'>ambabus</span> <span class='ocrx_word' id='word_1_105' title='bbox 1517 1009 1883 1098; x_wconf 88' lang='lat' dir='ltr'>substantiis,</span> <span class='ocrx_word' id='word_1_106' title='bbox 1969 1008 2266 1084; x_wconf 90' lang='lat' dir='ltr'>quomodo</span> <span class='ocrx_word' id='word_1_107' title='bbox 2329 1011 2723 1088; x_wconf 88' lang='lat' dir='ltr'>purgaberis?</span> <span class='ocrx_word' id='word_1_108' title='bbox 2764 1023 3082 1094; x_wconf 86' lang='lat' dir='ltr'>antequam</span> <span class='ocrx_word' id='word_1_109' title='bbox 3136 1034 3272 1077; x_wconf 89' lang='lat' dir='ltr'>vero</span> <span class='ocrx_word' id='word_1_110' title='bbox 3319 1005 3610 1098; x_wconf 81' lang='lat' dir='ltr'>purgeris,</span> 
     </span>
    </p>
   </div>
   <div class='ocr_carea' id='block_1_10' title="bbox 243 1095 3614 1188">
    <p class='ocr_par' dir='ltr' id='par_1_10' title="bbox 243 1095 3614 1188">
     <span class='ocr_line' id='line_1_10' title="bbox 243 1095 3614 1188; baseline 0.006 -36"><span class='ocrx_word' id='word_1_111' title='bbox 243 1099 307 1153; x_wconf 89' lang='lat' dir='ltr'>et</span> <span class='ocrx_word' id='word_1_112' title='bbox 335 1096 569 1188; x_wconf 63' lang='lat' dir='ltr'>naturis</span> <span class='ocrx_word' id='word_1_113' title='bbox 587 1095 754 1188; x_wconf 81' lang='lat' dir='ltr'>unita</span> <span class='ocrx_word' id='word_1_114' title='bbox 780 1098 902 1158; x_wconf 90' lang='lat' dir='ltr'>Deo</span> <span class='ocrx_word' id='word_1_115' title='bbox 929 1115 1082 1176; x_wconf 92' lang='lat' dir='ltr'>meo,</span> <span class='ocrx_word' id='word_1_116' title='bbox 1121 1096 1394 1158; x_wconf 89' lang='lat' dir='ltr'>similiter</span> <span class='ocrx_word' id='word_1_117' title='bbox 1443 1097 1886 1188; x_wconf 87' lang='lat' dir='ltr'>participatione</span> <span class='ocrx_word' id='word_1_118' title='bbox 1967 1111 2083 1188; x_wconf 67' lang='lat' dir='ltr'>quo</span> <span class='ocrx_word' id='word_1_119' title='bbox 2133 1104 2324 1188; x_wconf 82' lang='lat' dir='ltr'>pacto</span> <span class='ocrx_word' id='word_1_120' title='bbox 2354 1116 2523 1188; x_wconf 86' lang='lat' dir='ltr'>mens</span> <span class='ocrx_word' id='word_1_121' title='bbox 2581 1107 2676 1160; x_wconf 90' lang='lat' dir='ltr'>tua</span> <span class='ocrx_word' id='word_1_122' title='bbox 2717 1101 2947 1162; x_wconf 90' lang='lat' dir='ltr'>divinas</span> <span class='ocrx_word' id='word_1_123' title='bbox 2990 1103 3279 1167; x_wconf 85' lang='lat' dir='ltr'>scintillas</span> <span class='ocrx_word' id='word_1_124' title='bbox 3317 1095 3614 1188; x_wconf 78' lang='lat' dir='ltr'>accipiet?</span> 
     </span>
    </p>
   </div>
   <div class='ocr_carea' id='block_1_11' title="bbox 241 1180 1882 1264">
    <p class='ocr_par' dir='ltr' id='par_1_11' title="bbox 241 1180 1882 1264">
     <span class='ocr_line' id='line_1_11' title="bbox 241 1180 1882 1264; baseline 0.003 -24"><span class='ocrx_word' id='word_1_125' title='bbox 241 1180 498 1259; x_wconf 91' lang='lat' dir='ltr'>quadam</span> <span class='ocrx_word' id='word_1_126' title='bbox 531 1181 704 1242; x_wconf 70' lang='lat' dir='ltr'>Deus&#39;</span> <span class='ocrx_word' id='word_1_127' title='bbox 725 1184 889 1263; x_wconf 80' lang='lat' dir='ltr'>fiunt,</span> <span class='ocrx_word' id='word_1_128' title='bbox 915 1201 1206 1264; x_wconf 89' lang='lat' dir='ltr'>vocorque</span> <span class='ocrx_word' id='word_1_129' title='bbox 1239 1192 1294 1245; x_wconf 93' lang='lat' dir='ltr'>et</span> <span class='ocrx_word' id='word_1_130' title='bbox 1323 1185 1583 1245; x_wconf 92' lang='lat' dir='ltr'>honoror</span> <span class='ocrx_word' id='word_1_131' title='bbox 1613 1186 1741 1264; x_wconf 88' lang='lat' dir='ltr'>ejus</span> <span class='ocrx_word' id='word_1_132' title='bbox 1771 1204 1882 1245; x_wconf 80' lang='lat' dir='ltr'>no-</span> 
     </span>
    </p>
   </div>
   <div class='ocr_carea' id='block_1_12' title="bbox 240 1269 1879 1353">
    <p class='ocr_par' dir='ltr' id='par_1_12' title="bbox 240 1269 1879 1353">
     <span class='ocr_line' id='line_1_12' title="bbox 240 1269 1879 1353; baseline 0.004 -26"><span class='ocrx_word' id='word_1_133' title='bbox 240 1269 428 1345; x_wconf 90' lang='lat' dir='ltr'>mine,</span> <span class='ocrx_word' id='word_1_134' title='bbox 455 1280 624 1349; x_wconf 80' lang='lat' dir='ltr'>cujus</span> <span class='ocrx_word' id='word_1_135' title='bbox 656 1271 1121 1333; x_wconf 88' lang='lat' dir='ltr'>substantialiter</span> <span class='ocrx_word' id='word_1_136' title='bbox 1153 1274 1440 1353; x_wconf 88' lang='lat' dir='ltr'>particeps</span> <span class='ocrx_word' id='word_1_137' title='bbox 1464 1273 1704 1335; x_wconf 77' lang='lat' dir='ltr'>effectus</span> <span class='ocrx_word' id='word_1_138' title='bbox 1726 1291 1879 1334; x_wconf 91' lang='lat' dir='ltr'>sum.</span> 
     </span>
    </p>
   </div>
   <div class='ocr_carea' id='block_1_13' title="bbox 241 1356 1883 1440">
    <p class='ocr_par' dir='ltr' id='par_1_13' title="bbox 241 1356 1883 1440">
     <span class='ocr_line' id='line_1_13' title="bbox 241 1356 1883 1440; baseline 0.004 -25"><span class='ocrx_word' id='word_1_139' title='bbox 241 1356 439 1419; x_wconf 87' lang='lat' dir='ltr'>Dicite</span> <span class='ocrx_word' id='word_1_140' title='bbox 486 1358 689 1438; x_wconf 81' lang='lat' dir='ltr'>igitur,</span> <span class='ocrx_word' id='word_1_141' title='bbox 724 1360 1020 1439; x_wconf 90' lang='lat' dir='ltr'>quomodo</span> <span class='ocrx_word' id='word_1_142' title='bbox 1065 1359 1265 1440; x_wconf 85' lang='lat' dir='ltr'>carbo,</span> <span class='ocrx_word' id='word_1_143' title='bbox 1319 1361 1648 1422; x_wconf 82' lang='lat' dir='ltr'>et&#39;ferrum</span> <span class='ocrx_word' id='word_1_144' title='bbox 1694 1370 1883 1422; x_wconf 88' lang='lat' dir='ltr'>atrum</span> 
     </span>
    </p>
   </div>
   <div class='ocr_carea' id='block_1_14' title="bbox 238 1445 1879 1530">
    <p class='ocr_par' dir='ltr' id='par_1_14' title="bbox 238 1445 1879 1530">
     <span class='ocr_line' id='line_1_14' title="bbox 238 1445 1879 1530; baseline 0.005 -26"><span class='ocrx_word' id='word_1_145' title='bbox 238 1445 432 1526; x_wconf 81' lang='lat' dir='ltr'>ignita</span> <span class='ocrx_word' id='word_1_146' title='bbox 460 1447 616 1525; x_wconf 84' lang='lat' dir='ltr'>ignis</span> <span class='ocrx_word' id='word_1_147' title='bbox 641 1448 953 1510; x_wconf 89' lang='lat' dir='ltr'>videntur?</span> <span class='ocrx_word' id='word_1_148' title='bbox 969 1447 1134 1519; x_wconf 89' lang='lat' dir='ltr'>Quod</span> <span class='ocrx_word' id='word_1_149' title='bbox 1163 1460 1470 1530; x_wconf 83' lang='lat' dir='ltr'>apparent,</span> <span class='ocrx_word' id='word_1_150' title='bbox 1498 1449 1556 1510; x_wconf 93' lang='lat' dir='ltr'>id</span> <span class='ocrx_word' id='word_1_151' title='bbox 1580 1458 1879 1514; x_wconf 88' lang='lat' dir='ltr'>vocentur:</span> 
     </span>
    </p>
   </div>
   <div class='ocr_carea' id='block_1_15' title="bbox 240 1535 1880 1618">
    <p class='ocr_par' dir='ltr' id='par_1_15' title="bbox 240 1535 1880 1618">
     <span class='ocr_line' id='line_1_15' title="bbox 240 1535 1880 1618; baseline 0.004 -25"><span class='ocrx_word' id='word_1_152' title='bbox 240 1535 398 1612; x_wconf 83' lang='lat' dir='ltr'>ignis</span> <span class='ocrx_word' id='word_1_153' title='bbox 427 1546 730 1617; x_wconf 88' lang='lat' dir='ltr'>apparent,</span> <span class='ocrx_word' id='word_1_154' title='bbox 770 1537 916 1616; x_wconf 83' lang='lat' dir='ltr'>ignis</span> <span class='ocrx_word' id='word_1_155' title='bbox 971 1536 1374 1600; x_wconf 87' lang='lat' dir='ltr'>nominentur.</span> <span class='ocrx_word' id='word_1_156' title='bbox 1410 1538 1472 1601; x_wconf 91' lang='lat' dir='ltr'>Si</span> <span class='ocrx_word' id='word_1_157' title='bbox 1521 1546 1580 1600; x_wconf 94' lang='lat' dir='ltr'>tu</span> <span class='ocrx_word' id='word_1_158' title='bbox 1631 1547 1686 1598; x_wconf 88' lang='lat' dir='ltr'>te</span> <span class='ocrx_word' id='word_1_159' title='bbox 1717 1540 1880 1618; x_wconf 90' lang='lat' dir='ltr'>ejus-</span> 
     </span>
    </p>
   </div>
   <div class='ocr_carea' id='block_1_16' title="bbox 1965 1179 3608 1267">
    <p class='ocr_par' dir='ltr' id='par_1_16' title="bbox 1965 1179 3608 1267">
     <span class='ocr_line' id='line_1_16' title="bbox 1965 1179 3608 1267; baseline 0.011 -27"><span class='ocrx_word' id='word_1_160' title='bbox 1965 1179 2038 1240; x_wconf 89' lang='lat' dir='ltr'>Et</span> <span class='ocrx_word' id='word_1_161' title='bbox 2073 1185 2391 1264; x_wconf 89' lang='lat' dir='ltr'>quomodo,</span> <span class='ocrx_word' id='word_1_162' title='bbox 2444 1186 2715 1260; x_wconf 91' lang='lat' dir='ltr'>obsecro,</span> <span class='ocrx_word' id='word_1_163' title='bbox 2765 1199 2822 1249; x_wconf 93' lang='lat' dir='ltr'>et</span> <span class='ocrx_word' id='word_1_164' title='bbox 2879 1190 2928 1250; x_wconf 92' lang='lat' dir='ltr'>si</span> <span class='ocrx_word' id='word_1_165' title='bbox 2982 1191 3248 1267; x_wconf 90' lang='lat' dir='ltr'>aliunde,</span> <span class='ocrx_word' id='word_1_166' title='bbox 3309 1179 3608 1258; x_wconf 76' lang='lat' dir='ltr'>undenam</span> 
     </span>
    </p>
   </div>
   <div class='ocr_carea' id='block_1_17' title="bbox 1965 1269 3612 1360">
    <p class='ocr_par' dir='ltr' id='par_1_17' title="bbox 1965 1269 3612 1360">
     <span class='ocr_line' id='line_1_17' title="bbox 1965 1269 3612 1360; baseline 0.012 -33"><span class='ocrx_word' id='word_1_167' title='bbox 1965 1269 2132 1360; x_wconf 85' lang='lat' dir='ltr'>cordi</span> <span class='ocrx_word' id='word_1_168' title='bbox 2181 1277 2278 1331; x_wconf 92' lang='lat' dir='ltr'>tuo</span> <span class='ocrx_word' id='word_1_169' title='bbox 2333 1272 2574 1352; x_wconf 89' lang='lat' dir='ltr'>illapsus</span> <span class='ocrx_word' id='word_1_170' title='bbox 2627 1276 2782 1353; x_wconf 81' lang='lat' dir='ltr'>ignis</span> <span class='ocrx_word' id='word_1_171' title='bbox 2833 1277 3064 1339; x_wconf 91' lang='lat' dir='ltr'>divinus</span> <span class='ocrx_word' id='word_1_172' title='bbox 3107 1281 3488 1360; x_wconf 91' lang='lat' dir='ltr'>accendetur,</span> <span class='ocrx_word' id='word_1_173' title='bbox 3551 1292 3612 1346; x_wconf 90' lang='lat' dir='ltr'>et</span> 
     </span>
    </p>
   </div>
   <div class='ocr_carea' id='block_1_18' title="bbox 1963 1355 3606 1450">
    <p class='ocr_par' dir='ltr' id='par_1_18' title="bbox 1963 1355 3606 1450">
     <span class='ocr_line' id='line_1_18' title="bbox 1963 1355 3606 1450; baseline 0.012 -36"><span class='ocrx_word' id='word_1_174' title='bbox 1963 1355 2157 1450; x_wconf 80' lang='lat' dir='ltr'>ipsum</span> <span class='ocrx_word' id='word_1_175' title='bbox 2189 1361 2498 1441; x_wconf 82' lang='lat' dir='ltr'>accendet,</span> <span class='ocrx_word' id='word_1_176' title='bbox 2543 1371 2599 1422; x_wconf 90' lang='lat' dir='ltr'>et</span> <span class='ocrx_word' id='word_1_177' title='bbox 2647 1364 3064 1438; x_wconf 84' lang='lat' dir='ltr'>inﬂammabit,</span> <span class='ocrx_word' id='word_1_178' title='bbox 3105 1376 3166 1428; x_wconf 92' lang='lat' dir='ltr'>et</span> <span class='ocrx_word' id='word_1_179' title='bbox 3203 1369 3389 1450; x_wconf 92' lang='lat' dir='ltr'>uniet,</span> <span class='ocrx_word' id='word_1_180' title='bbox 3415 1355 3479 1431; x_wconf 88' lang='lat' dir='ltr'>et</span> <span class='ocrx_word' id='word_1_181' title='bbox 3500 1389 3606 1433; x_wconf 89' lang='lat' dir='ltr'>co-</span> 
     </span>
    </p>
   </div>
   <div class='ocr_carea' id='block_1_19' title="bbox 1964 1445 3604 1536">
    <p class='ocr_par' dir='ltr' id='par_1_19' title="bbox 1964 1445 3604 1536">
     <span class='ocr_line' id='line_1_19' title="bbox 1964 1445 3604 1536; baseline 0.011 -32"><span class='ocrx_word' id='word_1_182' title='bbox 1964 1445 2223 1536; x_wconf 61' lang='lat' dir='ltr'>pulabit,</span> <span class='ocrx_word' id='word_1_183' title='bbox 2257 1457 2314 1536; x_wconf 77' lang='lat' dir='ltr'>et</span> <span class='ocrx_word' id='word_1_184' title='bbox 2359 1458 2687 1511; x_wconf 90' lang='lat' dir='ltr'>creaturam</span> <span class='ocrx_word' id='word_1_185' title='bbox 2738 1472 2771 1512; x_wconf 90' lang='lat' dir='ltr'>a</span> <span class='ocrx_word' id='word_1_186' title='bbox 2809 1454 3093 1516; x_wconf 86' lang='lat' dir='ltr'>Creatore</span> <span class='ocrx_word' id='word_1_187' title='bbox 3145 1445 3604 1536; x_wconf 79' lang='lat' dir='ltr'>inseparabilem</span> 
     </span>
    </p>
   </div>
   <div class='ocr_carea' id='block_1_20' title="bbox 1964 1533 3606 1624">
    <p class='ocr_par' dir='ltr' id='par_1_20' title="bbox 1964 1533 3606 1624">
     <span class='ocr_line' id='line_1_20' title="bbox 1964 1533 3606 1624; baseline 0.01 -32"><span class='ocrx_word' id='word_1_188' title='bbox 1964 1533 2228 1624; x_wconf 82' lang='lat' dir='ltr'>efficiet?</span> <span class='ocrx_word' id='word_1_189' title='bbox 2257 1534 2490 1597; x_wconf 91' lang='lat' dir='ltr'>Nemini</span> <span class='ocrx_word' id='word_1_190' title='bbox 2523 1538 2676 1598; x_wconf 89' lang='lat' dir='ltr'>istud</span> <span class='ocrx_word' id='word_1_191' title='bbox 2709 1541 2974 1602; x_wconf 91' lang='lat' dir='ltr'>omnium</span> <span class='ocrx_word' id='word_1_192' title='bbox 3007 1543 3108 1622; x_wconf 92' lang='lat' dir='ltr'>qui</span> <span class='ocrx_word' id='word_1_193' title='bbox 3155 1533 3314 1604; x_wconf 80' lang='lat' dir='ltr'>nunc</span> <span class='ocrx_word' id='word_1_194' title='bbox 3353 1557 3512 1624; x_wconf 91' lang='lat' dir='ltr'>sunt,</span> <span class='ocrx_word' id='word_1_195' title='bbox 3546 1557 3606 1609; x_wconf 90' lang='lat' dir='ltr'>et</span> 
     </span>
    </p>
   </div>
   <div class='ocr_carea' id='block_1_21' title="bbox 240 1623 3603 1708">
    <p class='ocr_par' dir='ltr' id='par_1_21' title="bbox 240 1623 3603 1708">
     <span class='ocr_line' id='line_1_21' title="bbox 240 1623 3603 1708; baseline 0.005 -26"><span class='ocrx_word' id='word_1_196' title='bbox 240 1623 406 1683; x_wconf 89' lang='lat' dir='ltr'>modi</span> <span class='ocrx_word' id='word_1_197' title='bbox 431 1643 546 1685; x_wconf 91' lang='lat' dir='ltr'>non</span> <span class='ocrx_word' id='word_1_198' title='bbox 579 1624 1006 1706; x_wconf 90' lang='lat' dir='ltr'>deprehendis,</span> <span class='ocrx_word' id='word_1_199' title='bbox 1041 1625 1114 1687; x_wconf 92' lang='lat' dir='ltr'>de</span> <span class='ocrx_word' id='word_1_200' title='bbox 1144 1626 1485 1704; x_wconf 89' lang='lat' dir='ltr'>hujusmodi</span> <span class='ocrx_word' id='word_1_201' title='bbox 1535 1627 1742 1688; x_wconf 88' lang='lat' dir='ltr'>saltem</span> <span class='ocrx_word' id='word_1_202' title='bbox 1774 1627 1880 1688; x_wconf 91' lang='lat' dir='ltr'>tibi</span> <span class='ocrx_word' id='word_1_203' title='bbox 1902 1657 1940 1705; x_wconf 75' lang='grc' dir='ltr'>Β</span> <span class='ocrx_word' id='word_1_204' title='bbox 1964 1623 2063 1701; x_wconf 90' lang='lat' dir='ltr'>qui</span> <span class='ocrx_word' id='word_1_205' title='bbox 2094 1633 2224 1702; x_wconf 91' lang='lat' dir='ltr'>post</span> <span class='ocrx_word' id='word_1_206' title='bbox 2252 1625 2383 1686; x_wconf 91' lang='lat' dir='ltr'>aliis</span> <span class='ocrx_word' id='word_1_207' title='bbox 2415 1636 2588 1688; x_wconf 89' lang='lat' dir='ltr'>erunt</span> <span class='ocrx_word' id='word_1_208' title='bbox 2617 1628 2678 1687; x_wconf 93' lang='lat' dir='ltr'>in</span> <span class='ocrx_word' id='word_1_209' title='bbox 2708 1629 2879 1690; x_wconf 90' lang='lat' dir='ltr'>annis</span> <span class='ocrx_word' id='word_1_210' title='bbox 2917 1631 3202 1708; x_wconf 89' lang='lat' dir='ltr'>possibile</span> <span class='ocrx_word' id='word_1_211' title='bbox 3233 1633 3421 1694; x_wconf 92' lang='lat' dir='ltr'>dlces.</span> <span class='ocrx_word' id='word_1_212' title='bbox 3457 1635 3603 1706; x_wconf 70' lang='lat' dir='ltr'>Quae</span> 
     </span>
    </p>
   </div>
   <div class='ocr_carea' id='block_1_22' title="bbox 240 1711 1880 1790">
    <p class='ocr_par' dir='ltr' id='par_1_22' title="bbox 240 1711 1880 1790">
     <span class='ocr_line' id='line_1_22' title="bbox 240 1711 1880 1790; baseline 0.004 -19"><span class='ocrx_word' id='word_1_213' title='bbox 240 1711 674 1775; x_wconf 90' lang='lat' dir='ltr'>disserentibus</span> <span class='ocrx_word' id='word_1_214' title='bbox 724 1715 899 1774; x_wconf 85' lang='lat' dir='ltr'>fidem</span> <span class='ocrx_word' id='word_1_215' title='bbox 950 1714 1245 1790; x_wconf 89' lang='lat' dir='ltr'>denegare</span> <span class='ocrx_word' id='word_1_216' title='bbox 1296 1715 1436 1788; x_wconf 93' lang='lat' dir='ltr'>noli,</span> <span class='ocrx_word' id='word_1_217' title='bbox 1492 1715 1597 1776; x_wconf 92' lang='lat' dir='ltr'>sed</span> <span class='ocrx_word' id='word_1_218' title='bbox 1645 1735 1713 1776; x_wconf 90' lang='lat' dir='ltr'>ex</span> <span class='ocrx_word' id='word_1_219' title='bbox 1763 1724 1880 1777; x_wconf 92' lang='lat' dir='ltr'>toto</span> 
     </span>
    </p>
   </div>
   <div class='ocr_carea' id='block_1_23' title="bbox 239 1800 1882 1883">
    <p class='ocr_par' dir='ltr' id='par_1_23' title="bbox 239 1800 1882 1883">
     <span class='ocr_line' id='line_1_23' title="bbox 239 1800 1882 1883; baseline 0.003 -23"><span class='ocrx_word' id='word_1_220' title='bbox 239 1800 424 1862; x_wconf 89' lang='lat' dir='ltr'>corde</span> <span class='ocrx_word' id='word_1_221' title='bbox 480 1810 577 1862; x_wconf 91' lang='lat' dir='ltr'>tuo</span> <span class='ocrx_word' id='word_1_222' title='bbox 637 1821 858 1882; x_wconf 87' lang='lat' dir='ltr'>quaere,</span> <span class='ocrx_word' id='word_1_223' title='bbox 913 1810 972 1864; x_wconf 91' lang='lat' dir='ltr'>et</span> <span class='ocrx_word' id='word_1_224' title='bbox 1023 1802 1276 1882; x_wconf 90' lang='lat' dir='ltr'>accipies</span> <span class='ocrx_word' id='word_1_225' title='bbox 1329 1805 1722 1883; x_wconf 87' lang='lat' dir='ltr'>margaritam,</span> <span class='ocrx_word' id='word_1_226' title='bbox 1785 1813 1882 1865; x_wconf 93' lang='lat' dir='ltr'>aut</span> 
     </span>
    </p>
   </div>
   <div class='ocr_carea' id='block_1_24' title="bbox 239 1892 1882 1972">
    <p class='ocr_par' dir='ltr' id='par_1_24' title="bbox 239 1892 1882 1972">
     <span class='ocr_line' id='line_1_24' title="bbox 239 1892 1882 1972; baseline 0.004 -24"><span class='ocrx_word' id='word_1_227' title='bbox 239 1896 488 1966; x_wconf 90' lang='lat' dir='ltr'>guttam,</span> <span class='ocrx_word' id='word_1_228' title='bbox 534 1899 632 1951; x_wconf 91' lang='lat' dir='ltr'>aut</span> <span class='ocrx_word' id='word_1_229' title='bbox 682 1892 904 1972; x_wconf 89' lang='lat' dir='ltr'>sinapis</span> <span class='ocrx_word' id='word_1_230' title='bbox 935 1910 1203 1970; x_wconf 88' lang='lat' dir='ltr'>granum,</span> <span class='ocrx_word' id='word_1_231' title='bbox 1258 1892 1530 1955; x_wconf 90' lang='lat' dir='ltr'>divinum</span> <span class='ocrx_word' id='word_1_232' title='bbox 1582 1912 1787 1956; x_wconf 89' lang='lat' dir='ltr'>semen</span> <span class='ocrx_word' id='word_1_233' title='bbox 1820 1901 1882 1955; x_wconf 89' lang='lat' dir='ltr'>ut</span> 
     </span>
    </p>
   </div>
   <div class='ocr_carea' id='block_1_25' title="bbox 240 1977 585 2042">
    <p class='ocr_par' dir='ltr' id='par_1_25' title="bbox 240 1977 585 2042">
     <span class='ocr_line' id='line_1_25' title="bbox 240 1977 585 2042; baseline 0.012 -4"><span class='ocrx_word' id='word_1_234' title='bbox 240 1977 585 2042; x_wconf 89' lang='lat' dir='ltr'>scintillam.</span> 
     </span>
    </p>
   </div>
   <div class='ocr_carea' id='block_1_26' title="bbox 324 2067 1875 2149">
    <p class='ocr_par' dir='ltr' id='par_1_26' title="bbox 324 2067 1875 2149">
     <span class='ocr_line' id='line_1_26' title="bbox 324 2067 1875 2149; baseline 0.002 -21"><span class='ocrx_word' id='word_1_235' title='bbox 324 2067 398 2128; x_wconf 89' lang='lat' dir='ltr'>At</span> <span class='ocrx_word' id='word_1_236' title='bbox 426 2071 584 2129; x_wconf 91' lang='lat' dir='ltr'>enim</span> <span class='ocrx_word' id='word_1_237' title='bbox 605 2087 719 2148; x_wconf 92' lang='lat' dir='ltr'>quo</span> <span class='ocrx_word' id='word_1_238' title='bbox 743 2076 910 2148; x_wconf 89' lang='lat' dir='ltr'>pacto</span> <span class='ocrx_word' id='word_1_239' title='bbox 941 2086 1172 2148; x_wconf 76' lang='lat' dir='ltr'>quaeres</span> <span class='ocrx_word' id='word_1_240' title='bbox 1193 2069 1348 2149; x_wconf 93' lang='lat' dir='ltr'>quod</span> <span class='ocrx_word' id='word_1_241' title='bbox 1373 2069 1479 2132; x_wconf 89' lang='lat' dir='ltr'>tibi</span> <span class='ocrx_word' id='word_1_242' title='bbox 1501 2069 1676 2130; x_wconf 85' lang='lat' dir='ltr'>dico?</span> <span class='ocrx_word' id='word_1_243' title='bbox 1701 2070 1875 2145; x_wconf 87' lang='lat' dir='ltr'>Audi,</span> 
     </span>
    </p>
   </div>
   <div class='ocr_carea' id='block_1_27' title="bbox 239 2154 1878 2238">
    <p class='ocr_par' dir='ltr' id='par_1_27' title="bbox 239 2154 1878 2238">
     <span class='ocr_line' id='line_1_27' title="bbox 239 2154 1878 2238; baseline 0.003 -23"><span class='ocrx_word' id='word_1_244' title='bbox 239 2162 301 2215; x_wconf 92' lang='lat' dir='ltr'>et</span> <span class='ocrx_word' id='word_1_245' title='bbox 329 2154 643 2234; x_wconf 91' lang='lat' dir='ltr'>diligenter</span> <span class='ocrx_word' id='word_1_246' title='bbox 675 2156 871 2231; x_wconf 91' lang='lat' dir='ltr'>facito,</span> <span class='ocrx_word' id='word_1_247' title='bbox 913 2165 968 2218; x_wconf 91' lang='lat' dir='ltr'>et</span> <span class='ocrx_word' id='word_1_248' title='bbox 996 2176 1123 2218; x_wconf 87' lang='lat' dir='ltr'>mox</span> <span class='ocrx_word' id='word_1_249' title='bbox 1157 2158 1443 2237; x_wconf 90' lang='lat' dir='ltr'>reperies.</span> <span class='ocrx_word' id='word_1_250' title='bbox 1480 2159 1701 2238; x_wconf 88' lang='lat' dir='ltr'>Accipe</span> <span class='ocrx_word' id='word_1_251' title='bbox 1739 2178 1878 2238; x_wconf 90' lang='lat' dir='ltr'>per-</span> 
     </span>
    </p>
   </div>
   <div class='ocr_carea' id='block_1_28' title="bbox 239 2243 1883 2324">
    <p class='ocr_par' dir='ltr' id='par_1_28' title="bbox 239 2243 1883 2324">
     <span class='ocr_line' id='line_1_28' title="bbox 239 2243 1883 2324; baseline 0.004 -22"><span class='ocrx_word' id='word_1_252' title='bbox 239 2243 503 2322; x_wconf 90' lang='lat' dir='ltr'>spicuam</span> <span class='ocrx_word' id='word_1_253' title='bbox 532 2245 875 2324; x_wconf 89' lang='lat' dir='ltr'>imaginem,</span> <span class='ocrx_word' id='word_1_254' title='bbox 903 2245 1025 2306; x_wconf 91' lang='lat' dir='ltr'>sive</span> <span class='ocrx_word' id='word_1_255' title='bbox 1066 2245 1518 2308; x_wconf 89' lang='lat' dir='ltr'>similitudinem</span> <span class='ocrx_word' id='word_1_256' title='bbox 1551 2246 1783 2324; x_wconf 91' lang='lat' dir='ltr'>lapidis,</span> <span class='ocrx_word' id='word_1_257' title='bbox 1825 2256 1883 2310; x_wconf 92' lang='lat' dir='ltr'>et</span> 
     </span>
    </p>
   </div>
   <div class='ocr_carea' id='block_1_29' title="bbox 238 2331 1881 2412">
    <p class='ocr_par' dir='ltr' id='par_1_29' title="bbox 238 2331 1881 2412">
     <span class='ocr_line' id='line_1_29' title="bbox 238 2331 1881 2412; baseline 0.004 -21"><span class='ocrx_word' id='word_1_258' title='bbox 238 2331 411 2409; x_wconf 84' lang='lat' dir='ltr'>ferri;</span> <span class='ocrx_word' id='word_1_259' title='bbox 444 2333 506 2393; x_wconf 90' lang='lat' dir='ltr'>in</span> <span class='ocrx_word' id='word_1_260' title='bbox 538 2333 630 2394; x_wconf 91' lang='lat' dir='ltr'>his</span> <span class='ocrx_word' id='word_1_261' title='bbox 660 2333 819 2394; x_wconf 91' lang='lat' dir='ltr'>enim</span> <span class='ocrx_word' id='word_1_262' title='bbox 853 2342 1061 2395; x_wconf 90' lang='lat' dir='ltr'>natura</span> <span class='ocrx_word' id='word_1_263' title='bbox 1090 2333 1243 2412; x_wconf 91' lang='lat' dir='ltr'>ignis</span> <span class='ocrx_word' id='word_1_264' title='bbox 1275 2335 1518 2394; x_wconf 91' lang='lat' dir='ltr'>omnino</span> <span class='ocrx_word' id='word_1_265' title='bbox 1549 2353 1665 2395; x_wconf 92' lang='lat' dir='ltr'>una</span> <span class='ocrx_word' id='word_1_266' title='bbox 1694 2343 1752 2397; x_wconf 92' lang='lat' dir='ltr'>et</span> <span class='ocrx_word' id='word_1_267' title='bbox 1777 2355 1881 2396; x_wconf 91' lang='lat' dir='ltr'>ca-</span> 
     </span>
    </p>
   </div>
   <div class='ocr_carea' id='block_1_30' title="bbox 239 2420 1878 2504">
    <p class='ocr_par' dir='ltr' id='par_1_30' title="bbox 239 2420 1878 2504">
     <span class='ocr_line' id='line_1_30' title="bbox 239 2420 1878 2504; baseline 0.004 -24"><span class='ocrx_word' id='word_1_268' title='bbox 239 2420 380 2481; x_wconf 90' lang='lat' dir='ltr'>dem</span> <span class='ocrx_word' id='word_1_269' title='bbox 404 2429 514 2493; x_wconf 88' lang='lat' dir='ltr'>est,</span> <span class='ocrx_word' id='word_1_270' title='bbox 537 2425 767 2484; x_wconf 90' lang='lat' dir='ltr'>tametsi</span> <span class='ocrx_word' id='word_1_271' title='bbox 788 2423 959 2502; x_wconf 92' lang='lat' dir='ltr'>plane</span> <span class='ocrx_word' id='word_1_272' title='bbox 981 2441 1099 2483; x_wconf 92' lang='lat' dir='ltr'>non</span> <span class='ocrx_word' id='word_1_273' title='bbox 1121 2431 1419 2498; x_wconf 90' lang='lat' dir='ltr'>cernatur,</span> <span class='ocrx_word' id='word_1_274' title='bbox 1435 2423 1878 2504; x_wconf 90' lang='lat' dir='ltr'>ignis,inquam.</span> 
     </span>
    </p>
   </div>
   <div class='ocr_carea' id='block_1_31' title="bbox 239 2507 1883 2592">
    <p class='ocr_par' dir='ltr' id='par_1_31' title="bbox 239 2507 1883 2592">
     <span class='ocr_line' id='line_1_31' title="bbox 239 2507 1883 2592; baseline 0.003 -22"><span class='ocrx_word' id='word_1_275' title='bbox 239 2507 413 2580; x_wconf 86' lang='lat' dir='ltr'>Quod</span> <span class='ocrx_word' id='word_1_276' title='bbox 443 2509 492 2570; x_wconf 88' lang='lat' dir='ltr'>si</span> <span class='ocrx_word' id='word_1_277' title='bbox 523 2510 902 2588; x_wconf 89' lang='lat' dir='ltr'>collidantur,</span> <span class='ocrx_word' id='word_1_278' title='bbox 955 2521 1011 2572; x_wconf 89' lang='lat' dir='ltr'>et</span> <span class='ocrx_word' id='word_1_279' title='bbox 1055 2512 1358 2572; x_wconf 90' lang='lat' dir='ltr'>materiam</span> <span class='ocrx_word' id='word_1_280' title='bbox 1402 2512 1786 2592; x_wconf 87' lang='lat' dir='ltr'>arripuerint,</span> <span class='ocrx_word' id='word_1_281' title='bbox 1827 2514 1883 2575; x_wconf 92' lang='lat' dir='ltr'>ei</span> 
     </span>
    </p>
   </div>
   <div class='ocr_carea' id='block_1_32' title="bbox 239 2598 1883 2679">
    <p class='ocr_par' dir='ltr' id='par_1_32' title="bbox 239 2598 1883 2679">
     <span class='ocr_line' id='line_1_32' title="bbox 239 2598 1883 2679; baseline 0.004 -22"><span class='ocrx_word' id='word_1_282' title='bbox 239 2614 316 2657; x_wconf 85' lang='lat' dir='ltr'>ex</span> <span class='ocrx_word' id='word_1_283' title='bbox 347 2598 558 2659; x_wconf 89' lang='lat' dir='ltr'>horum</span> <span class='ocrx_word' id='word_1_284' title='bbox 607 2599 916 2660; x_wconf 89' lang='lat' dir='ltr'>collisione</span> <span class='ocrx_word' id='word_1_285' title='bbox 961 2617 1134 2679; x_wconf 91' lang='lat' dir='ltr'>parva</span> <span class='ocrx_word' id='word_1_286' title='bbox 1189 2600 1455 2660; x_wconf 80' lang='lat' dir='ltr'>scintilla.</span> <span class='ocrx_word' id='word_1_287' title='bbox 1485 2601 1763 2663; x_wconf 84' lang='lat' dir='ltr'>exsiliens</span> <span class='ocrx_word' id='word_1_288' title='bbox 1813 2620 1883 2664; x_wconf 92' lang='lat' dir='ltr'>ac</span> 
     </span>
    </p>
   </div>
   <div class='ocr_carea' id='block_1_33' title="bbox 238 2687 1882 2768">
    <p class='ocr_par' dir='ltr' id='par_1_33' title="bbox 238 2687 1882 2768">
     <span class='ocr_line' id='line_1_33' title="bbox 238 2687 1882 2768; baseline 0.004 -23"><span class='ocrx_word' id='word_1_289' title='bbox 238 2703 376 2746; x_wconf 88' lang='lat' dir='ltr'>sese</span> <span class='ocrx_word' id='word_1_290' title='bbox 397 2687 763 2766; x_wconf 87' lang='lat' dir='ltr'>conjungens</span> <span class='ocrx_word' id='word_1_291' title='bbox 797 2687 1358 2767; x_wconf 89' lang='lat' dir='ltr'>penitius,eamdem</span> <span class='ocrx_word' id='word_1_292' title='bbox 1378 2689 1657 2768; x_wconf 89' lang='lat' dir='ltr'>paulatim</span> <span class='ocrx_word' id='word_1_293' title='bbox 1676 2709 1882 2752; x_wconf 89' lang='lat' dir='ltr'>accen-</span> 
     </span>
    </p>
   </div>
   <div class='ocr_carea' id='block_1_34' title="bbox 239 2773 1879 2857">
    <p class='ocr_par' dir='ltr' id='par_1_34' title="bbox 239 2773 1879 2857">
     <span class='ocr_line' id='line_1_34' title="bbox 239 2773 1879 2857; baseline 0.004 -24"><span class='ocrx_word' id='word_1_294' title='bbox 239 2773 352 2848; x_wconf 90' lang='lat' dir='ltr'>dit,</span> <span class='ocrx_word' id='word_1_295' title='bbox 385 2774 799 2856; x_wconf 87' lang='lat' dir='ltr'>ﬂammamque</span> <span class='ocrx_word' id='word_1_296' title='bbox 838 2776 898 2836; x_wconf 92' lang='lat' dir='ltr'>in</span> <span class='ocrx_word' id='word_1_297' title='bbox 944 2777 1122 2838; x_wconf 93' lang='lat' dir='ltr'>altum</span> <span class='ocrx_word' id='word_1_298' title='bbox 1167 2775 1362 2851; x_wconf 90' lang='lat' dir='ltr'>mittit,</span> <span class='ocrx_word' id='word_1_299' title='bbox 1397 2796 1463 2837; x_wconf 94' lang='lat' dir='ltr'>ac</span> <span class='ocrx_word' id='word_1_300' title='bbox 1495 2779 1879 2857; x_wconf 64' lang='lat' dir='ltr'>pulsisftene-</span> 
     </span>
    </p>
   </div>
   <div class='ocr_carea' id='block_1_35' title="bbox 240 2861 1878 2943">
    <p class='ocr_par' dir='ltr' id='par_1_35' title="bbox 240 2861 1878 2943">
     <span class='ocr_line' id='line_1_35' title="bbox 240 2861 1878 2943; baseline 0.004 -22"><span class='ocrx_word' id='word_1_301' title='bbox 240 2861 370 2922; x_wconf 91' lang='lat' dir='ltr'>bris</span> <span class='ocrx_word' id='word_1_302' title='bbox 401 2863 638 2925; x_wconf 91' lang='lat' dir='ltr'>domum</span> <span class='ocrx_word' id='word_1_303' title='bbox 665 2863 976 2936; x_wconf 88' lang='lat' dir='ltr'>illuminat,</span> <span class='ocrx_word' id='word_1_304' title='bbox 1004 2872 1061 2924; x_wconf 91' lang='lat' dir='ltr'>et</span> <span class='ocrx_word' id='word_1_305' title='bbox 1098 2871 1385 2943; x_wconf 93' lang='lat' dir='ltr'>quotquot</span> <span class='ocrx_word' id='word_1_306' title='bbox 1419 2864 1476 2924; x_wconf 94' lang='lat' dir='ltr'>in</span> <span class='ocrx_word' id='word_1_307' title='bbox 1513 2865 1690 2926; x_wconf 93' lang='lat' dir='ltr'>domo</span> <span class='ocrx_word' id='word_1_308' title='bbox 1721 2874 1878 2941; x_wconf 91' lang='lat' dir='ltr'>sunt,</span> 
     </span>
    </p>
   </div>
   <div class='ocr_carea' id='block_1_36' title="bbox 239 2934 1939 3032">
    <p class='ocr_par' dir='ltr' id='par_1_36' title="bbox 239 2934 1939 3032">
     <span class='ocr_line' id='line_1_36' title="bbox 239 2934 1939 3032; baseline 0.004 -22"><span class='ocrx_word' id='word_1_309' title='bbox 239 2969 348 3011; x_wconf 89' lang='lat' dir='ltr'>eos</span> <span class='ocrx_word' id='word_1_310' title='bbox 375 2952 436 3013; x_wconf 93' lang='lat' dir='ltr'>in</span> <span class='ocrx_word' id='word_1_311' title='bbox 467 2960 786 3032; x_wconf 90' lang='lat' dir='ltr'>conspectu</span> <span class='ocrx_word' id='word_1_312' title='bbox 833 2934 1155 3014; x_wconf 77' lang='lat' dir='ltr'>constituit.</span> <span class='ocrx_word' id='word_1_313' title='bbox 1192 2934 1402 3012; x_wconf 78' lang='lat' dir='ltr'>Vidisti</span> <span class='ocrx_word' id='word_1_314' title='bbox 1443 2972 1569 3012; x_wconf 85' lang='lat' dir='ltr'>rem</span> <span class='ocrx_word' id='word_1_315' title='bbox 1618 2955 1827 3015; x_wconf 90' lang='lat' dir='ltr'>miram</span> <span class='ocrx_word' id='word_1_316' title='bbox 1854 2934 1939 3018; x_wconf 78' lang='lat' dir='ltr'>?C</span> 
     </span>
    </p>
   </div>
   <div class='ocr_carea' id='block_1_37' title="bbox 236 3037 1881 3125">
    <p class='ocr_par' dir='ltr' id='par_1_37' title="bbox 236 3037 1881 3125">
     <span class='ocr_line' id='line_1_37' title="bbox 236 3037 1881 3125; baseline 0.002 -26"><span class='ocrx_word' id='word_1_317' title='bbox 236 3037 353 3100; x_wconf 85' lang='lat' dir='ltr'>Dic</span> <span class='ocrx_word' id='word_1_318' title='bbox 376 3040 578 3119; x_wconf 89' lang='lat' dir='ltr'>igitur,</span> <span class='ocrx_word' id='word_1_319' title='bbox 611 3040 844 3115; x_wconf 89' lang='lat' dir='ltr'>amabo,</span> <span class='ocrx_word' id='word_1_320' title='bbox 880 3048 1191 3120; x_wconf 88' lang='lat' dir='ltr'>antequam</span> <span class='ocrx_word' id='word_1_321' title='bbox 1219 3039 1484 3102; x_wconf 89' lang='lat' dir='ltr'>crebrius</span> <span class='ocrx_word' id='word_1_322' title='bbox 1505 3041 1881 3125; x_wconf 64' lang='lat' dir='ltr'>collidantur,</span> 
     </span>
    </p>
   </div>
   <div class='ocr_carea' id='block_1_38' title="bbox 237 3128 1879 3210">
    <p class='ocr_par' dir='ltr' id='par_1_38' title="bbox 237 3128 1879 3210">
     <span class='ocr_line' id='line_1_38' title="bbox 237 3128 1879 3210; baseline 0.003 -20"><span class='ocrx_word' id='word_1_323' title='bbox 237 3130 542 3210; x_wconf 87' lang='lat' dir='ltr'>quomodo</span> <span class='ocrx_word' id='word_1_324' title='bbox 574 3130 862 3191; x_wconf 89' lang='lat' dir='ltr'>scintillas</span> <span class='ocrx_word' id='word_1_325' title='bbox 907 3128 1218 3191; x_wconf 89' lang='lat' dir='ltr'>emittent?</span> <span class='ocrx_word' id='word_1_326' title='bbox 1250 3128 1390 3190; x_wconf 90' lang='lat' dir='ltr'>Sine</span> <span class='ocrx_word' id='word_1_327' title='bbox 1420 3130 1674 3192; x_wconf 89' lang='lat' dir='ltr'>scintilla</span> <span class='ocrx_word' id='word_1_328' title='bbox 1722 3149 1879 3207; x_wconf 90' lang='lat' dir='ltr'>vero,</span> 
     </span>
    </p>
   </div>
   <div class='ocr_carea' id='block_1_39' title="bbox 236 3217 1881 3300">
    <p class='ocr_par' dir='ltr' id='par_1_39' title="bbox 236 3217 1881 3300">
     <span class='ocr_line' id='line_1_39' title="bbox 236 3217 1881 3300; baseline 0.002 -22"><span class='ocrx_word' id='word_1_329' title='bbox 236 3219 537 3298; x_wconf 90' lang='lat' dir='ltr'>quomodo</span> <span class='ocrx_word' id='word_1_330' title='bbox 569 3237 676 3298; x_wconf 90' lang='lat' dir='ltr'>per</span> <span class='ocrx_word' id='word_1_331' title='bbox 706 3237 769 3280; x_wconf 92' lang='lat' dir='ltr'>se</span> <span class='ocrx_word' id='word_1_332' title='bbox 802 3218 1048 3279; x_wconf 87' lang='lat' dir='ltr'>materia</span> <span class='ocrx_word' id='word_1_333' title='bbox 1077 3217 1466 3279; x_wconf 84' lang='lat' dir='ltr'>accendetur?</span> <span class='ocrx_word' id='word_1_334' title='bbox 1483 3217 1544 3279; x_wconf 93' lang='lat' dir='ltr'>Si</span> <span class='ocrx_word' id='word_1_335' title='bbox 1576 3220 1738 3300; x_wconf 91' lang='lat' dir='ltr'>prius</span> <span class='ocrx_word' id='word_1_336' title='bbox 1767 3240 1881 3282; x_wconf 93' lang='lat' dir='ltr'>non</span> 
     </span>
    </p>
   </div>
   <div class='ocr_carea' id='block_1_40' title="bbox 235 3305 1882 3386">
    <p class='ocr_par' dir='ltr' id='par_1_40' title="bbox 235 3305 1882 3386">
     <span class='ocr_line' id='line_1_40' title="bbox 235 3305 1882 3386; baseline 0.003 -22"><span class='ocrx_word' id='word_1_337' title='bbox 235 3306 622 3380; x_wconf 85' lang='lat' dir='ltr'>accendatur,</span> <span class='ocrx_word' id='word_1_338' title='bbox 640 3305 934 3385; x_wconf 90' lang='lat' dir='ltr'>quomodo</span> <span class='ocrx_word' id='word_1_339' title='bbox 958 3305 1236 3366; x_wconf 90' lang='lat' dir='ltr'>tenebras</span> <span class='ocrx_word' id='word_1_340' title='bbox 1264 3305 1568 3384; x_wconf 85' lang='lat' dir='ltr'>dispellet?</span> <span class='ocrx_word' id='word_1_341' title='bbox 1588 3308 1882 3386; x_wconf 91' lang='lat' dir='ltr'>quomodo</span> 
     </span>
    </p>
   </div>
   <div class='ocr_carea' id='block_1_41' title="bbox 237 3392 1880 3474">
    <p class='ocr_par' dir='ltr' id='par_1_41' title="bbox 237 3392 1880 3474">
     <span class='ocr_line' id='line_1_41' title="bbox 237 3392 1880 3474; baseline 0.001 -20"><span class='ocrx_word' id='word_1_342' title='bbox 237 3394 402 3454; x_wconf 77' lang='lat' dir='ltr'>aedes</span> <span class='ocrx_word' id='word_1_343' title='bbox 423 3393 830 3455; x_wconf 81' lang='lat' dir='ltr'>collustrabit?</span> <span class='ocrx_word' id='word_1_344' title='bbox 853 3394 1140 3474; x_wconf 91' lang='lat' dir='ltr'>qaomodo</span> <span class='ocrx_word' id='word_1_345' title='bbox 1183 3392 1289 3453; x_wconf 91' lang='lat' dir='ltr'>tibi</span> <span class='ocrx_word' id='word_1_346' title='bbox 1318 3394 1603 3455; x_wconf 89' lang='lat' dir='ltr'>cernendi</span> <span class='ocrx_word' id='word_1_347' title='bbox 1631 3395 1880 3456; x_wconf 85' lang='lat' dir='ltr'>faculta-</span> 
     </span>
    </p>
   </div>
   <div class='ocr_carea' id='block_1_42' title="bbox 239 3480 1879 3563">
    <p class='ocr_par' dir='ltr' id='par_1_42' title="bbox 239 3480 1879 3563">
     <span class='ocr_line' id='line_1_42' title="bbox 239 3480 1879 3563; baseline 0.002 -21"><span class='ocrx_word' id='word_1_348' title='bbox 239 3489 362 3543; x_wconf 91' lang='lat' dir='ltr'>tem</span> <span class='ocrx_word' id='word_1_349' title='bbox 395 3481 600 3543; x_wconf 85' lang='lat' dir='ltr'>dabit?</span> <span class='ocrx_word' id='word_1_350' title='bbox 629 3481 843 3563; x_wconf 89' lang='lat' dir='ltr'>Utique</span> <span class='ocrx_word' id='word_1_351' title='bbox 881 3480 1290 3561; x_wconf 89' lang='lat' dir='ltr'>respondebis,</span> <span class='ocrx_word' id='word_1_352' title='bbox 1339 3483 1678 3562; x_wconf 87' lang='lat' dir='ltr'>neutiquam</span> <span class='ocrx_word' id='word_1_353' title='bbox 1725 3484 1879 3546; x_wconf 93' lang='lat' dir='ltr'>istud</span> 
     </span>
    </p>
   </div>
   <div class='ocr_carea' id='block_1_43' title="bbox 238 3569 1876 3651">
    <p class='ocr_par' dir='ltr' id='par_1_43' title="bbox 238 3569 1876 3651">
     <span class='ocr_line' id='line_1_43' title="bbox 238 3569 1876 3651; baseline 0.003 -22"><span class='ocrx_word' id='word_1_354' title='bbox 238 3570 376 3630; x_wconf 84' lang='lat' dir='ltr'>ﬁeri</span> <span class='ocrx_word' id='word_1_355' title='bbox 422 3589 616 3651; x_wconf 91' lang='lat' dir='ltr'>posse.</span> <span class='ocrx_word' id='word_1_356' title='bbox 663 3569 814 3648; x_wconf 90' lang='lat' dir='ltr'>Ergo</span> <span class='ocrx_word' id='word_1_357' title='bbox 847 3577 902 3631; x_wconf 88' lang='lat' dir='ltr'>et</span> <span class='ocrx_word' id='word_1_358' title='bbox 937 3577 994 3630; x_wconf 93' lang='lat' dir='ltr'>tu</span> <span class='ocrx_word' id='word_1_359' title='bbox 1026 3569 1108 3630; x_wconf 92' lang='lat' dir='ltr'>ita</span> <span class='ocrx_word' id='word_1_360' title='bbox 1133 3569 1330 3630; x_wconf 89' lang='lat' dir='ltr'>facere</span> <span class='ocrx_word' id='word_1_361' title='bbox 1379 3571 1639 3646; x_wconf 92' lang='lat' dir='ltr'>studeas,</span> <span class='ocrx_word' id='word_1_362' title='bbox 1670 3580 1727 3633; x_wconf 91' lang='lat' dir='ltr'>et</span> <span class='ocrx_word' id='word_1_363' title='bbox 1774 3591 1876 3634; x_wconf 90' lang='lat' dir='ltr'>ac-</span> 
     </span>
    </p>
   </div>
   <div class='ocr_carea' id='block_1_44' title="bbox 241 3657 1876 3741">
    <p class='ocr_par' dir='ltr' id='par_1_44' title="bbox 241 3657 1876 3741">
     <span class='ocr_line' id='line_1_44' title="bbox 241 3657 1876 3741; baseline 0.002 -24"><span class='ocrx_word' id='word_1_364' title='bbox 241 3657 451 3736; x_wconf 91' lang='lat' dir='ltr'>cipies.</span> <span class='ocrx_word' id='word_1_365' title='bbox 485 3657 634 3731; x_wconf 87' lang='lat' dir='ltr'>Quid</span> <span class='ocrx_word' id='word_1_366' title='bbox 661 3658 961 3739; x_wconf 85' lang='lat' dir='ltr'>accipies?</span> <span class='ocrx_word' id='word_1_367' title='bbox 1006 3657 1218 3719; x_wconf 63' lang='lat' dir='ltr'>divinae</span> <span class='ocrx_word' id='word_1_368' title='bbox 1262 3666 1486 3720; x_wconf 87' lang='lat' dir='ltr'>naturae</span> <span class='ocrx_word' id='word_1_369' title='bbox 1538 3660 1876 3741; x_wconf 84' lang='lat' dir='ltr'>scintillam,</span> 
     </span>
    </p>
   </div>
   <div class='ocr_carea' id='block_1_45' title="bbox 241 3747 1882 3830">
    <p class='ocr_par' dir='ltr' id='par_1_45' title="bbox 241 3747 1882 3830">
     <span class='ocr_line' id='line_1_45' title="bbox 241 3747 1882 3830; baseline 0.003 -23"><span class='ocrx_word' id='word_1_370' title='bbox 241 3765 421 3827; x_wconf 91' lang='lat' dir='ltr'>quam</span> <span class='ocrx_word' id='word_1_371' title='bbox 443 3757 696 3820; x_wconf 89' lang='lat' dir='ltr'>creator,</span> <span class='ocrx_word' id='word_1_372' title='bbox 722 3749 998 3828; x_wconf 76' lang='lat' dir='ltr'>pretiosae</span> <span class='ocrx_word' id='word_1_373' title='bbox 1021 3747 1435 3825; x_wconf 86' lang='lat' dir='ltr'>margaritae,et</span> <span class='ocrx_word' id='word_1_374' title='bbox 1457 3767 1636 3825; x_wconf 90' lang='lat' dir='ltr'>grano</span> <span class='ocrx_word' id='word_1_375' title='bbox 1661 3750 1882 3830; x_wconf 91' lang='lat' dir='ltr'>sinapis</span> 
     </span>
    </p>
   </div>
   <div class='ocr_carea' id='block_1_46' title="bbox 240 3836 1880 3918">
    <p class='ocr_par' dir='ltr' id='par_1_46' title="bbox 240 3836 1880 3918">
     <span class='ocr_line' id='line_1_46' title="bbox 240 3836 1880 3918; baseline 0.002 -22"><span class='ocrx_word' id='word_1_376' title='bbox 240 3837 626 3918; x_wconf 86' lang='lat' dir='ltr'>comparavit.</span> <span class='ocrx_word' id='word_1_377' title='bbox 655 3837 802 3909; x_wconf 93' lang='lat' dir='ltr'>Quid</span> <span class='ocrx_word' id='word_1_378' title='bbox 824 3845 912 3898; x_wconf 92' lang='lat' dir='ltr'>est</span> <span class='ocrx_word' id='word_1_379' title='bbox 927 3844 1120 3898; x_wconf 90' lang='lat' dir='ltr'>autem</span> <span class='ocrx_word' id='word_1_380' title='bbox 1146 3836 1305 3915; x_wconf 91' lang='lat' dir='ltr'>quod</span> <span class='ocrx_word' id='word_1_381' title='bbox 1337 3836 1442 3897; x_wconf 93' lang='lat' dir='ltr'>tibi</span> <span class='ocrx_word' id='word_1_382' title='bbox 1484 3839 1880 3917; x_wconf 72' lang='lat' dir='ltr'>praestandum</span> 
     </span>
    </p>
   </div>
   <div class='ocr_carea' id='block_1_47' title="bbox 240 3923 1883 4005">
    <p class='ocr_par' dir='ltr' id='par_1_47' title="bbox 240 3923 1883 4005">
     <span class='ocr_line' id='line_1_47' title="bbox 240 3923 1883 4005; baseline 0.001 -19"><span class='ocrx_word' id='word_1_383' title='bbox 240 3924 428 3986; x_wconf 86' lang='lat' dir='ltr'>dico?</span> <span class='ocrx_word' id='word_1_384' title='bbox 458 3925 613 3987; x_wconf 85' lang='lat' dir='ltr'>Audi</span> <span class='ocrx_word' id='word_1_385' title='bbox 644 3927 959 4005; x_wconf 86' lang='lat' dir='ltr'>patienter,</span> <span class='ocrx_word' id='word_1_386' title='bbox 977 3923 1186 3986; x_wconf 82' lang='lat' dir='ltr'>ﬁli.Sit</span> <span class='ocrx_word' id='word_1_387' title='bbox 1209 3924 1313 3985; x_wconf 90' lang='lat' dir='ltr'>tibi</span> <span class='ocrx_word' id='word_1_388' title='bbox 1340 3943 1578 4004; x_wconf 89' lang='lat' dir='ltr'>corpus,</span> <span class='ocrx_word' id='word_1_389' title='bbox 1599 3935 1656 3986; x_wconf 86' lang='lat' dir='ltr'>et</span> <span class='ocrx_word' id='word_1_390' title='bbox 1685 3926 1883 3988; x_wconf 89' lang='lat' dir='ltr'>anima</span> 
     </span>
    </p>
   </div>
   <div class='ocr_carea' id='block_1_48' title="bbox 223 4012 1882 4095">
    <p class='ocr_par' dir='ltr' id='par_1_48' title="bbox 223 4012 1882 4095">
     <span class='ocr_line' id='line_1_48' title="bbox 223 4012 1882 4095; baseline 0 -20"><span class='ocrx_word' id='word_1_391' title='bbox 223 4032 349 4093; x_wconf 88' lang='lat' dir='ltr'>pro</span> <span class='ocrx_word' id='word_1_392' title='bbox 371 4015 526 4076; x_wconf 88' lang='lat' dir='ltr'>ferro</span> <span class='ocrx_word' id='word_1_393' title='bbox 561 4024 617 4076; x_wconf 92' lang='lat' dir='ltr'>et</span> <span class='ocrx_word' id='word_1_394' title='bbox 643 4015 860 4095; x_wconf 89' lang='lat' dir='ltr'>lapide,</span> <span class='ocrx_word' id='word_1_395' title='bbox 889 4031 1057 4075; x_wconf 91' lang='lat' dir='ltr'>mens</span> <span class='ocrx_word' id='word_1_396' title='bbox 1087 4019 1150 4074; x_wconf 92' lang='lat' dir='ltr'>ut</span> <span class='ocrx_word' id='word_1_397' title='bbox 1177 4012 1520 4092; x_wconf 86' lang='lat' dir='ltr'>imperatrix</span> <span class='ocrx_word' id='word_1_398' title='bbox 1549 4021 1610 4074; x_wconf 91' lang='lat' dir='ltr'>et</span> <span class='ocrx_word' id='word_1_399' title='bbox 1644 4013 1882 4075; x_wconf 89' lang='lat' dir='ltr'>domina</span> 
     </span>
    </p>
   </div>
   <div class='ocr_carea' id='block_1_49' title="bbox 239 4101 1878 4180">
    <p class='ocr_par' dir='ltr' id='par_1_49' title="bbox 239 4101 1878 4180">
     <span class='ocr_line' id='line_1_49' title="bbox 239 4101 1878 4180; baseline 0 -18"><span class='ocrx_word' id='word_1_400' title='bbox 239 4102 638 4178; x_wconf 72' lang='lat' dir='ltr'>affectionem,</span> <span class='ocrx_word' id='word_1_401' title='bbox 662 4103 725 4163; x_wconf 90' lang='lat' dir='ltr'>in</span> <span class='ocrx_word' id='word_1_402' title='bbox 745 4101 1076 4165; x_wconf 88' lang='lat' dir='ltr'>actionibus</span> <span class='ocrx_word' id='word_1_403' title='bbox 1105 4119 1238 4162; x_wconf 91' lang='lat' dir='ltr'>cum</span> <span class='ocrx_word' id='word_1_404' title='bbox 1269 4101 1482 4161; x_wconf 91' lang='lat' dir='ltr'>virtute</span> <span class='ocrx_word' id='word_1_405' title='bbox 1522 4101 1878 4180; x_wconf 87' lang='lat' dir='ltr'>conjunctis,</span> 
     </span>
    </p>
   </div>
   <div class='ocr_carea' id='block_1_50' title="bbox 239 4189 1883 4270">
    <p class='ocr_par' dir='ltr' id='par_1_50' title="bbox 239 4189 1883 4270">
     <span class='ocr_line' id='line_1_50' title="bbox 239 4189 1883 4270; baseline 0.001 -20"><span class='ocrx_word' id='word_1_406' title='bbox 239 4199 302 4250; x_wconf 89' lang='lat' dir='ltr'>et</span> <span class='ocrx_word' id='word_1_407' title='bbox 331 4190 782 4269; x_wconf 84' lang='lat' dir='ltr'>cogitationibus</span> <span class='ocrx_word' id='word_1_408' title='bbox 801 4193 919 4251; x_wconf 91' lang='lat' dir='ltr'>Deo</span> <span class='ocrx_word' id='word_1_409' title='bbox 938 4189 1168 4270; x_wconf 89' lang='lat' dir='ltr'>placitis</span> <span class='ocrx_word' id='word_1_410' title='bbox 1189 4207 1252 4250; x_wconf 92' lang='lat' dir='ltr'>se</span> <span class='ocrx_word' id='word_1_411' title='bbox 1271 4197 1646 4262; x_wconf 85' lang='lat' dir='ltr'>exercens,et</span> <span class='ocrx_word' id='word_1_412' title='bbox 1670 4208 1883 4269; x_wconf 89' lang='lat' dir='ltr'>corpus</span> 
     </span>
    </p>
   </div>
   <div class='ocr_carea' id='block_1_51' title="bbox 1963 1710 3605 1796">
    <p class='ocr_par' dir='ltr' id='par_1_51' title="bbox 1963 1710 3605 1796">
     <span class='ocr_line' id='line_1_51' title="bbox 1963 1710 3605 1796; baseline 0.009 -26"><span class='ocrx_word' id='word_1_413' title='bbox 1963 1710 2245 1792; x_wconf 89' lang='lat' dir='ltr'>deinceps</span> <span class='ocrx_word' id='word_1_414' title='bbox 2275 1726 2622 1796; x_wconf 90' lang='lat' dir='ltr'>sequuntur,</span> <span class='ocrx_word' id='word_1_415' title='bbox 2656 1733 2732 1776; x_wconf 90' lang='lat' dir='ltr'>ne</span> <span class='ocrx_word' id='word_1_416' title='bbox 2756 1716 3076 1796; x_wconf 89' lang='lat' dir='ltr'>interroga.</span> <span class='ocrx_word' id='word_1_417' title='bbox 3112 1718 3174 1781; x_wconf 92' lang='lat' dir='ltr'>Si</span> <span class='ocrx_word' id='word_1_418' title='bbox 3205 1721 3361 1781; x_wconf 91' lang='lat' dir='ltr'>enim</span> <span class='ocrx_word' id='word_1_419' title='bbox 3394 1723 3605 1785; x_wconf 87' lang='lat' dir='ltr'>lumini</span> 
     </span>
    </p>
   </div>
   <div class='ocr_carea' id='block_1_52' title="bbox 1963 1801 3603 1883">
    <p class='ocr_par' dir='ltr' id='par_1_52' title="bbox 1963 1801 3603 1883">
     <span class='ocr_line' id='line_1_52' title="bbox 1963 1801 3603 1883; baseline 0.009 -25"><span class='ocrx_word' id='word_1_420' title='bbox 1963 1801 2159 1860; x_wconf 89' lang='lat' dir='ltr'>unitus</span> <span class='ocrx_word' id='word_1_421' title='bbox 2187 1801 2392 1878; x_wconf 89' lang='lat' dir='ltr'>fueris,</span> <span class='ocrx_word' id='word_1_422' title='bbox 2427 1803 2618 1882; x_wconf 91' lang='lat' dir='ltr'>ipsum</span> <span class='ocrx_word' id='word_1_423' title='bbox 2656 1811 2712 1864; x_wconf 93' lang='lat' dir='ltr'>te</span> <span class='ocrx_word' id='word_1_424' title='bbox 2742 1805 2980 1865; x_wconf 87' lang='lat' dir='ltr'>docebit</span> <span class='ocrx_word' id='word_1_425' title='bbox 3010 1808 3229 1883; x_wconf 91' lang='lat' dir='ltr'>omnia,</span> <span class='ocrx_word' id='word_1_426' title='bbox 3266 1817 3324 1869; x_wconf 91' lang='lat' dir='ltr'>et</span> <span class='ocrx_word' id='word_1_427' title='bbox 3369 1812 3603 1873; x_wconf 85' lang='lat' dir='ltr'>revela-</span> 
     </span>
    </p>
   </div>
   <div class='ocr_carea' id='block_1_53' title="bbox 1963 1887 3598 1978">
    <p class='ocr_par' dir='ltr' id='par_1_53' title="bbox 1963 1887 3598 1978">
     <span class='ocr_line' id='line_1_53' title="bbox 1963 1887 3598 1978; baseline 0.007 -30"><span class='ocrx_word' id='word_1_428' title='bbox 1963 1887 2050 1949; x_wconf 88' lang='lat' dir='ltr'>bit</span> <span class='ocrx_word' id='word_1_429' title='bbox 2077 1888 2184 1951; x_wconf 90' lang='lat' dir='ltr'>tibi</span> <span class='ocrx_word' id='word_1_430' title='bbox 2215 1890 2435 1965; x_wconf 87' lang='lat' dir='ltr'>omnia,</span> <span class='ocrx_word' id='word_1_431' title='bbox 2471 1899 2527 1951; x_wconf 90' lang='lat' dir='ltr'>et</span> <span class='ocrx_word' id='word_1_432' title='bbox 2574 1892 2946 1969; x_wconf 89' lang='lat' dir='ltr'>monstrabit,</span> <span class='ocrx_word' id='word_1_433' title='bbox 2994 1911 3062 1955; x_wconf 90' lang='lat' dir='ltr'>ac</span> <span class='ocrx_word' id='word_1_434' title='bbox 3105 1906 3398 1973; x_wconf 89' lang='lat' dir='ltr'>suggeret,</span> <span class='ocrx_word' id='word_1_435' title='bbox 3433 1918 3598 1978; x_wconf 62' lang='lat' dir='ltr'>qure-</span> 
     </span>
    </p>
   </div>
   <div class='ocr_carea' id='block_1_54' title="bbox 1963 1978 3601 2063">
    <p class='ocr_par' dir='ltr' id='par_1_54' title="bbox 1963 1978 3601 2063">
     <span class='ocr_line' id='line_1_54' title="bbox 1963 1978 3601 2063; baseline 0.008 -28"><span class='ocrx_word' id='word_1_436' title='bbox 1963 1995 2195 2056; x_wconf 92' lang='lat' dir='ltr'>cunque</span> <span class='ocrx_word' id='word_1_437' title='bbox 2239 1978 2470 2040; x_wconf 89' lang='lat' dir='ltr'>discere</span> <span class='ocrx_word' id='word_1_438' title='bbox 2503 1989 2600 2041; x_wconf 90' lang='lat' dir='ltr'>tua</span> <span class='ocrx_word' id='word_1_439' title='bbox 2631 1980 2940 2043; x_wconf 89' lang='lat' dir='ltr'>intererit:</span> <span class='ocrx_word' id='word_1_440' title='bbox 2977 2000 3112 2042; x_wconf 91' lang='lat' dir='ltr'>nam</span> <span class='ocrx_word' id='word_1_441' title='bbox 3143 1983 3363 2063; x_wconf 93' lang='lat' dir='ltr'>alioqui</span> <span class='ocrx_word' id='word_1_442' title='bbox 3407 1987 3601 2048; x_wconf 90' lang='lat' dir='ltr'>verbis</span> 
     </span>
    </p>
   </div>
   <div class='ocr_carea' id='block_1_55' title="bbox 1962 2064 3597 2150">
    <p class='ocr_par' dir='ltr' id='par_1_55' title="bbox 1962 2064 3597 2150">
     <span class='ocr_line' id='line_1_55' title="bbox 1962 2064 3597 2150; baseline 0.006 -26"><span class='ocrx_word' id='word_1_443' title='bbox 1962 2064 2235 2126; x_wconf 88' lang='lat' dir='ltr'>humanis</span> <span class='ocrx_word' id='word_1_444' title='bbox 2264 2067 2572 2147; x_wconf 90' lang='lat' dir='ltr'>percipere</span> <span class='ocrx_word' id='word_1_445' title='bbox 2603 2088 2670 2129; x_wconf 91' lang='lat' dir='ltr'>ea</span> <span class='ocrx_word' id='word_1_446' title='bbox 2701 2089 2830 2150; x_wconf 65' lang='lat' dir='ltr'>quae</span> <span class='ocrx_word' id='word_1_447' title='bbox 2859 2069 2980 2130; x_wconf 91' lang='lat' dir='ltr'>illic</span> <span class='ocrx_word' id='word_1_448' title='bbox 3028 2079 3185 2146; x_wconf 87' lang='lat' dir='ltr'>sunt,</span> <span class='ocrx_word' id='word_1_449' title='bbox 3235 2090 3352 2131; x_wconf 89' lang='lat' dir='ltr'>non</span> <span class='ocrx_word' id='word_1_450' title='bbox 3405 2082 3494 2134; x_wconf 92' lang='lat' dir='ltr'>est</span> <span class='ocrx_word' id='word_1_451' title='bbox 3534 2082 3597 2135; x_wconf 95' lang='lat' dir='ltr'>ut</span> 
     </span>
    </p>
   </div>
   <div class='ocr_carea' id='block_1_56' title="bbox 1961 2152 3594 2301">
    <p class='ocr_par' dir='ltr' id='par_1_56' title="bbox 1961 2152 3594 2301">
     <span class='ocr_line' id='line_1_56' title="bbox 1961 2152 3594 2301; baseline 0.007 -88"><span class='ocrx_word' id='word_1_452' title='bbox 1961 2152 2092 2301; x_wconf 48' lang='lat' dir='ltr'>fieri</span> <span class='ocrx_word' id='word_1_453' title='bbox 2120 2164 2315 2234; x_wconf 92' lang='lat' dir='ltr'>queat.</span> <span class='ocrx_word' id='word_1_454' title='bbox 2344 2159 2528 2218; x_wconf 92' lang='lat' dir='ltr'>Deum</span> <span class='ocrx_word' id='word_1_455' title='bbox 2557 2157 2729 2220; x_wconf 90' lang='lat' dir='ltr'>decet</span> <span class='ocrx_word' id='word_1_456' title='bbox 2751 2158 2958 2238; x_wconf 89' lang='lat' dir='ltr'>gloria,</span> <span class='ocrx_word' id='word_1_457' title='bbox 2993 2177 3148 2221; x_wconf 92' lang='lat' dir='ltr'>nunc</span> <span class='ocrx_word' id='word_1_458' title='bbox 3181 2169 3237 2221; x_wconf 94' lang='lat' dir='ltr'>et</span> <span class='ocrx_word' id='word_1_459' title='bbox 3265 2159 3329 2221; x_wconf 90' lang='lat' dir='ltr'>in</span> <span class='ocrx_word' id='word_1_460' title='bbox 3357 2163 3594 2225; x_wconf 86' lang='lat' dir='ltr'>saecula.</span> 
     </span>
     <span class='ocr_line' id='line_1_57' title="bbox 2017 2261 2174 2301; baseline 0 0"><span class='ocrx_word' id='word_1_461' title='bbox 2017 2261 2174 2301; x_wconf 90' lang='lat' dir='ltr'>men.</span> 
     </span>
    </p>
   </div>
   <div class='ocr_carea' id='block_1_57' title="bbox 2017 2261 2174 2305">
    <p class='ocr_par' dir='ltr' id='par_1_57' title="bbox 2017 2261 2174 2305">
     <span class='ocr_line' id='line_1_58' title="bbox 2017 2261 2174 2305; baseline 0.019 -3"><span class='ocrx_word' id='word_1_462' title='bbox 2017 2261 2174 2305; x_wconf 90' lang='lat' dir='ltr'>men.</span> 
     </span>
    </p>
   </div>
   <div class='ocr_carea' id='block_1_58' title="bbox 2551 2337 3015 2401">
    <p class='ocr_par' dir='ltr' id='par_1_58' title="bbox 2551 2337 3015 2401">
     <span class='ocr_line' id='line_1_59' title="bbox 2551 2337 3015 2401; baseline -0.002 -2"><span class='ocrx_word' id='word_1_463' title='bbox 2551 2337 2793 2400; x_wconf 85' lang='lat' dir='ltr'>CAPUT</span> <span class='ocrx_word' id='word_1_464' title='bbox 2836 2337 3015 2401; x_wconf 85' lang='lat' dir='ltr'>XXII.</span> 
     </span>
    </p>
   </div>
   <div class='ocr_carea' id='block_1_59' title="bbox 1968 2426 3601 2514">
    <p class='ocr_par' dir='ltr' id='par_1_59' title="bbox 1968 2426 3601 2514">
     <span class='ocr_line' id='line_1_60' title="bbox 1968 2426 3601 2514; baseline 0.004 -24"><span class='ocrx_word' id='word_1_465' title='bbox 1968 2426 2467 2514; x_wconf 58' lang='lat' dir='ltr'>Omitessancjos</span> <span class='ocrx_word' id='word_1_466' title='bbox 2507 2431 2888 2493; x_wconf 65' lang='lat' dir='ltr'>illuminalos</span> <span class='ocrx_word' id='word_1_467' title='bbox 2919 2431 3238 2509; x_wconf 70' lang='lat' dir='ltr'>illustrari,</span> <span class='ocrx_word' id='word_1_468' title='bbox 3274 2433 3601 2514; x_wconf 75' lang='lat' dir='ltr'>videreque</span> 
     </span>
    </p>
   </div>
   <div class='ocr_carea' id='block_1_60' title="bbox 2041 2508 3601 2667">
    <p class='ocr_par' dir='ltr' id='par_1_60' title="bbox 2041 2508 3601 2667">
     <span class='ocr_line' id='line_1_61' title="bbox 2041 2508 3601 2667; baseline 0.005 -98"><span class='ocrx_word' id='word_1_469' title='bbox 2041 2508 2310 2667; x_wconf 54' lang='lat' dir='ltr'>glgriur/I}</span> <span class='ocrx_word' id='word_1_470' title='bbox 2349 2511 2472 2591; x_wconf 77' lang='lat' dir='ltr'>Dei,</span> <span class='ocrx_word' id='word_1_471' title='bbox 2515 2519 2816 2588; x_wconf 76' lang='lat' dir='ltr'>quatenus</span> <span class='ocrx_word' id='word_1_472' title='bbox 2844 2528 2979 2573; x_wconf 85' lang='lat' dir='ltr'>eam</span> <span class='ocrx_word' id='word_1_473' title='bbox 3008 2529 3044 2574; x_wconf 90' lang='lat' dir='ltr'>a</span> <span class='ocrx_word' id='word_1_474' title='bbox 3073 2508 3300 2575; x_wconf 78' lang='lat' dir='ltr'>natura</span> <span class='ocrx_word' id='word_1_475' title='bbox 3326 2508 3601 2577; x_wconf 71' lang='lat' dir='ltr'>humdna</span> 
     </span>
     <span class='ocr_line' id='line_1_62' title="bbox 2043 2598 2499 2653; baseline 0.007 -4"><span class='ocrx_word' id='word_1_476' title='bbox 2043 2606 2104 2650; x_wconf 74' lang='lat' dir='ltr'>ut</span> <span class='ocrx_word' id='word_1_477' title='bbox 2150 2608 2236 2650; x_wconf 68' lang='lat' dir='ltr'>ert</span> <span class='ocrx_word' id='word_1_478' title='bbox 2293 2608 2360 2651; x_wconf 87' lang='lat' dir='ltr'>as</span> <span class='ocrx_word' id='word_1_479' title='bbox 2392 2598 2499 2653; x_wconf 79' lang='lat' dir='ltr'>est.</span> 
     </span>
    </p>
   </div>
   <div class='ocr_carea' id='block_1_61' title="bbox 2043 2606 2499 2652">
    <p class='ocr_par' dir='ltr' id='par_1_61' title="bbox 2043 2606 2499 2652">
     <span class='ocr_line' id='line_1_63' title="bbox 2043 2606 2499 2652; baseline 0.004 -2"><span class='ocrx_word' id='word_1_480' title='bbox 2043 2606 2236 2650; x_wconf 68' lang='lat' dir='ltr'>viuere</span> <span class='ocrx_word' id='word_1_481' title='bbox 2266 2606 2360 2652; x_wconf 76' lang='grc' dir='ltr'>[αδ</span> <span class='ocrx_word' id='word_1_482' title='bbox 2392 2606 2499 2652; x_wconf 70' lang='grc' dir='ltr'>ϐδῑ.</span> 
     </span>
    </p>
   </div>
   <div class='ocr_carea' id='block_1_62' title="bbox 2044 2682 3602 2765">
    <p class='ocr_par' dir='ltr' id='par_1_62' title="bbox 2044 2682 3602 2765">
     <span class='ocr_line' id='line_1_64' title="bbox 2044 2682 3602 2765; baseline 0.003 -21"><span class='ocrx_word' id='word_1_483' title='bbox 2044 2682 2300 2762; x_wconf 81' lang='lat' dir='ltr'>Respice</span> <span class='ocrx_word' id='word_1_484' title='bbox 2330 2683 2404 2744; x_wconf 92' lang='lat' dir='ltr'>de</span> <span class='ocrx_word' id='word_1_485' title='bbox 2437 2683 2733 2762; x_wconf 90' lang='lat' dir='ltr'>supernis,</span> <span class='ocrx_word' id='word_1_486' title='bbox 2765 2682 2919 2744; x_wconf 93' lang='lat' dir='ltr'>Deus</span> <span class='ocrx_word' id='word_1_487' title='bbox 2949 2702 3134 2758; x_wconf 90' lang='lat' dir='ltr'>meus,</span> <span class='ocrx_word' id='word_1_488' title='bbox 3162 2691 3219 2745; x_wconf 93' lang='lat' dir='ltr'>et</span> <span class='ocrx_word' id='word_1_489' title='bbox 3239 2684 3602 2765; x_wconf 91' lang='lat' dir='ltr'>complaceat</span> 
     </span>
    </p>
   </div>
   <div class='ocr_carea' id='block_1_63' title="bbox 1965 2769 3598 2850">
    <p class='ocr_par' dir='ltr' id='par_1_63' title="bbox 1965 2769 3598 2850">
     <span class='ocr_line' id='line_1_65' title="bbox 1965 2769 3598 2850; baseline 0.004 -21"><span class='ocrx_word' id='word_1_490' title='bbox 1965 2769 2472 2850; x_wconf 86' lang='lat' dir='ltr'>tibi,utappareas</span> <span class='ocrx_word' id='word_1_491' title='bbox 2501 2771 2667 2847; x_wconf 90' lang='lat' dir='ltr'>mihi,</span> <span class='ocrx_word' id='word_1_492' title='bbox 2709 2783 2766 2833; x_wconf 85' lang='lat' dir='ltr'>et</span> <span class='ocrx_word' id='word_1_493' title='bbox 2812 2791 2943 2832; x_wconf 90' lang='lat' dir='ltr'>cum</span> <span class='ocrx_word' id='word_1_494' title='bbox 2971 2773 3248 2833; x_wconf 88' lang='lat' dir='ltr'>mendico</span> <span class='ocrx_word' id='word_1_495' title='bbox 3281 2791 3598 2836; x_wconf 89' lang='lat' dir='ltr'>converse-</span> 
     </span>
    </p>
   </div>
   <div class='ocr_carea' id='block_1_64' title="bbox 1963 2859 3598 2940">
    <p class='ocr_par' dir='ltr' id='par_1_64' title="bbox 1963 2859 3598 2940">
     <span class='ocr_line' id='line_1_66' title="bbox 1963 2859 3598 2940; baseline 0.004 -22"><span class='ocrx_word' id='word_1_496' title='bbox 1963 2859 2068 2922; x_wconf 91' lang='lat' dir='ltr'>ris.</span> <span class='ocrx_word' id='word_1_497' title='bbox 2101 2861 2285 2940; x_wconf 88' lang='lat' dir='ltr'>Aperi</span> <span class='ocrx_word' id='word_1_498' title='bbox 2313 2861 2552 2937; x_wconf 77' lang='lat' dir='ltr'>cretum,</span> <span class='ocrx_word' id='word_1_499' title='bbox 2579 2869 2636 2921; x_wconf 89' lang='lat' dir='ltr'>et</span> <span class='ocrx_word' id='word_1_500' title='bbox 2657 2861 2853 2922; x_wconf 69' lang='lat' dir='ltr'>revela</span> <span class='ocrx_word' id='word_1_501' title='bbox 2884 2861 3032 2922; x_wconf 91' lang='lat' dir='ltr'>mihi</span> <span class='ocrx_word' id='word_1_502' title='bbox 3054 2861 3256 2922; x_wconf 89' lang='lat' dir='ltr'>lumen</span> <span class='ocrx_word' id='word_1_503' title='bbox 3289 2861 3484 2922; x_wconf 79' lang='lat' dir='ltr'>tuum’:</span> <span class='ocrx_word' id='word_1_504' title='bbox 3508 2863 3598 2924; x_wconf 91' lang='lat' dir='ltr'>vel</span> 
     </span>
    </p>
   </div>
   <div class='ocr_carea' id='block_1_65' title="bbox 1969 2947 3602 3028">
    <p class='ocr_par' dir='ltr' id='par_1_65' title="bbox 1969 2947 3602 3028">
     <span class='ocr_line' id='line_1_67' title="bbox 1969 2947 3602 3028; baseline 0.003 -22"><span class='ocrx_word' id='word_1_505' title='bbox 1969 2947 2161 3024; x_wconf 90' lang='lat' dir='ltr'>potius</span> <span class='ocrx_word' id='word_1_506' title='bbox 2192 2950 2357 3028; x_wconf 91' lang='lat' dir='ltr'>aperi</span> <span class='ocrx_word' id='word_1_507' title='bbox 2389 2956 2650 3011; x_wconf 90' lang='lat' dir='ltr'>mentem</span> <span class='ocrx_word' id='word_1_508' title='bbox 2681 2968 2900 3024; x_wconf 88' lang='lat' dir='ltr'>meam,</span> <span class='ocrx_word' id='word_1_509' title='bbox 2931 2956 2990 3009; x_wconf 93' lang='lat' dir='ltr'>et</span> <span class='ocrx_word' id='word_1_510' title='bbox 3035 2949 3210 3010; x_wconf 87' lang='lat' dir='ltr'>etiam</span> <span class='ocrx_word' id='word_1_511' title='bbox 3251 2968 3408 3011; x_wconf 91' lang='lat' dir='ltr'>nunc</span> <span class='ocrx_word' id='word_1_512' title='bbox 3448 2951 3602 3012; x_wconf 91' lang='lat' dir='ltr'>intra</span> 
     </span>
    </p>
   </div>
   <div class='ocr_carea' id='block_1_66' title="bbox 1966 3033 3602 3117">
    <p class='ocr_par' dir='ltr' id='par_1_66' title="bbox 1966 3033 3602 3117">
     <span class='ocr_line' id='line_1_68' title="bbox 1966 3033 3602 3117; baseline 0.004 -23"><span class='ocrx_word' id='word_1_513' title='bbox 1966 3033 2026 3094; x_wconf 93' lang='lat' dir='ltr'>in</span> <span class='ocrx_word' id='word_1_514' title='bbox 2056 3037 2417 3112; x_wconf 87' lang='lat' dir='ltr'>me,dissere</span> <span class='ocrx_word' id='word_1_515' title='bbox 2450 3056 2557 3116; x_wconf 90' lang='lat' dir='ltr'>per</span> <span class='ocrx_word' id='word_1_516' title='bbox 2586 3038 2878 3117; x_wconf 87' lang='lat' dir='ltr'>impuram</span> <span class='ocrx_word' id='word_1_517' title='bbox 2920 3037 3179 3115; x_wconf 92' lang='lat' dir='ltr'>linguam</span> <span class='ocrx_word' id='word_1_518' title='bbox 3225 3055 3414 3098; x_wconf 89' lang='lat' dir='ltr'>meam</span> <span class='ocrx_word' id='word_1_519' title='bbox 3450 3039 3602 3100; x_wconf 92' lang='lat' dir='ltr'>sicut</span> 
     </span>
    </p>
   </div>
   <div class='ocr_carea' id='block_1_67' title="bbox 1968 3124 3600 3206">
    <p class='ocr_par' dir='ltr' id='par_1_67' title="bbox 1968 3124 3600 3206">
     <span class='ocr_line' id='line_1_69' title="bbox 1968 3124 3600 3206; baseline 0.002 -22"><span class='ocrx_word' id='word_1_520' title='bbox 1968 3124 2129 3201; x_wconf 91' lang='lat' dir='ltr'>olim,</span> <span class='ocrx_word' id='word_1_521' title='bbox 2157 3135 2215 3186; x_wconf 89' lang='lat' dir='ltr'>et</span> <span class='ocrx_word' id='word_1_522' title='bbox 2261 3126 2466 3187; x_wconf 86' lang='lat' dir='ltr'>refelle</span> <span class='ocrx_word' id='word_1_523' title='bbox 2492 3144 2597 3187; x_wconf 91' lang='lat' dir='ltr'>eos</span> <span class='ocrx_word' id='word_1_524' title='bbox 2647 3128 2746 3206; x_wconf 91' lang='lat' dir='ltr'>qui</span> <span class='ocrx_word' id='word_1_525' title='bbox 2794 3126 2875 3186; x_wconf 87' lang='lat' dir='ltr'>ita</span> <span class='ocrx_word' id='word_1_526' title='bbox 2916 3127 3257 3204; x_wconf 88' lang='lat' dir='ltr'>loquuntur,</span> <span class='ocrx_word' id='word_1_527' title='bbox 3302 3147 3421 3188; x_wconf 93' lang='lat' dir='ltr'>non</span> <span class='ocrx_word' id='word_1_528' title='bbox 3470 3146 3600 3188; x_wconf 90' lang='lat' dir='ltr'>esse</span> 
     </span>
    </p>
   </div>
   <div class='ocr_carea' id='block_1_68' title="bbox 1967 3211 3601 3296">
    <p class='ocr_par' dir='ltr' id='par_1_68' title="bbox 1967 3211 3601 3296">
     <span class='ocr_line' id='line_1_70' title="bbox 1967 3211 3601 3296; baseline 0.004 -25"><span class='ocrx_word' id='word_1_529' title='bbox 1967 3211 2168 3288; x_wconf 86' lang='lat' dir='ltr'>hodie,</span> <span class='ocrx_word' id='word_1_530' title='bbox 2207 3214 2309 3294; x_wconf 92' lang='lat' dir='ltr'>qui</span> <span class='ocrx_word' id='word_1_531' title='bbox 2338 3214 2522 3274; x_wconf 91' lang='lat' dir='ltr'>Deum</span> <span class='ocrx_word' id='word_1_532' title='bbox 2565 3232 2631 3274; x_wconf 92' lang='lat' dir='ltr'>se</span> <span class='ocrx_word' id='word_1_533' title='bbox 2675 3214 2894 3275; x_wconf 84' lang='lat' dir='ltr'>vidisse</span> <span class='ocrx_word' id='word_1_534' title='bbox 2946 3215 3197 3290; x_wconf 89' lang='lat' dir='ltr'>noverit,</span> <span class='ocrx_word' id='word_1_535' title='bbox 3233 3233 3424 3296; x_wconf 90' lang='lat' dir='ltr'>neque</span> <span class='ocrx_word' id='word_1_536' title='bbox 3464 3223 3601 3278; x_wconf 90' lang='lat' dir='ltr'>ante</span> 
     </span>
    </p>
   </div>
   <div class='ocr_carea' id='block_1_69' title="bbox 1966 3300 3600 3384">
    <p class='ocr_par' dir='ltr' id='par_1_69' title="bbox 1966 3300 3600 3384">
     <span class='ocr_line' id='line_1_71' title="bbox 1966 3300 3600 3384; baseline 0.002 -24"><span class='ocrx_word' id='word_1_537' title='bbox 1966 3300 2078 3362; x_wconf 89' lang='lat' dir='ltr'>hoc</span> <span class='ocrx_word' id='word_1_538' title='bbox 2104 3309 2334 3382; x_wconf 90' lang='lat' dir='ltr'>tempus</span> <span class='ocrx_word' id='word_1_539' title='bbox 2363 3303 2570 3376; x_wconf 84' lang='lat' dir='ltr'>fuisse,</span> <span class='ocrx_word' id='word_1_540' title='bbox 2603 3311 2764 3362; x_wconf 82' lang='lat' dir='ltr'>extra</span> <span class='ocrx_word' id='word_1_541' title='bbox 2791 3303 3115 3381; x_wconf 90' lang='lat' dir='ltr'>apostolos.</span> <span class='ocrx_word' id='word_1_542' title='bbox 3149 3304 3268 3364; x_wconf 91' lang='lat' dir='ltr'>Sed</span> <span class='ocrx_word' id='word_1_543' title='bbox 3299 3322 3492 3384; x_wconf 91' lang='lat' dir='ltr'>neque</span> <span class='ocrx_word' id='word_1_544' title='bbox 3522 3304 3600 3364; x_wconf 92' lang='lat' dir='ltr'>il-</span> 
     </span>
    </p>
   </div>
   <div class='ocr_carea' id='block_1_70' title="bbox 1966 3390 3603 3467">
    <p class='ocr_par' dir='ltr' id='par_1_70' title="bbox 1966 3390 3603 3467">
     <span class='ocr_line' id='line_1_72' title="bbox 1966 3390 3603 3467; baseline 0.002 -18"><span class='ocrx_word' id='word_1_545' title='bbox 1966 3390 2054 3450; x_wconf 92' lang='lat' dir='ltr'>los</span> <span class='ocrx_word' id='word_1_546' title='bbox 2084 3390 2248 3452; x_wconf 90' lang='lat' dir='ltr'>aiunt</span> <span class='ocrx_word' id='word_1_547' title='bbox 2277 3393 2434 3453; x_wconf 91' lang='lat' dir='ltr'>clare</span> <span class='ocrx_word' id='word_1_548' title='bbox 2464 3391 2681 3451; x_wconf 91' lang='lat' dir='ltr'>vidisse</span> <span class='ocrx_word' id='word_1_549' title='bbox 2705 3392 3160 3467; x_wconf 87' lang='lat' dir='ltr'>Deum,Patrem</span> <span class='ocrx_word' id='word_1_550' title='bbox 3186 3400 3369 3467; x_wconf 89' lang='lat' dir='ltr'>tuum,</span> <span class='ocrx_word' id='word_1_551' title='bbox 3390 3394 3603 3453; x_wconf 92' lang='lat' dir='ltr'>docen-</span> 
     </span>
    </p>
   </div>
   <div class='ocr_carea' id='block_1_71' title="bbox 1966 3479 3601 3560">
    <p class='ocr_par' dir='ltr' id='par_1_71' title="bbox 1966 3479 3601 3560">
     <span class='ocr_line' id='line_1_73' title="bbox 1966 3479 3601 3560; baseline 0.002 -24"><span class='ocrx_word' id='word_1_552' title='bbox 1966 3483 2048 3538; x_wconf 88' lang='lat' dir='ltr'>tes</span> <span class='ocrx_word' id='word_1_553' title='bbox 2074 3497 2209 3540; x_wconf 91' lang='lat' dir='ltr'>eum</span> <span class='ocrx_word' id='word_1_554' title='bbox 2233 3479 2510 3559; x_wconf 83' lang='lat' dir='ltr'>cognosci</span> <span class='ocrx_word' id='word_1_555' title='bbox 2538 3488 2595 3540; x_wconf 92' lang='lat' dir='ltr'>et</span> <span class='ocrx_word' id='word_1_556' title='bbox 2625 3479 2808 3540; x_wconf 86' lang='lat' dir='ltr'>videri</span> <span class='ocrx_word' id='word_1_557' title='bbox 2838 3497 2871 3538; x_wconf 89' lang='lat' dir='ltr'>a</span> <span class='ocrx_word' id='word_1_558' title='bbox 2895 3480 3054 3540; x_wconf 93' lang='lat' dir='ltr'>nullo</span> <span class='ocrx_word' id='word_1_559' title='bbox 3078 3497 3288 3560; x_wconf 84' lang='lat' dir='ltr'>posse;</span> <span class='ocrx_word' id='word_1_560' title='bbox 3322 3488 3380 3540; x_wconf 89' lang='lat' dir='ltr'>et</span> <span class='ocrx_word' id='word_1_561' title='bbox 3408 3498 3601 3560; x_wconf 44' lang='lat' dir='ltr'>oppoi-</span> 
     </span>
    </p>
   </div>
   <div class='ocr_carea' id='block_1_72' title="bbox 1963 3567 3595 3645">
    <p class='ocr_par' dir='ltr' id='par_1_72' title="bbox 1963 3567 3595 3645">
     <span class='ocr_line' id='line_1_74' title="bbox 1963 3567 3595 3645; baseline 0.002 -20"><span class='ocrx_word' id='word_1_562' title='bbox 1963 3573 2172 3628; x_wconf 90' lang='lat' dir='ltr'>nentes</span> <span class='ocrx_word' id='word_1_563' title='bbox 2203 3568 2444 3629; x_wconf 89' lang='lat' dir='ltr'>verbum</span> <span class='ocrx_word' id='word_1_564' title='bbox 2474 3567 2719 3628; x_wconf 82' lang='lat' dir='ltr'>Joannis</span> <span class='ocrx_word' id='word_1_565' title='bbox 2749 3567 3118 3628; x_wconf 87' lang='lat' dir='ltr'>dilectissimi</span> <span class='ocrx_word' id='word_1_566' title='bbox 3154 3567 3433 3645; x_wconf 90' lang='lat' dir='ltr'>discipuli</span> <span class='ocrx_word' id='word_1_567' title='bbox 3465 3569 3548 3629; x_wconf 90' lang='lat' dir='ltr'>tui</span> <span class='ocrx_word' id='word_1_568' title='bbox 3583 3585 3595 3628; x_wconf 93' lang='lat'>:</span> 
     </span>
    </p>
   </div>
   <div class='ocr_carea' id='block_1_73' title="bbox 1963 3653 3596 3733">
    <p class='ocr_par' dir='ltr' id='par_1_73' title="bbox 1963 3653 3596 3733">
     <span class='ocr_line' id='line_1_75' title="bbox 1963 3653 3596 3733; baseline 0 -18"><span class='ocrx_word' id='word_1_569' title='bbox 1963 3655 2157 3716; x_wconf 89' lang='lat' dir='ltr'>Deum</span> <span class='ocrx_word' id='word_1_570' title='bbox 2189 3674 2366 3717; x_wconf 83' lang='lat' dir='ltr'>nemo</span> <span class='ocrx_word' id='word_1_571' title='bbox 2397 3657 2556 3716; x_wconf 74' lang='lat' dir='ltr'>vidit</span> <span class='ocrx_word' id='word_1_572' title='bbox 2582 3673 2853 3733; x_wconf 83' lang='lat' dir='ltr'>unquam</span> <span class='ocrx_word' id='word_1_573' title='bbox 2993 3654 3115 3730; x_wconf 89' lang='lat' dir='ltr'>Eia,</span> <span class='ocrx_word' id='word_1_574' title='bbox 3153 3653 3386 3715; x_wconf 88' lang='lat' dir='ltr'>Christe</span> <span class='ocrx_word' id='word_1_575' title='bbox 3407 3673 3596 3730; x_wconf 90' lang='lat' dir='ltr'>meus,</span> 
     </span>
    </p>
   </div>
   <div class='ocr_carea' id='block_1_74' title="bbox 1965 3742 3599 3822">
    <p class='ocr_par' dir='ltr' id='par_1_74' title="bbox 1965 3742 3599 3822">
     <span class='ocr_line' id='line_1_76' title="bbox 1965 3742 3599 3822; baseline 0.001 -19"><span class='ocrx_word' id='word_1_576' title='bbox 1965 3743 2059 3804; x_wconf 92' lang='lat' dir='ltr'>dic</span> <span class='ocrx_word' id='word_1_577' title='bbox 2088 3753 2377 3820; x_wconf 91' lang='lat' dir='ltr'>acturum,</span> <span class='ocrx_word' id='word_1_578' title='bbox 2413 3752 2474 3805; x_wconf 92' lang='lat' dir='ltr'>ut</span> <span class='ocrx_word' id='word_1_579' title='bbox 2503 3763 2577 3804; x_wconf 91' lang='lat' dir='ltr'>ne</span> <span class='ocrx_word' id='word_1_580' title='bbox 2608 3742 3082 3822; x_wconf 89' lang='lat' dir='ltr'>imprudentibus</span> <span class='ocrx_word' id='word_1_581' title='bbox 3114 3761 3222 3820; x_wconf 91' lang='lat' dir='ltr'>ego</span> <span class='ocrx_word' id='word_1_582' title='bbox 3270 3744 3480 3820; x_wconf 85' lang='lat' dir='ltr'>nugari</span> <span class='ocrx_word' id='word_1_583' title='bbox 3508 3743 3599 3804; x_wconf 90' lang='lat' dir='ltr'>vi-</span> 
     </span>
    </p>
   </div>
   <div class='ocr_carea' id='block_1_75' title="bbox 1966 3829 3599 3912">
    <p class='ocr_par' dir='ltr' id='par_1_75' title="bbox 1966 3829 3599 3912">
     <span class='ocr_line' id='line_1_77' title="bbox 1966 3829 3599 3912; baseline 0 -20"><span class='ocrx_word' id='word_1_584' title='bbox 1966 3832 2124 3893; x_wconf 91' lang='lat' dir='ltr'>dear.</span> <span class='ocrx_word' id='word_1_585' title='bbox 2155 3831 2380 3907; x_wconf 89' lang='lat' dir='ltr'>Scribe,</span> <span class='ocrx_word' id='word_1_586' title='bbox 2415 3833 2625 3912; x_wconf 88' lang='lat' dir='ltr'>inquit,</span> <span class='ocrx_word' id='word_1_587' title='bbox 2661 3851 2793 3912; x_wconf 86' lang='lat' dir='ltr'>quae</span> <span class='ocrx_word' id='word_1_588' title='bbox 2822 3831 2980 3905; x_wconf 90' lang='lat' dir='ltr'>dico,</span> <span class='ocrx_word' id='word_1_589' title='bbox 3015 3830 3162 3890; x_wconf 89' lang='lat' dir='ltr'>nihil</span> <span class='ocrx_word' id='word_1_590' title='bbox 3193 3829 3599 3909; x_wconf 90' lang='lat' dir='ltr'>vereare.Ego</span> 
     </span>
    </p>
   </div>
   <div class='ocr_carea' id='block_1_76' title="bbox 1964 3917 3602 3995">
    <p class='ocr_par' dir='ltr' id='par_1_76' title="bbox 1964 3917 3602 3995">
     <span class='ocr_line' id='line_1_78' title="bbox 1964 3917 3602 3995; baseline -0.002 -14"><span class='ocrx_word' id='word_1_591' title='bbox 1964 3923 2120 3982; x_wconf 91' lang='lat' dir='ltr'>Deus</span> <span class='ocrx_word' id='word_1_592' title='bbox 2148 3928 2284 3981; x_wconf 90' lang='lat' dir='ltr'>ante</span> <span class='ocrx_word' id='word_1_593' title='bbox 2315 3938 2520 3981; x_wconf 89' lang='lat' dir='ltr'>omnes</span> <span class='ocrx_word' id='word_1_594' title='bbox 2552 3919 2704 3994; x_wconf 89' lang='lat' dir='ltr'>dies,</span> <span class='ocrx_word' id='word_1_595' title='bbox 2738 3920 2913 3979; x_wconf 92' lang='lat' dir='ltr'>horas</span> <span class='ocrx_word' id='word_1_596' title='bbox 2932 3926 3298 3995; x_wconf 88' lang='lat' dir='ltr'>ettempora,</span> <span class='ocrx_word' id='word_1_597' title='bbox 3325 3917 3443 3977; x_wconf 92' lang='lat' dir='ltr'>imo</span> <span class='ocrx_word' id='word_1_598' title='bbox 3465 3926 3602 3979; x_wconf 90' lang='lat' dir='ltr'>ante</span> 
     </span>
    </p>
   </div>
   <div class='ocr_carea' id='block_1_77' title="bbox 1965 4005 3604 4082">
    <p class='ocr_par' dir='ltr' id='par_1_77' title="bbox 1965 4005 3604 4082">
     <span class='ocr_line' id='line_1_79' title="bbox 1965 4005 3604 4082; baseline -0.001 -14"><span class='ocrx_word' id='word_1_599' title='bbox 1965 4007 2164 4068; x_wconf 91' lang='lat' dir='ltr'>omnia</span> <span class='ocrx_word' id='word_1_600' title='bbox 2193 4008 2427 4082; x_wconf 83' lang='lat' dir='ltr'>saecula,</span> <span class='ocrx_word' id='word_1_601' title='bbox 2463 4015 2600 4068; x_wconf 92' lang='lat' dir='ltr'>ante</span> <span class='ocrx_word' id='word_1_602' title='bbox 2631 4015 2931 4068; x_wconf 89' lang='lat' dir='ltr'>creaturas</span> <span class='ocrx_word' id='word_1_603' title='bbox 2982 4023 3190 4065; x_wconf 91' lang='lat' dir='ltr'>omnes</span> <span class='ocrx_word' id='word_1_604' title='bbox 3237 4005 3498 4066; x_wconf 86' lang='lat' dir='ltr'>visibiles</span> <span class='ocrx_word' id='word_1_605' title='bbox 3542 4012 3604 4067; x_wconf 92' lang='lat' dir='ltr'>et</span> 
     </span>
    </p>
   </div>
   <div class='ocr_carea' id='block_1_78' title="bbox 1966 4095 3605 4176">
    <p class='ocr_par' dir='ltr' id='par_1_78' title="bbox 1966 4095 3605 4176">
     <span class='ocr_line' id='line_1_80' title="bbox 1966 4095 3605 4176; baseline 0 -22"><span class='ocrx_word' id='word_1_606' title='bbox 1966 4095 2315 4171; x_wconf 68' lang='lat' dir='ltr'>inmsibiles,</span> <span class='ocrx_word' id='word_1_607' title='bbox 2344 4114 2523 4176; x_wconf 89' lang='lat' dir='ltr'>supra</span> <span class='ocrx_word' id='word_1_608' title='bbox 2553 4113 2788 4154; x_wconf 89' lang='lat' dir='ltr'>omnem</span> <span class='ocrx_word' id='word_1_609' title='bbox 2821 4095 3060 4154; x_wconf 90' lang='lat' dir='ltr'>omnino</span> <span class='ocrx_word' id='word_1_610' title='bbox 3093 4100 3353 4172; x_wconf 91' lang='lat' dir='ltr'>captum,</span> <span class='ocrx_word' id='word_1_611' title='bbox 3381 4111 3605 4155; x_wconf 91' lang='lat' dir='ltr'>sermo-</span> 
     </span>
    </p>
   </div>
   <div class='ocr_carea' id='block_1_79' title="bbox 1968 4180 3608 4263">
    <p class='ocr_par' dir='ltr' id='par_1_79' title="bbox 1968 4180 3608 4263">
     <span class='ocr_line' id='line_1_81' title="bbox 1968 4180 3608 4263; baseline -0.001 -19"><span class='ocrx_word' id='word_1_612' title='bbox 1968 4202 2128 4258; x_wconf 92' lang='lat' dir='ltr'>nem,</span> <span class='ocrx_word' id='word_1_613' title='bbox 2154 4184 2566 4263; x_wconf 89' lang='lat' dir='ltr'>cogitationem</span> <span class='ocrx_word' id='word_1_614' title='bbox 2596 4183 2759 4243; x_wconf 91' lang='lat' dir='ltr'>solus</span> <span class='ocrx_word' id='word_1_615' title='bbox 2805 4200 2938 4242; x_wconf 91' lang='lat' dir='ltr'>cum</span> <span class='ocrx_word' id='word_1_616' title='bbox 2985 4180 3110 4242; x_wconf 92' lang='lat' dir='ltr'>solo</span> <span class='ocrx_word' id='word_1_617' title='bbox 3141 4182 3322 4258; x_wconf 91' lang='lat' dir='ltr'>solus,</span> <span class='ocrx_word' id='word_1_618' title='bbox 3360 4189 3418 4244; x_wconf 89' lang='lat' dir='ltr'>et</span> <span class='ocrx_word' id='word_1_619' title='bbox 3457 4182 3608 4242; x_wconf 89' lang='lat' dir='ltr'>nihil</span> 
     </span>
    </p>
   </div>
   <div class='ocr_carea' id='block_1_80' title="bbox 238 4273 3604 4374">
    <p class='ocr_par' dir='ltr' id='par_1_80' title="bbox 238 4273 3604 4374">
     <span class='ocr_line' id='line_1_82' title="bbox 238 4273 3604 4374; baseline -0.002 -36"><span class='ocrx_word' id='word_1_620' title='bbox 238 4278 486 4358; x_wconf 90' lang='lat' dir='ltr'>quidem</span> <span class='ocrx_word' id='word_1_621' title='bbox 531 4298 639 4341; x_wconf 92' lang='lat' dir='ltr'>ceu</span> <span class='ocrx_word' id='word_1_622' title='bbox 685 4279 962 4360; x_wconf 91' lang='lat' dir='ltr'>lapidem,</span> <span class='ocrx_word' id='word_1_623' title='bbox 999 4279 1256 4338; x_wconf 90' lang='lat' dir='ltr'>animam</span> <span class='ocrx_word' id='word_1_624' title='bbox 1307 4285 1505 4339; x_wconf 88' lang='lat' dir='ltr'>autem</span> <span class='ocrx_word' id='word_1_625' title='bbox 1550 4286 1615 4338; x_wconf 91' lang='lat' dir='ltr'>ut</span> <span class='ocrx_word' id='word_1_626' title='bbox 1661 4279 1881 4340; x_wconf 89' lang='lat' dir='ltr'>ferrum</span> <span class='ocrx_word' id='word_1_627' title='bbox 1904 4291 2178 4374; x_wconf 77' lang='lat' dir='ltr'>Deorum</span> <span class='ocrx_word' id='word_1_628' title='bbox 2207 4291 2337 4353; x_wconf 88' lang='lat' dir='ltr'>quae</span> <span class='ocrx_word' id='word_1_629' title='bbox 2365 4273 2756 4374; x_wconf 70' lang='lat' dir='ltr'>aspiciuntur;</span> <span class='ocrx_word' id='word_1_630' title='bbox 2790 4273 2892 4332; x_wconf 92' lang='lat' dir='ltr'>sed</span> <span class='ocrx_word' id='word_1_631' title='bbox 2928 4287 3037 4374; x_wconf 82' lang='lat' dir='ltr'>nec</span> <span class='ocrx_word' id='word_1_632' title='bbox 3069 4287 3276 4331; x_wconf 88' lang='lat' dir='ltr'>eorum</span> <span class='ocrx_word' id='word_1_633' title='bbox 3327 4289 3456 4350; x_wconf 65' lang='lat' dir='ltr'>quae</span> <span class='ocrx_word' id='word_1_634' title='bbox 3485 4289 3604 4331; x_wconf 90' lang='lat' dir='ltr'>non</span> 
     </span>
    </p>
   </div>
   <div class='ocr_carea' id='block_1_81' title="bbox 242 4365 1876 4449">
    <p class='ocr_par' dir='ltr' id='par_1_81' title="bbox 242 4365 1876 4449">
     <span class='ocr_line' id='line_1_83' title="bbox 242 4365 1876 4449; baseline -0.001 -22"><span class='ocrx_word' id='word_1_635' title='bbox 242 4376 480 4448; x_wconf 90' lang='lat' dir='ltr'>tenens,</span> <span class='ocrx_word' id='word_1_636' title='bbox 512 4368 785 4430; x_wconf 91' lang='lat' dir='ltr'>manibus</span> <span class='ocrx_word' id='word_1_637' title='bbox 830 4387 961 4449; x_wconf 65' lang='lat' dir='ltr'>qua:</span> <span class='ocrx_word' id='word_1_638' title='bbox 1010 4365 1399 4444; x_wconf 90' lang='lat' dir='ltr'>intelligentia</span> <span class='ocrx_word' id='word_1_639' title='bbox 1447 4365 1876 4446; x_wconf 91' lang='lat' dir='ltr'>percipiuntur,</span> 
     </span>
    </p>
   </div>
   <div class='ocr_carea' id='block_1_82' title="bbox 241 4454 1883 4535">
    <p class='ocr_par' dir='ltr' id='par_1_82' title="bbox 241 4454 1883 4535">
     <span class='ocr_line' id='line_1_84' title="bbox 241 4454 1883 4535; baseline -0.001 -17"><span class='ocrx_word' id='word_1_640' title='bbox 241 4473 378 4518; x_wconf 82' lang='lat' dir='ltr'>eam</span> <span class='ocrx_word' id='word_1_641' title='bbox 412 4457 624 4532; x_wconf 87' lang='lat' dir='ltr'>trahat,</span> <span class='ocrx_word' id='word_1_642' title='bbox 667 4463 725 4518; x_wconf 88' lang='lat' dir='ltr'>et</span> <span class='ocrx_word' id='word_1_643' title='bbox 767 4457 838 4518; x_wconf 91' lang='lat' dir='ltr'>ad</span> <span class='ocrx_word' id='word_1_644' title='bbox 861 4458 1158 4535; x_wconf 89' lang='lat' dir='ltr'>agendum</span> <span class='ocrx_word' id='word_1_645' title='bbox 1189 4454 1244 4514; x_wconf 90' lang='lat' dir='ltr'>vi</span> <span class='ocrx_word' id='word_1_646' title='bbox 1273 4454 1537 4533; x_wconf 88' lang='lat' dir='ltr'>impellat</span> <span class='ocrx_word' id='word_1_647' title='bbox 1574 4454 1883 4534; x_wconf 83' lang='lat' dir='ltr'>:Regnum</span> 
     </span>
    </p>
   </div>
   <div class='ocr_carea' id='block_1_83' title="bbox 241 4541 1882 4625">
    <p class='ocr_par' dir='ltr' id='par_1_83' title="bbox 241 4541 1882 4625">
     <span class='ocr_line' id='line_1_85' title="bbox 241 4541 1882 4625; baseline -0.002 -20"><span class='ocrx_word' id='word_1_648' title='bbox 241 4545 470 4625; x_wconf 81' lang='lat' dir='ltr'>quippe</span> <span class='ocrx_word' id='word_1_649' title='bbox 491 4548 783 4607; x_wconf 77' lang='lat' dir='ltr'>caelorum</span> <span class='ocrx_word' id='word_1_650' title='bbox 805 4550 929 4606; x_wconf 76' lang='lat' dir='ltr'>vim</span> <span class='ocrx_word' id='word_1_651' title='bbox 950 4545 1184 4623; x_wconf 75' lang='lat' dir='ltr'>patitur</span> <span class='ocrx_word' id='word_1_652' title='bbox 1200 4541 1450 4613; x_wconf 75' lang='lat' dir='ltr'>34.Quas</span> <span class='ocrx_word' id='word_1_653' title='bbox 1476 4548 1672 4602; x_wconf 91' lang='lat' dir='ltr'>autem</span> <span class='ocrx_word' id='word_1_654' title='bbox 1693 4543 1882 4603; x_wconf 88' lang='lat' dir='ltr'>actio-</span> 
     </span>
    </p>
   </div>
   <div class='ocr_carea' id='block_1_84' title="bbox 242 4630 1881 4714">
    <p class='ocr_par' dir='ltr' id='par_1_84' title="bbox 242 4630 1881 4714">
     <span class='ocr_line' id='line_1_86' title="bbox 242 4630 1881 4714; baseline -0.002 -20"><span class='ocrx_word' id='word_1_655' title='bbox 242 4651 355 4694; x_wconf 90' lang='lat' dir='ltr'>nes</span> <span class='ocrx_word' id='word_1_656' title='bbox 377 4632 689 4713; x_wconf 86' lang='lat' dir='ltr'>intelligis?</span> <span class='ocrx_word' id='word_1_657' title='bbox 711 4635 888 4714; x_wconf 84' lang='lat' dir='ltr'>quas?</span> <span class='ocrx_word' id='word_1_658' title='bbox 918 4630 1676 4712; x_wconf 88' lang='lat' dir='ltr'>pervigilationes,jejunia,</span> <span class='ocrx_word' id='word_1_659' title='bbox 1701 4630 1881 4691; x_wconf 91' lang='lat' dir='ltr'>fervi-</span> 
     </span>
    </p>
   </div>
   <div class='ocr_carea' id='block_1_85' title="bbox 243 4720 1886 4801">
    <p class='ocr_par' dir='ltr' id='par_1_85' title="bbox 243 4720 1886 4801">
     <span class='ocr_line' id='line_1_87' title="bbox 243 4720 1886 4801; baseline -0.003 -18"><span class='ocrx_word' id='word_1_660' title='bbox 243 4722 381 4783; x_wconf 90' lang='lat' dir='ltr'>dam</span> <span class='ocrx_word' id='word_1_661' title='bbox 400 4720 1056 4801; x_wconf 80' lang='lat' dir='ltr'>pcenitentiam,imbres</span> <span class='ocrx_word' id='word_1_662' title='bbox 1076 4720 1886 4799; x_wconf 83' lang='lat' dir='ltr'>lacrymarum,luctum,con-</span> 
     </span>
    </p>
   </div>
   <div class='ocr_carea' id='block_1_86' title="bbox 243 4807 1883 4888">
    <p class='ocr_par' dir='ltr' id='par_1_86' title="bbox 243 4807 1883 4888">
     <span class='ocr_line' id='line_1_88' title="bbox 243 4807 1883 4888; baseline -0.002 -18"><span class='ocrx_word' id='word_1_663' title='bbox 243 4809 468 4870; x_wconf 91' lang='lat' dir='ltr'>tinuam</span> <span class='ocrx_word' id='word_1_664' title='bbox 490 4810 696 4872; x_wconf 88' lang='lat' dir='ltr'>mortis</span> <span class='ocrx_word' id='word_1_665' title='bbox 718 4809 1083 4888; x_wconf 91' lang='lat' dir='ltr'>memoriam,</span> <span class='ocrx_word' id='word_1_666' title='bbox 1117 4825 1322 4887; x_wconf 85' lang='lat' dir='ltr'>preces</span> <span class='ocrx_word' id='word_1_667' title='bbox 1361 4807 1648 4887; x_wconf 88' lang='lat' dir='ltr'>assiduas,</span> <span class='ocrx_word' id='word_1_668' title='bbox 1685 4807 1883 4867; x_wconf 91' lang='lat' dir='ltr'>omni-</span> 
     </span>
    </p>
   </div>
   <div class='ocr_carea' id='block_1_87' title="bbox 240 4895 1879 4977">
    <p class='ocr_par' dir='ltr' id='par_1_87' title="bbox 240 4895 1879 4977">
     <span class='ocr_line' id='line_1_89' title="bbox 240 4895 1879 4977; baseline -0.002 -18"><span class='ocrx_word' id='word_1_669' title='bbox 240 4917 528 4977; x_wconf 90' lang='lat' dir='ltr'>genarum</span> <span class='ocrx_word' id='word_1_670' title='bbox 561 4900 946 4961; x_wconf 84' lang='lat' dir='ltr'>tentationum</span> <span class='ocrx_word' id='word_1_671' title='bbox 965 4897 1027 4958; x_wconf 93' lang='lat' dir='ltr'>in</span> <span class='ocrx_word' id='word_1_672' title='bbox 1050 4905 1104 4957; x_wconf 93' lang='lat' dir='ltr'>te</span> <span class='ocrx_word' id='word_1_673' title='bbox 1135 4895 1488 4957; x_wconf 89' lang='lat' dir='ltr'>irruentium</span> <span class='ocrx_word' id='word_1_674' title='bbox 1514 4895 1879 4975; x_wconf 90' lang='lat' dir='ltr'>patientiam.</span> 
     </span>
    </p>
   </div>
   <div class='ocr_carea' id='block_1_88' title="bbox 240 4982 1882 5064">
    <p class='ocr_par' dir='ltr' id='par_1_88' title="bbox 240 4982 1882 5064">
     <span class='ocr_line' id='line_1_90' title="bbox 240 4982 1882 5064; baseline -0.002 -17"><span class='ocrx_word' id='word_1_675' title='bbox 240 4987 396 5048; x_wconf 85' lang='lat' dir='ltr'>Ante</span> <span class='ocrx_word' id='word_1_676' title='bbox 428 4988 550 5048; x_wconf 62' lang='lat' dir='ltr'>haec</span> <span class='ocrx_word' id='word_1_677' title='bbox 573 4989 770 5049; x_wconf 88' lang='lat' dir='ltr'>omnia</span> <span class='ocrx_word' id='word_1_678' title='bbox 808 4985 1132 5060; x_wconf 90' lang='lat' dir='ltr'>silentium,</span> <span class='ocrx_word' id='word_1_679' title='bbox 1165 4991 1222 5047; x_wconf 90' lang='lat' dir='ltr'>et</span> <span class='ocrx_word' id='word_1_680' title='bbox 1255 4982 1603 5064; x_wconf 86' lang='lat' dir='ltr'>profundam</span> <span class='ocrx_word' id='word_1_681' title='bbox 1638 4984 1882 5044; x_wconf 87' lang='lat' dir='ltr'>humili—</span> 
     </span>
    </p>
   </div>
   <div class='ocr_carea' id='block_1_89' title="bbox 243 5071 1881 5155">
    <p class='ocr_par' dir='ltr' id='par_1_89' title="bbox 243 5071 1881 5155">
     <span class='ocr_line' id='line_1_91' title="bbox 243 5071 1881 5155; baseline -0.002 -19"><span class='ocrx_word' id='word_1_682' title='bbox 243 5082 448 5151; x_wconf 89' lang='lat' dir='ltr'>tatem,</span> <span class='ocrx_word' id='word_1_683' title='bbox 476 5077 759 5155; x_wconf 87' lang='lat' dir='ltr'>pefectam</span> <span class='ocrx_word' id='word_1_684' title='bbox 791 5074 1215 5152; x_wconf 89' lang='lat' dir='ltr'>obedientiam,</span> <span class='ocrx_word' id='word_1_685' title='bbox 1251 5071 1706 5150; x_wconf 89' lang='lat' dir='ltr'>abnegationem</span> <span class='ocrx_word' id='word_1_686' title='bbox 1739 5091 1881 5151; x_wconf 91' lang='lat' dir='ltr'>pro-</span> 
     </span>
    </p>
   </div>
   <div class='ocr_carea' id='block_1_90' title="bbox 242 5159 1885 5244">
    <p class='ocr_par' dir='ltr' id='par_1_90' title="bbox 242 5159 1885 5244">
     <span class='ocr_line' id='line_1_92' title="bbox 242 5159 1885 5244; baseline -0.001 -20"><span class='ocrx_word' id='word_1_687' title='bbox 242 5163 391 5244; x_wconf 77' lang='lat' dir='ltr'>priae</span> <span class='ocrx_word' id='word_1_688' title='bbox 431 5165 768 5227; x_wconf 86' lang='lat' dir='ltr'>voluntatis.</span> <span class='ocrx_word' id='word_1_689' title='bbox 820 5163 947 5240; x_wconf 87' lang='lat' dir='ltr'>His,</span> <span class='ocrx_word' id='word_1_690' title='bbox 993 5171 1050 5224; x_wconf 88' lang='lat' dir='ltr'>et</span> <span class='ocrx_word' id='word_1_691' title='bbox 1093 5163 1305 5223; x_wconf 89' lang='lat' dir='ltr'>horum</span> <span class='ocrx_word' id='word_1_692' title='bbox 1349 5159 1643 5221; x_wconf 86' lang='lat' dir='ltr'>similibus</span> <span class='ocrx_word' id='word_1_693' title='bbox 1688 5161 1885 5222; x_wconf 91' lang='lat' dir='ltr'>anima</span> 
     </span>
    </p>
   </div>
   <div class='ocr_carea' id='block_1_91' title="bbox 239 5248 1884 5334">
    <p class='ocr_par' dir='ltr' id='par_1_91' title="bbox 239 5248 1884 5334">
     <span class='ocr_line' id='line_1_93' title="bbox 239 5248 1884 5334; baseline -0.001 -21"><span class='ocrx_word' id='word_1_694' title='bbox 239 5271 479 5328; x_wconf 82' lang='lat' dir='ltr'>vacans,</span> <span class='ocrx_word' id='word_1_695' title='bbox 525 5264 583 5315; x_wconf 87' lang='lat' dir='ltr'>et</span> <span class='ocrx_word' id='word_1_696' title='bbox 627 5272 863 5334; x_wconf 90' lang='lat' dir='ltr'>semper</span> <span class='ocrx_word' id='word_1_697' title='bbox 907 5253 1155 5322; x_wconf 87' lang='lat' dir='ltr'>intenta,</span> <span class='ocrx_word' id='word_1_698' title='bbox 1219 5249 1280 5310; x_wconf 91' lang='lat' dir='ltr'>in</span> <span class='ocrx_word' id='word_1_699' title='bbox 1343 5248 1549 5329; x_wconf 90' lang='lat' dir='ltr'>primis</span> <span class='ocrx_word' id='word_1_700' title='bbox 1599 5249 1884 5311; x_wconf 83' lang='lat' dir='ltr'>scintillas</span> 
     </span>
    </p>
   </div>
   <div class='ocr_carea' id='block_1_92' title="bbox 241 5336 1878 5423">
    <p class='ocr_par' dir='ltr' id='par_1_92' title="bbox 241 5336 1878 5423">
     <span class='ocr_line' id='line_1_94' title="bbox 241 5336 1878 5423; baseline -0.005 -19"><span class='ocrx_word' id='word_1_701' title='bbox 241 5343 585 5423; x_wconf 89' lang='lat' dir='ltr'>suppeditat</span> <span class='ocrx_word' id='word_1_702' title='bbox 629 5342 813 5404; x_wconf 91' lang='lat' dir='ltr'>menti</span> <span class='ocrx_word' id='word_1_703' title='bbox 851 5348 984 5418; x_wconf 70' lang='lat' dir='ltr'>tuae,</span> <span class='ocrx_word' id='word_1_704' title='bbox 1018 5358 1150 5419; x_wconf 64' lang='lat' dir='ltr'>qum</span> <span class='ocrx_word' id='word_1_705' title='bbox 1205 5338 1320 5399; x_wconf 92' lang='lat' dir='ltr'>cito</span> <span class='ocrx_word' id='word_1_706' title='bbox 1377 5336 1833 5414; x_wconf 85' lang='lat' dir='ltr'>exstinguuntur</span> <span class='ocrx_word' id='word_1_707' title='bbox 1865 5360 1878 5396; x_wconf 88' lang='lat'><strong>:</strong></span> 
     </span>
    </p>
   </div>
   <div class='ocr_carea' id='block_1_93' title="bbox 320 5495 1512 5585">
    <p class='ocr_par' dir='ltr' id='par_1_93' title="bbox 320 5495 1512 5585">
     <span class='ocr_line' id='line_1_95' title="bbox 320 5495 1512 5585; baseline -0.008 -18"><span class='ocrx_word' id='word_1_708' title='bbox 320 5503 384 5554; x_wconf 72' lang='grc'>54</span> <span class='ocrx_word' id='word_1_709' title='bbox 411 5503 615 5566; x_wconf 83' lang='lat' dir='ltr'>Matth.</span> <span class='ocrx_word' id='word_1_710' title='bbox 649 5520 729 5585; x_wconf 76' lang='grc' dir='ltr'>ιι,</span> <span class='ocrx_word' id='word_1_711' title='bbox 771 5503 866 5566; x_wconf 83' lang='lat' dir='ltr'>l2.</span> <span class='ocrx_word' id='word_1_712' title='bbox 950 5498 1066 5560; x_wconf 71' lang='lat'>551</span> <span class='ocrx_word' id='word_1_713' title='bbox 1095 5500 1263 5563; x_wconf 83' lang='lat' dir='ltr'>Joan.</span> <span class='ocrx_word' id='word_1_714' title='bbox 1301 5514 1384 5573; x_wconf 83' lang='lat' dir='ltr'>Iv,</span> <span class='ocrx_word' id='word_1_715' title='bbox 1417 5495 1512 5558; x_wconf 77' lang='lat'>12.</span> 
     </span>
    </p>
   </div>
   <div class='ocr_carea' id='block_1_94' title="bbox 1965 4360 3601 4440">
    <p class='ocr_par' dir='ltr' id='par_1_94' title="bbox 1965 4360 3601 4440">
     <span class='ocr_line' id='line_1_96' title="bbox 1965 4360 3601 4440; baseline -0.001 -18"><span class='ocrx_word' id='word_1_716' title='bbox 1965 4361 2352 4440; x_wconf 86' lang='lat' dir='ltr'>aspiciuntur.</span> <span class='ocrx_word' id='word_1_717' title='bbox 2405 4360 2577 4421; x_wconf 88' lang='lat' dir='ltr'>Eram</span> <span class='ocrx_word' id='word_1_718' title='bbox 2627 4377 2865 4433; x_wconf 88' lang='lat' dir='ltr'>revera,</span> <span class='ocrx_word' id='word_1_719' title='bbox 2923 4365 3239 4438; x_wconf 90' lang='lat' dir='ltr'>antequam</span> <span class='ocrx_word' id='word_1_720' title='bbox 3299 4377 3601 4422; x_wconf 90' lang='lat' dir='ltr'>nascerer.</span> 
     </span>
    </p>
   </div>
   <div class='ocr_carea' id='block_1_95' title="bbox 1963 4447 3599 4526">
    <p class='ocr_par' dir='ltr' id='par_1_95' title="bbox 1963 4447 3599 4526">
     <span class='ocr_line' id='line_1_97' title="bbox 1963 4447 3599 4526; baseline -0.001 -16"><span class='ocrx_word' id='word_1_721' title='bbox 1963 4450 2138 4510; x_wconf 90' lang='lat' dir='ltr'>Solus</span> <span class='ocrx_word' id='word_1_722' title='bbox 2169 4468 2275 4526; x_wconf 90' lang='lat' dir='ltr'>ego</span> <span class='ocrx_word' id='word_1_723' title='bbox 2307 4449 2602 4510; x_wconf 89' lang='lat' dir='ltr'>increatus</span> <span class='ocrx_word' id='word_1_724' title='bbox 2631 4466 2766 4508; x_wconf 92' lang='lat' dir='ltr'>cum</span> <span class='ocrx_word' id='word_1_725' title='bbox 2795 4449 2992 4521; x_wconf 89' lang='lat' dir='ltr'>Patre,</span> <span class='ocrx_word' id='word_1_726' title='bbox 3019 4454 3077 4507; x_wconf 91' lang='lat' dir='ltr'>et</span> <span class='ocrx_word' id='word_1_727' title='bbox 3119 4447 3342 4526; x_wconf 90' lang='lat' dir='ltr'>Spiritu</span> <span class='ocrx_word' id='word_1_728' title='bbox 3374 4455 3599 4510; x_wconf 90' lang='lat' dir='ltr'>sancto.</span> 
     </span>
    </p>
   </div>
   <div class='ocr_carea' id='block_1_96' title="bbox 1965 4533 3605 4617">
    <p class='ocr_par' dir='ltr' id='par_1_96' title="bbox 1965 4533 3605 4617">
     <span class='ocr_line' id='line_1_98' title="bbox 1965 4533 3605 4617; baseline -0.003 -17"><span class='ocrx_word' id='word_1_729' title='bbox 1965 4537 2139 4600; x_wconf 91' lang='lat' dir='ltr'>Solus</span> <span class='ocrx_word' id='word_1_730' title='bbox 2179 4537 2402 4617; x_wconf 90' lang='lat' dir='ltr'>absque</span> <span class='ocrx_word' id='word_1_731' title='bbox 2441 4535 2732 4616; x_wconf 90' lang='lat' dir='ltr'>principio</span> <span class='ocrx_word' id='word_1_732' title='bbox 2766 4554 2834 4595; x_wconf 86' lang='lat' dir='ltr'>ex</span> <span class='ocrx_word' id='word_1_733' title='bbox 2864 4533 3038 4596; x_wconf 82' lang='lat' dir='ltr'>Patre</span> <span class='ocrx_word' id='word_1_734' title='bbox 3068 4553 3225 4614; x_wconf 90' lang='lat' dir='ltr'>meo,</span> <span class='ocrx_word' id='word_1_735' title='bbox 3262 4535 3433 4613; x_wconf 90' lang='lat' dir='ltr'>cujus</span> <span class='ocrx_word' id='word_1_736' title='bbox 3463 4535 3605 4597; x_wconf 90' lang='lat' dir='ltr'>item</span> 
     </span>
    </p>
   </div>
   <div class='ocr_carea' id='block_1_97' title="bbox 1966 4622 3600 4705">
    <p class='ocr_par' dir='ltr' id='par_1_97' title="bbox 1966 4622 3600 4705">
     <span class='ocr_line' id='line_1_99' title="bbox 1966 4622 3600 4705; baseline -0.002 -19"><span class='ocrx_word' id='word_1_737' title='bbox 1966 4625 2193 4686; x_wconf 91' lang='lat' dir='ltr'>nullum</span> <span class='ocrx_word' id='word_1_738' title='bbox 2224 4633 2313 4687; x_wconf 91' lang='lat' dir='ltr'>est</span> <span class='ocrx_word' id='word_1_739' title='bbox 2342 4624 2722 4705; x_wconf 90' lang='lat' dir='ltr'>principium.</span> <span class='ocrx_word' id='word_1_740' title='bbox 2747 4622 2931 4684; x_wconf 89' lang='lat' dir='ltr'>Nemo</span> <span class='ocrx_word' id='word_1_741' title='bbox 2950 4623 3296 4701; x_wconf 90' lang='lat' dir='ltr'>angelorum</span> <span class='ocrx_word' id='word_1_742' title='bbox 3316 4641 3600 4702; x_wconf 91' lang='lat' dir='ltr'>unquam,</span> 
     </span>
    </p>
   </div>
   <div class='ocr_carea' id='block_1_98' title="bbox 1967 4711 3610 4794">
    <p class='ocr_par' dir='ltr' id='par_1_98' title="bbox 1967 4711 3610 4794">
     <span class='ocr_line' id='line_1_100' title="bbox 1967 4711 3610 4794; baseline -0.002 -19"><span class='ocrx_word' id='word_1_743' title='bbox 1967 4733 2079 4775; x_wconf 91' lang='lat' dir='ltr'>nec</span> <span class='ocrx_word' id='word_1_744' title='bbox 2108 4714 2618 4794; x_wconf 90' lang='lat' dir='ltr'>archangelorum,</span> <span class='ocrx_word' id='word_1_745' title='bbox 2642 4731 2754 4773; x_wconf 90' lang='lat' dir='ltr'>nec</span> <span class='ocrx_word' id='word_1_746' title='bbox 2775 4712 3025 4772; x_wconf 90' lang='lat' dir='ltr'>aliorum</span> <span class='ocrx_word' id='word_1_747' title='bbox 3049 4711 3323 4772; x_wconf 91' lang='lat' dir='ltr'>ordinum</span> <span class='ocrx_word' id='word_1_748' title='bbox 3349 4711 3610 4771; x_wconf 86' lang='lat' dir='ltr'>viditna-</span> 
     </span>
    </p>
   </div>
   <div class='ocr_carea' id='block_1_99' title="bbox 1967 4798 3611 4877">
    <p class='ocr_par' dir='ltr' id='par_1_99' title="bbox 1967 4798 3611 4877">
     <span class='ocr_line' id='line_1_101' title="bbox 1967 4798 3611 4877; baseline -0.002 -13"><span class='ocrx_word' id='word_1_749' title='bbox 1967 4811 2154 4864; x_wconf 88' lang='lat' dir='ltr'>turam</span> <span class='ocrx_word' id='word_1_750' title='bbox 2215 4819 2428 4877; x_wconf 89' lang='lat' dir='ltr'>meam,</span> <span class='ocrx_word' id='word_1_751' title='bbox 2475 4820 2583 4862; x_wconf 92' lang='lat' dir='ltr'>nec</span> <span class='ocrx_word' id='word_1_752' title='bbox 2634 4820 2726 4861; x_wconf 90' lang='lat' dir='ltr'>me</span> <span class='ocrx_word' id='word_1_753' title='bbox 2769 4801 3106 4862; x_wconf 88' lang='lat' dir='ltr'>Creatorem</span> <span class='ocrx_word' id='word_1_754' title='bbox 3159 4807 3366 4877; x_wconf 92' lang='lat' dir='ltr'>totum,</span> <span class='ocrx_word' id='word_1_755' title='bbox 3416 4798 3611 4874; x_wconf 90' lang='lat' dir='ltr'>qualis</span> 
     </span>
    </p>
   </div>
   <div class='ocr_carea' id='block_1_100' title="bbox 1967 4885 3605 4966">
    <p class='ocr_par' dir='ltr' id='par_1_100' title="bbox 1967 4885 3605 4966">
     <span class='ocr_line' id='line_1_102' title="bbox 1967 4885 3605 4966; baseline -0.005 -14"><span class='ocrx_word' id='word_1_756' title='bbox 1967 4910 2122 4966; x_wconf 92' lang='lat' dir='ltr'>sum,</span> <span class='ocrx_word' id='word_1_757' title='bbox 2157 4890 2262 4953; x_wconf 91' lang='lat' dir='ltr'>sed</span> <span class='ocrx_word' id='word_1_758' title='bbox 2288 4889 2690 4951; x_wconf 90' lang='lat' dir='ltr'>tantummodo</span> <span class='ocrx_word' id='word_1_759' title='bbox 2713 4887 2944 4948; x_wconf 89' lang='lat' dir='ltr'>radium</span> <span class='ocrx_word' id='word_1_760' title='bbox 2976 4885 3197 4964; x_wconf 63' lang='lat' dir='ltr'>gloriae,</span> <span class='ocrx_word' id='word_1_761' title='bbox 3219 4894 3276 4946; x_wconf 91' lang='lat' dir='ltr'>et</span> <span class='ocrx_word' id='word_1_762' title='bbox 3305 4885 3605 4945; x_wconf 84' lang='lat' dir='ltr'>deﬂuxum</span> 
     </span>
    </p>
   </div>
   <div class='ocr_carea' id='block_1_101' title="bbox 1966 4973 3603 5060">
    <p class='ocr_par' dir='ltr' id='par_1_101' title="bbox 1966 4973 3603 5060">
     <span class='ocr_line' id='line_1_103' title="bbox 1966 4973 3603 5060; baseline -0.005 -18"><span class='ocrx_word' id='word_1_763' title='bbox 1966 4980 2284 5060; x_wconf 83' lang='lat' dir='ltr'>quemdam</span> <span class='ocrx_word' id='word_1_764' title='bbox 2317 4977 2558 5040; x_wconf 91' lang='lat' dir='ltr'>luminis</span> <span class='ocrx_word' id='word_1_765' title='bbox 2589 4977 2707 5037; x_wconf 90' lang='lat' dir='ltr'>mei</span> <span class='ocrx_word' id='word_1_766' title='bbox 2737 4975 2957 5049; x_wconf 88' lang='lat' dir='ltr'>vident,</span> <span class='ocrx_word' id='word_1_767' title='bbox 2988 4973 3603 5053; x_wconf 86' lang='lat' dir='ltr'>contemplanturque.</span> 
     </span>
    </p>
   </div>
   <div class='ocr_carea' id='block_1_102' title="bbox 1969 5061 3603 5146">
    <p class='ocr_par' dir='ltr' id='par_1_102' title="bbox 1969 5061 3603 5146">
     <span class='ocr_line' id='line_1_104' title="bbox 1969 5061 3603 5146; baseline -0.007 -16"><span class='ocrx_word' id='word_1_768' title='bbox 1969 5067 2131 5130; x_wconf 91' lang='lat' dir='ltr'>Sicut</span> <span class='ocrx_word' id='word_1_769' title='bbox 2169 5069 2326 5129; x_wconf 86' lang='lat' dir='ltr'>enim</span> <span class='ocrx_word' id='word_1_770' title='bbox 2361 5066 2668 5146; x_wconf 89' lang='lat' dir='ltr'>speculum</span> <span class='ocrx_word' id='word_1_771' title='bbox 2700 5061 2992 5125; x_wconf 90' lang='lat' dir='ltr'>solaribus</span> <span class='ocrx_word' id='word_1_772' title='bbox 3021 5061 3204 5122; x_wconf 91' lang='lat' dir='ltr'>radiis</span> <span class='ocrx_word' id='word_1_773' title='bbox 3235 5077 3603 5140; x_wconf 87' lang='lat' dir='ltr'>percussum,</span> 
     </span>
    </p>
   </div>
   <div class='ocr_carea' id='block_1_103' title="bbox 1967 5148 3608 5236">
    <p class='ocr_par' dir='ltr' id='par_1_103' title="bbox 1967 5148 3608 5236">
     <span class='ocr_line' id='line_1_105' title="bbox 1967 5148 3608 5236; baseline -0.005 -18"><span class='ocrx_word' id='word_1_774' title='bbox 1967 5165 2024 5218; x_wconf 92' lang='lat' dir='ltr'>et</span> <span class='ocrx_word' id='word_1_775' title='bbox 2079 5166 2142 5218; x_wconf 92' lang='lat' dir='ltr'>ut</span> <span class='ocrx_word' id='word_1_776' title='bbox 2189 5157 2336 5236; x_wconf 90' lang='lat' dir='ltr'>lapis</span> <span class='ocrx_word' id='word_1_777' title='bbox 2385 5155 2741 5216; x_wconf 91' lang='lat' dir='ltr'>cristallinus</span> <span class='ocrx_word' id='word_1_778' title='bbox 2790 5153 2855 5212; x_wconf 91' lang='lat' dir='ltr'>in</span> <span class='ocrx_word' id='word_1_779' title='bbox 2897 5149 3147 5210; x_wconf 87' lang='lat' dir='ltr'>meridie</span> <span class='ocrx_word' id='word_1_780' title='bbox 3169 5148 3608 5236; x_wconf 51' lang='lat' dir='ltr'>illirsitratusgs-ic</span> 
     </span>
    </p>
   </div>
   <div class='ocr_carea' id='block_1_104' title="bbox 1966 5234 3608 5315">
    <p class='ocr_par' dir='ltr' id='par_1_104' title="bbox 1966 5234 3608 5315">
     <span class='ocr_line' id='line_1_106' title="bbox 1966 5234 3608 5315; baseline -0.009 -8"><span class='ocrx_word' id='word_1_781' title='bbox 1966 5264 2172 5307; x_wconf 91' lang='lat' dir='ltr'>omnes</span> <span class='ocrx_word' id='word_1_782' title='bbox 2201 5234 2440 5306; x_wconf 80' lang='lat' dir='ltr'>deitatis</span> <span class='ocrx_word' id='word_1_783' title='bbox 2473 5260 2619 5303; x_wconf 78' lang='lat' dir='ltr'>meae</span> <span class='ocrx_word' id='word_1_784' title='bbox 2642 5240 2841 5302; x_wconf 87' lang='lat' dir='ltr'>radios</span> <span class='ocrx_word' id='word_1_785' title='bbox 2867 5236 3217 5315; x_wconf 91' lang='lat' dir='ltr'>suscipiunt.</span> <span class='ocrx_word' id='word_1_786' title='bbox 3250 5234 3462 5295; x_wconf 90' lang='lat' dir='ltr'>Totum</span> <span class='ocrx_word' id='word_1_787' title='bbox 3496 5253 3608 5294; x_wconf 92' lang='lat' dir='ltr'>au-</span> 
     </span>
    </p>
   </div>
   <div class='ocr_carea' id='block_1_105' title="bbox 1966 5321 3604 5406">
    <p class='ocr_par' dir='ltr' id='par_1_105' title="bbox 1966 5321 3604 5406">
     <span class='ocr_line' id='line_1_107' title="bbox 1966 5321 3604 5406; baseline -0.009 -10"><span class='ocrx_word' id='word_1_788' title='bbox 1966 5343 2085 5396; x_wconf 91' lang='lat' dir='ltr'>tem</span> <span class='ocrx_word' id='word_1_789' title='bbox 2118 5353 2212 5395; x_wconf 91' lang='lat' dir='ltr'>me</span> <span class='ocrx_word' id='word_1_790' title='bbox 2241 5333 2442 5395; x_wconf 89' lang='lat' dir='ltr'>videre</span> <span class='ocrx_word' id='word_1_791' title='bbox 2474 5330 2739 5392; x_wconf 91' lang='lat' dir='ltr'>nondum</span> <span class='ocrx_word' id='word_1_792' title='bbox 2772 5325 3107 5406; x_wconf 89' lang='lat' dir='ltr'>quisquam,</span> <span class='ocrx_word' id='word_1_793' title='bbox 3135 5323 3225 5384; x_wconf 88' lang='lat' dir='ltr'>vel</span> <span class='ocrx_word' id='word_1_794' title='bbox 3257 5321 3604 5400; x_wconf 85' lang='lat' dir='ltr'>angelorum</span> 
     </span>
    </p>
   </div>
  </div>
