4112 6106
505 202 628 266 559

1815 190 2202 262 SYMEON‘IS
2241 196 2591 260 JUNIOBIS

3757 192 3876 258 560

496 330 588 392 vel
617 331 951 403 hominum,
989 328 1079 390 vel
1111 335 1443 389 sanctarum
1476 327 1755 389 virtutum
1787 326 2133 406 promeruit.
2160 339 2200 385 Α
2224 345 2539 407 percussus
2570 334 2767 408 caput,
2793 326 2982 408 spinis
3028 333 3363 403 coronatus,
3397 325 3768 406 chlamydem
3801 330 3868 384 ut

499 418 641 480 Sum
673 418 831 479 enim
859 425 1019 478 extra
1047 417 1264 480 omnia.
1304 424 1362 478 et
1391 416 1572 476 nullis
1593 416 1780 477 oculis
1810 415 2136 495 aspectabi-

497 507 595 570 lis.
617 507 823 586 Neque
847 524 982 566 vero
1011 505 1105 566 his
1135 513 1436 584 aspectum
1487 504 1608 566 mei
1649 503 1907 579 invideo,
1943 521 2137 583 neque

498 602 563 655 ut
592 595 874 656 deformis
927 611 1022 654 me
1067 594 1298 654 occulto
1347 612 1421 654 ne
1469 609 1783 672 appaream
1818 611 1831 654 :
1865 591 1968 654 sed
1999 593 2139 671 quia

497 701 673 744 nemo
695 682 920 745 deitate
953 699 1084 743 mea
1109 682 1326 758 dignus
1350 689 1440 742 est
1467 681 1786 741 inventus“:
1823 698 2017 760 neque
2035 698 2138 759 par

405 765 410 770 ’
500 789 631 833 esse
665 770 853 850 potuit
878 778 1146 832 creatura
1177 769 1464 832 Creatori.
1495 773 1621 832 Nec
1651 769 1769 828 illis
1802 768 2142 848 expedit,ut

499 879 596 922 me
628 859 886 921 videant.
920 861 1169 920 Parvum
1199 866 1393 918 autem
1429 876 1495 918 ex
1536 874 1631 917 me
1675 856 1962 934 fulgorem
2003 874 2136 917 cer-

499 955 729 1022 nentes,
760 947 1090 1020 initiantur,
1143 945 1306 1007 unde
1353 945 1550 1006 sciunt
1583 963 1721 1006 vere
1771 962 1866 1005 me
1894 962 2048 1018 esse,
2083 951 2140 1004 et

501 1057 596 1099 me
623 1037 811 1098 Deum
850 1042 1233 1115 cognoscunt,
1287 1035 1388 1114 qui
1431 1035 1593 1114 ipsos
1643 1033 2030 1113 procrearim,
2081 1042 2140 1094 et

500 1145 633 1188 cum
663 1133 922 1186 tremore
949 1143 1019 1184 ac
1051 1123 1264 1184 timore
1313 1141 1410 1183 me
1453 1121 1777 1200 celebrant,
1815 1128 1873 1182 et
1913 1121 2135 1182 colunt.

498 1214 665 1277 Haud
689 1213 854 1275 enim
885 1213 1072 1292 potuit
1104 1214 1260 1273 Deus
1303 1212 1482 1272 alium
1517 1209 1868 1291 producere,
1895 1209 1995 1288 qui
2030 1226 2139 1287 po-

501 1302 684 1365 tentia
709 1308 971 1381 aaquaret
1000 1298 1365 1375 Creatorem,
1383 1318 1496 1360 nec
1521 1306 1748 1360 natura
1763 1316 1884 1359 suae
1905 1315 2142 1358 consor-

501 1399 642 1455 tem.
665 1394 791 1455 Nec
821 1391 942 1451 ulla
978 1389 1207 1451 ratione
1240 1388 1398 1470 quod
1427 1387 1728 1449 conditum
1763 1386 2144 1462 est,consub-

2216 417 2554 478 coccineam
2586 434 2904 497 purpuram
2933 415 3195 490 indutus,
3246 416 3453 477 faciem
3507 421 3858 492 consputus,

2218 507 2335 567 heu
2358 525 2472 580 me,
2512 514 2568 567 et
2609 507 2818 566 illusus
2850 525 2934 584 es,
2960 505 3294 585 audistique
3343 523 3449 585 per
3482 503 3806 564 ludibrium
3841 523 3856 564 :

2222 596 2358 665 Ave,
2387 612 2497 655 rex
2523 595 2897 656 Judazor-um.
2924 593 3012 654 Tu
3041 594 3305 654 humeris
3336 591 3579 672 portasti
3617 607 3857 651 crucem

2221 681 2349 756 tibi,
2376 683 2800 762 eiqueinﬁxus,
2823 682 2884 742 in
2906 682 3086 743 altum
3111 681 3374 743 sublatus
3399 699 3461 742 es
3487 683 3644 743 Deus
3666 697 3855 739 meus.

2219 770 2307 831 Tu
2337 790 2543 832 manus
2584 790 2651 832 ac
2694 771 2875 850 pedes
2909 771 3246 844 transﬁxus,
3297 778 3465 830 aceto
3517 775 3769 848 potatus,
3804 773 3863 826 et

2219 859 2368 920 latus
2415 861 2621 922 lancea
2670 860 2969 939 perfossus
3020 878 3105 920 es.
3140 859 3276 920 Haec
3327 858 3502 919 tellus
3553 857 3861 933 indignata

2220 948 2595 1023 contremuit,
2627 957 2684 1009 et
2716 967 2863 1028 quos
2887 947 3226 1008 continebat
3254 956 3538 1020 mortuos,
3571 943 3863 1026 sepulcris

2221 1035 2438 1114 apertis
2460 1037 2574 1095 cito
2593 1035 2874 1097 reddidit.
2892 1034 2990 1096 Sol
3015 1045 3070 1096 te
3092 1035 3410 1114 aspiciens,
3430 1034 3488 1094 in
3507 1033 3859 1112 sanguinem

2222 1129 2342 1182 tum
2373 1139 2690 1185 conversus
2720 1131 2828 1198 est,
2866 1133 2924 1185 et
2952 1123 3091 1183 luna
3119 1131 3320 1203 operta
3347 1130 3436 1184 est
3460 1121 3736 1200 caligine;
3757 1138 3860 1180 ve.

2222 1210 2343 1273 lum
2377 1219 2663 1290 praeterea
2693 1212 2896 1291 templi
2927 1229 2960 1271 a
2993 1229 3222 1272 summo
3255 1228 3440 1291 usque
3487 1211 3764 1271 deorsum
3800 1207 3861 1267 in

2223 1301 2368 1360 duas
2399 1309 2595 1380 partes
2617 1300 2866 1362 scissum
2886 1301 3420 1379 est.Atquehorum
3444 1297 3595 1360 nihil
3618 1297 3863 1358 omnino

2223 1388 2308 1447 illi
2338 1389 2593 1468 improbi
2614 1389 3072 1449 intellexerunt:
3101 1387 3204 1450 sed
3253 1395 3310 1449 ct
3357 1389 3417 1447 in
3477 1392 3860 1448 monumento

502 1479 771 1542 stantiale
801 1485 991 1558 potest
1019 1495 1152 1546 esse
1175 1477 1492 1539 conditori.
1547 1476 1657 1548 Qui
1688 1477 1844 1538 enim
1877 1477 2142 1536 increato
2218 1476 2444 1555 jacenti
2473 1476 2746 1538 custodes
2771 1485 3197 1556 apposuerunt,
3228 1484 3286 1538 et
3316 1477 3572 1557 lapidem
3597 1475 3862 1552 signave-

502 1576 768 1630 creatura
792 1567 1108 1647 aliquando
1131 1565 1521 1628 assimiletur?
1549 1569 1740 1654 Atque
1755 1572 1821 1624 ut
1842 1565 1968 1624 hac
1988 1563 2139 1654 fate:
2163 1607 2202 1654 Β
2224 1573 2382 1638 runt,
2411 1564 2490 1625 ita
2536 1573 2592 1626 te
2634 1573 2966 1654 retenturos
3007 1565 3293 1627 arbitrati.
3327 1565 3401 1626 At
3446 1574 3531 1654 tu,
3580 1563 3858 1654 Domine,

503 1657 684 1731 beris,
707 1657 794 1718 sic
815 1656 963 1716 illud
995 1674 1114 1716 non
1146 1654 1414 1735 negabis,
1440 1672 1511 1715 eo
1535 1653 1634 1733 qui
1659 1670 1898 1732 semper
1923 1652 2140 1731 est,qui
2167 1652 2194 1654 ⁷
2225 1670 2329 1731 pro
2362 1660 2676 1732 protestate
2707 1653 2944 1734 propria
2974 1653 3371 1727 resurrexisti,
3406 1662 3463 1713 et
3485 1653 3736 1713 claustra
3764 1652 3862 1712 illa

503 1745 739 1805 initium
783 1745 996 1820 nescit,
1030 1761 1141 1805 nec
1177 1751 1411 1805 creatus
1458 1749 1566 1816 est,
1614 1748 1812 1802 creata
1857 1739 2142 1801 inferi-ora
2225 1744 2759 1822 transgressoribus
2788 1749 3008 1807 intacta
3036 1744 3382 1824 integraque
3405 1741 3864 1823 reliquisti.Ad-

504 1851 663 1910 esse;
695 1840 1042 1912 tantumque
1083 1833 1156 1894 ab
1209 1851 1278 1893 eo
1313 1831 1574 1904 differre,
1621 1836 1902 1910 quantum
1937 1845 2144 1889 currus

504 1929 561 1983 et
589 1939 756 1983 serra
801 1940 834 1982 a
880 1920 1044 1982 fabro
1092 1939 1198 1982 suo
1251 1919 1554 1981 differunt.
1598 1915 1906 1989 Quomodo
1965 1915 2145 1994 igitur

504 2028 712 2072 currus
755 2009 1167 2071 fabricatorem
1226 2026 1397 2068 suum
1457 2005 1786 2086 intelligat,
1846 2003 2142 2084 quomodo

504 2121 671 2166 serra
723 2103 1041 2165 ducentem
1097 2120 1162 2163 se
1211 2108 1553 2180 cognoscat,
1593 2099 1712 2160 nisi
1742 2098 2138 2177 cognitionem

501 2192 622 2252 illis
650 2191 770 2268 det,
804 2191 920 2252 nisi
942 2189 1182 2252 videndi
1211 2208 1452 2252 sensum
1495 2191 1580 2250 eis
1608 2187 1910 2266 immittat,
1943 2186 2041 2266 qui
2074 2203 2143 2246 ea

506 2280 768 2359 paravit?
813 2279 971 2359 quod
1017 2278 1231 2342 creatis
1274 2277 1551 2340 omnibus
1603 2284 1691 2338 est
1746 2274 2136 2355 impossibile.

502 2367 758 2431 Prorsus
785 2367 962 2446 igitur
986 2367 1182 2427 nullus
1209 2365 1742 2447 hominum,nullus
1771 2363 2137 2441 angelorum,

502 2455 681 2516 dandi
710 2454 841 2515 aliis
877 2453 1148 2533 spiritum
1197 2463 1298 2515 aut
1348 2455 1523 2514 vitam
1556 2451 1860 2534 praebendi
1913 2450 2142 2530 accepit

501 2549 872 2622 potestatem.
907 2543 1194 2603 Dominus
1223 2550 1445 2617 autem,
1481 2560 1660 2622 quem
1707 2557 1888 2620 penes
1945 2539 2138 2599 solum

501 2639 590 2691 est
608 2637 867 2710 potestas
897 2629 1161 2690 omnium
1193 2638 1366 2710 atque
1399 2630 1665 2709 potentia
1694 2637 1971 2709 tanquam
2011 2628 2140 2688 fons

496 2718 649 2794 vitae,
684 2717 941 2779 animata
970 2716 1263 2797 producit,
1294 2718 1488 2797 qualia
1511 2717 1785 2793 voluerit,
1813 2725 1870 2778 et
1898 2716 2141 2793 largitur

500 2806 713 2887 cuique
744 2813 808 2868 ut
838 2805 1071 2882 artifex,
1119 2817 1188 2867 ut
1233 2805 1520 2867 Dominus
1581 2824 1687 2886 pro
1742 2805 2044 2867 voluntate
2073 2823 2141 2866 ac

2222 1832 2466 1892 veniens
2485 1841 2680 1894 autem
2714 1833 2958 1911 angelus
2989 1833 3246 1912 lapidem
3277 1831 3545 1912 revolvit,
3572 1840 3628 1892 et
3655 1839 3864 1891 custo-

2224 1920 2331 1982 des
2359 1920 2492 1981 illos
2519 1921 2728 1982 timore
2757 1921 3131 1982 exanimavit.
3174 1923 3296 1983 Nec
3327 1931 3454 1983 tum
3505 1921 3596 1980 vel
3637 1919 3859 1998 aliquid

2223 2008 2557 2088 intelligere
2584 2010 2871 2083 volentes,
2906 2010 3046 2070 caeci
3093 2016 3454 2089 manserunt,
3491 2015 3550 2069 et
3599 2016 3862 2068 mentem

2224 2106 2396 2178 atque
2423 2116 2526 2160 cor
2538 2098 2889 2160 obduratum
2905 2117 3090 2178 usque
3107 2098 3179 2161 ad
3195 2105 3446 2160 mortem
3464 2097 3868 2158 retinuerunt.

2224 2185 2375 2258 Quid
2427 2206 2564 2266 ergo
2623 2205 2898 2266 magnum
2955 2187 3124 2264 facio,
3177 2187 3228 2246 si
3268 2195 3325 2247 et
3355 2205 3460 2264 ego
3492 2187 3617 2246 haec
3649 2185 3857 2265 patiar,

2225 2294 2356 2354 quae
2385 2282 2445 2337 tu
2477 2293 2712 2356 quoque
2735 2295 2943 2356 passus
2972 2275 3168 2356 es,qui
3198 2275 3328 2336 sine
3359 2282 3599 2352 peccato
3634 2283 3864 2349 eras,ut

2226 2365 2509 2425 mundum
2542 2364 2832 2427 salvares:
2863 2383 2994 2444 ego,
3028 2364 3400 2444 inquam,qui
3429 2363 3567 2423 inde
3603 2382 3637 2424 a
3667 2362 3858 2442 primo

2223 2460 2392 2514 aetate
2421 2453 2658 2532 peccavi
2687 2453 2965 2532 plurima,
2991 2460 3047 2514 et
3068 2454 3139 2513 ad
3163 2453 3308 2513 iram
3335 2461 3391 2513 te
3409 2451 3584 2512 dictis
3607 2459 3663 2511 et
3693 2449 3863 2510 factis

2226 2541 2689 2619 provocavi.Hoc
2709 2541 2855 2603 mihi
2877 2560 3149 2620 magnum
3167 2559 3394 2616 revera,
3418 2547 3474 2602 et
3491 2538 3679 2619 majus
3697 2538 3863 2599 omni

2223 2629 2429 2707 gloria,
2457 2630 2610 2709 quod
2636 2649 2729 2690 me
2751 2630 3098 2710 participem
3123 2630 3258 2690 facit
3278 2628 3480 2708 gloriae
3503 2638 3614 2689 tuae
3642 2627 3856 2688 ineﬂ'a-

2225 2718 2380 2793 bilis,
2429 2720 2766 2779 communio
2817 2719 3180 2799 passionum,
3216 2727 3274 2780 et
3320 2717 3567 2778 imitatio
3611 2735 3856 2796 operum

2225 2819 2458 2866 tuorum
2487 2827 2502 2883 ;
2537 2815 2594 2867 et
2631 2807 2931 2868 humilitas
2962 2814 3060 2868 tua
3088 2808 3178 2868 his
3218 2807 3319 2887 qui
3370 2825 3499 2868 eam
3531 2805 3861 2866 consectari

500 2895 872 2976 beneplacito
905 2912 1037 2968 suo,
1070 2893 1164 2956 cui
1192 2894 1400 2976 gloria,
1435 2902 1494 2955 et
1520 2894 1865 2974 imperium,
1900 2913 2060 2956 nunc
2084 2900 2197 2958 etc
2223 2895 2437 2971 sciunt,
2466 2895 2830 2957 divinitatem
2855 2896 3153 2958 conciliat.
3178 2894 3407 2959 Gratias
3428 2912 3534 2973 ago
3567 2893 3696 2969 tibi,
3733 2893 3856 2955 Do-

498 3001 760 3064 semper,
791 2990 849 3044 et
878 2982 1114 3044 saeculis
1136 2982 1539 3062 sempiternis.
1572 2985 1789 3044 Amen.

1065 3074 1305 3138 CAPUT
1349 3075 1554 3139 XXIII.

499 3167 862 3232 Gratiarum
913 3171 1066 3230 actio
1121 3185 1232 3245 pro
1287 3167 1523 3247 exsilio,
1571 3174 1629 3230 et
1675 3168 2134 3247 afﬂictionibus,

756 3265 909 3327 quas
938 3249 1005 3309 in
1026 3249 1436 3326 persecutione
1463 3259 1574 3308 sua
1594 3247 1872 3326 pertulit.

577 3339 806 3403 Gratias
836 3358 943 3418 ego
974 3339 1104 3413 tibi,
1138 3338 1406 3414 Domine,
1442 3339 1656 3418 gratias
1701 3358 1809 3417 ago
1863 3340 1967 3401 tibi
2000 3339 2131 3414 soli,

497 3431 764 3509 cognitor
808 3429 1101 3503 cordium,
1159 3446 1261 3488 rex
1303 3429 1492 3508 jusre,
1553 3429 2132 3503 misericordiSsime,

497 3520 597 3600 qui
625 3519 687 3578 in
728 3525 915 3579 terras
942 3516 1329 3596 descendisti,
1354 3524 1412 3578 et
1441 3534 1681 3578 carnem
1704 3517 2137 3592 iuduisti,Deus

497 3625 686 3682 meus,
722 3613 778 3666 et
817 3605 1004 3666 factus
1037 3623 1100 3665 es
1150 3607 1308 3685 quod
1355 3624 1474 3666 non
1505 3623 1659 3680 eras,
1714 3606 1890 3666 homo
1921 3606 2136 3668 similis

499 3695 670 3776 mihi,
695 3694 822 3756 sine
855 3692 1202 3768 mutatione,
1224 3692 1353 3754 sine
1375 3695 1554 3768 ﬂuxu,
1592 3702 1648 3756 ct
1675 3694 1837 3754 omni
1869 3703 2130 3774 peccato:

497 3793 562 3846 ut
592 3803 799 3865 passus
830 3791 912 3856 tu,
950 3782 1048 3860 qui
1083 3782 1202 3861 pati
1231 3801 1348 3843 non
1380 3791 1640 3862 poteras,
1690 3783 1906 3861 injuste
1935 3783 2007 3844 ab
2037 3784 2134 3844 in-

491 3872 694 3952 justis,
731 3871 878 3932 mihi
908 3871 1184 3931 damnato
1213 3872 1576 3934 vacationem
1609 3872 1871 3931 omnium
1901 3871 2133 3951 passio-

496 3980 636 4022 num
669 3960 1097 4034 donares,dum
1127 3959 1389 4021 imitarer
1411 3959 1720 4039 passiones
1744 3962 2132 4020 tuasJustum

493 4049 676 4125 igitur
712 4048 1006 4127 judicium
1051 4055 1238 4123 tuum,
1260 4056 1317 4108 et
1356 4055 1716 4128 praeceptum
1751 4046 1950 4120 simul,
1977 4047 2131 4127 quod

2224 2982 2549 3056 mine,cum
2577 2985 2795 3062 injuste
2817 2985 3177 3064 patior.Cum
3199 2993 3393 3046 autem
3413 2985 3596 3063 juste,
3619 2983 3679 3043 id
3714 2982 3861 3043 mihi

2220 3071 2281 3131 in
2304 3073 2854 3152 compensationem
2905 3081 3306 3153 peccatorum,
3341 3081 3400 3132 et
3447 3071 3859 3152 purgationem

2217 3160 2739 3222 innumerabilium
2771 3162 3124 3223 delictorum
3157 3179 3420 3222 meorum
3452 3168 3598 3222 esto.
3625 3160 3856 3234 Quaeso,

2217 3248 2488 3324 Domine,
2513 3268 2587 3309 ne
2618 3250 2763 3310 mihi
2792 3269 3050 3330 unquam
3081 3249 3315 3311 labores
3344 3256 3445 3312 aut
3482 3250 3854 3326 tentationes,

2217 3344 2315 3396 aut
2335 3337 2682 3398 afﬂictiones
2698 3357 2878 3417 supra
2897 3339 3052 3398 vires
3071 3337 3267 3398 invehi
3283 3337 3579 3409 sinas;sed
3601 3338 3853 3413 exitum,

2219 3433 2275 3485 et
2295 3425 2366 3484 ad
2385 3425 2794 3486 sustinendum
2843 3425 3027 3486 robur
3064 3426 3209 3486 mihi
3255 3444 3494 3504 semper
3527 3426 3856 3504 impartias.

2219 3511 2307 3572 Tu
2339 3512 2496 3572 enim
2518 3530 2582 3574 es
2602 3512 2892 3574 bonorum
2925 3514 3166 3592 largitor
3197 3514 3269 3574 ab
3300 3513 3491 3587 initio,
3522 3513 3611 3572 his
3634 3515 3732 3592 qui
3758 3533 3865 3593 po-

2219 3599 2417 3662 tentiae
2464 3609 2575 3662 tua;
2624 3620 2692 3662 ex
2732 3601 2931 3662 animo
2979 3601 3280 3680 supplices
3333 3600 3568 3673 cadunt,
3607 3618 3860 3677 erogans

2219 3688 2382 3766 ﬁdei,
2402 3708 2786 3770 operumque,
2805 3697 2864 3750 et
2885 3690 3054 3750 bonae
3075 3693 3199 3769 spei
3225 3689 3600 3768 charismata,
3625 3689 3852 3749 etdona

2219 3778 2420 3839 omnia
2465 3778 2650 3838 divini
2691 3777 3092 3858 adorandique
3147 3777 3399 3858 Spiritus
3452 3775 3558 3850 tui,
3594 3795 3751 3837 nunc
3800 3785 3858 3838 et

2217 3884 2478 3946 semper,
2505 3866 2642 3928 etin
2668 3867 2884 3927 saecula
2913 3867 3291 3928 sazculorum.
3316 3866 3529 3928 Amen.

2798 3959 3039 4023 CAPUT
3066 3959 3267 4022 XXIV.

2216 4038 2576 4118 Supplexad
2586 4040 2775 4102 Deum
2789 4045 3054 4119 precatio
3065 4057 3172 4119 pro
3185 4038 3424 4101 auxilio
3450 4041 3851 4117 impetrando.

496 4154 604 4195 nos
639 4154 875 4195 servare
899 4135 1151 4213 jussisli,
1184 4135 1340 4214 quod
1372 4135 1610 4214 quidem
1635 4134 1992 4196 estimitatio
2026 4136 2130 4195 hu-
2151 4132 2195 4182 Ι)
2293 4131 2544 4193 Domine
2575 4134 2714 4193 Jesu
2757 4132 3008 4204 Christe,
3033 4132 3284 4194 Domine
3327 4131 3590 4195 Salvator
3619 4131 3852 4193 anima-

499 4221 761 4282 militatis
784 4230 895 4282 tuae
923 4239 936 4282 :
967 4228 1028 4280 ut
1055 4223 1555 4300 quemadmodum
1588 4230 1648 4283 tu
1681 4241 1885 4301 passus
1914 4241 2001 4292 es,
2035 4222 2135 4301 qui

498 4317 742 4388 peccato
773 4309 1035 4381 carebas,
1073 4310 1159 4368 sic
1190 4329 1295 4370 nos
1325 4311 1425 4390 qui
1457 4311 1848 4390 peccavimus,
1889 4312 2132 4371 suffera-

501 4415 632 4456 mus
661 4396 883 4474 omnia,
931 4403 1067 4474 puta
1115 4398 1489 4477 tentationes,
1525 4399 1992 4478 persecutiones,
2027 4400 2135 4458 ﬂa-

462 4502 469 4510 ‘
500 4483 682 4560 gella,
714 4482 1147 4556 tribulationes,
1179 4491 1238 4544 et
1263 4485 1500 4546 tandem
1543 4486 1732 4565 ipsam
1780 4505 2012 4567 quoque
2029 4505 2136 4548 ne-

499 4589 629 4632 cem
642 4569 714 4630 ab
734 4570 1019 4649 improbis
1033 4570 1553 4636 nobisillatam.Tu
1567 4575 1723 4636 enim
1742 4575 2137 4636 daemoniacus

499 4659 794 4733 audivisti,
846 4666 904 4718 et
945 4658 1222 4720 seductor
1245 4679 1308 4722 es
1337 4661 1591 4737 habitus,
1638 4669 1694 4723 et
1722 4663 1831 4725 Dei
1857 4664 2136 4724 adversa-

495 4748 642 4830 rius,
680 4756 738 4809 et
769 4747 1179 4828 praevaricator
1210 4749 1377 4828 legis.
1401 4750 1486 4810 Tu
1506 4758 1571 4811 ut
1594 4750 1959 4813 facinorosus
1979 4771 2138 4814 com-

498 4837 849 4917 prehensus,
901 4837 1134 4914 ligatus,
1194 4845 1253 4898 et
1307 4837 1520 4898 ductus
1562 4857 1627 4899 es
1673 4840 1854 4914 solus,
1909 4841 2136 4902 cunctis

502 4924 829 5004 discipulis,
854 4924 1134 4985 etamicis
1159 4937 1215 4986 te
1239 4926 1762 4989 deserentibus.Tu
1785 4928 1856 4988 ad
1872 4929 2133 5007 judicem

500 5019 565 5072 ut
602 5013 1028 5074 condemnatus
1074 5033 1209 5074 cum
1267 5014 1654 5090 adducerere,
1696 5034 1870 5095 quam
1905 5017 1957 5078 is
1987 5017 2050 5077 in
2081 5026 2136 5079 te

497 5101 738 5177 protulit
767 5099 1121 5162 sententiam
1144 5102 1574 5180 suscepisti.Tu
1618 5101 1871 5176 locutus,
1905 5105 2132 5184 alapam

495 5206 530 5249 a
558 5206 724 5249 servo
756 5189 1111 5265 sustinuisti,
1159 5198 1219 5253 et
1266 5197 1490 5267 tacens,
1523 5190 1684 5251 illico
1733 5193 1906 5253 morti
1937 5211 2000 5254 es
2029 5194 2134 5255 ad-

499 5275 691 5337 dictus
737 5297 750 5337 :
807 5295 943 5337 nam
1001 5278 1183 5340 verba
1225 5286 1322 5339 tua
1363 5281 1547 5340 instar
1608 5278 1788 5358 gladii
1837 5281 2137 5344 sceleratis

499 5371 692 5425 erant.
725 5362 952 5428 Idcirco
983 5384 1104 5427 non
1148 5365 1410 5429 ferentes
1455 5367 1571 5448 ipsi
1601 5367 1808 5446 injusti
1846 5375 1903 5429 te
1946 5369 2135 5430 solum

494 5449 718 5532 justum
745 5451 1353 5535 intueri,turpissimae
1374 5455 1510 5518 neci
1534 5463 1589 5518 te
1601 5455 2138 5520 dedideruntJlinc

2213 4241 2370 4304 rum,
2403 4243 2436 4284 o
2462 4224 2640 4300 Deus,
2683 4224 2934 4286 Domine
2971 4225 3243 4286 virtutum
3277 4225 3540 4286 omnium
3586 4243 3716 4304 quae
3745 4223 3854 4285 sub

2215 4323 2522 4391 aspectum
2555 4311 2970 4392 subjiciuntur,
3007 4321 3064 4373 et
3093 4332 3222 4392 quae
3268 4332 3385 4374 non
3434 4312 3853 4392 subjiciuntur,

2216 4409 2421 4480 utpote
2455 4401 2723 4462 conditor
2751 4401 3013 4461 omnium
3047 4420 3180 4481 qua:
3222 4401 3284 4461 in
3329 4401 3505 4476 caelo,
3563 4409 3619 4462 et
3679 4419 3856 4481 supra

2221 4489 2400 4549 caelos
2425 4497 2585 4563 sunt,
2620 4489 2752 4551 coeli
2780 4489 3188 4570 coelorumque
3234 4490 3528 4570 omnium,
3581 4490 3858 4551 similiter

2217 4577 2482 4637 omnium
2513 4596 2644 4657 quae
2691 4578 2752 4639 in
2790 4585 2969 4658 terra,
3015 4587 3074 4640 et
3120 4578 3227 4639 sub
3280 4586 3438 4640 terra
3483 4587 3640 4640 sunt.
3675 4578 3762 4640 Tu
3793 4597 3859 4640 es

2215 4664 2390 4730 Deus.
2421 4673 2482 4727 et
2509 4666 2855 4729 Dominator
2878 4667 3184 4728 Dominus.
3220 4667 3308 4729 Tu
3347 4686 3522 4728 manu
3555 4675 3652 4729 tua
3682 4686 3856 4730 crea-

2221 4759 2406 4813 turam
2437 4772 2677 4815 omnem
2726 4755 3054 4830 concludis,
3088 4757 3365 4836 quoniam
3410 4756 3540 4836 ipsa
3587 4757 3858 4818 contines

2218 4841 2508 4902 universa.
2543 4843 2745 4904 Manus
2778 4851 2894 4918 tua,
2932 4843 3206 4920 Domine,
3243 4853 3331 4906 est
3353 4845 3456 4906 illa
3486 4864 3697 4924 magna
3745 4863 3860 4925 po-

2219 4936 2420 5004 testas,
2446 4949 2577 5010 quae
2599 4931 2786 4992 Patris
2816 4932 3171 4994 voluntatem
3205 4933 3483 5013 implens,
3511 4933 3856 5014 fabricatur,

2220 5025 2517 5096 operatur,
2555 5027 2740 5094 creat,
2775 5027 2833 5081 et
2853 5020 3223 5081 administrat
3270 5040 3367 5083 res
3414 5029 3647 5084 nostras
3679 5020 3856 5083 modo

2217 5107 2624 5169 inenarrabili.
2655 5107 2789 5188 Ipsa
2815 5108 2992 5187 igitur
3029 5116 3086 5170 et
3115 5129 3272 5172 nunc
3323 5128 3416 5171 me
3465 5110 3762 5192 produxit,
3802 5119 3866 5171 et

2217 5211 2350 5259 Cum
2381 5214 2500 5257 non
2524 5215 2741 5272 essem,
2787 5197 2930 5261 fecit
2985 5207 3047 5260 ut
3079 5217 3297 5263 essem.
3333 5199 3447 5273 Qui
3477 5199 3652 5261 etiam
3685 5207 3864 5262 natus

2216 5283 2299 5346 ita
2330 5303 2490 5346 eram
2522 5288 2582 5348 in
2610 5287 2725 5348 hoc
2757 5286 3001 5368 mundo,
3026 5293 3089 5348 ut
3111 5289 3445 5368 ignorarem
3472 5295 3529 5350 te
3558 5288 3860 5350 omnimo-

2218 5371 2331 5447 dis,
2362 5372 2585 5436 bonum
2616 5373 2955 5452 Dominum,
2990 5385 3317 5440 creatorem
3339 5396 3562 5460 meum,
3583 5377 3860 5458 opiﬁcem

2220 5479 2442 5538 meum,
2474 5469 2534 5526 et
2556 5462 2744 5528 instar
2770 5464 2914 5528 caeci
2960 5483 3151 5543 eram,
3199 5473 3257 5530 et
3295 5465 3457 5530 velut
3501 5467 3673 5543 ἄθεος,
3720 5483 3860 5528 cum
