4112 6106
298 221 418 287 561

1442 231 1877 296 DIVINORUM
1922 229 2248 292 AMORUM
2293 230 2518 292 LIBER
2537 271 2554 288 .

3551 230 3671 294 562

301 377 424 420 non
469 378 708 421 nossem
742 363 928 424 Denm
948 381 1168 422 meum.
1196 362 1280 423 Tu
1305 363 1503 442 itaque
1527 363 1804 425 misertus
1824 361 1942 422 mei
1962 369 2002 417 Α
2025 360 2272 421 omnino
2289 360 2682 436 inaccessum,
2704 362 3571 443 omnineincircumscriptum,
3592 371 3686 426 to-.

298 447 574 522 visitasti,
606 457 662 509 et
689 449 1036 513 convertisti
1091 467 1209 523 me,
1249 470 1382 511 cum
1415 451 1472 510 in
1508 449 1770 511 tenebris
1802 449 1948 510 mihi

300 534 624 609 illuxisses,
660 549 721 597 et
753 537 981 598 traxisti
1015 556 1108 599 me
1138 538 1208 598 ad
1245 538 1536 616 teipsum,
1572 538 1946 617 eductoquee

299 623 471 684 fovea
503 625 988 706 profundissima,
1035 634 1092 686 et
1125 626 1386 688 tenebris
1407 627 1704 701 vitiorum,
1735 635 1948 688 etene-

297 711 426 773 bris
456 713 756 774 altissimis
811 716 1422 793 concupiscentiarum
1482 722 1540 776 et
1587 715 1984 794 voluptatum'

299 801 482 878 hujus
513 801 666 874 vitae,
701 803 1012 863 ostendisti
1041 803 1218 877 viam,
1281 814 1338 865 et
1387 802 1703 864 attribuisti
1735 803 1946 866 ducem

302 889 476 963 mihi,
512 889 610 970 qui
643 907 738 953 me
769 891 842 950 ad
875 893 1550 954 mandatatuaservanda
1572 893 1942 972 perduceret,

298 995 477 1056 quem
497 996 774 1058 sequens,
801 979 1026 1040 solutus
1054 998 1195 1041 cura
1215 980 1485 1042 videbam
1519 999 1773 1062 semper,
1793 1002 1943 1059 gau-

301 1063 637 1144 debamque
667 1067 945 1144 gaudium
979 1067 1415 1147 inexplicabile,
1442 1068 1828 1132 vidensillum
1854 1078 1947 1131 tua

297 1162 742 1239 consectantem
779 1157 1050 1234 vestigia,
1081 1166 1139 1218 et
1161 1169 1357 1218 tecum
1383 1159 1818 1239 colloquentem
1845 1178 1948 1220 sce-

299 1235 457 1319 pius.
491 1241 642 1313 Quin
675 1243 847 1304 etiam
881 1245 1110 1326 videns,
1143 1259 1198 1308 te
1256 1246 1414 1326 pium
1466 1235 1778 1308 Dominum
1812 1267 1942 1309 cum

297 1328 475 1417 duce,
501 1339 558 1391 et
578 1329 749 1393 Patre
773 1351 903 1394 meo
920 1334 1212 1414 spirituali
1229 1344 1558 1397 versantem
1577 1335 1942 1417 familiarius,

296 1416 680 1496 immensum,
710 1441 1002 1502 supraque
1019 1424 1196 1485 fidem
1239 1432 1479 1504 etspem
1499 1425 1745 1504 concepi
1775 1416 1942 1489 amo?

294 1523 424 1566 rem
440 1525 506 1568 ac
519 1508 878 1571 desiderium
899 1512 1002 1586 tui;
1021 1511 1524 1592 dicebamque,En
1544 1513 1937 1589 futuravideo,

297 1603 357 1654 et
379 1613 625 1671 regnum
655 1599 936 1660 cmlorum
958 1601 1148 1677 adest,
1167 1610 1226 1662 et
1264 1601 1418 1662 bona
1438 1621 1565 1682 qua:
1587 1602 1791 1663 oculus
1822 1621 1942 1663 non

2031 457 2153 508 tum
2176 448 2252 508 im
2264 449 2616 528 palpabilem
2635 449 2665 508 ‘?
2694 448 2759 511 In
2773 449 3178 511 materialibus
3194 450 3675 529 immaterialem,

2030 536 2092 597 in
2113 537 2599 617 corruptibitibus
2621 537 3164 618 incorruptibilem,
3181 539 3242 598 in
3274 539 3559 598 creaturis
3581 540 3676 600 in-

2031 632 2317 700 creatum,
2353 626 2448 687 dic
2479 627 2624 688 mihi
2671 647 2786 707 quo
2839 635 3006 707 pacto
3061 624 3416 706 reperiam?
3471 625 3583 697 Qui
3615 628 3677 687 in

2031 713 2255 774 mundo
2288 733 2442 790 sum,
2476 716 2769 795 quomodo
2803 723 2967 776 extra
3011 715 3298 776 mundum
3349 731 3451 775 ero
3480 713 3511 773 ’ἲ
3566 713 3680 787 Qui

2031 801 2291 864 materia
2319 802 2660 882 implicatus
2692 823 2847 878 sum,
2908 802 3202 884 quomodo
3233 821 3365 864 cum
3399 802 3677 865 immate-

2028 889 2160 950 riali
2192 891 2583 952 consociabor
2613 890 2638 954 ?
2667 891 2780 964 Qui
2810 900 2971 953 totus
3004 910 3131 954 sum
3164 891 3533 970 corruptioni
3578 890 3677 951 ob-

2028 980 2256 1052 noxius,
2286 980 2581 1059 quomodo
2607 999 2739 1040 cum
2760 980 3033 1042 interitus
3064 979 3257 1040 omnis
3281 987 3522 1058 experte
3553 979 3665 1040 de-

2031 1066 2300 1129 vi-nciar?
2330 1066 2438 1140 Qui
2475 1086 2605 1128 sum
2637 1069 2699 1128 in
2733 1076 2942 1143 morte,
2969 1068 3266 1148 quomodo
3287 1067 3525 1128 tandem
3542 1067 3674 1128 vitae

2028 1155 2560 1236 appropinquabo‘?
2580 1156 2699 1234 Ego
2715 1166 3006 1231 mortuus,
3035 1155 3333 1237 quomodo
3348 1155 3675 1218 immortali

2030 1243 2272 1322 propior
2305 1244 2496 1304 tiam?
2551 1243 2663 1315 Qui
2723 1252 2878 1305 totus
2935 1263 3062 1306 sum
3117 1247 3343 1317 fenum,
3379 1244 3675 1324 quomodo

2027 1330 2224 1410 ignem
2254 1339 2493 1409 tangere
2511 1331 2743 1394 audebo
2763 1341 2790 1394 ?
2813 1332 3238 1395 Verumtamen
3261 1350 3418 1394 nunc
3435 1350 3678 1395 arcano-

2026 1437 2157 1481 rum
2193 1419 2643 1481 dissolutionem
2673 1421 2834 1482 audi.

2107 1507 2454 1588 Priusquam
2489 1509 2702 1570 coelum
2735 1517 2791 1569 et
2846 1518 3000 1572 terra
3059 1510 3484 1584 conderentur,
3517 1509 3675 1572 Deus

2028 1605 2153 1656 erat
2175 1595 2456 1668 Trinitas,
2478 1597 2638 1658 solus
2662 1595 2790 1658 sine
2813 1596 2996 1673 socio,
3045 1597 3144 1658 lux
3181 1597 3311 1659 sine
3343 1598 3665 1679 principio,

296 1666 651 1756 viditIauris
681 1705 796 1747 non
829 1688 1048 1749 audivit
1189 1708 1387 1750 coram
1417 1666 1664 1770 aépicio,
1697 1691 1940 1770 ipsaque
1964 1666 2002 1713 Β
2025 1683 2120 1743 lux
2150 1683 2436 1759 increata,
2470 1684 2566 1744 lux
2600 1685 2833 1762 penitus
2883 1684 3230 1758 ineffabilis,
3282 1666 3440 1748 Deus
3470 1666 3668 1762 verus,

295 1770 487 1832 habeo
519 1793 534 1846 ;
562 1780 620 1832 et
649 1775 789 1854 quid
813 1777 1066 1855 amplius
1092 1776 1307 1857 spero?
1341 1787 1440 1840 aut
1462 1780 1637 1839 ﬁdem
1670 1798 1857 1840 meam
1880 1780 1940 1840 in
2023 1772 2680 1842 solusinterminabilis,
2703 1774 3668 1854 perpetuus,sempiternus,longe

296 1861 519 1938 quibus
547 1862 682 1923 aliis
712 1863 1130 1927 demonstrabo
1155 1867 1179 1927 ?
1209 1869 1364 1929 aliud
1389 1869 1606 1948 quippe
1628 1869 1818 1947 majus
1849 1869 1935 1929 his

2023 1860 2302 1948 optimus.
2341 1860 2525 1922 Recte
2554 1861 2822 1940 intellige
2855 1861 3044 1924 Deum
3061 1863 3353 1937 solum,in
3375 1863 3671 1946 principio

296 1967 420 2008 non
451 1950 584 2010 erit.
622 1954 770 2013 Cum
803 1953 861 2013 in
891 1953 983 2014 his
1015 1974 1229 2028 essem,
1265 1964 1322 2018 et
1353 1946 1424 2016 in
1446 1946 1545 2017 his
1567 1946 1934 2017 deliciasha-
2022 1946 2370 2009 Trinitatem
2387 1949 2696 2028 plusquam
2715 1950 2844 2013 Sine
2861 1950 3456 2032 principi0,etsuper
3484 1970 3668 2013 omne

297 2035 501 2098 berem
521 2057 704 2114 meas,
721 2044 964 2104 etterris
977 2045 1264 2105 sustulisti
1284 2052 1506 2124 patrem
1531 2062 1763 2123 meum;
1797 2045 1935 2105 abs-

2022 2036 2405 2124 principium,
2445 2056 2621 2116 quam
2669 2058 2843 2100 nemo
2894 2039 3226 2118 imaginari,
3267 2041 3434 2119 cujus
3464 2039 3667 2101 altitu-

293 2125 481 2186 tulisti
511 2125 719 2189 ducem
750 2149 946 2190 meum
970 2131 1041 2193 ab
1065 2133 1254 2194 oculis
1277 2123 1446 2208 meis,
1466 2141 1522 2193 et
1539 2131 1828 2212 reliquisti
1843 2151 1936 2192 me
2020 2123 2243 2204 dinem,
2265 2125 2753 2204 profunditatem,
2773 2127 3145 2189 latitudinem
3166 2127 3548 2189 metirinemo
3567 2146 3669 2208 po-

293 2213 510 2288 solum,
545 2215 716 2294 plane
749 2221 1100 2299 orphauum,
1139 2223 1312 2295 plane
1344 2222 1668 2301 desertum,
1693 2229 1744 2282 et
1774 2222 1935 2282 omni
2019 2218 2152 2301 {95"
2178 2230 2426 2293 quaeque
2448 2213 2896 2301 ωβεηίιςιάίηίε,
2923 2222 2981 2276 et
3007 2215 3154 2276 Ῑυοίε
3194 2215 3398 2291 ﬁnem,
3433 2233 3502 2276 ac
3535 2233 3664 2276 τηο-

297 2319 540 2379 prorsus
561 2304 775 2367 auxilio
797 2308 1110 2370 destiium;
1167 2319 1225 2371 ει
1265 2311 1380 2372 heu
1419 2328 1536 2376 me,
1564 2299 1761 2388 gregis
1791 2329 1937 2388 pm-
2019 2299 2405 2388 dumnullum
2427 2300 2624 2362 habet.
2645 2300 2776 2362 Non
2794 2309 2920 2363 erat
2934 2321 3034 2363 aer
3052 2311 3112 2363 ut
3133 2321 3312 2379 nunc,
3331 2321 3448 2364 non
3464 2310 3660 2379 erant,

225 2434 240 2444 .
293 2389 514 2451 fectum
544 2410 610 2453 ac
647 2403 965 2472 pastorem,
995 2416 1088 2459 me
1109 2405 1340 2460 rectore
1381 2417 1448 2458 ac
1472 2405 1663 2458 tutore
1683 2387 1821 2459 vere
1844 2399 1932 2457 vi-
2022 2387 2282 2449 tenebrae
2310 2388 2466 2461 ullae.
2517 2406 2636 2450 non
2679 2388 2905 2462 lumen,
2941 2409 3059 2450 non
3089 2409 3263 2470 aqua,
3300 2409 3422 2452 non
3452 2392 3657 2467 aether,

294 2477 560 2554 duatum,
592 2484 993 2561 peregrinum,
1017 2488 1171 2565 quod
1197 2486 1322 2565 ipse
1368 2485 1520 2546 nosti
1542 2485 1767 2566 judicio
1800 2505 1938 2546 con-
2019 2497 2138 2539 non
2162 2480 2320 2541 aliud
2337 2498 2533 2540 rerum
2564 2480 3072 2561 quidquam.Erat
3087 2491 3284 2545 autem
3306 2481 3652 2557 solusDeus,

297 2567 560 2629 stituisti.
594 2570 784 2642 Quare
816 2581 872 2633 te
930 2574 1103 2634 modo
1159 2575 1504 2656 suppliciter
1559 2593 1722 2652 rogo,
1775 2574 1848 2635 ad
1882 2582 1938 2634 te
2019 2567 2695 2656 spirituslucidissimus,
2720 2569 3116 2650 omnipotens,
3145 2579 3202 2632 et
3223 2571 3385 2632 omni
3411 2589 3659 2633 concre-

296 2673 520 2734 pronus
550 2659 760 2736 clamo,
797 2680 868 2722 ne
899 2663 1251 2736 adverseris,
1313 2682 1505 2742 neque
1535 2663 1931 2742 derelinquas,

296 2755 400 2804 aut
429 2746 668 2808 deseras
702 2769 794 2810 me
825 2752 1040 2832 solum,
1079 2752 1344 2813 Domine.
1379 2752 1544 2812 Nosti
1575 2753 1727 2812 viam
1767 2760 1928 2812 tran-

2018 2656 2180 2716 tione
2209 2655 2383 2718 liber.
2419 2655 2476 2718 Is
2508 2656 2788 2734 Angelos,
2811 2657 3209 2738 Principatus,
3232 2666 3292 2720 et
3316 2661 3659 2740 Potestates,

2017 2744 2362 2818 Cherubim,
2398 2757 2457 2805 et
2485 2743 2821 2825 Seraphim,
2855 2746 3324 2822 Dominationes,
3361 2745 3660 2822 Thronos,

297 2835 411 2892 situ
447 2834 743 2898 difﬁcilem
775 2858 790 2912 ;
820 2840 971 2900 nosti
1004 2841 1300 2902 latronum
1334 2840 1504 2901 nobis
1526 2841 1930 2903 insidiantium
1964 2909 1990 2912 _
2016 2834 2075 2892 Θι
2104 2833 2233 2894 Sine
2263 2833 2506 2895 ηοωίηθ
2533 2833 2796 2909 ordines:
2831 2853 2966 2895 cum
2999 2835 3213 2897 “more
3245 2842 3302 2896 εἴ
3331 2842 3593 2896 tremore
3608 2836 3664 2896 ei

301 2922 586 2984 insaniam
614 2909 1104 2999 ;nostimalurum
1127 2929 1446 2991 bestiarum
1464 2929 1929 3003 multitudinem;
1953 2909 1991 2958 C
2017 2919 2356 2982 assistentes
2385 2938 2454 2982 ac
2487 2920 2891 2982 ministrantes
2931 2923 3171 2986 creavit.
3206 2922 3416 2984 Postea
3447 2924 3660 2984 caelum

299 3014 458 3076 nosti
490 3015 963 3081 imbecillitatem
996 3040 1187 3082 meam
1220 3030 1278 3082 et
1308 3021 1724 3100 ignorantiam,
1745 3037 1858 3100 qua
1875 3026 1937 3081 ut

298 3103 476 3164 homo
505 3112 728 3167 teneor.
756 3106 1174 3170 Verumtamen
1201 3109 1373 3188 plane
1394 3129 1466 3170 ne
1491 3108 1790 3170 hominem
1816 3127 1934 3169 non

301 3199 464 3271 puto,
499 3193 604 3256 sed
635 3195 808 3273 longe
836 3197 989 3258 infra
1022 3199 1313 3258 homines.
1348 3198 1576 3278 Quippe
1605 3197 1932 3258 secundum

297 3281 496 3340 omnia
523 3283 788 3345 omnium
835 3291 1194 3365 postremus,
1249 3296 1304 3347 et
1359 3286 1640 3347 minimus
1667 3285 1934 3347 omnium

297 3368 603 3432 hominum
631 3391 783 3434 sum.
820 3375 1024 3437 Praabe
1073 3375 1241 3451 mihi,
1304 3394 1429 3450 rex,
1466 3384 1523 3437 et
1553 3375 1709 3436 Deus
1741 3393 1931 3446 meus,

296 3475 517 3536 quaeso,
539 3479 804 3538 magnam
822 3463 1288 3526 misericordiam
1310 3471 1488 3540 tuam,
1505 3481 1634 3541 qua:
1646 3463 1930 3535 defectus,

297 3553 354 3602 et
384 3546 770 3626 negligentias
803 3569 961 3610 meas
985 3552 1274 3632 suppleat,
1325 3562 1383 3614 et
1413 3551 1714 3612 hominem
1745 3547 1931 3610 totum

299 3635 644 3710 perfectum,
679 3647 736 3698 et
762 3638 1081 3717 integrum,
1118 3641 1301 3714 nullo,
1341 3640 1498 3720 quod
1533 3637 1932 3700 necessarium

295 3721 396 3800 sit,
425 3733 696 3801 egentem
731 3728 945 3788 efﬁciat
979 3745 994 3802 ;
1054 3737 1112 3789 et
1140 3729 1222 3790 ita
1255 3748 1348 3790 me
1381 3747 1579 3789 coram
1615 3735 1671 3788 te
1702 3744 1933 3786 servum

297 3814 461 3898 tuum
485 3811 916 3889 indemnatum,
945 3816 1091 3876 nulli
1119 3815 1572 3898 reprehensioni
1592 3815 1852 3886 afﬁnem,
1879 3821 1935 3873 et

296 3897 500 4044 :audes
533 3909 660 3963 tuas
689 3903 1103 3979 praedicantem
1144 3913 1355 3967 statuat
1412 3905 1472 3964 in
1503 3903 1719 3965 saecula
1747 3920 1930 3962 saecu-

317 4006 508 4044 orum.
543 3991 728 4044 Amen

317 4006 508 4049 orum.
542 3991 730 4052 Amen

880 4083 1114 4148 CAPUT
1162 4085 1336 4148 XXV.

297 4175 589 4247 Quaedam
621 4164 974 4255 theologica.
1010 4180 1269 4260 Mentem
1298 4196 1335 4239 α
1391 4177 1671 4240 sordibus
1713 4183 1929 4239 motio-

2016 3017 2080 3068 ut
2100 3026 2421 3083 cameram,
2457 3026 2745 3088 corporea
2767 3016 2988 3072 natura
3013 3016 3317 3091 constans,
3341 3009 3656 3092 sensibile,

2017 3114 2302 3171 crassum,
2339 3105 2396 3158 et
2423 3097 2784 3177 aspectabile
2815 3099 3121 3178 produxit,
3159 3107 3216 3161 et
3248 3107 3315 3162 ut
3342 3099 3469 3180 ipse
3501 3098 3662 3160 solus

2017 3185 2196 3256 novit,
2231 3185 2292 3246 in
2350 3184 2475 3247 ictu
2521 3185 2682 3247 oculi
2737 3188 3021 3263 extendit,
3083 3187 3378 3267 simulque
3411 3195 3654 3264 terram,

2017 3291 2217 3354 aquas,
2253 3281 2311 3335 et
2341 3291 2549 3336 omnes
2580 3273 2822 3356 abyssos
2851 3275 2914 3338 in
2945 3275 3141 3338 medio
3175 3275 3488 3355 complexu
3531 3277 3660 3356 ejus

2015 3362 2139 3423 sola
2167 3363 2466 3425 voluntate
2499 3363 2637 3424 talia
2686 3363 2846 3440 fecit,
2903 3364 3098 3445 qualia
3153 3382 3310 3425 nunc
3338 3363 3605 3425 videmus
3643 3385 3658 3440 ;

2016 3449 2349 3530 mansitque
2372 3453 2428 3512 in
2456 3451 2548 3512 his
2567 3451 2769 3513 lumen
2791 3451 2937 3513 illud
2975 3450 3390 3526 immateriale,
3413 3450 3564 3512 nihil
3590 3469 3660 3512 ex

2013 3538 2106 3600 his
2131 3539 2516 3620 participans.
2563 3539 2787 3616 Caelum
2821 3548 3156 3612 extensum,
3191 3546 3250 3600 et
3277 3540 3481 3600 sensui
3510 3538 3657 3599 sub-

2009 3627 2258 3705 jectum,
2285 3635 2350 3688 ut
2373 3628 2518 3706 dixi,
2539 3627 2818 3689 alumine
2843 3626 3220 3689 immateriali
3238 3644 3355 3687 non
3372 3625 3660 3688 scintillas

2015 3713 2241 3793 aliquas
2271 3715 2553 3775 excussit.
2579 3713 2725 3775 Nam
2750 3733 2884 3774 cum
2919 3715 2980 3775 in
3009 3713 3084 3774 iis
3115 3712 3213 3787 sit,
3248 3731 3379 3792 quae
3409 3713 3660 3774 materia

2017 3811 2310 3878 constant,
2333 3809 2533 3863 tamen
2555 3808 2717 3863 extra
2738 3819 2806 3862 ea
2823 3801 3089 3875 omnino,
3112 3819 3230 3861 non
3247 3799 3653 3880 quidemloco,

2016 3889 2122 3950 sed
2155 3895 2362 3951 natura
2392 3898 2450 3952 et
2478 3890 2738 3952 essentia
2768 3899 2884 3964 est,
2943 3907 2978 3949 a
3034 3886 3442 3950 materialibus
3471 3889 3653 3961 enim,

2015 3977 2120 4055 qui
2143 3976 2487 4056 longissime
2504 3978 2670 4039 abest
2691 3997 2724 4038 a
2749 3976 3017 4050 materia,
3043 3983 3371 4056 separatur,
3408 3992 3526 4034 non
3557 3975 3656 4036 ha-

2014 4064 2162 4126 bens
2191 4066 2386 4126 locum
2409 4066 2522 4126 sibi
2546 4065 2876 4146 proprium,
2893 4062 3372 4144 quandoquidem
3400 4080 3520 4122 non
3534 4063 3655 4123 cir-

2013 4152 2455 4216 cumscribitur.
2480 4153 2613 4234 Ipse
2637 4153 2815 4216 verbo
2839 4152 3038 4214 omnia
3056 4152 3118 4212 in
3135 4154 3331 4230 seipso
3356 4149 3651 4230 producit,

373 4273 522 4338 rgum
572 4275 704 4319 cum
756 4240 998 4320 ravtione
1045 4255 1457 4338 pugnantium
1505 4264 1924 4336 expurgatam,

2020 4250 2072 4301 et
2095 4248 2302 4301 natura
2333 4260 2366 4303 a
2399 4241 2613 4304 creatis
2644 4241 2920 4302 omnibus
2971 4240 3294 4319 sejunctus,
3327 4246 3654 4338 et‘portans

378 4335 571 4397 Deum
621 4338 1010 4412 inuisibilem,
1045 4335 1110 4400 'et
1167 4335 1628 4399 aoconcretionle
1657 4335 1930 4398 Materiae

377 4413 634 4477 liberum
660 4419 954 4496 aspicere.

373 4507 555 4580 Quam
587 4509 739 4570 viam
763 4510 1080 4585 ambulem,
1108 4528 1285 4589 quam
1310 4508 1579 4570 semitam
1605 4507 1924 4582 declinem,

291 4615 462 4674 quam
495 4597 796 4675 ingrediar
827 4607 1076 4677 portam,
1137 4616 1311 4677 quam
1371 4595 1633 4676 aperiam
1657 4597 1923 4673 januam,

291 4685 444 4744 intra
475 4685 630 4764 quod
653 4686 1010 4761 cubiculum,
1037 4687 1190 4747 intra
1219 4704 1413 4765 quam.
1441 4684 1789 4763 autqualem
1814 4684 1925 4744 do-

295 4792 456 4832 mum
487 4773 802 4841 inveniam,
863 4775 964 4853 qui
1025 4783 1201 4835 manu
1250 4793 1352 4834 sua
1411 4780 1574 4834 tenet
1601 4770 1928 4832 uuiversa?

291 4861 476 4932 Quem
515 4871 769 4923 montem
797 4862 1216 4942 conscendam,
1241 4880 1309 4923 ex
1335 4880 1450 4942 qua
1480 4867 1664 4940 parte,
1694 4866 1752 4920 et
1772 4858 1928 4938 quod

290 4958 526 5010 antrum
550 4951 688 5013 illuc
707 4953 1068 5030 contingam,
1097 4961 1386 5031 autquem
1421 4949 1691 5029 paludem
1716 4965 1929 5026 perva-

288 5037 462 5118 dens,
494 5039 712 5120 ubique
736 5050 1108 5120 prasentem,
1126 5048 1183 5100 et
1198 5037 1778 5118 incomprehensum,
1795 5035 1924 5096 ina-

290 5128 674 5206 spectabilem
702 5129 922 5204 videre,
964 5129 1165 5209 miser,
1212 5137 1269 5190 et
1294 5128 1565 5188 obtinere
1596 5125 1870 5186 merebor
1899 5125 1930 5185 ?

286 5213 356 5275 In
388 5234 565 5295 quem
625 5217 919 5279 infernum
979 5217 1360 5295 descendam,
1421 5215 1481 5274 in
1524 5213 1681 5294 quod
1713 5213 1924 5274 coelum

286 5303 629 5378 ascendam,
653 5313 709 5365 et
729 5305 898 5384 cujus
917 5304 1095 5366 maris
1118 5305 1265 5366 ﬁnes
1285 5310 1503 5384 petam,
1539 5308 1601 5362 ut
1628 5300 1925 5361 inveniam

367 5473 431 5522 35
459 5470 482 5538 Ι
511 5474 648 5534 Cor.
685 5490 746 5547 ιι,
780 5472 838 5535 9.

2014 4329 2215 4390 omnia
2243 4329 2304 4388 in
2333 4329 2552 4409 seipso,
2583 4335 2744 4390 extra
2778 4328 2978 4389 omnia
3005 4335 3112 4389 est.
3145 4325 3650 4398 Quemadmodum

2013 4417 2170 4477 enim
2195 4424 2480 4490 mentem,
2511 4425 2572 4478 et
2593 4415 2870 4494 angelum
2905 4414 3083 4494 muri,
3113 4423 3170 4474 et
3203 4415 3400 4492 januae
3418 4412 3494 4474 ab
3512 4413 3656 4475 aedi-

2013 4504 2123 4564 bus
2155 4523 2269 4564 non
2302 4512 2529 4581 arcent,
2561 4522 2672 4565 nec
2726 4503 2885 4564 intus
2944 4502 3216 4564 detinent
3249 4519 3262 4562 :
3326 4501 3412 4561 sic
3441 4501 3652 4562 horum

2014 4593 2206 4671 opifex
2235 4592 2572 4672 neutiquam
2607 4599 2792 4672 extra,
2826 4610 2935 4653 nec
2983 4593 3136 4650 intra
3181 4588 3417 4661 cmlum,
3452 4606 3564 4650 nec
3591 4589 3654 4649 in

2011 4681 2123 4739 alio
2152 4681 2304 4753 loco,
2329 4681 2434 4741 sed
2457 4680 2696 4741 omnino
2712 4679 2931 4760 ubique
2946 4680 3103 4740 Deus
3116 4685 3224 4753 est,
3247 4684 3656 4756 etsegregatus

2011 4767 2083 4828 ab
2115 4768 2388 4829 omnibus
2420 4788 2553 4829 cum
2588 4769 2833 4830 materia
2865 4767 3218 4848 conjunctis,
3255 4773 3315 4827 et
3365 4765 3582 4826 creatis
3621 4783 3656 4825 a

2013 4875 2076 4916 se
2105 4857 2307 4919 rebus.
2339 4857 2580 4920 Factum
2615 4865 2703 4919 est
2731 4857 2910 4937 igitur
2967 4856 3207 4927 coelum,
3241 4861 3299 4916 et
3329 4861 3557 4928 natura,
3591 4860 3656 4913 ut

2013 4945 2234 5006 dictum
2259 4953 2372 5027 est,
2398 4947 2676 5008 alumine
2699 4945 3078 5009 immateriali
3095 4941 3438 5022 discrepuit,
3457 4948 3514 5001 et
3527 4951 3657 5000 tan-

2013 5051 2188 5113 quam
2212 5034 2423 5094 domus
2445 5043 2570 5096 atra
2593 5034 2818 5115 absque
2837 5034 3064 5097 lumine
3101 5030 3313 5092 mansit
3339 5046 3351 5090 :
3397 5029 3491 5089 cui
3515 5028 3654 5088 uni-

2010 5121 2303 5183 versitatis
2351 5123 2638 5184 Dominus
2695 5125 2882 5185 solem
2939 5129 2999 5184 et
3027 5121 3229 5181 lunam
3260 5117 3550 5192 accendit,
3585 5125 3654 5179 ut

2009 5209 2137 5289 ipsa
2160 5211 2468 5272 sensibilia
2489 5211 2560 5272 iis
2581 5212 2873 5284 lucerent,
2901 5210 3003 5290 qui
3023 5206 3296 5269 sensibus
3319 5212 3648 5269 uterentur.

2010 5299 2186 5361 Dedit
2215 5299 2395 5362 etiam
2425 5299 2488 5361 in
2514 5317 2721 5363 manus
2745 5307 2976 5362 nostras
2994 5311 3178 5376 genus
3198 5292 3465 5374 luminis,
3493 5296 3650 5376 quod
