4112 6106
475 249 591 319 563

1793 255 2172 320 SYMEONIS
2208 251 2242 314 εἰ
2251 253 2559 319 UNIORIS

3742 251 3860 314 564

474 389 2463 468 noctuluceret,eferroetsciliceexcussummirabiliter.Ariﬁcum,
2526 398 2584 452 et
2635 388 3003 470 inopinabile
3077 406 3226 470 opus
3284 387 3388 449 Dei
3444 385 3742 449 altissimi.
3812 383 3864 447 Ο

475 476 607 557 Ipse
626 486 824 540 autem
849 481 997 541 nihil
1021 497 1335 544 commune
1361 479 1688 541 habetcum
1713 480 1832 540 ullo
1867 481 2116 555 lumine,

481 567 643 626 omni
696 567 827 628 luce
887 567 1162 643 lucidior,
1227 568 1520 648 longeque
1575 567 2118 648 splendidissimus,

479 661 762 734 quantum
792 655 949 716 ferre
983 656 1144 717 nulla
1175 664 1445 717 creatura
1483 663 1693 735 potest.
1729 655 1802 719 Ut
1832 656 1992 716 enim
2021 675 2123 717 ra-

478 739 680 801 diante
706 741 830 802 sole
860 750 1020 803 astra
1070 759 1189 806 non
1241 750 1530 822 apparent
1561 764 1574 804 :
1638 743 1724 804 sic
1753 743 1802 804 si
1835 743 2124 806 Dominus

481 827 624 888 solis
645 827 844 891 lucere
860 830 1134 904 voluerit,
1167 832 1297 908 ejus
1314 839 1509 892 ortum
1531 849 1704 892 nemo
1736 834 1936 892 vivens
1957 832 2129 893 susti-

481 915 670 981 nebit.
706 917 1075 999 Quapropter
1105 926 1360 980 mentem
1399 920 1645 998 pulveri,
1692 919 1780 980 rei
1811 928 2133 999 corparatae

481 1004 796 1084 copulavit,
819 1014 877 1067 et
899 1025 1005 1067 nos
1027 1007 1300 1068 homines
1316 1008 1624 1068 universos
1643 1008 2130 1084 inmaterialibus

483 1092 810 1169 collocavit,
845 1101 909 1154 ut
932 1094 994 1154 in
1017 1094 1132 1156 fide
1155 1095 1474 1170 constanti,
1504 1105 1565 1156 et
1590 1096 1998 1157 mandatorum
2024 1095 2128 1157 oh-

481 1181 833 1253 servatione,
855 1189 1113 1242 mentem
1145 1183 1406 1242 materiae
1428 1189 1755 1261 expertem,
1787 1201 1963 1262 quam
1984 1201 2130 1262 prae-

479 1267 860 1329 varicationis
891 1270 1142 1348 caligine
1173 1269 1549 1330 confudimus
1590 1279 1648 1331 et
1696 1271 2128 1333 contaminavi-

483 1373 615 1416 mus
645 1354 707 1415 in
741 1357 1240 1436 concupiscentiis
1274 1358 1706 1427 materialibus,
1743 1367 1799 1420 et
1823 1368 1994 1437 gustu
2025 1378 2131 1418 vo-

482 1444 767 1522 luptatum
789 1444 1088 1525 videlicet,
1115 1464 1352 1506 rursum
1380 1458 1830 1526 perpurgantes,
1864 1447 2131 1508 immate-

483 1531 632 1594 riale
652 1533 716 1593 in
742 1533 1146 1594 materialibus
1169 1534 1641 1596 immaterialiter
1661 1536 2018 1614 aspiciamus
2044 1536 2132 1594 lu-

2208 478 2648 557 mysteriorum,
2683 498 2813 560 qua:
2843 478 3074 540 occulte
3131 484 3496 558 peraguntur
3523 476 3729 539 virtus.
3761 475 3854 536 Tu

2215 575 2274 626 et
2305 567 2585 640 labentia,
2639 579 2701 628 et
2747 575 2967 628 aeterna
3015 566 3188 628 nobis
3215 566 3423 627 donas.
3485 564 3572 626 Tu
3623 573 3867 624 terrena

2216 673 2350 714 cum
2375 654 2741 730 coelestibus,
2761 654 3091 734 praesentia,
3108 672 3240 715 cum
3262 651 3497 724 futuris,
3520 658 3581 712 ut
3597 651 3865 712 omnium

2213 742 2432 822 opifex,
2467 751 2530 805 ut
2562 751 2912 824 potestatem
2945 742 3169 804 habens
3208 741 3538 803 ccelestium
3567 755 3635 802 ac
3663 747 3859 800 terre-

2213 831 2444 892 strium.
2501 830 2617 894 Cur
2664 831 2842 910 igitur
2906 829 3176 891 infelices
3232 847 3364 906 nos,
3425 829 3699 889 homines
3729 827 3863 906 plus

2216 937 2392 996 quam
2424 925 2480 980 te
2511 919 2834 998 diligimus,
2871 927 2928 979 et
2955 918 3072 978 illis
3129 916 3350 977 misere
3381 915 3639 996 amplius
3670 915 3860 976 servi-

2217 1024 2369 1081 mus,
2404 1014 2467 1066 ut
2495 1007 2567 1067 ab
2600 1007 2685 1068 eis
2717 1007 2981 1086 exiguam
3026 1013 3085 1066 et
3131 1005 3343 1065 fluxam
3379 1003 3716 1065 mercedem
3752 1019 3856 1064 re-

2215 1093 2529 1174 cipiamus,
2578 1094 2794 1175 quibus
2843 1093 3174 1155 addicimus
3230 1091 3463 1152 animas
3515 1099 3768 1164 nostras,
3802 1098 3864 1151 et

2212 1199 2482 1261 corpora,
2535 1191 2600 1243 ut
2627 1182 2702 1243 iis
2739 1200 2848 1244 ceu
2877 1181 3029 1242 vasis
3066 1179 3280 1240 vilibus
3309 1179 3675 1259 abjectisque
3705 1178 3862 1238 abu-

2216 1277 2436 1351 tantur,
2462 1278 2675 1331 etcum
2701 1270 2885 1331 simus
2927 1269 3196 1331 membra
3227 1277 3324 1330 tua
3354 1268 3582 1329 domini
3611 1267 3861 1329 univer—

2214 1377 2436 1434 sorum,
2462 1367 2684 1435 sancta,
2705 1359 2967 1438 inquam,
2995 1357 3263 1420 membra
3282 1357 3470 1418 sancti
3506 1355 3767 1430 Domini,
3805 1363 3866 1416 et

2213 1449 2383 1525 cujus
2402 1453 2662 1527 potestas
2697 1447 2938 1509 aliunde
2968 1465 3088 1507 non
3121 1445 3359 1526 pendet,
3389 1464 3507 1506 non
3536 1445 3862 1525 perhorre-

2214 1536 2436 1596 scimus
2465 1554 2536 1597 ea
2567 1536 2858 1616 perversis
2919 1534 3285 1596 daemonibus
3317 1541 3527 1614 sponte
3557 1540 3758 1593 nostra
3787 1532 3862 1592 ad

481 1639 620 1682 men
649 1619 822 1694 illud,
843 1621 998 1701 quod
1031 1621 1152 1683 dixi
1179 1641 1308 1683 esse
1335 1622 1522 1683 Deum
1548 1624 1863 1704 plusquam
1899 1622 2126 1703 absque
2150 1626 2186 1674 Β
2210 1623 2531 1685 foedissime
2550 1632 2915 1704 peccandum
2945 1640 3240 1702 exponere
3261 1621 3291 1681 ‘?
3313 1621 3454 1694 Quis
3481 1638 3619 1700 ergo
3646 1638 3858 1680 servo-

485 1709 776 1790 principio
800 1709 992 1770 oculis
1013 1709 1145 1770 istis
1167 1712 1473 1789 corporeis
1519 1711 2037 1792 inaspectabilem,
2077 1719 2136 1773 et

483 1795 984 1858 intellectualibus
1008 1797 1204 1858 cordis
1229 1797 1415 1859 oculis
1442 1798 2135 1862 inaccessibilemMiror

487 1885 672 1957 enim,
695 1903 809 1964 quo
833 1895 1005 1964 pacto
1029 1884 1248 1962 anima,
1277 1905 1411 1947 cum
1437 1893 1557 1948 tota
1581 1905 1614 1948 a
1636 1887 1879 1950 materia
1909 1896 2134 1948 semota

489 1977 587 2049 sit,
615 1982 673 2036 et
697 1974 1158 2035 intellectualem
1217 1975 1431 2036 mentis
1489 1975 1724 2036 oculum
1755 1975 1990 2051 habeat,
2026 1995 2134 2037 ceu

489 2062 719 2124 duabus
749 2061 1025 2126 fenestris
1053 2062 1418 2123 sensibiliter
1471 2081 1577 2123 usa
1630 2063 1896 2142 corporis
1923 2064 2132 2144 oculis,

491 2169 599 2232 per
624 2149 862 2213 eosdem
892 2151 1260 2231 prospiciens
1282 2151 1481 2212 omnia
1496 2170 1627 2231 quae
1651 2151 1834 2213 videri
1867 2161 2131 2231 possunt,

491 2238 713 2318 videat,
729 2256 1088 2318 reversaque
1102 2238 1303 2300 omnia
1322 2238 1429 2300 sub
1452 2239 1820 2300 intellectum
1842 2240 2133 2312 cadentia,

495 2335 554 2388 et
581 2326 830 2387 materia
859 2328 1124 2388 vacantia
1170 2327 1640 2388 immaterialiter
1688 2327 1905 2402 videat,
1969 2336 2028 2388 et
2077 2327 2138 2388 in

493 2415 690 2477 medio
704 2415 1667 2495 pereuntium,acpermanentium
1685 2415 2137 2495 singulariquo-

491 2504 626 2565 dam
659 2503 834 2564 modo
866 2503 1129 2583 detenta,
1164 2504 1236 2564 ab
1267 2503 1384 2564 illis
1408 2503 1481 2563 ad
1517 2503 1872 2583 voluptates,
1909 2513 1967 2564 et
1993 2503 2136 2565 vitia

494 2592 867 2672 pertrahatur
902 2613 914 2653 :
975 2592 1048 2652 ab
1109 2591 1227 2652 illis
1255 2600 1461 2652 contra
1488 2593 1560 2653 ad
1594 2593 1805 2653 coelum
1837 2592 1994 2652 velut
2023 2593 2134 2654 alis

491 2679 798 2753 subvecta,
821 2679 904 2740 ibi
927 2680 1256 2741 consistere
1274 2680 1621 2756 contendat;
1641 2680 2137 2742 sedabstrahatur

494 2773 714 2843 tamen,
747 2767 1082 2847 iterumque
1112 2767 1420 2828 subvolare
1450 2769 1729 2828 ardenter
1751 2768 2003 2845 studeat,
2029 2787 2136 2848 per

491 2856 706 2918 caelum
730 2855 978 2935 cupiens
1008 2855 1307 2931 incedere,
1334 2865 1392 2916 et
1415 2857 1520 2917 sub
1545 2875 1609 2918 se
1641 2875 1887 2918 cernere
1916 2859 2135 2935 omnia,

2215 1730 2348 1772 rum
2380 1721 2615 1774 tuorum
2648 1713 2910 1773 fidelium
2943 1730 2976 1772 a
3004 1710 3276 1790 lacrymis
3298 1707 3702 1790 temperabit?
3728 1707 3864 1786 quis

2217 1799 2364 1860 adeo
2415 1808 2790 1880 arrogantem
2847 1799 3151 1861 audaciam
3201 1817 3319 1859 non
3376 1793 3861 1858 lamentabitur?

2218 1888 2350 1968 quis
2377 1906 2493 1950 non
2533 1897 2750 1949 tantam
2781 1887 3120 1969 patientiam
3149 1895 3328 1961 tuam,
3355 1885 3530 1960 Deus,
3548 1881 3862 1946 venerabi-

2219 1985 2311 2038 tur
2335 1982 2361 2036 ?
2411 1979 2544 2059 quis
2565 1977 2974 2056 divinijudicii
2993 1976 3445 2036 retributionem
3472 1993 3589 2034 non
3619 1972 3864 2033 tremis-

2218 2065 2369 2126 cet?
2425 2066 2713 2143 gehennm
2762 2065 3040 2127 videlicet
3079 2064 3278 2139 ignem
3309 2061 3771 2136 intolerabilem,
3806 2068 3868 2124 et

2219 2153 2396 2214 nullis
2426 2153 2918 2232 exstinguendum
2949 2151 3202 2224 saeculis,
3227 2150 3327 2211 ubi
3352 2151 3546 2223 ﬂetus,
3569 2157 3627 2211 et
3645 2148 3868 2209 stridor

2219 2241 2512 2320 dentium,
2547 2250 2604 2303 et
2633 2242 2802 2303 dolor
2857 2260 2976 2302 non
3035 2238 3436 2313 consolabilis,
3471 2247 3530 2300 et
3556 2237 3864 2300 cruciatus

2219 2330 2674 2410 inexplicabilis.

2301 2417 2439 2493 Sed,
2467 2438 2500 2480 o
2524 2418 2646 2495 Sol,
2672 2418 2813 2479 solis
2835 2417 3013 2497 hujus
3033 2435 3208 2497 quem
3235 2415 3559 2488 cernimus,
3593 2423 3651 2476 et
3681 2415 3857 2492 lunae,

2222 2515 2286 2568 et
2313 2507 2576 2568 siderum
2608 2507 2900 2586 omnium,
2937 2514 2994 2567 et
3023 2506 3196 2584 lucis,
3230 2511 3286 2566 et
3318 2504 3496 2565 totius
3519 2522 3720 2564 rerum
3754 2524 3858 2565 na-

2218 2604 2362 2656 turae
2386 2596 2680 2669 conditor,
2709 2595 3008 2657 absconde
3030 2612 3123 2654 me
3149 2593 3220 2653 ab
3245 2592 3336 2654 his
3389 2593 3448 2652 in
3482 2600 3578 2653 tuo
3609 2592 3855 2674 lumine,

2218 2689 2283 2742 ut
2311 2683 2372 2743 in
2404 2700 2474 2744 eo
2510 2691 2567 2743 te
2599 2685 2784 2744 solum
2815 2683 3076 2755 intuens,
3103 2680 3411 2755 mundum,
3445 2688 3504 2740 et
3533 2698 3601 2740 ea
3630 2698 3762 2758 quae
3797 2679 3854 2739 in

2219 2771 2439 2832 mundo
2469 2780 2623 2846 sunt,
2649 2790 2767 2832 non
2783 2771 3012 2832 videam
3041 2790 3054 2831 :
3102 2769 3207 2830 sed
3233 2777 3290 2830 et
3319 2767 3527 2830 videns
3560 2767 3674 2829 sim
3693 2768 3859 2847 quasi

2222 2877 2338 2920 non
2369 2859 2658 2941 viderem,
2691 2867 2750 2922 et
2795 2859 3047 2921 audiens
3093 2857 3260 2939 quasi
3302 2875 3421 2918 non
3448 2855 3740 2917 audirem.
3779 2857 3860 2919 Et

493 2961 625 3025 quae
652 2951 892 3023 aspectu
923 2943 1285 3008 sentiuntur.
1319 2944 1462 3006 Nam
1521 2963 1653 3005 cum
1686 2944 1888 3006 omnia
1920 2964 2049 3025 quae
2077 2947 2135 3006 in
2157 2974 2199 3028 α
2223 2949 2376 3028 quod
2407 2948 2625 3009 accidit
2681 2947 3022 3010 sedentibus
3077 2946 3139 3007 in
3200 2946 3377 3026 hujus
3405 2943 3533 3004 vitae
3565 2943 3851 3018 tenebris,

495 3031 718 3096 mundo
749 3039 908 3105 sunt,
943 3031 1060 3110 ipsi
1120 3032 1319 3112 laquei
1379 3031 1711 3108 videantur,
1747 3033 1900 3093 male
1935 3034 2139 3095 metuit

495 3121 690 3199 plane,
715 3120 776 3180 in
800 3128 955 3180 terra
977 3119 1210 3198 ingredi
1238 3127 1295 3181 et
1315 3121 1646 3200 considere,
1674 3138 1749 3181 ne
1770 3121 2137 3202 istislaqueis

495 3208 798 3287 implicata
825 3209 1176 3283 retineatur,
1205 3215 1260 3269 et
1301 3209 1618 3270 immitium
1649 3208 1970 3270 bestiarum
2001 3229 2138 3272 esca

493 3296 615 3360 ﬁat.
647 3295 808 3356 Talis
827 3296 1083 3375 piorum,
1103 3296 1392 3371 ﬁdelium,
1437 3305 1492 3359 et
1509 3303 1850 3358 sanctorum
1873 3298 2133 3360 omnium

493 3386 609 3446 vita
636 3395 748 3465 est,
786 3403 964 3464 quam
1014 3403 1221 3447 omnes
1270 3385 1492 3447 imitari
1521 3394 1798 3464 oportet;
1856 3393 1921 3446 ut
1950 3387 2132 3450 etiam

494 3491 628 3534 cum
660 3471 874 3534 iisdem
905 3471 1134 3534 Christo
1167 3474 1314 3547 Deo,
1349 3473 1765 3536 universorum
1791 3474 2001 3553 judici,
2035 3476 2135 3536 in-

493 3568 694 3622 sontes
721 3560 1024 3638 sistantur,
1058 3567 1117 3622 et
1147 3561 1419 3639 ejusdem
1441 3563 1615 3642 regni
1639 3570 1814 3642 atque
1845 3562 2046 3641 gloria)
2075 3563 2134 3624 in

493 3667 672 3712 omne
700 3667 885 3711 aevum
916 3659 1222 3711 consortes
1254 3651 1420 3712 fiant.

1058 3742 1296 3806 CAPUT
1363 3742 1566 3805 XXVI.

491 3820 845 3894 Desiderium,
888 3825 940 3894 et
963 3833 1208 3894 amem
1235 3837 1370 3893 erga
1398 3824 1574 3880 Deum
1603 3827 1846 3894 quemvis
1875 3838 2133 3889 amorem,

561 3899 612 3951 et
631 3892 857 3964 quodvis
880 3891 1209 3964 desiderium
1234 3891 1541 3949 humanum
1555 3891 1958 3958 transcendere,
1981 3911 2133 3950 meu-

564 3963 770 4034 temque
795 3967 1165 4033 purgatarum
1191 3963 1252 4019 in
1283 3964 1468 4020 lumen
1495 3964 1593 4020 Dei
1621 3966 1955 4031 immersam,
1991 3966 2134 4021 divi-

561 4049 696 4091 nam
740 4039 1002 4090 naturam
1048 4034 1292 4106 induere,
1345 4035 1573 4106 indeque
1622 4037 1835 4095 Christi
1879 4041 2132 4105 mentem,

563 4121 659 4162 seu
685 4120 905 4161 sensum
933 4105 1222 4177 appellari.

573 4187 949 4249 Incredibilis
974 4188 1354 4266 pulchritudo
1387 4197 1506 4262 tua,
1537 4188 1789 4252 Domine
1840 4189 2003 4263 Jesu,
2036 4189 2134 4250 in-

493 4274 912 4354 comparabilis
943 4276 1196 4354 species,
1218 4275 1536 4338 ineffabilis
1559 4278 1870 4356 elegantia,
1902 4295 2134 4339 sermo-

497 4380 634 4424 nem
666 4369 724 4423 et
753 4361 1096 4442 opinionem
1125 4367 1386 4425 vincunt.
1421 4366 1616 4427 Mores
1653 4367 1760 4440 tui,
1794 4365 2048 4439 bonitas,
2082 4374 2139 4426 et

499 4450 889 4512 mansuetudo
921 4457 1018 4511 tua
1046 4451 1313 4512 omnium
1368 4454 1704 4514 mortalium
1755 4454 2138 4530 cogitationes

498 4537 815 4602 excedunt.
837 4537 1093 4618 Ideoque
1114 4539 1475 4602 desiderium
1499 4543 1606 4618 tui,
1635 4552 1694 4604 et
1709 4559 1876 4602 amor
1897 4561 2034 4621 erga
2057 4552 2133 4622 te,

500 4643 736 4688 omnem
766 4625 1075 4686 hominum
1106 4645 1395 4699 amorem,
1440 4648 1508 4690 ac
1541 4629 1905 4692 desiderium
1939 4631 2138 4692 multis

501 4713 767 4796 partibus
786 4721 1047 4793 superat.
1077 4714 1370 4786 Quantum
1399 4717 1556 4778 enim
1584 4726 1642 4778 tu
1682 4718 2141 4795 aspectabilibus

495 4801 827 4883 antecellis,
845 4809 1006 4862 tanto
1035 4803 1224 4880 major
1246 4812 1335 4864 est
1367 4822 1534 4866 amor
1564 4806 1670 4885 tui,
1708 4815 1767 4866 et
1789 4825 2024 4866 omnem
2041 4809 2142 4888 qui

497 4891 837 4954 hominibus
858 4890 1454 4954 interceditamorem
1476 4893 1777 4974 obscurat,
1798 4912 2007 4955 omnes
2021 4914 2142 4957 cor-

497 4997 809 5060 porearum
837 4977 1206 5058 voluptatum
1259 4997 1492 5041 amores
1547 4981 1780 5052 evertit,
1817 5000 2142 5063 omnesque

497 5068 681 5129 malas
709 5066 1058 5147 cupiditates
1088 5085 1222 5127 mox
1252 5067 1513 5147 repellit.
1561 5071 1714 5130 Vere
1737 5071 1894 5131 enim
1927 5088 2140 5131 concu-

496 5153 1096 5234 piscentiaetenebrae
1143 5163 1301 5216 sunt.
1364 5163 1422 5214 et
1480 5173 1594 5218 nox
1634 5157 1924 5235 profunda
1951 5159 2139 5237 turpis

493 5249 871 5322 peccatorum
905 5243 1296 5322 perpetratio,
1331 5259 1498 5303 amor
1542 5251 1762 5318 autem,
1798 5253 1856 5304 et
1883 5245 2138 5307 charitas

497 5347 636 5408 erga
664 5334 727 5392 te
756 5329 857 5390 lux
889 5349 902 5388 :
936 5347 1067 5409 quae
1104 5347 1242 5390 cum
1273 5329 1334 5390 in
1379 5329 1688 5391 animabus
1719 5329 1902 5392 Deum
1927 5349 2135 5394 aman-

498 5415 651 5478 tibus
663 5417 943 5491 exoritur,
963 5417 1124 5478 illico
1142 5417 1404 5497 depulsis
1429 5417 1938 5500 perturbationum
1960 5437 2028 5482 ac
2042 5440 2136 5482 vo-

496 5503 782 5584 luptatum
815 5504 1101 5579 tenebris,
1134 5503 1295 5568 diem
1325 5507 1574 5572 ἀπαθείας
1604 5506 1902 5570 diffundit.
1942 5509 1991 5571 Ο
2019 5511 2134 5572 mi-

2222 3037 2438 3115 quibus
2467 3037 2843 3117 operiuntur,
2876 3037 3261 3116 voluptatum,
3305 3035 3565 3114 inquam,
3601 3040 3659 3094 et
3686 3049 3854 3093 vanze

2219 3126 2442 3204 gloriae,
2476 3125 2742 3187 videntes
2792 3144 2908 3186 non
2970 3124 3169 3186 vident
3199 3122 3447 3203 gloriam
3485 3129 3638 3182 tuam
3671 3120 3855 3182 caele-

2219 3219 2393 3287 stem,
2419 3220 2476 3275 et
2501 3213 2807 3274 audientes
2829 3212 3100 3274 mandata
3136 3230 3204 3272 ac
3227 3218 3523 3291 praecepta
3538 3218 3654 3284 tua,
3685 3227 3857 3288 pror-

2219 3321 2318 3365 sus
2349 3322 2468 3366 non
2497 3303 2858 3383 intelligunt,
2918 3303 3074 3363 idem
3135 3300 3281 3361 mihi
3336 3301 3646 3362 usuveniet
3673 3301 3734 3361 in
3763 3300 3858 3360 lu-

2219 3391 2380 3452 mine
2411 3399 2531 3466 tuo,
2564 3410 2697 3454 cum
2759 3410 2876 3451 non
2935 3389 3151 3450 videbo
3202 3389 3513 3463 mundum,
3567 3407 3676 3453 nec
3732 3407 3862 3468 quae

2219 3480 2476 3542 mundus
2511 3481 2794 3542 continet.
2829 3478 2972 3551 Quis
3002 3495 3258 3558 namque
3306 3485 3361 3538 te
3393 3479 3538 3552 viso,
3577 3487 3634 3538 et
3662 3496 3696 3537 a
3725 3479 3856 3554 glo-

2218 3569 2329 3648 ria,
2363 3567 2680 3648 divinoque
2711 3566 2934 3628 lumine
2955 3573 3051 3626 tuo
3077 3584 3140 3626 se
3177 3565 3529 3626 illustratum
3563 3564 3852 3637 sentiens,

2217 3674 2335 3716 non
2369 3663 2654 3732 mentem,
2707 3655 2985 3728 animam,
3041 3661 3099 3714 et
3165 3651 3490 3732 praecordia
3517 3650 3861 3711 immutatus

2217 3754 2329 3818 est,
2366 3745 2656 3824 aliterque
2683 3745 2908 3818 videre,
2941 3751 3001 3804 et
3028 3741 3232 3802 audire
3264 3742 3480 3816 ingenti
3513 3757 3660 3800 sane
3690 3740 3856 3801 diffe-

2216 3832 2407 3893 rentia
2437 3832 2653 3893 meruit
2675 3832 2700 3892 Υ
2730 3831 3104 3908 Immergitur
3119 3829 3336 3909 quippe
3355 3831 3521 3890 mens
3543 3828 3602 3888 in
3625 3828 3854 3889 lumine

2217 3929 2336 3996 tuo,
2373 3929 2428 3982 et
2457 3920 2652 3981 simile
2681 3919 2883 3998 gloriae
2913 3928 3024 3980 tuae
3054 3917 3260 3980 lumen
3292 3917 3554 3999 perfecte
3585 3917 3861 3998 adipisci-

2215 4017 2330 4089 tur,
2355 4017 2412 4070 et
2435 4009 2848 4088 hujuscemodi
2871 4025 3038 4068 mens
3065 4015 3162 4069 tua
3186 4015 3446 4086 vocatur,
3472 4025 3602 4068 cum
3629 4014 3690 4067 tu
3725 4025 3852 4068 eam

2215 4094 2486 4175 dignatus
2520 4097 2600 4158 sis
2633 4097 2781 4171 ﬁeri,
2813 4105 2869 4158 et
2900 4095 3122 4158 habere
3156 4107 3415 4158 mentem
3447 4097 3576 4157 sive
3608 4113 3850 4156 sensum

2221 4193 2413 4259 tuum,
2448 4192 2760 4264 tecumque
2811 4184 3012 4245 unilur
3065 4184 3300 4245 vinculo
3333 4182 3752 4244 indissolubili.
3785 4181 3856 4242 Et

2220 4273 2514 4353 quomodo
2542 4292 2659 4333 non
2690 4272 2893 4333 omnia
2920 4271 3371 4352 imperturbata,
3404 4271 3555 4332 sicut
3597 4279 3678 4349 tu,
3701 4271 3863 4331 vide-

2222 4360 2308 4422 bit
2336 4370 2393 4422 et
2439 4360 2692 4422 audiet?
2749 4364 3048 4440 quomodo
3095 4358 3460 4418 divinitatem
3513 4366 3853 4433 consecuta,

2220 4450 2520 4530 quidpiam
2551 4449 2705 4528 quod
2739 4465 2910 4507 sensu
2949 4445 3328 4525 percipiatur,
3365 4443 3657 4524 expetet?
3713 4463 3856 4523 quo-

2221 4539 2397 4599 modo
2423 4537 2622 4610 labile,
2655 4545 2711 4595 et
2733 4532 3093 4612 corruptioui
3125 4531 3442 4592 obnoxium
3479 4530 3724 4611 aliquid,
3749 4549 3855 4592 seu

2220 4627 2454 4688 inanem
2485 4623 2752 4703 gloriam,
2785 4639 2912 4700 quae
2960 4619 3259 4694 omnibus,
3319 4627 3377 4680 et
3431 4620 3593 4679 omni
3645 4620 3856 4698 gloria,

2221 4733 2351 4795 quae
2371 4713 2624 4786 videtur,
2677 4709 2866 4787 major
2913 4705 3043 4769 est?
3077 4710 3226 4770 Nam
3259 4707 3362 4787 qui
3393 4706 3668 4768 omnibus
3699 4707 3853 4782 istis,

2223 4822 2354 4883 qua:
2382 4802 2441 4862 in
2472 4800 2673 4861 oculos
2705 4798 3034 4868 incurrunt,
3063 4797 3301 4877 spretis,
3327 4797 3389 4857 in
3415 4795 3520 4859 Dei
3545 4795 3854 4858 familiari-

2225 4899 2401 4952 tatem
2432 4909 2496 4951 se
2547 4884 2888 4960 insinuavit,
2935 4885 3028 4946 vel
3060 4884 3252 4966 potius
3283 4885 3408 4965 ipse
3437 4904 3671 4965 quoque
3703 4887 3859 4948 Deus

2221 4979 2567 5060 appellatur.
2591 4975 2692 5057 qui
2719 4975 2958 5036 tandem
2989 4993 3058 5035 ex
3089 4973 3244 5036 infra
3281 4993 3344 5035 se
3362 4975 3697 5054 jacentibus
3725 4973 3857 5052 glo-

2221 5069 2370 5128 riam
2387 5067 2590 5142 ullam,
2618 5063 2979 5126 autdelicias
3007 5063 3164 5125 volet
3191 5082 3457 5143 quaerere
3484 5064 3508 5123 't
3531 5063 3668 5124 Haec
3696 5063 3855 5124 enim

2220 5156 2482 5235 profecto
2515 5153 2730 5233 pudori
2761 5170 2830 5214 ac
2853 5151 3133 5213 dedecori
3155 5158 3297 5212 sunt
3318 5151 3422 5224 illi,
3457 5151 3854 5224 contumelia),

2219 5242 2608 5322 contemptui,
2640 5240 2920 5301 infamiae.
2953 5239 3151 5300 Gloria
3181 5245 3397 5311 autem,
3435 5246 3492 5297 et
3517 5237 3766 5312 deliciae,
3799 5247 3861 5300 et

2218 5331 2434 5394 divitiae.
2463 5330 2592 5408 ejns
2621 5329 2778 5390 Deus
2809 5325 3087 5405 Trinitas,
3121 5342 3367 5404 quaeque
3411 5325 3536 5396 Dei,
3565 5344 3634 5387 ac
3658 5325 3860 5388 divina

2218 5427 2379 5492 sunt,
2411 5435 2590 5498 quem
2623 5415 2796 5476 decet
2843 5412 3038 5474 omnis
3083 5411 3290 5490 gloria,
3346 5412 3561 5488 honor,
3595 5415 3861 5492 potentia

2217 5524 2478 5589 semper,
2514 5511 2572 5567 et
2600 5519 2779 5575 nunc,
2813 5508 2871 5562 et
2900 5501 2960 5560 in
2994 5499 3194 5562 omnia
3226 5501 3462 5565 saecula.
3495 5501 3708 5564 Amen.
