4112 6106
1472 255 1910 320 DIVINORUM
1955 253 2286 316 AMORUM
2333 255 2581 315 LIBER.
3588 244 3706 312 566

903 385 1137 448 CAPUT
1183 384 1416 447 XXVII.
2000 380 2127 442 ain
2155 399 2223 440 eo
2256 383 2443 443 Deum
2467 380 2717 454 videbis,
2778 398 2954 460 quem
2987 398 3163 442 nemo
3221 380 3365 441 vidit
3418 398 3706 462 unquam.

339 473 626 552 Confessio
652 474 850 552 gratiae
877 474 1149 552 donorum
1195 472 1309 552 ρεὶ,
1353 477 1409 552 _et
1436 470 1696 552 quomodo
1726 472 1984 552 in‘Patre
2064 469 2228 542 Quod
2265 471 2313 532 si
2341 472 2516 532 etiam
2554 478 2793 552 propter
2818 470 3109 551 justitiam
3141 478 3198 531 te
3228 471 3705 551 persecutionem

325 256 457 320 565

415 543 527 615 rm
577 543 844 601 scribente
898 545 1139 615 Spiritus
1193 545 1453 615 Sanctus_
1486 547 1742 615 operatus
1789 543 1979 615 fuerit.

417 614 552 671 Item
577 631 612 670 a
640 616 751 670 Deo
775 613 1078 685 parwnesis
1107 616 1240 686 quid
1268 615 1341 670 ad
1369 613 1602 671 salutem
1630 613 1982 668 obtinendam

414 687 734 757 faciendum
759 688 850 742 sit.

428 769 687 830 Rursum
745 767 928 845 fulget
983 766 1130 827 mihi
1160 767 1280 827 lux.
1339 768 1568 830 Rursus
1603 765 1794 826 lucem
1828 765 1985 828 clare

344 855 592 934 aspicio.
627 854 884 915 Rursum
907 855 1095 934 aperit
1154 854 1390 926 coelum,
1445 862 1500 914 et
1532 861 1766 915 noctem
1801 855 1982 929 fugat.

346 941 601 1005 Rursum
635 942 866 1020 retegit,
895 951 952 1002 et
973 941 1471 1003 ostenditomnia.
1499 945 1750 1003 Rursum
1785 943 1984 1004 cerni-

348 1040 443 1091 tur
473 1032 618 1092 sola.
644 1033 902 1094 Rursum
935 1050 1031 1092 me
1060 1030 1130 1090 ab
1156 1029 1430 1090 omnibus
1451 1030 1780 1092 visibilibus
1797 1031 1985 1092 abdu-

343 1119 444 1193 cit,
489 1119 882 1198 similiterque
905 1120 978 1180 ab
1005 1118 1280 1179 omnibus
1311 1119 1381 1178 ad
1413 1137 1652 1179 sensum
1693 1120 1992 1198 pertinen-

347 1207 528 1278 tibus,
555 1226 744 1288 papaz,
781 1225 874 1266 me
921 1206 1225 1285 disjungit.
1274 1208 1528 1270 Rursum
1572 1207 1784 1286 quiest
1813 1226 1990 1288 super

347 1314 558 1357 omnes
589 1297 791 1372 caelos,
834 1313 1005 1374 quem
1032 1295 1336 1356 hominum
1361 1313 1534 1355 nemo
1548 1295 1981 1376 viditunquam,

349 1403 467 1445 non
498 1401 773 1446 reserans
806 1383 1045 1458 ccelum,
1083 1403 1203 1444 non
1246 1383 1516 1444 dividens
1568 1391 1826 1456 noctem,
1865 1403 1984 1445 non

346 1472 636 1534 dirimens
667 1490 891 1552 aerem,
953 1492 1070 1533 non
1127 1491 1413 1552 rumpens
1470 1471 1682 1533 domus
1741 1480 1980 1547 tectum,

348 1561 512 1621 nulla
543 1561 778 1642 penitus
824 1579 889 1621 re
948 1567 1250 1640 penetrata
1302 1579 1531 1621 mecum
1593 1561 1986 1622 miserointra

348 1648 558 1710 cellam
586 1666 799 1721 meam,
829 1648 982 1708 intra
1014 1656 1273 1710 mentem
1306 1666 1498 1708 meam
1521 1657 1814 1723 versatur,
1843 1658 1897 1710 et
1924 1650 1984 1708 in

349 1737 617 1798 medium
671 1755 775 1798 cor
831 1752 1032 1796 meum
1094 1735 1149 1814 (ο
1180 1737 1580 1796 venerandum
1615 1737 1984 1816 mysterium)

351 1825 630 1886 omnibus
647 1833 710 1886 ut
727 1833 865 1886 sunt
885 1823 1278 1898 manentibus,
1303 1823 1566 1885 illabitur
1588 1825 1732 1885 mihi
1755 1826 1980 1902 lumen,

356 1921 418 1975 et
445 1913 658 1974 attollit
689 1930 784 1974 me
817 1931 996 1992 super
1025 1912 1260 1992 omnia;
1293 1913 1510 1993 quique
1539 1913 1598 1972 in
1633 1913 1827 1974 medio
1859 1933 1988 1975 sum

346 2003 638 2074 omnium,
676 2001 749 2061 fio
779 2009 941 2061 extra
970 2001 1193 2080 omnia,
1241 2002 1394 2061 haud
1456 2006 1600 2076 scio,
1637 2021 1780 2062 num
1812 2005 1987 2064 etiam

351 2098 514 2152 extra
543 2107 782 2169 corpus.
818 2087 985 2150 Nunc
1014 2088 1096 2149 ibi
1129 2096 1282 2150 totus
1313 2109 1439 2150 sum
1492 2109 1718 2165 revera,
1756 2090 1858 2152 ubi
1889 2091 1984 2153 lu-

349 2197 481 2239 men
516 2185 606 2239 est
634 2177 929 2256 solum,et
949 2176 1198 2257 simplex
1234 2199 1246 2248 ;
1277 2179 1432 2257 quod
1456 2178 1714 2257 intuens,
1738 2178 1987 2258 simplex

348 2266 604 2328 evadoin
618 2265 980 2326 innocentia.
999 2265 1134 2326 Haec
1146 2274 1302 2340 sunt,
1317 2265 1552 2330 Christe
1570 2266 1985 2328 miraculorum

347 2365 582 2417 tuorum
599 2354 922 2429 mirabilia;
945 2355 1069 2416 hinc
1085 2354 1382 2434 potentiae,
1401 2363 1457 2415 et
1475 2353 1852 2431 benignitatis
1871 2363 1984 2417 tua:

346 2461 548 2523 Opera,
588 2460 718 2522 qua;
745 2441 806 2502 in
838 2459 944 2503 nos
973 2441 1248 2520 indignos
1296 2442 1448 2505 edis.
1482 2442 1560 2503 Ea
1595 2443 1668 2503 de
1701 2462 1872 2504 causa
1907 2445 1982 2504 ti-

348 2550 480 2592 meo
515 2539 572 2591 et
601 2530 1299 2604 tremo,etsollicitudine
1329 2531 1553 2592 afficior
1577 2531 1981 2612 assidua,ma-

344 2637 642 2699 cerorque
691 2619 1092 2692 vehementer,
1131 2619 1271 2698 quid
1307 2619 1409 2679 tibi
1442 2637 1546 2698 pro
1573 2621 1768 2695 tantis,
1798 2628 1855 2682 et
1885 2621 1981 2681 in-

345 2707 812 2768 numerabilibus
835 2707 1007 2767 donis
1038 2725 1105 2768 ex
1132 2714 1294 2768 tanta
1351 2707 1761 2770 misericordia
1795 2708 1853 2768 in
1890 2727 1984 2770 me

346 2796 574 2858 collatis
598 2796 951 2868 retribuam,
987 2796 1199 2876 quidve
1258 2795 1360 2856 tibi
1419 2797 1686 2870 offeram,
1719 2797 1984 2878 nihilque

2071 560 2187 634 pati
2217 561 2536 640 contingat,
2561 561 2806 634 exsulta,
2830 559 3106 639 quoniam
3152 577 3401 636 regnum
3425 558 3709 620 caelorum

2065 653 2230 707 tuum
2262 649 2476 709 factum
2509 653 2621 712 est.
2668 648 2738 709 Et
2758 648 2896 728 quid
2928 648 3037 708 hoc
3079 648 3312 726 majus?
3333 646 3474 708 Hac
3533 653 3591 708 et
3617 647 3712 708 his

2069 734 2258 815 plura,
2286 755 2413 816 qua:
2443 737 2737 813 mandavi,
2763 737 2960 811 facito,
2988 743 3049 798 et
3079 736 3229 797 alios
3263 735 3434 810 doce,
3469 743 3528 796 et
3555 736 3710 797 inter

2067 841 2168 883 vos
2199 825 2346 886 alter
2373 826 2649 906 alterum,
2683 825 2784 906 qui
2811 825 2871 885 in
2905 843 2999 885 me
3049 824 3311 899 creditis,
3347 824 3396 885 si
3429 823 3704 886 salvatio-

2069 929 2203 971 nem
2236 915 2543 994 exoptatis,
2581 931 2932 994 mecumque
2987 913 3049 974 in
3108 913 3321 974 saecula
3344 913 3705 993 sempiterna

2069 998 2334 1061 habitare
2365 1003 2562 1064 vultis.
2592 1001 2652 1063 Si
2673 1001 2946 1080 renuitis,
2984 1009 3041 1062 et
3077 1000 3492 1079 indignamini,
3527 1008 3584 1060 et
3611 999 3710 1062 de-

2072 1086 2254 1147 decus
2283 1088 2762 1170 interpretamini
2784 1090 2897 1150 ista
2919 1089 3058 1169 pati,
3086 1097 3143 1150 et
3165 1088 3490 1164 contemni,
3515 1095 3575 1150 et
3597 1105 3706 1167 pro

2071 1175 2364 1236 mandatis
2399 1178 2546 1238 meis
2580 1178 2805 1239 animas
2838 1195 3082 1257 ponere,
3134 1177 3275 1257 quid
3307 1195 3445 1253 ergo
3476 1175 3709 1237 discere

2069 1264 2356 1341 quaaritis,
2381 1267 2674 1346 quomodo
2713 1285 2815 1327 vos
2844 1266 3056 1327 salvari
3092 1273 3381 1346 oporteat,
3407 1275 3464 1326 et
3493 1265 3707 1345 quibus

2066 1351 2399 1415 actionibus
2433 1354 2578 1415 mihi
2607 1354 3009 1416 conciliemini
3033 1354 3057 1414 ?
3085 1354 3226 1434 quid
3249 1353 3485 1414 tandem
3519 1352 3706 1414 Deum

2066 1448 2328 1501 vestrum
2365 1461 2456 1503 me
2478 1443 2786 1523 appellatis
2808 1449 2834 1502 7
2863 1443 3003 1523 quid
3046 1441 3190 1504 item
3221 1461 3322 1503 vos
3350 1441 3412 1502 in
3443 1460 3538 1503 me
3569 1458 3705 1506 cre-

2004 1549 2045 1599 B
2069 1527 2212 1588 dere
2241 1529 2592 1610 insipienter
2622 1531 3047 1593 arbitramini?
3066 1531 3186 1610 Ego
3217 1534 3439 1611 quippe
3468 1531 3595 1591 haec
3615 1549 3709 1592 ve-

2067 1622 2188 1675 stra
2219 1636 2394 1679 causa
2425 1619 2640 1699 libens,
2701 1639 2769 1680 ac
2825 1628 3034 1700 sponte
3090 1636 3409 1700 perpessus
3457 1638 3611 1700 sum,
3645 1619 3708 1680 in

2068 1722 2303 1769 crucem
2336 1717 2521 1783 actus,
2557 1707 3021 1768 facinorosorum
3081 1716 3329 1768 mortem
3390 1707 3706 1786 obiifglo-

2069 1793 2274 1872 riaque
2307 1796 2533 1864 mundi,
2568 1796 2706 1870 vita,
2742 1796 3045 1875 splendor,
3099 1796 3468 1856 mortuorum
3497 1813 3704 1857 resur-

2073 1881 2257 1944 rectio
2288 1884 2553 1944 omnium
2584 1884 2643 1944 in
2678 1902 2772 1945 me
2803 1883 3170 1944 credentium
3201 1884 3493 1962 gloriatio,
3523 1884 3704 1945 indu-

2071 1979 2333 2033 mentum
2393 1972 2878 2044 immortalitatis,
2938 1980 2996 2032 et
3051 1971 3442 2033 deificationis
3489 1972 3710 2052 probra

2071 2079 2220 2134 mea,
2256 2061 2310 2121 ei
2343 2079 2500 2121 mors
2547 2060 2940 2137 ignominiosa
2995 2059 3146 2120 facta
3173 2067 3330 2121 sunt.
3367 2059 3558 2131 Quare
3607 2061 3708 2140 qui

2068 2149 2436 2210 venerabiles
2469 2148 2772 2228 passiones
2804 2166 2966 2209 meas
2987 2147 3310 2222 imitantur,
3345 2148 3520 2209 etiam
3554 2149 3706 2222 divi-

2068 2237 2265 2297 nitatis
2299 2255 2447 2298 mea:
2475 2245 2805 2310 consortes,
2839 2245 2898 2297 et
2929 2235 3095 2315 regni
3126 2235 3242 2296 mei
3265 2236 3557 2318 haeredes,
3590 2235 3700 2298 bo-

2069 2342 2400 2405 norumque
2422 2326 2579 2386 nulla
2595 2323 2790 2402 lingua
2811 2324 3276 2385 enarrandorum
3295 2325 3706 2404 exprimendo-

2065 2431 2314 2492 rumque
2340 2412 2486 2474 socii
2517 2414 2682 2487 ﬁent,
2745 2419 2802 2472 et
2859 2430 3092 2473 mecum
3153 2411 3216 2472 in
3272 2413 3703 2493 sempiternum

2066 2510 2260 2563 erunt.
2295 2503 2552 2562 Caeteros
2582 2501 2716 2580 quis
2750 2519 2866 2560 non
2889 2501 3134 2562 deﬂeat?
3162 2503 3294 2580 quis
3322 2519 3440 2560 non
3476 2501 3709 2581 lugeat?

2067 2590 2196 2669 quis
2226 2607 2347 2650 non
2379 2607 2448 2649 ex
2479 2588 2892 2667 compassione
2922 2589 3120 2649 cordis
3149 2589 3435 2668 lacrymas
3450 2589 3710 2652 fundat?

2067 2678 2196 2757 quis
2221 2695 2492 2756 magnam
2518 2695 2724 2738 eorum
2751 2677 3130 2738 stoliditatem
3157 2697 3275 2738 non
3304 2678 3705 2741 lamentetur?

2067 2766 2544 2846 quandoquidem
2563 2765 2801 2826 deserta
2831 2766 2945 2826 vita
2975 2765 3204 2845 seipsos
3234 2767 3409 2827 morti
3441 2767 3704 2829 tradide-

347 2886 407 2946 in
438 2903 532 2945 me
563 2885 897 2958 inveniens,
1098 2884 1242 2945 nihil
1277 2903 1470 2946 meum
1505 2884 1579 2945 sit
1711 2885 1845 2960 vita,
1876 2853 2042 2947 £ch
2067 2865 2224 2967 ξᾙηί]
2257 2873 2290 2914 ³
2315 2853 2437 2967 De?
2484 2853 2805 2967 igfe'i‘Eiler
2853 2854 3129 2954 δδΓΡΡίίῖ
3163 2873 3226 2967 δΑ
3253 2873 3502 2967 quor?“
3538 2863 3703 2967 ῐξπίθ

344 2974 545 3036 omnia
577 2973 683 3035 tibi
728 2974 1008 3049 serviant,
1051 2973 1248 3033 omnia
1286 2973 1403 3034 sint
1447 2991 1726 3034 manuum
1759 2982 1985 3034 tuaram

346 3080 555 3142 Opera,
589 3062 876 3141 majorem
907 3061 966 3121 in
989 3065 1228 3122 modum
1252 3061 1476 3140 pudore
1498 3061 1828 3141 suffundor,
1861 3063 1984 3124 val-

345 3151 542 3231 deque
569 3151 900 3224 excrucior,
926 3158 984 3210 et
1012 3149 1212 3210 dicere
1246 3149 1554 3228 percupio,
1587 3149 1726 3229 quid
1759 3149 1982 3210 facien-

344 3239 488 3300 dum
524 3239 599 3298 sit
627 3246 690 3298 ut
721 3239 905 3299 colam
940 3246 1018 3313 te,
1067 3245 1130 3298 ut
1181 3237 1441 3316 placeam
1478 3237 1607 3317 tibi,
1644 3256 1759 3317 quo
1789 3256 1983 3299 coram

345 3326 598 3388 terribili
629 3326 905 3388 tribunali
938 3333 1035 3386 tuo
1067 3325 1126 3386 in
1159 3326 1255 3386 die
1302 3326 1512 3404 judicii
1543 3325 1984 3388 damnationem

347 3414 647 3494 effugiam.

427 3502 582 3566 Audi
614 3502 752 3582 quid
783 3501 965 3562 facias
1025 3502 1380 3582 quicumque
1405 3502 1715 3563 salvandus
1746 3521 1833 3576 es,
1866 3503 1986 3563 imo

351 3609 486 3651 vero
519 3598 577 3650 tu
609 3598 744 3650 ante
775 3609 1002 3664 omnes,
1047 3589 1148 3670 qui
1182 3609 1273 3650 me
1301 3608 1493 3668 rogas.
1529 3589 1717 3651 Hodie
1748 3598 1805 3652 te
1833 3610 1990 3652 mor-

349 3688 516 3742 tuum
550 3696 682 3740 esse
715 3687 852 3758 puta
883 3699 898 3754 ;
930 3679 1108 3739 hodie
1138 3679 1509 3739 renuntiasse
1547 3699 1561 3754 ;
1593 3678 1771 3739 hodie
1803 3685 1987 3740 totum

350 3767 634 3828 mundum
667 3767 978 3847 reliquisse
1005 3766 1216 3847 ;hodie
1245 3766 1491 3838 amicos,
1527 3775 1828 3846 cognatos,
1853 3786 1987 3827 om-

348 3874 484 3917 nem
505 3873 710 3916 vanam
725 3855 966 3932 gloriam
983 3855 1290 3930 deserens,
1319 3855 1494 3915 simul
1526 3854 1984 3916 sollicitudinem

347 3962 548 4004 rerum
605 3942 951 4004 inferiorum
1018 3961 1169 4023 pone
1221 3943 1513 4017 funditus,
1577 3942 1986 4022 sublatamque

349 4051 588 4094 crucem
620 4039 776 4092 tuam
801 4031 862 4092 in
885 4033 1186 4101 humeros,
1218 4040 1380 4093 arcte
1398 4031 1760 4110 constringe,
1780 4039 1835 4090 et
1855 4049 1980 4091 eam

351 4140 537 4201 usque
557 4121 628 4182 ad
652 4122 874 4182 exitum
897 4121 1026 4181 vilae
1048 4120 1268 4200 bajula.
1294 4119 1980 4198 Laborestentationum,

2068 2943 2256 3004 libera
2289 2962 2380 3004 me
2409 2951 2467 3002 tu
2510 2942 2760 3004 Domine
2813 2943 3100 3018 omnium,
3138 2960 3350 3024 meque
3381 2943 3700 3023 abjectuin,

2067 3039 2239 3112 atque
2270 3031 2538 3092 ultimum
2571 3049 2872 3092 servorum
2936 3039 3168 3092 tuorum
3199 3049 3276 3093 ne
3307 3049 3556 3112 spernas
3581 3033 3700 3093 im-

2070 3119 2489 3181 maculatarum
2549 3119 2999 3200 perpessionum
3063 3127 3292 3180 tuarum
3351 3120 3703 3200 participem

2067 3207 2220 3283 fieri,
2259 3215 2323 3268 ut
2357 3208 2556 3283 etiam;
2589 3207 2744 3269 sicut
2774 3207 2996 3287 dixisti,
3057 3207 3354 3287 particeps
3383 3207 3607 3289 gloriae,
3643 3217 3702 3270 et

2068 3296 2366 3359 suavitatis
2398 3295 2687 3356 bonorum
2717 3303 2948 3356 tuorum
2974 3297 3106 3356 fiam
3135 3314 3330 3372 ;nunc
3357 3296 3597 3377 quidem
3641 3305 3704 3359 ut

2066 3385 2127 3445 in
2159 3385 2585 3463 aenigmate,fet
2637 3383 2699 3444 in
2755 3385 2963 3463 ﬁgura,
3026 3389 3085 3444 et
3140 3384 3200 3444 in
3250 3384 3526 3464 speculo:
3565 3393 3704 3448 tunc

2067 3471 2205 3534 vero
2237 3489 2608 3551 cognoscam,
2654 3471 2806 3533 sicut
2835 3480 2893 3532 et
2920 3471 3188 3550 cognitus
3215 3490 3348 3533 sum
3375 3473 3454 3532 5'7.

2615 3563 2849 3626 CAPUT
2891 3563 3146 3627 XXVIII.

2069 3659 2396 3715 Gratiarum
2423 3658 2566 3730 actio
2595 3657 2670 3712 ad
2695 3657 2870 3714 Deum
2912 3671 3018 3730 pro
3071 3657 3300 3730 acceptis
3355 3659 3427 3730 ab
3453 3673 3513 3715 eo
3543 3659 3700 3716 bene-

2139 3730 2279 3811 ﬁciis
2299 3746 2322 3794 ;
2350 3736 2399 3811 et
2426 3729 2487 3783 in
2543 3731 2839 3811 quastione
2887 3728 3166 3811 positum,-
3190 3728 3702 3811 'quamo-bremper-

2139 3799 2266 3870 fecti
2293 3815 2329 3854 a
2357 3799 2684 3854 daemonibus
2714 3800 2919 3870 tentari
2948 3799 3359 3870 permittantnr.
3388 3799 3701 3869 Descriptio

2135 3869 2586 3996 Benyntiantium
2639 3869 2866 3932 mundo,
2924 3875 2974 3924 et
3029 3869 3320 3935 institutio,
3382 3871 3444 3925 in
3463 3884 3707 3941 persona

2192 3957 2258 3996 ei.

2121 4021 2438 4101 Cognoscis
2453 4021 2894 4083 mendicitatem
2913 4039 3100 4082 meam
3113 4070 3128 4100 ,
3147 4021 3300 4082 nosti
3322 4009 3701 4099 orbitantem,

2070 4114 2186 4175 scis
2214 4110 2618 4190 solitudinem,
2653 4111 2848 4172 cernis
2879 4109 3369 4186 imbecillitatem,
3421 4119 3479 4173 et
3501 4111 3700 4191 impo-

351 4198 590 4270 dol'ores
651 4198 1134 4288 tribulationum,
1197 4216 1256 4271 et
1333 4208 1736 4270 molestiarum
1797 4198 2314 4268 clavosutentiam
2350 4218 2565 4288 meam,
2597 4198 2698 4280 qui
2728 4217 2822 4288 me
2878 4199 3097 4288 tinxisti
3149 4199 3306 4261 Deus
3335 4218 3546 4280 meus;
3580 4217 3702 4261 non

351 4313 583 4360 summo
601 4298 815 4376 gaudio
840 4298 1067 4377 excipe,
1096 4287 1157 4357 ut
1185 4314 1462 4359 coronam
1485 4296 1702 4374 gloriae.
1739 4295 1990 4376 Injuria-
2069 4287 2622 4377 ignoras,,inqua{n.
2648 4287 2753 4377 59¢
2778 4287 3109 4377 aSPiCiSlU,
3158 4295 3220 4349 ίιι
3250 4287 3449 4377 omnia
3479 4304 3704 4377 ερειιο-

353 4405 482 4446 rum
515 4374 738 4447 lanceis
768 4374 1030 4446 confixus
1082 4385 1142 4445 in
1186 4387 1382 4456 horas,
1441 4392 1498 4445 et
1554 4385 1714 4444 omui
1773 4374 1990 4462 genere
2071 4379 2209 4439 scis.
2243 4375 2391 4437 Vide
2422 4393 2524 4436 cor
2544 4375 2940 4452 humiliatum,
2963 4374 3092 4436 vide
3119 4376 3456 4452 contritum,
3479 4375 3613 4437 vide
3644 4382 3709 4436 ut

353 4473 807 4553 ignominiarum
857 4475 1147 4536 acerrime
1206 4474 1520 4553 lapidatus,
1577 4471 1848 4552 lacrymis
1879 4491 1986 4552 pro
2071 4463 2590 4553 desperabundum
2612 4463 2692 4553 ad
2735 4472 2788 4553 te
2831 4463 3238 4553 accedentem,
3295 4473 3352 4527 et
3381 4465 3458 4526 da
3491 4464 3706 4553 exalto

355 4550 642 4640 sanguine
673 4564 948 4643 profusis,
983 4572 1201 4642 martyr
1259 4550 1404 4636 eris,
1441 4550 1895 4640 illusionesque,
1932 4569 1990 4621 et
2071 4555 2314 4631 gratiam
2335 4561 2518 4643 tuam;
2542 4552 2618 4613 da
2640 4551 2902 4614 divinum
2929 4550 3213 4643 Spiritum
3237 4561 3428 4643 tuum;
3451 4553 3550 4643 da,
3572 4551 3710 4614 Sal-

353 4651 550 4730 alapas
575 4650 772 4712 ferens
794 4651 993 4712 animo
1017 4650 1370 4730 gratissimo,
1411 4650 1754 4715 divinitatis,
1782 4658 1840 4710 et
1861 4650 1986 4728 glo-

355 4739 460 4799 ria;
489 4757 634 4800 meae
665 4758 906 4800 consors
963 4740 1090 4800 fies.
1128 4739 1290 4810 Quod
1341 4738 1389 4798 si
1439 4739 1694 4817 teipsum
1726 4737 1988 4798 omnium

359 4835 720 4908 postremum
781 4827 1011 4901 feceris,
1063 4845 1438 4906 servumque,
1502 4845 1570 4887 ac
1630 4825 1989 4901 ministrum,

360 4925 560 4996 postea
579 4916 834 4996 primum
855 4916 1116 4976 omnium
1135 4925 1189 4976 te
1206 4916 1473 4989 reddam,
1493 4914 1990 4994 quemadmodum

359 5004 626 5084 promisi.
645 5004 707 5065 Si
723 5003 1019 5084 inimicos,
1045 5012 1100 5064 et
1126 5022 1332 5064 omnes
1351 5002 1660 5064 audientes
1685 5011 1742 5064 te
1762 5001 1992 5064 dilexe-

358 5092 463 5166 ris,
500 5101 558 5152 et
587 5110 691 5173 pro
723 5091 1108 5171 injuriosisin
1167 5101 1221 5152 te
1248 5091 1530 5164 oraveris,
1591 5090 1831 5170 illisque
1888 5107 1992 5169 pro

358 5180 584 5242 viribus
616 5180 728 5241 tuis
761 5180 1159 5257 benefeceris,
1205 5179 1418 5241 similis
1464 5180 1723 5259 profecto
1755 5177 1994 5240 evasisti

363 5269 517 5330 Patri
551 5278 650 5331 tuo
672 5269 958 5330 altissimo
985 5317 1000 5344 ,
1027 5279 1087 5330 et
1133 5267 1272 5330 hinc
1329 5284 1537 5348 purum
1591 5285 1695 5328 cor
1722 5267 1991 5347 adeptus,

443 5436 504 5486 5'7
534 5437 559 5500 Ι
590 5435 722 5499 Cor.
757 5452 883 5512 χιιι,
922 5440 1016 5498 l2.

2075 4650 2256 4716 vatur,
2285 4640 2682 4716 Paracletum;
2717 4644 2882 4701 mitte
2903 4639 3055 4700 sicut
3078 4640 3420 4721 promisisti,
3444 4641 3612 4702 mitte
3643 4647 3701 4700 et

2074 4748 2231 4789 nunc
2261 4729 2454 4809 ipsum
2485 4747 2602 4789 una
2627 4729 2912 4790 assidenti
2941 4727 3002 4787 in
3046 4729 3353 4808 superiore
3384 4728 3704 4802 caznaculo,

2071 4836 2276 4880 revera
2308 4815 2452 4878 mihi
2473 4817 2760 4878 eminenti
2789 4835 2966 4896 supra
3026 4835 3123 4878 res
3151 4825 3417 4879 terrenas
3445 4825 3504 4877 et
3533 4833 3712 4895 supra

2074 4915 2256 4969 totum
2289 4906 2596 4980 mundum,
2615 4914 2672 4967 et
2701 4914 2756 4966 te
2783 4905 3091 4984 quaerenti,
3110 4913 3390 4984 tuumque
3420 4902 3706 4983 Spiritum

2076 4993 2508 5075 praestolanti.N
2515 5013 2546 5055 e
2558 4994 2734 5074 igitur
2744 4993 3038 5055 cuncteris
3053 4992 3410 5068 misericors,
3422 5009 3496 5052 ne
3511 4991 3707 5072 despi-

2075 5084 2194 5145 cias
2246 5083 2582 5155 miseraton
2622 5101 2697 5143 ne
2756 5081 3122 5143 obliviscaris
3153 5081 3393 5142 sitiente
3423 5078 3621 5140 anima
3650 5087 3709 5140 te

2075 5180 2460 5253 quaerentem,
2489 5179 2546 5233 et
2571 5189 2646 5234 ne
2673 5169 2951 5232 excludas
2976 5168 3162 5248 gloria
3192 5169 3348 5229 hunc
3375 5167 3708 5246 indignum,

2076 5279 2223 5324 neve
2252 5259 2614 5324 abomineris
2645 5277 2763 5336 me,
2795 5258 3183 5321 neudeseras.
3215 5255 3451 5318 Viscera
3481 5262 3580 5319 tua
3600 5254 3713 5316 ob-
