4112 6106
406 274 526 351 567

1692 284 2074 354 SYMEONIS
2111 283 2485 349 JUNIOPJS.

3654 283 3779 347 568

407 416 616 495 tendo,
648 417 1123 483 misericordiam
1153 427 1311 484 tuam
1361 420 1602 504 objicio,
1627 430 1687 484 et
1712 416 2049 501 benignita-
2070 421 2114 470 A
2135 419 2193 504 e_t
2221 431 2356 474 cum
2386 420 2445 504 te
2505 412 2768 475 immissa
2828 413 3363 504 pusillanimitate,_
3391 432 3459 475 ac
3488 411 3786 504 despera-

408 513 530 571 tem
561 516 719 581 tuam
749 507 1138 589 interpretem
1169 528 1363 571 meam
1390 517 1566 592 atque
1596 510 2054 573 conciliatricem

407 594 519 657 tibi
575 595 786 659 offero.
845 592 979 658 Non
1032 596 1319 673 laboravi,
1392 617 1510 660 non
1583 599 1827 679 praestiti
1877 616 2057 679 opera

398 683 668 765 justitia,
695 701 998 765 nunquam
1027 685 1255 748 servavi
1270 686 1455 747 ullum
1471 687 1813 749 mandatum
1844 694 2007 747 tuum
2036 704 2050 749 :

408 771 517 833 sed
543 771 721 843 vitam
779 790 975 834 meam
1025 791 1265 835 omnem
1322 774 1647 847 luxuriose,
1712 794 1780 837 ac
1824 774 2054 855 perdite

406 858 677 931 transivi.
709 858 1137 923 Verumtamen
1164 881 1284 923 non
1314 881 1379 924 es
1409 881 1506 924 me
1535 871 1883 944 aspernatus
1912 862 2052 937 ;sed

405 946 718 1029 quasitnm
748 948 1046 1025 invenisti,
1105 960 1403 1013 errantem
1458 970 1493 1013 a
1550 952 1643 1015 via
1698 952 1920 1013 erroris
1946 969 2051 1013 re-

407 1035 625 1101 duxisti
653 1056 670 1111 ;
702 1042 761 1097 et
786 1055 919 1098 cum
951 1055 1049 1099 me
1080 1056 1187 1119 per
1215 1039 1417 1099 lumen
1446 1040 1675 1116 {gratia
1706 1047 1821 1101 tua
1848 1041 2052 1101 hume-

406 1123 491 1186 ris
522 1123 640 1186 tuis
667 1123 1073 1187 immaculatis
1132 1126 1447 1189 miseratus
1468 1127 1875 1208 imposuisses,
1909 1146 2051 1208 por—

406 1209 568 1285 tasti,
593 1228 705 1273 nec
722 1210 1208 1292 defatigationem
1249 1214 1431 1275 ullam
1464 1218 1684 1276 sentire
1714 1234 1811 1276 me
1843 1232 2051 1295 passus

407 1316 512 1362 es:
546 1314 750 1361 verum
780 1307 1059 1381 tanquam
1087 1301 1149 1362 in
1181 1321 1381 1379 curru,
1435 1311 1536 1365 aut
1583 1304 1854 1366 vehiculo
1880 1304 2050 1385 quie-

408 1394 702 1469 scentem,
758 1388 975 1451 dedisti
1023 1390 1282 1452 molliter
1336 1410 1444 1472 per
1496 1392 1617 1453 vias
1660 1411 1899 1473 asperas
1941 1392 2052 1453 iter

404 1492 715 1557 peragere,
743 1474 936 1538 donec
957 1476 1020 1538 in
1042 1479 1269 1540 caulam
1297 1479 1493 1540 ovium
1514 1487 1749 1541 tuarum
1782 1480 2050 1543 restitui-

406 1562 507 1647 sti,
532 1570 591 1625 et
617 1562 860 1626 famulis
889 1564 1006 1626 tuis
1028 1567 1377 1645 aggregasti.
1400 1567 1871 1630 Misericordiam
1893 1577 2052 1629 tuam

2141 500 2299 562 tione
2327 500 2645 563 vulnerare
2676 510 2984 577 conentur,
3019 521 3123 583 spe
3153 509 3251 563 tua
3279 502 3434 563 velut
3455 501 3690 563 emissis
3718 501 3786 560 in

2136 588 2298 668 ipsos
2319 589 2535 669 jaculis
2597 589 2957 653 vulneretur.
3016 588 3327 651 Iracundia
3383 597 3462 663 te,
3497 598 3560 650 ut
3582 589 3783 669 pugil-

2137 676 2260 738 latu
2292 686 2680 759 opugnantes,
2745 686 2804 740 et
2860 679 2923 739 in
2980 679 3236 740 furorem
3290 677 3692 757 impellentes,
3752 694 3790 736 a

2137 767 2593 828 mansuetudine
2625 776 2722 828 tua
2749 768 2811 827 in
2869 767 3081 829 faciem
3112 768 3307 847 alapas
3338 766 3650 847 accipiant,
3686 784 3784 826 ex-

2136 863 2342 936 traque
2366 856 2605 917 domum
2634 863 2792 919 tuam
2817 856 3021 934 procul
3046 856 3379 935 ejiciantur.
3405 854 3557 917 Num
3594 854 3782 932 enim,

2134 952 2199 1006 ut
2221 944 2367 1019 dixi,
2391 945 2609 1019 infans,
2645 953 2745 1005 aut
2776 962 2923 1024 puer
2974 944 3221 1023 pusillus
3244 962 3308 1005 es
3329 943 3359 1003 ‘I
3391 962 3532 1003 num
3587 942 3786 1003 adhuc

2135 1042 2194 1095 te
2210 1033 2584 1095 imbecillitas
2600 1032 2783 1094 animi
2808 1032 3017 1094 tenet?
3038 1031 3191 1094 Num
3211 1033 3386 1093 etiam
3412 1030 3585 1092 modo
3611 1048 3783 1091 mens

2136 1120 2243 1182 tibi
2270 1121 2341 1183 ad
2370 1122 2757 1184 obnitendum
2789 1122 3022 1182 inﬁrma
3052 1129 3139 1181 est
3169 1127 3195 1182 ?
3226 1119 3390 1180 Nosti
3412 1129 3471 1181 et
3500 1118 3779 1179 inimicos

2131 1210 2358 1288 fugere,
2384 1218 2687 1272 etrursum
2714 1210 2956 1271 eosdem
2985 1210 3248 1272 vincere.
3269 1207 3414 1270 Nam
3435 1215 3492 1269 et
3510 1226 3783 1288 pugnans

2136 1316 2233 1359 me
2257 1298 2610 1377 adjutorem.
2644 1317 2712 1359 ac
2734 1297 3132 1373 defensorem,
3165 1305 3221 1358 et
3245 1299 3436 1373 fugam
3462 1313 3783 1375 capessens

2137 1403 2234 1448 me
2261 1387 2517 1448 validum
2548 1395 2823 1449 actutum
2844 1392 3252 1464 tegumentum
3275 1385 3482 1446 habes.
3506 1384 3579 1446 Et
3600 1383 3782 1463 quid-

2139 1493 2299 1551 nam,
2331 1474 2566 1556 amabo,
2599 1484 2969 1537 terrenorum
3004 1475 3250 1535 istorum
3302 1474 3640 1535 maestitiam
3671 1471 3781 1532 tibi

2138 1572 2409 1643 apportat
2435 1570 2464 1626 ?
2493 1565 2745 1638 Aurum,
2777 1582 2851 1625 an
2880 1570 3214 1641 argentum,
3247 1580 3324 1622 an
3354 1562 3597 1641 pretiosi
3628 1560 3781 1640 lapi-

405 1650 688 1732 pradico.
711 1651 1155 1715 miserationem
1178 1655 1377 1729 laudo,
1401 1655 1618 1734 gratias
1644 1674 1779 1736 ago,
1805 1664 1863 1719 et
1891 1657 2046 1718 divi-
2069 1657 2109 1706 B
2132 1653 2237 1713 des
2257 1651 2288 1711 ?
2316 1660 2374 1714 et
2401 1653 2532 1733 quis
2561 1653 2734 1732 lapis,
2772 1671 2867 1713 me
2919 1651 3215 1729 fulgidior,
3267 1660 3368 1711 aut
3396 1650 3530 1731 quis
3560 1650 3781 1711 clarius

405 1742 516 1802 tias
543 1738 822 1811 bonitatis
851 1748 966 1802 tua
984 1741 1268 1804 admiror.
1320 1743 1468 1806 Cum
1515 1763 1692 1825 porro
1716 1744 1779 1806 in
1807 1752 1865 1807 te
1882 1763 2051 1807 recu-

405 1828 664 1904 buerim,
690 1835 758 1891 ut
786 1830 1048 1903 narravi,
1083 1829 1264 1892 etiam
1320 1851 1479 1894 nunc
1507 1833 1664 1914 apud
1696 1840 1753 1896 te
1801 1852 1955 1909 sum,
1988 1841 2053 1895 ut

406 1922 570 1999 puto,
603 1923 759 1991 totus
788 1934 994 1981 servus
1024 1926 1181 1993 tuus,
1216 1918 1540 2000 affixusque
1588 1920 1824 2003 lumini,
1858 1929 1916 1983 et
1945 1921 2052 1983 tibi

403 2004 820 2088 agglutinatus,
873 2013 934 2069 et
983 2006 1281 2069 desiderio
1342 2007 1427 2071 tui
1477 2008 1688 2084 victus,
1749 2019 1806 2072 et
1848 2029 2052 2072 amore

404 2090 800 2177 compeditus,
832 2095 1057 2173 hareo,
1089 2095 1472 2178 obstupesco,
1500 2106 1559 2160 et
1579 2098 1921 2179 perspicere
1950 2118 2051 2161 ne-

404 2200 584 2265 queo,
638 2200 824 2267 quare
875 2183 1177 2246 tribulatio
1232 2185 1478 2264 attingat
1522 2186 1799 2248 miseram
1861 2206 2051 2249 meam

403 2271 662 2343 animam
696 2292 714 2345 ;
745 2289 927 2353 quare
984 2272 1175 2335 tristia
1228 2272 1538 2350 subintret,
1601 2293 1784 2355 quare
1827 2294 1923 2338 me
1953 2285 2050 2339 to-

405 2365 531 2421 tum
559 2357 912 2435 conturbet;
972 2378 1155 2441 quare
1211 2379 1309 2424 me
1367 2362 1557 2442 privet
1610 2362 1925 2426 dulcedine
1956 2373 2053 2426 tua

404 2449 588 2524 Deus,
616 2457 675 2510 et
697 2467 732 2511 a
759 2448 973 2529 gaudio
1018 2448 1324 2512 abstrahat
1371 2458 1748 2515 terrenorum
1780 2454 2046 2516 afﬂictio.

404 2535 558 2600 Num
588 2555 687 2601 me
714 2544 1025 2618 tantopere
1045 2537 1300 2619 lapsum,
1330 2546 1389 2601 et
1412 2549 1651 2619 peccato
1675 2541 2046 2619 obstrictum,

406 2632 511 2689 aut
538 2626 677 2721 quia
706 2632 763 2687 te
785 2625 859 2721 ad
878 2626 1022 2688 iram
1045 2626 1278 2721 gravius
1303 2628 1677 2704 concitarim,
1698 2629 1853 2693 bone
1868 2631 2049 2693 Chri-

405 2721 520 2789 ste,
546 2712 859 2795 relinquis,
896 2722 961 2776 ut
979 2715 1235 2795 amplius
1294 2717 1609 2778 contrister
1646 2737 1821 2798 qnam
1852 2726 2045 2793 antea,

406 2801 644 2884 quando
675 2802 877 2864 anima
906 2820 1041 2864 mea
1070 2803 1365 2867 serviebat
1404 2805 1760 2869 turbulentis
1781 2808 2049 2869 atl‘ectio-

2134 1740 2336 1801 lucet?
2364 1740 2435 1802 Et
2466 1748 2659 1801 tamen
2685 1740 2816 1822 quis
2848 1740 3023 1819 lapis,
3082 1747 3143 1799 ut
3173 1757 3304 1817 ego,
3340 1738 3403 1798 in
3433 1737 3776 1799 nullaasti-

2134 1830 2397 1891 matione
2425 1830 2662 1909 penitus
2683 1832 2712 1891 ?
2740 1836 2831 1892 An
2882 1847 3025 1889 vero
3078 1846 3354 1906 agrorum
3383 1827 3644 1901 amissio,
3678 1835 3780 1887 aut

2134 1919 2383 1998 penuria
2412 1918 2700 1992 alimenti,
2738 1924 2838 1979 aut
2865 1916 3118 1980 defectio
3146 1915 3525 1976 viniomnino
3561 1924 3617 1976 te
3645 1915 3774 1975 dis-

2134 2006 2405 2071 cruciat?
2434 2007 2504 2069 Et
2532 2008 2663 2086 quis
2694 2006 2844 2067 alius
2904 2005 3212 2086 paradisus
3243 2012 3329 2064 est
3360 2004 3478 2065 mei
3506 2004 3718 2065 similis
3748 2003 3775 2065 ?

2133 2103 2231 2156 aut
2255 2096 2397 2176 quid
2426 2114 2534 2177 par
2555 2095 2776 2157 habent
2798 2096 2921 2156 hac
2944 2093 3248 2166 inferiora,
3278 2099 3335 2153 et
3353 2092 3575 2153 caduca
3597 2101 3769 2153 terra

2133 2184 2579 2257 mitium?Quis
2608 2192 2804 2245 autem
2862 2183 3031 2264 panis
3088 2182 3150 2242 in
3207 2182 3429 2243 mundo
3479 2181 3635 2258 talis,
3670 2192 3769 2244 aut

2133 2273 2290 2354 quod
2319 2273 2522 2335 vinum
2551 2272 2811 2334 conferri
2842 2278 3032 2352 potest
3062 2288 3193 2332 cum
3228 2271 3413 2347 gratia
3442 2289 3595 2345 mea,
3631 2290 3767 2332 cum

2132 2359 2331 2421 divino
2364 2361 2597 2440 spiritu,
2625 2379 2760 2421 cum
2791 2377 2942 2439 pane
2971 2359 3127 2430 vita,
3161 2377 3340 2439 quem
3372 2377 3478 2437 ego
3525 2360 3625 2433 do,
3652 2378 3782 2420 cor-

2132 2466 2240 2527 pus
2259 2449 2487 2511 scilicet
2509 2455 2569 2512 et
2596 2450 2947 2525 sanguinem
3008 2465 3234 2521 meum,
3265 2446 3428 2527 puris
3481 2448 3683 2522 corde,
3720 2456 3778 2508 et

2132 2536 2463 2600 indubitata
2484 2538 2623 2612 fide,
2639 2556 2776 2598 cum
2796 2539 3027 2611 timore,
3053 2542 3383 2597 ettremore
3402 2536 3772 2597 manducan-

2132 2624 2313 2701 tibus,
2337 2635 2395 2688 et
2417 2625 2758 2688 bibentibus
2780 2644 2894 2706 qua
2916 2625 3241 2698 intellectu,
3269 2644 3384 2705 qua
3410 2643 3589 2686 sensu
3607 2625 3777 2706 ‘?qua

2132 2712 2385 2789 delicia,
2406 2714 2561 2795 quod
2591 2713 2895 2793 gaudium,
2932 2731 3062 2794 qua
3084 2712 3295 2792 gloria,
3324 2732 3548 2793 quaso,
3581 2715 3772 2793 major

2132 2808 2191 2862 et
2219 2803 2279 2862 in
2308 2803 2507 2877 terris,
2561 2820 2735 2883 quam
2768 2821 2862 2864 me
2918 2802 3107 2862 solum
3167 2800 3411 2876 intueri,
3451 2820 3545 2862 me
3578 2802 3768 2863 solum

404 2887 583 2984 nibus
606 2895 636 2952 ?
656 2887 788 2984 Dic,
817 2896 877 2950 et
900 2888 1049 2984 doce
1070 2908 1169 2984 me
1189 2910 1347 2953 nunc
1370 2893 1664 2973 profunda
1677 2894 1907 2984 judicia
1926 2902 2044 2959 tua.
2067 2933 2107 2984 ο
2132 2907 2239 2969 per
2267 2891 2575 2984 speculum
2602 2891 2668 2984 in
2696 2891 3006 2984 anigmate
3028 2890 3469 2984 contemplari?
3497 2899 3555 2951 et
3574 2892 3764 2984 solum

403 2975 541 3059 Dic,
564 2985 624 3040 et
648 2995 725 3040 ne
752 2976 1066 3041 desteteris
1112 2979 1457 3060 loquentem
1507 3000 1624 3057 me,
1657 2983 1923 3062 quamvis
1953 2984 2046 3044 in-
2072 2975 2106 2984 ⁷
2131 2995 2280 3040 mea
2314 2979 2518 3058 gloria
2537 2979 2824 3058 fulgorem
2847 2978 3138 3058 aspicere,
3167 2995 3389 3058 perque
3408 2977 3597 3057 ipsum
3616 2978 3765 3054 hac,

405 3065 620 3144 dignus
659 3065 771 3128 sim
793 3065 895 3147 qui
920 3066 1153 3148 loquar,
1179 3079 1244 3129 tu
1265 3072 1363 3151 qui
1409 3070 1707 3151 quondam
1733 3090 1867 3132 cum
1900 3090 2047 3153 pec-

405 3153 726 3232 catoribus,
761 3161 823 3217 et
853 3153 1270 3218 meretricibus
1319 3160 1524 3239 epulas
1579 3158 1787 3234 iniisti,
1822 3168 1882 3223 et
1911 3179 2044 3222 cum

405 3241 589 3305 asotis
614 3259 684 3305 ac
720 3241 1059 3324 publicanis
1114 3244 1445 3310 coenavisti.
1478 3245 1570 3308 Ad
1601 3248 1727 3309 hac
1756 3245 2045 3311 Dominus

405 3347 577 3407 mens
605 3331 765 3394 hunc
795 3332 860 3394 in
888 3332 1132 3394 modum
1161 3334 1473 3415 respondit
1513 3353 1527 3398 :

484 3416 655 3483 Nosti
685 3419 1184 3503 quemadmodum
1215 3439 1323 3499 ego
1356 3432 1415 3484 te
1444 3440 1479 3484 e
1508 3422 1731 3485 mundo
1759 3441 1828 3484 ac
1856 3422 2045 3485 infan-

402 3515 524 3570 tem
550 3507 710 3570 inter
735 3507 907 3569 ulnas
927 3514 1293 3588 asportatum
1315 3511 1694 3589 gestaverim.
1715 3510 1837 3590 Ego
1860 3519 2046 3573 totum

401 3594 1059 3658 tefasciisinvolvebam
1082 3603 1142 3660 et
1194 3597 1346 3660 lacte
1387 3598 1746 3675 nutriebam,
1798 3600 1894 3661 cui
1914 3601 2050 3662 nul-

401 3684 496 3748 lus
524 3680 694 3747 cibus
753 3691 1047 3765 potusque
1101 3686 1435 3768 comparari
1492 3693 1726 3769 potest;
1757 3705 1857 3750 res
1890 3689 2051 3751 enim

403 3790 557 3845 mea,
579 3770 1000 3837 inscrutabiles
1031 3774 1301 3851 omnino,
1328 3782 1387 3837 et
1412 3774 1864 3855 inexplicabiles
1888 3786 2046 3838 sunt.

400 3860 733 3941 Podagogo
765 3868 825 3923 te
854 3861 1271 3925 commendavi
1305 3863 1448 3943 (scis
1477 3880 1653 3944 quem
1696 3862 1916 3944 dicam)
1949 3865 2051 3944 qui

402 3955 465 4012 te
490 3958 558 4011 ut
588 3966 831 4030 parvum
859 3967 1134 4030 puerum,
1168 3951 1230 4011 in
1254 3951 1433 4014 horas
1454 3958 1846 4015 crescentem.
1870 3971 2048 4014 cura-

399 4036 496 4100 vit
540 4036 809 4117 pulchre,
844 4046 904 4099 et
928 4044 995 4100 ut
1022 4037 1248 4112 decuit,
1284 4039 1576 4102 educavit.
1623 4038 1833 4103 Postea
1861 4040 2050 4103 factus

400 4141 467 4189 es
487 4124 775 4206 ephebus,
803 4125 949 4207 quin
993 4128 1171 4189 etiam
1220 4128 1686 4191 adolescentiam
1714 4144 1781 4189 es
1808 4128 2047 4207 ingres-

400 4230 527 4294 sus,
551 4231 748 4295 neque
773 4213 994 4295 nescis,
1022 4215 1320 4296 quomodo
1335 4234 1576 4297 semper
1599 4223 1792 4278 tecum
1807 4216 2045 4294 fuerlm,

2130 3073 2187 3129 et
2210 3066 2302 3129 his
2330 3067 2500 3148 plura
2526 3068 2751 3148 doceri,
2785 3075 2842 3129 et
2872 3085 2965 3128 me
2995 3068 3187 3128 Deum
3213 3084 3365 3140 esse,
3399 3065 3763 3128 conditorem

2128 3157 2395 3219 omnium
2434 3158 2693 3237 perfecte
2716 3159 2971 3230 scire,et
2992 3155 3351 3233 intelligere,
3385 3155 3683 3215 hominem
3708 3156 3770 3217 in

2128 3245 2259 3307 lacu
2290 3245 2757 3325 profundissimo
2789 3245 3122 3317 sedentem,
3169 3261 3401 3304 mecum
3433 3243 3493 3304 in
3522 3244 3773 3323 gratiam

2127 3333 2487 3415 restitutum,
2550 3345 2610 3395 et.
2664 3333 2795 3394 sine
2851 3331 3157 3394 intervallo
3209 3339 3272 3392 ut
3325 3332 3580 3393 amicum
3643 3352 3776 3395 cum

2130 3422 2319 3483 amico
2333 3422 2615 3502 colloqui,
2638 3420 3146 3483 mercenariorum
3170 3420 3379 3481 ordine
3410 3430 3773 3501 exemptum,

2131 3510 2333 3572 servili
2346 3510 2559 3571 timore
2582 3509 2858 3581 liberum,
2874 3508 3004 3569 sine
3018 3508 3217 3569 labore
3230 3508 3373 3568 mihi
3387 3509 3743 3570 servientem
3755 3560 3769 3585 ,

2131 3598 2412 3660 cbaritate
2469 3616 2562 3659 me
2607 3598 2925 3670 colentem,
2985 3596 3301 3657 obedentia
3359 3597 3768 3658 mandatorum

2132 3687 2592 3749 familiaritatem
2626 3704 2819 3748 meam
2851 3693 3228 3747 consecutum
3259 3684 3282 3745 ?

2212 3774 2542 3853 Agendam,
2578 3792 2696 3837 non
2727 3774 3007 3836 mercede
3038 3773 3183 3834 mihi
3215 3770 3623 3844 servientium,
3658 3792 3771 3835 nec

2132 3863 2432 3925 serviliter
2461 3862 2533 3923 ad
2569 3881 2663 3924 me
2678 3862 3062 3936 venientium,
3093 3862 3198 3922 sed
3220 3863 3562 3934 amicorum,
3586 3870 3641 3921 et
3665 3880 3774 3923 no-

2133 3960 2352 4025 torum,
2376 3970 2445 4012 ac
2474 3950 2733 4012 ﬁliorum
2767 3967 3036 4013 meorum
3060 3949 3326 4010 actiones
3348 3948 3551 4029 quales
3581 3950 3775 4012 solent

2131 4058 2288 4116 esse,
2322 4040 2537 4101 litteris
2566 4039 2849 4118 consigna
2873 4038 3156 4101 breviter.
3191 4037 3481 4101 Omnibus
3502 4040 3772 4100 mortali-

2130 4127 2239 4189 bus
2266 4128 2538 4190 viliorem
2558 4146 2622 4190 se
2651 4127 2896 4190 ducere.
2928 4130 3057 4189 Non
3116 4126 3435 4187 mundanis
3465 4128 3678 4209 solum,
3713 4139 3771 4190 et

2130 4216 2193 4278 in
2217 4217 2332 4278 vita
2361 4216 2642 4297 religipsa
2660 4215 3194 4289 commilitonibus,
3220 4216 3325 4276 sed
3350 4215 3527 4276 etiam
3560 4216 3769 4278 Ethni-

403 4310 603 4365 tecum
652 4302 1043 4379 accreverim,
1095 4311 1153 4365 te
1209 4305 1472 4386 undique
1522 4304 1792 4385 texerim,
1852 4308 2045 4386 quoad
2067 4306 2216 4387 Deis
2249 4307 2511 4386 pejorem
2543 4324 2608 4366 se
2638 4306 2929 4366 astimare
2960 4322 3026 4365 ex
3057 4306 3253 4365 animo
3284 4325 3300 4378 ;
3332 4323 3507 4365 unam
3544 4305 3773 4366 minimi

399 4390 716 4455 commode
746 4408 955 4453 omnes
984 4399 1223 4454 atatum
1254 4394 1471 4473 gradus
1511 4393 1843 4456 excessisti.
1877 4392 2045 4458 Nunc

398 4479 579 4560 igitur
604 4478 956 4546 adolescens
986 4498 1119 4543 esse
1147 4498 1283 4544 enm
1339 4482 1613 4557 desieris,
1643 4488 1702 4543 et
1727 4482 1817 4543 vir
1846 4484 2043 4562 perfe-

400 4573 553 4644 ctus,
575 4568 702 4648 jam
729 4566 804 4629 ad
834 4574 1204 4631 senectutem
1238 4569 1467 4643 tendas,
1500 4570 1798 4651 quomodo
1828 4572 2044 4633 etiam-

400 4675 546 4720 num
573 4663 638 4718 ut
667 4656 980 4738 puerulum
1011 4665 1070 4720 te
1099 4658 1255 4720 inter
1283 4659 1530 4721 brachia
1559 4660 1801 4740 gestari,
1831 4678 1899 4723 ac
1921 4662 2045 4723 cir-

401 4744 682 4809 cumferri
710 4743 972 4826 postulas
992 4746 1022 4804 τ
1040 4747 1335 4827 quomodo
1369 4747 1564 4809 denuo
1585 4748 1784 4809 fasciis
1804 4748 2044 4831 involvi,

401 4851 473 4897 ac
500 4834 689 4916 potari
746 4831 1103 4895 desideras?
1157 4834 1456 4915 quomodo
1510 4836 1661 4897 lacte
1690 4835 1953 4913 educari,
1990 4844 2049 4899 et

403 4921 514 4986 sub
542 4922 858 5003 padagogo
899 4920 1150 4984 vivere?
1198 4940 1419 5003 quaso,
1454 4942 1574 4985 non
1605 4923 1908 4986 erubescis
1935 4925 2048 4987 ista

402 5009 652 5073 dicere?
679 5008 830 5072 Cum
864 5016 926 5071 tu
954 5016 1185 5073 atatem
1214 5010 1446 5072 virilem
1474 5011 1681 5090 agites,
1706 5011 1839 5073 aliis
1861 5013 2044 5074 mini-

402 5103 547 5172 stra,
572 5095 718 5160 alios
745 5096 977 5176 educa;
1009 5116 1260 5179 quaque
1283 5098 1358 5160 ad
1385 5098 1649 5179 ipsorum
1695 5099 2043 5163 incremen-

402 5194 529 5257 tum
559 5186 884 5268 pertinent,
919 5185 1164 5266 provide
1212 5192 1275 5249 et
1327 5204 1470 5249 cura
1527 5187 1747 5249 omnia.
1780 5187 2045 5250 Inimicis

399 5274 640 5357 resiste,
670 5282 731 5338 et
789 5292 1104 5356 percussus
1152 5282 1422 5357 percute.
1478 5273 1782 5355 lntelligis,
1834 5277 2046 5357 opinor

401 5361 480 5428 de
505 5361 721 5445 quibus
765 5362 1027 5427 inimicis
1070 5364 1303 5445 loquar.
1362 5366 1682 5428 Instructas
1710 5364 2043 5427 damonum

400 5450 564 5515 acies
591 5450 826 5527 invade,
857 5460 918 5515 et
937 5452 1049 5515 feri
1070 5452 1219 5516 nihil
1240 5470 1446 5535 parcas
1475 5475 1492 5528 ;
1525 5458 1745 5516 eadens
1772 5470 2038 5533 resurge,

398 5545 465 5604 et
487 5538 713 5606 affatim
740 5539 862 5605 tela
887 5547 1095 5605 contra
1120 5540 1595 5607 adversariorum
1624 5541 1742 5606 tela
1768 5542 2036 5606 remitte:

2130 4394 2388 4455 mandati
2436 4412 2673 4473 parvam
2728 4392 3288 4471 transgressionem,
3348 4393 3482 4453 vita
3541 4401 3775 4455 aterna

2127 4482 2505 4544 amissionem
2532 4500 2663 4543 esse
2681 4481 2992 4551 arbitrari;
3021 4498 3228 4560 parvos
3254 4498 3491 4561 pueros,
3520 4501 3637 4543 non
3674 4502 3771 4544 se-

2128 4588 2254 4651 cus,
2286 4589 2463 4649 quam
2493 4570 2788 4632 constanti
2840 4578 3009 4631 atate
3058 4569 3227 4629 viros‘
3269 4569 3511 4643 intueri,
3548 4578 3605 4630 et
3638 4580 3770 4631 tan-

2126 4677 2300 4738 quam
2331 4659 2650 4720 honoratos
2674 4658 2947 4719 venerari
2976 4676 3043 4719 ac
3067 4658 3325 4719 revereri
3357 4677 3372 4733 ;
3405 4658 3579 4719 cacis
3627 4660 3765 4720 item

2127 4747 2414 4808 honorem
2442 4746 2703 4808 tribuere
2727 4765 2748 4823 ;
2772 4754 2976 4825 utpote
3000 4765 3093 4806 me
3115 4746 3187 4807 ab
3218 4748 3334 4807 alto
3359 4745 3562 4807 omnia
3585 4747 3774 4807 homi-

2128 4854 2269 4895 num
2300 4835 2452 4895 facta
2480 4834 2855 4914 inspiciente.
2877 4836 3015 4896 Hac
3036 4853 3271 4915 quoque
3293 4835 3487 4895 facere
3534 4842 3775 4915 propter

2130 4941 2245 4997 me,
2281 4942 2413 5004 qua
2442 4922 2690 5003 perinde
2713 4922 3026 4984 conscribe
3052 4945 3065 4983 :
3088 4923 3216 4984 Non
3237 4922 3457 4985 habere
3484 4923 3770 4984 adversus

2127 5011 2468 5092 quempiam
2499 5029 2741 5091 prorsus
2773 5012 2834 5072 in
2864 5011 3046 5072 corde
3101 5013 3191 5073 vel
3226 5020 3463 5073 tenuem
3496 5030 3768 5072 commo-

2128 5100 2374 5162 tionem.
2400 5103 2502 5162 aut
2524 5100 2711 5161 levem
2731 5099 3133 5180 suspicionem
3163 5123 3178 5179 ;
3205 5108 3325 5161 toto
3347 5099 3544 5162 animo
3568 5118 3778 5179 preca-

2124 5187 2317 5249 tiones
2347 5186 2514 5249 obire
2543 5206 2679 5249 cum
2710 5187 2915 5249 dolore
2976 5187 3213 5263 cordis;
3266 5208 3336 5249 ex
3377 5188 3771 5249 commisera-

2124 5275 2285 5338 tione
2314 5294 2520 5338 omnes
2550 5276 2611 5336 in
2642 5286 2701 5338 te
2732 5284 3068 5356 peccantes,
3101 5276 3378 5338 similiter
3408 5284 3466 5337 et
3493 5295 3589 5337 me
3629 5295 3775 5356 per-

2122 5363 2265 5427 inde
2293 5363 2665 5426 otfendentes
2723 5381 2895 5425 orare
2950 5382 3087 5425 cum
3119 5365 3415 5445 lacrymis,
3456 5373 3521 5425 ut
3571 5364 3642 5426 ab
3676 5365 3773 5427 his

2123 5459 2583 5528 convertantur;
2617 5450 2974 5514 benedicere
2998 5452 3520 5529 maledicentibus,
3558 5460 3615 5515 et
3645 5453 3773 5514 lau-

2121 5542 2264 5605 dare
2290 5559 2361 5604 ex
2389 5539 2612 5603 invidia
2639 5539 3071 5615 conviciantes;
3104 5548 3163 5605 et
3195 5543 3567 5605 incommoda
3590 5542 3767 5604 inve-
