4112 6106
300 279 413 346 569

1432 276 1871 341 DIVINORUM
1913 276 2240 338 AMORUM
2282 271 2531 337 LIBER.

3564 266 3683 335 570

304 416 539 495 hentes,
560 414 622 475 in
646 411 1169 477 benemerantibus
1189 426 1541 473 numerare:
1575 408 1950 470 refractarios
1971 414 2013 463 Α
2032 403 2136 495 qui
2164 404 2524 469 Voluntatem
2544 422 2709 466 suam
2733 423 2847 495 non
2871 404 3052 479 exuit,
3081 412 3136 466 et
3159 405 3516 495 voluntatem
3547 409 3678 488 ejus

306 510 526 579 autem,
577 520 691 564 nec
749 500 855 563 tibi
907 500 1409 580 obtemperantes,
1469 498 1709 560 omnino
1768 503 1832 557 ut
1862 512 1958 556 me

306 592 570 672 ipsorum
601 590 918 653 Dominum
948 596 1251 667 negantes,
1278 587 1610 663 lamentari,
1645 594 1706 649 et
1734 585 1956 646 deﬂere

306 680 573 754 assiduo,
600 697 708 741 nec
762 697 864 741 eos
908 676 1271 739 admonendi
1330 678 1510 739 finem
1570 677 1804 737 facere:
1843 673 1959 747 Qui

307 771 470 831 enim
499 786 599 831 vos
626 768 906 848 suscipit,
959 766 1103 839 dixi,
1159 783 1253 827 me
1299 766 1604 846 suscepit:
1638 772 1698 827 et
1726 764 1957 841 quieos

305 856 499 931 audit,
538 873 789 936 prorsus
827 872 925 917 me
965 855 1237 917 audit“.
1266 853 1375 926 Qui
1404 872 1543 915 vero
1569 852 1748 916 verba
1767 857 1960 913 vestra

306 945 863 1024 admonitionesque
892 962 1009 1005 non
1041 962 1175 1005 cum
1226 942 1437 1004 timore
1489 942 1765 1014 admittit,
1801 948 1859 1001 et
1886 939 1960 1000 iis

309 1051 500 1114 usque
530 1034 603 1094 ad
661 1040 909 1093 mortem
971 1031 1343 1112 obsequitur,
1408 1049 1527 1091 non
1587 1040 1675 1091 est
1730 1030 1960 1090 futuros

309 1132 548 1182 aeternae
601 1120 804 1199 gloriae
860 1138 1007 1181 meae
1058 1120 1392 1199 particeps:
1455 1137 1575 1180 non
1647 1116 1963 1179 collabitur

312 1227 569 1281 mecum,
601 1209 701 1288 qui
747 1226 986 1269 crucem
1045 1208 1306 1287 pertulit,
1366 1216 1424 1267 et
1478 1206 1641 1268 Patri
1672 1224 1859 1286 usque
1887 1205 1957 1266 ad

313 1305 565 1360 mortem
591 1297 879 1359 obediens
901 1296 984 1357 fui
1012 1318 1025 1357 :
1053 1315 1172 1358 non
1202 1304 1492 1361 statuetur
1522 1296 1595 1357 ad
1629 1296 1956 1374 dexteram,

312 1404 432 1446 non
463 1384 577 1446 erit
594 1386 858 1446 cohaeres
880 1402 1084 1445 eorum
1117 1385 1217 1465 qui
1251 1386 1481 1465 seipsos
1513 1385 1957 1446 crucifixerunt.

309 1474 393 1536 De
423 1483 659 1549 caetero,
693 1492 770 1536 ne
798 1491 998 1535 cesses
1054 1474 1402 1548 admonere,
1454 1492 1529 1535 ne
1557 1473 1797 1536 desinas
1826 1473 1958 1552 plo-

305 1582 462 1632 rare,
500 1582 577 1625 ne
604 1562 958 1624 intermittas
987 1562 1252 1642 ipsorum
1295 1562 1550 1625 salutem
1598 1562 1953 1641 exquirere:

2040 493 2138 573 qui
2169 510 2482 573 personam
2515 500 2673 556 tuam
2722 493 2902 555 refert
2946 512 3013 555 ac
3061 494 3336 571 sustinet,
3397 504 3461 558 ut
3492 504 3676 571 tuam,

2039 583 2137 661 qui
2166 581 2455 643 Dominus
2477 602 2562 664 es,
2596 583 2657 643 in
2678 583 2873 644 studio
2906 582 3019 643 sibi
3076 602 3192 643 non
3244 585 3468 664 posuit,
3502 593 3561 646 et
3580 585 3679 645 iu-

2041 680 2203 748 tegre
2234 689 2350 731 non
2378 671 2716 747 custodivit,
2749 681 2809 732 ut
2858 678 2918 732 tu
2965 670 3094 752 ipse
3152 671 3337 734 Patris
3369 673 3453 733 tui
3481 673 3683 736 volun-

2039 767 2215 821 tatem
2243 760 2633 839 custodivizti,
2671 762 2938 822 cohmres
2969 769 3027 822 et
3055 778 3301 823 consors
3352 768 3487 823 tuus
3518 762 3629 823 erit
3649 762 3683 823 ?-

2041 849 2365 928 praesertim
2396 867 2527 909 cum
2593 849 2904 929 pepigi-rit,
2965 849 3226 930 quandiu
3287 850 3676 930 superaverit,

2042 954 2343 1017 nunquam
2401 956 2522 998 suae
2578 937 2764 1016 ipsius
2822 938 3101 999 voluntati
3158 938 3527 1018 periturum:
3567 957 3679 999 non

2041 1025 2413 1087 adhaesuram
2440 1026 2707 1104 sanguini
2740 1046 2855 1087 non
2908 1045 3143 1088 carnem
3192 1027 3587 1107 praelaturum,
3622 1028 3679 1087 id

2042 1121 2151 1186 est,
2185 1113 2623 1195 cogitationem,
2672 1123 2729 1175 et
2787 1115 3082 1175 vinculum
3143 1124 3386 1189 natura},
3420 1134 3680 1177 amorem

2043 1200 2210 1262 illum
2246 1204 2593 1278 naturalem,
2630 1204 2731 1284 qui
2764 1205 2824 1264 in
2856 1206 2964 1265 hac
3024 1205 3134 1266 vita
3168 1206 3439 1266 homines
3468 1206 3683 1267 iterum

2043 1309 2175 1350 cum
2209 1290 2282 1351 iis
2312 1292 2567 1370 colligat,
2629 1312 2761 1372 quae
2801 1292 3245 1374 abdicaverunt,
3280 1313 3500 1376 eosque
3531 1303 3684 1357 totos

2043 1377 2114 1439 ad
2149 1398 2217 1439 ea
2246 1399 2379 1459 quae
2398 1388 2554 1441 retro
2588 1390 2745 1452 sunt,
2777 1382 3088 1444 convertit.

2123 1472 2407 1548 Martyres
2466 1470 2837 1532 clamarunt:
2901 1470 3058 1532 Vere
3108 1473 3332 1550 justum
3361 1473 3678 1551 judicium.

2044 1554 2209 1618 Sicut
2238 1559 2399 1620 enim
2450 1559 2552 1638 qui
2602 1560 2672 1621 a-l
2732 1561 3147 1640 perferendum
3181 1562 3520 1641 martyrium
3553 1565 3681 1623 ala-

308 1659 373 1711 nt
402 1651 454 1712 si
484 1658 540 1712 te
568 1651 889 1723 audierint,
944 1660 1001 1710 et
1029 1649 1308 1711 conversi
1330 1650 1571 1723 fuerint,
1606 1650 1827 1711 habeas
1858 1666 1958 1709 eos
1984 1722 2014 1732 η
2043 1646 2226 1708 criter
2254 1666 2319 1709 se
2375 1648 2608 1721 obtulit,
2666 1648 3020 1710 adeuntibus
3075 1669 3140 1711 se
3197 1652 3678 1732 consanguineis,

312 1748 592 1821 tanquam
622 1722 882 1816 fratres,
920 1740 1180 1801 lucratus
1234 1738 1499 1800 membra
1537 1722 1657 1812 tua,
1694 1738 1955 1817 mihique
1981 1722 2017 1770 Β
2042 1754 2222 1796 uxore
2252 1744 2309 1797 et
2339 1737 2545 1798 liberis
2594 1756 2727 1798 cum
2787 1738 3129 1815 hujusmodi
3178 1722 3592 1819 querimoniis,
3628 1722 3688 1803 et

312 1836 378 1889 ut
410 1846 748 1909 germanos,
783 1837 839 1890 et
866 1828 1189 1905 morigeros
1221 1828 1457 1901 offeras,
1506 1834 1569 1888 ut
1597 1835 1653 1887 et
1686 1846 1791 1903 ego
1823 1825 1957 1885 illos
2039 1825 2345 1887 lamentis:
2369 1825 2495 1886 Non
2523 1829 2738 1887 misere
2754 1826 2836 1886 ris
2851 1827 3107 1888 filiorum
3128 1827 3498 1904 ?Oimmitis,
3530 1830 3682 1894 nihil

310 1917 655 1996 suscipiam,
689 1934 791 1996 per
825 1925 902 1991 te,
938 1923 994 1977 et
1052 1915 1379 1994 glorificem
1459 1925 1519 1977 et
1574 1925 1769 1976 tecum
1802 1912 1956 1974 Patri
2041 1918 2097 1969 te
2112 1919 2303 1972 movet
2325 1912 2581 1974 viduitas
2599 1913 2901 1992 conjugis!
2932 1933 3047 1974 non
3079 1934 3282 1977 eorum
3302 1919 3683 1980 mendicitate

310 2023 445 2066 meo
475 2005 537 2065 in
568 2005 837 2067 muneris
894 2005 1022 2066 loco
1054 2005 1290 2065 donem.
1359 2003 1420 2065 Si
1468 2003 1790 2065 voluntates
1818 2020 1956 2063 suas
2039 1998 2127 2087 ad,
2171 2001 2744 2062 commiseratiourm
2805 2003 3185 2064 inﬂecteris?
3243 2024 3359 2066 non
3418 2006 3680 2087 ipsorum

307 2112 429 2154 non
452 2093 910 2171 abnegaverint;
944 2092 993 2153 si
1014 2093 1241 2154 animas
1263 2111 1401 2154 suas
1422 2111 1542 2153 non
1566 2102 1945 2171 contempse-
2041 2086 2281 2149 exitium
2313 2090 2533 2167 cogitas
2566 2099 2621 2151 et
2652 2092 2987 2152 emollescis
3011 2091 3041 2151 ‘?
3071 2092 3302 2169 Ergone
3337 2086 3681 2175 relinquens

306 2181 452 2256 rint,
488 2191 550 2242 ut
572 2182 694 2243 dixi
727 2200 743 2258 ;
775 2183 825 2243 si
854 2181 1248 2243 voluntatibus
1270 2181 1392 2242 suis
1438 2181 1655 2241 mortui
1678 2199 1795 2241 non
1828 2180 1948 2240 fue-
2035 2194 2279 2268 uxorem
2313 2178 2570 2258 viduam,
2605 2179 2913 2268 ipsamque
2969 2189 3028 2241 et
3084 2182 3301 2243 liberos
3357 2186 3680 2268 orphanos,

305 2269 449 2345 rint,
485 2279 543 2331 et
570 2269 747 2332 vitam
775 2290 843 2333 ac
874 2289 1070 2332 mores
1097 2276 1259 2339 Esuos
1308 2270 1380 2331 ad
1410 2277 1569 2331 tuam
1598 2269 1953 2330 voluntatem
2039 2266 2383 2345 peregrinos
2414 2275 2473 2328 et
2504 2267 2719 2328 mendis
2744 2287 2831 2349 os,
2890 2269 3141 2347 teipsum
3200 2272 3389 2332 Stilum
3448 2266 3685 2335 servare

310 2377 434 2421 non
456 2358 991 2429 accomodaverint,
1024 2377 1129 2438 per
1158 2367 1316 2420 tuam
1349 2358 1704 2420 voluntatem
1757 2375 1953 2419 meam
2041 2355 2228 2414 mavis
2256 2354 2600 2435 ?quomodo
2632 2374 2748 2416 non
2772 2358 2958 2435 magis
2983 2377 3087 2438 pro
3112 2359 3408 2421 homicida
3431 2361 3675 2422 damna-

308 2447 638 2528 explentes,
673 2456 735 2509 tu
766 2450 1103 2510 mercedem
1165 2456 1319 2508 tuam
1350 2447 1509 2508 haud
1558 2447 1814 2519 amittes,
1853 2463 1964 2507 nec

308 2554 382 2599 ea
409 2535 803 2616 spoliaberis;
840 2536 981 2617 quin
1005 2554 1110 2617 pro
1135 2535 1391 2616 simplici
1447 2552 1554 2615 ego
1585 2535 1693 2596 tibi
1723 2534 1963 2612 duplam

309 2624 661 2705 rependam,
695 2625 851 2705 quod
880 2625 1148 2706 quamvis
1170 2643 1285 2685 non
1314 2625 1610 2699 audirere,
1633 2632 1961 2685 nontamen

310 2713 476 2793 loqui
505 2713 829 2787 destiteris,
860 2722 919 2775 et
977 2714 1173 2794 potius
1228 2713 1387 2788 odia,
1447 2713 1867 2787 alienationes,
1907 2723 1964 2775 et

310 2800 746 2864 exsecrationes
771 2819 975 2863 eorum
1036 2800 1321 2876 subieris,
1372 2801 1869 2881 quemadmodum
1905 2805 1964 2861 et

308 2907 418 2969 ego
448 2889 591 2951 olim
622 2890 758 2952 odio
787 2890 893 2966 fui,
927 2898 984 2953 et
1014 2909 1172 2951 nunc
1202 2908 1332 2951 sum
1365 2909 1474 2971 per
1502 2890 1644 2951 istos
1672 2888 1956 2951 istorum-

308 2995 431 3059 que
462 2978 717 3043 similes.

395 3070 512 3131 Per
567 3085 749 3149 opera
792 3068 1130 3148 hujusmodi
1185 3068 1300 3130 coli
1357 3068 1508 3128 volo.
1567 3070 1680 3129 Per
1737 3068 1871 3129 talia
1905 3077 1963 3129 et

314 3155 534 3217 similia
550 3156 1075 3237 mihieomplacere
1094 3157 1264 3218 stude
1297 3174 1565 3235 :semper
1588 3157 1682 3217 his
1709 3174 1961 3236 namque

315 3244 703 3307 vehementer
730 3246 920 3309 laetor.
954 3247 1044 3308 Ne
1101 3245 1272 3305 malis
1332 3245 1527 3319 otiari,
1588 3264 1697 3306 nec
1727 3246 1961 3309 utilitati

308 3333 528 3395 anima;
568 3342 680 3397 tua;
708 3334 1026 3415 quidquam
1058 3334 1116 3394 in
1150 3333 1370 3394 mundo
1428 3333 1547 3393 ullo
1600 3333 1774 3395 modo
1805 3353 1960 3412 prae-

304 3422 485 3486 feras.
519 3422 704 3495 Quem
734 3423 892 3484 enim
950 3424 1202 3484 fructum
1250 3422 1593 3501 reportabit,
1648 3423 1745 3503 qui
1782 3442 1958 3483 mun-

306 3512 451 3573 dum
485 3513 764 3592 lucratur,
799 3522 898 3573 aut
928 3529 1135 3571 omnes
1194 3511 1293 3591 qui
1327 3511 1384 3569 in
1446 3530 1515 3570 eo
1575 3512 1954 3585 sunterudit,

307 3617 381 3661 ac
409 3600 608 3675 docet,
642 3609 700 3662 et
728 3601 1036 3662 universos
1065 3600 1269 3671 salvat,
1304 3600 1353 3661 si
1415 3618 1534 3660 non
1592 3608 1649 3660 et
1680 3601 1808 3677 ipse
1838 3601 1959 3661 sal-

314 3688 664 3752 vabitur39?
715 3689 857 3762 Quis
905 3689 1086 3766 igitur
1138 3689 1238 3748 ille
1298 3696 1406 3760 est,
1469 3696 1567 3747 aut
1621 3706 1735 3768 quo
1768 3698 1956 3767 pacto,

316 3777 526 3855 miser,
558 3778 705 3839 alios
732 3777 983 3843 salvans,
1035 3775 1292 3835 animam
1342 3794 1506 3835 suam
1547 3794 1661 3834 non
1688 3775 1955 3843 salvabi',

312 3869 419 3925 Sed
455 3867 664 3947 perdet
692 3866 717 3927 Υ
745 3865 856 3938 Qui
885 3864 1059 3925 solvit
1114 3864 1450 3924 mandatum
1481 3882 1663 3923 unum
1727 3863 1960 3927 Domini

312 3957 606 4035 omnium,
640 3962 697 4016 et
726 3952 1158 4035 quodammodo
1188 3951 1381 4031 ipsum
1415 3951 1820 4012 conculcando
1858 3951 1957 4011 in-

314 4044 496 4119 cedit,
525 4053 580 4103 et
602 4043 759 4120 leges
781 4059 940 4102 meas
961 4039 1408 4118 transgreditur,
1432 4040 1659 4118 etjussa
1685 4040 1954 4099 transilit.

2045 2442 2226 2511 beris,
2263 2444 2503 2525 quando
2535 2463 2642 2505 nos
2700 2464 2908 2507 omnes
2969 2447 3305 2527 perdendos
3338 2450 3587 2525 deseris,
3626 2458 3683 2512 et

2044 2532 2301 2594 animam
2338 2541 2495 2595 tuam
2528 2535 2711 2595 solam
2744 2535 2967 2596 salvare
3010 2537 3244 2598 conaris
3271 2558 3286 2613 ;
3310 2538 3381 2603 si.
3409 2539 3676 2618 inquam,

2044 2640 2176 2681 cum
2235 2622 2447 2684 talibus
2517 2624 3042 2687 lamentationibus
3124 2626 3379 2695 veniant,
3437 2629 3681 2689 omnino

2045 2727 2254 2771 eorum
2288 2729 2480 2784 voces,
2517 2730 2629 2772 nec
2658 2712 2727 2772 ad
2762 2720 3039 2792 punctum
3074 2715 3356 2795 temporis
3386 2717 3683 2780 sustinere

2044 2797 2258 2869 debet;
2285 2818 2391 2860 nec.
2415 2816 2587 2860 aures
2609 2800 2725 2861 illis
2746 2802 3034 2862 tantillum
3064 2805 3442 2866 commodare
3471 2814 3529 2866 et
3558 2805 3684 2867 sive

2042 2887 2237 2960 donis,
2271 2906 2338 2949 ac
2370 2889 2558 2967 pretio
2590 2888 2849 2961 vincula,
2884 2909 3303 2972 carceremque
3340 2894 3680 2969 dimittere;

1975 3001 2014 3049 ο
2041 2976 2166 3036 sive
2189 2986 2266 3057 te,
2289 2977 2545 3051 Christe,
2571 2988 2779 3056 negato
2801 2980 2872 3039 ab
2903 2980 2995 3039 his
3023 2979 3261 3041 liberari
3291 3002 3305 3056 ;
3335 2984 3439 3044 sed
3475 2992 3535 3044 ut
3558 2984 3680 3064 jam

2045 3076 2330 3138 mortuus,
2366 3076 2631 3145 perstare
2671 3067 2729 3126 in
2778 3067 3163 3147 cruciatibus,
3215 3089 3594 3149 perseverare
3622 3073 3683 3132 in

2044 3153 2331 3232 custodia,
2361 3155 2682 3233 perdurare
2708 3158 2762 3215 in
2820 3159 2971 3217 fame
2996 3166 3054 3217 et
3076 3158 3195 3232 siti,
3231 3177 3426 3220 rerum
3451 3178 3519 3221 ac
3541 3179 3680 3240 pos-

2044 3242 2374 3302 sessionum
2406 3262 2643 3304 suarum
2678 3247 3032 3321 immemor;
3096 3256 3174 3319 et,
3238 3249 3285 3306 si
3316 3248 3442 3309 fieri
3477 3249 3680 3328 possit,

2045 3348 2155 3391 nec
2215 3330 2372 3394 aliud
2432 3331 2731 3412 quidpiam
2796 3342 2958 3394 extra
3014 3335 3340 3396 custodiam
3400 3337 3683 3415 cogitans,

2043 3422 2219 3482 etiam
2250 3421 2411 3482 velut
2441 3441 2548 3501 per
2584 3431 2958 3483 transennam
2992 3442 3006 3498 ;
3039 3425 3143 3485 sed
3173 3426 3244 3485 ad
3272 3433 3327 3486 te
3358 3427 3683 3506 respicere,

2043 3509 2294 3571 Domine
2324 3509 2756 3585 universorum,
2785 3519 2841 3571 et
2871 3520 3130 3572 mentem
3160 3532 3327 3575 suam
3354 3515 3412 3573 in
3450 3523 3504 3575 te
3534 3534 3684 3577 con-

2049 3599 2392 3678 templando
2424 3600 2684 3677 deﬁgere
2715 3611 3023 3680 perpetuo,
3084 3610 3259 3681 atque
3288 3603 3367 3663 ita
3395 3621 3581 3683 usque
3610 3605 3683 3664 ad

2047 3699 2295 3748 mortem
2329 3689 2454 3749 solo
2486 3690 2568 3749 tui
2599 3708 2800 3750 amore
2859 3690 3003 3749 dura
3034 3690 3295 3769 perpeti:
3332 3709 3449 3751 nec
3479 3710 3688 3755 curare

2046 3777 2248 3849 debet,
2284 3777 2330 3836 si
2364 3778 2463 3856 qui
2500 3778 2825 3849 declinent,
2862 3778 2908 3838 si
2941 3779 3074 3857 quis
3136 3786 3355 3855 negent
3413 3788 3494 3859 te,
3527 3787 3587 3841 et
3611 3781 3684 3841 ad
3776 3792 3779 3793 '

2047 3866 2301 3942 priorem
2332 3865 2613 3925 vomitum
2648 3874 3038 3937 revertantur,
3072 3866 3142 3926 ad
3187 3866 3452 3951 actiones
3483 3869 3686 3947 pristi—

2045 3971 2171 4026 nas,
2205 3955 2275 4014 ad
2310 3953 2745 4016 sollicitudines
2797 3964 3191 4026 terrenarum,
3252 3963 3310 4014 et
3368 3957 3585 4028 uxoris,
3615 3975 3684 4018 ac

2042 4041 2339 4115 ﬁliorum;
2372 4059 2483 4104 nec
2517 4042 2635 4103 ullo
2672 4049 2959 4117 praetextu
2991 4042 3062 4101 iis
3091 4042 3325 4121 illigari,
3363 4063 3475 4103 non
3524 4045 3685 4107 enim

310 4132 427 4206 Qui
452 4140 616 4195 extra
639 4130 864 4193 caulam
922 4137 979 4189 et
1033 4136 1200 4208 septa
1246 4127 1652 4188 mandatorum
1689 4145 1958 4189 meorum
2042 4130 2292 4209 amplius
2321 4133 2531 4191 animm
2580 4149 2699 4191 suae
2760 4130 3043 4191 Dominus
3098 4139 3208 4192 est.
3266 4130 3462 4203 Quare
3515 4152 3683 4194 com-

312 4241 451 4283 cum
481 4220 577 4294 sit,
627 4220 678 4281 si
711 4236 922 4280 omnes
980 4217 1279 4291 mortales,
1341 4224 1642 4296 totumque
1675 4216 1957 4277 mundum
1981 4239 2024 4286 ι)
2046 4219 2247 4298 plures
2269 4218 2479 4279 servit:
2512 4220 2550 4287 i,
2578 4217 2916 4280 carceribus
2938 4218 3041 4279 abs
3074 4226 3130 4280 te
3182 4222 3425 4302 apertis,
3475 4223 3681 4284 vincu-

311 4310 641 4378 salvaverit,
676 4306 1070 4385 mihiignotus
1093 4315 1148 4365 et
1174 4304 1544 4383 peregrinus,
1573 4315 1629 4366 et
1650 4305 1723 4365 ab
1755 4305 1961 4366 ovibus
2047 4307 2232 4386 lisque
2266 4325 2580 4387 corporum
2609 4308 2779 4388 plane
2803 4308 3031 4380 s-oletis,
3060 4309 3221 4369 exire
3239 4330 3303 4369 ac.
3327 4311 3527 4390 fugere
3553 4331 3686 4372 om-

315 4399 468 4461 meis
502 4396 930 4459 remotissimus
961 4394 1095 4456 erit.
1148 4393 1403 4454 Maxime
1452 4403 1671 4473 autem,
1700 4393 1835 4473 quia
1868 4413 1960 4453 se-

312 4507 452 4569 pem
512 4488 693 4548 raulaa
745 4484 996 4565 ruperit,
1056 4491 1113 4543 et
1169 4482 1377 4542 ovibus
1435 4482 1677 4542 aliunde
1707 4482 1957 4556 exitum,

312 4595 488 4657 quam
522 4593 627 4655 per
638 4575 904 4654 januam,
934 4570 1310 4633 etintroitum
1335 4570 1499 4649 iniqu
1551 4589 1605 4629 m
1638 4569 1779 4629 feris
1805 4580 1963 4649 pate-

305 4664 539 4737 fecerit,
594 4662 885 4743 judicium
960 4658 1222 4721 severius
1306 4677 1479 4738 quam
1566 4657 1685 4719 dici
1742 4668 1954 4739 potest,

312 4760 556 4833 propter
582 4770 717 4813 oves
747 4748 1084 4827 sustinebit,
1118 4756 1175 4808 et
1234 4747 1551 4814 dividetur,
1588 4756 1960 4826 tartareoque

309 4841 434 4921 igni
468 4840 733 4914 traditus,
770 4856 907 4899 esca
929 4837 1215 4898 vermium
1239 4836 1351 4897 erit
1372 4836 1933 4896 homomiserrunus

310 4930 437 4992 Hoc
467 4928 623 4990 enim
652 4927 796 4989 dixit
828 4929 999 4989 Pater
1030 4943 1135 5004 per
1167 4924 1402 4985 Filium.
1461 4933 1518 4986 et
1548 4924 1823 5003 Spiritus,
1859 4925 1959 5003 qui

310 5026 400 5082 est
431 5036 533 5079 eos
558 5015 814 5090 Domini,
849 5015 1076 5076 locutus
1099 5025 1230 5087 est,
1258 5014 1452 5092 angeli
1476 5016 1712 5074 VOClllUS
1734 5012 1956 5072 indesi-

308 5107 588 5169 nentibus
644 5105 1064 5186 approbarent,
1136 5102 1282 5183 justi
1364 5102 1613 5163 audiens
1669 5101 1957 5163 calculum

306 5196 680 5277 adjecerunt,
733 5194 1168 5271 dixeruntque:
1232 5194 1638 5272 lncorruptum
1665 5190 1961 5270 judicium

309 5294 494 5357 tuum,
530 5303 649 5345 non
681 5295 957 5361 suSpecta
991 5281 1310 5358 sententia,
1360 5282 1506 5343 citra
1558 5281 1831 5341 affectum
1859 5279 1962 5357 ju-

306 5372 519 5435 dicasti
570 5373 726 5435 Deus
784 5369 1361 5432 misericordissima.
1432 5372 1742 5444 Quomodo
1778 5368 1961 5441 enim,

382 5543 447 5594 38
473 5542 618 5605 Luc.
654 5561 715 5615 Χ.
759 5540 851 5604 16.
936 5537 1003 5589 39
1030 5538 1235 5601 Matth.
1268 5557 1389 5622 xvr,
1422 5542 1520 5602 26.

2044 4395 2186 4454 nino
2219 4396 2570 4456 noluerunt:
2608 4398 2709 4458 sed
2746 4406 2807 4457 ut
2863 4409 3049 4477 erant,
3111 4400 3285 4459 vincti
3322 4412 3682 4464 manserunt.

2047 4483 2143 4545 Sic
2173 4484 2350 4561 igitur
2380 4493 2434 4545 et
2466 4487 2562 4564 qui
2594 4505 2750 4545 nunc
2804 4486 2864 4546 in
2924 4487 3143 4547 munzlo
3198 4499 3355 4561 sunt,
3389 4491 3687 4552 voluntate

2048 4590 2154 4631 sua
2186 4572 2478 4652 imprimis
2510 4581 2565 4634 et
2594 4592 2731 4634 anse
2790 4575 2987 4635 omnia
3054 4576 3272 4636 nullam
3334 4579 3564 4656 penitus
3593 4579 3685 4639 sui

2046 4658 2224 4719 habet
2278 4668 2645 4738 potestatem.
2700 4661 2813 4723 Sed
2849 4663 3112 4741 quamvis
3169 4684 3202 4725 a
3261 4665 3587 4745 prazpositis
3618 4684 3688 4727 ea

2046 4749 2128 4807 nii
2165 4768 2279 4808 non
2331 4750 2779 4829 prohibeantur,
2833 4764 3066 4812 servent
3102 4764 3292 4813 tamen
3327 4764 3492 4832 pacta
3540 4773 3685 4813 con-

2042 4848 2214 4896 venta
2246 4844 2435 4896 tecum
2471 4856 2715 4899 necesse
2732 4848 2818 4899 est
2864 4839 2989 4900 Non
3015 4842 3172 4901 enim
3197 4840 3558 4906 hominibus,
3580 4842 3685 4901 sed

2046 4923 2162 4984 Dei
2198 4926 2437 5005 polliciti
2461 4936 2599 4987 sunt
2649 4946 2712 4985 se
2743 4928 3140 4989 obedientiam
3170 4939 3228 4989 et
3256 4930 3685 5007 subjectionem

2047 5034 2079 5092 p
2118 5014 2402 5093 repositis,
2436 5025 2494 5075 et
2550 5015 2828 5076 omnibus
2882 5017 3180 5091 fratribus,
3242 5017 3593 5096 quibuscum
3626 5020 3686 5075 in

2047 5103 2405 5163 monastcria
2435 5104 2711 5182 religiosa
2743 5104 3006 5165 instituta
3062 5113 3519 5184 persequuntur,
3551 5121 3684 5164 ser-

2044 5197 2296 5251 vaturos.
2328 5190 2554 5253 Idcirco
2581 5194 3022 5265 monasterium,
3055 5201 3117 5253 ut
3146 5192 3396 5252 insulam
3429 5192 3686 5272 aliquam

2047 5279 2229 5340 Solam
2266 5280 2327 5341 in
2361 5283 2556 5342 medio
2592 5284 2737 5343 mari
2768 5281 3101 5343 inhabitare
3126 5280 3367 5353 debent,
3400 5299 3468 5341 ac
3497 5289 3684 5341 totum

2051 5369 2335 5433 mundum
2368 5370 2479 5433 sibi
2513 5370 2757 5434 omnino
2817 5368 3167 5453 impervium
3221 5385 3350 5429 esse
3383 5367 3682 5442 arbitrari,
