  <div class='ocr_page' id='page_1' title='image "/cluster/home/n/w/nwhite01/storage/ocr_20150623/120/mdp.39015008866736/291.png"; bbox 0 0 4054 6114; ppageno 0'>
   <div class='ocr_carea' id='block_1_1' title="bbox 355 204 462 269">
    <p class='ocr_par' dir='ltr' id='par_1_1' title="bbox 355 204 462 269">
     <span class='ocr_line' id='line_1_1' title="bbox 355 204 462 269; baseline -0.009 -1"><span class='ocrx_word' id='word_1_1' title='bbox 355 204 462 269; x_wconf 86' lang='grc'><strong>571</strong></span> 
     </span>
    </p>
   </div>
   <div class='ocr_carea' id='block_1_2' title="bbox 1655 210 2424 276">
    <p class='ocr_par' dir='ltr' id='par_1_2' title="bbox 1655 210 2424 276">
     <span class='ocr_line' id='line_1_2' title="bbox 1655 210 2424 276; baseline 0.003 -2"><span class='ocrx_word' id='word_1_2' title='bbox 1655 210 2034 274; x_wconf 86' lang='lat' dir='ltr'><strong>SYMEONIS</strong></span> <span class='ocrx_word' id='word_1_3' title='bbox 2074 213 2424 276; x_wconf 84' lang='lat' dir='ltr'><strong>JUNIORIS</strong></span> 
     </span>
    </p>
   </div>
   <div class='ocr_carea' id='block_1_3' title="bbox 3605 221 3723 284">
    <p class='ocr_par' dir='ltr' id='par_1_3' title="bbox 3605 221 3723 284">
     <span class='ocr_line' id='line_1_3' title="bbox 3605 221 3723 284; baseline 0.017 -2"><span class='ocrx_word' id='word_1_4' title='bbox 3605 221 3723 284; x_wconf 75' lang='lat'><strong>57?</strong></span> 
     </span>
    </p>
   </div>
   <div class='ocr_carea' id='block_1_4' title="bbox 357 335 3722 430">
    <p class='ocr_par' dir='ltr' id='par_1_4' title="bbox 357 335 3722 430">
     <span class='ocr_line' id='line_1_4' title="bbox 357 335 3722 430; baseline 0.007 -38"><span class='ocrx_word' id='word_1_5' title='bbox 357 335 513 396; x_wconf 91' lang='lat' dir='ltr'><strong>velut</strong></span> <span class='ocrx_word' id='word_1_6' title='bbox 551 335 668 398; x_wconf 92' lang='lat' dir='ltr'><strong>alta</strong></span> <span class='ocrx_word' id='word_1_7' title='bbox 689 337 922 430; x_wconf 79' lang='lat' dir='ltr'><strong>fossaiu</strong></span> <span class='ocrx_word' id='word_1_8' title='bbox 950 339 1195 430; x_wconf 77' lang='lat' dir='ltr'><strong>circuitu</strong></span> <span class='ocrx_word' id='word_1_9' title='bbox 1224 346 1583 404; x_wconf 90' lang='lat' dir='ltr'><strong>communito</strong></span> <span class='ocrx_word' id='word_1_10' title='bbox 1610 344 1989 417; x_wconf 87' lang='lat' dir='ltr'><strong>monasterio,</strong></span> <span class='ocrx_word' id='word_1_11' title='bbox 2015 364 2054 398; x_wconf 74' lang='grc' dir='ltr'><em>Α</em></span> <span class='ocrx_word' id='word_1_12' title='bbox 2079 343 2394 422; x_wconf 88' lang='lat' dir='ltr'><strong>adjunxisti</strong></span> <span class='ocrx_word' id='word_1_13' title='bbox 2417 347 2447 406; x_wconf 85' lang='lat'><strong>‘?</strong></span> <span class='ocrx_word' id='word_1_14' title='bbox 2505 346 2618 410; x_wconf 86' lang='lat' dir='ltr'><strong>Sed</strong></span> <span class='ocrx_word' id='word_1_15' title='bbox 2677 350 3016 430; x_wconf 83' lang='lat' dir='ltr'><strong>neutiquam</strong></span> <span class='ocrx_word' id='word_1_16' title='bbox 3076 353 3322 430; x_wconf 74' lang='lat' dir='ltr'><strong>effugies</strong></span> <span class='ocrx_word' id='word_1_17' title='bbox 3407 352 3532 425; x_wconf 90' lang='lat' dir='ltr'><strong>Quo</strong></span> <span class='ocrx_word' id='word_1_18' title='bbox 3563 354 3722 414; x_wconf 87' lang='lat' dir='ltr'><strong>enim</strong></span> 
     </span>
    </p>
   </div>
   <div class='ocr_carea' id='block_1_5' title="bbox 356 427 1994 506">
    <p class='ocr_par' dir='ltr' id='par_1_5' title="bbox 356 427 1994 506">
     <span class='ocr_line' id='line_1_5' title="bbox 356 427 1994 506; baseline 0.007 -22"><span class='ocrx_word' id='word_1_19' title='bbox 356 431 418 484; x_wconf 89' lang='lat' dir='ltr'><strong>ut</strong></span> <span class='ocrx_word' id='word_1_20' title='bbox 441 444 551 486; x_wconf 91' lang='lat' dir='ltr'><strong>nec</strong></span> <span class='ocrx_word' id='word_1_21' title='bbox 573 430 668 506; x_wconf 88' lang='lat' dir='ltr'><strong>qui</strong></span> <span class='ocrx_word' id='word_1_22' title='bbox 699 427 1006 490; x_wconf 90' lang='lat' dir='ltr'><strong>inmundo</strong></span> <span class='ocrx_word' id='word_1_23' title='bbox 1027 440 1185 501; x_wconf 85' lang='lat' dir='ltr'><strong>sunt,</strong></span> <span class='ocrx_word' id='word_1_24' title='bbox 1218 432 1467 492; x_wconf 83' lang='lat' dir='ltr'><strong>transire</strong></span> <span class='ocrx_word' id='word_1_25' title='bbox 1481 433 1550 492; x_wconf 87' lang='lat' dir='ltr'><strong>ad</strong></span> <span class='ocrx_word' id='word_1_26' title='bbox 1571 435 1994 495; x_wconf 71' lang='lat' dir='ltr'><strong>monasterium</strong></span> 
     </span>
    </p>
   </div>
   <div class='ocr_carea' id='block_1_6' title="bbox 358 513 1998 601">
    <p class='ocr_par' dir='ltr' id='par_1_6' title="bbox 358 513 1998 601">
     <span class='ocr_line' id='line_1_6' title="bbox 358 513 1998 601; baseline 0.009 -29"><span class='ocrx_word' id='word_1_27' title='bbox 358 513 622 592; x_wconf 82' lang='lat' dir='ltr'><strong>possint;</strong></span> <span class='ocrx_word' id='word_1_28' title='bbox 651 534 756 576; x_wconf 88' lang='lat' dir='ltr'><strong>nec</strong></span> <span class='ocrx_word' id='word_1_29' title='bbox 777 517 954 595; x_wconf 87' lang='lat' dir='ltr'><strong>quiin</strong></span> <span class='ocrx_word' id='word_1_30' title='bbox 997 517 1190 578; x_wconf 86' lang='lat' dir='ltr'><strong>insula</strong></span> <span class='ocrx_word' id='word_1_31' title='bbox 1216 519 1433 596; x_wconf 87' lang='lat' dir='ltr'><strong>degunt</strong></span> <span class='ocrx_word' id='word_1_32' title='bbox 1476 521 1546 580; x_wconf 91' lang='lat' dir='ltr'><strong>ad</strong></span> <span class='ocrx_word' id='word_1_33' title='bbox 1581 540 1680 582; x_wconf 91' lang='lat' dir='ltr'><strong>eos</strong></span> <span class='ocrx_word' id='word_1_34' title='bbox 1722 523 1821 601; x_wconf 90' lang='lat' dir='ltr'><strong>qui</strong></span> <span class='ocrx_word' id='word_1_35' title='bbox 1855 523 1998 586; x_wconf 85' lang='lat' dir='ltr'><strong>foris</strong></span> 
     </span>
    </p>
   </div>
   <div class='ocr_carea' id='block_1_7' title="bbox 356 603 1998 689">
    <p class='ocr_par' dir='ltr' id='par_1_7' title="bbox 356 603 1998 689">
     <span class='ocr_line' id='line_1_7' title="bbox 356 603 1998 689; baseline 0.007 -28"><span class='ocrx_word' id='word_1_36' title='bbox 356 610 490 661; x_wconf 91' lang='lat' dir='ltr'><strong>sunt</strong></span> <span class='ocrx_word' id='word_1_37' title='bbox 523 603 855 685; x_wconf 82' lang='lat' dir='ltr'><strong>pervenire,</strong></span> <span class='ocrx_word' id='word_1_38' title='bbox 912 613 970 666; x_wconf 87' lang='lat' dir='ltr'><strong>et</strong></span> <span class='ocrx_word' id='word_1_39' title='bbox 1010 625 1110 667; x_wconf 93' lang='lat' dir='ltr'><strong>eos</strong></span> <span class='ocrx_word' id='word_1_40' title='bbox 1134 626 1266 669; x_wconf 90' lang='lat' dir='ltr'><strong>cum</strong></span> <span class='ocrx_word' id='word_1_41' title='bbox 1297 609 1505 670; x_wconf 78' lang='lat' dir='ltr'><strong>aﬁ‘ectu</strong></span> <span class='ocrx_word' id='word_1_42' title='bbox 1552 610 1820 689; x_wconf 86' lang='lat' dir='ltr'><strong>aspicere</strong></span> <span class='ocrx_word' id='word_1_43' title='bbox 1848 634 1863 689; x_wconf 90' lang='lat'><strong>;</strong></span> <span class='ocrx_word' id='word_1_44' title='bbox 1890 633 1998 674; x_wconf 91' lang='lat' dir='ltr'><strong>nec</strong></span> 
     </span>
    </p>
   </div>
   <div class='ocr_carea' id='block_1_8' title="bbox 353 689 1999 764">
    <p class='ocr_par' dir='ltr' id='par_1_8' title="bbox 353 689 1999 764">
     <span class='ocr_line' id='line_1_8' title="bbox 353 689 1999 764; baseline 0.007 -14"><span class='ocrx_word' id='word_1_45' title='bbox 353 689 414 750; x_wconf 91' lang='lat' dir='ltr'><strong>in</strong></span> <span class='ocrx_word' id='word_1_46' title='bbox 446 691 646 753; x_wconf 89' lang='lat' dir='ltr'><strong>animo</strong></span> <span class='ocrx_word' id='word_1_47' title='bbox 678 693 888 755; x_wconf 90' lang='lat' dir='ltr'><strong>horum</strong></span> <span class='ocrx_word' id='word_1_48' title='bbox 922 714 1158 757; x_wconf 81' lang='lat' dir='ltr'><strong>versare</strong></span> <span class='ocrx_word' id='word_1_49' title='bbox 1190 698 1541 759; x_wconf 84' lang='lat' dir='ltr'><strong>memoriam</strong></span> <span class='ocrx_word' id='word_1_50' title='bbox 1571 719 1584 758; x_wconf 90' lang='lat'><strong>:</strong></span> <span class='ocrx_word' id='word_1_51' title='bbox 1621 699 1723 760; x_wconf 92' lang='lat' dir='ltr'><strong>sed</strong></span> <span class='ocrx_word' id='word_1_52' title='bbox 1760 709 1820 761; x_wconf 93' lang='lat' dir='ltr'><strong>ut</strong></span> <span class='ocrx_word' id='word_1_53' title='bbox 1845 721 1999 764; x_wconf 90' lang='lat' dir='ltr'><strong>mor-</strong></span> 
     </span>
    </p>
   </div>
   <div class='ocr_carea' id='block_1_9' title="bbox 355 780 1996 860">
    <p class='ocr_par' dir='ltr' id='par_1_9' title="bbox 355 780 1996 860">
     <span class='ocr_line' id='line_1_9' title="bbox 355 780 1996 860; baseline 0.009 -20"><span class='ocrx_word' id='word_1_54' title='bbox 355 780 440 840; x_wconf 86' lang='lat' dir='ltr'><strong>tui</strong></span> <span class='ocrx_word' id='word_1_55' title='bbox 472 798 610 859; x_wconf 88' lang='lat' dir='ltr'><strong>erga</strong></span> <span class='ocrx_word' id='word_1_56' title='bbox 640 791 902 845; x_wconf 90' lang='lat' dir='ltr'><strong>mortuos</strong></span> <span class='ocrx_word' id='word_1_57' title='bbox 935 787 1109 860; x_wconf 81' lang='lat' dir='ltr'><strong>aﬁici,</strong></span> <span class='ocrx_word' id='word_1_58' title='bbox 1149 796 1207 849; x_wconf 90' lang='lat' dir='ltr'><strong>et</strong></span> <span class='ocrx_word' id='word_1_59' title='bbox 1229 789 1558 850; x_wconf 84' lang='lat' dir='ltr'><strong>sentientes</strong></span> <span class='ocrx_word' id='word_1_60' title='bbox 1587 808 1688 851; x_wconf 92' lang='lat' dir='ltr'><strong>eos</strong></span> <span class='ocrx_word' id='word_1_61' title='bbox 1719 810 1834 852; x_wconf 91' lang='lat' dir='ltr'><strong>non</strong></span> <span class='ocrx_word' id='word_1_62' title='bbox 1861 811 1996 854; x_wconf 87' lang='lat' dir='ltr'><strong>sen-</strong></span> 
     </span>
    </p>
   </div>
   <div class='ocr_carea' id='block_1_10' title="bbox 354 871 1998 1022">
    <p class='ocr_par' dir='ltr' id='par_1_10' title="bbox 354 871 1998 1022">
     <span class='ocr_line' id='line_1_10' title="bbox 354 871 1998 1022; baseline 0.01 -90"><span class='ocrx_word' id='word_1_63' title='bbox 354 871 466 935; x_wconf 87' lang='lat' dir='ltr'><strong>tire</strong></span> <span class='ocrx_word' id='word_1_64' title='bbox 489 873 708 1022; x_wconf 56' lang='lat' dir='ltr'><strong>defpent</strong></span> <span class='ocrx_word' id='word_1_65' title='bbox 733 895 848 956; x_wconf 89' lang='lat' dir='ltr'><strong>quo</strong></span> <span class='ocrx_word' id='word_1_66' title='bbox 871 887 1040 958; x_wconf 86' lang='lat' dir='ltr'><strong>pacto</strong></span> <span class='ocrx_word' id='word_1_67' title='bbox 1072 897 1277 940; x_wconf 86' lang='lat' dir='ltr'><strong>revera</strong></span> <span class='ocrx_word' id='word_1_68' title='bbox 1306 898 1448 942; x_wconf 92' lang='lat' dir='ltr'><strong>oves</strong></span> <span class='ocrx_word' id='word_1_69' title='bbox 1477 900 1583 942; x_wconf 86' lang='lat' dir='ltr'><strong>sua</strong></span> <span class='ocrx_word' id='word_1_70' title='bbox 1613 894 1824 963; x_wconf 89' lang='lat' dir='ltr'><strong>sponte</strong></span> <span class='ocrx_word' id='word_1_71' title='bbox 1870 906 1998 948; x_wconf 90' lang='lat' dir='ltr'><strong>ma-</strong></span> 
     </span>
     <span class='ocr_line' id='line_1_11' title="bbox 355 967 720 1022; baseline 0.005 -2"><span class='ocrx_word' id='word_1_72' title='bbox 355 967 523 1022; x_wconf 70' lang='lat' dir='ltr'><strong>ctatae</strong></span> <span class='ocrx_word' id='word_1_73' title='bbox 595 975 720 1022; x_wconf 86' lang='lat' dir='ltr'><strong>unt.</strong></span> 
     </span>
    </p>
   </div>
   <div class='ocr_carea' id='block_1_11' title="bbox 355 967 720 1024">
    <p class='ocr_par' dir='ltr' id='par_1_11' title="bbox 355 967 720 1024">
     <span class='ocr_line' id='line_1_12' title="bbox 355 967 720 1024; baseline 0.014 -5"><span class='ocrx_word' id='word_1_74' title='bbox 355 967 523 1022; x_wconf 78' lang='lat' dir='ltr'><strong>ctatae</strong></span> <span class='ocrx_word' id='word_1_75' title='bbox 551 967 720 1024; x_wconf 81' lang='lat' dir='ltr'><strong>ﬁunt.</strong></span> 
     </span>
    </p>
   </div>
   <div class='ocr_carea' id='block_1_12' title="bbox 439 1050 2003 1141">
    <p class='ocr_par' dir='ltr' id='par_1_12' title="bbox 439 1050 2003 1141">
     <span class='ocr_line' id='line_1_13' title="bbox 439 1050 2003 1141; baseline 0.011 -32"><span class='ocrx_word' id='word_1_76' title='bbox 439 1050 685 1141; x_wconf 72' lang='lat' dir='ltr'><strong>Propter</strong></span> <span class='ocrx_word' id='word_1_77' title='bbox 719 1052 844 1113; x_wconf 88' lang='lat' dir='ltr'><strong>haec</strong></span> <span class='ocrx_word' id='word_1_78' title='bbox 865 1053 1238 1116; x_wconf 85' lang='lat' dir='ltr'><strong>sanctissima</strong></span> <span class='ocrx_word' id='word_1_79' title='bbox 1263 1056 1442 1118; x_wconf 86' lang='lat' dir='ltr'><strong>verba</strong></span> <span class='ocrx_word' id='word_1_80' title='bbox 1465 1066 1824 1141; x_wconf 91' lang='lat' dir='ltr'><strong>sanctorum,</strong></span> <span class='ocrx_word' id='word_1_81' title='bbox 1849 1063 2003 1126; x_wconf 91' lang='lat' dir='ltr'><strong>desi-</strong></span> 
     </span>
    </p>
   </div>
   <div class='ocr_carea' id='block_1_13' title="bbox 355 1136 2004 1223">
    <p class='ocr_par' dir='ltr' id='par_1_13' title="bbox 355 1136 2004 1223">
     <span class='ocr_line' id='line_1_14' title="bbox 355 1136 2004 1223; baseline 0.012 -26"><span class='ocrx_word' id='word_1_82' title='bbox 355 1136 530 1212; x_wconf 90' lang='lat' dir='ltr'><strong>derii,</strong></span> <span class='ocrx_word' id='word_1_83' title='bbox 561 1147 620 1200; x_wconf 89' lang='lat' dir='ltr'><strong>et</strong></span> <span class='ocrx_word' id='word_1_84' title='bbox 649 1141 862 1201; x_wconf 89' lang='lat' dir='ltr'><strong>summi</strong></span> <span class='ocrx_word' id='word_1_85' title='bbox 891 1144 1109 1203; x_wconf 86' lang='lat' dir='ltr'><strong>amoris</strong></span> <span class='ocrx_word' id='word_1_86' title='bbox 1159 1144 1352 1223; x_wconf 89' lang='lat' dir='ltr'><strong>plena,</strong></span> <span class='ocrx_word' id='word_1_87' title='bbox 1413 1165 1544 1207; x_wconf 93' lang='lat' dir='ltr'><strong>cum</strong></span> <span class='ocrx_word' id='word_1_88' title='bbox 1605 1167 1673 1210; x_wconf 90' lang='lat' dir='ltr'><strong>ea</strong></span> <span class='ocrx_word' id='word_1_89' title='bbox 1703 1136 2004 1216; x_wconf 82' lang='lat' dir='ltr'><strong>audissent</strong></span> 
     </span>
    </p>
   </div>
   <div class='ocr_carea' id='block_1_14' title="bbox 354 1223 1998 1309">
    <p class='ocr_par' dir='ltr' id='par_1_14' title="bbox 354 1223 1998 1309">
     <span class='ocr_line' id='line_1_15' title="bbox 354 1223 1998 1309; baseline 0.012 -24"><span class='ocrx_word' id='word_1_90' title='bbox 354 1223 696 1304; x_wconf 89' lang='lat' dir='ltr'><strong>Cherubim,</strong></span> <span class='ocrx_word' id='word_1_91' title='bbox 729 1229 1046 1291; x_wconf 89' lang='lat' dir='ltr'><strong>Dominum</strong></span> <span class='ocrx_word' id='word_1_92' title='bbox 1071 1231 1404 1309; x_wconf 85' lang='lat' dir='ltr'><strong>laudarunt,</strong></span> <span class='ocrx_word' id='word_1_93' title='bbox 1429 1245 1486 1296; x_wconf 92' lang='lat' dir='ltr'><strong>et</strong></span> <span class='ocrx_word' id='word_1_94' title='bbox 1509 1239 1563 1296; x_wconf 94' lang='lat' dir='ltr'><strong>in</strong></span> <span class='ocrx_word' id='word_1_95' title='bbox 1599 1239 1808 1300; x_wconf 87' lang='lat' dir='ltr'><strong>timore</strong></span> <span class='ocrx_word' id='word_1_96' title='bbox 1831 1241 1998 1305; x_wconf 93' lang='lat' dir='ltr'><strong>dixe-</strong></span> 
     </span>
    </p>
   </div>
   <div class='ocr_carea' id='block_1_15' title="bbox 353 1317 1994 1401">
    <p class='ocr_par' dir='ltr' id='par_1_15' title="bbox 353 1317 1994 1401">
     <span class='ocr_line' id='line_1_16' title="bbox 353 1317 1994 1401; baseline 0.012 -27"><span class='ocrx_word' id='word_1_97' title='bbox 353 1321 530 1376; x_wconf 87' lang='lat' dir='ltr'><strong>runt:</strong></span> <span class='ocrx_word' id='word_1_98' title='bbox 575 1317 775 1379; x_wconf 86' lang='lat' dir='ltr'><strong>Gloria</strong></span> <span class='ocrx_word' id='word_1_99' title='bbox 808 1319 934 1393; x_wconf 90' lang='lat' dir='ltr'><strong>tibi,</strong></span> <span class='ocrx_word' id='word_1_100' title='bbox 974 1321 1248 1398; x_wconf 89' lang='lat' dir='ltr'><strong>Domine,</strong></span> <span class='ocrx_word' id='word_1_101' title='bbox 1283 1323 1474 1401; x_wconf 74' lang='lat' dir='ltr'><strong>gloria</strong></span> <span class='ocrx_word' id='word_1_102' title='bbox 1497 1325 1624 1398; x_wconf 91' lang='lat' dir='ltr'><strong>tibi,</strong></span> <span class='ocrx_word' id='word_1_103' title='bbox 1649 1328 1994 1393; x_wconf 90' lang='lat' dir='ltr'><strong>misericor-</strong></span> 
     </span>
    </p>
   </div>
   <div class='ocr_carea' id='block_1_16' title="bbox 355 1401 1996 1496">
    <p class='ocr_par' dir='ltr' id='par_1_16' title="bbox 355 1401 1996 1496">
     <span class='ocr_line' id='line_1_17' title="bbox 355 1401 1996 1496; baseline 0.013 -35"><span class='ocrx_word' id='word_1_104' title='bbox 355 1401 624 1476; x_wconf 92' lang='lat' dir='ltr'><strong>dissime,</strong></span> <span class='ocrx_word' id='word_1_105' title='bbox 647 1406 745 1496; x_wconf 87' lang='lat' dir='ltr'><strong>qui</strong></span> <span class='ocrx_word' id='word_1_106' title='bbox 772 1407 830 1467; x_wconf 91' lang='lat' dir='ltr'><strong>in</strong></span> <span class='ocrx_word' id='word_1_107' title='bbox 857 1408 1031 1468; x_wconf 91' lang='lat' dir='ltr'><strong>terris</strong></span> <span class='ocrx_word' id='word_1_108' title='bbox 1086 1419 1367 1490; x_wconf 80' lang='lat' dir='ltr'><strong>martyres</strong></span> <span class='ocrx_word' id='word_1_109' title='bbox 1429 1414 1557 1475; x_wconf 90' lang='lat' dir='ltr'><strong>sine</strong></span> <span class='ocrx_word' id='word_1_110' title='bbox 1617 1419 1902 1496; x_wconf 82' lang='lat' dir='ltr'><strong>tyrannis,</strong></span> <span class='ocrx_word' id='word_1_111' title='bbox 1927 1440 1996 1484; x_wconf 88' lang='lat' dir='ltr'><strong>ac</strong></span> 
     </span>
    </p>
   </div>
   <div class='ocr_carea' id='block_1_17' title="bbox 355 1495 1993 1576">
    <p class='ocr_par' dir='ltr' id='par_1_17' title="bbox 355 1495 1993 1576">
     <span class='ocr_line' id='line_1_18' title="bbox 355 1495 1993 1576; baseline 0.013 -25"><span class='ocrx_word' id='word_1_112' title='bbox 355 1495 859 1576; x_wconf 83' lang='lat' dir='ltr'><strong>persecutoribus,</strong></span> <span class='ocrx_word' id='word_1_113' title='bbox 893 1496 1017 1557; x_wconf 91' lang='lat' dir='ltr'><strong>solo</strong></span> <span class='ocrx_word' id='word_1_114' title='bbox 1052 1516 1251 1559; x_wconf 89' lang='lat' dir='ltr'><strong>amore</strong></span> <span class='ocrx_word' id='word_1_115' title='bbox 1277 1502 1356 1559; x_wconf 89' lang='lat' dir='ltr'><strong>tui</strong></span> <span class='ocrx_word' id='word_1_116' title='bbox 1408 1501 1467 1562; x_wconf 92' lang='lat' dir='ltr'><strong>in</strong></span> <span class='ocrx_word' id='word_1_117' title='bbox 1514 1505 1689 1564; x_wconf 88' lang='lat' dir='ltr'><strong>horas</strong></span> <span class='ocrx_word' id='word_1_118' title='bbox 1721 1508 1993 1571; x_wconf 89' lang='lat' dir='ltr'><strong>testimo-</strong></span> 
     </span>
    </p>
   </div>
   <div class='ocr_carea' id='block_1_18' title="bbox 2080 433 3726 520">
    <p class='ocr_par' dir='ltr' id='par_1_18' title="bbox 2080 433 3726 520">
     <span class='ocr_line' id='line_1_19' title="bbox 2080 433 3726 520; baseline 0.006 -28"><span class='ocrx_word' id='word_1_119' title='bbox 2080 433 2269 492; x_wconf 82' lang='lat' dir='ltr'><strong>abibis</strong></span> <span class='ocrx_word' id='word_1_120' title='bbox 2289 434 2319 492; x_wconf 87' lang='lat'><strong>‘?</strong></span> <span class='ocrx_word' id='word_1_121' title='bbox 2343 434 2589 496; x_wconf 85' lang='lat' dir='ltr'><strong>Prorsus</strong></span> <span class='ocrx_word' id='word_1_122' title='bbox 2615 456 2919 518; x_wconf 89' lang='lat' dir='ltr'><strong>nunquam</strong></span> <span class='ocrx_word' id='word_1_123' title='bbox 2945 439 3088 501; x_wconf 89' lang='lat' dir='ltr'><strong>mihi</strong></span> <span class='ocrx_word' id='word_1_124' title='bbox 3137 440 3414 512; x_wconf 87' lang='lat' dir='ltr'><strong>elaberis,</strong></span> <span class='ocrx_word' id='word_1_125' title='bbox 3435 441 3536 520; x_wconf 91' lang='lat' dir='ltr'><strong>qui</strong></span> <span class='ocrx_word' id='word_1_126' title='bbox 3565 441 3726 502; x_wconf 89' lang='lat' dir='ltr'><strong>Ada-</strong></span> 
     </span>
    </p>
   </div>
   <div class='ocr_carea' id='block_1_19' title="bbox 2083 523 3764 610">
    <p class='ocr_par' dir='ltr' id='par_1_19' title="bbox 2083 523 3764 610">
     <span class='ocr_line' id='line_1_20' title="bbox 2083 523 3764 610; baseline 0.007 -30"><span class='ocrx_word' id='word_1_127' title='bbox 2083 541 2240 610; x_wconf 86' lang='lat' dir='ltr'><strong>mum</strong></span> <span class='ocrx_word' id='word_1_128' title='bbox 2276 531 2332 583; x_wconf 90' lang='lat' dir='ltr'><strong>et</strong></span> <span class='ocrx_word' id='word_1_129' title='bbox 2362 523 2537 584; x_wconf 86' lang='lat' dir='ltr'><strong>Evam</strong></span> <span class='ocrx_word' id='word_1_130' title='bbox 2573 544 2604 585; x_wconf 91' lang='lat' dir='ltr'><strong>e</strong></span> <span class='ocrx_word' id='word_1_131' title='bbox 2636 528 2908 604; x_wconf 86' lang='lat' dir='ltr'><strong>paradiso</strong></span> <span class='ocrx_word' id='word_1_132' title='bbox 2941 531 3107 607; x_wconf 85' lang='lat' dir='ltr'><strong>exegi</strong></span> <span class='ocrx_word' id='word_1_133' title='bbox 3136 551 3150 602; x_wconf 87' lang='lat'><strong>;</strong></span> <span class='ocrx_word' id='word_1_134' title='bbox 3177 531 3278 610; x_wconf 91' lang='lat' dir='ltr'><strong>qui</strong></span> <span class='ocrx_word' id='word_1_135' title='bbox 3305 528 3446 591; x_wconf 88' lang='lat' dir='ltr'><strong>Cain</strong></span> <span class='ocrx_word' id='word_1_136' title='bbox 3468 529 3727 591; x_wconf 88' lang='lat' dir='ltr'><strong>fratrici-</strong></span> <span class='ocrx_word' id='word_1_137' title='bbox 3758 593 3764 598; x_wconf 26' lang='grc' dir='ltr'><strong>λ</strong></span> 
     </span>
    </p>
   </div>
   <div class='ocr_carea' id='block_1_20' title="bbox 2082 609 3728 698">
    <p class='ocr_par' dir='ltr' id='par_1_20' title="bbox 2082 609 3728 698">
     <span class='ocr_line' id='line_1_21' title="bbox 2082 609 3728 698; baseline 0.006 -30"><span class='ocrx_word' id='word_1_138' title='bbox 2082 609 2217 670; x_wconf 88' lang='lat' dir='ltr'><strong>dam</strong></span> <span class='ocrx_word' id='word_1_139' title='bbox 2251 612 2485 672; x_wconf 79' lang='lat' dir='ltr'><strong>reddidi</strong></span> <span class='ocrx_word' id='word_1_140' title='bbox 2515 614 2646 693; x_wconf 90' lang='lat' dir='ltr'><strong>;qui</strong></span> <span class='ocrx_word' id='word_1_141' title='bbox 2672 613 2918 677; x_wconf 85' lang='lat' dir='ltr'><strong>fallaciis</strong></span> <span class='ocrx_word' id='word_1_142' title='bbox 2943 617 3091 677; x_wconf 91' lang='lat' dir='ltr'><strong>meis</strong></span> <span class='ocrx_word' id='word_1_143' title='bbox 3106 609 3291 698; x_wconf 88' lang='lat' dir='ltr'><strong>usque</strong></span> <span class='ocrx_word' id='word_1_144' title='bbox 3313 618 3385 679; x_wconf 90' lang='lat' dir='ltr'><strong>ad</strong></span> <span class='ocrx_word' id='word_1_145' title='bbox 3398 625 3728 680; x_wconf 80' lang='lat' dir='ltr'><strong>extremum</strong></span> 
     </span>
    </p>
   </div>
   <div class='ocr_carea' id='block_1_21' title="bbox 2081 697 3728 786">
    <p class='ocr_par' dir='ltr' id='par_1_21' title="bbox 2081 697 3728 786">
     <span class='ocr_line' id='line_1_22' title="bbox 2081 697 3728 786; baseline 0.005 -28"><span class='ocrx_word' id='word_1_146' title='bbox 2081 697 2397 773; x_wconf 89' lang='lat' dir='ltr'><strong>inescatos,</strong></span> <span class='ocrx_word' id='word_1_147' title='bbox 2433 719 2638 762; x_wconf 91' lang='lat' dir='ltr'><strong>omnes</strong></span> <span class='ocrx_word' id='word_1_148' title='bbox 2707 704 2984 764; x_wconf 89' lang='lat' dir='ltr'><strong>mortales</strong></span> <span class='ocrx_word' id='word_1_149' title='bbox 3039 697 3272 786; x_wconf 86' lang='lat' dir='ltr'><strong>decepi,</strong></span> <span class='ocrx_word' id='word_1_150' title='bbox 3334 705 3479 766; x_wconf 90' lang='lat' dir='ltr'><strong>etin</strong></span> <span class='ocrx_word' id='word_1_151' title='bbox 3509 705 3728 766; x_wconf 88' lang='lat' dir='ltr'><strong>diluvio</strong></span> 
     </span>
    </p>
   </div>
   <div class='ocr_carea' id='block_1_22' title="bbox 2085 787 3724 874">
    <p class='ocr_par' dir='ltr' id='par_1_22' title="bbox 2085 787 3724 874">
     <span class='ocr_line' id='line_1_23' title="bbox 2085 787 3724 874; baseline 0.004 -27"><span class='ocrx_word' id='word_1_152' title='bbox 2085 787 2355 848; x_wconf 89' lang='lat' dir='ltr'><strong>horribili</strong></span> <span class='ocrx_word' id='word_1_153' title='bbox 2383 790 2586 867; x_wconf 90' lang='lat' dir='ltr'><strong>generi</strong></span> <span class='ocrx_word' id='word_1_154' title='bbox 2632 791 2908 853; x_wconf 89' lang='lat' dir='ltr'><strong>interitus</strong></span> <span class='ocrx_word' id='word_1_155' title='bbox 2965 792 3195 872; x_wconf 83' lang='lat' dir='ltr'><strong>objeci;</strong></span> <span class='ocrx_word' id='word_1_156' title='bbox 3259 795 3361 874; x_wconf 90' lang='lat' dir='ltr'><strong>qui</strong></span> <span class='ocrx_word' id='word_1_157' title='bbox 3417 793 3622 855; x_wconf 88' lang='lat' dir='ltr'><strong>Davidi</strong></span> <span class='ocrx_word' id='word_1_158' title='bbox 3651 794 3724 854; x_wconf 88' lang='lat' dir='ltr'><strong>ad</strong></span> 
     </span>
    </p>
   </div>
   <div class='ocr_carea' id='block_1_23' title="bbox 2085 877 3723 963">
    <p class='ocr_par' dir='ltr' id='par_1_23' title="bbox 2085 877 3723 963">
     <span class='ocr_line' id='line_1_24' title="bbox 2085 877 3723 963; baseline 0.004 -28"><span class='ocrx_word' id='word_1_159' title='bbox 2085 877 2439 938; x_wconf 91' lang='lat' dir='ltr'><strong>adulterium</strong></span> <span class='ocrx_word' id='word_1_160' title='bbox 2472 887 2526 939; x_wconf 92' lang='lat' dir='ltr'><strong>et</strong></span> <span class='ocrx_word' id='word_1_161' title='bbox 2551 879 2758 941; x_wconf 87' lang='lat' dir='ltr'><strong>eadem</strong></span> <span class='ocrx_word' id='word_1_162' title='bbox 2791 880 3082 962; x_wconf 89' lang='lat' dir='ltr'><strong>impulsor</strong></span> <span class='ocrx_word' id='word_1_163' title='bbox 3111 882 3192 942; x_wconf 88' lang='lat' dir='ltr'><strong>fui</strong></span> <span class='ocrx_word' id='word_1_164' title='bbox 3225 899 3240 956; x_wconf 90' lang='lat'><strong>;</strong></span> <span class='ocrx_word' id='word_1_165' title='bbox 3274 881 3376 963; x_wconf 90' lang='lat' dir='ltr'><strong>qui</strong></span> <span class='ocrx_word' id='word_1_166' title='bbox 3405 881 3723 944; x_wconf 88' lang='lat' dir='ltr'><strong>adversum</strong></span> 
     </span>
    </p>
   </div>
   <div class='ocr_carea' id='block_1_24' title="bbox 2087 967 3722 1046">
    <p class='ocr_par' dir='ltr' id='par_1_24' title="bbox 2087 967 3722 1046">
     <span class='ocr_line' id='line_1_25' title="bbox 2087 967 3722 1046; baseline 0.004 -22"><span class='ocrx_word' id='word_1_167' title='bbox 2087 984 2294 1026; x_wconf 91' lang='lat' dir='ltr'><strong>omnes</strong></span> <span class='ocrx_word' id='word_1_168' title='bbox 2325 981 2562 1026; x_wconf 87' lang='lat' dir='ltr'><strong>sanctos</strong></span> <span class='ocrx_word' id='word_1_169' title='bbox 2597 967 2818 1028; x_wconf 87' lang='lat' dir='ltr'><strong>bellum</strong></span> <span class='ocrx_word' id='word_1_170' title='bbox 2847 970 3024 1046; x_wconf 85' lang='lat' dir='ltr'><strong>gessi,</strong></span> <span class='ocrx_word' id='word_1_171' title='bbox 3062 978 3119 1032; x_wconf 91' lang='lat' dir='ltr'><strong>et</strong></span> <span class='ocrx_word' id='word_1_172' title='bbox 3153 970 3352 1031; x_wconf 91' lang='lat' dir='ltr'><strong>multis</strong></span> <span class='ocrx_word' id='word_1_173' title='bbox 3381 988 3592 1040; x_wconf 86' lang='lat' dir='ltr'><strong>necem</strong></span> <span class='ocrx_word' id='word_1_174' title='bbox 3627 969 3722 1030; x_wconf 93' lang='lat' dir='ltr'><strong>in-</strong></span> 
     </span>
    </p>
   </div>
   <div class='ocr_carea' id='block_1_25' title="bbox 2085 1055 3721 1138">
    <p class='ocr_par' dir='ltr' id='par_1_25' title="bbox 2085 1055 3721 1138">
     <span class='ocr_line' id='line_1_26' title="bbox 2085 1055 3721 1138; baseline 0.002 -24"><span class='ocrx_word' id='word_1_175' title='bbox 2085 1055 2192 1115; x_wconf 92' lang='lat' dir='ltr'><strong>tuli</strong></span> <span class='ocrx_word' id='word_1_176' title='bbox 2227 1074 2241 1130; x_wconf 89' lang='lat'>;</span> <span class='ocrx_word' id='word_1_177' title='bbox 2272 1074 2366 1115; x_wconf 91' lang='lat' dir='ltr'><strong>me</strong></span> <span class='ocrx_word' id='word_1_178' title='bbox 2397 1056 2593 1129; x_wconf 86' lang='lat' dir='ltr'><strong>talem,</strong></span> <span class='ocrx_word' id='word_1_179' title='bbox 2620 1057 2883 1137; x_wconf 90' lang='lat' dir='ltr'><strong>inquam,</strong></span> <span class='ocrx_word' id='word_1_180' title='bbox 2907 1059 3201 1138; x_wconf 89' lang='lat' dir='ltr'><strong>quomodo</strong></span> <span class='ocrx_word' id='word_1_181' title='bbox 3228 1076 3430 1138; x_wconf 90' lang='lat' dir='ltr'><strong>speras</strong></span> <span class='ocrx_word' id='word_1_182' title='bbox 3457 1065 3512 1119; x_wconf 96' lang='lat' dir='ltr'><strong>te</strong></span> <span class='ocrx_word' id='word_1_183' title='bbox 3547 1076 3721 1137; x_wconf 91' lang='lat' dir='ltr'><strong>posse</strong></span> 
     </span>
    </p>
   </div>
   <div class='ocr_carea' id='block_1_26' title="bbox 2087 1143 3727 1224">
    <p class='ocr_par' dir='ltr' id='par_1_26' title="bbox 2087 1143 3727 1224">
     <span class='ocr_line' id='line_1_27' title="bbox 2087 1143 3727 1224; baseline 0.002 -22"><span class='ocrx_word' id='word_1_184' title='bbox 2087 1143 2367 1224; x_wconf 26' lang='lat' dir='ltr'><strong>eﬁ&#39;u&#39;gere,</strong></span> <span class='ocrx_word' id='word_1_185' title='bbox 2395 1163 2528 1204; x_wconf 90' lang='lat' dir='ltr'><strong>cum</strong></span> <span class='ocrx_word' id='word_1_186' title='bbox 2554 1144 2634 1204; x_wconf 93' lang='lat' dir='ltr'><strong>sis</strong></span> <span class='ocrx_word' id='word_1_187' title='bbox 2655 1143 3099 1206; x_wconf 90' lang='lat' dir='ltr'><strong>inﬁrmissimus</strong></span> <span class='ocrx_word' id='word_1_188' title='bbox 3123 1146 3296 1208; x_wconf 66' lang='lat' dir='ltr'><strong>1’ch</strong></span> <span class='ocrx_word' id='word_1_189' title='bbox 3317 1146 3586 1218; x_wconf 78' lang='lat' dir='ltr'><strong>audiens,</strong></span> <span class='ocrx_word' id='word_1_190' title='bbox 3614 1145 3727 1206; x_wconf 53' lang='lat' dir='ltr'><strong>Do-</strong></span> 
     </span>
    </p>
   </div>
   <div class='ocr_carea' id='block_1_27' title="bbox 2085 1231 3724 1314">
    <p class='ocr_par' dir='ltr' id='par_1_27' title="bbox 2085 1231 3724 1314">
     <span class='ocr_line' id='line_1_28' title="bbox 2085 1231 3724 1314; baseline 0.002 -25"><span class='ocrx_word' id='word_1_191' title='bbox 2085 1232 2267 1307; x_wconf 91' lang='lat' dir='ltr'><strong>mine,</strong></span> <span class='ocrx_word' id='word_1_192' title='bbox 2316 1240 2374 1293; x_wconf 92' lang='lat' dir='ltr'><strong>et</strong></span> <span class='ocrx_word' id='word_1_193' title='bbox 2401 1231 2581 1307; x_wconf 92' lang='lat' dir='ltr'><strong>Deus,</strong></span> <span class='ocrx_word' id='word_1_194' title='bbox 2635 1241 2690 1293; x_wconf 88' lang='lat' dir='ltr'><strong>et</strong></span> <span class='ocrx_word' id='word_1_195' title='bbox 2749 1241 3002 1308; x_wconf 81' lang='lat' dir='ltr'><strong>creator,</strong></span> <span class='ocrx_word' id='word_1_196' title='bbox 3066 1241 3122 1294; x_wconf 90' lang='lat' dir='ltr'><strong>et</strong></span> <span class='ocrx_word' id='word_1_197' title='bbox 3177 1235 3395 1314; x_wconf 80' lang='lat' dir='ltr'><strong>opifex,</strong></span> <span class='ocrx_word' id='word_1_198' title='bbox 3459 1233 3724 1312; x_wconf 84' lang='lat' dir='ltr'><strong>etjudex</strong></span> 
     </span>
    </p>
   </div>
   <div class='ocr_carea' id='block_1_28' title="bbox 2083 1321 3726 1401">
    <p class='ocr_par' dir='ltr' id='par_1_28' title="bbox 2083 1321 3726 1401">
     <span class='ocr_line' id='line_1_29' title="bbox 2083 1321 3726 1401; baseline 0.002 -21"><span class='ocrx_word' id='word_1_199' title='bbox 2083 1338 2273 1400; x_wconf 91' lang='lat' dir='ltr'><strong>meus,</strong></span> <span class='ocrx_word' id='word_1_200' title='bbox 2322 1321 2421 1400; x_wconf 92' lang='lat' dir='ltr'><strong>qui</strong></span> <span class='ocrx_word' id='word_1_201' title='bbox 2452 1321 2635 1381; x_wconf 89' lang='lat' dir='ltr'><strong>habes</strong></span> <span class='ocrx_word' id='word_1_202' title='bbox 2669 1329 3014 1400; x_wconf 90' lang='lat' dir='ltr'><strong>potestatem</strong></span> <span class='ocrx_word' id='word_1_203' title='bbox 3076 1323 3314 1396; x_wconf 79' lang='lat' dir='ltr'><strong>animae,</strong></span> <span class='ocrx_word' id='word_1_204' title='bbox 3372 1331 3430 1384; x_wconf 92' lang='lat' dir='ltr'><strong>et</strong></span> <span class='ocrx_word' id='word_1_205' title='bbox 3460 1325 3726 1401; x_wconf 88' lang='lat' dir='ltr'><strong>corporis</strong></span> 
     </span>
    </p>
   </div>
   <div class='ocr_carea' id='block_1_29' title="bbox 2080 1409 3722 1488">
    <p class='ocr_par' dir='ltr' id='par_1_29' title="bbox 2080 1409 3722 1488">
     <span class='ocr_line' id='line_1_30' title="bbox 2080 1409 3722 1488; baseline 0.001 -19"><span class='ocrx_word' id='word_1_206' title='bbox 2080 1409 2221 1483; x_wconf 91' lang='lat' dir='ltr'><strong>mei,</strong></span> <span class='ocrx_word' id='word_1_207' title='bbox 2257 1417 2316 1469; x_wconf 89' lang='lat' dir='ltr'><strong>ut</strong></span> <span class='ocrx_word' id='word_1_208' title='bbox 2346 1410 2516 1470; x_wconf 87' lang='lat' dir='ltr'><strong>ﬁctor</strong></span> <span class='ocrx_word' id='word_1_209' title='bbox 2545 1409 2906 1488; x_wconf 89' lang='lat' dir='ltr'><strong>ustriusque,</strong></span> <span class='ocrx_word' id='word_1_210' title='bbox 2939 1410 3153 1471; x_wconf 88' lang='lat' dir='ltr'><strong>horreo</strong></span> <span class='ocrx_word' id='word_1_211' title='bbox 3185 1410 3394 1484; x_wconf 88' lang='lat' dir='ltr'><strong>miser,</strong></span> <span class='ocrx_word' id='word_1_212' title='bbox 3443 1419 3502 1472; x_wconf 93' lang='lat' dir='ltr'><strong>et</strong></span> <span class='ocrx_word' id='word_1_213' title='bbox 3533 1419 3722 1471; x_wconf 91' lang='lat' dir='ltr'><strong>tremo</strong></span> 
     </span>
    </p>
   </div>
   <div class='ocr_carea' id='block_1_30' title="bbox 2081 1495 3721 1576">
    <p class='ocr_par' dir='ltr' id='par_1_30' title="bbox 2081 1495 3721 1576">
     <span class='ocr_line' id='line_1_31' title="bbox 2081 1495 3721 1576; baseline 0 -19"><span class='ocrx_word' id='word_1_214' title='bbox 2081 1497 2216 1559; x_wconf 87' lang='lat' dir='ltr'><strong>totis</strong></span> <span class='ocrx_word' id='word_1_215' title='bbox 2237 1497 2496 1557; x_wconf 88' lang='lat' dir='ltr'><strong>artubus.</strong></span> <span class='ocrx_word' id='word_1_216' title='bbox 2524 1495 2742 1576; x_wconf 82' lang='lat' dir='ltr'><strong>Objicit</strong></span> <span class='ocrx_word' id='word_1_217' title='bbox 2775 1496 2920 1556; x_wconf 90' lang='lat' dir='ltr'><strong>mihi</strong></span> <span class='ocrx_word' id='word_1_218' title='bbox 2953 1505 3011 1557; x_wconf 90' lang='lat' dir='ltr'><strong>et</strong></span> <span class='ocrx_word' id='word_1_219' title='bbox 3070 1497 3214 1557; x_wconf 90' lang='lat' dir='ltr'><strong>dicit</strong></span> <span class='ocrx_word' id='word_1_220' title='bbox 3243 1498 3402 1559; x_wconf 87' lang='lat' dir='ltr'><strong>vafer</strong></span> <span class='ocrx_word' id='word_1_221' title='bbox 3431 1497 3530 1558; x_wconf 92' lang='lat' dir='ltr'><strong>ille</strong></span> <span class='ocrx_word' id='word_1_222' title='bbox 3560 1519 3574 1557; x_wconf 87' lang='lat'>:</span> <span class='ocrx_word' id='word_1_223' title='bbox 3608 1496 3721 1571; x_wconf 92' lang='lat' dir='ltr'><strong>En,</strong></span> 
     </span>
    </p>
   </div>
   <div class='ocr_carea' id='block_1_31' title="bbox 355 1580 3718 1665">
    <p class='ocr_par' dir='ltr' id='par_1_31' title="bbox 355 1580 3718 1665">
     <span class='ocr_line' id='line_1_32' title="bbox 355 1580 3718 1665; baseline 0.006 -26"><span class='ocrx_word' id='word_1_224' title='bbox 355 1580 519 1641; x_wconf 90' lang='lat' dir='ltr'><strong>nium</strong></span> <span class='ocrx_word' id='word_1_225' title='bbox 553 1581 658 1642; x_wconf 86' lang='lat' dir='ltr'><strong>tibi</strong></span> <span class='ocrx_word' id='word_1_226' title='bbox 690 1583 896 1645; x_wconf 89' lang='lat' dir='ltr'><strong>dantes</strong></span> <span class='ocrx_word' id='word_1_227' title='bbox 926 1587 1255 1650; x_wconf 90' lang='lat' dir='ltr'><strong>ostendisti.</strong></span> <span class='ocrx_word' id='word_1_228' title='bbox 1308 1589 1516 1662; x_wconf 87' lang='lat' dir='ltr'><strong>Etiam,</strong></span> <span class='ocrx_word' id='word_1_229' title='bbox 1585 1593 1729 1654; x_wconf 83' lang='lat' dir='ltr'><strong>dixit</strong></span> <span class='ocrx_word' id='word_1_230' title='bbox 1758 1615 1991 1659; x_wconf 89' lang='lat' dir='ltr'><strong>rursum</strong></span> <span class='ocrx_word' id='word_1_231' title='bbox 2017 1613 2056 1662; x_wconf 79' lang='grc' dir='ltr'><strong>Β</strong></span> <span class='ocrx_word' id='word_1_232' title='bbox 2081 1604 2196 1646; x_wconf 81' lang='grc' dir='ltr'><strong>ηοη</strong></span> <span class='ocrx_word' id='word_1_233' title='bbox 2232 1585 2470 1662; x_wconf 70' lang='lat' dir='ltr'><strong>Vigilas;</strong></span> <span class='ocrx_word' id='word_1_234' title='bbox 2507 1603 2603 1657; x_wconf 75' lang='grc' dir='ltr'><strong>θη,</strong></span> <span class='ocrx_word' id='word_1_235' title='bbox 2653 1603 2767 1644; x_wconf 78' lang='grc' dir='ltr'><strong>ηοη</strong></span> <span class='ocrx_word' id='word_1_236' title='bbox 2823 1602 3066 1645; x_wconf 64' lang='lat' dir='ltr'><strong>exerces</strong></span> <span class='ocrx_word' id='word_1_237' title='bbox 3119 1586 3582 1647; x_wconf 58' lang='lat' dir='ltr'><strong>continentiam:</strong></span> <span class='ocrx_word' id='word_1_238' title='bbox 3617 1605 3718 1665; x_wconf 74' lang='grc' dir='ltr'><strong>θη,</strong></span> 
     </span>
    </p>
   </div>
   <div class='ocr_carea' id='block_1_32' title="bbox 354 1669 1998 1766">
    <p class='ocr_par' dir='ltr' id='par_1_32' title="bbox 354 1669 1998 1766">
     <span class='ocr_line' id='line_1_33' title="bbox 354 1669 1998 1766; baseline 0.012 -38"><span class='ocrx_word' id='word_1_239' title='bbox 354 1669 528 1766; x_wconf 50' lang='lat' dir='ltr'><strong>fater</strong></span> <span class='ocrx_word' id='word_1_240' title='bbox 562 1689 665 1749; x_wconf 85' lang='lat' dir='ltr'><strong>per</strong></span> <span class='ocrx_word' id='word_1_241' title='bbox 705 1671 941 1734; x_wconf 92' lang='lat' dir='ltr'><strong>Filium.</strong></span> <span class='ocrx_word' id='word_1_242' title='bbox 1115 1676 1332 1754; x_wconf 84' lang='lat' dir='ltr'><strong>adjecit</strong></span> <span class='ocrx_word' id='word_1_243' title='bbox 1389 1677 1685 1758; x_wconf 91' lang='lat' dir='ltr'><strong>Spiritus:</strong></span> <span class='ocrx_word' id='word_1_244' title='bbox 1721 1683 1873 1747; x_wconf 88' lang='lat' dir='ltr'><strong>Vere</strong></span> <span class='ocrx_word' id='word_1_245' title='bbox 1899 1687 1998 1766; x_wconf 90' lang='lat' dir='ltr'><strong>qui</strong></span> 
     </span>
    </p>
   </div>
   <div class='ocr_carea' id='block_1_33' title="bbox 353 1755 1996 1847">
    <p class='ocr_par' dir='ltr' id='par_1_33' title="bbox 353 1755 1996 1847">
     <span class='ocr_line' id='line_1_34' title="bbox 353 1755 1996 1847; baseline 0.013 -33"><span class='ocrx_word' id='word_1_246' title='bbox 353 1755 538 1847; x_wconf 76' lang='lat' dir='ltr'><strong>Deum</strong></span> <span class='ocrx_word' id='word_1_247' title='bbox 576 1767 693 1818; x_wconf 94' lang='lat' dir='ltr'><strong>toto</strong></span> <span class='ocrx_word' id='word_1_248' title='bbox 721 1768 958 1838; x_wconf 85' lang='lat' dir='ltr'><strong>pectore</strong></span> <span class='ocrx_word' id='word_1_249' title='bbox 979 1762 1253 1840; x_wconf 84' lang='lat' dir='ltr'><strong>diligunt,</strong></span> <span class='ocrx_word' id='word_1_250' title='bbox 1289 1776 1343 1826; x_wconf 92' lang='lat' dir='ltr'><strong>et</strong></span> <span class='ocrx_word' id='word_1_251' title='bbox 1384 1755 1448 1826; x_wconf 84' lang='lat' dir='ltr'><strong>in</strong></span> <span class='ocrx_word' id='word_1_252' title='bbox 1477 1769 1606 1847; x_wconf 83' lang='lat' dir='ltr'><strong>ejus</strong></span> <span class='ocrx_word' id='word_1_253' title='bbox 1636 1771 1819 1832; x_wconf 90' lang='lat' dir='ltr'><strong>solius</strong></span> <span class='ocrx_word' id='word_1_254' title='bbox 1851 1755 1996 1836; x_wconf 29' lang='lat' dir='ltr'><strong>chia-</strong></span> 
     </span>
    </p>
   </div>
   <div class='ocr_carea' id='block_1_34' title="bbox 355 1843 1997 1937">
    <p class='ocr_par' dir='ltr' id='par_1_34' title="bbox 355 1843 1997 1937">
     <span class='ocr_line' id='line_1_35' title="bbox 355 1843 1997 1937; baseline 0.012 -33"><span class='ocrx_word' id='word_1_255' title='bbox 355 1843 527 1937; x_wconf 79' lang='lat' dir='ltr'><strong>ritate</strong></span> <span class='ocrx_word' id='word_1_256' title='bbox 559 1849 903 1926; x_wconf 87' lang='lat' dir='ltr'><strong>persistunt,</strong></span> <span class='ocrx_word' id='word_1_257' title='bbox 962 1862 1020 1913; x_wconf 88' lang='lat' dir='ltr'><strong>et</strong></span> <span class='ocrx_word' id='word_1_258' title='bbox 1075 1851 1134 1910; x_wconf 90' lang='lat' dir='ltr'><strong>in</strong></span> <span class='ocrx_word' id='word_1_259' title='bbox 1194 1853 1368 1914; x_wconf 88' lang='lat' dir='ltr'><strong>horas</strong></span> <span class='ocrx_word' id='word_1_260' title='bbox 1428 1843 1680 1937; x_wconf 67' lang='lat' dir='ltr'><strong>propria:</strong></span> <span class='ocrx_word' id='word_1_261' title='bbox 1718 1861 1997 1924; x_wconf 89' lang='lat' dir='ltr'><strong>voluntati</strong></span> 
     </span>
    </p>
   </div>
   <div class='ocr_carea' id='block_1_35' title="bbox 355 1933 1993 2018">
    <p class='ocr_par' dir='ltr' id='par_1_35' title="bbox 355 1933 1993 2018">
     <span class='ocr_line' id='line_1_36' title="bbox 355 1933 1993 2018; baseline 0.014 -27"><span class='ocrx_word' id='word_1_262' title='bbox 355 1933 709 2010; x_wconf 91' lang='lat' dir='ltr'><strong>moriuntur,</strong></span> <span class='ocrx_word' id='word_1_263' title='bbox 747 1937 806 1997; x_wconf 91' lang='lat' dir='ltr'><strong>hi</strong></span> <span class='ocrx_word' id='word_1_264' title='bbox 833 1940 1167 2015; x_wconf 86' lang='lat' dir='ltr'><strong>etgermani</strong></span> <span class='ocrx_word' id='word_1_265' title='bbox 1192 1942 1366 2002; x_wconf 90' lang='lat' dir='ltr'><strong>amici</strong></span> <span class='ocrx_word' id='word_1_266' title='bbox 1392 1933 1622 2018; x_wconf 43' lang='lat' dir='ltr'><strong>mei,&#39;hi</strong></span> <span class='ocrx_word' id='word_1_267' title='bbox 1652 1955 1709 2007; x_wconf 93' lang='lat' dir='ltr'><strong>et</strong></span> <span class='ocrx_word' id='word_1_268' title='bbox 1731 1951 1993 2013; x_wconf 68' lang='lat' dir='ltr'><strong>cohaere-</strong></span> 
     </span>
    </p>
   </div>
   <div class='ocr_carea' id='block_1_36' title="bbox 348 2020 1994 2117">
    <p class='ocr_par' dir='ltr' id='par_1_36' title="bbox 348 2020 1994 2117">
     <span class='ocr_line' id='line_1_37' title="bbox 348 2020 1994 2117; baseline 0.013 -37"><span class='ocrx_word' id='word_1_269' title='bbox 348 2020 574 2117; x_wconf 69' lang='lat' dir='ltr'><strong>d_es,__hi</strong></span> <span class='ocrx_word' id='word_1_270' title='bbox 605 2031 659 2084; x_wconf 92' lang='lat' dir='ltr'><strong>et</strong></span> <span class='ocrx_word' id='word_1_271' title='bbox 693 2026 821 2086; x_wconf 92' lang='lat' dir='ltr'><strong>sine</strong></span> <span class='ocrx_word' id='word_1_272' title='bbox 888 2027 1240 2104; x_wconf 85' lang='lat' dir='ltr'><strong>ungula-rum</strong></span> <span class='ocrx_word' id='word_1_273' title='bbox 1274 2029 1514 2106; x_wconf 90' lang='lat' dir='ltr'><strong>laniatu,</strong></span> <span class='ocrx_word' id='word_1_274' title='bbox 1578 2033 1706 2096; x_wconf 88' lang='lat' dir='ltr'><strong>sine</strong></span> <span class='ocrx_word' id='word_1_275' title='bbox 1737 2055 1994 2117; x_wconf 87' lang='lat' dir='ltr'><strong>suspen-</strong></span> 
     </span>
    </p>
   </div>
   <div class='ocr_carea' id='block_1_37' title="bbox 347 2109 1990 2205">
    <p class='ocr_par' dir='ltr' id='par_1_37' title="bbox 347 2109 1990 2205">
     <span class='ocr_line' id='line_1_38' title="bbox 347 2109 1990 2205; baseline 0.012 -36"><span class='ocrx_word' id='word_1_276' title='bbox 347 2109 636 2205; x_wconf 32' lang='lat' dir='ltr'><strong>sionibu-s,</strong></span> <span class='ocrx_word' id='word_1_277' title='bbox 667 2114 813 2175; x_wconf 74' lang='lat' dir='ltr'><strong>focis</strong></span> <span class='ocrx_word' id='word_1_278' title='bbox 835 2125 891 2176; x_wconf 94' lang='lat' dir='ltr'><strong>et</strong></span> <span class='ocrx_word' id='word_1_279' title='bbox 913 2116 1236 2205; x_wconf 81' lang='lat' dir='ltr'><strong>lebetibus,</strong></span> <span class='ocrx_word' id='word_1_280' title='bbox 1265 2118 1395 2180; x_wconf 90' lang='lat' dir='ltr'><strong>sine</strong></span> <span class='ocrx_word' id='word_1_281' title='bbox 1426 2131 1710 2184; x_wconf 79' lang='lat' dir='ltr'><strong>exurente</strong></span> <span class='ocrx_word' id='word_1_282' title='bbox 1733 2109 1990 2205; x_wconf 84' lang='lat' dir='ltr'><strong>ﬂamma,</strong></span> 
     </span>
    </p>
   </div>
   <div class='ocr_carea' id='block_1_38' title="bbox 350 2199 1994 2286">
    <p class='ocr_par' dir='ltr' id='par_1_38' title="bbox 350 2199 1994 2286">
     <span class='ocr_line' id='line_1_39' title="bbox 350 2199 1994 2286; baseline 0.011 -27"><span class='ocrx_word' id='word_1_283' title='bbox 350 2205 406 2259; x_wconf 87' lang='lat' dir='ltr'><strong>et</strong></span> <span class='ocrx_word' id='word_1_284' title='bbox 437 2199 647 2275; x_wconf 84' lang='lat' dir='ltr'><strong>gladiis</strong></span> <span class='ocrx_word' id='word_1_285' title='bbox 677 2204 1042 2275; x_wconf 88' lang='lat' dir='ltr'><strong>secantibus,</strong></span> <span class='ocrx_word' id='word_1_286' title='bbox 1093 2206 1218 2265; x_wconf 88' lang='lat' dir='ltr'><strong>sola</strong></span> <span class='ocrx_word' id='word_1_287' title='bbox 1247 2206 1635 2286; x_wconf 83' lang='lat' dir='ltr'><strong>abnegatione</strong></span> <span class='ocrx_word' id='word_1_288' title='bbox 1679 2199 1994 2277; x_wconf 74' lang='lat' dir='ltr'><strong>voluntatis</strong></span> 
     </span>
    </p>
   </div>
   <div class='ocr_carea' id='block_1_39' title="bbox 2079 1672 3724 1754">
    <p class='ocr_par' dir='ltr' id='par_1_39' title="bbox 2079 1672 3724 1754">
     <span class='ocr_line' id='line_1_40' title="bbox 2079 1672 3724 1754; baseline 0 -20"><span class='ocrx_word' id='word_1_289' title='bbox 2079 1693 2194 1734; x_wconf 91' lang='lat' dir='ltr'><strong>non</strong></span> <span class='ocrx_word' id='word_1_290' title='bbox 2229 1675 2566 1754; x_wconf 77' lang='lat' dir='ltr'><strong>frequentas</strong></span> <span class='ocrx_word' id='word_1_291' title='bbox 2591 1690 2818 1750; x_wconf 91' lang='lat' dir='ltr'><strong>preces,</strong></span> <span class='ocrx_word' id='word_1_292' title='bbox 2845 1691 2961 1732; x_wconf 85' lang='lat' dir='ltr'><strong>non</strong></span> <span class='ocrx_word' id='word_1_293' title='bbox 2979 1672 3351 1734; x_wconf 89' lang='lat' dir='ltr'><strong>adorationes</strong></span> <span class='ocrx_word' id='word_1_294' title='bbox 3375 1695 3390 1749; x_wconf 81' lang='lat'><strong>;</strong></span> <span class='ocrx_word' id='word_1_295' title='bbox 3416 1693 3532 1734; x_wconf 90' lang='lat' dir='ltr'><strong>non</strong></span> <span class='ocrx_word' id='word_1_296' title='bbox 3556 1692 3724 1736; x_wconf 78' lang='lat' dir='ltr'><strong>exer-</strong></span> 
     </span>
    </p>
   </div>
   <div class='ocr_carea' id='block_1_40' title="bbox 2079 1761 3723 1842">
    <p class='ocr_par' dir='ltr' id='par_1_40' title="bbox 2079 1761 3723 1842">
     <span class='ocr_line' id='line_1_41' title="bbox 2079 1761 3723 1842; baseline 0 -20"><span class='ocrx_word' id='word_1_297' title='bbox 2079 1781 2179 1823; x_wconf 90' lang='lat' dir='ltr'><strong>ces</strong></span> <span class='ocrx_word' id='word_1_298' title='bbox 2231 1762 2485 1835; x_wconf 82' lang='lat' dir='ltr'><strong>labores,</strong></span> <span class='ocrx_word' id='word_1_299' title='bbox 2544 1780 2692 1840; x_wconf 89' lang='lat' dir='ltr'><strong>quos</strong></span> <span class='ocrx_word' id='word_1_300' title='bbox 2753 1761 2891 1821; x_wconf 93' lang='lat' dir='ltr'><strong>olim</strong></span> <span class='ocrx_word' id='word_1_301' title='bbox 2943 1780 3005 1820; x_wconf 93' lang='lat' dir='ltr'><strong>es</strong></span> <span class='ocrx_word' id='word_1_302' title='bbox 3063 1763 3618 1842; x_wconf 70' lang='lat' dir='ltr'><strong>ingressus;atque</strong></span> <span class='ocrx_word' id='word_1_303' title='bbox 3647 1761 3723 1822; x_wconf 91' lang='lat' dir='ltr'><strong>ob</strong></span> 
     </span>
    </p>
   </div>
   <div class='ocr_carea' id='block_1_41' title="bbox 2081 1849 3722 1930">
    <p class='ocr_par' dir='ltr' id='par_1_41' title="bbox 2081 1849 3722 1930">
     <span class='ocr_line' id='line_1_42' title="bbox 2081 1849 3722 1930; baseline 0 -20"><span class='ocrx_word' id='word_1_304' title='bbox 2081 1850 2205 1910; x_wconf 68' lang='lat' dir='ltr'><strong>haec</strong></span> <span class='ocrx_word' id='word_1_305' title='bbox 2235 1851 2360 1910; x_wconf 91' lang='lat' dir='ltr'><strong>sola</strong></span> <span class='ocrx_word' id='word_1_306' title='bbox 2390 1851 2748 1910; x_wconf 88' lang='lat' dir='ltr'><strong>abstractum</strong></span> <span class='ocrx_word' id='word_1_307' title='bbox 2800 1857 2855 1908; x_wconf 93' lang='lat' dir='ltr'><strong>te</strong></span> <span class='ocrx_word' id='word_1_308' title='bbox 2884 1868 2917 1909; x_wconf 91' lang='lat' dir='ltr'><strong>a</strong></span> <span class='ocrx_word' id='word_1_309' title='bbox 2974 1849 3205 1911; x_wconf 84' lang='lat' dir='ltr'><strong>Christo</strong></span> <span class='ocrx_word' id='word_1_310' title='bbox 3239 1869 3469 1911; x_wconf 90' lang='lat' dir='ltr'><strong>mecum</strong></span> <span class='ocrx_word' id='word_1_311' title='bbox 3497 1849 3722 1930; x_wconf 89' lang='lat' dir='ltr'><strong>rapiam</strong></span> 
     </span>
    </p>
   </div>
   <div class='ocr_carea' id='block_1_42' title="bbox 2081 1937 3725 2016">
    <p class='ocr_par' dir='ltr' id='par_1_42' title="bbox 2081 1937 3725 2016">
     <span class='ocr_line' id='line_1_43' title="bbox 2081 1937 3725 2016; baseline 0 -18"><span class='ocrx_word' id='word_1_312' title='bbox 2081 1939 2139 1998; x_wconf 92' lang='lat' dir='ltr'><strong>in</strong></span> <span class='ocrx_word' id='word_1_313' title='bbox 2173 1939 2390 2016; x_wconf 81' lang='lat' dir='ltr'><strong>ignem,</strong></span> <span class='ocrx_word' id='word_1_314' title='bbox 2427 1938 2526 2016; x_wconf 92' lang='lat' dir='ltr'><strong>qui</strong></span> <span class='ocrx_word' id='word_1_315' title='bbox 2570 1956 2687 1996; x_wconf 93' lang='lat' dir='ltr'><strong>non</strong></span> <span class='ocrx_word' id='word_1_316' title='bbox 2748 1938 3156 2015; x_wconf 86' lang='lat' dir='ltr'><strong>exstinguitur.</strong></span> <span class='ocrx_word' id='word_1_317' title='bbox 3213 1937 3331 2016; x_wconf 83' lang='lat' dir='ltr'><strong>Ego</strong></span> <span class='ocrx_word' id='word_1_318' title='bbox 3389 1957 3554 2014; x_wconf 89' lang='lat' dir='ltr'><strong>vero,</strong></span> <span class='ocrx_word' id='word_1_319' title='bbox 3579 1947 3644 1999; x_wconf 92' lang='lat' dir='ltr'><strong>ut</strong></span> <span class='ocrx_word' id='word_1_320' title='bbox 3665 1946 3725 1998; x_wconf 92' lang='lat' dir='ltr'><strong>tu</strong></span> 
     </span>
    </p>
   </div>
   <div class='ocr_carea' id='block_1_43' title="bbox 2079 2025 3721 2106">
    <p class='ocr_par' dir='ltr' id='par_1_43' title="bbox 2079 2025 3721 2106">
     <span class='ocr_line' id='line_1_44' title="bbox 2079 2025 3721 2106; baseline -0.002 -17"><span class='ocrx_word' id='word_1_321' title='bbox 2079 2029 2218 2101; x_wconf 85' lang='lat' dir='ltr'><strong>scis,</strong></span> <span class='ocrx_word' id='word_1_322' title='bbox 2243 2027 2514 2101; x_wconf 88' lang='lat' dir='ltr'><strong>Domine,</strong></span> <span class='ocrx_word' id='word_1_323' title='bbox 2542 2045 2838 2106; x_wconf 83' lang='lat' dir='ltr'><strong>nunquam</strong></span> <span class='ocrx_word' id='word_1_324' title='bbox 2863 2027 2922 2086; x_wconf 91' lang='lat' dir='ltr'><strong>in</strong></span> <span class='ocrx_word' id='word_1_325' title='bbox 2948 2026 3252 2105; x_wconf 88' lang='lat' dir='ltr'><strong>operibus,</strong></span> <span class='ocrx_word' id='word_1_326' title='bbox 3275 2025 3721 2088; x_wconf 90' lang='lat' dir='ltr'><strong>autactionibus</strong></span> 
     </span>
    </p>
   </div>
   <div class='ocr_carea' id='block_1_44' title="bbox 2079 2115 3721 2190">
    <p class='ocr_par' dir='ltr' id='par_1_44' title="bbox 2079 2115 3721 2190">
     <span class='ocr_line' id='line_1_45' title="bbox 2079 2115 3721 2190; baseline -0.001 -13"><span class='ocrx_word' id='word_1_327' title='bbox 2079 2118 2290 2178; x_wconf 61' lang='lat' dir='ltr'><strong>animas</strong></span> <span class='ocrx_word' id='word_1_328' title='bbox 2321 2133 2467 2177; x_wconf 87' lang='lat' dir='ltr'><strong>meae</strong></span> <span class='ocrx_word' id='word_1_329' title='bbox 2493 2115 2738 2175; x_wconf 88' lang='lat' dir='ltr'><strong>salutem</strong></span> <span class='ocrx_word' id='word_1_330' title='bbox 2773 2115 3045 2175; x_wconf 90' lang='lat' dir='ltr'><strong>constitui</strong></span> <span class='ocrx_word' id='word_1_331' title='bbox 3077 2115 3220 2190; x_wconf 89' lang='lat' dir='ltr'><strong>;sed</strong></span> <span class='ocrx_word' id='word_1_332' title='bbox 3263 2115 3333 2174; x_wconf 92' lang='lat' dir='ltr'><strong>ad</strong></span> <span class='ocrx_word' id='word_1_333' title='bbox 3357 2123 3511 2175; x_wconf 90' lang='lat' dir='ltr'><strong>tuam</strong></span> <span class='ocrx_word' id='word_1_334' title='bbox 3538 2115 3721 2176; x_wconf 86' lang='lat' dir='ltr'><strong>mise-</strong></span> 
     </span>
    </p>
   </div>
   <div class='ocr_carea' id='block_1_45' title="bbox 2078 2202 3721 2282">
    <p class='ocr_par' dir='ltr' id='par_1_45' title="bbox 2078 2202 3721 2282">
     <span class='ocr_line' id='line_1_46' title="bbox 2078 2202 3721 2282; baseline -0.001 -17"><span class='ocrx_word' id='word_1_335' title='bbox 2078 2205 2393 2266; x_wconf 89' lang='lat' dir='ltr'><strong>ricordiam</strong></span> <span class='ocrx_word' id='word_1_336' title='bbox 2471 2202 3016 2282; x_wconf 85' lang='lat' dir='ltr'><strong>benignitatemque</strong></span> <span class='ocrx_word' id='word_1_337' title='bbox 3101 2202 3376 2281; x_wconf 77' lang='lat' dir='ltr'><strong>confugi;</strong></span> <span class='ocrx_word' id='word_1_338' title='bbox 3435 2205 3721 2278; x_wconf 82' lang='lat' dir='ltr'><strong>conlisus,</strong></span> 
     </span>
    </p>
   </div>
   <div class='ocr_carea' id='block_1_46' title="bbox 351 2290 3721 2380">
    <p class='ocr_par' dir='ltr' id='par_1_46' title="bbox 351 2290 3721 2380">
     <span class='ocr_line' id='line_1_47' title="bbox 351 2290 3721 2380; baseline 0.007 -35"><span class='ocrx_word' id='word_1_339' title='bbox 351 2295 644 2380; x_wconf 77' lang='lat' dir='ltr'><strong>martyres</strong></span> <span class='ocrx_word' id='word_1_340' title='bbox 675 2300 830 2355; x_wconf 91' lang='lat' dir='ltr'><strong>sunt.</strong></span> <span class='ocrx_word' id='word_1_341' title='bbox 887 2293 972 2353; x_wconf 88' lang='lat' dir='ltr'><strong>Ad</strong></span> <span class='ocrx_word' id='word_1_342' title='bbox 1028 2294 1153 2355; x_wconf 84' lang='lat' dir='ltr'><strong>haec</strong></span> <span class='ocrx_word' id='word_1_343' title='bbox 1208 2306 1704 2375; x_wconf 63' lang='lat' dir='ltr'><strong>supramundanm</strong></span> <span class='ocrx_word' id='word_1_344' title='bbox 1735 2302 1998 2380; x_wconf 87' lang='lat' dir='ltr'><strong>legiones</strong></span> <span class='ocrx_word' id='word_1_345' title='bbox 2081 2293 2358 2374; x_wconf 82' lang='lat' dir='ltr'><strong>quoniam</strong></span> <span class='ocrx_word' id='word_1_346' title='bbox 2391 2309 2454 2355; x_wconf 75' lang='lat' dir='ltr'><strong>es</strong></span> <span class='ocrx_word' id='word_1_347' title='bbox 2481 2310 2712 2352; x_wconf 76' lang='lat' dir='ltr'><strong>summe</strong></span> <span class='ocrx_word' id='word_1_348' title='bbox 2740 2291 3104 2380; x_wconf 57' lang='grc' dir='ltr'><strong>ῐῐιίεσξΐίοφΐδν</strong></span> <span class='ocrx_word' id='word_1_349' title='bbox 3136 2309 3229 2380; x_wconf 69' lang='grc' dir='ltr'><strong>[ηε</strong></span> <span class='ocrx_word' id='word_1_350' title='bbox 3251 2291 3502 2380; x_wconf 53' lang='grc' dir='ltr'><strong>ἕτθξυίῐο</strong></span> <span class='ocrx_word' id='word_1_351' title='bbox 3526 2290 3631 2380; x_wconf 62' lang='grc' dir='ltr'><strong>ἃδε</strong></span> <span class='ocrx_word' id='word_1_352' title='bbox 3665 2300 3721 2352; x_wconf 59' lang='lat' dir='ltr'><strong>te</strong></span> 
     </span>
    </p>
   </div>
   <div class='ocr_carea' id='block_1_47' title="bbox 350 2373 1998 2469">
    <p class='ocr_par' dir='ltr' id='par_1_47' title="bbox 350 2373 1995 2469">
     <span class='ocr_line' id='line_1_48' title="bbox 350 2373 1995 2469; baseline 0.011 -34"><span class='ocrx_word' id='word_1_353' title='bbox 350 2373 526 2469; x_wconf 79' lang='lat' dir='ltr'><strong>simul</strong></span> <span class='ocrx_word' id='word_1_354' title='bbox 559 2397 766 2439; x_wconf 86' lang='lat' dir='ltr'><strong>omnes</strong></span> <span class='ocrx_word' id='word_1_355' title='bbox 797 2381 1002 2443; x_wconf 69' lang='lat' dir='ltr'><strong>laatatae</strong></span> <span class='ocrx_word' id='word_1_356' title='bbox 1063 2373 1507 2445; x_wconf 16' lang='lat' dir='ltr'><strong>exclamrarunt:</strong></span> <span class='ocrx_word' id='word_1_357' title='bbox 1559 2373 1995 2469; x_wconf 44' lang='lat' dir='ltr'><strong>Justum&#39;judi-</strong></span> 
     </span>
    </p>
   </div>
   <div class='ocr_carea' id='block_1_48' title="bbox 2086 2373 3723 2469">
    <p class='ocr_par' dir='ltr' id='par_1_48' title="bbox 2086 2373 3723 2454">
     <span class='ocr_line' id='line_1_49' title="bbox 2086 2373 3723 2454; baseline -0.002 -11"><span class='ocrx_word' id='word_1_358' title='bbox 2086 2373 2370 2443; x_wconf 81' lang='lat' dir='ltr'><strong>salvatum</strong></span> <span class='ocrx_word' id='word_1_359' title='bbox 2402 2381 2516 2441; x_wconf 93' lang='lat' dir='ltr'><strong>iri:</strong></span> <span class='ocrx_word' id='word_1_360' title='bbox 2555 2388 2612 2440; x_wconf 87' lang='lat' dir='ltr'><strong>et</strong></span> <span class='ocrx_word' id='word_1_361' title='bbox 2663 2378 3043 2440; x_wconf 79' lang='lat' dir='ltr'><strong>misereberis</strong></span> <span class='ocrx_word' id='word_1_362' title='bbox 3100 2379 3213 2438; x_wconf 90' lang='lat' dir='ltr'><strong>mei</strong></span> <span class='ocrx_word' id='word_1_363' title='bbox 3249 2387 3310 2439; x_wconf 89' lang='lat' dir='ltr'><strong>ut</strong></span> <span class='ocrx_word' id='word_1_364' title='bbox 3340 2377 3538 2454; x_wconf 90' lang='lat' dir='ltr'><strong>Deus;</strong></span> <span class='ocrx_word' id='word_1_365' title='bbox 3570 2379 3723 2439; x_wconf 91' lang='lat' dir='ltr'><strong>sicut</strong></span> 
     </span>
    </p>
   </div>
   <div class='ocr_carea' id='block_1_49' title="bbox 349 2463 3719 2554">
    <p class='ocr_par' dir='ltr' id='par_1_49' title="bbox 349 2463 3719 2554">
     <span class='ocr_line' id='line_1_50' title="bbox 349 2463 3719 2554; baseline 0.006 -30"><span class='ocrx_word' id='word_1_366' title='bbox 349 2463 506 2524; x_wconf 80' lang='lat' dir='ltr'><strong>cium</strong></span> <span class='ocrx_word' id='word_1_367' title='bbox 536 2469 789 2544; x_wconf 61' lang='lat' dir='ltr'><strong>tuum“),</strong></span> <span class='ocrx_word' id='word_1_368' title='bbox 848 2471 1423 2534; x_wconf 88' lang='lat' dir='ltr'><strong>misericordissime.</strong></span> <span class='ocrx_word' id='word_1_369' title='bbox 1473 2463 1996 2554; x_wconf 40' lang='lat' dir='ltr'><strong>Scribatur,&#39;obsi-</strong></span> <span class='ocrx_word' id='word_1_370' title='bbox 2082 2470 2396 2551; x_wconf 71' lang='lat' dir='ltr'><strong>aliquando</strong></span> <span class='ocrx_word' id='word_1_371' title='bbox 2430 2469 2703 2530; x_wconf 69' lang='grc' dir='ltr'><strong>ιηίεθτίυε</strong></span> <span class='ocrx_word' id='word_1_372' title='bbox 2735 2487 2798 2528; x_wconf 72' lang='lat' dir='ltr'><strong>es</strong></span> <span class='ocrx_word' id='word_1_373' title='bbox 2851 2466 3204 2542; x_wconf 65' lang='grc' dir='ltr'><strong>ίηθΐθῑνίείδι</strong></span> <span class='ocrx_word' id='word_1_374' title='bbox 3243 2475 3299 2528; x_wconf 73' lang='grc' dir='ltr'><strong>εί</strong></span> <span class='ocrx_word' id='word_1_375' title='bbox 3327 2467 3430 2527; x_wconf 67' lang='lat' dir='ltr'><strong>ﬁlii</strong></span> <span class='ocrx_word' id='word_1_376' title='bbox 3464 2467 3719 2547; x_wconf 69' lang='grc' dir='ltr'><strong>ΡΓοάίὲίι</strong></span> 
     </span>
    </p>
   </div>
   <div class='ocr_carea' id='block_1_50' title="bbox 353 2554 3718 2641">
    <p class='ocr_par' dir='ltr' id='par_1_50' title="bbox 353 2554 3718 2641">
     <span class='ocr_line' id='line_1_51' title="bbox 353 2554 3718 2641; baseline 0.001 -29"><span class='ocrx_word' id='word_1_377' title='bbox 353 2560 571 2628; x_wconf 82' lang='lat' dir='ltr'><strong>gnetur</strong></span> <span class='ocrx_word' id='word_1_378' title='bbox 597 2554 658 2616; x_wconf 91' lang='lat' dir='ltr'><strong>in</strong></span> <span class='ocrx_word' id='word_1_379' title='bbox 689 2559 1141 2638; x_wconf 89' lang='lat' dir='ltr'><strong>sempiternum.</strong></span> <span class='ocrx_word' id='word_1_380' title='bbox 1632 2601 1634 2603; x_wconf 64' lang='grc'><strong>›</strong></span> <span class='ocrx_word' id='word_1_381' title='bbox 2084 2568 2389 2641; x_wconf 87' lang='lat' dir='ltr'><strong>postquam</strong></span> <span class='ocrx_word' id='word_1_382' title='bbox 2424 2557 2570 2618; x_wconf 85' lang='lat' dir='ltr'><strong>dixit</strong></span> <span class='ocrx_word' id='word_1_383' title='bbox 2605 2579 2616 2616; x_wconf 92' lang='lat'>:</span> <span class='ocrx_word' id='word_1_384' title='bbox 2663 2557 2935 2618; x_wconf 79' lang='lat' dir='ltr'><strong>Peccavi.</strong></span> <span class='ocrx_word' id='word_1_385' title='bbox 2964 2559 3106 2619; x_wconf 87' lang='lat' dir='ltr'><strong>Cum</strong></span> <span class='ocrx_word' id='word_1_386' title='bbox 3135 2557 3244 2616; x_wconf 90' lang='lat' dir='ltr'><strong>hac</strong></span> <span class='ocrx_word' id='word_1_387' title='bbox 3293 2556 3408 2617; x_wconf 90' lang='lat' dir='ltr'><strong>ﬁde</strong></span> <span class='ocrx_word' id='word_1_388' title='bbox 3439 2555 3718 2630; x_wconf 87' lang='lat' dir='ltr'><strong>cucurri;</strong></span> 
     </span>
    </p>
   </div>
   <div class='ocr_carea' id='block_1_51' title="bbox 946 2645 3715 2726">
    <p class='ocr_par' dir='ltr' id='par_1_51' title="bbox 946 2645 3715 2726">
     <span class='ocr_line' id='line_1_52' title="bbox 946 2645 3715 2726; baseline -0.005 -7"><span class='ocrx_word' id='word_1_389' title='bbox 946 2662 1187 2725; x_wconf 89' lang='lat' dir='ltr'><strong>CAPUT</strong></span> <span class='ocrx_word' id='word_1_390' title='bbox 1229 2663 1408 2726; x_wconf 81' lang='lat' dir='ltr'><strong>XXIX</strong></span> <span class='ocrx_word' id='word_1_391' title='bbox 2079 2670 2210 2712; x_wconf 84' lang='lat' dir='ltr'><strong>cum</strong></span> <span class='ocrx_word' id='word_1_392' title='bbox 2242 2651 2352 2710; x_wconf 87' lang='lat' dir='ltr'><strong>hac</strong></span> <span class='ocrx_word' id='word_1_393' title='bbox 2380 2647 2596 2709; x_wconf 89' lang='lat' dir='ltr'><strong>ﬁducia</strong></span> <span class='ocrx_word' id='word_1_394' title='bbox 2625 2646 2756 2708; x_wconf 91' lang='lat' dir='ltr'><strong>veni</strong></span> <span class='ocrx_word' id='word_1_395' title='bbox 2785 2667 2798 2718; x_wconf 90' lang='lat'><strong>;</strong></span> <span class='ocrx_word' id='word_1_396' title='bbox 2844 2665 2976 2706; x_wconf 91' lang='lat' dir='ltr'><strong>cum</strong></span> <span class='ocrx_word' id='word_1_397' title='bbox 3003 2647 3112 2706; x_wconf 89' lang='lat' dir='ltr'><strong>hac</strong></span> <span class='ocrx_word' id='word_1_398' title='bbox 3131 2664 3237 2726; x_wconf 88' lang='lat' dir='ltr'><strong>spe</strong></span> <span class='ocrx_word' id='word_1_399' title='bbox 3258 2645 3331 2706; x_wconf 89' lang='lat' dir='ltr'><strong>ad</strong></span> <span class='ocrx_word' id='word_1_400' title='bbox 3360 2653 3418 2706; x_wconf 92' lang='lat' dir='ltr'><strong>te</strong></span> <span class='ocrx_word' id='word_1_401' title='bbox 3439 2645 3715 2717; x_wconf 91' lang='lat' dir='ltr'><strong>Domine,</strong></span> 
     </span>
    </p>
   </div>
   <div class='ocr_carea' id='block_1_52' title="bbox 355 2733 3722 2854">
    <p class='ocr_par' dir='ltr' id='par_1_52' title="bbox 355 2733 3722 2854">
     <span class='ocr_line' id='line_1_53' title="bbox 355 2733 3722 2854; baseline 0.004 -13"><span class='ocrx_word' id='word_1_402' title='bbox 355 2772 470 2852; x_wconf 60' lang='lat' dir='ltr'><strong>Qu,i</strong></span> <span class='ocrx_word' id='word_1_403' title='bbox 490 2789 600 2854; x_wconf 55' lang='grc' dir='ltr'><strong>Ρθῖἶ</strong></span> <span class='ocrx_word' id='word_1_404' title='bbox 621 2779 1263 2854; x_wconf 51' lang='grc' dir='ltr'><strong>σθπτρωηξθηθπίέῗαηθῖί</strong></span> <span class='ocrx_word' id='word_1_405' title='bbox 1290 2781 1566 2854; x_wconf 55' lang='lat' dir='ltr'><strong>Spiritus:</strong></span> <span class='ocrx_word' id='word_1_406' title='bbox 1581 2782 1692 2837; x_wconf 69' lang='lat' dir='ltr'><strong>Deo</strong></span> <span class='ocrx_word' id='word_1_407' title='bbox 1711 2783 1838 2854; x_wconf 67' lang='lat' dir='ltr'><strong><em>jam</em></strong></span> <span class='ocrx_word' id='word_1_408' title='bbox 1865 2796 1998 2839; x_wconf 71' lang='grc' dir='ltr'><strong>σοη·</strong></span> <span class='ocrx_word' id='word_1_409' title='bbox 2020 2842 2054 2854; x_wconf 61' lang='grc' dir='ltr'><strong>ι.</strong></span> <span class='ocrx_word' id='word_1_410' title='bbox 2350 2733 3597 2854; x_wconf 42' lang='grc' dir='ltr'><strong>(ἔπήηξέηἳιὲφεῗῖι.εὲἰὲἷηιῗςῑὲἷσοῗῗξῖἃ</strong></span> 
     </span>
    </p>
   </div>
   <div class='ocr_carea' id='block_1_53' title="bbox 417 2820 3720 2916">
    <p class='ocr_par' dir='ltr' id='par_1_53' title="bbox 417 2820 3720 2916">
     <span class='ocr_line' id='line_1_54' title="bbox 417 2820 3720 2916; baseline -0.002 -19"><span class='ocrx_word' id='word_1_411' title='bbox 417 2820 2055 2916; x_wconf 51' lang='grc' dir='ltr'><strong>ῑὲιοῖἑὶεἓῖτ”ὶίὶὶἓ”ἱῖιὲἔ”ἓιὲἕέὲἷιὶὶη“ἱῗ’ὲόἐιπέιιῖἕυίτϊἔζηἷὶἕὶιῖο</strong></span> <span class='ocrx_word' id='word_1_412' title='bbox 2350 2834 2510 2886; x_wconf 73' lang='lat' dir='ltr'><strong>mum</strong></span> <span class='ocrx_word' id='word_1_413' title='bbox 2718 2823 2905 2916; x_wconf 54' lang='lat' dir='ltr'><strong>dicat:</strong></span> <span class='ocrx_word' id='word_1_414' title='bbox 2969 2821 3075 2883; x_wconf 68' lang='lat' dir='ltr'><strong>Ubi</strong></span> <span class='ocrx_word' id='word_1_415' title='bbox 3133 2820 3582 2916; x_wconf 52' lang='grc' dir='ltr'><strong>ειλιηίειυεευυε,</strong></span> <span class='ocrx_word' id='word_1_416' title='bbox 3619 2820 3720 2915; x_wconf 67' lang='grc' dir='ltr'><strong>ιιῷί</strong></span> 
     </span>
    </p>
   </div>
   <div class='ocr_carea' id='block_1_54' title="bbox 425 2905 3717 2993">
    <p class='ocr_par' dir='ltr' id='par_1_54' title="bbox 425 2905 3717 2993">
     <span class='ocr_line' id='line_1_55' title="bbox 425 2905 3717 2993; baseline -0.002 -23"><span class='ocrx_word' id='word_1_417' title='bbox 425 2905 786 2993; x_wconf 62' lang='lat' dir='ltr'><strong>aeternitatem</strong></span> <span class='ocrx_word' id='word_1_418' title='bbox 815 2935 939 2977; x_wconf 78' lang='lat' dir='ltr'><strong>cum</strong></span> <span class='ocrx_word' id='word_1_419' title='bbox 969 2936 1029 2977; x_wconf 89' lang='lat' dir='ltr'><strong>eo</strong></span> <span class='ocrx_word' id='word_1_420' title='bbox 1053 2905 1649 2979; x_wconf 23' lang='lat' dir='ltr'><strong>ﬁcturasfjtliterﬂse</strong></span> <span class='ocrx_word' id='word_1_421' title='bbox 1668 2905 2001 2983; x_wconf 46' lang='lat' dir='ltr'><strong>attactu};</strong></span> <span class='ocrx_word' id='word_1_422' title='bbox 2079 2922 2383 2993; x_wconf 86' lang='lat' dir='ltr'><strong>susceptor</strong></span> <span class='ocrx_word' id='word_1_423' title='bbox 2414 2911 2589 2972; x_wconf 85' lang='lat' dir='ltr'><strong>tuus?</strong></span> <span class='ocrx_word' id='word_1_424' title='bbox 2614 2929 2686 2971; x_wconf 91' lang='lat' dir='ltr'><strong>an</strong></span> <span class='ocrx_word' id='word_1_425' title='bbox 2722 2928 2838 2970; x_wconf 92' lang='lat' dir='ltr'><strong>non</strong></span> <span class='ocrx_word' id='word_1_426' title='bbox 2871 2909 3125 2988; x_wconf 90' lang='lat' dir='ltr'><strong>ipsemet</strong></span> <span class='ocrx_word' id='word_1_427' title='bbox 3181 2916 3237 2968; x_wconf 94' lang='lat' dir='ltr'><strong>te</strong></span> <span class='ocrx_word' id='word_1_428' title='bbox 3266 2905 3532 2967; x_wconf 89' lang='lat' dir='ltr'><strong>manibus</strong></span> <span class='ocrx_word' id='word_1_429' title='bbox 3566 2905 3717 2966; x_wconf 87' lang='lat' dir='ltr'><strong>meis</strong></span> 
     </span>
    </p>
   </div>
   <div class='ocr_carea' id='block_1_55' title="bbox 428 2985 1472 3059">
    <p class='ocr_par' dir='ltr' id='par_1_55' title="bbox 428 2985 1472 3059">
     <span class='ocr_line' id='line_1_56' title="bbox 428 2985 1472 3059; baseline 0.01 -19"><span class='ocrx_word' id='word_1_430' title='bbox 428 2985 774 3059; x_wconf 81' lang='lat' dir='ltr'><strong>habentibus,</strong></span> <span class='ocrx_word' id='word_1_431' title='bbox 807 2995 922 3047; x_wconf 82' lang='lat' dir='ltr'><strong>tum</strong></span> <span class='ocrx_word' id='word_1_432' title='bbox 949 3008 1098 3048; x_wconf 65' lang='lat' dir='ltr'><strong>serus</strong></span> <span class='ocrx_word' id='word_1_433' title='bbox 1127 2998 1472 3050; x_wconf 74' lang='lat' dir='ltr'><strong>eventurum.</strong></span> 
     </span>
    </p>
   </div>
   <div class='ocr_carea' id='block_1_56' title="bbox 439 3090 1998 3181">
    <p class='ocr_par' dir='ltr' id='par_1_56' title="bbox 439 3090 1998 3181">
     <span class='ocr_line' id='line_1_57' title="bbox 439 3090 1998 3181; baseline 0.006 -29"><span class='ocrx_word' id='word_1_434' title='bbox 439 3090 797 3181; x_wconf 82' lang='lat' dir='ltr'><strong>Principium</strong></span> <span class='ocrx_word' id='word_1_435' title='bbox 847 3097 977 3158; x_wconf 79' lang='lat' dir='ltr'><strong>vitae</strong></span> <span class='ocrx_word' id='word_1_436' title='bbox 1025 3099 1170 3159; x_wconf 86' lang='lat' dir='ltr'><strong>mihi</strong></span> <span class='ocrx_word' id='word_1_437' title='bbox 1202 3099 1336 3159; x_wconf 88' lang='lat' dir='ltr'><strong>ﬁnis</strong></span> <span class='ocrx_word' id='word_1_438' title='bbox 1368 3105 1424 3159; x_wconf 91' lang='lat' dir='ltr'><strong>et</strong></span> <span class='ocrx_word' id='word_1_439' title='bbox 1471 3099 1606 3160; x_wconf 91' lang='lat' dir='ltr'><strong>ﬁnis</strong></span> <span class='ocrx_word' id='word_1_440' title='bbox 1640 3100 1998 3181; x_wconf 89' lang='lat' dir='ltr'><strong>principium</strong></span> 
     </span>
    </p>
   </div>
   <div class='ocr_carea' id='block_1_57' title="bbox 357 3179 2001 3266">
    <p class='ocr_par' dir='ltr' id='par_1_57' title="bbox 357 3179 2001 3266">
     <span class='ocr_line' id='line_1_58' title="bbox 357 3179 2001 3266; baseline 0.007 -24"><span class='ocrx_word' id='word_1_441' title='bbox 357 3188 468 3242; x_wconf 83' lang='lat' dir='ltr'><strong>est.</strong></span> <span class='ocrx_word' id='word_1_442' title='bbox 503 3179 672 3243; x_wconf 90' lang='lat' dir='ltr'><strong>Unde</strong></span> <span class='ocrx_word' id='word_1_443' title='bbox 729 3186 960 3246; x_wconf 89' lang='lat' dir='ltr'><strong>veniam</strong></span> <span class='ocrx_word' id='word_1_444' title='bbox 1019 3189 1250 3266; x_wconf 83' lang='lat' dir='ltr'><strong>ignoro,</strong></span> <span class='ocrx_word' id='word_1_445' title='bbox 1309 3187 1412 3248; x_wconf 94' lang='lat' dir='ltr'><strong>ubi</strong></span> <span class='ocrx_word' id='word_1_446' title='bbox 1467 3188 1579 3247; x_wconf 91' lang='lat' dir='ltr'><strong>sim</strong></span> <span class='ocrx_word' id='word_1_447' title='bbox 1613 3179 1857 3250; x_wconf 62' lang='lat' dir='ltr'><strong>nescio}</strong></span> <span class='ocrx_word' id='word_1_448' title='bbox 1892 3209 2001 3253; x_wconf 91' lang='lat' dir='ltr'><strong>nec</strong></span> 
     </span>
    </p>
   </div>
   <div class='ocr_carea' id='block_1_58' title="bbox 357 3270 1996 3353">
    <p class='ocr_par' dir='ltr' id='par_1_58' title="bbox 357 3270 1996 3353">
     <span class='ocr_line' id='line_1_59' title="bbox 357 3270 1996 3353; baseline 0.007 -24"><span class='ocrx_word' id='word_1_449' title='bbox 357 3287 471 3349; x_wconf 93' lang='lat' dir='ltr'><strong>quo</strong></span> <span class='ocrx_word' id='word_1_450' title='bbox 517 3270 700 3334; x_wconf 91' lang='lat' dir='ltr'><strong>miser</strong></span> <span class='ocrx_word' id='word_1_451' title='bbox 739 3273 1005 3336; x_wconf 90' lang='lat' dir='ltr'><strong>abiturus</strong></span> <span class='ocrx_word' id='word_1_452' title='bbox 1032 3277 1142 3336; x_wconf 93' lang='lat' dir='ltr'><strong>sim</strong></span> <span class='ocrx_word' id='word_1_453' title='bbox 1176 3275 1331 3336; x_wconf 93' lang='lat' dir='ltr'><strong>novi.</strong></span> <span class='ocrx_word' id='word_1_454' title='bbox 1367 3278 1551 3338; x_wconf 88' lang='lat' dir='ltr'><strong>Terra</strong></span> <span class='ocrx_word' id='word_1_455' title='bbox 1583 3295 1614 3337; x_wconf 96' lang='lat' dir='ltr'><strong>e</strong></span> <span class='ocrx_word' id='word_1_456' title='bbox 1644 3286 1822 3353; x_wconf 87' lang='lat' dir='ltr'><strong>terra,</strong></span> <span class='ocrx_word' id='word_1_457' title='bbox 1860 3298 1996 3340; x_wconf 87' lang='lat' dir='ltr'><strong>cor-</strong></span> 
     </span>
    </p>
   </div>
   <div class='ocr_carea' id='block_1_59' title="bbox 355 3365 1999 3443">
    <p class='ocr_par' dir='ltr' id='par_1_59' title="bbox 355 3365 1999 3443">
     <span class='ocr_line' id='line_1_60' title="bbox 355 3365 1999 3443; baseline 0.007 -25"><span class='ocrx_word' id='word_1_458' title='bbox 355 3376 464 3437; x_wconf 92' lang='lat' dir='ltr'><strong>pus</strong></span> <span class='ocrx_word' id='word_1_459' title='bbox 496 3366 555 3420; x_wconf 93' lang='lat' dir='ltr'><strong>et</strong></span> <span class='ocrx_word' id='word_1_460' title='bbox 601 3379 850 3441; x_wconf 89' lang='lat' dir='ltr'><strong>corpore</strong></span> <span class='ocrx_word' id='word_1_461' title='bbox 909 3383 1161 3440; x_wconf 85' lang='lat' dir='ltr'><strong>nascor;</strong></span> <span class='ocrx_word' id='word_1_462' title='bbox 1223 3384 1292 3425; x_wconf 94' lang='lat' dir='ltr'><strong>ex</strong></span> <span class='ocrx_word' id='word_1_463' title='bbox 1347 3365 1712 3443; x_wconf 91' lang='lat' dir='ltr'><strong>corruptioni</strong></span> <span class='ocrx_word' id='word_1_464' title='bbox 1744 3366 1999 3430; x_wconf 92' lang='lat' dir='ltr'><strong>obnoxio</strong></span> 
     </span>
    </p>
   </div>
   <div class='ocr_carea' id='block_1_60' title="bbox 351 3450 2000 3532">
    <p class='ocr_par' dir='ltr' id='par_1_60' title="bbox 351 3450 2000 3532">
     <span class='ocr_line' id='line_1_61' title="bbox 351 3450 2000 3532; baseline 0.007 -26"><span class='ocrx_word' id='word_1_465' title='bbox 351 3450 784 3528; x_wconf 90' lang='lat' dir='ltr'><strong>corrruptibilis</strong></span> <span class='ocrx_word' id='word_1_466' title='bbox 815 3461 873 3513; x_wconf 90' lang='lat' dir='ltr'><strong>et</strong></span> <span class='ocrx_word' id='word_1_467' title='bbox 902 3453 1074 3532; x_wconf 64' lang='lat' dir='ltr'><strong>plane</strong></span> <span class='ocrx_word' id='word_1_468' title='bbox 1121 3453 1384 3514; x_wconf 90' lang='lat' dir='ltr'><strong>mortalis</strong></span> <span class='ocrx_word' id='word_1_469' title='bbox 1441 3470 1613 3515; x_wconf 90' lang='lat' dir='ltr'><strong>sum:</strong></span> <span class='ocrx_word' id='word_1_470' title='bbox 1649 3454 1811 3517; x_wconf 89' lang='lat' dir='ltr'><strong>brevi</strong></span> <span class='ocrx_word' id='word_1_471' title='bbox 1845 3464 2000 3517; x_wconf 87' lang='lat' dir='ltr'><strong>tem-</strong></span> 
     </span>
    </p>
   </div>
   <div class='ocr_carea' id='block_1_61' title="bbox 353 3538 1996 3622">
    <p class='ocr_par' dir='ltr' id='par_1_61' title="bbox 353 3538 1996 3622">
     <span class='ocr_line' id='line_1_62' title="bbox 353 3538 1996 3622; baseline 0.005 -27"><span class='ocrx_word' id='word_1_472' title='bbox 353 3554 498 3615; x_wconf 92' lang='lat' dir='ltr'><strong>pore</strong></span> <span class='ocrx_word' id='word_1_473' title='bbox 519 3538 579 3597; x_wconf 90' lang='lat' dir='ltr'><strong>in</strong></span> <span class='ocrx_word' id='word_1_474' title='bbox 597 3540 769 3600; x_wconf 91' lang='lat' dir='ltr'><strong>terris</strong></span> <span class='ocrx_word' id='word_1_475' title='bbox 786 3560 1141 3622; x_wconf 90' lang='lat' dir='ltr'><strong>commoror,</strong></span> <span class='ocrx_word' id='word_1_476' title='bbox 1167 3541 1228 3602; x_wconf 90' lang='lat' dir='ltr'><strong>in</strong></span> <span class='ocrx_word' id='word_1_477' title='bbox 1251 3560 1429 3603; x_wconf 90' lang='lat' dir='ltr'><strong>carne</strong></span> <span class='ocrx_word' id='word_1_478' title='bbox 1451 3541 1677 3611; x_wconf 84' lang='lat' dir='ltr'><strong>vivens,</strong></span> <span class='ocrx_word' id='word_1_479' title='bbox 1705 3551 1762 3604; x_wconf 93' lang='lat' dir='ltr'><strong>et</strong></span> <span class='ocrx_word' id='word_1_480' title='bbox 1783 3547 1996 3606; x_wconf 88' lang='lat' dir='ltr'><strong>exstin-</strong></span> 
     </span>
    </p>
   </div>
   <div class='ocr_carea' id='block_1_62' title="bbox 356 3630 1996 3708">
    <p class='ocr_par' dir='ltr' id='par_1_62' title="bbox 356 3630 1996 3708">
     <span class='ocr_line' id='line_1_63' title="bbox 356 3630 1996 3708; baseline 0.006 -24"><span class='ocrx_word' id='word_1_481' title='bbox 356 3643 524 3700; x_wconf 85' lang='lat' dir='ltr'><strong>guor,</strong></span> <span class='ocrx_word' id='word_1_482' title='bbox 557 3635 732 3708; x_wconf 91' lang='lat' dir='ltr'><strong>atque</strong></span> <span class='ocrx_word' id='word_1_483' title='bbox 765 3648 832 3690; x_wconf 88' lang='lat' dir='ltr'><strong>ex</strong></span> <span class='ocrx_word' id='word_1_484' title='bbox 865 3631 976 3692; x_wconf 90' lang='lat' dir='ltr'><strong>hac</strong></span> <span class='ocrx_word' id='word_1_485' title='bbox 1004 3631 1120 3692; x_wconf 88' lang='lat' dir='ltr'><strong>vita</strong></span> <span class='ocrx_word' id='word_1_486' title='bbox 1167 3630 1532 3707; x_wconf 83' lang='lat' dir='ltr'><strong>digrediens,</strong></span> <span class='ocrx_word' id='word_1_487' title='bbox 1594 3630 1766 3691; x_wconf 91' lang='lat' dir='ltr'><strong>aliam</strong></span> <span class='ocrx_word' id='word_1_488' title='bbox 1801 3632 1996 3694; x_wconf 89' lang='lat' dir='ltr'><strong>vivere</strong></span> 
     </span>
    </p>
   </div>
   <div class='ocr_carea' id='block_1_63' title="bbox 355 3711 1995 3798">
    <p class='ocr_par' dir='ltr' id='par_1_63' title="bbox 355 3711 1995 3798">
     <span class='ocr_line' id='line_1_64' title="bbox 355 3711 1995 3798; baseline 0.005 -27"><span class='ocrx_word' id='word_1_489' title='bbox 355 3711 600 3793; x_wconf 90' lang='lat' dir='ltr'><strong>incipio.</strong></span> <span class='ocrx_word' id='word_1_490' title='bbox 634 3716 858 3797; x_wconf 74' lang='lat' dir='ltr'><strong>Corpus</strong></span> <span class='ocrx_word' id='word_1_491' title='bbox 889 3718 1070 3779; x_wconf 88' lang='lat' dir='ltr'><strong>hnmo</strong></span> <span class='ocrx_word' id='word_1_492' title='bbox 1102 3723 1373 3798; x_wconf 85' lang='lat' dir='ltr'><strong>opertum</strong></span> <span class='ocrx_word' id='word_1_493' title='bbox 1407 3718 1636 3797; x_wconf 88' lang='lat' dir='ltr'><strong>linquo,</strong></span> <span class='ocrx_word' id='word_1_494' title='bbox 1669 3719 1995 3781; x_wconf 71' lang='lat' dir='ltr'><strong>redivivum</strong></span> 
     </span>
    </p>
   </div>
   <div class='ocr_carea' id='block_1_64' title="bbox 359 3800 1998 3884">
    <p class='ocr_par' dir='ltr' id='par_1_64' title="bbox 359 3800 1998 3884">
     <span class='ocr_line' id='line_1_65' title="bbox 359 3800 1998 3884; baseline 0.007 -26"><span class='ocrx_word' id='word_1_495' title='bbox 359 3800 499 3861; x_wconf 92' lang='lat' dir='ltr'><strong>olim</strong></span> <span class='ocrx_word' id='word_1_496' title='bbox 531 3812 907 3884; x_wconf 89' lang='lat' dir='ltr'><strong>accepturus,</strong></span> <span class='ocrx_word' id='word_1_497' title='bbox 944 3815 1001 3867; x_wconf 91' lang='lat' dir='ltr'><strong>et</strong></span> <span class='ocrx_word' id='word_1_498' title='bbox 1027 3825 1212 3868; x_wconf 70' lang='lat' dir='ltr'><strong>azvum</strong></span> <span class='ocrx_word' id='word_1_499' title='bbox 1237 3806 1394 3870; x_wconf 93' lang='lat' dir='ltr'><strong>nullo</strong></span> <span class='ocrx_word' id='word_1_500' title='bbox 1414 3808 1531 3866; x_wconf 83' lang='lat' dir='ltr'><strong>line</strong></span> <span class='ocrx_word' id='word_1_501' title='bbox 1560 3807 1998 3869; x_wconf 83' lang='lat' dir='ltr'><strong>terminandum</strong></span> 
     </span>
    </p>
   </div>
   <div class='ocr_carea' id='block_1_65' title="bbox 2083 2993 3719 3068">
    <p class='ocr_par' dir='ltr' id='par_1_65' title="bbox 2083 2993 3719 3068">
     <span class='ocr_line' id='line_1_66' title="bbox 2083 2993 3719 3068; baseline -0.007 -5"><span class='ocrx_word' id='word_1_502' title='bbox 2083 3003 2368 3064; x_wconf 85' lang='lat' dir='ltr'><strong>tradidit?</strong></span> <span class='ocrx_word' id='word_1_503' title='bbox 2399 3001 2461 3063; x_wconf 92' lang='lat' dir='ltr'><strong>Si</strong></span> <span class='ocrx_word' id='word_1_504' title='bbox 2517 3000 2676 3060; x_wconf 85' lang='lat' dir='ltr'><strong>enim</strong></span> <span class='ocrx_word' id='word_1_505' title='bbox 2739 3016 2832 3058; x_wconf 92' lang='lat' dir='ltr'><strong>me</strong></span> <span class='ocrx_word' id='word_1_506' title='bbox 2890 2998 3100 3059; x_wconf 86' lang='lat' dir='ltr'><strong>fraude</strong></span> <span class='ocrx_word' id='word_1_507' title='bbox 3155 2993 3623 3068; x_wconf 90' lang='lat' dir='ltr'><strong>circumvenerit,</strong></span> <span class='ocrx_word' id='word_1_508' title='bbox 3659 3001 3719 3052; x_wconf 86' lang='lat' dir='ltr'><strong>et</strong></span> 
     </span>
    </p>
   </div>
   <div class='ocr_carea' id='block_1_66' title="bbox 2083 3079 3723 3172">
    <p class='ocr_par' dir='ltr' id='par_1_66' title="bbox 2083 3079 3723 3172">
     <span class='ocr_line' id='line_1_67' title="bbox 2083 3079 3723 3172; baseline -0.009 -18"><span class='ocrx_word' id='word_1_509' title='bbox 2083 3092 2371 3172; x_wconf 87' lang='lat' dir='ltr'><strong>captivum</strong></span> <span class='ocrx_word' id='word_1_510' title='bbox 2401 3088 2652 3162; x_wconf 86' lang='lat' dir='ltr'><strong>duxerit,</strong></span> <span class='ocrx_word' id='word_1_511' title='bbox 2687 3105 2805 3147; x_wconf 92' lang='lat' dir='ltr'><strong>non</strong></span> <span class='ocrx_word' id='word_1_512' title='bbox 2865 3085 2922 3147; x_wconf 93' lang='lat' dir='ltr'><strong>id</strong></span> <span class='ocrx_word' id='word_1_513' title='bbox 2983 3083 3285 3164; x_wconf 83' lang='lat' dir='ltr'><strong>voluntati,</strong></span> <span class='ocrx_word' id='word_1_514' title='bbox 3336 3079 3723 3172; x_wconf 13' lang='lat' dir='ltr'><strong>neciignaviaa</strong></span> 
     </span>
    </p>
   </div>
   <div class='ocr_carea' id='block_1_67' title="bbox 2084 3168 3720 3257">
    <p class='ocr_par' dir='ltr' id='par_1_67' title="bbox 2084 3168 3720 3257">
     <span class='ocr_line' id='line_1_68' title="bbox 2084 3168 3720 3257; baseline -0.009 -14"><span class='ocrx_word' id='word_1_515' title='bbox 2084 3168 2251 3257; x_wconf 62' lang='lat' dir='ltr'><strong>mem,</strong></span> <span class='ocrx_word' id='word_1_516' title='bbox 2278 3179 2381 3240; x_wconf 90' lang='lat' dir='ltr'><strong>sed</strong></span> <span class='ocrx_word' id='word_1_517' title='bbox 2408 3185 2587 3238; x_wconf 83' lang='lat' dir='ltr'><strong>totum</strong></span> <span class='ocrx_word' id='word_1_518' title='bbox 2619 3175 2749 3250; x_wconf 88' lang='lat' dir='ltr'><strong>tibi,</strong></span> <span class='ocrx_word' id='word_1_519' title='bbox 2808 3173 2910 3253; x_wconf 85' lang='lat' dir='ltr'><strong>qui</strong></span> <span class='ocrx_word' id='word_1_520' title='bbox 2968 3193 3063 3234; x_wconf 91' lang='lat' dir='ltr'><strong>me</strong></span> <span class='ocrx_word' id='word_1_521' title='bbox 3112 3171 3500 3253; x_wconf 81' lang='lat' dir='ltr'><strong>dereliqueris</strong></span> <span class='ocrx_word' id='word_1_522' title='bbox 3529 3168 3720 3230; x_wconf 88' lang='lat' dir='ltr'><strong>ascri-</strong></span> 
     </span>
    </p>
   </div>
   <div class='ocr_carea' id='block_1_68' title="bbox 2083 3260 3724 3343">
    <p class='ocr_par' dir='ltr' id='par_1_68' title="bbox 2083 3260 3724 3343">
     <span class='ocr_line' id='line_1_69' title="bbox 2083 3260 3724 3343; baseline -0.008 -12"><span class='ocrx_word' id='word_1_523' title='bbox 2083 3271 2251 3343; x_wconf 86' lang='lat' dir='ltr'><strong>bens,</strong></span> <span class='ocrx_word' id='word_1_524' title='bbox 2289 3267 2484 3328; x_wconf 86' lang='lat' dir='ltr'><strong>dicet:</strong></span> <span class='ocrx_word' id='word_1_525' title='bbox 2554 3263 2705 3327; x_wconf 89' lang='lat' dir='ltr'><strong>Vide</strong></span> <span class='ocrx_word' id='word_1_526' title='bbox 2735 3263 2828 3324; x_wconf 92' lang='lat' dir='ltr'><strong>cui</strong></span> <span class='ocrx_word' id='word_1_527' title='bbox 2881 3261 3104 3336; x_wconf 88' lang='lat' dir='ltr'><strong>ﬁdisti;</strong></span> <span class='ocrx_word' id='word_1_528' title='bbox 3163 3261 3296 3322; x_wconf 91' lang='lat' dir='ltr'><strong>vide</strong></span> <span class='ocrx_word' id='word_1_529' title='bbox 3353 3260 3426 3322; x_wconf 91' lang='lat' dir='ltr'><strong>ad</strong></span> <span class='ocrx_word' id='word_1_530' title='bbox 3458 3276 3636 3339; x_wconf 88' lang='lat' dir='ltr'><strong>quem</strong></span> <span class='ocrx_word' id='word_1_531' title='bbox 3669 3265 3724 3318; x_wconf 89' lang='lat' dir='ltr'><strong>te</strong></span> 
     </span>
    </p>
   </div>
   <div class='ocr_carea' id='block_1_69' title="bbox 2085 3350 3722 3432">
    <p class='ocr_par' dir='ltr' id='par_1_69' title="bbox 2085 3350 3722 3432">
     <span class='ocr_line' id='line_1_70' title="bbox 2085 3350 3722 3432; baseline -0.009 -10"><span class='ocrx_word' id='word_1_532' title='bbox 2085 3358 2424 3432; x_wconf 88' lang='lat' dir='ltr'><strong>contulisti;</strong></span> <span class='ocrx_word' id='word_1_533' title='bbox 2458 3356 2590 3417; x_wconf 91' lang='lat' dir='ltr'><strong>vide</strong></span> <span class='ocrx_word' id='word_1_534' title='bbox 2621 3355 2716 3416; x_wconf 91' lang='lat' dir='ltr'><strong>cui</strong></span> <span class='ocrx_word' id='word_1_535' title='bbox 2761 3362 2818 3414; x_wconf 92' lang='lat' dir='ltr'><strong>te</strong></span> <span class='ocrx_word' id='word_1_536' title='bbox 2845 3353 2904 3412; x_wconf 91' lang='lat' dir='ltr'><strong>in</strong></span> <span class='ocrx_word' id='word_1_537' title='bbox 2956 3370 3157 3412; x_wconf 91' lang='lat' dir='ltr'><strong>amore</strong></span> <span class='ocrx_word' id='word_1_538' title='bbox 3208 3359 3266 3412; x_wconf 89' lang='lat' dir='ltr'><strong>et</strong></span> <span class='ocrx_word' id='word_1_539' title='bbox 3295 3350 3579 3411; x_wconf 88' lang='lat' dir='ltr'><strong>charitate</strong></span> <span class='ocrx_word' id='word_1_540' title='bbox 3613 3366 3722 3426; x_wconf 91' lang='lat' dir='ltr'><strong>pu-</strong></span> 
     </span>
    </p>
   </div>
   <div class='ocr_carea' id='block_1_70' title="bbox 2085 3437 3721 3521">
    <p class='ocr_par' dir='ltr' id='par_1_70' title="bbox 2085 3437 3721 3521">
     <span class='ocr_line' id='line_1_71' title="bbox 2085 3437 3721 3521; baseline -0.01 -10"><span class='ocrx_word' id='word_1_541' title='bbox 2085 3450 2246 3511; x_wconf 84' lang='lat' dir='ltr'><strong>tabas</strong></span> <span class='ocrx_word' id='word_1_542' title='bbox 2279 3464 2412 3509; x_wconf 92' lang='lat' dir='ltr'><strong>esse</strong></span> <span class='ocrx_word' id='word_1_543' title='bbox 2447 3464 2463 3521; x_wconf 88' lang='lat'><strong>;</strong></span> <span class='ocrx_word' id='word_1_544' title='bbox 2497 3443 2591 3505; x_wconf 93' lang='lat' dir='ltr'><strong>cui</strong></span> <span class='ocrx_word' id='word_1_545' title='bbox 2623 3452 2676 3504; x_wconf 93' lang='lat' dir='ltr'><strong>te</strong></span> <span class='ocrx_word' id='word_1_546' title='bbox 2707 3443 2833 3503; x_wconf 92' lang='lat' dir='ltr'><strong>loco</strong></span> <span class='ocrx_word' id='word_1_547' title='bbox 2865 3441 3086 3514; x_wconf 87' lang='lat' dir='ltr'><strong>fratris,</strong></span> <span class='ocrx_word' id='word_1_548' title='bbox 3119 3439 3316 3513; x_wconf 91' lang='lat' dir='ltr'><strong>amici,</strong></span> <span class='ocrx_word' id='word_1_549' title='bbox 3341 3437 3471 3517; x_wconf 92' lang='lat' dir='ltr'><strong>ﬁlii,</strong></span> <span class='ocrx_word' id='word_1_550' title='bbox 3508 3445 3567 3497; x_wconf 94' lang='lat' dir='ltr'><strong>et</strong></span> <span class='ocrx_word' id='word_1_551' title='bbox 3601 3437 3721 3496; x_wconf 59' lang='lat' dir='ltr'><strong>ha-</strong></span> 
     </span>
    </p>
   </div>
   <div class='ocr_carea' id='block_1_71' title="bbox 2082 3524 3725 3615">
    <p class='ocr_par' dir='ltr' id='par_1_71' title="bbox 2082 3524 3725 3615">
     <span class='ocr_line' id='line_1_72' title="bbox 2082 3524 3725 3615; baseline -0.01 -15"><span class='ocrx_word' id='word_1_552' title='bbox 2082 3538 2243 3600; x_wconf 91' lang='lat' dir='ltr'><strong>redis</strong></span> <span class='ocrx_word' id='word_1_553' title='bbox 2263 3531 2612 3615; x_wconf 87' lang='lat' dir='ltr'><strong>gloriabaris</strong></span> <span class='ocrx_word' id='word_1_554' title='bbox 2644 3549 2794 3592; x_wconf 90' lang='lat' dir='ltr'><strong>esse.</strong></span> <span class='ocrx_word' id='word_1_555' title='bbox 2834 3528 3140 3601; x_wconf 86' lang='lat' dir='ltr'><strong>Quomodo</strong></span> <span class='ocrx_word' id='word_1_556' title='bbox 3175 3535 3228 3615; x_wconf 90' lang='lat' dir='ltr'><strong>te</strong></span> <span class='ocrx_word' id='word_1_557' title='bbox 3257 3525 3542 3615; x_wconf 84' lang='lat' dir='ltr'><strong>deseruit,</strong></span> <span class='ocrx_word' id='word_1_558' title='bbox 3590 3524 3725 3584; x_wconf 91' lang='lat' dir='ltr'><strong>etin</strong></span> 
     </span>
    </p>
   </div>
   <div class='ocr_carea' id='block_1_72' title="bbox 2081 3613 3727 3693">
    <p class='ocr_par' dir='ltr' id='par_1_72' title="bbox 2081 3613 3727 3693">
     <span class='ocr_line' id='line_1_73' title="bbox 2081 3613 3727 3693; baseline -0.01 -4"><span class='ocrx_word' id='word_1_559' title='bbox 2081 3613 2289 3689; x_wconf 83' lang='lat' dir='ltr'><strong>manus</strong></span> <span class='ocrx_word' id='word_1_560' title='bbox 2322 3644 2354 3683; x_wconf 75' lang='grc' dir='ltr'><strong>ιι</strong></span> <span class='ocrx_word' id='word_1_561' title='bbox 2383 3641 2481 3683; x_wconf 87' lang='lat' dir='ltr'><strong>eas</strong></span> <span class='ocrx_word' id='word_1_562' title='bbox 2532 3619 2716 3680; x_wconf 89' lang='lat' dir='ltr'><strong>hostis</strong></span> <span class='ocrx_word' id='word_1_563' title='bbox 2747 3617 2830 3679; x_wconf 93' lang='lat' dir='ltr'><strong>tui</strong></span> <span class='ocrx_word' id='word_1_564' title='bbox 2877 3626 2933 3680; x_wconf 90' lang='lat' dir='ltr'><strong>te</strong></span> <span class='ocrx_word' id='word_1_565' title='bbox 2989 3614 3246 3689; x_wconf 85' lang='lat' dir='ltr'><strong>tradidit,</strong></span> <span class='ocrx_word' id='word_1_566' title='bbox 3298 3613 3727 3693; x_wconf 86' lang='lat' dir='ltr'><strong>insperatoque</strong></span> 
     </span>
    </p>
   </div>
   <div class='ocr_carea' id='block_1_73' title="bbox 2082 3703 3180 3785">
    <p class='ocr_par' dir='ltr' id='par_1_73' title="bbox 2082 3703 3180 3785">
     <span class='ocr_line' id='line_1_74' title="bbox 2082 3703 3180 3785; baseline -0.014 -7"><span class='ocrx_word' id='word_1_567' title='bbox 2082 3717 2394 3785; x_wconf 88' lang='lat' dir='ltr'><strong>alienatus,</strong></span> <span class='ocrx_word' id='word_1_568' title='bbox 2420 3709 2614 3770; x_wconf 89' lang='lat' dir='ltr'><strong>subito</strong></span> <span class='ocrx_word' id='word_1_569' title='bbox 2647 3707 2843 3769; x_wconf 90' lang='lat' dir='ltr'><strong>odisse</strong></span> <span class='ocrx_word' id='word_1_570' title='bbox 2877 3713 2932 3767; x_wconf 93' lang='lat' dir='ltr'><strong>te</strong></span> <span class='ocrx_word' id='word_1_571' title='bbox 2962 3703 3180 3784; x_wconf 84' lang='lat' dir='ltr'><strong>caepit?</strong></span> 
     </span>
    </p>
   </div>
   <div class='ocr_carea' id='block_1_74' title="bbox 2164 3794 3726 3880">
    <p class='ocr_par' dir='ltr' id='par_1_74' title="bbox 2164 3794 3726 3880">
     <span class='ocr_line' id='line_1_75' title="bbox 2164 3794 3726 3880; baseline -0.01 -15"><span class='ocrx_word' id='word_1_572' title='bbox 2164 3805 2266 3866; x_wconf 86' lang='lat' dir='ltr'><strong>His</strong></span> <span class='ocrx_word' id='word_1_573' title='bbox 2297 3802 2474 3880; x_wconf 89' lang='lat' dir='ltr'><strong>igitur</strong></span> <span class='ocrx_word' id='word_1_574' title='bbox 2497 3797 2735 3872; x_wconf 88' lang='lat' dir='ltr'><strong>auditis,</strong></span> <span class='ocrx_word' id='word_1_575' title='bbox 2793 3813 2869 3857; x_wconf 93' lang='lat' dir='ltr'><strong>ne</strong></span> <span class='ocrx_word' id='word_1_576' title='bbox 2895 3813 2988 3855; x_wconf 90' lang='lat' dir='ltr'><strong>me</strong></span> <span class='ocrx_word' id='word_1_577' title='bbox 3037 3794 3302 3862; x_wconf 88' lang='lat' dir='ltr'><strong>deseras,</strong></span> <span class='ocrx_word' id='word_1_578' title='bbox 3364 3809 3437 3851; x_wconf 91' lang='lat' dir='ltr'><strong>ne</strong></span> <span class='ocrx_word' id='word_1_579' title='bbox 3469 3808 3563 3851; x_wconf 89' lang='lat' dir='ltr'><strong>me</strong></span> <span class='ocrx_word' id='word_1_580' title='bbox 3586 3809 3726 3870; x_wconf 81' lang='lat' dir='ltr'><strong>pro-</strong></span> 
     </span>
    </p>
   </div>
   <div class='ocr_carea' id='block_1_75' title="bbox 353 3882 3726 3980">
    <p class='ocr_par' dir='ltr' id='par_1_75' title="bbox 353 3882 3726 3980">
     <span class='ocr_line' id='line_1_76' title="bbox 353 3882 3726 3980; baseline -0.002 -33"><span class='ocrx_word' id='word_1_581' title='bbox 353 3889 634 3954; x_wconf 89' lang='lat' dir='ltr'><strong>victurus.</strong></span> <span class='ocrx_word' id='word_1_582' title='bbox 668 3882 836 3955; x_wconf 86' lang='lat' dir='ltr'><strong>Nunc</strong></span> <span class='ocrx_word' id='word_1_583' title='bbox 865 3895 1043 3971; x_wconf 81' lang='lat' dir='ltr'><strong>igitur</strong></span> <span class='ocrx_word' id='word_1_584' title='bbox 1073 3895 1306 3974; x_wconf 87' lang='lat' dir='ltr'><strong>respice</strong></span> <span class='ocrx_word' id='word_1_585' title='bbox 1333 3894 1394 3954; x_wconf 90' lang='lat' dir='ltr'><strong>in</strong></span> <span class='ocrx_word' id='word_1_586' title='bbox 1429 3913 1522 3954; x_wconf 88' lang='lat' dir='ltr'><strong>me</strong></span> <span class='ocrx_word' id='word_1_587' title='bbox 1552 3893 1729 3964; x_wconf 88' lang='lat' dir='ltr'><strong>Deus,</strong></span> <span class='ocrx_word' id='word_1_588' title='bbox 1758 3904 1815 3955; x_wconf 91' lang='lat' dir='ltr'><strong>tu</strong></span> <span class='ocrx_word' id='word_1_589' title='bbox 1844 3897 2002 3958; x_wconf 91' lang='lat' dir='ltr'><strong>solus</strong></span> <span class='ocrx_word' id='word_1_590' title='bbox 2086 3893 2257 3955; x_wconf 91' lang='lat' dir='ltr'><strong>brum</strong></span> <span class='ocrx_word' id='word_1_591' title='bbox 2293 3901 2454 3952; x_wconf 86' lang='lat' dir='ltr'><strong>tuum</strong></span> <span class='ocrx_word' id='word_1_592' title='bbox 2489 3886 2617 3980; x_wconf 86' lang='lat' dir='ltr'><strong>ﬁeri</strong></span> <span class='ocrx_word' id='word_1_593' title='bbox 2651 3886 2831 3959; x_wconf 91' lang='lat' dir='ltr'><strong>sinas,</strong></span> <span class='ocrx_word' id='word_1_594' title='bbox 2858 3886 3016 3980; x_wconf 84' lang='lat' dir='ltr'><strong>Deus</strong></span> <span class='ocrx_word' id='word_1_595' title='bbox 3048 3902 3216 3943; x_wconf 90' lang='lat' dir='ltr'><strong>meus</strong></span> <span class='ocrx_word' id='word_1_596' title='bbox 3248 3898 3385 3980; x_wconf 71' lang='lat' dir='ltr'><strong>;_ne,</strong></span> <span class='ocrx_word' id='word_1_597' title='bbox 3406 3882 3599 3980; x_wconf 69' lang='lat' dir='ltr'><strong>oltex,</strong></span> <span class='ocrx_word' id='word_1_598' title='bbox 3625 3897 3726 3959; x_wconf 90' lang='lat' dir='ltr'><strong>ne,</strong></span> 
     </span>
    </p>
   </div>
   <div class='ocr_carea' id='block_1_76' title="bbox 357 3969 3724 4068">
    <p class='ocr_par' dir='ltr' id='par_1_76' title="bbox 357 3969 3724 4068">
     <span class='ocr_line' id='line_1_77' title="bbox 357 3969 3724 4068; baseline -0.003 -30"><span class='ocrx_word' id='word_1_599' title='bbox 357 3996 515 4040; x_wconf 92' lang='lat' dir='ltr'><strong>nunc</strong></span> <span class='ocrx_word' id='word_1_600' title='bbox 545 3981 761 4060; x_wconf 88' lang='lat' dir='ltr'><strong>pietate</strong></span> <span class='ocrx_word' id='word_1_601' title='bbox 793 3969 1013 4044; x_wconf 21' lang='lat' dir='ltr'><strong>tua‘me</strong></span> <span class='ocrx_word' id='word_1_602' title='bbox 1071 3969 1308 4064; x_wconf 83' lang='lat' dir='ltr'><strong>imperti</strong></span> <span class='ocrx_word' id='word_1_603' title='bbox 1343 4004 1356 4059; x_wconf 89' lang='lat'><strong>;</strong></span> <span class='ocrx_word' id='word_1_604' title='bbox 1394 4002 1551 4043; x_wconf 91' lang='lat' dir='ltr'><strong>nunc</strong></span> <span class='ocrx_word' id='word_1_605' title='bbox 1609 3991 1667 4042; x_wconf 93' lang='lat' dir='ltr'><strong>te</strong></span> <span class='ocrx_word' id='word_1_606' title='bbox 1700 3983 2001 4047; x_wconf 87' lang='lat' dir='ltr'><strong>miseratio</strong></span> <span class='ocrx_word' id='word_1_607' title='bbox 2085 4001 2118 4045; x_wconf 91' lang='grc' dir='ltr'>ο</span> <span class='ocrx_word' id='word_1_608' title='bbox 2151 3981 2424 4060; x_wconf 90' lang='lat' dir='ltr'><strong>Domine,</strong></span> <span class='ocrx_word' id='word_1_609' title='bbox 2459 3976 2560 4068; x_wconf 86' lang='lat' dir='ltr'><strong>qui</strong></span> <span class='ocrx_word' id='word_1_610' title='bbox 2590 3994 2684 4068; x_wconf 77' lang='lat' dir='ltr'><strong>me</strong></span> <span class='ocrx_word' id='word_1_611' title='bbox 2711 3973 3008 4068; x_wconf 80' lang='lat' dir='ltr'><strong>quondam</strong></span> <span class='ocrx_word' id='word_1_612' title='bbox 3040 3991 3072 4032; x_wconf 87' lang='lat' dir='ltr'><strong>e</strong></span> <span class='ocrx_word' id='word_1_613' title='bbox 3131 3969 3415 4068; x_wconf 81' lang='lat' dir='ltr'><strong>tenebris,</strong></span> <span class='ocrx_word' id='word_1_614' title='bbox 3445 3977 3511 4066; x_wconf 37' lang='lat' dir='ltr'><strong>et.</strong></span> <span class='ocrx_word' id='word_1_615' title='bbox 3534 3985 3565 4026; x_wconf 91' lang='lat' dir='ltr'><strong>e</strong></span> <span class='ocrx_word' id='word_1_616' title='bbox 3603 3986 3724 4068; x_wconf 81' lang='lat' dir='ltr'><strong>ina-</strong></span> 
     </span>
    </p>
   </div>
   <div class='ocr_carea' id='block_1_77' title="bbox 361 4057 3729 4157">
    <p class='ocr_par' dir='ltr' id='par_1_77' title="bbox 361 4057 3729 4157">
     <span class='ocr_line' id='line_1_78' title="bbox 361 4057 3729 4157; baseline -0.004 -30"><span class='ocrx_word' id='word_1_617' title='bbox 361 4069 478 4129; x_wconf 93' lang='lat' dir='ltr'><strong>mei</strong></span> <span class='ocrx_word' id='word_1_618' title='bbox 509 4057 722 4149; x_wconf 82' lang='lat' dir='ltr'><strong>capiat.</strong></span> <span class='ocrx_word' id='word_1_619' title='bbox 759 4074 844 4132; x_wconf 83' lang='lat' dir='ltr'><strong>En</strong></span> <span class='ocrx_word' id='word_1_620' title='bbox 877 4073 1094 4134; x_wconf 90' lang='lat' dir='ltr'><strong>defecit</strong></span> <span class='ocrx_word' id='word_1_621' title='bbox 1141 4057 1350 4134; x_wconf 77' lang='lat' dir='ltr'><strong>virtus</strong></span> <span class='ocrx_word' id='word_1_622' title='bbox 1381 4091 1536 4137; x_wconf 83' lang='lat' dir='ltr'><strong>mea,</strong></span> <span class='ocrx_word' id='word_1_623' title='bbox 1597 4071 1906 4144; x_wconf 86' lang='lat' dir='ltr'><strong>senectuti,</strong></span> <span class='ocrx_word' id='word_1_624' title='bbox 1937 4072 1995 4133; x_wconf 88' lang='lat' dir='ltr'><strong>il</strong></span> <span class='ocrx_word' id='word_1_625' title='bbox 2025 4128 2064 4157; x_wconf 59' lang='grc' dir='ltr'>η</span> <span class='ocrx_word' id='word_1_626' title='bbox 2084 4058 2277 4150; x_wconf 84' lang='lat' dir='ltr'><strong>nibus,</strong></span> <span class='ocrx_word' id='word_1_627' title='bbox 2306 4077 2364 4130; x_wconf 92' lang='lat' dir='ltr'><strong>et</strong></span> <span class='ocrx_word' id='word_1_628' title='bbox 2395 4062 2884 4157; x_wconf 75' lang='lat' dir='ltr'><strong>efaucibus_ejus</strong></span> <span class='ocrx_word' id='word_1_629' title='bbox 2917 4060 3214 4157; x_wconf 74' lang='lat' dir='ltr'><strong>eductum</strong></span> <span class='ocrx_word' id='word_1_630' title='bbox 3249 4057 3336 4157; x_wconf 36' lang='lat' dir='ltr'><strong>.i‘n</strong></span> <span class='ocrx_word' id='word_1_631' title='bbox 3369 4057 3729 4157; x_wconf 72' lang='lat' dir='ltr'><strong>luminetuo</strong></span> 
     </span>
    </p>
   </div>
   <div class='ocr_carea' id='block_1_78' title="bbox 359 4148 3726 4244">
    <p class='ocr_par' dir='ltr' id='par_1_78' title="bbox 359 4148 3726 4244">
     <span class='ocr_line' id='line_1_79' title="bbox 359 4148 3726 4244; baseline -0.004 -28"><span class='ocrx_word' id='word_1_632' title='bbox 359 4164 470 4230; x_wconf 89' lang='lat' dir='ltr'><strong>est,</strong></span> <span class='ocrx_word' id='word_1_633' title='bbox 502 4148 794 4221; x_wconf 86' lang='lat' dir='ltr'><strong>vestibulo</strong></span> <span class='ocrx_word' id='word_1_634' title='bbox 827 4159 1571 4240; x_wconf 87' lang='lat' dir='ltr'><strong>mortisapppropinquavi.</strong></span> <span class='ocrx_word' id='word_1_635' title='bbox 1615 4159 1792 4220; x_wconf 90' lang='lat' dir='ltr'><strong>Venit</strong></span> <span class='ocrx_word' id='word_1_636' title='bbox 1831 4161 1997 4239; x_wconf 90' lang='lat' dir='ltr'><strong>prin-</strong></span> <span class='ocrx_word' id='word_1_637' title='bbox 2025 4148 2333 4220; x_wconf 82' lang='lat' dir='ltr'><strong>Uliberum</strong></span> <span class='ocrx_word' id='word_1_638' title='bbox 2367 4153 2688 4244; x_wconf 83' lang='lat' dir='ltr'><strong>collocasti.</strong></span> <span class='ocrx_word' id='word_1_639' title='bbox 2723 4149 2806 4211; x_wconf 94' lang='lat' dir='ltr'><strong>Te</strong></span> <span class='ocrx_word' id='word_1_640' title='bbox 2837 4149 2994 4210; x_wconf 89' lang='lat' dir='ltr'><strong>enim</strong></span> <span class='ocrx_word' id='word_1_641' title='bbox 3029 4167 3160 4208; x_wconf 89' lang='lat' dir='ltr'><strong>cum</strong></span> <span class='ocrx_word' id='word_1_642' title='bbox 3212 4148 3404 4225; x_wconf 88' lang='lat' dir='ltr'><strong>video,</strong></span> <span class='ocrx_word' id='word_1_643' title='bbox 3440 4148 3726 4244; x_wconf 79' lang='lat' dir='ltr'><strong>interiora</strong></span> 
     </span>
    </p>
   </div>
   <div class='ocr_carea' id='block_1_79' title="bbox 356 4242 3731 4333">
    <p class='ocr_par' dir='ltr' id='par_1_79' title="bbox 356 4242 3731 4333">
     <span class='ocr_line' id='line_1_80' title="bbox 356 4242 3731 4333; baseline -0.002 -29"><span class='ocrx_word' id='word_1_644' title='bbox 356 4262 498 4324; x_wconf 90' lang='lat' dir='ltr'><strong>ceps</strong></span> <span class='ocrx_word' id='word_1_645' title='bbox 524 4247 751 4319; x_wconf 89' lang='lat' dir='ltr'><strong>mundi,</strong></span> <span class='ocrx_word' id='word_1_646' title='bbox 777 4248 1206 4328; x_wconf 78' lang='lat' dir='ltr'><strong>perquisiturus</strong></span> <span class='ocrx_word' id='word_1_647' title='bbox 1226 4248 1439 4327; x_wconf 87' lang='lat' dir='ltr'><strong>turpia,</strong></span> <span class='ocrx_word' id='word_1_648' title='bbox 1464 4247 1797 4308; x_wconf 89' lang='lat' dir='ltr'><strong>etnefanda</strong></span> <span class='ocrx_word' id='word_1_649' title='bbox 1821 4267 1999 4328; x_wconf 91' lang='lat' dir='ltr'><strong>opera</strong></span> <span class='ocrx_word' id='word_1_650' title='bbox 2082 4247 2279 4308; x_wconf 89' lang='lat' dir='ltr'><strong>cordis</strong></span> <span class='ocrx_word' id='word_1_651' title='bbox 2314 4243 2427 4304; x_wconf 91' lang='lat' dir='ltr'><strong>mei</strong></span> <span class='ocrx_word' id='word_1_652' title='bbox 2456 4242 2752 4333; x_wconf 84' lang='lat' dir='ltr'><strong>vulneror,</strong></span> <span class='ocrx_word' id='word_1_653' title='bbox 2787 4247 2843 4333; x_wconf 77' lang='lat' dir='ltr'><strong>et</strong></span> <span class='ocrx_word' id='word_1_654' title='bbox 2901 4255 3020 4297; x_wconf 92' lang='lat' dir='ltr'><strong>non</strong></span> <span class='ocrx_word' id='word_1_655' title='bbox 3075 4254 3316 4333; x_wconf 74' lang='lat' dir='ltr'><strong>possum</strong></span> <span class='ocrx_word' id='word_1_656' title='bbox 3351 4242 3731 4333; x_wconf 50' lang='lat' dir='ltr'><strong>aspicere,uct</strong></span> 
     </span>
    </p>
   </div>
   <div class='ocr_carea' id='block_1_80' title="bbox 363 4320 3731 4424">
    <p class='ocr_par' dir='ltr' id='par_1_80' title="bbox 363 4320 3731 4424">
     <span class='ocr_line' id='line_1_81' title="bbox 363 4320 3731 4424; baseline -0.004 -31"><span class='ocrx_word' id='word_1_657' title='bbox 363 4320 530 4395; x_wconf 81' lang='lat' dir='ltr'><strong>mea:</strong></span> <span class='ocrx_word' id='word_1_658' title='bbox 595 4320 919 4396; x_wconf 44' lang='lat' dir='ltr'><strong>carnifices.</strong></span> <span class='ocrx_word' id='word_1_659' title='bbox 956 4345 1148 4397; x_wconf 89' lang='lat' dir='ltr'><strong>astant</strong></span> <span class='ocrx_word' id='word_1_660' title='bbox 1204 4320 1368 4396; x_wconf 47' lang='lat' dir='ltr'><strong>tow&#39;e</strong></span> <span class='ocrx_word' id='word_1_661' title='bbox 1423 4320 1522 4396; x_wconf 84' lang='lat' dir='ltr'><strong>me</strong></span> <span class='ocrx_word' id='word_1_662' title='bbox 1579 4320 1899 4418; x_wconf 77' lang='lat' dir='ltr'><strong>intuentes,</strong></span> <span class='ocrx_word' id='word_1_663' title='bbox 1943 4344 2000 4398; x_wconf 92' lang='lat' dir='ltr'><strong>et</strong></span> <span class='ocrx_word' id='word_1_664' title='bbox 2084 4343 2278 4394; x_wconf 88' lang='lat' dir='ltr'><strong>tamen</strong></span> <span class='ocrx_word' id='word_1_665' title='bbox 2312 4351 2426 4392; x_wconf 85' lang='lat' dir='ltr'><strong>non</strong></span> <span class='ocrx_word' id='word_1_666' title='bbox 2458 4330 2682 4424; x_wconf 74' lang='lat' dir='ltr'><strong>videre</strong></span> <span class='ocrx_word' id='word_1_667' title='bbox 2711 4336 2768 4424; x_wconf 79' lang='lat' dir='ltr'><strong>te</strong></span> <span class='ocrx_word' id='word_1_668' title='bbox 2799 4328 2952 4424; x_wconf 72' lang='lat' dir='ltr'><strong>ferre</strong></span> <span class='ocrx_word' id='word_1_669' title='bbox 3010 4320 3731 4424; x_wconf 39' lang='lat' dir='ltr'><strong>nequeo-.1‘naccessihilis</strong></span> 
     </span>
    </p>
   </div>
   <div class='ocr_carea' id='block_1_81' title="bbox 353 4411 3729 4508">
    <p class='ocr_par' dir='ltr' id='par_1_81' title="bbox 353 4411 3729 4508">
     <span class='ocr_line' id='line_1_82' title="bbox 353 4411 3729 4508; baseline -0.003 -27"><span class='ocrx_word' id='word_1_670' title='bbox 353 4422 589 4500; x_wconf 90' lang='lat' dir='ltr'><strong>jussum</strong></span> <span class='ocrx_word' id='word_1_671' title='bbox 623 4433 1051 4504; x_wconf 80' lang='lat' dir='ltr'><strong>exspectantes,</strong></span> <span class='ocrx_word' id='word_1_672' title='bbox 1087 4433 1150 4484; x_wconf 91' lang='lat' dir='ltr'><strong>ut</strong></span> <span class='ocrx_word' id='word_1_673' title='bbox 1212 4425 1492 4484; x_wconf 87' lang='lat' dir='ltr'><strong>miseram</strong></span> <span class='ocrx_word' id='word_1_674' title='bbox 1517 4425 1770 4486; x_wconf 87' lang='lat' dir='ltr'><strong>animam</strong></span> <span class='ocrx_word' id='word_1_675' title='bbox 1804 4411 1996 4487; x_wconf 81' lang='lat' dir='ltr'><strong>meam</strong></span> <span class='ocrx_word' id='word_1_676' title='bbox 2081 4423 2374 4502; x_wconf 88' lang='lat' dir='ltr'><strong>siquidem</strong></span> <span class='ocrx_word' id='word_1_677' title='bbox 2409 4428 2496 4481; x_wconf 85' lang='lat' dir='ltr'><strong>est</strong></span> <span class='ocrx_word' id='word_1_678' title='bbox 2533 4416 2919 4508; x_wconf 69' lang='lat' dir='ltr'><strong>pulchritudo</strong></span> <span class='ocrx_word' id='word_1_679' title='bbox 2940 4423 3054 4508; x_wconf 64' lang='lat' dir='ltr'><strong>tua,</strong></span> <span class='ocrx_word' id='word_1_680' title='bbox 3083 4411 3729 4508; x_wconf 41' lang='lat' dir='ltr'><strong>inimitabilis_spe.ci_e_sz</strong></span> 
     </span>
    </p>
   </div>
   <div class='ocr_carea' id='block_1_82' title="bbox 357 4495 3734 4590">
    <p class='ocr_par' dir='ltr' id='par_1_82' title="bbox 357 4495 3734 4590">
     <span class='ocr_line' id='line_1_83' title="bbox 357 4495 3734 4590; baseline -0.005 -19"><span class='ocrx_word' id='word_1_681' title='bbox 357 4495 665 4590; x_wconf 79' lang='lat' dir='ltr'><strong>arripiant,</strong></span> <span class='ocrx_word' id='word_1_682' title='bbox 728 4495 784 4573; x_wconf 81' lang='lat' dir='ltr'><strong>et</strong></span> <span class='ocrx_word' id='word_1_683' title='bbox 846 4514 905 4573; x_wconf 92' lang='lat' dir='ltr'><strong>in</strong></span> <span class='ocrx_word' id='word_1_684' title='bbox 964 4513 1305 4574; x_wconf 89' lang='lat' dir='ltr'><strong>barathrum</strong></span> <span class='ocrx_word' id='word_1_685' title='bbox 1369 4513 1582 4573; x_wconf 86' lang='lat' dir='ltr'><strong>inferni</strong></span> <span class='ocrx_word' id='word_1_686' title='bbox 1657 4513 1996 4576; x_wconf 89' lang='lat' dir='ltr'><strong>detrahant.</strong></span> <span class='ocrx_word' id='word_1_687' title='bbox 2087 4495 2574 4590; x_wconf 59' lang='lat' dir='ltr'><strong>incomparabilis</strong></span> <span class='ocrx_word' id='word_1_688' title='bbox 2621 4505 2826 4583; x_wconf 83' lang='lat' dir='ltr'><strong>gloria.</strong></span> <span class='ocrx_word' id='word_1_689' title='bbox 2879 4501 3428 4584; x_wconf 87' lang='lat' dir='ltr'><strong>Ecquisaliquando</strong></span> <span class='ocrx_word' id='word_1_690' title='bbox 3460 4506 3521 4562; x_wconf 83' lang='lat' dir='ltr'><strong>te</strong></span> <span class='ocrx_word' id='word_1_691' title='bbox 3548 4495 3734 4590; x_wconf 50' lang='lat' dir='ltr'><strong>vidit?</strong></span> 
     </span>
    </p>
   </div>
   <div class='ocr_carea' id='block_1_83' title="bbox 357 4597 2002 4680">
    <p class='ocr_par' dir='ltr' id='par_1_83' title="bbox 357 4597 2002 4680">
     <span class='ocr_line' id='line_1_84' title="bbox 357 4597 2002 4680; baseline 0.003 -22"><span class='ocrx_word' id='word_1_692' title='bbox 357 4597 750 4670; x_wconf 86' lang='lat' dir='ltr'><strong>Quamobrem</strong></span> <span class='ocrx_word' id='word_1_693' title='bbox 785 4608 867 4674; x_wconf 90' lang='lat' dir='ltr'><strong>tu,</strong></span> <span class='ocrx_word' id='word_1_694' title='bbox 901 4601 1000 4680; x_wconf 92' lang='lat' dir='ltr'><strong>qui</strong></span> <span class='ocrx_word' id='word_1_695' title='bbox 1033 4609 1237 4662; x_wconf 90' lang='lat' dir='ltr'><strong>natura</strong></span> <span class='ocrx_word' id='word_1_696' title='bbox 1293 4619 1357 4661; x_wconf 92' lang='lat' dir='ltr'><strong>es</strong></span> <span class='ocrx_word' id='word_1_697' title='bbox 1405 4600 1769 4675; x_wconf 86' lang='lat' dir='ltr'><strong>misericors,</strong></span> <span class='ocrx_word' id='word_1_698' title='bbox 1806 4612 1864 4662; x_wconf 91' lang='lat' dir='ltr'><strong>et</strong></span> <span class='ocrx_word' id='word_1_699' title='bbox 1894 4602 2002 4663; x_wconf 88' lang='lat' dir='ltr'><strong>he-</strong></span> 
     </span>
    </p>
   </div>
   <div class='ocr_carea' id='block_1_84' title="bbox 355 4688 2001 4769">
    <p class='ocr_par' dir='ltr' id='par_1_84' title="bbox 355 4688 2001 4769">
     <span class='ocr_line' id='line_1_85' title="bbox 355 4688 2001 4769; baseline 0.001 -19"><span class='ocrx_word' id='word_1_700' title='bbox 355 4688 570 4767; x_wconf 84' lang='lat' dir='ltr'><strong>nignus</strong></span> <span class='ocrx_word' id='word_1_701' title='bbox 619 4688 802 4764; x_wconf 91' lang='lat' dir='ltr'><strong>solus,</strong></span> <span class='ocrx_word' id='word_1_702' title='bbox 857 4691 958 4769; x_wconf 89' lang='lat' dir='ltr'><strong>qui</strong></span> <span class='ocrx_word' id='word_1_703' title='bbox 1018 4709 1081 4750; x_wconf 89' lang='lat' dir='ltr'><strong>es</strong></span> <span class='ocrx_word' id='word_1_704' title='bbox 1135 4689 1426 4750; x_wconf 91' lang='lat' dir='ltr'><strong>Dominus</strong></span> <span class='ocrx_word' id='word_1_705' title='bbox 1481 4689 2001 4766; x_wconf 88' lang='lat' dir='ltr'><strong>clementissimus,</strong></span> 
     </span>
    </p>
   </div>
   <div class='ocr_carea' id='block_1_85' title="bbox 357 4778 2003 4856">
    <p class='ocr_par' dir='ltr' id='par_1_85' title="bbox 357 4778 2003 4856">
     <span class='ocr_line' id='line_1_86' title="bbox 357 4778 2003 4856; baseline 0.003 -19"><span class='ocrx_word' id='word_1_706' title='bbox 357 4779 644 4839; x_wconf 90' lang='lat' dir='ltr'><strong>miserere</strong></span> <span class='ocrx_word' id='word_1_707' title='bbox 668 4778 786 4839; x_wconf 91' lang='lat' dir='ltr'><strong>mei</strong></span> <span class='ocrx_word' id='word_1_708' title='bbox 816 4786 1000 4851; x_wconf 91' lang='lat' dir='ltr'><strong>tunc;</strong></span> <span class='ocrx_word' id='word_1_709' title='bbox 1051 4788 1108 4839; x_wconf 89' lang='lat' dir='ltr'><strong>et</strong></span> <span class='ocrx_word' id='word_1_710' title='bbox 1167 4797 1241 4838; x_wconf 91' lang='lat' dir='ltr'><strong>ne</strong></span> <span class='ocrx_word' id='word_1_711' title='bbox 1300 4778 1649 4838; x_wconf 89' lang='lat' dir='ltr'><strong>memineris</strong></span> <span class='ocrx_word' id='word_1_712' title='bbox 1679 4778 2003 4856; x_wconf 74' lang='lat' dir='ltr'><strong>irrogatzea</strong></span> 
     </span>
    </p>
   </div>
   <div class='ocr_carea' id='block_1_86' title="bbox 356 4863 2002 4945">
    <p class='ocr_par' dir='ltr' id='par_1_86' title="bbox 356 4863 2002 4945">
     <span class='ocr_line' id='line_1_87' title="bbox 356 4863 2002 4945; baseline 0.001 -20"><span class='ocrx_word' id='word_1_713' title='bbox 356 4883 452 4925; x_wconf 92' lang='lat' dir='ltr'><strong>me</strong></span> <span class='ocrx_word' id='word_1_714' title='bbox 484 4863 844 4945; x_wconf 73' lang='lat' dir='ltr'><strong>tibiinjuriae</strong></span> <span class='ocrx_word' id='word_1_715' title='bbox 873 4887 887 4939; x_wconf 86' lang='lat'><strong>;</strong></span> <span class='ocrx_word' id='word_1_716' title='bbox 923 4885 996 4926; x_wconf 92' lang='lat' dir='ltr'><strong>ne</strong></span> <span class='ocrx_word' id='word_1_717' title='bbox 1015 4866 1395 4945; x_wconf 82' lang='lat' dir='ltr'><strong>derelinquas</strong></span> <span class='ocrx_word' id='word_1_718' title='bbox 1419 4885 1512 4926; x_wconf 94' lang='lat' dir='ltr'><strong>me</strong></span> <span class='ocrx_word' id='word_1_719' title='bbox 1539 4885 1554 4940; x_wconf 89' lang='lat'><strong>;</strong></span> <span class='ocrx_word' id='word_1_720' title='bbox 1577 4885 1653 4927; x_wconf 92' lang='lat' dir='ltr'><strong>ne</strong></span> <span class='ocrx_word' id='word_1_721' title='bbox 1685 4865 1787 4926; x_wconf 93' lang='lat' dir='ltr'><strong>des</strong></span> <span class='ocrx_word' id='word_1_722' title='bbox 1811 4867 2002 4928; x_wconf 92' lang='lat' dir='ltr'><strong>locum</strong></span> 
     </span>
    </p>
   </div>
   <div class='ocr_carea' id='block_1_87' title="bbox 355 4954 2004 5034">
    <p class='ocr_par' dir='ltr' id='par_1_87' title="bbox 355 4954 2004 5034">
     <span class='ocr_line' id='line_1_88' title="bbox 355 4954 2004 5034; baseline 0.001 -20"><span class='ocrx_word' id='word_1_723' title='bbox 355 4960 559 5014; x_wconf 89' lang='lat' dir='ltr'><strong>contra</strong></span> <span class='ocrx_word' id='word_1_724' title='bbox 591 4972 686 5016; x_wconf 93' lang='lat' dir='ltr'><strong>me</strong></span> <span class='ocrx_word' id='word_1_725' title='bbox 722 4955 926 5016; x_wconf 89' lang='lat' dir='ltr'><strong>doloso</strong></span> <span class='ocrx_word' id='word_1_726' title='bbox 964 4955 1206 5015; x_wconf 90' lang='lat' dir='ltr'><strong>inimico</strong></span> <span class='ocrx_word' id='word_1_727' title='bbox 1232 4973 1386 5028; x_wconf 74' lang='lat' dir='ltr'><strong>meo,</strong></span> <span class='ocrx_word' id='word_1_728' title='bbox 1429 4954 1526 5034; x_wconf 90' lang='lat' dir='ltr'><strong>qui</strong></span> <span class='ocrx_word' id='word_1_729' title='bbox 1560 4955 1619 5015; x_wconf 91' lang='lat' dir='ltr'><strong>in</strong></span> <span class='ocrx_word' id='word_1_730' title='bbox 1653 4955 1826 5015; x_wconf 90' lang='lat' dir='ltr'><strong>horas</strong></span> <span class='ocrx_word' id='word_1_731' title='bbox 1859 4957 2004 5016; x_wconf 92' lang='lat' dir='ltr'><strong>m.hi</strong></span> 
     </span>
    </p>
   </div>
   <div class='ocr_carea' id='block_1_88' title="bbox 355 5042 2004 5125">
    <p class='ocr_par' dir='ltr' id='par_1_88' title="bbox 355 5042 2004 5125">
     <span class='ocr_line' id='line_1_89' title="bbox 355 5042 2004 5125; baseline 0.001 -23"><span class='ocrx_word' id='word_1_732' title='bbox 355 5043 776 5116; x_wconf 87' lang='lat' dir='ltr'><strong>comminatur,</strong></span> <span class='ocrx_word' id='word_1_733' title='bbox 810 5053 867 5105; x_wconf 90' lang='lat' dir='ltr'><strong>et</strong></span> <span class='ocrx_word' id='word_1_734' title='bbox 898 5053 1102 5104; x_wconf 87' lang='lat' dir='ltr'><strong>contra</strong></span> <span class='ocrx_word' id='word_1_735' title='bbox 1137 5061 1232 5102; x_wconf 91' lang='lat' dir='ltr'><strong>me</strong></span> <span class='ocrx_word' id='word_1_736' title='bbox 1258 5042 1436 5125; x_wconf 82' lang='lat' dir='ltr'><strong>rugit,</strong></span> <span class='ocrx_word' id='word_1_737' title='bbox 1468 5061 1536 5103; x_wconf 90' lang='lat' dir='ltr'><strong>ac</strong></span> <span class='ocrx_word' id='word_1_738' title='bbox 1570 5043 1781 5104; x_wconf 87' lang='lat' dir='ltr'><strong>stridet</strong></span> <span class='ocrx_word' id='word_1_739' title='bbox 1802 5043 2004 5104; x_wconf 88' lang='lat' dir='ltr'><strong>denti-</strong></span> 
     </span>
    </p>
   </div>
   <div class='ocr_carea' id='block_1_89' title="bbox 357 5130 2005 5212">
    <p class='ocr_par' dir='ltr' id='par_1_89' title="bbox 357 5130 2005 5212">
     <span class='ocr_line' id='line_1_90' title="bbox 357 5130 2005 5212; baseline 0.001 -21"><span class='ocrx_word' id='word_1_740' title='bbox 357 5130 490 5202; x_wconf 91' lang='lat' dir='ltr'><strong>bus,</strong></span> <span class='ocrx_word' id='word_1_741' title='bbox 527 5137 586 5190; x_wconf 92' lang='lat' dir='ltr'><strong>et</strong></span> <span class='ocrx_word' id='word_1_742' title='bbox 610 5133 729 5193; x_wconf 90' lang='lat' dir='ltr'><strong>ait:</strong></span> <span class='ocrx_word' id='word_1_743' title='bbox 765 5134 831 5193; x_wconf 85' lang='lat' dir='ltr'><strong>In</strong></span> <span class='ocrx_word' id='word_1_744' title='bbox 863 5151 978 5212; x_wconf 91' lang='lat' dir='ltr'><strong>quo</strong></span> <span class='ocrx_word' id='word_1_745' title='bbox 1010 5131 1259 5193; x_wconf 90' lang='lat' dir='ltr'><strong>conﬁdis</strong></span> <span class='ocrx_word' id='word_1_746' title='bbox 1293 5131 1317 5190; x_wconf 69' lang='grc' dir='ltr'>τ</span> <span class='ocrx_word' id='word_1_747' title='bbox 1350 5131 1643 5210; x_wconf 88' lang='lat' dir='ltr'><strong>quomodo</strong></span> <span class='ocrx_word' id='word_1_748' title='bbox 1705 5140 1762 5192; x_wconf 94' lang='lat' dir='ltr'><strong>te</strong></span> <span class='ocrx_word' id='word_1_749' title='bbox 1795 5151 2005 5193; x_wconf 89' lang='lat' dir='ltr'><strong>manus</strong></span> 
     </span>
    </p>
   </div>
   <div class='ocr_carea' id='block_1_90' title="bbox 356 5219 2007 5300">
    <p class='ocr_par' dir='ltr' id='par_1_90' title="bbox 356 5219 2007 5300">
     <span class='ocr_line' id='line_1_91' title="bbox 356 5219 2007 5300; baseline 0.002 -22"><span class='ocrx_word' id='word_1_750' title='bbox 356 5236 520 5280; x_wconf 85' lang='lat' dir='ltr'><strong>meas</strong></span> <span class='ocrx_word' id='word_1_751' title='bbox 551 5219 927 5298; x_wconf 78' lang='lat' dir='ltr'><strong>eﬁ&#39;ugitorum</strong></span> <span class='ocrx_word' id='word_1_752' title='bbox 958 5239 1163 5300; x_wconf 88' lang='lat' dir='ltr'><strong>speras</strong></span> <span class='ocrx_word' id='word_1_753' title='bbox 1191 5240 1203 5280; x_wconf 93' lang='lat'>:</span> <span class='ocrx_word' id='word_1_754' title='bbox 1232 5219 1712 5300; x_wconf 84' lang='lat' dir='ltr'><strong>quandoquidem</strong></span> <span class='ocrx_word' id='word_1_755' title='bbox 1743 5220 2007 5282; x_wconf 81' lang='lat' dir='ltr'><strong>ludifica-</strong></span> 
     </span>
    </p>
   </div>
   <div class='ocr_carea' id='block_1_91' title="bbox 352 5307 2006 5391">
    <p class='ocr_par' dir='ltr' id='par_1_91' title="bbox 352 5307 2006 5391">
     <span class='ocr_line' id='line_1_92' title="bbox 352 5307 2006 5391; baseline 0.004 -25"><span class='ocrx_word' id='word_1_756' title='bbox 352 5311 446 5369; x_wconf 91' lang='lat' dir='ltr'><strong>tus</strong></span> <span class='ocrx_word' id='word_1_757' title='bbox 475 5316 764 5391; x_wconf 76' lang='lat' dir='ltr'><strong>praecepta</strong></span> <span class='ocrx_word' id='word_1_758' title='bbox 792 5327 946 5384; x_wconf 86' lang='lat' dir='ltr'><strong>mea,</strong></span> <span class='ocrx_word' id='word_1_759' title='bbox 1005 5315 1063 5371; x_wconf 87' lang='lat' dir='ltr'><strong>et</strong></span> <span class='ocrx_word' id='word_1_760' title='bbox 1105 5328 1199 5372; x_wconf 91' lang='lat' dir='ltr'><strong>me</strong></span> <span class='ocrx_word' id='word_1_761' title='bbox 1271 5307 1551 5370; x_wconf 88' lang='lat' dir='ltr'><strong>relictoad</strong></span> <span class='ocrx_word' id='word_1_762' title='bbox 1600 5307 1892 5372; x_wconf 82' lang='lat' dir='ltr'><strong>Christum</strong></span> <span class='ocrx_word' id='word_1_763' title='bbox 1953 5318 2006 5372; x_wconf 92' lang='lat' dir='ltr'><strong>te</strong></span> 
     </span>
    </p>
   </div>
   <div class='ocr_carea' id='block_1_92' title="bbox 431 5476 1077 5555">
    <p class='ocr_par' dir='ltr' id='par_1_92' title="bbox 431 5476 1077 5555">
     <span class='ocr_line' id='line_1_93' title="bbox 431 5476 1077 5555; baseline 0.009 -19"><span class='ocrx_word' id='word_1_764' title='bbox 431 5476 496 5527; x_wconf 74' lang='lat'><strong>40</strong></span> <span class='ocrx_word' id='word_1_765' title='bbox 521 5477 672 5539; x_wconf 83' lang='lat' dir='ltr'><strong>Psal.</strong></span> <span class='ocrx_word' id='word_1_766' title='bbox 705 5491 905 5555; x_wconf 85' lang='lat' dir='ltr'><strong>cxvm,</strong></span> <span class='ocrx_word' id='word_1_767' title='bbox 942 5479 1077 5542; x_wconf 81' lang='grc'><strong>137.</strong></span> 
     </span>
    </p>
   </div>
   <div class='ocr_carea' id='block_1_93' title="bbox 2087 4584 3737 4678">
    <p class='ocr_par' dir='ltr' id='par_1_93' title="bbox 2087 4584 3737 4678">
     <span class='ocr_line' id='line_1_94' title="bbox 2087 4584 3737 4678; baseline -0.011 -18"><span class='ocrx_word' id='word_1_768' title='bbox 2087 4613 2187 4660; x_wconf 90' lang='lat' dir='ltr'><strong>aut</strong></span> <span class='ocrx_word' id='word_1_769' title='bbox 2218 4584 2350 4678; x_wconf 80' lang='lat' dir='ltr'><strong>quis</strong></span> <span class='ocrx_word' id='word_1_770' title='bbox 2373 4605 2555 4657; x_wconf 91' lang='lat' dir='ltr'><strong>totum</strong></span> <span class='ocrx_word' id='word_1_771' title='bbox 2607 4603 2662 4654; x_wconf 91' lang='lat' dir='ltr'><strong>te</strong></span> <span class='ocrx_word' id='word_1_772' title='bbox 2723 4593 2924 4654; x_wconf 90' lang='lat' dir='ltr'><strong>videre</strong></span> <span class='ocrx_word' id='word_1_773' title='bbox 2983 4591 3198 4673; x_wconf 89' lang='lat' dir='ltr'><strong>poterit</strong></span> <span class='ocrx_word' id='word_1_774' title='bbox 3256 4592 3446 4652; x_wconf 90' lang='lat' dir='ltr'><strong>Deum</strong></span> <span class='ocrx_word' id='word_1_775' title='bbox 3477 4603 3673 4678; x_wconf 84' lang='lat' dir='ltr'><strong>meum</strong></span> <span class='ocrx_word' id='word_1_776' title='bbox 3707 4584 3737 4642; x_wconf 64' lang='grc' dir='ltr'><strong>Ξ)</strong></span> 
     </span>
    </p>
   </div>
   <div class='ocr_carea' id='block_1_94' title="bbox 2088 4674 3735 4760">
    <p class='ocr_par' dir='ltr' id='par_1_94' title="bbox 2088 4674 3735 4760">
     <span class='ocr_line' id='line_1_95' title="bbox 2088 4674 3735 4760; baseline -0.01 -11"><span class='ocrx_word' id='word_1_777' title='bbox 2088 4674 2462 4757; x_wconf 44' lang='lat' dir='ltr'><strong>Nam—omne,</strong></span> <span class='ocrx_word' id='word_1_778' title='bbox 2488 4703 2594 4744; x_wconf 90' lang='lat' dir='ltr'><strong>seu</strong></span> <span class='ocrx_word' id='word_1_779' title='bbox 2618 4683 2955 4742; x_wconf 90' lang='lat' dir='ltr'><strong>universum</strong></span> <span class='ocrx_word' id='word_1_780' title='bbox 2977 4681 3106 4760; x_wconf 91' lang='lat' dir='ltr'><strong>quis</strong></span> <span class='ocrx_word' id='word_1_781' title='bbox 3133 4679 3338 4740; x_wconf 91' lang='lat' dir='ltr'><strong>oculus</strong></span> <span class='ocrx_word' id='word_1_782' title='bbox 3385 4674 3735 4755; x_wconf 87' lang='lat' dir='ltr'><strong>conspicere</strong></span> 
     </span>
    </p>
   </div>
   <div class='ocr_carea' id='block_1_95' title="bbox 2089 4770 3738 4850">
    <p class='ocr_par' dir='ltr' id='par_1_95' title="bbox 2089 4770 3738 4850">
     <span class='ocr_line' id='line_1_96' title="bbox 2089 4770 3738 4850; baseline -0.007 -16"><span class='ocrx_word' id='word_1_783' title='bbox 2089 4777 2347 4837; x_wconf 70' lang='lat' dir='ltr'><strong>valebit?</strong></span> <span class='ocrx_word' id='word_1_784' title='bbox 2369 4773 2478 4844; x_wconf 86' lang='lat' dir='ltr'><strong>Qui</strong></span> <span class='ocrx_word' id='word_1_785' title='bbox 2499 4791 2639 4833; x_wconf 87' lang='lat' dir='ltr'><strong>vero</strong></span> <span class='ocrx_word' id='word_1_786' title='bbox 2671 4789 2850 4850; x_wconf 90' lang='lat' dir='ltr'><strong>super</strong></span> <span class='ocrx_word' id='word_1_787' title='bbox 2882 4770 3220 4830; x_wconf 86' lang='lat' dir='ltr'><strong>universum</strong></span> <span class='ocrx_word' id='word_1_788' title='bbox 3260 4774 3371 4840; x_wconf 89' lang='lat' dir='ltr'><strong>est,</strong></span> <span class='ocrx_word' id='word_1_789' title='bbox 3415 4783 3545 4845; x_wconf 79' lang='lat' dir='ltr'><strong>quae</strong></span> <span class='ocrx_word' id='word_1_790' title='bbox 3568 4781 3738 4824; x_wconf 87' lang='lat' dir='ltr'><strong>mens</strong></span> 
     </span>
    </p>
   </div>
   <div class='ocr_carea' id='block_1_96' title="bbox 2090 4852 3740 4951">
    <p class='ocr_par' dir='ltr' id='par_1_96' title="bbox 2090 4852 3740 4951">
     <span class='ocr_line' id='line_1_97' title="bbox 2090 4852 3740 4951; baseline -0.009 -25"><span class='ocrx_word' id='word_1_791' title='bbox 2090 4884 2224 4926; x_wconf 91' lang='lat' dir='ltr'><strong>eum</strong></span> <span class='ocrx_word' id='word_1_792' title='bbox 2283 4860 2821 4941; x_wconf 80' lang='lat' dir='ltr'><strong>comprehendere,</strong></span> <span class='ocrx_word' id='word_1_793' title='bbox 2858 4868 2956 4918; x_wconf 87' lang='lat' dir='ltr'><strong>aut</strong></span> <span class='ocrx_word' id='word_1_794' title='bbox 3011 4855 3334 4934; x_wconf 78' lang='lat' dir='ltr'><strong>complecti</strong></span> <span class='ocrx_word' id='word_1_795' title='bbox 3395 4852 3611 4934; x_wconf 88' lang='lat' dir='ltr'><strong>poterit</strong></span> <span class='ocrx_word' id='word_1_796' title='bbox 3638 4859 3740 4951; x_wconf 78' lang='lat' dir='ltr'><strong>aut</strong></span> 
     </span>
    </p>
   </div>
   <div class='ocr_carea' id='block_1_97' title="bbox 2091 4948 3736 5021">
    <p class='ocr_par' dir='ltr' id='par_1_97' title="bbox 2091 4948 3736 5021">
     <span class='ocr_line' id='line_1_98' title="bbox 2091 4948 3736 5021; baseline -0.009 -8"><span class='ocrx_word' id='word_1_797' title='bbox 2091 4950 2330 5012; x_wconf 65' lang='lat' dir='ltr'><strong>extendi</strong></span> <span class='ocrx_word' id='word_1_798' title='bbox 2361 4958 2480 5009; x_wconf 86' lang='lat' dir='ltr'><strong>tota</strong></span> <span class='ocrx_word' id='word_1_799' title='bbox 2526 4948 2855 5008; x_wconf 89' lang='lat' dir='ltr'><strong>secundum</strong></span> <span class='ocrx_word' id='word_1_800' title='bbox 2908 4956 3116 5021; x_wconf 79' lang='lat' dir='ltr'><strong>totum,</strong></span> <span class='ocrx_word' id='word_1_801' title='bbox 3153 4953 3210 5004; x_wconf 90' lang='lat' dir='ltr'><strong>et</strong></span> <span class='ocrx_word' id='word_1_802' title='bbox 3261 4959 3512 5005; x_wconf 91' lang='lat' dir='ltr'><strong>cernere</strong></span> <span class='ocrx_word' id='word_1_803' title='bbox 3541 4948 3736 5001; x_wconf 84' lang='lat' dir='ltr'><strong>conti-</strong></span> 
     </span>
    </p>
   </div>
   <div class='ocr_carea' id='block_1_98' title="bbox 2090 5033 3742 5116">
    <p class='ocr_par' dir='ltr' id='par_1_98' title="bbox 2090 5033 3742 5116">
     <span class='ocr_line' id='line_1_99' title="bbox 2090 5033 3742 5116; baseline -0.007 -15"><span class='ocrx_word' id='word_1_804' title='bbox 2090 5049 2332 5100; x_wconf 90' lang='lat' dir='ltr'><strong>nentem</strong></span> <span class='ocrx_word' id='word_1_805' title='bbox 2369 5038 2590 5116; x_wconf 87' lang='lat' dir='ltr'><strong>omnia,</strong></span> <span class='ocrx_word' id='word_1_806' title='bbox 2651 5043 2814 5097; x_wconf 85' lang='lat' dir='ltr'><strong>extra</strong></span> <span class='ocrx_word' id='word_1_807' title='bbox 2846 5035 3067 5109; x_wconf 90' lang='lat' dir='ltr'><strong>omnia,</strong></span> <span class='ocrx_word' id='word_1_808' title='bbox 3129 5043 3188 5094; x_wconf 89' lang='lat' dir='ltr'><strong>et</strong></span> <span class='ocrx_word' id='word_1_809' title='bbox 3215 5033 3409 5113; x_wconf 91' lang='lat' dir='ltr'><strong>ipsum</strong></span> <span class='ocrx_word' id='word_1_810' title='bbox 3442 5049 3645 5104; x_wconf 89' lang='lat' dir='ltr'><strong>omne,</strong></span> <span class='ocrx_word' id='word_1_811' title='bbox 3680 5037 3742 5091; x_wconf 88' lang='lat' dir='ltr'><strong>et</strong></span> 
     </span>
    </p>
   </div>
   <div class='ocr_carea' id='block_1_99' title="bbox 2089 5121 3735 5208">
    <p class='ocr_par' dir='ltr' id='par_1_99' title="bbox 2089 5121 3735 5208">
     <span class='ocr_line' id='line_1_100' title="bbox 2089 5121 3735 5208; baseline -0.005 -20"><span class='ocrx_word' id='word_1_812' title='bbox 2089 5128 2439 5208; x_wconf 90' lang='lat' dir='ltr'><strong>implentem</strong></span> <span class='ocrx_word' id='word_1_813' title='bbox 2464 5124 2753 5197; x_wconf 87' lang='lat' dir='ltr'><strong>omnia,et</strong></span> <span class='ocrx_word' id='word_1_814' title='bbox 2779 5135 2973 5185; x_wconf 90' lang='lat' dir='ltr'><strong>tamen</strong></span> <span class='ocrx_word' id='word_1_815' title='bbox 2996 5131 3160 5184; x_wconf 90' lang='lat' dir='ltr'><strong>extra</strong></span> <span class='ocrx_word' id='word_1_816' title='bbox 3179 5121 3374 5183; x_wconf 76' lang='lat' dir='ltr'><strong>omnia</strong></span> <span class='ocrx_word' id='word_1_817' title='bbox 3399 5127 3735 5181; x_wconf 87' lang='lat' dir='ltr'><strong>manentem</strong></span> 
     </span>
    </p>
   </div>
   <div class='ocr_carea' id='block_1_100' title="bbox 2092 5210 3741 5286">
    <p class='ocr_par' dir='ltr' id='par_1_100' title="bbox 2092 5210 3741 5286">
     <span class='ocr_line' id='line_1_101' title="bbox 2092 5210 3741 5286; baseline -0.005 -9"><span class='ocrx_word' id='word_1_818' title='bbox 2092 5211 3028 5277; x_wconf 78' lang='lat' dir='ltr'><strong>modoinelfabili?Nihilominus</strong></span> <span class='ocrx_word' id='word_1_819' title='bbox 3050 5221 3114 5272; x_wconf 93' lang='lat' dir='ltr'><strong>ut</strong></span> <span class='ocrx_word' id='word_1_820' title='bbox 3143 5211 3330 5272; x_wconf 90' lang='lat' dir='ltr'><strong>solem</strong></span> <span class='ocrx_word' id='word_1_821' title='bbox 3377 5218 3434 5272; x_wconf 90' lang='lat' dir='ltr'><strong>te</strong></span> <span class='ocrx_word' id='word_1_822' title='bbox 3478 5210 3741 5286; x_wconf 90' lang='lat' dir='ltr'><strong>intueor,</strong></span> 
     </span>
    </p>
   </div>
   <div class='ocr_carea' id='block_1_101' title="bbox 2090 5299 3747 5382">
    <p class='ocr_par' dir='ltr' id='par_1_101' title="bbox 2090 5299 3747 5382">
     <span class='ocr_line' id='line_1_102' title="bbox 2090 5299 3747 5382; baseline -0.005 -17"><span class='ocrx_word' id='word_1_823' title='bbox 2090 5315 2147 5366; x_wconf 92' lang='lat' dir='ltr'><strong>et</strong></span> <span class='ocrx_word' id='word_1_824' title='bbox 2181 5311 2244 5365; x_wconf 91' lang='lat' dir='ltr'><strong>ut</strong></span> <span class='ocrx_word' id='word_1_825' title='bbox 2273 5302 2500 5364; x_wconf 83' lang='lat' dir='ltr'><strong>stellam</strong></span> <span class='ocrx_word' id='word_1_826' title='bbox 2535 5301 2781 5382; x_wconf 81' lang='lat' dir='ltr'><strong>aSpicio,</strong></span> <span class='ocrx_word' id='word_1_827' title='bbox 2816 5309 2872 5364; x_wconf 89' lang='lat' dir='ltr'><strong>et</strong></span> <span class='ocrx_word' id='word_1_828' title='bbox 2904 5309 2966 5362; x_wconf 92' lang='lat' dir='ltr'><strong>ut</strong></span> <span class='ocrx_word' id='word_1_829' title='bbox 3016 5300 3350 5382; x_wconf 89' lang='lat' dir='ltr'><strong>lampadem</strong></span> <span class='ocrx_word' id='word_1_830' title='bbox 3381 5299 3441 5361; x_wconf 92' lang='lat' dir='ltr'><strong>in</strong></span> <span class='ocrx_word' id='word_1_831' title='bbox 3473 5316 3609 5361; x_wconf 87' lang='lat' dir='ltr'><strong>vase</strong></span> <span class='ocrx_word' id='word_1_832' title='bbox 3637 5314 3747 5361; x_wconf 90' lang='lat' dir='ltr'><strong>suo</strong></span> 
     </span>
    </p>
   </div>
  </div>
