4054 6114
345 288 460 353 573

1485 286 1921 350 DIVINOBUM
1967 286 2292 353 AMORUM
2336 292 2588 356 LIBER.

3579 281 3700 350 5⁵14

340 420 650 484 ardentem
680 422 878 499 video,
903 427 962 483 et
980 421 1042 481 in
1065 419 1196 481 sinu
1215 424 1273 481 te
1302 424 1366 479 ut
1389 418 1767 499 margaritam
1786 424 1982 497 porto.
2006 428 2047 476 Α
2068 421 2227 484 solos
2247 423 2568 486 divinitatis
2590 426 2716 506 ejus
2737 433 3040 488 consortes
3068 449 3083 498 ;
3133 424 3287 488 sicut
3304 423 3447 506 ipsa;
3477 428 3703 485 natura;

341 514 507 589 Quod
535 522 732 577 autem
786 522 840 576 te
887 531 1008 575 non
1057 512 1289 584 dilatas,
1340 511 1496 591 quod
1527 529 1644 572 non
1676 518 1859 572 totum
1890 528 1985 571 me

340 604 543 667 lumen
568 602 734 680 facis,
772 610 827 664 et
856 599 1122 663 ostendis
1176 608 1231 661 te
1268 600 1416 661 mihi
1468 606 1654 661 totum
1683 598 1897 679 qualis,
1928 606 1988 660 et

342 700 602 771 quantus
660 710 746 767 es,
807 691 981 771 plane
1031 708 1152 750 non
1207 707 1301 749 me
1360 689 1629 751 existimo
1678 687 1901 750 habere
1931 695 1986 750 te

339 781 520 842 vitam
553 797 748 841 meam
777 797 793 839 :
829 778 930 840 sed
975 777 1289 848 lamentor,
1320 784 1385 836 ut
1442 775 1732 857 quispiam
1787 795 1856 837 ex
1887 776 1982 837 di-

342 868 459 929 vite
491 867 833 941 mendicus,
866 884 937 928 ex
967 863 1458 939 illustriinfamis,
1484 883 1551 925 ac
1573 863 1985 944 desperatione

342 957 733 1018 conﬂictatus.
783 955 909 1016 Hoc
954 954 1435 1016 animadvertens
1478 952 1783 1026 inimicus,
1843 952 1987 1014 dicit

342 1044 489 1106 mihi
519 1067 532 1108 :
559 1046 691 1108 Non
720 1042 1065 1106 salvaberis.
1090 1040 1245 1102 Ecce
1276 1041 1434 1102 enim
1468 1061 1573 1122 spe
1608 1051 1702 1102 tua
1732 1041 1985 1101 frustra-

339 1140 436 1196 tus
473 1152 560 1214 es,
595 1141 652 1195 et
678 1151 713 1194 a
742 1150 924 1211 scopo
953 1130 1241 1192 aberrasti
1275 1151 1290 1202 ;
1342 1131 1621 1210 quoniam
1655 1150 1772 1191 non
1804 1130 1986 1191 habes

336 1241 512 1303 quam
536 1220 675 1284 olim
695 1219 958 1282 habebas
980 1237 1117 1299 erga
1136 1221 1318 1280 Deum
1369 1218 1582 1279 ﬁducia
1597 1237 1650 1277 in
1700 1238 1768 1280 ac
1799 1217 1985 1280 liber-

336 1318 540 1374 tatem.
603 1309 709 1374 Cui
765 1308 943 1371 verbo
990 1307 1361 1388 respondere
1416 1327 1535 1368 non
1595 1306 1847 1385 dignor;
1881 1307 1986 1368 sed

338 1400 542 1475 sufﬁo,
576 1409 634 1463 et
670 1398 964 1474 extemplo
988 1394 1424 1459 evanescit.Sic
1456 1415 1560 1457 oro
1594 1394 1866 1471 Domine,
1902 1396 1988 1457 sic

335 1507 482 1566 rogo
502 1495 583 1563 te,
609 1484 1078 1549 misericordiam
1110 1485 1266 1546 dona
1301 1483 1476 1546 etiam
1504 1492 1627 1545 tum
1653 1485 1820 1559 mihi,
1849 1504 1986 1546 cum

336 1575 684 1656 egredietur
713 1594 781 1635 ex
835 1575 945 1635 hoc
986 1590 1239 1654 corpore
1296 1572 1495 1633 anima
1552 1590 1708 1646 mea,
1773 1579 1837 1634 ut
1862 1574 1987 1634 solo

338 1667 482 1728 ﬂatu
506 1665 860 1746 pudefacere
884 1664 1103 1742 possim
1148 1661 1495 1722 incursuros
1542 1660 1604 1721 in
1630 1679 1723 1722 me
1753 1680 1988 1723 servum

341 1764 531 1829 tuum,
564 1761 623 1814 et
652 1752 875 1815 lumine
906 1749 1157 1831 Spiritus
1208 1749 1292 1810 tui
1345 1748 1696 1822 custoditus,
1734 1750 1990 1813 transire

338 1843 589 1916 illaasus,
614 1850 671 1902 et
689 1849 845 1902 stare
867 1849 1004 1900 ante
1046 1838 1304 1899 tribunal
1356 1846 1545 1913 tuum,
1595 1838 1822 1900 habens
1855 1858 1987 1901 me-

341 1949 479 1991 cum
533 1936 970 1991 sacrosanctam
1022 1926 1269 2006 gratiam
1329 1933 1508 1997 tuam,
1545 1934 1839 2004 tegentem
1870 1945 1987 1997 me,

342 2026 400 2080 et
423 2018 588 2080 nullo
605 2018 889 2079 suﬂ‘usum
917 2016 1146 2096 pudore
1183 2014 1587 2076 exhibentem.
1640 2013 1781 2086 Quis
1814 2033 1983 2075 nam-

340 2125 458 2188 que
488 2125 686 2168 coram
712 2114 768 2167 te
786 2120 1070 2186 apparere
1094 2103 1328 2179 audeat,
1381 2102 1495 2163 nisi
1523 2102 1713 2182 ipsam
1741 2102 1985 2164 indutus

336 2196 463 2257 sit?
492 2194 617 2257 Nisi
643 2195 831 2274 ipsam
864 2195 1025 2254 intus
1054 2199 1277 2271 teneat,
1344 2197 1401 2251 et
1424 2188 1496 2251 ab
1528 2190 1655 2271 ipsa
1679 2189 1983 2253 illumine-

341 2292 459 2360 tur,
494 2283 791 2365 quomodo
823 2282 980 2343 ullus
1035 2280 1277 2342 omnino
1326 2278 1758 2340 intolerabilem
1821 2279 1981 2340 illam

318 2375 448 2434 ‘Dei
480 2372 725 2449 gloriam
785 2370 985 2431 videre
1018 2366 1289 2449 poterit?
1307 2369 1454 2431 Nam
1477 2367 1577 2447 qui
1596 2367 1828 2429 tandem
1853 2368 1981 2446 glo-

343 2460 495 2522 riam
519 2459 651 2534 Dei,
687 2466 743 2520 et
785 2466 1055 2520 naturam
1106 2456 1340 2517 deitatis
1370 2454 1634 2531 humilis,
1669 2464 1726 2516 et
1754 2454 1985 2534 abjecta

340 2548 609 2610 hominis
638 2555 847 2609 natura
874 2544 1146 2607 videbit?
1167 2543 1325 2605 Deus
1356 2543 1514 2604 enim
1540 2543 1842 2605 increatus
1875 2552 1982 2619 est,

339 2655 454 2698 nos
499 2655 707 2698 omnes
751 2635 960 2699 creati.
1020 2634 1126 2696 Ille
1149 2631 1585 2712 corruptionem
1620 2632 1807 2694 nescit
1838 2650 1988 2709 ;nos

339 2724 764 2807 corruptibiles
812 2732 870 2787 et
915 2722 1111 2803 pulvis
1171 2739 1397 2783 sumus.
1463 2719 1570 2781 Ille
1603 2721 1844 2800 spiritus
1875 2728 1985 2801 est,

338 2814 602 2876 nobilior
617 2813 778 2876 omni
802 2812 1038 2893 spiritu,
1063 2817 1130 2872 ut
1149 2808 1419 2871 conditor
1434 2808 1747 2889 spirituum
1773 2828 1841 2870 ac
1863 2808 1988 2870 Do—

2068 518 2288 573 nostraa
2315 532 2559 576 consors
2596 522 2706 588 est,
2761 515 3006 577 effector
3063 514 3355 594 omnium,
3389 520 3454 575 ut
3491 510 3704 573 Paulus

2067 599 2436 682 testiﬁcatur,
2473 603 2690 665 Christi
2737 603 3063 665 Ecclesiam
3109 621 3324 683 corpus
3360 620 3545 662 unum
3577 600 3704 661 fore

2065 687 2424 751 dominicum
2461 699 2518 751 et
2544 690 2833 772 divinum,
2890 690 3113 772 absque
3167 690 3417 769 macula,
3449 689 3707 767 irrepre-

2066 776 2383 857 hensibile,
2420 781 2548 840 sine
2574 781 2737 841 omni
2760 799 2928 859 ruga,
2947 780 3243 861 quierunt
3264 779 3506 853 ﬁdeles;
3529 783 3706 854 caput

2065 873 2262 927 autem
2293 865 2635 928 Christus“.
2664 869 2722 931 Si
2752 887 2890 948 ergo
2921 870 3006 931 sic
3030 869 3163 945 erit,
3206 864 3702 947 quemadmodum

2066 954 2242 1015 etiam
2276 962 2384 1031 est,
2420 956 2517 1036 qui
2556 957 2831 1019 sordibus
2883 958 3075 1038 ipsum
3108 957 3395 1036 attingere
3438 953 3696 1016 audebit.

2067 1050 2170 1104 aut
2200 1043 2331 1123 quis
2382 1044 2660 1123 indignus
2709 1047 2762 1107 ei
2812 1046 3319 1126 agglutinabitur‘?
3362 1042 3508 1105 Nam
3566 1042 3617 1103 si
3648 1052 3707 1102 et

2068 1131 2245 1193 hodie
2300 1140 2465 1194 extra
2517 1133 2841 1195 Ecclesiam
2903 1144 3243 1215 peccatores
3272 1133 3612 1212 ejiciuntur,
3646 1139 3707 1190 et

2072 1220 2371 1281 consortio
2403 1220 2649 1281 aliorum
2671 1224 2902 1301 penitus
2925 1221 3344 1300 excluduntur,
3377 1229 3433 1280 et
3467 1219 3707 1298 insuper

2069 1315 2311 1386 aspectu
2371 1307 2702 1370 divinarum
2763 1315 2961 1371 rerum
3013 1312 3334 1390 privantur,
3394 1307 3493 1388 qui
3520 1307 3705 1367 sancti

2072 1414 2187 1456 non
2211 1404 2373 1477 sunt,
2402 1398 2547 1476 proh
2579 1398 2874 1478 quomodo
2904 1408 3038 1459 tunc
3069 1417 3200 1459 cum
3230 1414 3479 1476 corpore
3506 1395 3702 1456 incul-

2071 1485 2249 1566 pabili
2281 1488 2742 1566 conjungentnr,
2778 1496 2835 1549 et
2854 1487 3121 1548 membra
3138 1487 3352 1550 Christi
3380 1486 3545 1559 ﬁent,
3569 1503 3701 1545 cum

2072 1573 2191 1634 sint
2220 1576 2625 1657 contaminati,
2658 1596 2726 1637 ac
2758 1576 2986 1638 sordidi
3017 1577 3189 1656 '21)?

2151 1662 2282 1725 Non
2307 1663 2443 1725 licet
2472 1665 2606 1740 hoc,
2641 1666 2874 1745 fratres,
2894 1685 3012 1726 non
3041 1667 3140 1727 ﬁet
3169 1662 3411 1724 omnino
3449 1661 3563 1735 Qui
3594 1679 3702 1723 au-

2074 1759 2191 1813 tem
2220 1770 2252 1813 a
2282 1752 2478 1814 divino
2510 1771 2779 1833 corpore,
2813 1753 2876 1814 id
2906 1761 3016 1828 est,
3050 1752 3337 1826 Ecclesia,
3371 1763 3431 1813 et
3461 1769 3496 1812 a
3523 1751 3704 1812 choro

2074 1841 2403 1903 electorum
2433 1851 2846 1916 secernuntur,
2879 1841 2999 1916 die,
3034 1860 3290 1922 quonam
3319 1838 3614 1901 abibunt?
3644 1840 3704 1899 in

2072 1929 2226 2008 quod
2260 1948 2509 2006 regnum
2535 1931 2549 1988 !
2588 1930 2646 1990 in
2667 1951 2781 2010 quo
2808 1930 2960 2003 loco,
2988 1930 3159 2001 cedo,
3184 1935 3424 2008 sperant
3451 1926 3706 1988 domici-

2072 2017 2214 2079 lium
2240 2020 2269 2079 ?
2299 2020 2477 2079 Plane
2509 2020 2667 2079 enim
2730 2019 3062 2098 paradisus,
3122 2025 3176 2078 et
3231 2016 3394 2077 sinus
3425 2013 3700 2087 Abrahae,

2069 2121 2125 2167 et
2154 2106 2349 2167 omnis
2378 2107 2545 2168 locus
2573 2107 2802 2188 requiei
2835 2125 3035 2167 eorum
3066 2113 3153 2167 est
3174 2104 3270 2185 qui
3296 2104 3610 2165 salvantur.
3633 2103 3707 2164 At

2070 2195 2228 2256 enim
2263 2194 2359 2276 qui
2395 2196 2714 2267 salvantur,
2749 2202 3114 2256 suntomnes
3137 2193 3377 2254 omnino
3403 2190 3610 2263 sancti,
3641 2197 3706 2251 ut

2067 2282 2264 2345 divina
2293 2283 2598 2364 Scriptura
2615 2284 2827 2363 passim
2878 2283 3073 2356 docet,
3103 2288 3483 2361 testaturque.
3510 2278 3705 2342 Multae

2066 2371 2286 2452 quippe
2317 2373 2654 2433 mansiones
2684 2380 2839 2452 sunt,
2898 2371 2999 2433 sed
3062 2374 3215 2433 intra
3244 2368 3592 2431 Thalamum
3619 2368 3698 2428 43.

2069 2460 2576 2533 Quemadmodum
2624 2460 2781 2522 enim
2832 2480 3017 2522 unum
3048 2466 3137 2521 est
3182 2459 3422 2540 ccelum,
3457 2465 3514 2519 et
3541 2457 3602 2519 in
3635 2477 3706 2519 eo

2054 2550 2276 2625 “stellae,
2312 2552 2537 2611 honore
2591 2557 2648 2611 et
2700 2549 2961 2611 claritate
3018 2549 3407 2611 diﬂ‘erentes:
3445 2547 3531 2609 sic
3562 2545 3704 2608 item

2068 2657 2224 2700 unus
2255 2641 2548 2700 thalamus
2579 2647 2687 2713 est,
2724 2646 2781 2699 et
2811 2657 3083 2718 regnum.
3119 2635 3409 2699 Caeterum
3441 2643 3499 2696 et
3528 2653 3705 2714 para-

2069 2727 2255 2804 disus,
2290 2736 2347 2788 et
2368 2727 2578 2788 civitas
2610 2738 2836 2801 sancta,
2874 2736 2929 2787 et
2974 2726 3167 2788 omnis
3198 2725 3360 2786 locus
3394 2723 3703 2805 requietis,

2070 2815 2228 2878 Deus
2259 2824 2347 2877 est
2381 2815 2562 2877 solus.
2592 2815 2661 2876 Et
2689 2823 2751 2876 ut
2780 2816 2956 2876 homo
2991 2833 3109 2876 non
3170 2813 3342 2875 habet
3368 2813 3429 2874 in
3456 2813 3570 2874 vita
3599 2831 3700 2873 re-

339 2905 583 2981 minus;
616 2923 724 2966 nos
754 2921 963 2965 carnes
1021 2909 1355 2975 terrestres,
1399 2908 1456 2961 et
1505 2899 1834 2962 substantia
1863 2908 1988 2961 ter-
2072 2908 2292 2985 quiem,
2329 2904 2428 2985 qui
2460 2924 2575 2965 non
2609 2904 2885 2965 manetin
2916 2904 3062 2984 Deo,
3098 2913 3154 2965 et
3204 2904 3361 2965 Deus
3387 2902 3445 2962 in
3479 2921 3548 2964 eo
3575 2920 3589 2965 :
3616 2902 3704 2961 sic

336 2995 571 3056 restris.
602 2993 708 3057 llle
738 2999 942 3054 auctor
973 2992 1259 3064 omnium,
1295 2988 1571 3069 principii
1621 3008 1856 3069 expers,
1890 2988 2048 3050 in-C
2075 2993 2248 3055 etiam
2279 3002 2406 3074 post
2433 3002 2681 3054 mortem
2708 3002 2869 3057 extra
2902 2993 3068 3053 illum
3113 2993 3380 3067 unicum,
3415 3010 3531 3051 non
3565 2989 3697 3069 erit,

337 3082 852 3163 comprehensus:
890 3099 994 3142 nos
1024 3096 1278 3152 vermes,
1340 3085 1398 3138 et
1452 3095 1685 3139 caenum
1723 3085 1783 3139 et
1811 3078 1986 3139 cinis.
2070 3081 2303 3162 opinor,
2338 3082 2729 3164 ullarequies,
2759 3101 2876 3143 non
2899 3081 3120 3143 locusa
3145 3079 3696 3159 tristitia,agemitu,

338 3169 417 3232 Et
445 3171 548 3251 qui
577 3170 648 3231 de
681 3168 853 3231 nobis
911 3188 976 3230 ex
1040 3168 1273 3248 propria
1333 3165 1569 3242 virtute,
1628 3173 1726 3225 aut
1754 3166 1988 3227 actione
2068 3170 2514 3233 atribulatione
2547 3170 2720 3233 liber.

339 3259 506 3321 hunc
530 3258 733 3321 videre
762 3276 1021 3339 unquam
1076 3256 1315 3337 poterit,
1371 3255 1481 3315 nisi
1541 3254 1669 3335 ipse
1699 3253 1983 3334 Spiritum
2147 3257 2437 3330 Quocirca
2466 3257 2828 3328 studeamus,
2884 3258 3117 3334 fratres,
3181 3259 3523 3320 studeamus
3569 3264 3705 3318 ante

337 3366 516 3411 suum
548 3348 811 3409 divinum
845 3345 1132 3421 emiserit,
1167 3364 1236 3407 ac
1269 3362 1375 3424 per
1396 3362 1541 3404 eum
1601 3344 1853 3405 inﬁrmae
1885 3363 1986 3405 na-
2067 3346 2289 3407 obitum
2313 3355 2577 3408 nostrum
2608 3347 2729 3409 Deo
2749 3347 2973 3408 auctori
3028 3347 3295 3409 omnium
3343 3348 3701 3422 coalescere,

336 3444 486 3498 turae
516 3435 720 3511 robur,
756 3435 934 3511 vires,
981 3434 1376 3512 virtutemque
1430 3431 1750 3502 sulfecerit,
1782 3440 1837 3492 et
1870 3432 1983 3493 ho-
2068 3435 2170 3515 qui
2202 3444 2445 3517 propter
2467 3454 2574 3496 nos
2604 3436 2856 3497 miseros
2873 3437 3056 3497 caelos
3077 3436 3398 3511 inclinavit,
3425 3435 3564 3497 etin
3589 3442 3704 3496 ter-

330 3524 566 3586 minem
591 3523 859 3585 videnda:
915 3522 1117 3602 gloriae
1174 3540 1296 3581 suae
1353 3520 1633 3580 idoneum
1668 3520 1987 3582 effecerit?
2068 3543 2165 3585 ras
2192 3524 2615 3598 descendit“;
2666 3525 2766 3605 qui
2816 3526 2983 3586 latuit
3032 3526 3296 3604 angelos,
3359 3532 3416 3586 et
3447 3524 3506 3584 in
3537 3530 3702 3585 utero

328 3613 573 3693 Alioqui
604 3613 762 3674 enim
795 3630 914 3673 non
947 3610 1194 3684 videbit,
1227 3628 1337 3671 nec
1391 3607 1592 3669 videre
1625 3609 1840 3688 poterit
1871 3611 1983 3671 bo-
2068 3620 2289 3674 sancta
2318 3611 2579 3691 Virginis
2627 3611 2930 3690 habitavit,
2975 3630 3042 3672 ex
3075 3630 3187 3693 qua
3229 3629 3443 3690 corpus
3467 3628 3701 3670 assurr-

333 3702 564 3763 minem
597 3701 888 3782 quispiam
920 3701 979 3761 in
1028 3700 1214 3779 gloria
1261 3697 1618 3760 venientem.
1677 3697 1748 3758 Et
1775 3697 1854 3760 ita
1886 3699 1981 3759 in-
2071 3701 2206 3780 psit,
2246 3696 2425 3761 modo
2452 3699 2864 3775 inenarrabili,
2899 3709 2957 3761 et
2984 3700 3131 3762 citra
3164 3699 3551 3759 mutationem
3584 3698 3700 3777 sui,

325 3789 484 3871 justi
515 3789 739 3870 ajustis
768 3788 1226 3870 separabuntur,
1257 3786 1637 3865 tenebrisque
1659 3785 1987 3849 obruentur
2069 3788 2328 3869 indeque
2359 3789 2429 3850 ad
2463 3798 2725 3850 nostram
2756 3789 3021 3850 omnium
3059 3788 3310 3849 salutem
3342 3785 3703 3866 operandam

332 3887 705 3960 peccatores,
742 3887 798 3939 et
849 3878 1211 3958 quicumque
1242 3876 1382 3936 hinc
1437 3892 1637 3936 secum
1691 3875 1892 3935 lumen
1930 3879 1984 3937 in
2071 3878 2380 3956 processit.
2405 3877 2575 3939 Salus
2598 3885 2793 3938 autem
2831 3887 3027 3938 nostra
3057 3876 3181 3936 haec
3212 3883 3270 3936 et
3323 3876 3517 3955 plane,
3544 3873 3702 3954 quod

330 3970 485 4051 ipsis
514 3988 633 4030 non
680 3969 1015 4031 attulerint.
1054 3968 1167 4042 Qui
1223 3976 1418 4028 autem
1451 3983 1520 4026 ex
1579 3965 1670 4025 his
1726 3984 1854 4045 quae
1887 3965 1984 4026 hic
2069 3964 2283 4044 saepius
2306 3965 2586 4038 diximus,
2623 3974 2680 4025 et
2712 3984 2869 4026 nunc
2894 3966 3088 4026 denuo
3120 3964 3409 4039 dicemus,
3437 3982 3553 4024 non
3596 3980 3705 4023 nos

329 4050 612 4138 egerunt,
650 4058 704 4119 ei
741 4058 1001 4139 copulati
1032 4066 1191 4131 sunt,
1245 4055 1423 4117 etiam
1481 4063 1620 4115 tunc
1650 4055 1894 4133 mystice
1920 4061 1978 4115 et
2065 4053 2307 4134 quidem
2340 4072 2406 4114 ex
2439 4052 2610 4114 nobis
2641 4053 2807 4132 ipsis,
2838 4053 2937 4114 sed
2957 4071 3031 4114 ex
3055 4070 3158 4113 ore
3175 4051 3394 4114 divino.
3417 4050 3705 4132 Apparuit

325 4165 615 4226 germane
638 4145 759 4207 Deo
809 4146 1265 4226 copulabuntur,
1314 4154 1491 4221 atque
1545 4141 1617 4203 ab
1647 4143 1775 4221 ejus
1806 4160 1975 4204 com-
2063 4160 2335 4219 magnum
2369 4142 2568 4202 lumen
2599 4140 2777 4201 futuri
2806 4140 3025 4220 saeculi,
3056 4158 3305 4220 regnum
3326 4140 3608 4201 caelorum
3643 4140 3701 4201 in

325 4233 619 4296 munione
676 4253 974 4315 nunquam
1034 4234 1406 4295 divellentur.
1473 4234 1657 4292 Porro
1705 4231 1807 4311 qui
1839 4230 1976 4291 hinc
2000 4235 2247 4324 Dterras
2278 4229 2627 4291 descendit:
2662 4230 2780 4290 imo
2803 4248 2940 4290 vero
2963 4247 3244 4310 superum
3269 4229 3704 4303 etinferum,et

326 4324 754 4402 emigraverint
784 4324 856 4383 ab
900 4325 1029 4402 ejus
1087 4322 1309 4384 lumine
1367 4321 1618 4401 sejuncti
1680 4319 1977 4400 quomodo
2000 4316 2036 4351 θ
2061 4317 2324 4378 omnium
2343 4320 2462 4381 Rex
2490 4320 2669 4393 venit,
2703 4317 3002 4397 voluitque
3030 4317 3200 4378 nobis
3231 4318 3358 4378 ﬁeri
3374 4316 3607 4390 similis,
3636 4325 3703 4377 ut

328 4418 437 4474 aut
468 4430 583 4492 qua
610 4412 840 4473 ratione
869 4420 1009 4472 tunc
1040 4411 1093 4472 ei
1142 4410 1451 4490 uniantur,
1490 4409 1720 4469 discere
1749 4425 1779 4470 a
1814 4407 1981 4469 vobis
2063 4425 2129 4467 ex
2163 4407 2291 4486 ipso
2310 4414 2587 4487 tanquam
2614 4425 2683 4467 ex
2704 4405 2927 4467 lumine
2948 4425 3156 4467 omnes
3187 4406 3443 4470 accensi.
3474 4404 3700 4466 lumina

329 4501 536 4580 cupio,
573 4509 674 4563 aut
705 4519 808 4561 vos
838 4502 1059 4562 docere
1093 4501 1305 4580 potius.
2063 4496 2246 4556 altera
2267 4495 2459 4575 primo
2479 4495 2695 4557 similia
2723 4495 3109 4557 evaderemus
3139 4516 3153 4570 ;
3179 4495 3415 4573 etrcgai
3438 4493 3704 4555 caelestis

418 4587 580 4650 Deus
611 4590 788 4650 homo
815 4588 1022 4665 factus,
1051 4589 1403 4649 sociatusest
1428 4584 1787 4648 hominibus.
1815 4582 1984 4645 Com-
2065 4593 2393 4658 consortes,
2426 4585 2732 4664 gloriaque
2786 4583 3126 4664 par:icipes,
3163 4603 3272 4644 nec
3296 4601 3413 4644 non
3442 4590 3699 4644 aeterno-

334 4677 658 4738 municavit
689 4676 998 4738 nobiscum
1033 4677 1091 4737 in
1133 4678 1392 4738 humana
1438 4684 1664 4747 natura,
1694 4671 1981 4732 vicissim-
2062 4691 2194 4732 rum
2225 4672 2539 4746 bonorum,
2575 4692 2703 4753 qum
2734 4692 2908 4734 nemo
2943 4672 3084 4733 vulit
3110 4692 3389 4753 unquam,
3424 4671 3698 4732 haeredes

332 4784 454 4847 que
483 4784 617 4827 cum
639 4766 930 4833 universis
959 4766 1016 4827 in
1049 4787 1185 4829 eum
1246 4764 1652 4835 credentibus,
1686 4769 1743 4822 et
1773 4761 1979 4822 ﬁdem-
2064 4765 2361 4823 tieremus.
2394 4760 2528 4823 Haec
2557 4771 2750 4832 autem
2785 4769 2941 4832 sunt,
2981 4770 3037 4821 ut
3071 4762 3268 4834 credo,
3308 4769 3365 4821 et
3396 4758 3540 4820 mihi
3571 4776 3705 4838 per-

328 4873 404 4915 ex
434 4853 712 4934 operibus
743 4854 1196 4917 ostendentibus
1218 4853 1584 4916 divinitatem
1626 4868 1791 4912 suam
1809 4866 1973 4911 com-
2058 4849 2280 4910 suadeo
2312 4857 2369 4911 et
2399 4858 2666 4930 autumo,
2700 4852 2893 4930 Pater,
2951 4849 3133 4909 Filius
3183 4857 3241 4909 et
3271 4848 3527 4929 Spiritus
3559 4865 3701 4907 san-

331 4943 676 5004 municavit.
737 4942 856 5004 Hos
914 4944 1091 5022 igitur
1160 4944 1447 5006 salvatum
1506 4941 1578 5003 i.i
1635 4938 1970 5013 aﬂlrmavit,
2057 4947 2211 5018 ctus,
2246 4957 2360 4998 una
2390 4938 2670 5000 Trinitas.
2735 4939 2845 5000 llic
2899 4940 3030 4999 fons
3076 4934 3696 5013 honorum;haecvita

414 5111 469 5160 41
504 5109 722 5191 Ephes.
761 5131 811 5183 v,
846 5110 946 5173 23.
1031 5112 1093 5161 η
1121 5111 1292 5175 Joan.
1324 5128 1446 5188 xxv,
1484 5114 1540 5172 2.
1626 5109 1689 5159 ιδ
1715 5106 1871 5168 Psal.
1904 5122 2047 5187 xvu,
2090 5108 2178 5170 10.

1031 5112 1093 5161 42
1121 5111 1292 5175 Joan.
1324 5128 1446 5188 xxv,
1484 5114 1540 5172 2.

2060 5264 2283 5340 clesia;
2314 5263 2633 5325 dummodo
2665 5273 2860 5327 tamen
2897 5265 3071 5325 ﬁdem
3120 5281 3239 5323 non
3279 5262 3578 5340 abjiciant.
3613 5260 3699 5323 De

2061 5363 2176 5424 quo
2204 5344 2393 5404 videat
2411 5344 2597 5405 lector
2621 5345 2794 5407 Card.
2814 5342 3221 5424 Bellarm.lib.
3243 5358 3301 5403 ιιι
3322 5342 3408 5404 De
3428 5340 3704 5424 Ecclesia

2060 5420 2386 5499 militante,
2405 5425 2604 5503 cap.9,
2626 5422 3162 5503 qui_etiam_cap.10
3190 5421 3386 5503 docet,
3402 5420 3700 5503 quomodo

2062 5503 2336 5565 inﬁdeles
2372 5497 2594 5565 occulti
2620 5497 2680 5563 in
2717 5500 2984 5564 Ecclesia
3011 5497 3243 5564 censeri
3274 5497 3523 5584 possint.

421 5269 544 5352 (2i)
570 5271 708 5352 Haec
730 5289 861 5352 qua;
883 5269 1133 5352 Symeon
1160 5271 1387 5352 scribit,
1410 5266 1795 5352 intelligenda
1816 5272 1973 5341 sunt,

339 5321 457 5411 non
474 5321 548 5432 de
570 5321 1046 5432 q‘uibdlscum'que
1071 5321 1504 5431 peccatoribus.
1524 5321 1639 5411 sed,
1651 5351 1724 5410 de
1741 5321 1977 5432 excom:

339 5428 677 5511 municatis.
708 5428 1001 5511 Aliienim
1029 5428 1392 5510 peccatores,
1411 5428 1787 5511 quantumvis
1809 5440 1980 5511 error-

340 5524 488 5584 mes,
524 5510 650 5572 sive
680 5510 977 5572 manifesti
1005 5502 1134 5572 sive
1162 5502 1398 5590 occulti,
1424 5502 1564 5572 vere
1604 5517 1740 5571 sunt
1767 5506 1828 5567 in
1856 5502 1974 5565 Ec-
