4054 6114
335 253 455 318 573
1642 217 2023 320 SYMEONIS
2063 251 2412 318 JUNIOBIS
3588 248 3704 317 5‘76

332 405 530 449 rerum
548 389 902 452 exstantium
931 409 946 465 ;
970 391 1063 452 ba
1086 390 1320 452 delicias
1335 390 1669 470 etrequies;
1686 389 1810 451 haec
1830 388 1979 451 stola
1997 397 2040 447 Α
2142 387 2296 449 Audi
2319 406 2450 467 quae
2471 392 2898 468 percunctaris,
2929 400 2990 453 et
3006 392 3206 454 audita
3230 391 3444 453 litteris
3465 390 3702 452 manda.

335 492 389 537 et
420 477 609 552 gloria
633 526 649 551 ,
676 480 788 539 hoc
813 477 1091 556 gaudium
1111 477 1408 540 ineffabile
1429 485 1487 539 et
1503 477 1663 545 salus
1686 478 1974 549 omnium,
2061 475 2189 553 Ego
2224 476 2531 538 Deusante
2547 496 2722 539 omne
2742 479 3121 560 principium,
3149 499 3256 556 ego
3281 488 3489 541 natura
3506 477 3706 540 Domi-

338 566 439 644 qui
473 565 930 627 llluminationis
950 566 1820 645 ejusinexplicabilisfactisunt
1855 581 1984 643 par-
2063 567 3306 647 nus,supercrumetiuferorumrex,cujus
3330 567 3710 630 serviomnes

338 653 574 733 ticipes,
604 663 662 715 et
691 654 1170 716 communionem
1185 673 1249 715 se
1272 672 1406 715 cum
1437 654 1564 732 ipso
1596 653 1818 715 habere
1838 670 1983 714 sen-

336 741 509 802 tiunt.
546 742 776 805 Idcirco
819 742 1003 822 enim,
1038 742 1262 814 audite,
1324 740 1588 805 Salvator
1619 741 1979 815 nominatur,

336 830 613 910 quoniam
636 830 915 893 omnibus
937 831 1285 911 quibuscum
1308 832 1509 891 unitus
1528 829 1981 905 fuerit,salutem

333 918 452 981 dat.
488 918 658 980 Salus
690 936 865 999 porro
887 928 975 980 est
996 918 1263 981 omnium
1290 918 1580 979 malorum
1601 917 1902 998 depulsio,
1926 916 1986 978 et

333 1008 395 1068 in
425 1006 635 1069 eodem
695 1008 960 1068 omnium
1017 1006 1311 1068 bonorum
1365 1015 1585 1068 aeterna
1635 1006 1920 1082 inventio,
1951 1024 1985 1066 a

336 1103 526 1157 morte
556 1096 756 1169 vitam,
787 1115 820 1156 a
851 1095 1115 1157 tenebris
1167 1096 1383 1174 lucem,
1433 1114 1466 1156 a
1501 1096 1783 1156 servitute
1808 1095 1983 1157 vitio~

337 1202 535 1246 sorum
595 1185 932 1259 affectuum,
1015 1184 1618 1263 turpissimarumque
1676 1184 1981 1245 actionum

338 1272 661 1352 perfectam
679 1272 1013 1334 libertatem
1026 1271 1300 1333 omnibus
1317 1292 1448 1332 cum
1469 1271 1701 1335 Christo
1717 1272 1980 1332 omnium

337 1359 636 1423 Salvatore
661 1361 996 1440 conjunctis
1021 1379 1090 1422 ac
1124 1360 1413 1423 devinctis
1436 1360 1828 1440 largiens,qui
1848 1369 1986 1420 tunc

336 1468 512 1511 omne
534 1449 812 1528 gaudium
835 1450 979 1510 citra
1036 1450 1370 1529 periculum
1389 1448 1721 1523 amittendi,
1744 1466 1981 1510 omnem

338 1538 816 1613 exsultationem,
851 1537 1237 1618 laetitiamque
1267 1539 1590 1618 possident.
1623 1538 1734 1609 Qui
1785 1543 1980 1599 autem

2065 661 2409 727 censentur,
2437 653 2611 714 etiam
2644 658 2741 736 qui
2777 656 3006 717 nolunt.
3036 657 3158 737 Ego
3190 657 3394 737 utique
3424 654 3708 717 Conditor

2067 739 2357 812 omnium,
2376 741 2586 819 Iudex,
2609 743 2964 805 etDominus
2996 754 3055 807 et
3078 762 3233 807 nunc
3257 763 3410 820 sum,
3437 744 3573 805 etin
3597 762 3709 805 saa-

2067 829 2200 890 cuia
2212 830 2562 891 saeculorum
2592 850 2714 893 ero.
2743 836 2857 896 Sed
2879 833 3184 897 nolentem
3205 833 3431 895 nullum
3447 850 3708 912 unquam

2065 935 2233 995 cogo.
2266 916 2414 980 Volo
2451 920 2606 980 enim
2633 939 2735 981 eos
2765 922 2862 1001 qui
2913 922 3057 983 mihi
3118 923 3403 993 serviunt,
3466 930 3524 982 et
3546 920 3710 983 dicto

2065 1009 2370 1071 audientes
2400 1019 2558 1084 sunt,
2595 1013 2818 1074 servire
2851 1013 3061 1088 libere,
3121 1032 3187 1076 ex
3222 1014 3405 1076 animi
3435 1012 3707 1089 arbitrio,

2064 1117 2199 1160 cum
2235 1098 2447 1160 timore
2478 1107 2535 1160 et
2565 1102 2872 1165 cbaritate.
2904 1102 3076 1163 Tales
3107 1121 3305 1164 servos
3333 1119 3522 1175 meos,
3560 1101 3711 1163 tales

2065 1187 2165 1267 qui
2200 1187 2352 1267 apud
2386 1207 2483 1249 me
2511 1192 2947 1265 merent,'tales
2979 1192 3203 1253 amicos
3246 1209 3412 1253 meos
3441 1208 3574 1252 esse
3601 1190 3712 1250 de-

2064 1276 2286 1337 sidero.
2328 1277 2497 1339 Alios
2533 1279 2799 1340 nondum
2833 1282 3104 1358 cognovi,
3137 1297 3249 1344 nec
3279 1279 3350 1341 ab
3381 1278 3597 1341 iisdem
3618 1296 3748 1339 co-.

2066 1364 2260 1443 gnitus
2289 1382 2443 1424 sum.
2469 1364 2761 1436 Quocirca
2784 1366 2997 1428 durum
3027 1387 3142 1442 me,
3179 1376 3236 1427 et
3265 1368 3366 1447 qui
3397 1368 3709 1428 commise-

2065 1451 2292 1513 ratione
2324 1471 2438 1512 non
2473 1459 2696 1530 tangar,
2733 1462 2792 1515 et
2818 1455 3089 1534 iniquum
3122 1455 3357 1534 ipsiﬁlii
3377 1452 3706 1533 iniquitatis

2065 1540 2373 1621 appellant
2429 1541 2609 1619 igitur
2658 1561 2752 1605 me
2801 1544 3233 1606 contumeliose
3286 1549 3556 1616 tractant,
3612 1541 3711 1623 qui

339 1642 579 1703 prorsus
610 1626 681 1688 ab
705 1645 775 1688 eo
797 1626 1073 1717 sejuncti,
1092 1646 1219 1717 non
1252 1645 1387 1717 eum
1441 1636 1733 1717 quaerunt,
1760 1645 1870 1688 nec
1885 1626 1980 1705 ju-
2003 1669 2039 1717 Β
2065 1629 2487 1690 conviciamihi
2505 1630 2731 1703 dicunt,
2760 1631 2859 1711 qui
2874 1650 2967 1692 me
2994 1632 3229 1710 probris
3255 1639 3527 1710 onerant,
3554 1649 3704 1710 quo-

338 1734 474 1794 gum
497 1724 758 1776 motuum
790 1715 970 1777 animi
994 1714 1211 1776 rationi
1231 1715 1671 1777 adversantium
1706 1732 1979 1777 excusse-

2064 1718 2236 1778 modo
2265 1717 2369 1778 tibi
2393 1738 2457 1779 se
2478 1718 2817 1797 subjiciam,
2839 1729 2936 1781 aut
2963 1720 3257 1801 quomodo
3284 1729 3341 1780 te
3362 1719 3706 1797 magistrum

338 1812 500 1877 runt,
539 1822 648 1865 nec
677 1823 712 1864 a
767 1813 954 1865 morte
1008 1811 1144 1865 sunt
1198 1805 1467 1879 liberati,
1511 1824 1615 1865 seu
1647 1823 1837 1884 reges.
1874 1822 1979 1865 seu
2061 1806 2724 1886 admittant?quomodo
2752 1808 2875 1886 lupi
2899 1817 2955 1869 te
2977 1819 3272 1886 pastorem
3301 1806 3706 1888 reputabunt‘?

339 1893 661 1972 principes,
690 1912 793 1954 seu
825 1894 937 1955 viri
965 1902 1289 1955 summates
1320 1893 1462 1969 sint,
1497 1894 1605 1955 etsi
1636 1894 1697 1954 in
1723 1893 1977 1973 deliciis,
2062 1895 2474 1973 autquomodo
2498 1903 2872 1956 vocemtuam
2894 1902 3238 1975 sequentur,
3267 1913 3399 1955 cum
3421 1894 3539 1955 sint
3567 1893 3707 1954 ferae

339 1981 397 2041 in
425 1981 840 2056 hilaritatibus,
867 1991 923 2045 et
946 1981 1464 2053 oblectationibus,
1486 1992 1548 2044 et
1573 1983 1634 2043 in
1657 1981 1832 2043 bonis
1856 1999 1984 2059 per-
2064 1982 2647 2061 bcllum?Egredere,
2678 1983 2812 2063 fuge
2845 1985 3144 2046 etsubduc
3165 1993 3219 2044 te
3240 2002 3305 2043 ex
3330 1983 3541 2044 horum
3575 1999 3707 2041 me-

337 2069 605 2131 fruendis
629 2072 851 2131 versari
878 2089 942 2132 se
980 2078 1206 2149 putent,
1241 2089 1545 2150 nunquam
1585 2071 1980 2131 tamentalem

337 2159 647 2239 acquirent
668 2159 954 2239 lzetitiam,
988 2159 1221 2239 qualem
1244 2161 1396 2220 servi
1446 2158 1665 2222 Christi
1686 2158 1758 2219 ab
1785 2160 1984 2219 omni-

338 2247 450 2309 bus
481 2248 806 2327 illegitimis
834 2247 1053 2327 gloriae.
1082 2266 1149 2308 ac
1169 2248 1527 2327 voluptatum
1567 2246 1987 2327 cupiditatibus

336 2335 633 2397 immunes
654 2335 1014 2416 percipiunt;
1038 2354 1168 2415 quae
1184 2335 1426 2415 quidem
1447 2343 1600 2395 tanta
1635 2344 1745 2408 est,
1767 2343 1832 2398 ut
1855 2353 1985 2396 eam

341 2424 528 2487 oratio
561 2424 844 2504 censequi
867 2443 985 2484 non
1017 2423 1222 2504 possit,
1252 2442 1425 2504 quam
1449 2443 1655 2486 eorum
1681 2442 1853 2484 nemo
1877 2423 1985 2484 ali-

2066 2072 2187 2132 dio.
2223 2072 2374 2133 Satis
2406 2081 2530 2132 esto
2593 2072 2723 2145 tibi,
2767 2072 2815 2133 si
2873 2073 3129 2153 teipsum
3183 2090 3404 2132 serves.
3460 2069 3628 2142 Quod
3661 2069 3711 2129 si

2068 2161 2355 2221 mundum
2388 2179 2611 2235 serves,
2636 2168 2691 2221 te
2709 2179 2846 2221 vero
2868 2161 3103 2240 perdes,
3124 2162 3224 2240 qui
3249 2159 3509 2220 mundus
3529 2175 3712 2238 opera

2070 2256 2168 2311 tua
2189 2258 2450 2310 servatus
2469 2249 2572 2309 tibi
2598 2249 2911 2327 proderit?
2930 2250 3080 2312 Nolo
3131 2257 3187 2308 te
3210 2266 3564 2329 quemquam
3594 2265 3708 2307 no-

2073 2338 2291 2398 lentem
2322 2355 2531 2416 regere
2564 2357 2579 2397 :
2615 2337 2769 2417 quod
2802 2338 2995 2417 ipsum
3029 2354 3125 2397 me
3156 2337 3215 2396 in
3248 2337 3473 2397 mundo
3500 2333 3711 2397 fecisse

2072 2427 2272 2487 videas
2303 2427 2463 2487 licet.
2498 2425 2836 2486 Volentium
2895 2444 3004 2503 ego
3056 2434 3254 2486 rector
3284 2444 3353 2486 ac
3380 2423 3709 2493 Dominus;

340 2513 574 2592 quando
632 2530 967 2593 cognoscet,
1030 2512 1345 2592 intelliget,
1432 2521 1532 2573 aut
1586 2512 1828 2588 videbit,
1884 2512 1985 2592 qui
2068 2522 2669 2576 caeterorumcreator
2691 2514 2953 2593 quidem,
2983 2513 3711 2592 etnaturaDominus,non

341 2602 576 2663 Christo
596 2602 828 2663 sincere
850 2602 1363 2682 fruenterquenon
1390 2602 1770 2681 adhaeserint,
1806 2601 1979 2680 eique
2064 2612 2259 2664 autem
2295 2604 2416 2664 ullo
2449 2603 2622 2663 modo
2651 2620 2775 2676 rex,
2809 2620 3004 2682 neque
3034 2602 3173 2675 dux,
3208 2620 3276 2663 ac
3308 2619 3528 2682 praeses
3554 2619 3705 2661 sum.

337 2690 559 2770 unique
584 2708 762 2770 quam
783 2690 1082 2770 explicare
1102 2710 1218 2751 non
1243 2699 1355 2770 est,
1375 2690 1602 2751 astricti
1632 2700 1687 2750 et
1712 2690 1981 2769 impliciti
2062 2692 2163 2771 qui
2196 2711 2315 2755 non
2349 2692 2560 2752 tollunt
2582 2709 2816 2751 crucem
2844 2709 3036 2764 suam,
3065 2709 3177 2751 nec
3210 2708 3304 2752 me
3335 2696 3704 2770 sequuntur:

336 2798 455 2840 non
490 2778 706 2839 fuerint
736 2798 750 2854 ;
786 2797 960 2858 quem
1017 2779 1188 2841 decet
1229 2780 1413 2857 gloria
1435 2789 1491 2840 et
1520 2781 1559 2840 h
1602 2798 1733 2853 nor,
1767 2779 1892 2839 laus
1923 2788 1982 2840 et
2060 2780 2282 2845 diaboli
2314 2779 2471 2841 enim
2506 2779 2635 2854 filii,
2670 2786 2728 2839 et
2776 2797 2913 2839 vasa
2945 2786 3105 2841 sunt.
3160 2777 3313 2840 Vide
3369 2777 3706 2857 mysterium

336 2868 530 2928 omnis
556 2866 890 2948 praedicatio
920 2866 992 2928 ab
1043 2868 1206 2929 omni
1264 2876 1554 2942 creatura,
1590 2875 1644 2928 et
1674 2867 1884 2947 spiritu
1918 2868 1980 2928 in
2062 2867 2371 2945 horribile,
2405 2866 2540 2927 vide
2570 2866 2980 2938 stoliditatem,
3043 2874 3102 2926 et
3127 2885 3230 2927 cos
3262 2866 3531 2927 lamentis
3563 2883 3704 2943 pro—

338 2956 551 3018 saecula
580 2957 795 3019 Amen.

927 3084 1171 3148 CAPUI‘
1203 3084 1376 3149 XXX.

338 3232 533 3294 Melius
561 3246 671 3288 esse
701 3232 830 3289 bene
855 3233 995 3303 regi,
1027 3248 1194 3304 quam
1252 3246 1438 3299 regere
1476 3231 1714 3304 invitos.
1748 3232 1984 3289 Nullum

410 3306 560 3361 enim
609 3304 738 3375 capi
786 3302 1226 3367 emolumentum,
1284 3304 1335 3359 si
1390 3302 1512 3375 quis
1570 3304 1708 3358 alios
1763 3318 1984 3375 servare

407 3374 643 3502 δίῑῖἀίιαε,
672 3374 725 3431 ’ez
751 3388 806 3430 se
828 3390 932 3446 per
978 3376 1200 3431 illorum
1248 3374 1649 3446 prwfccturam
1699 3374 1984 3445 perditum

413 3462 477 3502 ea
508 3489 520 3501 .

413 3462 520 3503 σοι.

420 3583 549 3656 Dic,
584 3583 835 3659 Christe,
871 3600 1040 3643 servo
1074 3590 1198 3657 tuo,
1251 3582 1348 3644 dic
1394 3582 1592 3643 lumen
1626 3582 1851 3655 mundi,
1886 3581 1982 3642 dic

339 3671 591 3735 scientia
622 3673 800 3733 totius
832 3671 1088 3751 univeri,
1111 3671 1206 3732 dic
1233 3670 1495 3732 Verbum
1522 3671 1833 3749 sapientia,
1854 3689 1986 3751 quae

343 3760 542 3821 omnia
561 3760 820 3840 prtescis,
843 3760 1042 3821 omnia
1066 3759 1367 3840 praenosti,
1391 3759 1633 3820 etnobis
1652 3759 1986 3822 conducen-

343 3848 424 3910 tia
453 3849 632 3912 doccs
657 3849 789 3911 sine
819 3848 1082 3921 invidia;
1110 3849 1205 3910 dic
1231 3858 1289 3911 et
1317 3849 1465 3910 doce
1491 3868 1586 3910 me
1611 3856 1845 3929 quoque
1865 3849 1986 3909 vias

341 3939 629 4002 Salutares
645 3946 879 4002 tuarum
904 3939 1372 4012 voluntatum,ac
1388 3938 1725 3999 divinorum
1748 3947 1983 3999 tuorum

346 4027 783 4090 mandatorum.
819 4027 946 4102 Dic,
985 4035 1043 4088 et
1071 4045 1145 4090 nc
1175 4027 1472 4107 despicias
1504 4046 1622 4101 me,
1659 4045 1803 4087 neve
1827 4028 1986 4087 celes

341 4115 650 4195 indignum
682 4134 916 4179 servum
949 4125 1138 4191 tuum,
1168 4118 1324 4178 Deus
1354 4134 1520 4176 meus
1552 4114 1986 4195 beneplacitum

1997 2986 2035 3035 ο
2061 2975 2312 3036 sequere
2339 2955 2386 3015 si
2440 2963 2607 3033 potes
2630 2954 2720 3014 vel
2742 2953 2801 3014 in
2824 2956 3005 3015 horas
3025 2954 3304 3033 singulas.
3325 2952 3524 3014 Vocati
3540 2970 3704 3013 nam-

2063 3063 2177 3124 que
2200 3063 2232 3105 e
2262 3042 2523 3105 tenebris
2545 3043 2615 3102 ad
2646 3043 2847 3103 lumen
2865 3061 2985 3103 non
3003 3044 3336 3115 occiduum,
3356 3059 3390 3101 a
3419 3048 3602 3101 morte
3622 3039 3697 3100 ad

2062 3133 2261 3206 vitam,
2299 3131 2372 3193 ab
2399 3131 2631 3193 inferno
2657 3131 2727 3191 ad
2754 3131 2989 3204 coelum,
3010 3149 3045 3190 a
3072 3129 3441 3210 temporariis
3463 3136 3522 3189 et
3549 3127 3706 3208 peri-

2065 3223 2212 3283 turis
2230 3222 2301 3282 ad
2320 3221 2562 3298 gloriam
2581 3218 3006 3299 sempiternam
3019 3267 3033 3293 ,
3060 3219 3418 3293 irascuntur,
3440 3226 3713 3280 etcontra

2067 3308 2382 3388 magistros
2433 3307 2759 3381 insaniunt,
2826 3308 3293 3388 omnigenasque
3349 3307 3596 3369 insidias
3651 3306 3715 3367 in

2066 3401 2311 3462 eosdem
2337 3406 2720 3480 componunt,
2745 3407 2803 3461 et
2823 3400 2972 3461 mori
2996 3408 3342 3479 praeoptent,
3370 3419 3544 3480 quam
3571 3407 3711 3461 ate-

2065 3488 2381 3561 nebris,.et
2405 3488 2686 3566 operibus
2716 3487 3099 3550 tenebrarum
3158 3488 3479 3563 discidere,
3515 3507 3586 3550 ac
3616 3506 3715 3549 me

2067 3576 2259 3657 sequi.
2292 3577 2412 3639 Hos
2443 3595 2558 3657 quo
2590 3585 2758 3657 pacto
2793 3577 3029 3638 tandem
3073 3575 3480 3639 moderaberis
3500 3577 3532 3636 ‘?
3559 3596 3713 3656 quo-

2067 3667 2241 3729 modo
2274 3667 2366 3728 bis
2411 3667 2655 3747 praeeris
2682 3687 2696 3728 :
2763 3667 3054 3746 quomodo
3087 3667 3194 3727 hos
3224 3666 3433 3738 duces,
3454 3665 3550 3727 dic
3572 3685 3702 3744 age,

2065 3756 2167 3837 qui
2191 3766 2397 3836 sponte
2419 3774 2526 3816 sua
2546 3756 2618 3816 ad
2645 3755 2843 3834 ignem
2871 3753 3285 3833 transfugiunt,
3327 3753 3484 3814 hosti
3506 3754 3713 3814 adhae-

2065 3853 2268 3906 rentes
2282 3893 2295 3916 ,
2315 3853 2373 3905 et
2399 3862 2531 3904 cum
2556 3862 2625 3905 eo
2642 3844 2953 3924 praeceptis
2968 3845 3114 3905 meis
3139 3842 3432 3903 contraria
3459 3841 3717 3921 impigre

2065 3932 2473 4012 designanles‘?
2498 3931 2803 4003 Quomodo
2829 3950 3037 4011 pasces
3058 3939 3120 3993 ut
3148 3932 3610 4010 oves;quomodo
3640 3930 3716 3992 ad

2071 4040 2305 4101 pascua,
2340 4039 2560 4101 quaeso,
2596 4019 3005 4082 mandatorum
3045 4038 3337 4093 meorum,
3395 4018 3468 4079 ad
3501 4036 3713 4098 aquam

2070 4110 2431 4170 voluntatum
2449 4108 2976 4170 mearuminduces
3000 4108 3030 4168 ?
3054 4109 3350 4189 quomodo
3365 4107 3590 4170 educes
3612 4125 3716 4168 eos

346 4212 535 4279 tuum,
571 4214 629 4266 et
656 4206 820 4285 aperi
870 4205 1015 4265 mihi
1066 4204 1324 4284 benigne
1385 4205 1648 4267 Salvator
1675 4212 1874 4265 utrum
1921 4222 1989 4265 ex
2014 4201 2144 4279 Dad
2176 4206 2434 4272 montes,
2458 4199 2558 4278 qui
2580 4198 2779 4259 animo
2795 4198 3091 4273 videntur,
3120 4197 3418 4258 visionum
3448 4195 3718 4285 mystica-

345 4291 580 4355 duobus
607 4292 818 4354 melius
844 4293 997 4372 apud
1024 4302 1079 4353 te
1109 4294 1207 4368 sit,
1239 4292 1470 4372 tibique
1497 4292 1738 4371 gratius,
1771 4292 1991 4353 sollici-

344 4379 610 4441 tudinem
643 4398 852 4459 gerere
884 4399 980 4441 me
1006 4399 1205 4441 rerum
1233 4382 1599 4462 monasterii,
1655 4390 1713 4441 et
1740 4379 1993 4442 candide

346 4485 664 4548 procurare
695 4467 1165 4530 necessitudines
1213 4472 1991 4549 corporum,’propugnare-

348 4573 462 4636 que
487 4554 690 4616 odiose
716 4574 822 4636 pro
843 4555 1150 4632 omnibus;
1171 4575 1243 4617 an
1265 4557 1572 4637 soliquicti
1595 4575 1832 4635 semper
1862 4574 1990 4617 esse

351 4643 644 4719 deditum,
660 4653 717 4705 et
731 4651 995 4706 mentem
1012 4664 1305 4718 serenam,
1323 4657 1499 4726 atque
1521 4644 1989 4725 inperturbatam

349 4750 728 4810 conservare,
765 4742 822 4794 et
849 4733 1051 4811 gratiae
1081 4743 1197 4795 tuae
1252 4735 1539 4796 scintillas
1573 4734 1894 4813 suscipere,
1932 4741 1992 4798 et

346 4822 673 4884 secundum
698 4822 912 4884 animat
943 4840 1186 4884 sensum
1242 4827 1618 4886 continenter
1644 4823 1986 4898 illuminari,

347 4911 698 4992 divinosque
715 4929 1021 4973 sermones
1036 4930 1250 4973 arcane
1264 4913 1662 4992 percipere,et
1687 4920 1992 4972 mansuete

351 4999 567 5061 docere
596 5000 764 5075 alios,
792 4998 1114 5080 docerique
1164 5001 1459 5063 similiter.
1497 5000 1609 5073 Qui
1639 4999 1796 5061 enim
1828 4998 2000 5060 docet

344 5088 518 5161 alios,
552 5088 763 5150 eadem
791 5087 909 5148 sibi
939 5107 1174 5169 quoque
1206 5089 1374 5163 dicit,
1409 5101 1465 5151 et
1493 5090 1719 5169 primus
1749 5087 1994 5152 omnino

350 5189 421 5240 ea
444 5183 727 5256 prmstare
755 5177 926 5238 factis
958 5177 1158 5239 debet.
1190 5177 1275 5240 Ex
1332 5179 1425 5239 his
1455 5178 1651 5258 itaque
1680 5176 1989 5251 ambobus,

348 5265 448 5326 dic
479 5264 648 5339 mihi,
672 5284 706 5326 o
728 5264 899 5326 ﬁctor
920 5272 976 5326 et
996 5265 1152 5327 Deus
1200 5285 1389 5347 meus,
1436 5273 1637 5327 utrum
1671 5265 1814 5327 mihi
1844 5282 1991 5326 con-

350 5353 631 5434 ducibile,
664 5360 862 5416 utrum
893 5354 1000 5416 tibi
1056 5355 1337 5436 placitum
1387 5374 1455 5417 ac
1487 5355 1810 5436 perfectum
1846 5361 1934 5415 est
1962 5351 1993 5412 ?

347 5460 479 5522 age,
511 5460 589 5503 ne
617 5441 766 5505 nihil
804 5442 966 5517 istud
1010 5443 1237 5524 denega
1296 5452 1386 5520 tu,
1442 5444 1613 5527 cujus
1644 5462 1878 5506 summa
1906 5448 1997 5505 est

353 5529 790 5595 misericordia.
1142 5568 1145 5569 ν

2076 4306 2207 4347 rum
2230 4286 2431 4365 gloriae
2452 4285 3044 4358 meaeinenarrabilis,
3080 4305 3186 4366 per
3216 4305 3387 4365 quam
3425 4284 3564 4365 quid
3586 4302 3716 4345 eam

2076 4374 2758 4448 intuentur,inferiorem
2776 4375 3187 4454 hancgloriam
3202 4373 3558 4454 despiciunt,
3584 4391 3679 4434 om
3712 4414 3720 4421 α

2078 4463 2364 4543 niumque
2395 4463 2504 4523 sub
2535 4482 2746 4525 sensus
2777 4463 3117 4524 cadentium
3149 4462 3340 4542 obliti,
3370 4463 3497 4523 haec
3520 4460 3721 4523 omnia

2076 4571 2179 4633 pro
2213 4553 2442 4630 umbra,
2479 4561 2534 4612 et
2565 4552 2721 4611 fumo
2757 4551 3024 4614 ducunt?
3057 4551 3161 4614 Dic
3191 4550 3487 4631 quomodo
3508 4552 3719 4612 adver-

2071 4641 2295 4702 sarium
2331 4641 2388 4700 in
2422 4658 2601 4701 causa
2630 4640 2885 4701 dicenda
2916 4649 3231 4721 patronum
3258 4637 3553 4701 habebis?
3575 4655 3720 4716 quo-

2076 4729 2252 4789 modo
2277 4730 2501 4789 hostem
2533 4727 2812 4789 infestum
2836 4728 2906 4790 ad
2935 4738 2991 4789 te
3016 4728 3382 4806 diligendum
3416 4723 3719 4787 adduces?

2074 4819 2270 4881 Facile
2298 4817 2461 4877 enim
2499 4817 2715 4895 potius,
2748 4837 2922 4898 parva
2988 4817 3301 4878 occasione
3353 4816 3611 4886 inventa,
3646 4831 3722 4875 ex

2074 4906 2281 4968 amicis
2312 4905 2542 4966 inimici
2575 4907 2738 4967 ﬁunt.
2776 4908 2881 4968 Ast
2912 4905 3135 4967 inimici
3190 4904 3431 4965 difficile
3462 4903 3719 4985 conjun-

2079 4995 2577 5078 guntamicitiam,
2612 4994 3194 5075 quamvisbeneficiis
3224 4992 3571 5069 afﬁciantur,
3604 4991 3717 5052 do-

2076 5087 2284 5166 nisqoe
2317 5083 2638 5157 nobilibus,
2665 5094 2723 5145 et
2747 5084 2975 5162 magnis
2999 5085 3487 5145 cohonestentur.
3518 5081 3721 5140 Vene-

2075 5194 2217 5235 num
2238 5175 2500 5237 clausum
2518 5182 2735 5248 gerunt
2756 5174 2812 5234 in
2834 5170 3259 5252 pectore,quod
3279 5167 3720 5249 opportunitate

2075 5263 2268 5326 oblata
2296 5281 2430 5322 mox
2455 5270 2752 5338 evomunt,
2780 5281 2848 5323 ac
2874 5260 3277 5322 benemeritos
3306 5259 3382 5319 de
3410 5275 3476 5319 se
3504 5256 3715 5336 impie,

2076 5351 2521 5429 crudeliterque
2549 5369 2667 5411 non
2681 5349 3000 5412 formidant
3020 5344 3375 5410 occidere.0
3393 5352 3721 5407 extremum

2077 5443 2361 5503 furorem.
2396 5436 2472 5499 Hi
2493 5448 2630 5500 sunt
2654 5438 2980 5500 imitatores
2999 5436 3169 5510 Cain;
3194 5435 3255 5497 hi
3273 5435 3568 5497 Lamecho
3593 5450 3725 5495 sce-

2079 5529 2421 5603 leratiores;
2479 5527 2542 5588 hi
2593 5525 2769 5590 Saulo
2825 5526 3096 5590 moribus
3143 5523 3394 5605 similes,
3429 5539 3720 5605 sequaces
