4054 6114
352 294 468 362 577

1498 292 1932 363 DIVINORUM
1975 286 2298 358 AMORUM
2343 288 2593 351 LIBER.

3593 285 3719 351 678

350 428 713 512 Judworum,
744 428 912 491 Judae
954 429 1174 507 aemuli,
1209 436 1268 490 et
1297 431 1430 510 ejus
1463 430 1656 511 laquei
1685 429 1977 492 haeredes.
2003 436 2046 484 Α
2069 421 2227 512 neris
2251 418 2566 512 habentem
2598 435 2769 480 aures
2791 416 3091 493 audiendi,
3113 415 3714 499 etobtemperantem

355 518 459 580 His
487 519 537 580 si
568 537 826 599 praeesse
858 518 1096 599 quaeris,
1157 520 1471 582 considera
1521 538 1639 599 quo
1668 521 1984 581 devenias.

356 624 475 669 non
505 607 665 669 enim
698 627 768 669 eo
794 626 857 668 se
890 616 1238 669 convertent
1282 628 1397 688 quo
1455 617 1515 668 tu
1574 607 1855 681 volueris,
1889 606 1991 668 sed

358 704 416 757 te
436 695 708 758 eamdem
728 696 878 757 viam
901 696 1208 757 ambulare
1227 697 1606 778 compellent,
1634 705 1692 757 et
1715 696 1991 776 primum,

357 793 491 846 ante
520 784 655 846 illos
684 786 742 845 in
768 793 1017 865 pestem,
1054 793 1110 845 ct
1142 785 1382 846 exitium
1432 785 1724 865 incidere,
1758 794 1815 846 et
1844 783 1998 844 infra

356 874 514 952 ipsos
543 872 603 932 in
636 874 860 953 foveam
891 873 1069 933 imam
1104 873 1491 946 descendere,
1534 883 1601 933 ut
1640 873 1742 953 qui
1760 890 1860 934 eos
1876 890 1998 931 om-

356 963 498 1022 nino
547 961 794 1024 comites
824 980 859 1022 a
888 971 1051 1040 tergo
1081 961 1324 1024 habeas.
1371 961 1536 1034 Quod
1567 961 1619 1023 si
1648 962 1821 1040 plane
1852 959 1997 1040 ipsis

352 1049 668 1111 assimilari
693 1050 1080 1122 recusaveris,
1112 1059 1171 1111 et
1191 1068 1394 1111 eorum
1423 1048 1998 1126 consilis,cogitatio-

352 1136 649 1218 nibusque
683 1156 801 1199 una
856 1138 1095 1215 auferri,
1157 1138 1492 1219 abducique
1548 1139 1833 1212 nolueris,
1885 1155 1997 1198 nec

351 1226 794 1287 communicare
825 1244 1026 1287 eorum
1060 1226 1234 1287 malis
1271 1227 1579 1307 operibus,
1614 1226 1991 1298 seditionem,

356 1332 634 1393 pugnam,
662 1315 881 1376 bellum
906 1314 1286 1395 implacabile
1303 1314 1876 1394 habebislndequid
1891 1313 1995 1375 tibi

352 1402 457 1463 ﬁet
475 1402 508 1462 ‘?
527 1402 665 1482 quid
693 1403 1031 1483 continget?
1054 1404 1270 1478 dicam,
1295 1405 1341 1465 si
1369 1405 1560 1479 audis,
1586 1404 1727 1485 quid
1751 1401 1998 1464 lucrisis

349 1488 635 1565 facturus,
660 1502 717 1552 et
734 1491 924 1553 dicam
955 1492 1181 1569 paucis.
1198 1493 1350 1554 Ante
1366 1493 1585 1569 omnia,
1605 1511 1808 1554 servus
1831 1509 1998 1552 meus

350 1595 486 1639 esse
513 1579 857 1658 neutiquam
890 1580 1135 1659 poteris.
1176 1580 1419 1642 Servum
1454 1581 1612 1642 enim
1647 1599 1843 1641 meum
1880 1599 1991 1659 pu-

345 1684 528 1744 gnare
558 1669 900 1749 neutiquam
930 1669 1081 1729 volo.
1121 1667 1337 1731 Odium
1369 1671 1428 1731 in
1459 1669 1797 1750 praecordiis
1827 1669 1991 1730 fove—

352 1754 498 1817 bunt
546 1766 755 1818 contra
799 1766 855 1819 te
907 1757 1437 1832 irreconciliabile,
1498 1765 1556 1819 et
1612 1758 1834 1819 caedem
1888 1757 1993 1818 tibi

347 1852 556 1920 aperte
586 1846 931 1925 occulteque
962 1844 1307 1924 molientur,
1331 1855 1509 1925 tuque
1534 1864 1636 1925 pro
1658 1844 1803 1925 ipsis
1823 1846 1883 1905 ἰῇ
1900 1846 1996 1924 ju-

348 1930 573 1993 dicium
604 1934 823 1994 vocatis
852 1933 1241 2014 respondebis
1296 1933 1457 1995 Nihil
1488 1935 1705 2015 quippe
1728 1940 1998 1994 morstna

351 2020 485 2081 aliis
514 2021 935 2096 commodabit,
961 2022 1458 2102 quemadmodum
1484 2042 1616 2083 mea
1642 2041 1799 2083 mors
1819 2023 1994 2083 vitam

351 2109 577 2170 mundo
608 2114 862 2191 peperit.
915 2109 1069 2182 Quin
1125 2118 1185 2171 et
1230 2111 1626 2173 damnationis
1677 2130 1852 2171 causa
1879 2110 1999 2171 illis

350 2197 496 2273 eris,
527 2205 586 2259 et
614 2206 676 2259 tu
705 2198 785 2260 ita
834 2199 974 2260 hinc
1029 2198 1242 2263 abibis,
1279 2209 1342 2259 ut
1375 2200 1560 2260 libere
1592 2208 1646 2259 te
1678 2198 1999 2260 defendere

346 2305 635 2367 nequeas.
671 2290 914 2350 Praestat
941 2287 1142 2368 itaque
1186 2288 1427 2349 omnino
1461 2288 1606 2368 regi,
1643 2307 1759 2349 non
1790 2306 2000 2366 regere

348 2375 524 2450 tales,
559 2393 781 2456 resque
811 2394 946 2438 suas
978 2394 1187 2437 curare
1222 2377 1615 2457 potissimum,
1646 2384 1703 2438 et
1727 2395 1831 2456 pro
1854 2376 1995 2452 illis,

346 2482 577 2544 proque
607 2464 882 2526 omnibus
912 2465 1256 2526 hominibus
1287 2483 1481 2539 orare,
1517 2473 1579 2525 ut
1609 2484 1818 2527 omnes
1848 2482 1996 2528 con-

356 2562 689 2628 vertantur,
746 2561 805 2615 et
833 2553 906 2614 ad
939 2554 1297 2632 agnitionem
1333 2555 1422 2615 sui
1455 2554 1761 2634 perveniat
1795 2574 1811 2625 ;
1843 2562 1901 2615 et
1930 2573 2000 2615 ex

348 2640 448 2702 his
460 2640 730 2703 volentes
742 2642 978 2717 docere,
996 2662 1062 2703 ac
1077 2642 1308 2723 pietatis
1324 2643 1677 2704 rudimentis
1700 2642 1995 2705 imbuere.

346 2726 438 2790 Ne
464 2747 606 2790 vero
639 2747 817 2809 cogas
850 2749 951 2792 eos
981 2732 1173 2792 facere
1203 2749 1331 2810 quae
1370 2732 1548 2793 doces
1588 2752 1603 2806 ;
1636 2730 1739 2792 sed
1771 2749 1999 2792 sermo-

354 2828 464 2878 nes
491 2836 659 2877 meos
687 2819 801 2879 illis
830 2819 1060 2899 occine,
1117 2826 1175 2879 et
1224 2819 1294 2879 ad
1355 2838 1457 2880 eos
1515 2827 1576 2879 ut
1602 2820 1733 2880 vita;
1762 2829 1997 2881 aeterna;

351 2905 968 2987 conciliatoresopere
1003 2908 1412 2988 exsequendos
1435 2909 1769 2971 cohortare.
1793 2907 1910 2988 Ipsi
1940 2908 1998 2968 hi

2075 510 2170 572 his
2199 527 2330 589 qua:
2355 507 2542 569 audit.

2153 596 2388 658 Faciam
2411 614 2519 674 ego
2542 594 2724 668 istud,
2740 593 3013 669 Domine,
3031 592 3183 654 sicut
3201 595 3532 674 praecepisti
3548 597 3719 667 mihi.

2076 688 2501 749 Verumtamen
2535 692 2693 744 tuam
2714 701 2910 763 opem,
2939 692 3094 743 tuam
3119 684 3366 761 gratiam
3393 684 3549 746 dona
3572 685 3741 747 mihi.

2075 774 2320 852 indigno
2354 790 2526 836 servo
2561 782 2684 846 tuo,
2724 771 2881 833 Deus
2912 790 3105 845 meus,
3134 780 3201 831 ut
3228 790 3465 853 semper
3493 773 3724 852 gloriﬁ-

2074 881 2205 923 cem
2238 869 2294 923 te
2325 870 2384 921 et
2412 859 2711 922 celebrem
2731 864 3056 940 potentiam
3077 868 3233 919 tuam
3251 860 3493 921 vocibus
3505 878 3722 941 peren-

2077 951 2250 1011 nibus
2299 950 2360 1010 in
2389 950 2650 1009 omnium
2684 948 3038 1009 saeculorum
3088 947 3461 1010 infinitatem.
3495 950 3711 1011 Amen.

2631 1066 2876 1129 CAPUT
2942 1066 3148 1131 XXXI.

2079 1186 2223 1255 Quid
2248 1187 2321 1243 sit
2348 1184 2487 1243 illud
2520 1203 2531 1241 :
2569 1205 2590 1235 α
2619 1183 2925 1241 Secundum
2954 1187 3255 1258 imaginem
3282 1208 3304 1239 ι
3334 1193 3385 1244 et
3408 1188 3602 1246 merito
3628 1190 3721 1247 in-

2150 1260 2318 1329 telligi
2347 1258 2621 1313 hominem
2648 1258 2935 1329 prototypi
2977 1258 3423 1325 similitudinem,
3447 1275 3545 1316 seu
3572 1262 3719 1317 ima-

2147 1331 2328 1401 ginem
2383 1343 2510 1402 esse.
2571 1329 2905 1402 Ditigemem
2949 1329 3220 1402 inimicos,
3274 1336 3535 1402 tauquam
3591 1333 3721 1389 bene

2149 1402 2391 1474 meritos,
2433 1401 2609 1474 Deum
2637 1401 2874 1465 imitari,
2906 1401 3112 1474 etgliinc
3126 1401 3368 1473 Spiritus
3389 1404 3572 1459 sancti
3587 1418 3719 1474 par-

2152 1472 2387 1545 ticipem,
2416 1470 2702 1545 adoptione
2737 1476 2800 1545 et
2828 1472 3019 1545 gratia
3054 1470 3239 1545 ΔΠςιῖίηε
3286 1474 3433 1545 ﬁeri,
3464 1470 3621 1545 atque
3648 1475 3719 1531 ab

2150 1545 2218 1599 iis
2244 1542 2378 1600 satis
2404 1543 2672 1613 cognosci.
2704 1543 2802 1615 qui
2829 1542 3012 1599 eodem
3039 1542 3255 1613 Spiritu
3281 1542 3547 1616 aguntur:

2158 1654 2378 1729 Gloria,
2412 1653 2562 1733 laus,
2591 1654 2864 1732 hymnus,
2891 1652 3100 1733 gratia,
3132 1653 3233 1733 qui
3259 1654 3372 1715 hoc
3403 1662 3584 1719 totum
3616 1673 3718 1717 re-

2076 1761 2206 1803 rum
2239 1750 2466 1803 naturae
2489 1760 2636 1822 opus
2655 1759 2724 1802 ex
2747 1741 2934 1801 nihilo
2955 1743 3083 1803 solo
3107 1742 3311 1823 verbo,
3338 1751 3395 1804 et
3415 1744 3719 1808 voluntate

2077 1851 2182 1894 sua
2204 1831 2556 1913 procreavit,
2591 1830 2714 1892 Deo
2746 1830 3184 1906 universorum,
3222 1832 3323 1912 qui
3350 1833 3413 1892 in
3458 1833 3720 1895 trinitate

2082 1924 2494 2002 hypostaseon,
2529 1918 2677 1981 etin
2737 1937 2857 1979 una
2908 1919 3162 1980 essentia
3216 1922 3524 1983 adorator.
3556 1920 3720 1983 Unus

2079 2011 2234 2073 Deus
2263 2018 2466 2072 sancta
2514 2007 2797 2081 Trinitas,
2824 2007 3410 2087 supersubstantialis
3439 2009 3717 2072 substan-

2082 2101 2182 2173 tia,
2215 2116 2333 2160 una
2361 2098 2422 2159 in
2444 2098 2635 2159 tribus
2666 2097 2966 2176 personis,
2999 2105 3056 2157 et
3081 2096 3269 2158 tribus
3298 2097 3713 2177 subsistentiis,

2079 2186 2579 2268 insepaiabilibus
2610 2192 2784 2265 atque
2813 2184 3294 2261 indivisihilibus,
3345 2205 3461 2247 una
3488 2197 3716 2265 natura,

2080 2294 2199 2339 una
2225 2276 2438 2356 gloria,
2501 2292 2618 2334 una
2665 2275 2873 2350 virtus,
2931 2292 3049 2334 una
3104 2276 3394 2338 voluntas.
3428 2274 3567 2337 Hzec
3595 2278 3722 2339 sola

2081 2365 2331 2426 creatrix
2360 2374 2449 2425 est
2472 2363 2762 2425 omnium.
2789 2362 2926 2423 Haec
2948 2380 3044 2424 me
3065 2370 3246 2424 totum
3278 2374 3335 2425 et
3355 2365 3477 2426 luto
3504 2365 3720 2427 forma-

2079 2454 2181 2528 vit,
2211 2452 2515 2532 inditaque
2547 2451 2744 2511 anima
2774 2452 2834 2512 in
2889 2459 3044 2512 terra
3071 2452 3404 2529 collocavit,
3438 2461 3496 2515 et
3522 2454 3727 2517 lumen

2082 2542 2270 2617 dedit,
2300 2542 2363 2601 in
2389 2560 2507 2621 quo
2538 2540 2802 2601 viderem
2842 2549 2901 2600 et
2945 2541 3211 2602 intuerer
3238 2542 3459 2617 omnia,
3505 2560 3723 2623 nempe

2084 2632 2242 2691 hunc
2273 2630 2562 2690 mundum
2590 2627 2866 2690 sensibus
2890 2628 3241 2709 expositum,
3263 2631 3473 2705 solent,
3495 2631 3720 2711 lunam,

2082 2729 2258 2800 astra,
2284 2718 2523 2792 coelum,
2550 2726 2792 2791 terram,
2818 2735 3003 2793 mare,
3036 2726 3096 2779 et
3115 2736 3484 2798 quaecunque
3506 2720 3721 2780 suntin

2084 2809 2295 2869 horum
2328 2806 2551 2868 medio.
2608 2805 2783 2866 Dedit
2807 2805 2979 2866 etiam
3013 2816 3275 2868 mentem
3323 2815 3382 2867 et
3409 2808 3721 2869 rationem.

2083 2896 2371 2957 Attendas
2425 2894 2621 2956 velim.
2676 2892 3018 2955 Secundum
3074 2895 3392 2973 imaginem
3430 2897 3606 2975 igitur
3633 2906 3725 2955 τοῦ

350 3011 665 3055 sermones
699 2983 955 3056 statuent
985 3013 1085 3056 eos
1114 2983 1248 3056 ante
1281 3012 1396 3068 me,
1431 3002 1490 3056 et
1512 2983 1995 3076 unumquemque

2088 2986 2241 3064 λόγου
2272 2988 2447 3076 datus
2478 2992 2566 3076 est
2606 2983 2801 3076 nobis,
2834 2987 2862 3040 ὁ
2891 2984 3068 3063 λόγος,
3108 2984 3169 3076 id
3201 2992 3310 3061 est,
3343 2990 3503 3048 ratio
3535 3004 3556 3061 ;
3588 3005 3723 3049 nam

358 3099 468 3161 pro
499 3082 732 3143 meritis
756 3083 1129 3162 judicabunt.
1163 3085 1249 3145 Tu
1279 3083 1602 3145 reddendae
1632 3084 1849 3144 rationi
1878 3102 1997 3144 non

350 3169 475 3231 eris
506 3169 819 3244 obnoxius,
855 3179 912 3233 et
942 3171 1319 3233 indemnatus
1350 3172 1521 3252 plane
1539 3171 1828 3248 manebis,
1855 3191 1998 3252 quo-

349 3259 515 3319 niam
546 3266 853 3337 argentum
886 3260 1258 3339 eloquiorum
1291 3278 1559 3321 meorum
1592 3279 1711 3321 non
1735 3259 1995 3321 abscon-

344 3345 517 3422 disti,
543 3348 649 3408 sed
684 3357 967 3427 quantum
996 3347 1124 3427 ipse
1141 3348 1446 3429 accepisti,
1476 3349 1753 3410 omnibus
1779 3368 1999 3429 expen-

344 3433 511 3497 disti.
543 3434 668 3496 Hoc
699 3436 844 3496 mihi
874 3437 1089 3516 placet,
1109 3438 1635 3518 hocapostolorum
1662 3438 1997 3519 etdiscipu-

344 3522 544 3584 lorum
577 3541 845 3585 meorum
877 3544 1027 3606 opus
1056 3525 1185 3602 fuit,
1220 3527 1375 3605 quod
1410 3526 1702 3604 mandavi,
1739 3527 2000 3607 promul-

342 3629 492 3692 gare
521 3612 797 3673 videlicet
829 3631 923 3674 me
954 3614 1138 3675 Deum
1191 3633 1297 3695 per
1345 3615 1549 3677 orbem
1585 3625 1903 3694 terrarum,
1938 3625 1996 3679 et

342 3701 567 3763 docere
598 3701 924 3763 voluntates
954 3721 1023 3764 ac
1055 3704 1331 3766 mandata
1350 3724 1502 3779 mea,
1532 3708 1993 3786 eaqueltumano

343 3790 559 3868 generi
591 3791 919 3871 perscripta
948 3792 1308 3873 relinquere.
1346 3792 1443 3855 Sic
1464 3802 1523 3855 tu
1540 3812 1772 3875 quoque
1801 3794 1995 3857 facere

347 3888 410 3940 et
446 3878 665 3941 docere
686 3878 951 3941 elabora.
976 3881 1758 3945 Nolentibusautemaudire
1772 3903 1993 3945 sermo-

340 3985 456 4028 nes
484 3985 674 4041 meos,
704 3970 1026 4048 responde,
1044 3970 1198 4050 quod
1214 3990 1319 4049 ego
1340 3971 1617 4052 respondi
1643 3971 1995 4051 quibusdam

343 4054 726 4117 dicentibus?
751 4058 957 4120 Durus
982 4067 1068 4120 est
1086 4058 1183 4121 hic
1205 4077 1426 4134 sermo,
1454 4067 1509 4122 et
1535 4065 1670 4138 quis
1686 4068 1992 4139 potestati-

341 4145 478 4206 dire
498 4161 632 4206 eum
652 4143 767 4207 ιιιιῖ
797 4146 920 4206 dixi
951 4165 1116 4225 ergo,
1149 4145 1208 4207 Si
1241 4147 1327 4208 sic
1355 4167 1468 4209 non
1502 4147 1699 4220 vultis,
1736 4148 1899 4220 itote,
1943 4156 2002 4213 et

2081 3076 2141 3131 ἐκ
2169 3074 2329 3153 λόγου
2371 3072 2599 3153 λογικοὶ,
2634 3071 2695 3132 id
2725 3080 2837 3148 est,
2871 3090 2948 3134 ea:
3007 3075 3243 3135 ratione
3270 3075 3630 3152 rationales,
3664 3078 3723 3135 ἐκ

2080 3164 2263 3244 λόγου,
2297 3161 2397 3242 qui
2428 3169 2516 3222 est
2544 3161 2765 3241 absque
2794 3161 3108 3241 principio,
3141 3162 3463 3237 increatus,
3496 3164 3722 3227 incom-

2081 3254 2441 3333 prehensus,
2475 3268 2690 3311 vacans
2722 3250 2993 3312 materia.
3020 3249 3117 3311 Sic
3150 3251 3478 3312 secundum
3508 3252 3723 3331 imagi-

2080 3359 2218 3403 nem
2276 3339 2475 3401 anima
2530 3342 2815 3419 cujusque
2872 3340 3129 3400 hominis
3184 3339 3377 3419 λογικὴ
3433 3343 3586 3398 εἰκὼν
3632 3352 3725 3399 τοῦ

2080 3432 2262 3510 λόγου.
2288 3430 2414 3501 Quo
2437 3438 2607 3510 pacto
2631 3428 2662 3488 ?
2684 3431 2835 3492 doce
2852 3447 2966 3490 me.
2992 3430 3251 3491 Attende
3273 3429 3346 3490 ad
3369 3430 3546 3491 verba
3567 3449 3720 3493 mea.

2082 3525 2168 3584 Ex
2195 3520 2315 3581 Deo
2344 3518 2504 3580 Deus
2535 3518 2820 3593 Verbum,
2844 3524 3203 3581 coaeternum
3226 3519 3386 3580 Patri
3408 3518 3723 3600 etSpiritui

2076 3616 2305 3671 sancto.
2340 3607 2564 3669 Eodem
2597 3607 2775 3668 modo
2804 3615 2862 3668 et
2889 3607 3089 3667 anima
3148 3625 3281 3667 mea
3332 3607 3725 3671 similitudine

2075 3698 2327 3779 quadam
2360 3697 2542 3757 illius.
2577 3696 2813 3757 Habens
2846 3697 3004 3756 enim
3038 3704 3296 3756 mentem
3321 3703 3379 3757 et
3401 3696 3717 3774 ratiOnem,

2078 3787 2258 3850 habet
2286 3788 2409 3848 haec
2433 3786 2760 3846 secundum
2781 3786 3100 3846 essentiam
3137 3783 3410 3858 indivisa,
3439 3796 3497 3848 et
3518 3787 3722 3847 incon-

2078 3877 2206 3937 fusa
2221 3875 2496 3937 similiter
2517 3873 3060 3947 consubstantialia,
3085 3892 3266 3933 unum
3291 3874 3416 3936 haec
3439 3876 3549 3936 tria
3578 3876 3718 3936 nni-

2082 3965 2213 4042 tim,
2237 3976 2298 4027 et
2325 3963 2559 4025 divisim
2592 3962 2726 4037 tria,
2760 3981 2889 4042 quae
2922 3979 3159 4041 semper
3184 3970 3243 4022 et
3263 3962 3721 4045 unita,etdivisa

2081 4053 2579 4114 sunt:uniuntur
2635 4051 2795 4113 enim
2849 4050 3179 4126 inconfuse,
3242 4060 3299 4111 et
3329 4062 3723 4115 secernuntur

2082 4141 2356 4202 indivise.
2392 4140 2455 4203 Si
2480 4158 2663 4202 unum
2715 4159 2786 4201 ex
2841 4139 2934 4199 his
2988 4138 3325 4213 deduceris,
3378 4140 3577 4202 omnia
3606 4143 3718 4205 de-

343 4231 1480 4317 facitequilibetquodlibet;totumque
1504 4230 2344 4317 eorumpotestatinduxel‘is-
2378 4229 2594 4290 Anima
2651 4228 2780 4290 Sine
2838 4226 3069 4317 ι’ἑιιίοῐιθ
3124 4234 3182 4289 et
3240 4236 3460 4305 Πὶθηῑθ,
3523 4230 3720 4293 Simile

346 4328 411 4382 et
438 4318 683 4382 arbitrio
715 4322 983 4402 permisi,
1008 4330 1070 4384 ut
1100 4322 1149 4383 si
1172 4330 1445 4398 mortem,
1472 4342 1577 4384 seu
1599 4323 1774 4385 vitam
1811 4325 1993 4404 elige-

343 4416 506 4471 rent.
538 4410 729 4471 Nemo
762 4411 920 4471 enim
951 4410 1265 4492 aliquando
1298 4420 1510 4491 printer
1533 4412 1919 4491 voluntatem,
1943 4421 2002 4477 et

344 4496 757 4559 inductionem
792 4499 974 4560 animi
1006 4500 1197 4561 bonus
1229 4500 1336 4561 fuit
1363 4519 1378 4577 ;
1418 4519 1613 4581 neque
1646 4501 1924 4578 inﬁdelis,
1952 4505 2003 4565 si

342 4585 518 4659 nolit,
555 4586 747 4647 ﬁdelis
776 4587 891 4648 erit
919 4608 936 4663 ;
969 4606 1079 4649 nec
1111 4589 1335 4650 amicus
1368 4590 1596 4664 mundi,
1620 4589 1844 4651 amicus
1866 4591 1998 4660 Dei.

348 4672 664 4753 Nunquam
698 4675 911 4737 stultus
929 4684 1142 4756 praeter
1163 4678 1519 4739 voluntatem
1559 4685 1778 4739 mutato
1803 4680 2000 4742 animo

346 4761 569 4843 probus
595 4763 718 4825 ﬁet.
743 4762 950 4826 Nullus
969 4765 1126 4826 enim
1148 4774 1377 4838 natura,
1404 4769 1506 4830 sed
1519 4767 1766 4829 consilio
1780 4776 1839 4829 et
1855 4787 1997 4848 pro-

347 4850 542 4930 posito
576 4852 792 4913 mentis
813 4853 998 4915 factus
1021 4854 1436 4935 estimprobus
1463 4877 1475 4918 :
1530 4857 1615 4917 sic
1635 4857 1895 4918 vicissim
1928 4877 1998 4920 ex

346 4956 626 5020 perverso
655 4949 828 5022 atqtte
860 4942 1154 5023 improbo
1189 4944 1481 5007 sententia
1512 4953 1569 5007 et
1603 4946 1909 5020 arbitratu,
1944 4948 1996 5008 si

350 5027 658 5110 placuerit,
694 5031 915 5111 probus
945 5039 1003 5093 et
1030 5032 1266 5112 integer
1316 5034 1413 5095 ﬁet
1450 5053 1463 5097 :
1530 5035 1689 5114 quod
1742 5034 1792 5095 si
1820 5037 1989 5112 nolit,

346 5117 676 5180 voluntarie
706 5138 1076 5202 nequaquam
1107 5123 1238 5183 talis
1297 5122 1431 5186 erit.
1496 5122 1681 5184 Nemo
1713 5124 1772 5185 in
1804 5124 1994 5187 isthoc

352 5204 573 5267 mundo
587 5205 800 5269 invitus
816 5210 1043 5271 virtutis
1053 5209 1324 5290 fungetur
1341 5212 1554 5276 oﬂicio.
1572 5212 1757 5274 Nemo
1781 5214 1994 5276 nolens

351 5294 610 5357 salvetur
638 5317 650 5354 :
684 5296 797 5358 hoc
826 5316 903 5360 ne
932 5298 1066 5379 plus
1109 5317 1328 5379 quaere.
1363 5299 1449 5361 Da
1477 5319 1720 5381 operam
1767 5302 1993 5364 salvare

349 5383 823 5459 te,etaudientes
849 5395 931 5463 te,
959 5388 1007 5449 si
1028 5387 1179 5450 forte
1200 5387 1264 5450 in
1293 5394 1452 5451 terra
1478 5389 1786 5452 hominum
1818 5389 1988 5453 inve-

427 5540 490 5591 44
513 5543 687 5607 Joan.
723 5560 807 5627 VI,
841 5546 942 5610 6i.

2081 4318 2362 4399 quiddam
2392 4318 2700 4379 brutorum
2731 4324 2823 4378 est
2858 4338 2871 4375 :
2928 4316 3152 4397 absque
3208 4318 3404 4379 anima
3434 4337 3571 4382 vero
3600 4340 3722 4385 nou

2084 4414 2276 4488 potest
2296 4408 2444 4469 ratio
2463 4407 2810 4468 subsistere.
2852 4404 2948 4467 Sic
2971 4422 3109 4484 ergo
3137 4424 3206 4467 ex
3231 4405 3489 4486 imagine
3512 4419 3716 4490 proto-

2086 4507 2259 4578 typon
2282 4497 2571 4575 intellige.
2594 4496 2734 4557 Sine
2746 4496 2971 4576 Spiritu
2988 4513 3099 4557 nec
3116 4499 3305 4572 Pater,
3325 4515 3435 4558 nec
3454 4496 3718 4563 Verbum

2085 4587 2215 4666 ejus
2246 4587 2378 4648 erit.
2414 4584 2585 4647 Pater
2638 4593 2728 4646 est
2784 4584 3056 4665 Spiritus,
3131 4594 3191 4646 et
3246 4585 3430 4648 Filius
3477 4590 3605 4669 ejus
3632 4599 3724 4652 est

2085 4673 2362 4755 Spiritus,
2387 4674 2624 4736 tametsi
2648 4692 2883 4736 carnem
2910 4674 3197 4751 induit,et
3217 4693 3451 4738 rursum
3469 4677 3719 4757 Spiritus

2080 4763 2239 4826 Deus
2272 4773 2403 4825 est:
2466 4782 2647 4824 unum
2679 4763 2838 4824 enim
2880 4772 3111 4845 natura,
3171 4771 3229 4826 et
3257 4766 3518 4828 essentia
3546 4769 3719 4830 ambo

2080 4863 2238 4935 sunt,
2264 4853 2417 4915 sicut
2440 4870 2631 4926 mens,
2658 4853 2855 4914 anima
2867 4860 2925 4914 et
2943 4853 3117 4915 ratio.
3146 4854 3265 4917 Sed
3288 4856 3719 4938 Paterquidem

2079 4942 2341 5006 Verbum
2374 4961 2444 5004 ex
2493 4961 2559 5005 se
2616 4936 2822 5021 genuit
2870 4941 3278 5005 ineﬂ‘abiliter.
3326 4936 3715 5009 Sicutvautem

2078 5051 2248 5094 mens
2273 5039 2448 5093 estex
2470 5031 2669 5092 anima
2693 5049 2846 5108 mea,
2877 5032 2963 5093 vel
2991 5030 3186 5111 potius
3226 5030 3287 5092 in
3316 5032 3514 5094 anima
3542 5053 3711 5117 mea;

2076 5125 2164 5185 sic
2194 5142 2263 5183 ex
2294 5121 2462 5183 Patre
2493 5119 2771 5201 Spiritus,
2833 5121 2924 5181 vel
2973 5119 3167 5200 potius
3196 5119 3259 5180 in
3290 5119 3462 5184 Patre
3491 5132 3713 5199 manet,

2077 5220 2136 5273 et
2168 5211 2434 5292 procedit
2460 5210 2635 5272 modo
2667 5208 3089 5289 inexplicabili.
3125 5206 3430 5279 Quomodo
3473 5229 3714 5274 rursum

2076 5319 2245 5364 mens
2275 5318 2405 5362 mea
2434 5317 2677 5380 semper
2702 5304 2951 5378 generat
2977 5296 3292 5376 rationem,
3328 5306 3386 5360 et
3413 5300 3712 5381 producit,

2075 5398 2134 5452 et
2162 5390 2397 5467 emittit,
2431 5395 2491 5450 et
2520 5396 2716 5449 notam
2746 5386 2886 5448 facit
2913 5385 3209 5465 omnibus,
3243 5405 3364 5451 non
3395 5395 3591 5453 tamen
3620 5407 3712 5454 se-
