  <div class='ocr_page' id='page_1' title='image "/cluster/home/n/w/nwhite01/storage/ocr_20150623/120/mdp.39015008866736/295.png"; bbox 0 0 4054 6114; ppageno 0'>
   <div class='ocr_carea' id='block_1_1' title="bbox 347 233 464 302">
    <p class='ocr_par' dir='ltr' id='par_1_1' title="bbox 347 233 464 302">
     <span class='ocr_line' id='line_1_1' title="bbox 347 233 464 302; baseline 0.034 -5"><span class='ocrx_word' id='word_1_1' title='bbox 347 233 464 302; x_wconf 90' lang='grc'>579</span> 
     </span>
    </p>
   </div>
   <div class='ocr_carea' id='block_1_2' title="bbox 1656 221 2421 303">
    <p class='ocr_par' dir='ltr' id='par_1_2' title="bbox 1656 221 2421 303">
     <span class='ocr_line' id='line_1_2' title="bbox 1656 221 2421 303; baseline -0.012 -4"><span class='ocrx_word' id='word_1_2' title='bbox 1656 232 2036 303; x_wconf 87' lang='lat' dir='ltr'><strong>SYMEONIS</strong></span> <span class='ocrx_word' id='word_1_3' title='bbox 2074 221 2421 291; x_wconf 84' lang='lat' dir='ltr'><strong>JUNIORIS</strong></span> 
     </span>
    </p>
   </div>
   <div class='ocr_carea' id='block_1_3' title="bbox 3611 220 3735 289">
    <p class='ocr_par' dir='ltr' id='par_1_3' title="bbox 3611 220 3735 289">
     <span class='ocr_line' id='line_1_3' title="bbox 3611 220 3735 289; baseline -0.016 0"><span class='ocrx_word' id='word_1_4' title='bbox 3611 220 3735 289; x_wconf 85' lang='lat'><strong>580</strong></span> 
     </span>
    </p>
   </div>
   <div class='ocr_carea' id='block_1_4' title="bbox 347 354 3726 450">
    <p class='ocr_par' dir='ltr' id='par_1_4' title="bbox 347 354 3726 450">
     <span class='ocr_line' id='line_1_4' title="bbox 347 354 3726 450; baseline -0.004 -21"><span class='ocrx_word' id='word_1_5' title='bbox 347 372 586 450; x_wconf 88' lang='lat' dir='ltr'><strong>paratur</strong></span> <span class='ocrx_word' id='word_1_6' title='bbox 614 362 686 424; x_wconf 91' lang='lat' dir='ltr'><strong>ab</strong></span> <span class='ocrx_word' id='word_1_7' title='bbox 719 381 786 424; x_wconf 92' lang='lat' dir='ltr'><strong>ea</strong></span> <span class='ocrx_word' id='word_1_8' title='bbox 813 380 824 419; x_wconf 89' lang='lat'><strong>:</strong></span> <span class='ocrx_word' id='word_1_9' title='bbox 856 362 960 424; x_wconf 91' lang='lat' dir='ltr'><strong>sed</strong></span> <span class='ocrx_word' id='word_1_10' title='bbox 987 363 1171 442; x_wconf 82' lang='lat' dir='ltr'><strong>gignit</strong></span> <span class='ocrx_word' id='word_1_11' title='bbox 1197 360 1511 440; x_wconf 87' lang='lat' dir='ltr'><strong>rationem,</strong></span> <span class='ocrx_word' id='word_1_12' title='bbox 1542 375 1600 428; x_wconf 92' lang='lat' dir='ltr'><strong>et</strong></span> <span class='ocrx_word' id='word_1_13' title='bbox 1629 368 1689 430; x_wconf 91' lang='lat' dir='ltr'><strong>in</strong></span> <span class='ocrx_word' id='word_1_14' title='bbox 1721 388 1784 431; x_wconf 91' lang='lat' dir='ltr'><strong>se</strong></span> <span class='ocrx_word' id='word_1_15' title='bbox 1807 371 1991 433; x_wconf 90' lang='lat' dir='ltr'><strong>conti-</strong></span> <span class='ocrx_word' id='word_1_16' title='bbox 2010 383 2052 431; x_wconf 80' lang='grc' dir='ltr'><strong>Α</strong></span> <span class='ocrx_word' id='word_1_17' title='bbox 2073 360 2336 450; x_wconf 72' lang='lat' dir='ltr'><strong>ignotum</strong></span> <span class='ocrx_word' id='word_1_18' title='bbox 2369 359 2464 421; x_wconf 87' lang='lat' dir='ltr'><strong>bis</strong></span> <span class='ocrx_word' id='word_1_19' title='bbox 2494 359 2595 441; x_wconf 89' lang='lat' dir='ltr'><strong>qui</strong></span> <span class='ocrx_word' id='word_1_20' title='bbox 2640 357 2838 450; x_wconf 75' lang='lat' dir='ltr'><strong>cordis</strong></span> <span class='ocrx_word' id='word_1_21' title='bbox 2895 357 3214 450; x_wconf 79' lang='lat' dir='ltr'><strong>puritatem</strong></span> <span class='ocrx_word' id='word_1_22' title='bbox 3227 375 3359 450; x_wconf 85' lang='lat' dir='ltr'><strong>non</strong></span> <span class='ocrx_word' id='word_1_23' title='bbox 3389 354 3726 450; x_wconf 75' lang='lat' dir='ltr'><strong>acquisive-</strong></span> 
     </span>
    </p>
   </div>
   <div class='ocr_carea' id='block_1_5' title="bbox 347 451 1987 539">
    <p class='ocr_par' dir='ltr' id='par_1_5' title="bbox 347 451 1987 539">
     <span class='ocr_line' id='line_1_5' title="bbox 347 451 1987 539; baseline 0 -18"><span class='ocrx_word' id='word_1_24' title='bbox 347 451 862 530; x_wconf 80' lang='lat' dir='ltr'><strong>net?itaintellige</strong></span> <span class='ocrx_word' id='word_1_25' title='bbox 876 451 1108 512; x_wconf 85' lang='lat' dir='ltr'><strong>Patrem</strong></span> <span class='ocrx_word' id='word_1_26' title='bbox 1127 454 1402 532; x_wconf 84' lang='lat' dir='ltr'><strong>genuisse</strong></span> <span class='ocrx_word' id='word_1_27' title='bbox 1417 455 1694 532; x_wconf 83' lang='lat' dir='ltr'><strong>Verbum,</strong></span> <span class='ocrx_word' id='word_1_28' title='bbox 1710 461 1987 539; x_wconf 90' lang='lat' dir='ltr'><strong>quoniam</strong></span> 
     </span>
    </p>
   </div>
   <div class='ocr_carea' id='block_1_6' title="bbox 349 541 1986 625">
    <p class='ocr_par' dir='ltr' id='par_1_6' title="bbox 349 541 1986 625">
     <span class='ocr_line' id='line_1_6' title="bbox 349 541 1986 625; baseline 0.001 -15"><span class='ocrx_word' id='word_1_29' title='bbox 349 563 588 625; x_wconf 84' lang='lat' dir='ltr'><strong>semper</strong></span> <span class='ocrx_word' id='word_1_30' title='bbox 615 548 877 621; x_wconf 86' lang='lat' dir='ltr'><strong>generat,</strong></span> <span class='ocrx_word' id='word_1_31' title='bbox 915 541 1074 602; x_wconf 91' lang='lat' dir='ltr'><strong>nullo</strong></span> <span class='ocrx_word' id='word_1_32' title='bbox 1131 550 1325 605; x_wconf 87' lang='lat' dir='ltr'><strong>autem</strong></span> <span class='ocrx_word' id='word_1_33' title='bbox 1389 547 1562 606; x_wconf 91' lang='lat' dir='ltr'><strong>modo</strong></span> <span class='ocrx_word' id='word_1_34' title='bbox 1593 545 1666 608; x_wconf 92' lang='lat' dir='ltr'><strong>ab</strong></span> <span class='ocrx_word' id='word_1_35' title='bbox 1699 547 1810 609; x_wconf 93' lang='lat' dir='ltr'><strong>hoc</strong></span> <span class='ocrx_word' id='word_1_36' title='bbox 1840 547 1986 611; x_wconf 91' lang='lat' dir='ltr'><strong>Filio</strong></span> 
     </span>
    </p>
   </div>
   <div class='ocr_carea' id='block_1_7' title="bbox 347 629 1986 712">
    <p class='ocr_par' dir='ltr' id='par_1_7' title="bbox 347 629 1986 712">
     <span class='ocr_line' id='line_1_7' title="bbox 347 629 1986 712; baseline 0 -12"><span class='ocrx_word' id='word_1_37' title='bbox 347 638 519 700; x_wconf 91' lang='lat' dir='ltr'><strong>Pater</strong></span> <span class='ocrx_word' id='word_1_38' title='bbox 549 637 878 712; x_wconf 84' lang='lat' dir='ltr'><strong>separatur,</strong></span> <span class='ocrx_word' id='word_1_39' title='bbox 913 629 1015 691; x_wconf 90' lang='lat' dir='ltr'><strong>sed</strong></span> <span class='ocrx_word' id='word_1_40' title='bbox 1048 631 1106 690; x_wconf 92' lang='lat' dir='ltr'><strong>in</strong></span> <span class='ocrx_word' id='word_1_41' title='bbox 1139 629 1284 694; x_wconf 80' lang='lat' dir='ltr'><strong>Filio</strong></span> <span class='ocrx_word' id='word_1_42' title='bbox 1315 633 1598 710; x_wconf 85' lang='lat' dir='ltr'><strong>cernitur,</strong></span> <span class='ocrx_word' id='word_1_43' title='bbox 1634 643 1690 696; x_wconf 91' lang='lat' dir='ltr'><strong>et</strong></span> <span class='ocrx_word' id='word_1_44' title='bbox 1718 637 1904 702; x_wconf 88' lang='lat' dir='ltr'><strong>Filius</strong></span> <span class='ocrx_word' id='word_1_45' title='bbox 1929 645 1986 704; x_wconf 92' lang='lat' dir='ltr'><strong>in</strong></span> 
     </span>
    </p>
   </div>
   <div class='ocr_carea' id='block_1_8' title="bbox 348 729 675 789">
    <p class='ocr_par' dir='ltr' id='par_1_8' title="bbox 348 729 675 789">
     <span class='ocr_line' id='line_1_8' title="bbox 348 729 675 789; baseline -0.028 0"><span class='ocrx_word' id='word_1_46' title='bbox 348 746 420 789; x_wconf 91' lang='lat' dir='ltr'><strong>eo</strong></span> <span class='ocrx_word' id='word_1_47' title='bbox 453 729 675 787; x_wconf 88' lang='lat' dir='ltr'><strong>manet.</strong></span> 
     </span>
    </p>
   </div>
   <div class='ocr_carea' id='block_1_9' title="bbox 426 807 1986 887">
    <p class='ocr_par' dir='ltr' id='par_1_9' title="bbox 426 807 1986 887">
     <span class='ocr_line' id='line_1_9' title="bbox 426 807 1986 887; baseline 0.004 -13"><span class='ocrx_word' id='word_1_48' title='bbox 426 811 590 874; x_wconf 88' lang='lat' dir='ltr'><strong>Hanc</strong></span> <span class='ocrx_word' id='word_1_49' title='bbox 610 807 926 887; x_wconf 86' lang='lat' dir='ltr'><strong>imaginem</strong></span> <span class='ocrx_word' id='word_1_50' title='bbox 955 808 1064 869; x_wconf 91' lang='lat' dir='ltr'><strong>etsi</strong></span> <span class='ocrx_word' id='word_1_51' title='bbox 1087 807 1342 871; x_wconf 90' lang='lat' dir='ltr'><strong>obscura</strong></span> <span class='ocrx_word' id='word_1_52' title='bbox 1362 821 1474 886; x_wconf 92' lang='lat' dir='ltr'><strong>est,</strong></span> <span class='ocrx_word' id='word_1_53' title='bbox 1503 832 1630 875; x_wconf 93' lang='lat' dir='ltr'><strong>eam</strong></span> <span class='ocrx_word' id='word_1_54' title='bbox 1664 824 1862 880; x_wconf 89' lang='lat' dir='ltr'><strong>tamen</strong></span> <span class='ocrx_word' id='word_1_55' title='bbox 1884 838 1986 881; x_wconf 93' lang='lat' dir='ltr'><strong>ac-</strong></span> 
     </span>
    </p>
   </div>
   <div class='ocr_carea' id='block_1_10' title="bbox 349 895 1984 982">
    <p class='ocr_par' dir='ltr' id='par_1_10' title="bbox 349 895 1984 982">
     <span class='ocr_line' id='line_1_10' title="bbox 349 895 1984 982; baseline 0.003 -17"><span class='ocrx_word' id='word_1_56' title='bbox 349 908 550 965; x_wconf 82' lang='lat' dir='ltr'><strong>curate</strong></span> <span class='ocrx_word' id='word_1_57' title='bbox 609 904 807 958; x_wconf 89' lang='lat' dir='ltr'><strong>nostra</strong></span> <span class='ocrx_word' id='word_1_58' title='bbox 865 895 1180 974; x_wconf 81' lang='lat' dir='ltr'><strong>descripsit</strong></span> <span class='ocrx_word' id='word_1_59' title='bbox 1251 917 1318 960; x_wconf 92' lang='lat' dir='ltr'><strong>ac</strong></span> <span class='ocrx_word' id='word_1_60' title='bbox 1391 899 1723 966; x_wconf 82' lang='lat' dir='ltr'><strong>informavit</strong></span> <span class='ocrx_word' id='word_1_61' title='bbox 1777 909 1984 982; x_wconf 83' lang='lat' dir='ltr'><strong>oratio,</strong></span> 
     </span>
    </p>
   </div>
   <div class='ocr_carea' id='block_1_11' title="bbox 347 985 1988 1078">
    <p class='ocr_par' dir='ltr' id='par_1_11' title="bbox 347 985 1988 1078">
     <span class='ocr_line' id='line_1_11' title="bbox 347 985 1988 1078; baseline 0.002 -22"><span class='ocrx_word' id='word_1_62' title='bbox 347 1012 520 1078; x_wconf 88' lang='lat' dir='ltr'><strong>quam</strong></span> <span class='ocrx_word' id='word_1_63' title='bbox 547 1004 845 1067; x_wconf 90' lang='lat' dir='ltr'><strong>nunquam</strong></span> <span class='ocrx_word' id='word_1_64' title='bbox 867 985 1114 1078; x_wconf 80' lang='lat' dir='ltr'><strong>videbis,</strong></span> <span class='ocrx_word' id='word_1_65' title='bbox 1141 1005 1334 1068; x_wconf 88' lang='lat' dir='ltr'><strong>neque</strong></span> <span class='ocrx_word' id='word_1_66' title='bbox 1357 989 1808 1072; x_wconf 86' lang='lat' dir='ltr'><strong>intelliges,nisi</strong></span> <span class='ocrx_word' id='word_1_67' title='bbox 1826 998 1988 1077; x_wconf 92' lang='lat' dir='ltr'><strong>prius</strong></span> 
     </span>
    </p>
   </div>
   <div class='ocr_carea' id='block_1_12' title="bbox 347 1075 1987 1163">
    <p class='ocr_par' dir='ltr' id='par_1_12' title="bbox 347 1075 1987 1163">
     <span class='ocr_line' id='line_1_12' title="bbox 347 1075 1987 1163; baseline 0.002 -17"><span class='ocrx_word' id='word_1_68' title='bbox 347 1075 666 1163; x_wconf 72' lang='lat' dir='ltr'><strong>imaginem</strong></span> <span class='ocrx_word' id='word_1_69' title='bbox 694 1085 852 1137; x_wconf 91' lang='lat' dir='ltr'><strong>tuam</strong></span> <span class='ocrx_word' id='word_1_70' title='bbox 879 1075 1010 1136; x_wconf 89' lang='lat' dir='ltr'><strong>labe</strong></span> <span class='ocrx_word' id='word_1_71' title='bbox 1047 1079 1388 1155; x_wconf 84' lang='lat' dir='ltr'><strong>purgaveris</strong></span> <span class='ocrx_word' id='word_1_72' title='bbox 1420 1090 1593 1161; x_wconf 92' lang='lat' dir='ltr'><strong>atque</strong></span> <span class='ocrx_word' id='word_1_73' title='bbox 1625 1075 1846 1147; x_wconf 79' lang='lat' dir='ltr'><strong>elueris</strong></span> <span class='ocrx_word' id='word_1_74' title='bbox 1874 1087 1987 1149; x_wconf 87' lang='lat' dir='ltr'>nisi</span> 
     </span>
    </p>
   </div>
   <div class='ocr_carea' id='block_1_13' title="bbox 348 1164 1984 1258">
    <p class='ocr_par' dir='ltr' id='par_1_13' title="bbox 348 1164 1984 1258">
     <span class='ocr_line' id='line_1_13' title="bbox 348 1164 1984 1258; baseline 0.001 -22"><span class='ocrx_word' id='word_1_75' title='bbox 348 1176 513 1258; x_wconf 90' lang='lat' dir='ltr'><strong>prius</strong></span> <span class='ocrx_word' id='word_1_76' title='bbox 535 1164 944 1258; x_wconf 66' lang='lat' dir='ltr'><strong>affectionibus</strong></span> <span class='ocrx_word' id='word_1_77' title='bbox 964 1166 1154 1244; x_wconf 85' lang='lat' dir='ltr'><strong>pravis</strong></span> <span class='ocrx_word' id='word_1_78' title='bbox 1177 1165 1446 1258; x_wconf 79' lang='lat' dir='ltr'><strong>obrutam</strong></span> <span class='ocrx_word' id='word_1_79' title='bbox 1462 1172 1720 1258; x_wconf 87' lang='lat' dir='ltr'><strong>erueris,</strong></span> <span class='ocrx_word' id='word_1_80' title='bbox 1756 1182 1814 1236; x_wconf 90' lang='lat' dir='ltr'><strong>et</strong></span> <span class='ocrx_word' id='word_1_81' title='bbox 1845 1195 1984 1255; x_wconf 89' lang='lat' dir='ltr'><strong>per-</strong></span> 
     </span>
    </p>
   </div>
   <div class='ocr_carea' id='block_1_14' title="bbox 348 1255 1986 1333">
    <p class='ocr_par' dir='ltr' id='par_1_14' title="bbox 348 1255 1986 1333">
     <span class='ocr_line' id='line_1_14' title="bbox 348 1255 1986 1333; baseline -0.004 -6"><span class='ocrx_word' id='word_1_82' title='bbox 348 1255 499 1326; x_wconf 85' lang='lat' dir='ltr'><strong>fecte</strong></span> <span class='ocrx_word' id='word_1_83' title='bbox 531 1255 901 1327; x_wconf 90' lang='lat' dir='ltr'><strong>absterseris,</strong></span> <span class='ocrx_word' id='word_1_84' title='bbox 937 1263 1116 1333; x_wconf 89' lang='lat' dir='ltr'><strong>atque</strong></span> <span class='ocrx_word' id='word_1_85' title='bbox 1149 1255 1420 1317; x_wconf 90' lang='lat' dir='ltr'><strong>utnivem</strong></span> <span class='ocrx_word' id='word_1_86' title='bbox 1442 1257 1834 1327; x_wconf 88' lang='lat' dir='ltr'><strong>dealbaveris.</strong></span> <span class='ocrx_word' id='word_1_87' title='bbox 1861 1265 1986 1328; x_wconf 89' lang='lat' dir='ltr'><strong>Hoc</strong></span> 
     </span>
    </p>
   </div>
   <div class='ocr_carea' id='block_1_15' title="bbox 2075 443 3725 528">
    <p class='ocr_par' dir='ltr' id='par_1_15' title="bbox 2075 443 3725 528">
     <span class='ocr_line' id='line_1_15' title="bbox 2075 443 3725 528; baseline -0.003 -20"><span class='ocrx_word' id='word_1_88' title='bbox 2075 457 2234 522; x_wconf 91' lang='lat' dir='ltr'><strong>runt,</strong></span> <span class='ocrx_word' id='word_1_89' title='bbox 2269 447 2531 526; x_wconf 86' lang='lat' dir='ltr'><strong>ignotum</strong></span> <span class='ocrx_word' id='word_1_90' title='bbox 2565 447 2778 528; x_wconf 91' lang='lat' dir='ltr'><strong>cupide</strong></span> <span class='ocrx_word' id='word_1_91' title='bbox 2803 467 2920 508; x_wconf 90' lang='lat' dir='ltr'><strong>non</strong></span> <span class='ocrx_word' id='word_1_92' title='bbox 2951 446 3338 508; x_wconf 83' lang='lat' dir='ltr'><strong>credentibus</strong></span> <span class='ocrx_word' id='word_1_93' title='bbox 3369 453 3432 506; x_wconf 86' lang='lat' dir='ltr'><strong>ut</strong></span> <span class='ocrx_word' id='word_1_94' title='bbox 3461 443 3725 506; x_wconf 90' lang='lat' dir='ltr'><strong>divinum</strong></span> 
     </span>
    </p>
   </div>
   <div class='ocr_carea' id='block_1_16' title="bbox 2071 533 3723 617">
    <p class='ocr_par' dir='ltr' id='par_1_16' title="bbox 2071 533 3723 617">
     <span class='ocr_line' id='line_1_16' title="bbox 2071 533 3723 617; baseline -0.004 -18"><span class='ocrx_word' id='word_1_95' title='bbox 2071 535 2356 617; x_wconf 88' lang='lat' dir='ltr'><strong>Spiritum</strong></span> <span class='ocrx_word' id='word_1_96' title='bbox 2380 537 2691 616; x_wconf 81' lang='lat' dir='ltr'><strong>accipiant,</strong></span> <span class='ocrx_word' id='word_1_97' title='bbox 2717 536 2978 615; x_wconf 90' lang='lat' dir='ltr'><strong>ignotum</strong></span> <span class='ocrx_word' id='word_1_98' title='bbox 3003 554 3122 596; x_wconf 93' lang='lat' dir='ltr'><strong>non</strong></span> <span class='ocrx_word' id='word_1_99' title='bbox 3134 533 3723 608; x_wconf 91' lang='lat' dir='ltr'><strong>credentibus,etiam</strong></span> 
     </span>
    </p>
   </div>
   <div class='ocr_carea' id='block_1_17' title="bbox 2073 620 3724 706">
    <p class='ocr_par' dir='ltr' id='par_1_17' title="bbox 2073 620 3724 706">
     <span class='ocr_line' id='line_1_17' title="bbox 2073 620 3724 706; baseline -0.002 -21"><span class='ocrx_word' id='word_1_100' title='bbox 2073 624 2526 706; x_wconf 91' lang='lat' dir='ltr'><strong>modoimperiti</strong></span> <span class='ocrx_word' id='word_1_101' title='bbox 2547 624 2833 706; x_wconf 91' lang='lat' dir='ltr'><strong>Spiritum</strong></span> <span class='ocrx_word' id='word_1_102' title='bbox 2867 631 3132 686; x_wconf 89' lang='lat' dir='ltr'><strong>sanctum</strong></span> <span class='ocrx_word' id='word_1_103' title='bbox 3168 622 3592 704; x_wconf 88' lang='lat' dir='ltr'><strong>poscentibus:</strong></span> <span class='ocrx_word' id='word_1_104' title='bbox 3627 620 3724 682; x_wconf 91' lang='lat' dir='ltr'><strong>in-</strong></span> 
     </span>
    </p>
   </div>
   <div class='ocr_carea' id='block_1_18' title="bbox 2072 709 3717 793">
    <p class='ocr_par' dir='ltr' id='par_1_18' title="bbox 2072 709 3717 793">
     <span class='ocr_line' id='line_1_18' title="bbox 2072 709 3717 793; baseline -0.001 -19"><span class='ocrx_word' id='word_1_105' title='bbox 2072 714 2389 774; x_wconf 83' lang='lat' dir='ltr'><strong>credulitas</strong></span> <span class='ocrx_word' id='word_1_106' title='bbox 2417 713 2576 776; x_wconf 89' lang='lat' dir='ltr'><strong>enim</strong></span> <span class='ocrx_word' id='word_1_107' title='bbox 2608 721 2769 775; x_wconf 86' lang='lat' dir='ltr'><strong>arcet</strong></span> <span class='ocrx_word' id='word_1_108' title='bbox 2790 712 3106 793; x_wconf 89' lang='lat' dir='ltr'><strong>acrepellit</strong></span> <span class='ocrx_word' id='word_1_109' title='bbox 3127 711 3390 773; x_wconf 83' lang='lat' dir='ltr'><strong>divinum</strong></span> <span class='ocrx_word' id='word_1_110' title='bbox 3408 709 3717 791; x_wconf 91' lang='lat' dir='ltr'><strong>Spiritum.</strong></span> 
     </span>
    </p>
   </div>
   <div class='ocr_carea' id='block_1_19' title="bbox 2071 797 3724 882">
    <p class='ocr_par' dir='ltr' id='par_1_19' title="bbox 2071 797 3724 882">
     <span class='ocr_line' id='line_1_19' title="bbox 2071 797 3724 882; baseline -0.003 -19"><span class='ocrx_word' id='word_1_111' title='bbox 2071 801 2180 874; x_wconf 89' lang='lat' dir='ltr'><strong>Qui</strong></span> <span class='ocrx_word' id='word_1_112' title='bbox 2202 821 2318 863; x_wconf 91' lang='lat' dir='ltr'><strong>non</strong></span> <span class='ocrx_word' id='word_1_113' title='bbox 2343 803 2560 877; x_wconf 79' lang='lat' dir='ltr'><strong>credit,</strong></span> <span class='ocrx_word' id='word_1_114' title='bbox 2581 821 2696 863; x_wconf 93' lang='lat' dir='ltr'><strong>non</strong></span> <span class='ocrx_word' id='word_1_115' title='bbox 2720 802 2904 882; x_wconf 89' lang='lat' dir='ltr'><strong>petit;</strong></span> <span class='ocrx_word' id='word_1_116' title='bbox 2949 802 3049 882; x_wconf 91' lang='lat' dir='ltr'><strong>qui</strong></span> <span class='ocrx_word' id='word_1_117' title='bbox 3095 819 3211 862; x_wconf 90' lang='lat' dir='ltr'><strong>non</strong></span> <span class='ocrx_word' id='word_1_118' title='bbox 3237 800 3405 880; x_wconf 87' lang='lat' dir='ltr'><strong>petit,</strong></span> <span class='ocrx_word' id='word_1_119' title='bbox 3431 817 3550 859; x_wconf 91' lang='lat' dir='ltr'><strong>non</strong></span> <span class='ocrx_word' id='word_1_120' title='bbox 3571 797 3724 859; x_wconf 88' lang='lat' dir='ltr'><strong>acci-</strong></span> 
     </span>
    </p>
   </div>
   <div class='ocr_carea' id='block_1_20' title="bbox 2073 890 3724 971">
    <p class='ocr_par' dir='ltr' id='par_1_20' title="bbox 2073 890 3724 971">
     <span class='ocr_line' id='line_1_20' title="bbox 2073 890 3724 971; baseline -0.003 -21"><span class='ocrx_word' id='word_1_121' title='bbox 2073 891 2191 971; x_wconf 87' lang='lat' dir='ltr'><strong>pit;</strong></span> <span class='ocrx_word' id='word_1_122' title='bbox 2221 890 2319 970; x_wconf 88' lang='lat' dir='ltr'><strong>qui</strong></span> <span class='ocrx_word' id='word_1_123' title='bbox 2343 909 2459 950; x_wconf 93' lang='lat' dir='ltr'><strong>non</strong></span> <span class='ocrx_word' id='word_1_124' title='bbox 2487 890 2724 970; x_wconf 88' lang='lat' dir='ltr'><strong>accipit,</strong></span> <span class='ocrx_word' id='word_1_125' title='bbox 2748 897 3160 963; x_wconf 90' lang='lat' dir='ltr'><strong>estmortuus;</strong></span> <span class='ocrx_word' id='word_1_126' title='bbox 3195 895 3493 950; x_wconf 89' lang='lat' dir='ltr'><strong>mortuum</strong></span> <span class='ocrx_word' id='word_1_127' title='bbox 3525 893 3724 946; x_wconf 90' lang='lat' dir='ltr'><strong>autem</strong></span> 
     </span>
    </p>
   </div>
   <div class='ocr_carea' id='block_1_21' title="bbox 2071 973 3726 1058">
    <p class='ocr_par' dir='ltr' id='par_1_21' title="bbox 2071 973 3726 1058">
     <span class='ocr_line' id='line_1_21' title="bbox 2071 973 3726 1058; baseline -0.003 -20"><span class='ocrx_word' id='word_1_128' title='bbox 2071 980 2202 1057; x_wconf 91' lang='lat' dir='ltr'><strong>quis</strong></span> <span class='ocrx_word' id='word_1_129' title='bbox 2233 997 2349 1038; x_wconf 91' lang='lat' dir='ltr'><strong>non</strong></span> <span class='ocrx_word' id='word_1_130' title='bbox 2383 977 2654 1058; x_wconf 83' lang='lat' dir='ltr'><strong>plorabit,</strong></span> <span class='ocrx_word' id='word_1_131' title='bbox 2710 977 2850 1057; x_wconf 89' lang='lat' dir='ltr'><strong>quia</strong></span> <span class='ocrx_word' id='word_1_132' title='bbox 2904 996 3038 1038; x_wconf 90' lang='lat' dir='ltr'><strong>cum</strong></span> <span class='ocrx_word' id='word_1_133' title='bbox 3092 984 3361 1037; x_wconf 90' lang='lat' dir='ltr'><strong>mortuus</strong></span> <span class='ocrx_word' id='word_1_134' title='bbox 3391 975 3491 1048; x_wconf 82' lang='lat' dir='ltr'><strong>sit,</strong></span> <span class='ocrx_word' id='word_1_135' title='bbox 3524 973 3726 1034; x_wconf 80' lang='lat' dir='ltr'><strong>vivere</strong></span> 
     </span>
    </p>
   </div>
   <div class='ocr_carea' id='block_1_22' title="bbox 2068 1065 3726 1143">
    <p class='ocr_par' dir='ltr' id='par_1_22' title="bbox 2068 1065 3726 1143">
     <span class='ocr_line' id='line_1_22' title="bbox 2068 1065 3726 1143; baseline -0.002 -17"><span class='ocrx_word' id='word_1_136' title='bbox 2068 1085 2130 1126; x_wconf 84' lang='lat' dir='ltr'><strong>sc</strong></span> <span class='ocrx_word' id='word_1_137' title='bbox 2155 1065 2496 1127; x_wconf 83' lang='lat' dir='ltr'><strong>existimat?</strong></span> <span class='ocrx_word' id='word_1_138' title='bbox 2522 1066 2698 1126; x_wconf 82' lang='lat' dir='ltr'><strong>Plane</strong></span> <span class='ocrx_word' id='word_1_139' title='bbox 2731 1066 2946 1126; x_wconf 91' lang='lat' dir='ltr'><strong>mortui</strong></span> <span class='ocrx_word' id='word_1_140' title='bbox 2979 1072 3244 1127; x_wconf 92' lang='lat' dir='ltr'><strong>mortuos</strong></span> <span class='ocrx_word' id='word_1_141' title='bbox 3273 1081 3577 1143; x_wconf 90' lang='lat' dir='ltr'><strong>nunquam</strong></span> <span class='ocrx_word' id='word_1_142' title='bbox 3613 1080 3726 1123; x_wconf 90' lang='lat' dir='ltr'><strong>nec</strong></span> 
     </span>
    </p>
   </div>
   <div class='ocr_carea' id='block_1_23' title="bbox 2067 1151 3724 1233">
    <p class='ocr_par' dir='ltr' id='par_1_23' title="bbox 2067 1151 3724 1233">
     <span class='ocr_line' id='line_1_23' title="bbox 2067 1151 3724 1233; baseline -0.002 -18"><span class='ocrx_word' id='word_1_143' title='bbox 2067 1154 2292 1228; x_wconf 90' lang='lat' dir='ltr'><strong>videre,</strong></span> <span class='ocrx_word' id='word_1_144' title='bbox 2342 1173 2450 1215; x_wconf 91' lang='lat' dir='ltr'><strong>nec</strong></span> <span class='ocrx_word' id='word_1_145' title='bbox 2482 1153 2796 1214; x_wconf 88' lang='lat' dir='ltr'><strong>lamentari</strong></span> <span class='ocrx_word' id='word_1_146' title='bbox 2824 1161 3085 1233; x_wconf 88' lang='lat' dir='ltr'><strong>queunt:</strong></span> <span class='ocrx_word' id='word_1_147' title='bbox 3148 1152 3259 1213; x_wconf 89' lang='lat' dir='ltr'><strong>vivi</strong></span> <span class='ocrx_word' id='word_1_148' title='bbox 3292 1153 3400 1214; x_wconf 91' lang='lat' dir='ltr'><strong>hos</strong></span> <span class='ocrx_word' id='word_1_149' title='bbox 3429 1151 3724 1231; x_wconf 85' lang='lat' dir='ltr'><strong>videntes,</strong></span> 
     </span>
    </p>
   </div>
   <div class='ocr_carea' id='block_1_24' title="bbox 2069 1240 3722 1322">
    <p class='ocr_par' dir='ltr' id='par_1_24' title="bbox 2069 1240 3722 1322">
     <span class='ocr_line' id='line_1_24' title="bbox 2069 1240 3722 1322; baseline -0.002 -19"><span class='ocrx_word' id='word_1_150' title='bbox 2069 1243 2487 1304; x_wconf 78' lang='lat' dir='ltr'><strong>lamentantur.</strong></span> <span class='ocrx_word' id='word_1_151' title='bbox 2549 1240 2766 1304; x_wconf 88' lang='lat' dir='ltr'><strong>Vident</strong></span> <span class='ocrx_word' id='word_1_152' title='bbox 2821 1241 3039 1322; x_wconf 87' lang='lat' dir='ltr'><strong>quippe</strong></span> <span class='ocrx_word' id='word_1_153' title='bbox 3083 1257 3302 1302; x_wconf 86' lang='lat' dir='ltr'><strong>novum</strong></span> <span class='ocrx_word' id='word_1_154' title='bbox 3365 1248 3722 1314; x_wconf 85' lang='lat' dir='ltr'><strong>monstrum,</strong></span> 
     </span>
    </p>
   </div>
   <div class='ocr_carea' id='block_1_25' title="bbox 348 1329 3729 1433">
    <p class='ocr_par' dir='ltr' id='par_1_25' title="bbox 348 1329 3729 1433">
     <span class='ocr_line' id='line_1_25' title="bbox 348 1329 3729 1433; baseline -0.003 -36"><span class='ocrx_word' id='word_1_155' title='bbox 348 1369 481 1414; x_wconf 72' lang='lat' dir='ltr'><strong>cum</strong></span> <span class='ocrx_word' id='word_1_156' title='bbox 502 1341 872 1433; x_wconf 56' lang='lat' dir='ltr'><strong>praestiteris,</strong></span> <span class='ocrx_word' id='word_1_157' title='bbox 897 1329 1159 1421; x_wconf 63' lang='lat' dir='ltr'><strong>rtipsam</strong></span> <span class='ocrx_word' id='word_1_158' title='bbox 1185 1344 1368 1421; x_wconf 77' lang='lat' dir='ltr'><strong>probe</strong></span> <span class='ocrx_word' id='word_1_159' title='bbox 1391 1350 1754 1426; x_wconf 50' lang='lat' dir='ltr'><strong>purgaveris,</strong></span> <span class='ocrx_word' id='word_1_160' title='bbox 1783 1360 1839 1413; x_wconf 63' lang='lat' dir='ltr'><strong>et</strong></span> <span class='ocrx_word' id='word_1_161' title='bbox 1864 1372 1996 1433; x_wconf 62' lang='grc' dir='ltr'><strong>ρετ,</strong></span> <span class='ocrx_word' id='word_1_162' title='bbox 2074 1332 2302 1394; x_wconf 88' lang='lat' dir='ltr'><strong>occisos</strong></span> <span class='ocrx_word' id='word_1_163' title='bbox 2331 1331 2609 1431; x_wconf 77' lang='lat' dir='ltr'><strong>viventes,</strong></span> <span class='ocrx_word' id='word_1_164' title='bbox 2667 1329 2811 1410; x_wconf 91' lang='lat' dir='ltr'><strong>quin</strong></span> <span class='ocrx_word' id='word_1_165' title='bbox 2858 1337 2917 1433; x_wconf 80' lang='lat' dir='ltr'><strong>et</strong></span> <span class='ocrx_word' id='word_1_166' title='bbox 2975 1329 3426 1433; x_wconf 75' lang='lat' dir='ltr'><strong>obambulantes</strong></span> <span class='ocrx_word' id='word_1_167' title='bbox 3465 1345 3512 1433; x_wconf 47' lang='lat'><strong>;‘</strong></span> <span class='ocrx_word' id='word_1_168' title='bbox 3542 1344 3729 1426; x_wconf 65' lang='lat' dir='ltr'><strong>caecos</strong></span> 
     </span>
    </p>
   </div>
   <div class='ocr_carea' id='block_1_26' title="bbox 347 1414 3723 1522">
    <p class='ocr_par' dir='ltr' id='par_1_26' title="bbox 347 1414 3723 1522">
     <span class='ocr_line' id='line_1_26' title="bbox 347 1414 3723 1522; baseline -0.002 -20"><span class='ocrx_word' id='word_1_169' title='bbox 347 1414 703 1513; x_wconf 39' lang='lat' dir='ltr'><strong>fectaeimago</strong></span> <span class='ocrx_word' id='word_1_170' title='bbox 726 1414 906 1522; x_wconf 71' lang='lat' dir='ltr'><strong>fuerit</strong></span> <span class='ocrx_word' id='word_1_171' title='bbox 927 1450 948 1522; x_wconf 82' lang='lat'><strong>;_</strong></span> <span class='ocrx_word' id='word_1_172' title='bbox 972 1414 1319 1522; x_wconf 55' lang='lat' dir='ltr'><strong>tirotqtvpon</strong></span> <span class='ocrx_word' id='word_1_173' title='bbox 1343 1414 1994 1522; x_wconf 38' lang='lat' dir='ltr'><strong>hatid‘videbis’meque</strong></span> <span class='ocrx_word' id='word_1_174' title='bbox 2073 1429 2344 1522; x_wconf 68' lang='grc' dir='ltr'><strong>Ρηίδηίθδ</strong></span> <span class='ocrx_word' id='word_1_175' title='bbox 2375 1439 2439 1522; x_wconf 61' lang='lat' dir='ltr'><strong>Sf</strong></span> <span class='ocrx_word' id='word_1_176' title='bbox 2467 1420 2778 1522; x_wconf 30' lang='lat' dir='ltr'><strong>aspjgere,‘</strong></span> <span class='ocrx_word' id='word_1_177' title='bbox 2817 1425 2875 1479; x_wconf 70' lang='grc' dir='ltr'>θί</span> <span class='ocrx_word' id='word_1_178' title='bbox 2931 1436 3135 1522; x_wconf 39' lang='lat' dir='ltr'><strong>re“?</strong></span> <span class='ocrx_word' id='word_1_179' title='bbox 3195 1417 3405 1522; x_wconf 46' lang='lat' dir='ltr'><strong>Sardqs</strong></span> <span class='ocrx_word' id='word_1_180' title='bbox 3431 1414 3723 1522; x_wconf 46' lang='lat' dir='ltr'><strong>biﬁan</strong></span> 
     </span>
    </p>
   </div>
   <div class='ocr_carea' id='block_1_27' title="bbox 347 1504 1990 1604">
    <p class='ocr_par' dir='ltr' id='par_1_27' title="bbox 347 1504 1990 1604">
     <span class='ocr_line' id='line_1_27' title="bbox 347 1504 1990 1604; baseline 0.001 -14"><span class='ocrx_word' id='word_1_181' title='bbox 347 1504 665 1604; x_wconf 54' lang='lat' dir='ltr'><strong>intelliges:</strong></span> <span class='ocrx_word' id='word_1_182' title='bbox 701 1519 814 1580; x_wconf 90' lang='lat' dir='ltr'><strong>nisi</strong></span> <span class='ocrx_word' id='word_1_183' title='bbox 846 1518 952 1579; x_wconf 85' lang='lat' dir='ltr'><strong>tibi</strong></span> <span class='ocrx_word' id='word_1_184' title='bbox 973 1504 1090 1598; x_wconf 78' lang='lat' dir='ltr'><strong>per</strong></span> <span class='ocrx_word' id='word_1_185' title='bbox 1120 1504 1408 1598; x_wconf 78' lang='lat' dir='ltr'><strong>Spiritum</strong></span> <span class='ocrx_word' id='word_1_186' title='bbox 1461 1534 1728 1588; x_wconf 89' lang='lat' dir='ltr'><strong>sanctum</strong></span> <span class='ocrx_word' id='word_1_187' title='bbox 1759 1504 1990 1592; x_wconf 79' lang='lat' dir='ltr'><strong>revele-</strong></span> 
     </span>
    </p>
   </div>
   <div class='ocr_carea' id='block_1_28' title="bbox 2077 1504 3729 1604">
    <p class='ocr_par' dir='ltr' id='par_1_28' title="bbox 2077 1504 3729 1604">
     <span class='ocr_line' id='line_1_28' title="bbox 2077 1504 3729 1604; baseline -0.003 -36"><span class='ocrx_word' id='word_1_188' title='bbox 2077 1517 2161 1570; x_wconf 92' lang='lat' dir='ltr'><strong>tes</strong></span> <span class='ocrx_word' id='word_1_189' title='bbox 2191 1528 2254 1570; x_wconf 93' lang='lat' dir='ltr'><strong>se</strong></span> <span class='ocrx_word' id='word_1_190' title='bbox 2305 1509 2536 1604; x_wconf 85' lang='lat' dir='ltr'><strong>audire.</strong></span> <span class='ocrx_word' id='word_1_191' title='bbox 2571 1508 2786 1570; x_wconf 88' lang='lat' dir='ltr'><strong>Vivunt</strong></span> <span class='ocrx_word' id='word_1_192' title='bbox 2833 1525 3014 1604; x_wconf 74' lang='lat' dir='ltr'><strong>sane,</strong></span> <span class='ocrx_word' id='word_1_193' title='bbox 3046 1515 3102 1568; x_wconf 92' lang='lat' dir='ltr'><strong>et</strong></span> <span class='ocrx_word' id='word_1_194' title='bbox 3133 1506 3498 1604; x_wconf 53' lang='lat' dir='ltr'><strong>audiunt,”et</strong></span> <span class='ocrx_word' id='word_1_195' title='bbox 3527 1504 3729 1602; x_wconf 78' lang='lat' dir='ltr'><strong>vident</strong></span> 
     </span>
    </p>
   </div>
   <div class='ocr_carea' id='block_1_29' title="bbox 347 1591 1990 1688">
    <p class='ocr_par' dir='ltr' id='par_1_29' title="bbox 347 1591 1990 1688">
     <span class='ocr_line' id='line_1_29' title="bbox 347 1591 1990 1688; baseline 0.001 -8"><span class='ocrx_word' id='word_1_196' title='bbox 347 1627 483 1680; x_wconf 90' lang='lat' dir='ltr'><strong>tur:</strong></span> <span class='ocrx_word' id='word_1_197' title='bbox 515 1591 715 1674; x_wconf 70' lang='lat' dir='ltr'><strong>omnia</strong></span> <span class='ocrx_word' id='word_1_198' title='bbox 739 1609 896 1670; x_wconf 91' lang='lat' dir='ltr'><strong>enim</strong></span> <span class='ocrx_word' id='word_1_199' title='bbox 923 1608 1095 1668; x_wconf 90' lang='lat' dir='ltr'><strong>docet</strong></span> <span class='ocrx_word' id='word_1_200' title='bbox 1116 1607 1394 1688; x_wconf 87' lang='lat' dir='ltr'><strong>Spiritus,</strong></span> <span class='ocrx_word' id='word_1_201' title='bbox 1429 1613 1489 1674; x_wconf 92' lang='lat' dir='ltr'><strong>in</strong></span> <span class='ocrx_word' id='word_1_202' title='bbox 1520 1614 1746 1678; x_wconf 91' lang='lat' dir='ltr'><strong>lumine</strong></span> <span class='ocrx_word' id='word_1_203' title='bbox 1779 1591 1990 1680; x_wconf 68' lang='lat' dir='ltr'><strong>ineffa-</strong></span> 
     </span>
    </p>
   </div>
   <div class='ocr_carea' id='block_1_30' title="bbox 2077 1591 3716 1688">
    <p class='ocr_par' dir='ltr' id='par_1_30' title="bbox 2077 1591 3716 1688">
     <span class='ocr_line' id='line_1_30' title="bbox 2077 1591 3716 1688; baseline -0.004 -31"><span class='ocrx_word' id='word_1_204' title='bbox 2077 1605 2138 1657; x_wconf 93' lang='lat' dir='ltr'><strong>ut</strong></span> <span class='ocrx_word' id='word_1_205' title='bbox 2193 1597 2453 1688; x_wconf 80' lang='lat' dir='ltr'><strong>pecudes</strong></span> <span class='ocrx_word' id='word_1_206' title='bbox 2480 1605 2613 1688; x_wconf 81' lang='lat' dir='ltr'><strong>;_ut</strong></span> <span class='ocrx_word' id='word_1_207' title='bbox 2663 1615 2780 1688; x_wconf 84' lang='lat' dir='ltr'><strong>non</strong></span> <span class='ocrx_word' id='word_1_208' title='bbox 2830 1595 3227 1688; x_wconf 85' lang='lat' dir='ltr'><strong>intelligentes</strong></span> <span class='ocrx_word' id='word_1_209' title='bbox 3258 1592 3615 1688; x_wconf 80' lang='lat' dir='ltr'><strong>intelligunt,</strong></span> <span class='ocrx_word' id='word_1_210' title='bbox 3655 1591 3716 1652; x_wconf 93' lang='lat' dir='ltr'><strong>in</strong></span> 
     </span>
    </p>
   </div>
   <div class='ocr_carea' id='block_1_31' title="bbox 348 1681 1990 1784">
    <p class='ocr_par' dir='ltr' id='par_1_31' title="bbox 348 1681 1990 1784">
     <span class='ocr_line' id='line_1_31' title="bbox 348 1681 1990 1784; baseline 0.001 -18"><span class='ocrx_word' id='word_1_211' title='bbox 348 1705 454 1768; x_wconf 92' lang='lat' dir='ltr'><strong>bili</strong></span> <span class='ocrx_word' id='word_1_212' title='bbox 483 1699 802 1777; x_wconf 79' lang='lat' dir='ltr'><strong>refulgens.</strong></span> <span class='ocrx_word' id='word_1_213' title='bbox 829 1695 1133 1784; x_wconf 83' lang='lat' dir='ltr'><strong>Quatenus</strong></span> <span class='ocrx_word' id='word_1_214' title='bbox 1159 1681 1576 1776; x_wconf 87' lang='lat' dir='ltr'><strong>intelliguntur</strong></span> <span class='ocrx_word' id='word_1_215' title='bbox 1599 1702 1990 1784; x_wconf 85' lang='lat' dir='ltr'><strong>intelligibilia</strong></span> 
     </span>
    </p>
   </div>
   <div class='ocr_carea' id='block_1_32' title="bbox 2077 1681 3724 1784">
    <p class='ocr_par' dir='ltr' id='par_1_32' title="bbox 2077 1681 3724 1758">
     <span class='ocr_line' id='line_1_32' title="bbox 2077 1681 3724 1758; baseline -0.003 -13"><span class='ocrx_word' id='word_1_216' title='bbox 2077 1704 2254 1747; x_wconf 90' lang='lat' dir='ltr'><strong>sensu</strong></span> <span class='ocrx_word' id='word_1_217' title='bbox 2282 1686 2640 1758; x_wconf 88' lang='lat' dir='ltr'><strong>insensibili,</strong></span> <span class='ocrx_word' id='word_1_218' title='bbox 2677 1686 2737 1745; x_wconf 88' lang='lat' dir='ltr'><strong>in</strong></span> <span class='ocrx_word' id='word_1_219' title='bbox 2796 1684 2910 1745; x_wconf 90' lang='lat' dir='ltr'><strong>vita</strong></span> <span class='ocrx_word' id='word_1_220' title='bbox 2965 1692 3216 1746; x_wconf 89' lang='lat' dir='ltr'><strong>mortua.</strong></span> <span class='ocrx_word' id='word_1_221' title='bbox 3280 1683 3443 1746; x_wconf 89' lang='lat' dir='ltr'><strong>Licet</strong></span> <span class='ocrx_word' id='word_1_222' title='bbox 3473 1681 3632 1743; x_wconf 91' lang='lat' dir='ltr'><strong>enim</strong></span> <span class='ocrx_word' id='word_1_223' title='bbox 3667 1689 3724 1741; x_wconf 91' lang='lat' dir='ltr'><strong>et</strong></span> 
     </span>
    </p>
   </div>
   <div class='ocr_carea' id='block_1_33' title="bbox 347 1770 3724 1874">
    <p class='ocr_par' dir='ltr' id='par_1_33' title="bbox 347 1770 3724 1874">
     <span class='ocr_line' id='line_1_33' title="bbox 347 1770 3724 1874; baseline -0.004 -19"><span class='ocrx_word' id='word_1_224' title='bbox 347 1793 455 1855; x_wconf 90' lang='lat' dir='ltr'><strong>tibi</strong></span> <span class='ocrx_word' id='word_1_225' title='bbox 485 1770 685 1854; x_wconf 68' lang='lat' dir='ltr'><strong>omnia</strong></span> <span class='ocrx_word' id='word_1_226' title='bbox 713 1783 1160 1860; x_wconf 89' lang='lat' dir='ltr'><strong>demonstrabit,</strong></span> <span class='ocrx_word' id='word_1_227' title='bbox 1215 1770 1500 1865; x_wconf 58' lang='lat' dir='ltr'><strong>quantum</strong></span> <span class='ocrx_word' id='word_1_228' title='bbox 1563 1791 1767 1854; x_wconf 87' lang='lat' dir='ltr'><strong>videre</strong></span> <span class='ocrx_word' id='word_1_229' title='bbox 1791 1770 1987 1874; x_wconf 62' lang='lat' dir='ltr'><strong>potes,</strong></span> <span class='ocrx_word' id='word_1_230' title='bbox 2074 1791 2196 1834; x_wconf 78' lang='grc' dir='ltr'><strong>ηοη</strong></span> <span class='ocrx_word' id='word_1_231' title='bbox 2225 1775 2512 1874; x_wconf 58' lang='grc' dir='ltr'><strong>νίνξῗηίθιη</strong></span> <span class='ocrx_word' id='word_1_232' title='bbox 2547 1773 2767 1874; x_wconf 57' lang='grc' dir='ltr'><strong>νίνθξρν</strong></span> <span class='ocrx_word' id='word_1_233' title='bbox 2805 1779 2862 1833; x_wconf 62' lang='lat' dir='ltr'><strong>et</strong></span> <span class='ocrx_word' id='word_1_234' title='bbox 2909 1791 3029 1833; x_wconf 79' lang='grc' dir='ltr'><strong>ηοη</strong></span> <span class='ocrx_word' id='word_1_235' title='bbox 3079 1772 3368 1833; x_wconf 72' lang='grc' dir='ltr'><strong>νίνθηίθῐη</strong></span> <span class='ocrx_word' id='word_1_236' title='bbox 3403 1770 3625 1844; x_wconf 64' lang='lat' dir='ltr'><strong>Videre.</strong></span> <span class='ocrx_word' id='word_1_237' title='bbox 3663 1779 3724 1828; x_wconf 71' lang='grc' dir='ltr'><strong>ει</strong></span> 
     </span>
    </p>
   </div>
   <div class='ocr_carea' id='block_1_34' title="bbox 348 1874 1988 1964">
    <p class='ocr_par' dir='ltr' id='par_1_34' title="bbox 348 1874 1988 1964">
     <span class='ocr_line' id='line_1_34' title="bbox 348 1874 1988 1964; baseline 0 -20"><span class='ocrx_word' id='word_1_238' title='bbox 348 1889 631 1963; x_wconf 83' lang='lat' dir='ltr'><strong>quantum</strong></span> <span class='ocrx_word' id='word_1_239' title='bbox 662 1876 837 1936; x_wconf 91' lang='lat' dir='ltr'><strong>homo</strong></span> <span class='ocrx_word' id='word_1_240' title='bbox 866 1874 1096 1964; x_wconf 84' lang='lat' dir='ltr'><strong>assequi</strong></span> <span class='ocrx_word' id='word_1_241' title='bbox 1131 1882 1343 1956; x_wconf 90' lang='lat' dir='ltr'><strong>potest,</strong></span> <span class='ocrx_word' id='word_1_242' title='bbox 1377 1879 1704 1941; x_wconf 86' lang='lat' dir='ltr'><strong>secundum</strong></span> <span class='ocrx_word' id='word_1_243' title='bbox 1739 1901 1988 1964; x_wconf 89' lang='lat' dir='ltr'><strong>propor-</strong></span> 
     </span>
    </p>
   </div>
   <div class='ocr_carea' id='block_1_35' title="bbox 347 1962 1989 2051">
    <p class='ocr_par' dir='ltr' id='par_1_35' title="bbox 347 1962 1989 2051">
     <span class='ocr_line' id='line_1_35' title="bbox 347 1962 1989 2051; baseline 0.001 -18"><span class='ocrx_word' id='word_1_244' title='bbox 347 1962 570 2033; x_wconf 84' lang='lat' dir='ltr'><strong>tionem</strong></span> <span class='ocrx_word' id='word_1_245' title='bbox 603 1972 861 2048; x_wconf 69' lang='lat' dir='ltr'><strong>purgataa</strong></span> <span class='ocrx_word' id='word_1_246' title='bbox 890 1962 1122 2051; x_wconf 11' lang='lat' dir='ltr'><strong>animae,</strong></span> <span class='ocrx_word' id='word_1_247' title='bbox 1148 1971 1260 2024; x_wconf 84' lang='lat' dir='ltr'><strong>tuae</strong></span> <span class='ocrx_word' id='word_1_248' title='bbox 1295 1983 1310 2038; x_wconf 89' lang='lat'><strong>;</strong></span> <span class='ocrx_word' id='word_1_249' title='bbox 1346 1973 1402 2026; x_wconf 91' lang='lat' dir='ltr'><strong>et</strong></span> <span class='ocrx_word' id='word_1_250' title='bbox 1447 1987 1691 2048; x_wconf 91' lang='lat' dir='ltr'><strong>operum</strong></span> <span class='ocrx_word' id='word_1_251' title='bbox 1723 1962 1989 2051; x_wconf 76' lang='lat' dir='ltr'><strong>diligenti</strong></span> 
     </span>
    </p>
   </div>
   <div class='ocr_carea' id='block_1_36' title="bbox 345 2050 1986 2134">
    <p class='ocr_par' dir='ltr' id='par_1_36' title="bbox 345 2050 1986 2134">
     <span class='ocr_line' id='line_1_36' title="bbox 345 2050 1986 2134; baseline 0.001 -13"><span class='ocrx_word' id='word_1_252' title='bbox 345 2058 671 2121; x_wconf 87' lang='lat' dir='ltr'><strong>imitatione</strong></span> <span class='ocrx_word' id='word_1_253' title='bbox 699 2054 822 2116; x_wconf 93' lang='lat' dir='ltr'><strong>Deo</strong></span> <span class='ocrx_word' id='word_1_254' title='bbox 846 2050 1281 2127; x_wconf 90' lang='lat' dir='ltr'><strong>assimilabere,</strong></span> <span class='ocrx_word' id='word_1_255' title='bbox 1308 2059 1725 2134; x_wconf 89' lang='lat' dir='ltr'><strong>temperantia,</strong></span> <span class='ocrx_word' id='word_1_256' title='bbox 1751 2050 1986 2123; x_wconf 89' lang='lat' dir='ltr'><strong>fortitu-</strong></span> 
     </span>
    </p>
   </div>
   <div class='ocr_carea' id='block_1_37' title="bbox 346 2141 1982 2226">
    <p class='ocr_par' dir='ltr' id='par_1_37' title="bbox 346 2141 1982 2226">
     <span class='ocr_line' id='line_1_37' title="bbox 346 2141 1982 2226; baseline 0.001 -16"><span class='ocrx_word' id='word_1_257' title='bbox 346 2149 508 2226; x_wconf 89' lang='lat' dir='ltr'><strong>dine,</strong></span> <span class='ocrx_word' id='word_1_258' title='bbox 540 2143 926 2215; x_wconf 89' lang='lat' dir='ltr'><strong>humanitate,</strong></span> <span class='ocrx_word' id='word_1_259' title='bbox 955 2141 1340 2202; x_wconf 78' lang='lat' dir='ltr'><strong>tentationum</strong></span> <span class='ocrx_word' id='word_1_260' title='bbox 1377 2143 1686 2206; x_wconf 90' lang='lat' dir='ltr'><strong>tolerantia</strong></span> <span class='ocrx_word' id='word_1_261' title='bbox 1713 2156 1768 2208; x_wconf 93' lang='lat' dir='ltr'><strong>et</strong></span> <span class='ocrx_word' id='word_1_262' title='bbox 1799 2149 1982 2210; x_wconf 89' lang='lat' dir='ltr'><strong>chari-</strong></span> 
     </span>
    </p>
   </div>
   <div class='ocr_carea' id='block_1_38' title="bbox 347 2229 1985 2320">
    <p class='ocr_par' dir='ltr' id='par_1_38' title="bbox 347 2229 1985 2320">
     <span class='ocr_line' id='line_1_38' title="bbox 347 2229 1985 2320; baseline 0.004 -27"><span class='ocrx_word' id='word_1_263' title='bbox 347 2244 464 2298; x_wconf 87' lang='lat' dir='ltr'><strong>tate</strong></span> <span class='ocrx_word' id='word_1_264' title='bbox 492 2229 1088 2320; x_wconf 78' lang='lat' dir='ltr'><strong>adversusinimicos.</strong></span> <span class='ocrx_word' id='word_1_265' title='bbox 1119 2229 1418 2292; x_wconf 70' lang='lat' dir='ltr'><strong>Hoc-enim</strong></span> <span class='ocrx_word' id='word_1_266' title='bbox 1456 2233 1841 2298; x_wconf 83' lang='lat' dir='ltr'><strong>humanitatis</strong></span> <span class='ocrx_word' id='word_1_267' title='bbox 1873 2247 1985 2320; x_wconf 92' lang='lat' dir='ltr'><strong>est,</strong></span> 
     </span>
    </p>
   </div>
   <div class='ocr_carea' id='block_1_39' title="bbox 347 2316 1988 2400">
    <p class='ocr_par' dir='ltr' id='par_1_39' title="bbox 347 2316 1988 2400">
     <span class='ocr_line' id='line_1_39' title="bbox 347 2316 1988 2400; baseline 0.001 -13"><span class='ocrx_word' id='word_1_268' title='bbox 347 2334 410 2386; x_wconf 92' lang='lat' dir='ltr'><strong>ut</strong></span> <span class='ocrx_word' id='word_1_269' title='bbox 459 2321 796 2386; x_wconf 86' lang='lat' dir='ltr'><strong>benefacias</strong></span> <span class='ocrx_word' id='word_1_270' title='bbox 852 2316 1128 2391; x_wconf 90' lang='lat' dir='ltr'><strong>inimicis,</strong></span> <span class='ocrx_word' id='word_1_271' title='bbox 1191 2325 1249 2378; x_wconf 92' lang='lat' dir='ltr'><strong>et</strong></span> <span class='ocrx_word' id='word_1_272' title='bbox 1305 2326 1583 2400; x_wconf 91' lang='lat' dir='ltr'><strong>tanquam</strong></span> <span class='ocrx_word' id='word_1_273' title='bbox 1647 2325 1871 2388; x_wconf 88' lang='lat' dir='ltr'><strong>amicos</strong></span> <span class='ocrx_word' id='word_1_274' title='bbox 1921 2316 1988 2388; x_wconf 84' lang='lat' dir='ltr'><strong>ac</strong></span> 
     </span>
    </p>
   </div>
   <div class='ocr_carea' id='block_1_40' title="bbox 350 2405 1991 2494">
    <p class='ocr_par' dir='ltr' id='par_1_40' title="bbox 350 2405 1991 2494">
     <span class='ocr_line' id='line_1_40' title="bbox 350 2405 1991 2494; baseline 0.001 -19"><span class='ocrx_word' id='word_1_275' title='bbox 350 2415 809 2475; x_wconf 92' lang='lat' dir='ltr'><strong>benemerentes</strong></span> <span class='ocrx_word' id='word_1_276' title='bbox 839 2425 942 2467; x_wconf 92' lang='lat' dir='ltr'><strong>eos</strong></span> <span class='ocrx_word' id='word_1_277' title='bbox 971 2405 1198 2484; x_wconf 90' lang='lat' dir='ltr'><strong>diligas,</strong></span> <span class='ocrx_word' id='word_1_278' title='bbox 1229 2414 1297 2470; x_wconf 86' lang='lat' dir='ltr'><strong>et</strong></span> <span class='ocrx_word' id='word_1_279' title='bbox 1341 2426 1477 2471; x_wconf 92' lang='lat' dir='ltr'><strong>ores</strong></span> <span class='ocrx_word' id='word_1_280' title='bbox 1539 2430 1644 2491; x_wconf 92' lang='lat' dir='ltr'><strong>pro</strong></span> <span class='ocrx_word' id='word_1_281' title='bbox 1703 2413 1778 2474; x_wconf 91' lang='lat' dir='ltr'><strong>iis</strong></span> <span class='ocrx_word' id='word_1_282' title='bbox 1803 2415 1902 2494; x_wconf 91' lang='lat' dir='ltr'><strong>qui</strong></span> <span class='ocrx_word' id='word_1_283' title='bbox 1933 2425 1991 2477; x_wconf 93' lang='lat' dir='ltr'><strong>te</strong></span> 
     </span>
    </p>
   </div>
   <div class='ocr_carea' id='block_1_41' title="bbox 349 2494 1993 2582">
    <p class='ocr_par' dir='ltr' id='par_1_41' title="bbox 349 2494 1993 2582">
     <span class='ocr_line' id='line_1_41' title="bbox 349 2494 1993 2582; baseline 0.002 -20"><span class='ocrx_word' id='word_1_284' title='bbox 349 2505 804 2582; x_wconf 87' lang='lat' dir='ltr'><strong>persequuntur,</strong></span> <span class='ocrx_word' id='word_1_285' title='bbox 833 2494 1178 2582; x_wconf 84' lang='lat' dir='ltr'><strong>etcharitate</strong></span> <span class='ocrx_word' id='word_1_286' title='bbox 1191 2496 1494 2576; x_wconf 70' lang='lat' dir='ltr'><strong>mqualiter</strong></span> <span class='ocrx_word' id='word_1_287' title='bbox 1520 2518 1660 2579; x_wconf 91' lang='lat' dir='ltr'><strong>erga</strong></span> <span class='ocrx_word' id='word_1_288' title='bbox 1683 2521 1912 2579; x_wconf 91' lang='lat' dir='ltr'><strong>omnes,</strong></span> <span class='ocrx_word' id='word_1_289' title='bbox 1935 2513 1993 2567; x_wconf 91' lang='lat' dir='ltr'><strong>et</strong></span> 
     </span>
    </p>
   </div>
   <div class='ocr_carea' id='block_1_42' title="bbox 350 2580 1988 2672">
    <p class='ocr_par' dir='ltr' id='par_1_42' title="bbox 350 2580 1988 2672">
     <span class='ocr_line' id='line_1_42' title="bbox 350 2580 1988 2672; baseline 0.002 -21"><span class='ocrx_word' id='word_1_290' title='bbox 350 2580 537 2651; x_wconf 89' lang='lat' dir='ltr'><strong>bonos</strong></span> <span class='ocrx_word' id='word_1_291' title='bbox 567 2594 626 2648; x_wconf 92' lang='lat' dir='ltr'><strong>et</strong></span> <span class='ocrx_word' id='word_1_292' title='bbox 655 2585 860 2672; x_wconf 88' lang='lat' dir='ltr'><strong>malos,</strong></span> <span class='ocrx_word' id='word_1_293' title='bbox 899 2580 1288 2663; x_wconf 86' lang='lat' dir='ltr'><strong>propendeas,</strong></span> <span class='ocrx_word' id='word_1_294' title='bbox 1325 2591 1514 2667; x_wconf 81' lang='lat' dir='ltr'><strong>etquo</strong></span> <span class='ocrx_word' id='word_1_295' title='bbox 1542 2589 1820 2653; x_wconf 91' lang='lat' dir='ltr'><strong>omnibus</strong></span> <span class='ocrx_word' id='word_1_296' title='bbox 1835 2612 1988 2672; x_wconf 92' lang='lat' dir='ltr'><strong>quo-</strong></span> 
     </span>
    </p>
   </div>
   <div class='ocr_carea' id='block_1_43' title="bbox 351 2671 1988 2760">
    <p class='ocr_par' dir='ltr' id='par_1_43' title="bbox 351 2671 1988 2760">
     <span class='ocr_line' id='line_1_43' title="bbox 351 2671 1988 2760; baseline -0.001 -19"><span class='ocrx_word' id='word_1_297' title='bbox 351 2677 495 2742; x_wconf 91' lang='lat' dir='ltr'><strong>tidie</strong></span> <span class='ocrx_word' id='word_1_298' title='bbox 527 2693 714 2756; x_wconf 90' lang='lat' dir='ltr'><strong>ponas</strong></span> <span class='ocrx_word' id='word_1_299' title='bbox 763 2671 1016 2760; x_wconf 88' lang='lat' dir='ltr'><strong>animam</strong></span> <span class='ocrx_word' id='word_1_300' title='bbox 1074 2677 1253 2744; x_wconf 90' lang='lat' dir='ltr'><strong>tuam,</strong></span> <span class='ocrx_word' id='word_1_301' title='bbox 1318 2692 1423 2752; x_wconf 88' lang='lat' dir='ltr'><strong>pro</strong></span> <span class='ocrx_word' id='word_1_302' title='bbox 1480 2677 1689 2746; x_wconf 89' lang='lat' dir='ltr'><strong>salute,</strong></span> <span class='ocrx_word' id='word_1_303' title='bbox 1724 2671 1988 2760; x_wconf 85' lang='lat' dir='ltr'><strong>inquam,</strong></span> 
     </span>
    </p>
   </div>
   <div class='ocr_carea' id='block_1_44' title="bbox 349 2759 1475 2841">
    <p class='ocr_par' dir='ltr' id='par_1_44' title="bbox 349 2759 1475 2841">
     <span class='ocr_line' id='line_1_44' title="bbox 349 2759 1475 2841; baseline -0.004 -12"><span class='ocrx_word' id='word_1_304' title='bbox 349 2766 549 2841; x_wconf 90' lang='lat' dir='ltr'><strong>unius,</strong></span> <span class='ocrx_word' id='word_1_305' title='bbox 583 2771 682 2825; x_wconf 90' lang='lat' dir='ltr'><strong>aut</strong></span> <span class='ocrx_word' id='word_1_306' title='bbox 711 2763 759 2823; x_wconf 93' lang='lat' dir='ltr'><strong>si</strong></span> <span class='ocrx_word' id='word_1_307' title='bbox 792 2759 920 2822; x_wconf 82' lang='lat' dir='ltr'><strong>fieri</strong></span> <span class='ocrx_word' id='word_1_308' title='bbox 952 2769 1149 2840; x_wconf 90' lang='lat' dir='ltr'><strong>queat,</strong></span> <span class='ocrx_word' id='word_1_309' title='bbox 1185 2765 1475 2824; x_wconf 92' lang='lat' dir='ltr'><strong>omnium.</strong></span> 
     </span>
    </p>
   </div>
   <div class='ocr_carea' id='block_1_45' title="bbox 429 2849 1987 2928">
    <p class='ocr_par' dir='ltr' id='par_1_45' title="bbox 429 2849 1987 2928">
     <span class='ocr_line' id='line_1_45' title="bbox 429 2849 1987 2928; baseline 0.001 -11"><span class='ocrx_word' id='word_1_310' title='bbox 429 2855 567 2918; x_wconf 61' lang='lat' dir='ltr'><strong>Haec</strong></span> <span class='ocrx_word' id='word_1_311' title='bbox 601 2861 677 2928; x_wconf 91' lang='lat' dir='ltr'><strong>te,</strong></span> <span class='ocrx_word' id='word_1_312' title='bbox 719 2850 824 2921; x_wconf 86' lang='lat' dir='ltr'><strong>fili,</strong></span> <span class='ocrx_word' id='word_1_313' title='bbox 859 2849 1213 2912; x_wconf 88' lang='lat' dir='ltr'><strong>imitatorem</strong></span> <span class='ocrx_word' id='word_1_314' title='bbox 1267 2850 1502 2915; x_wconf 92' lang='lat' dir='ltr'><strong>Domini</strong></span> <span class='ocrx_word' id='word_1_315' title='bbox 1553 2856 1768 2917; x_wconf 87' lang='lat' dir='ltr'><strong>facient</strong></span> <span class='ocrx_word' id='word_1_316' title='bbox 1796 2865 1854 2919; x_wconf 92' lang='lat' dir='ltr'><strong>et</strong></span> <span class='ocrx_word' id='word_1_317' title='bbox 1882 2875 1987 2920; x_wconf 89' lang='lat' dir='ltr'><strong>ve-</strong></span> 
     </span>
    </p>
   </div>
   <div class='ocr_carea' id='block_1_46' title="bbox 349 2937 2045 3030">
    <p class='ocr_par' dir='ltr' id='par_1_46' title="bbox 349 2937 2045 3030">
     <span class='ocr_line' id='line_1_46' title="bbox 349 2937 2045 3030; baseline 0 -24"><span class='ocrx_word' id='word_1_318' title='bbox 349 2963 473 3006; x_wconf 89' lang='lat' dir='ltr'><strong>ram</strong></span> <span class='ocrx_word' id='word_1_319' title='bbox 506 2952 562 3004; x_wconf 92' lang='lat' dir='ltr'><strong>te</strong></span> <span class='ocrx_word' id='word_1_320' title='bbox 593 2939 890 3030; x_wconf 79' lang='lat' dir='ltr'><strong>Creatoris</strong></span> <span class='ocrx_word' id='word_1_321' title='bbox 918 2937 1236 3030; x_wconf 81' lang='lat' dir='ltr'><strong>imaginem</strong></span> <span class='ocrx_word' id='word_1_322' title='bbox 1271 2939 1524 3030; x_wconf 86' lang='lat' dir='ltr'><strong>reddent</strong></span> <span class='ocrx_word' id='word_1_323' title='bbox 1556 2964 1568 3004; x_wconf 91' lang='lat'>:</span> <span class='ocrx_word' id='word_1_324' title='bbox 1631 2943 1984 3006; x_wconf 89' lang='lat' dir='ltr'><strong>imitatorem</strong></span> <span class='ocrx_word' id='word_1_325' title='bbox 2007 2981 2045 3030; x_wconf 70' lang='grc' dir='ltr'><strong>ρ</strong></span> 
     </span>
    </p>
   </div>
   <div class='ocr_carea' id='block_1_47' title="bbox 349 3025 1983 3108">
    <p class='ocr_par' dir='ltr' id='par_1_47' title="bbox 349 3025 1983 3108">
     <span class='ocr_line' id='line_1_47' title="bbox 349 3025 1983 3108; baseline 0 -15"><span class='ocrx_word' id='word_1_326' title='bbox 349 3031 563 3095; x_wconf 76' lang='lat' dir='ltr'><strong>divinae</strong></span> <span class='ocrx_word' id='word_1_327' title='bbox 592 3025 974 3108; x_wconf 83' lang='lat' dir='ltr'><strong>perfectionis</strong></span> <span class='ocrx_word' id='word_1_328' title='bbox 1029 3043 1137 3104; x_wconf 91' lang='lat' dir='ltr'><strong>per</strong></span> <span class='ocrx_word' id='word_1_329' title='bbox 1192 3027 1414 3092; x_wconf 89' lang='lat' dir='ltr'><strong>omnia.</strong></span> <span class='ocrx_word' id='word_1_330' title='bbox 1476 3029 1757 3092; x_wconf 89' lang='lat' dir='ltr'><strong>Conditor</strong></span> <span class='ocrx_word' id='word_1_331' title='bbox 1785 3040 1983 3093; x_wconf 92' lang='lat' dir='ltr'><strong>autem</strong></span> 
     </span>
    </p>
   </div>
   <div class='ocr_carea' id='block_1_48' title="bbox 350 3113 1990 3199">
    <p class='ocr_par' dir='ltr' id='par_1_48' title="bbox 350 3113 1990 3199">
     <span class='ocr_line' id='line_1_48' title="bbox 350 3113 1990 3199; baseline -0.001 -17"><span class='ocrx_word' id='word_1_332' title='bbox 350 3129 513 3199; x_wconf 76' lang='lat' dir='ltr'><strong>tunc,</strong></span> <span class='ocrx_word' id='word_1_333' title='bbox 571 3116 808 3199; x_wconf 71' lang='lat' dir='ltr'><strong>adverte</strong></span> <span class='ocrx_word' id='word_1_334' title='bbox 863 3113 1155 3199; x_wconf 80' lang='lat' dir='ltr'><strong>animum,</strong></span> <span class='ocrx_word' id='word_1_335' title='bbox 1204 3114 1502 3199; x_wconf 82' lang='lat' dir='ltr'><strong>divinum</strong></span> <span class='ocrx_word' id='word_1_336' title='bbox 1537 3116 1818 3199; x_wconf 88' lang='lat' dir='ltr'><strong>Spiritum</strong></span> <span class='ocrx_word' id='word_1_337' title='bbox 1884 3121 1990 3182; x_wconf 91' lang='lat' dir='ltr'><strong>tibi</strong></span> 
     </span>
    </p>
   </div>
   <div class='ocr_carea' id='block_1_49' title="bbox 351 3193 1992 3279">
    <p class='ocr_par' dir='ltr' id='par_1_49' title="bbox 351 3193 1992 3279">
     <span class='ocr_line' id='line_1_49' title="bbox 351 3193 1992 3279; baseline 0 -18"><span class='ocrx_word' id='word_1_338' title='bbox 351 3198 523 3262; x_wconf 91' lang='lat' dir='ltr'><strong>mitti.</strong></span> <span class='ocrx_word' id='word_1_339' title='bbox 560 3215 678 3257; x_wconf 92' lang='lat' dir='ltr'><strong>non</strong></span> <span class='ocrx_word' id='word_1_340' title='bbox 712 3194 888 3255; x_wconf 90' lang='lat' dir='ltr'><strong>aliam</strong></span> <span class='ocrx_word' id='word_1_341' title='bbox 917 3211 1089 3272; x_wconf 90' lang='lat' dir='ltr'><strong>quam</strong></span> <span class='ocrx_word' id='word_1_342' title='bbox 1122 3193 1382 3256; x_wconf 91' lang='lat' dir='ltr'><strong>habuisti</strong></span> <span class='ocrx_word' id='word_1_343' title='bbox 1412 3193 1694 3272; x_wconf 78' lang='lat' dir='ltr'><strong>animam,</strong></span> <span class='ocrx_word' id='word_1_344' title='bbox 1728 3199 1830 3260; x_wconf 89' lang='lat' dir='ltr'><strong>sed</strong></span> <span class='ocrx_word' id='word_1_345' title='bbox 1866 3202 1992 3279; x_wconf 89' lang='lat' dir='ltr'><strong>spi-</strong></span> 
     </span>
    </p>
   </div>
   <div class='ocr_carea' id='block_1_50' title="bbox 277 3279 1993 3360">
    <p class='ocr_par' dir='ltr' id='par_1_50' title="bbox 277 3279 1993 3360">
     <span class='ocr_line' id='line_1_50' title="bbox 277 3279 1993 3360; baseline -0.001 -10"><span class='ocrx_word' id='word_1_346' title='bbox 277 3334 282 3339; x_wconf 85' lang='grc'><strong>-</strong></span> <span class='ocrx_word' id='word_1_347' title='bbox 351 3289 530 3350; x_wconf 89' lang='lat' dir='ltr'><strong>ritum</strong></span> <span class='ocrx_word' id='word_1_348' title='bbox 563 3303 632 3346; x_wconf 82' lang='lat' dir='ltr'><strong>ex</strong></span> <span class='ocrx_word' id='word_1_349' title='bbox 661 3282 807 3358; x_wconf 92' lang='lat' dir='ltr'><strong>Deo,</strong></span> <span class='ocrx_word' id='word_1_350' title='bbox 844 3288 902 3342; x_wconf 90' lang='lat' dir='ltr'><strong>et</strong></span> <span class='ocrx_word' id='word_1_351' title='bbox 931 3279 1261 3360; x_wconf 89' lang='lat' dir='ltr'><strong>inspirabit,</strong></span> <span class='ocrx_word' id='word_1_352' title='bbox 1334 3291 1392 3343; x_wconf 92' lang='lat' dir='ltr'><strong>et</strong></span> <span class='ocrx_word' id='word_1_353' title='bbox 1423 3284 1776 3347; x_wconf 89' lang='lat' dir='ltr'><strong>inhabitabit</strong></span> <span class='ocrx_word' id='word_1_354' title='bbox 1809 3296 1868 3348; x_wconf 91' lang='lat' dir='ltr'><strong>et</strong></span> <span class='ocrx_word' id='word_1_355' title='bbox 1896 3305 1993 3349; x_wconf 92' lang='lat' dir='ltr'><strong>es-</strong></span> 
     </span>
    </p>
   </div>
   <div class='ocr_carea' id='block_1_51' title="bbox 353 3369 1992 3452">
    <p class='ocr_par' dir='ltr' id='par_1_51' title="bbox 353 3369 1992 3452">
     <span class='ocr_line' id='line_1_51' title="bbox 353 3369 1992 3452; baseline -0.001 -14"><span class='ocrx_word' id='word_1_356' title='bbox 353 3371 952 3440; x_wconf 89' lang='lat' dir='ltr'><strong>sentialiterincolet,</strong></span> <span class='ocrx_word' id='word_1_357' title='bbox 992 3378 1049 3430; x_wconf 91' lang='lat' dir='ltr'><strong>et</strong></span> <span class='ocrx_word' id='word_1_358' title='bbox 1105 3369 1478 3448; x_wconf 89' lang='lat' dir='ltr'><strong>illuminabit,</strong></span> <span class='ocrx_word' id='word_1_359' title='bbox 1544 3382 1599 3435; x_wconf 90' lang='lat' dir='ltr'><strong>et</strong></span> <span class='ocrx_word' id='word_1_360' title='bbox 1629 3375 1992 3452; x_wconf 83' lang='lat' dir='ltr'><strong>clarificabit,</strong></span> 
     </span>
    </p>
   </div>
   <div class='ocr_carea' id='block_1_52' title="bbox 353 3459 1994 3543">
    <p class='ocr_par' dir='ltr' id='par_1_52' title="bbox 353 3459 1994 3543">
     <span class='ocr_line' id='line_1_52' title="bbox 353 3459 1994 3543; baseline -0.002 -14"><span class='ocrx_word' id='word_1_361' title='bbox 353 3475 412 3530; x_wconf 90' lang='lat' dir='ltr'><strong>et</strong></span> <span class='ocrx_word' id='word_1_362' title='bbox 441 3481 646 3527; x_wconf 90' lang='lat' dir='ltr'><strong>rursus</strong></span> <span class='ocrx_word' id='word_1_363' title='bbox 681 3459 959 3523; x_wconf 89' lang='lat' dir='ltr'><strong>conflabit</strong></span> <span class='ocrx_word' id='word_1_364' title='bbox 991 3467 1065 3530; x_wconf 89' lang='lat' dir='ltr'><strong>te,</strong></span> <span class='ocrx_word' id='word_1_365' title='bbox 1119 3461 1684 3543; x_wconf 89' lang='lat' dir='ltr'><strong>corruptibilemque</strong></span> <span class='ocrx_word' id='word_1_366' title='bbox 1714 3464 1994 3526; x_wconf 90' lang='lat' dir='ltr'><strong>incorru-</strong></span> 
     </span>
    </p>
   </div>
   <div class='ocr_carea' id='block_1_53' title="bbox 352 3552 1996 3640">
    <p class='ocr_par' dir='ltr' id='par_1_53' title="bbox 352 3552 1996 3640">
     <span class='ocr_line' id='line_1_53' title="bbox 352 3552 1996 3640; baseline -0.002 -20"><span class='ocrx_word' id='word_1_367' title='bbox 352 3558 618 3640; x_wconf 89' lang='lat' dir='ltr'><strong>ptibilem</strong></span> <span class='ocrx_word' id='word_1_368' title='bbox 651 3552 970 3636; x_wconf 69' lang='lat' dir='ltr'><strong>praestabit,</strong></span> <span class='ocrx_word' id='word_1_369' title='bbox 1000 3559 1058 3612; x_wconf 88' lang='lat' dir='ltr'><strong>et</strong></span> <span class='ocrx_word' id='word_1_370' title='bbox 1080 3553 1468 3615; x_wconf 87' lang='lat' dir='ltr'><strong>inveteratam</strong></span> <span class='ocrx_word' id='word_1_371' title='bbox 1495 3556 1709 3617; x_wconf 66' lang='lat' dir='ltr'><strong>anima:</strong></span> <span class='ocrx_word' id='word_1_372' title='bbox 1743 3565 1855 3617; x_wconf 62' lang='lat' dir='ltr'><strong>tua;</strong></span> <span class='ocrx_word' id='word_1_373' title='bbox 1885 3557 1996 3618; x_wconf 88' lang='lat' dir='ltr'><strong>do-</strong></span> 
     </span>
    </p>
   </div>
   <div class='ocr_carea' id='block_1_54' title="bbox 352 3642 1992 3723">
    <p class='ocr_par' dir='ltr' id='par_1_54' title="bbox 352 3642 1992 3723">
     <span class='ocr_line' id='line_1_54' title="bbox 352 3642 1992 3723; baseline -0.002 -14"><span class='ocrx_word' id='word_1_374' title='bbox 352 3667 516 3709; x_wconf 90' lang='lat' dir='ltr'><strong>mum</strong></span> <span class='ocrx_word' id='word_1_375' title='bbox 547 3642 878 3707; x_wconf 81' lang='lat' dir='ltr'><strong>renovabit.</strong></span> <span class='ocrx_word' id='word_1_376' title='bbox 910 3642 1053 3704; x_wconf 94' lang='lat' dir='ltr'><strong>Cum</strong></span> <span class='ocrx_word' id='word_1_377' title='bbox 1113 3643 1223 3702; x_wconf 90' lang='lat' dir='ltr'><strong>hac</strong></span> <span class='ocrx_word' id='word_1_378' title='bbox 1275 3651 1332 3703; x_wconf 91' lang='lat' dir='ltr'><strong>et</strong></span> <span class='ocrx_word' id='word_1_379' title='bbox 1361 3662 1576 3723; x_wconf 92' lang='lat' dir='ltr'><strong>corpus</strong></span> <span class='ocrx_word' id='word_1_380' title='bbox 1604 3652 1768 3704; x_wconf 91' lang='lat' dir='ltr'><strong>tuum</strong></span> <span class='ocrx_word' id='word_1_381' title='bbox 1803 3645 1992 3706; x_wconf 92' lang='lat' dir='ltr'><strong>solum</strong></span> 
     </span>
    </p>
   </div>
   <div class='ocr_carea' id='block_1_55' title="bbox 2072 1861 2818 1924">
    <p class='ocr_par' dir='ltr' id='par_1_55' title="bbox 2072 1861 2818 1924">
     <span class='ocr_line' id='line_1_55' title="bbox 2072 1861 2818 1924; baseline -0.001 -2"><span class='ocrx_word' id='word_1_382' title='bbox 2072 1880 2190 1923; x_wconf 88' lang='lat' dir='ltr'><strong>non</strong></span> <span class='ocrx_word' id='word_1_383' title='bbox 2221 1862 2559 1924; x_wconf 87' lang='lat' dir='ltr'><strong>audientem</strong></span> <span class='ocrx_word' id='word_1_384' title='bbox 2590 1861 2818 1922; x_wconf 91' lang='lat' dir='ltr'><strong>audire.</strong></span> 
     </span>
    </p>
   </div>
   <div class='ocr_carea' id='block_1_56' title="bbox 2151 1947 3720 2027">
    <p class='ocr_par' dir='ltr' id='par_1_56' title="bbox 2151 1947 3720 2027">
     <span class='ocr_line' id='line_1_56' title="bbox 2151 1947 3720 2027; baseline -0.003 -16"><span class='ocrx_word' id='word_1_385' title='bbox 2151 1949 2474 2026; x_wconf 90' lang='lat' dir='ltr'><strong>Quomodo,</strong></span> <span class='ocrx_word' id='word_1_386' title='bbox 2509 1949 2603 2011; x_wconf 91' lang='lat' dir='ltr'><strong>dic</strong></span> <span class='ocrx_word' id='word_1_387' title='bbox 2634 1949 2800 2023; x_wconf 87' lang='lat' dir='ltr'><strong>mihi,</strong></span> <span class='ocrx_word' id='word_1_388' title='bbox 2865 1947 2962 2008; x_wconf 91' lang='lat' dir='ltr'><strong>dic</strong></span> <span class='ocrx_word' id='word_1_389' title='bbox 3016 1947 3348 2024; x_wconf 86' lang='lat' dir='ltr'><strong>confestim,</strong></span> <span class='ocrx_word' id='word_1_390' title='bbox 3382 1947 3720 2027; x_wconf 86' lang='lat' dir='ltr'><strong>quicunque</strong></span> 
     </span>
    </p>
   </div>
   <div class='ocr_carea' id='block_1_57' title="bbox 2068 2035 3723 2116">
    <p class='ocr_par' dir='ltr' id='par_1_57' title="bbox 2068 2035 3723 2116">
     <span class='ocr_line' id='line_1_57' title="bbox 2068 2035 3723 2116; baseline -0.002 -19"><span class='ocrx_word' id='word_1_391' title='bbox 2068 2039 2268 2101; x_wconf 89' lang='lat' dir='ltr'><strong>vivunt</strong></span> <span class='ocrx_word' id='word_1_392' title='bbox 2298 2039 2626 2102; x_wconf 83' lang='lat' dir='ltr'><strong>secundum</strong></span> <span class='ocrx_word' id='word_1_393' title='bbox 2680 2055 2941 2112; x_wconf 92' lang='lat' dir='ltr'><strong>carnem,</strong></span> <span class='ocrx_word' id='word_1_394' title='bbox 3003 2037 3343 2116; x_wconf 83' lang='lat' dir='ltr'><strong>quicunque</strong></span> <span class='ocrx_word' id='word_1_395' title='bbox 3398 2053 3494 2096; x_wconf 89' lang='lat' dir='ltr'><strong>res</strong></span> <span class='ocrx_word' id='word_1_396' title='bbox 3544 2035 3723 2113; x_wconf 87' lang='lat' dir='ltr'><strong>hujus</strong></span> 
     </span>
    </p>
   </div>
   <div class='ocr_carea' id='block_1_58' title="bbox 2073 2124 3720 2206">
    <p class='ocr_par' dir='ltr' id='par_1_58' title="bbox 2073 2124 3720 2206">
     <span class='ocr_line' id='line_1_58' title="bbox 2073 2124 3720 2206; baseline -0.003 -18"><span class='ocrx_word' id='word_1_397' title='bbox 2073 2129 2276 2189; x_wconf 89' lang='lat' dir='ltr'><strong>mundi</strong></span> <span class='ocrx_word' id='word_1_398' title='bbox 2327 2128 2715 2201; x_wconf 87' lang='lat' dir='ltr'><strong>admirantur,</strong></span> <span class='ocrx_word' id='word_1_399' title='bbox 2765 2127 2865 2206; x_wconf 91' lang='lat' dir='ltr'><strong>qui</strong></span> <span class='ocrx_word' id='word_1_400' title='bbox 2925 2125 3257 2186; x_wconf 85' lang='lat' dir='ltr'><strong>carnalibus</strong></span> <span class='ocrx_word' id='word_1_401' title='bbox 3303 2124 3585 2185; x_wconf 81' lang='lat' dir='ltr'><strong>duntaxat</strong></span> <span class='ocrx_word' id='word_1_402' title='bbox 3611 2142 3720 2184; x_wconf 90' lang='lat' dir='ltr'><strong>au-</strong></span> 
     </span>
    </p>
   </div>
   <div class='ocr_carea' id='block_1_59' title="bbox 2067 2215 3725 2296">
    <p class='ocr_par' dir='ltr' id='par_1_59' title="bbox 2067 2215 3725 2296">
     <span class='ocr_line' id='line_1_59' title="bbox 2067 2215 3725 2296; baseline -0.004 -18"><span class='ocrx_word' id='word_1_403' title='bbox 2067 2217 2232 2278; x_wconf 90' lang='lat' dir='ltr'><strong>ribus</strong></span> <span class='ocrx_word' id='word_1_404' title='bbox 2262 2217 2526 2296; x_wconf 92' lang='lat' dir='ltr'><strong>audiunt,</strong></span> <span class='ocrx_word' id='word_1_405' title='bbox 2561 2216 2789 2276; x_wconf 92' lang='lat' dir='ltr'><strong>divinos</strong></span> <span class='ocrx_word' id='word_1_406' title='bbox 2845 2233 2914 2276; x_wconf 91' lang='lat' dir='ltr'><strong>ac</strong></span> <span class='ocrx_word' id='word_1_407' title='bbox 2973 2215 3246 2275; x_wconf 84' lang='lat' dir='ltr'><strong>caelestes</strong></span> <span class='ocrx_word' id='word_1_408' title='bbox 3289 2231 3596 2274; x_wconf 89' lang='lat' dir='ltr'><strong>sermones</strong></span> <span class='ocrx_word' id='word_1_409' title='bbox 3623 2230 3725 2272; x_wconf 76' lang='lat' dir='ltr'><strong>au-</strong></span> 
     </span>
    </p>
   </div>
   <div class='ocr_carea' id='block_1_60' title="bbox 2071 2299 3720 2383">
    <p class='ocr_par' dir='ltr' id='par_1_60' title="bbox 2071 2299 3720 2383">
     <span class='ocr_line' id='line_1_60' title="bbox 2071 2299 3720 2383; baseline -0.004 -18"><span class='ocrx_word' id='word_1_410' title='bbox 2071 2305 2404 2367; x_wconf 90' lang='lat' dir='ltr'><strong>scultabunt</strong></span> <span class='ocrx_word' id='word_1_411' title='bbox 2429 2310 2455 2364; x_wconf 86' lang='lat'><strong>?</strong></span> <span class='ocrx_word' id='word_1_412' title='bbox 2505 2304 2574 2365; x_wconf 89' lang='lat' dir='ltr'><strong>Hi</strong></span> <span class='ocrx_word' id='word_1_413' title='bbox 2622 2321 2829 2366; x_wconf 91' lang='lat' dir='ltr'><strong>omnes</strong></span> <span class='ocrx_word' id='word_1_414' title='bbox 2859 2303 3184 2364; x_wconf 90' lang='lat' dir='ltr'><strong>secundum</strong></span> <span class='ocrx_word' id='word_1_415' title='bbox 3216 2302 3489 2383; x_wconf 87' lang='lat' dir='ltr'><strong>spiritum</strong></span> <span class='ocrx_word' id='word_1_416' title='bbox 3523 2299 3720 2374; x_wconf 90' lang='lat' dir='ltr'><strong>surdi,</strong></span> 
     </span>
    </p>
   </div>
   <div class='ocr_carea' id='block_1_61' title="bbox 2071 2389 3721 2474">
    <p class='ocr_par' dir='ltr' id='par_1_61' title="bbox 2071 2389 3721 2474">
     <span class='ocr_line' id='line_1_61' title="bbox 2071 2389 3721 2474; baseline -0.004 -20"><span class='ocrx_word' id='word_1_417' title='bbox 2071 2395 2232 2474; x_wconf 68' lang='lat' dir='ltr'><strong>cmci,</strong></span> <span class='ocrx_word' id='word_1_418' title='bbox 2287 2393 2501 2454; x_wconf 91' lang='lat' dir='ltr'><strong>mortui</strong></span> <span class='ocrx_word' id='word_1_419' title='bbox 2561 2401 2718 2456; x_wconf 88' lang='lat' dir='ltr'><strong>sunt.</strong></span> <span class='ocrx_word' id='word_1_420' title='bbox 2779 2391 3028 2454; x_wconf 89' lang='lat' dir='ltr'><strong>Prorsus</strong></span> <span class='ocrx_word' id='word_1_421' title='bbox 3087 2391 3246 2452; x_wconf 89' lang='lat' dir='ltr'><strong>enim</strong></span> <span class='ocrx_word' id='word_1_422' title='bbox 3305 2409 3375 2452; x_wconf 79' lang='lat' dir='ltr'><strong>ex</strong></span> <span class='ocrx_word' id='word_1_423' title='bbox 3427 2389 3549 2450; x_wconf 88' lang='lat' dir='ltr'><strong>Deo</strong></span> <span class='ocrx_word' id='word_1_424' title='bbox 3601 2407 3721 2449; x_wconf 91' lang='lat' dir='ltr'><strong>non</strong></span> 
     </span>
    </p>
   </div>
   <div class='ocr_carea' id='block_1_62' title="bbox 2073 2479 3722 2560">
    <p class='ocr_par' dir='ltr' id='par_1_62' title="bbox 2073 2479 3722 2560">
     <span class='ocr_line' id='line_1_62' title="bbox 2073 2479 3722 2560; baseline -0.004 -17"><span class='ocrx_word' id='word_1_425' title='bbox 2073 2493 2231 2560; x_wconf 92' lang='lat' dir='ltr'><strong>sunt,</strong></span> <span class='ocrx_word' id='word_1_426' title='bbox 2292 2494 2353 2545; x_wconf 89' lang='lat' dir='ltr'><strong>ut</strong></span> <span class='ocrx_word' id='word_1_427' title='bbox 2407 2482 2647 2558; x_wconf 91' lang='lat' dir='ltr'><strong>vivant;</strong></span> <span class='ocrx_word' id='word_1_428' title='bbox 2708 2501 2820 2543; x_wconf 90' lang='lat' dir='ltr'><strong>nec</strong></span> <span class='ocrx_word' id='word_1_429' title='bbox 2873 2488 3252 2560; x_wconf 90' lang='lat' dir='ltr'><strong>acceperunt,</strong></span> <span class='ocrx_word' id='word_1_430' title='bbox 3307 2497 3419 2540; x_wconf 90' lang='lat' dir='ltr'><strong>nec</strong></span> <span class='ocrx_word' id='word_1_431' title='bbox 3447 2479 3722 2540; x_wconf 89' lang='lat' dir='ltr'><strong>viderunt</strong></span> 
     </span>
    </p>
   </div>
   <div class='ocr_carea' id='block_1_63' title="bbox 2075 2565 3718 2643">
    <p class='ocr_par' dir='ltr' id='par_1_63' title="bbox 2075 2565 3718 2643">
     <span class='ocr_line' id='line_1_63' title="bbox 2075 2565 3718 2643; baseline -0.004 -10"><span class='ocrx_word' id='word_1_432' title='bbox 2075 2572 2276 2633; x_wconf 91' lang='lat' dir='ltr'><strong>lumen</strong></span> <span class='ocrx_word' id='word_1_433' title='bbox 2306 2571 2594 2632; x_wconf 88' lang='lat' dir='ltr'><strong>divinum.</strong></span> <span class='ocrx_word' id='word_1_434' title='bbox 2657 2570 2821 2642; x_wconf 89' lang='lat' dir='ltr'><strong>Quod</strong></span> <span class='ocrx_word' id='word_1_435' title='bbox 2881 2589 3012 2631; x_wconf 91' lang='lat' dir='ltr'><strong>cum</strong></span> <span class='ocrx_word' id='word_1_436' title='bbox 3071 2568 3316 2628; x_wconf 90' lang='lat' dir='ltr'><strong>minime</strong></span> <span class='ocrx_word' id='word_1_437' title='bbox 3374 2567 3591 2628; x_wconf 87' lang='lat' dir='ltr'><strong>factum</strong></span> <span class='ocrx_word' id='word_1_438' title='bbox 3623 2565 3718 2643; x_wconf 89' lang='lat' dir='ltr'><strong>sit,</strong></span> 
     </span>
    </p>
   </div>
   <div class='ocr_carea' id='block_1_64' title="bbox 2075 2657 3720 2742">
    <p class='ocr_par' dir='ltr' id='par_1_64' title="bbox 2075 2657 3720 2742">
     <span class='ocr_line' id='line_1_64' title="bbox 2075 2657 3720 2742; baseline -0.002 -24"><span class='ocrx_word' id='word_1_439' title='bbox 2075 2661 2310 2742; x_wconf 82' lang='lat' dir='ltr'><strong>penitus</strong></span> <span class='ocrx_word' id='word_1_440' title='bbox 2341 2661 2508 2722; x_wconf 88' lang='lat' dir='ltr'><strong>surdi</strong></span> <span class='ocrx_word' id='word_1_441' title='bbox 2556 2671 2924 2722; x_wconf 87' lang='lat' dir='ltr'><strong>manserunt.</strong></span> <span class='ocrx_word' id='word_1_442' title='bbox 2978 2658 3107 2720; x_wconf 84' lang='lat' dir='ltr'><strong>Jam</strong></span> <span class='ocrx_word' id='word_1_443' title='bbox 3151 2675 3289 2718; x_wconf 92' lang='lat' dir='ltr'><strong>vero</strong></span> <span class='ocrx_word' id='word_1_444' title='bbox 3321 2657 3490 2736; x_wconf 91' lang='lat' dir='ltr'><strong>tales,</strong></span> <span class='ocrx_word' id='word_1_445' title='bbox 3523 2673 3720 2736; x_wconf 54' lang='lat' dir='ltr'><strong>quaeso</strong></span> 
     </span>
    </p>
   </div>
   <div class='ocr_carea' id='block_1_65' title="bbox 2075 2743 3718 2823">
    <p class='ocr_par' dir='ltr' id='par_1_65' title="bbox 2075 2743 3718 2823">
     <span class='ocr_line' id='line_1_65' title="bbox 2075 2743 3718 2823; baseline -0.003 -14"><span class='ocrx_word' id='word_1_446' title='bbox 2075 2758 2151 2823; x_wconf 93' lang='lat' dir='ltr'><strong>te,</strong></span> <span class='ocrx_word' id='word_1_447' title='bbox 2187 2766 2295 2809; x_wconf 92' lang='lat' dir='ltr'><strong>cur</strong></span> <span class='ocrx_word' id='word_1_448' title='bbox 2323 2749 2641 2811; x_wconf 88' lang='lat' dir='ltr'><strong>Christiani</strong></span> <span class='ocrx_word' id='word_1_449' title='bbox 2692 2745 3025 2809; x_wconf 86' lang='lat' dir='ltr'><strong>vocentur?</strong></span> <span class='ocrx_word' id='word_1_450' title='bbox 3077 2745 3230 2807; x_wconf 81' lang='lat' dir='ltr'><strong>Audi</strong></span> <span class='ocrx_word' id='word_1_451' title='bbox 3267 2745 3532 2806; x_wconf 90' lang='lat' dir='ltr'><strong>divinum</strong></span> <span class='ocrx_word' id='word_1_452' title='bbox 3564 2743 3718 2804; x_wconf 91' lang='lat' dir='ltr'><strong>Pau-</strong></span> 
     </span>
    </p>
   </div>
   <div class='ocr_carea' id='block_1_66' title="bbox 2073 2833 3720 2917">
    <p class='ocr_par' dir='ltr' id='par_1_66' title="bbox 2073 2833 3720 2917">
     <span class='ocr_line' id='line_1_66' title="bbox 2073 2833 3720 2917; baseline -0.002 -21"><span class='ocrx_word' id='word_1_453' title='bbox 2073 2837 2191 2898; x_wconf 92' lang='lat' dir='ltr'><strong>lum</strong></span> <span class='ocrx_word' id='word_1_454' title='bbox 2226 2837 2350 2898; x_wconf 76' lang='lat' dir='ltr'><strong>haec</strong></span> <span class='ocrx_word' id='word_1_455' title='bbox 2396 2838 2499 2898; x_wconf 89' lang='lat' dir='ltr'><strong>tibi</strong></span> <span class='ocrx_word' id='word_1_456' title='bbox 2531 2836 2843 2917; x_wconf 90' lang='lat' dir='ltr'><strong>perspicue</strong></span> <span class='ocrx_word' id='word_1_457' title='bbox 2874 2835 3304 2914; x_wconf 85' lang='lat' dir='ltr'><strong>significantem</strong></span> <span class='ocrx_word' id='word_1_458' title='bbox 3337 2854 3354 2909; x_wconf 86' lang='lat'><strong>;</strong></span> <span class='ocrx_word' id='word_1_459' title='bbox 3406 2833 3493 2893; x_wconf 86' lang='lat' dir='ltr'><strong>vel</strong></span> <span class='ocrx_word' id='word_1_460' title='bbox 3525 2833 3720 2910; x_wconf 90' lang='lat' dir='ltr'><strong>potius</strong></span> 
     </span>
    </p>
   </div>
   <div class='ocr_carea' id='block_1_67' title="bbox 2070 2923 3710 3006">
    <p class='ocr_par' dir='ltr' id='par_1_67' title="bbox 2070 2923 3710 3006">
     <span class='ocr_line' id='line_1_67' title="bbox 2070 2923 3710 3006; baseline -0.004 -20"><span class='ocrx_word' id='word_1_461' title='bbox 2070 2926 2204 2988; x_wconf 90' lang='lat' dir='ltr'><strong>audi</strong></span> <span class='ocrx_word' id='word_1_462' title='bbox 2237 2926 2531 2988; x_wconf 90' lang='lat' dir='ltr'><strong>Christum</strong></span> <span class='ocrx_word' id='word_1_463' title='bbox 2584 2927 2965 3006; x_wconf 88' lang='lat' dir='ltr'><strong>loquentem;</strong></span> <span class='ocrx_word' id='word_1_464' title='bbox 3019 2925 3213 2984; x_wconf 89' lang='lat' dir='ltr'><strong>Primo</strong></span> <span class='ocrx_word' id='word_1_465' title='bbox 3269 2923 3442 2983; x_wconf 91' lang='lat' dir='ltr'><strong>homo</strong></span> <span class='ocrx_word' id='word_1_466' title='bbox 3488 2927 3710 2980; x_wconf 89' lang='lat' dir='ltr'><strong>eterra</strong></span> 
     </span>
    </p>
   </div>
   <div class='ocr_carea' id='block_1_68' title="bbox 2073 3006 3717 3094">
    <p class='ocr_par' dir='ltr' id='par_1_68' title="bbox 2073 3006 3717 3094">
     <span class='ocr_line' id='line_1_68' title="bbox 2073 3006 3717 3094; baseline -0.005 -21"><span class='ocrx_word' id='word_1_467' title='bbox 2073 3014 2244 3094; x_wconf 90' lang='lat' dir='ltr'><strong>plane</strong></span> <span class='ocrx_word' id='word_1_468' title='bbox 2265 3023 2498 3076; x_wconf 89' lang='lat' dir='ltr'><strong>creatus</strong></span> <span class='ocrx_word' id='word_1_469' title='bbox 2516 3022 2604 3074; x_wconf 87' lang='lat' dir='ltr'><strong>est</strong></span> <span class='ocrx_word' id='word_1_470' title='bbox 2629 3035 2644 3087; x_wconf 90' lang='lat'><strong>;</strong></span> <span class='ocrx_word' id='word_1_471' title='bbox 2670 3012 2970 3074; x_wconf 92' lang='lat' dir='ltr'><strong>secundus</strong></span> <span class='ocrx_word' id='word_1_472' title='bbox 2992 3013 3168 3072; x_wconf 86' lang='lat' dir='ltr'><strong>homo</strong></span> <span class='ocrx_word' id='word_1_473' title='bbox 3198 3009 3269 3071; x_wconf 93' lang='lat' dir='ltr'><strong>de</strong></span> <span class='ocrx_word' id='word_1_474' title='bbox 3295 3009 3441 3070; x_wconf 66' lang='lat' dir='ltr'><strong>caelo</strong></span> <span class='ocrx_word' id='word_1_475' title='bbox 3468 3006 3717 3067; x_wconf 83' lang='lat' dir='ltr'><strong>descen-</strong></span> 
     </span>
    </p>
   </div>
   <div class='ocr_carea' id='block_1_69' title="bbox 2071 3095 3715 3178">
    <p class='ocr_par' dir='ltr' id='par_1_69' title="bbox 2071 3095 3715 3178">
     <span class='ocr_line' id='line_1_69' title="bbox 2071 3095 3715 3178; baseline -0.004 -16"><span class='ocrx_word' id='word_1_476' title='bbox 2071 3103 2253 3162; x_wconf 78' lang='lat' dir='ltr'><strong>dit46.</strong></span> <span class='ocrx_word' id='word_1_477' title='bbox 2290 3102 2518 3164; x_wconf 86' lang='lat' dir='ltr'><strong>Adhibe</strong></span> <span class='ocrx_word' id='word_1_478' title='bbox 2549 3111 2604 3163; x_wconf 88' lang='lat' dir='ltr'><strong>te</strong></span> <span class='ocrx_word' id='word_1_479' title='bbox 2657 3101 2854 3163; x_wconf 91' lang='lat' dir='ltr'><strong>dictis.</strong></span> <span class='ocrx_word' id='word_1_480' title='bbox 2907 3100 3110 3172; x_wconf 91' lang='lat' dir='ltr'><strong>Qualis</strong></span> <span class='ocrx_word' id='word_1_481' title='bbox 3141 3099 3313 3178; x_wconf 87' lang='lat' dir='ltr'><strong>igitur</strong></span> <span class='ocrx_word' id='word_1_482' title='bbox 3345 3105 3432 3158; x_wconf 91' lang='lat' dir='ltr'><strong>est</strong></span> <span class='ocrx_word' id='word_1_483' title='bbox 3462 3095 3715 3176; x_wconf 88' lang='lat' dir='ltr'><strong>primus,</strong></span> 
     </span>
    </p>
   </div>
   <div class='ocr_carea' id='block_1_70' title="bbox 2077 3188 3720 3268">
    <p class='ocr_par' dir='ltr' id='par_1_70' title="bbox 2077 3188 3720 3268">
     <span class='ocr_line' id='line_1_70' title="bbox 2077 3188 3720 3268; baseline -0.005 -17"><span class='ocrx_word' id='word_1_484' title='bbox 2077 3200 2347 3253; x_wconf 88' lang='lat' dir='ltr'><strong>terrenus</strong></span> <span class='ocrx_word' id='word_1_485' title='bbox 2380 3191 2676 3267; x_wconf 88' lang='lat' dir='ltr'><strong>videlicet,</strong></span> <span class='ocrx_word' id='word_1_486' title='bbox 2712 3192 2859 3252; x_wconf 88' lang='lat' dir='ltr'><strong>tales</strong></span> <span class='ocrx_word' id='word_1_487' title='bbox 2891 3190 3069 3251; x_wconf 89' lang='lat' dir='ltr'><strong>etiam</strong></span> <span class='ocrx_word' id='word_1_488' title='bbox 3126 3188 3229 3268; x_wconf 90' lang='lat' dir='ltr'><strong>qui</strong></span> <span class='ocrx_word' id='word_1_489' title='bbox 3266 3205 3334 3248; x_wconf 82' lang='lat' dir='ltr'><strong>ex</strong></span> <span class='ocrx_word' id='word_1_490' title='bbox 3365 3204 3434 3247; x_wconf 91' lang='lat' dir='ltr'><strong>eo</strong></span> <span class='ocrx_word' id='word_1_491' title='bbox 3463 3193 3720 3263; x_wconf 86' lang='lat' dir='ltr'><strong>gtgnun-</strong></span> 
     </span>
    </p>
   </div>
   <div class='ocr_carea' id='block_1_71' title="bbox 2082 3275 3723 3354">
    <p class='ocr_par' dir='ltr' id='par_1_71' title="bbox 2082 3275 3723 3354">
     <span class='ocr_line' id='line_1_71' title="bbox 2082 3275 3723 3354; baseline -0.005 -12"><span class='ocrx_word' id='word_1_492' title='bbox 2082 3291 2198 3354; x_wconf 91' lang='lat' dir='ltr'><strong>tur,</strong></span> <span class='ocrx_word' id='word_1_493' title='bbox 2259 3299 2466 3341; x_wconf 71' lang='lat' dir='ltr'><strong>omnes</strong></span> <span class='ocrx_word' id='word_1_494' title='bbox 2527 3282 2771 3341; x_wconf 91' lang='lat' dir='ltr'><strong>terreni.</strong></span> <span class='ocrx_word' id='word_1_495' title='bbox 2823 3277 3024 3350; x_wconf 92' lang='lat' dir='ltr'><strong>Qualis</strong></span> <span class='ocrx_word' id='word_1_496' title='bbox 3078 3287 3270 3338; x_wconf 87' lang='lat' dir='ltr'><strong>autem</strong></span> <span class='ocrx_word' id='word_1_497' title='bbox 3319 3275 3582 3338; x_wconf 90' lang='lat' dir='ltr'><strong>Christus</strong></span> <span class='ocrx_word' id='word_1_498' title='bbox 3613 3281 3723 3348; x_wconf 91' lang='lat' dir='ltr'><strong>est,</strong></span> 
     </span>
    </p>
   </div>
   <div class='ocr_carea' id='block_1_72' title="bbox 2081 3361 3724 3442">
    <p class='ocr_par' dir='ltr' id='par_1_72' title="bbox 2081 3361 3724 3442">
     <span class='ocr_line' id='line_1_72' title="bbox 2081 3361 3724 3442; baseline -0.005 -12"><span class='ocrx_word' id='word_1_499' title='bbox 2081 3369 2338 3430; x_wconf 65' lang='lat' dir='ltr'><strong>caelestis</strong></span> <span class='ocrx_word' id='word_1_500' title='bbox 2366 3368 2675 3442; x_wconf 91' lang='lat' dir='ltr'><strong>Dominus,</strong></span> <span class='ocrx_word' id='word_1_501' title='bbox 2737 3367 2883 3430; x_wconf 89' lang='lat' dir='ltr'><strong>tales</strong></span> <span class='ocrx_word' id='word_1_502' title='bbox 2937 3366 3209 3428; x_wconf 78' lang='lat' dir='ltr'><strong>caelestes</strong></span> <span class='ocrx_word' id='word_1_503' title='bbox 3267 3381 3497 3437; x_wconf 89' lang='lat' dir='ltr'><strong>omnes,</strong></span> <span class='ocrx_word' id='word_1_504' title='bbox 3533 3362 3634 3442; x_wconf 92' lang='lat' dir='ltr'><strong>qui</strong></span> <span class='ocrx_word' id='word_1_505' title='bbox 3667 3361 3724 3422; x_wconf 92' lang='lat' dir='ltr'>in</span> 
     </span>
    </p>
   </div>
   <div class='ocr_carea' id='block_1_73' title="bbox 2083 3450 3728 3534">
    <p class='ocr_par' dir='ltr' id='par_1_73' title="bbox 2083 3450 3728 3534">
     <span class='ocr_line' id='line_1_73' title="bbox 2083 3450 3728 3534; baseline -0.004 -16"><span class='ocrx_word' id='word_1_506' title='bbox 2083 3476 2217 3518; x_wconf 90' lang='lat' dir='ltr'><strong>eum</strong></span> <span class='ocrx_word' id='word_1_507' title='bbox 2249 3457 2646 3520; x_wconf 87' lang='lat' dir='ltr'><strong>crediderunt.</strong></span> <span class='ocrx_word' id='word_1_508' title='bbox 2684 3458 2804 3518; x_wconf 91' lang='lat' dir='ltr'><strong>nati</strong></span> <span class='ocrx_word' id='word_1_509' title='bbox 2833 3457 3048 3528; x_wconf 92' lang='lat' dir='ltr'><strong>denuo,</strong></span> <span class='ocrx_word' id='word_1_510' title='bbox 3115 3453 3387 3534; x_wconf 87' lang='lat' dir='ltr'><strong>baptizati</strong></span> <span class='ocrx_word' id='word_1_511' title='bbox 3417 3458 3473 3512; x_wconf 89' lang='lat' dir='ltr'><strong>in</strong></span> <span class='ocrx_word' id='word_1_512' title='bbox 3503 3450 3728 3532; x_wconf 87' lang='lat' dir='ltr'><strong>Spiritu</strong></span> 
     </span>
    </p>
   </div>
   <div class='ocr_carea' id='block_1_74' title="bbox 2078 3540 3725 3625">
    <p class='ocr_par' dir='ltr' id='par_1_74' title="bbox 2078 3540 3725 3625">
     <span class='ocr_line' id='line_1_74' title="bbox 2078 3540 3725 3625; baseline -0.005 -17"><span class='ocrx_word' id='word_1_513' title='bbox 2078 3555 2302 3608; x_wconf 88' lang='lat' dir='ltr'><strong>sancto.</strong></span> <span class='ocrx_word' id='word_1_514' title='bbox 2337 3544 2535 3617; x_wconf 92' lang='lat' dir='ltr'><strong>Qualis</strong></span> <span class='ocrx_word' id='word_1_515' title='bbox 2567 3553 2657 3606; x_wconf 93' lang='lat' dir='ltr'><strong>est</strong></span> <span class='ocrx_word' id='word_1_516' title='bbox 2684 3545 2785 3625; x_wconf 91' lang='lat' dir='ltr'><strong>qui</strong></span> <span class='ocrx_word' id='word_1_517' title='bbox 2814 3543 3038 3624; x_wconf 86' lang='lat' dir='ltr'><strong>genuit,</strong></span> <span class='ocrx_word' id='word_1_518' title='bbox 3098 3542 3254 3602; x_wconf 90' lang='lat' dir='ltr'><strong>Deus</strong></span> <span class='ocrx_word' id='word_1_519' title='bbox 3283 3559 3442 3616; x_wconf 92' lang='lat' dir='ltr'><strong>vere,</strong></span> <span class='ocrx_word' id='word_1_520' title='bbox 3480 3540 3626 3600; x_wconf 91' lang='lat' dir='ltr'><strong>tales</strong></span> <span class='ocrx_word' id='word_1_521' title='bbox 3655 3557 3725 3600; x_wconf 83' lang='lat' dir='ltr'><strong>ex</strong></span> 
     </span>
    </p>
   </div>
   <div class='ocr_carea' id='block_1_75' title="bbox 2077 3629 3726 3715">
    <p class='ocr_par' dir='ltr' id='par_1_75' title="bbox 2077 3629 3726 3715">
     <span class='ocr_line' id='line_1_75' title="bbox 2077 3629 3726 3715; baseline -0.004 -20"><span class='ocrx_word' id='word_1_522' title='bbox 2077 3635 2204 3715; x_wconf 91' lang='lat' dir='ltr'><strong>ipso</strong></span> <span class='ocrx_word' id='word_1_523' title='bbox 2233 3634 2436 3713; x_wconf 88' lang='lat' dir='ltr'><strong>geniti,</strong></span> <span class='ocrx_word' id='word_1_524' title='bbox 2473 3653 2542 3695; x_wconf 83' lang='lat' dir='ltr'><strong>ex</strong></span> <span class='ocrx_word' id='word_1_525' title='bbox 2596 3637 2716 3696; x_wconf 93' lang='lat' dir='ltr'><strong>Deo</strong></span> <span class='ocrx_word' id='word_1_526' title='bbox 2763 3633 2846 3694; x_wconf 92' lang='lat' dir='ltr'><strong>dii</strong></span> <span class='ocrx_word' id='word_1_527' title='bbox 2906 3651 3010 3714; x_wconf 92' lang='lat' dir='ltr'><strong>per</strong></span> <span class='ocrx_word' id='word_1_528' title='bbox 3065 3629 3466 3709; x_wconf 91' lang='lat' dir='ltr'><strong>adoptionem,</strong></span> <span class='ocrx_word' id='word_1_529' title='bbox 3526 3636 3582 3690; x_wconf 88' lang='lat' dir='ltr'><strong>et</strong></span> <span class='ocrx_word' id='word_1_530' title='bbox 3613 3629 3726 3689; x_wconf 69' lang='lat' dir='ltr'><strong>ﬁlii</strong></span> 
     </span>
    </p>
   </div>
   <div class='ocr_carea' id='block_1_76' title="bbox 352 3716 3726 3814">
    <p class='ocr_par' dir='ltr' id='par_1_76' title="bbox 352 3716 3726 3814">
     <span class='ocr_line' id='line_1_76' title="bbox 352 3716 3726 3814; baseline -0.007 -16"><span class='ocrx_word' id='word_1_531' title='bbox 352 3733 861 3814; x_wconf 90' lang='lat' dir='ltr'><strong>incorruptionem</strong></span> <span class='ocrx_word' id='word_1_532' title='bbox 884 3730 1111 3791; x_wconf 91' lang='lat' dir='ltr'><strong>induet.</strong></span> <span class='ocrx_word' id='word_1_533' title='bbox 1139 3729 1289 3801; x_wconf 93' lang='lat' dir='ltr'><strong>Quin</strong></span> <span class='ocrx_word' id='word_1_534' title='bbox 1315 3716 1494 3792; x_wconf 83' lang='lat' dir='ltr'><strong>deum</strong></span> <span class='ocrx_word' id='word_1_535' title='bbox 1521 3740 1578 3794; x_wconf 92' lang='lat' dir='ltr'><strong>te</strong></span> <span class='ocrx_word' id='word_1_536' title='bbox 1603 3734 1993 3813; x_wconf 84' lang='lat' dir='ltr'><strong>pergratiam,</strong></span> <span class='ocrx_word' id='word_1_537' title='bbox 2077 3725 2556 3814; x_wconf 12' lang='lat' dir='ltr'><strong>Excelsiiomnes</strong></span> <span class='ocrx_word' id='word_1_538' title='bbox 2583 3723 2765 3814; x_wconf 9' lang='lat' dir='ltr'><strong>747,7ut</strong></span> <span class='ocrx_word' id='word_1_539' title='bbox 2797 3722 3056 3782; x_wconf 92' lang='lat' dir='ltr'><strong>divinum</strong></span> <span class='ocrx_word' id='word_1_540' title='bbox 3117 3737 3181 3778; x_wconf 94' lang='lat' dir='ltr'><strong>os</strong></span> <span class='ocrx_word' id='word_1_541' title='bbox 3229 3718 3441 3814; x_wconf 80' lang='lat' dir='ltr'><strong>inquit.</strong></span> <span class='ocrx_word' id='word_1_542' title='bbox 3493 3716 3726 3814; x_wconf 70' lang='lat' dir='ltr'><strong>Audisti</strong></span> 
     </span>
    </p>
   </div>
   <div class='ocr_carea' id='block_1_77' title="bbox 354 3806 3727 3906">
    <p class='ocr_par' dir='ltr' id='par_1_77' title="bbox 354 3806 3727 3906">
     <span class='ocr_line' id='line_1_77' title="bbox 354 3806 3727 3906; baseline -0.006 -19"><span class='ocrx_word' id='word_1_543' title='bbox 354 3806 677 3906; x_wconf 76' lang='lat' dir='ltr'><strong>propotypo</strong></span> <span class='ocrx_word' id='word_1_544' title='bbox 709 3820 965 3881; x_wconf 92' lang='lat' dir='ltr'><strong>similem</strong></span> <span class='ocrx_word' id='word_1_545' title='bbox 1017 3817 1248 3880; x_wconf 72' lang='lat' dir='ltr'><strong>efficiet.</strong></span> <span class='ocrx_word' id='word_1_546' title='bbox 1308 3806 1662 3883; x_wconf 83' lang='lat' dir='ltr'><strong>Incredibile</strong></span> <span class='ocrx_word' id='word_1_547' title='bbox 1719 3806 1902 3894; x_wconf 81' lang='lat' dir='ltr'><strong>dictu,</strong></span> <span class='ocrx_word' id='word_1_548' title='bbox 1939 3806 1998 3884; x_wconf 78' lang='lat' dir='ltr'><strong>et</strong></span> <span class='ocrx_word' id='word_1_549' title='bbox 2081 3815 2190 3877; x_wconf 88' lang='lat' dir='ltr'><strong>Dei</strong></span> <span class='ocrx_word' id='word_1_550' title='bbox 2228 3813 2456 3906; x_wconf 80' lang='lat' dir='ltr'><strong>verba?</strong></span> <span class='ocrx_word' id='word_1_551' title='bbox 2485 3811 3226 3906; x_wconf 80' lang='lat' dir='ltr'><strong>audistiquemadmodum</strong></span> <span class='ocrx_word' id='word_1_552' title='bbox 3259 3808 3463 3906; x_wconf 79' lang='lat' dir='ltr'><strong>fideles</strong></span> <span class='ocrx_word' id='word_1_553' title='bbox 3491 3807 3565 3868; x_wconf 93' lang='lat' dir='ltr'><strong>ab</strong></span> <span class='ocrx_word' id='word_1_554' title='bbox 3595 3806 3727 3868; x_wconf 91' lang='lat' dir='ltr'><strong>aliis</strong></span> 
     </span>
    </p>
   </div>
   <div class='ocr_carea' id='block_1_78' title="bbox 356 3897 3729 3989">
    <p class='ocr_par' dir='ltr' id='par_1_78' title="bbox 356 3897 3729 3989">
     <span class='ocr_line' id='line_1_78' title="bbox 356 3897 3729 3989; baseline -0.006 -14"><span class='ocrx_word' id='word_1_555' title='bbox 356 3897 587 3974; x_wconf 64' lang='grc' dir='ltr'><strong>ἱηὶῐῆιηῖ</strong></span> <span class='ocrx_word' id='word_1_556' title='bbox 605 3897 746 3971; x_wconf 82' lang='lat' dir='ltr'><strong>sane</strong></span> <span class='ocrx_word' id='word_1_557' title='bbox 773 3915 830 3968; x_wconf 91' lang='lat' dir='ltr'><strong>et</strong></span> <span class='ocrx_word' id='word_1_558' title='bbox 860 3908 1122 3985; x_wconf 92' lang='lat' dir='ltr'><strong>ignotum</strong></span> <span class='ocrx_word' id='word_1_559' title='bbox 1155 3907 1432 3969; x_wconf 92' lang='lat' dir='ltr'><strong>omnibus</strong></span> <span class='ocrx_word' id='word_1_560' title='bbox 1463 3909 1562 3989; x_wconf 91' lang='lat' dir='ltr'><strong>qui</strong></span> <span class='ocrx_word' id='word_1_561' title='bbox 1593 3909 1666 3970; x_wconf 91' lang='lat' dir='ltr'><strong>ab</strong></span> <span class='ocrx_word' id='word_1_562' title='bbox 1689 3910 2000 3973; x_wconf 77' lang='lat' dir='ltr'><strong>affectibus</strong></span> <span class='ocrx_word' id='word_1_563' title='bbox 2081 3903 2405 3965; x_wconf 85' lang='lat' dir='ltr'><strong>secernat?</strong></span> <span class='ocrx_word' id='word_1_564' title='bbox 2462 3902 2962 3982; x_wconf 90' lang='lat' dir='ltr'><strong>quemadmodum</strong></span> <span class='ocrx_word' id='word_1_565' title='bbox 3017 3897 3202 3960; x_wconf 86' lang='lat' dir='ltr'><strong>servis</strong></span> <span class='ocrx_word' id='word_1_566' title='bbox 3258 3898 3379 3959; x_wconf 89' lang='lat' dir='ltr'><strong>suis</strong></span> <span class='ocrx_word' id='word_1_567' title='bbox 3409 3897 3638 3976; x_wconf 90' lang='lat' dir='ltr'><strong>signum</strong></span> <span class='ocrx_word' id='word_1_568' title='bbox 3671 3902 3729 3955; x_wconf 91' lang='lat' dir='ltr'><strong>et</strong></span> 
     </span>
    </p>
   </div>
   <div class='ocr_carea' id='block_1_79' title="bbox 354 3985 3726 4081">
    <p class='ocr_par' dir='ltr' id='par_1_79' title="bbox 354 3985 3726 4081">
     <span class='ocr_line' id='line_1_79' title="bbox 354 3985 3726 4081; baseline -0.005 -20"><span class='ocrx_word' id='word_1_569' title='bbox 354 4001 566 4081; x_wconf 90' lang='lat' dir='ltr'><strong>captivi</strong></span> <span class='ocrx_word' id='word_1_570' title='bbox 628 4005 926 4070; x_wconf 91' lang='lat' dir='ltr'><strong>tenentur,</strong></span> <span class='ocrx_word' id='word_1_571' title='bbox 987 3995 1251 4074; x_wconf 85' lang='lat' dir='ltr'><strong>ignotum</strong></span> <span class='ocrx_word' id='word_1_572' title='bbox 1340 3985 1544 4058; x_wconf 78' lang='lat' dir='ltr'><strong>mundi</strong></span> <span class='ocrx_word' id='word_1_573' title='bbox 1609 3999 1994 4074; x_wconf 64' lang='lat' dir='ltr'><strong>amatoribus,</strong></span> <span class='ocrx_word' id='word_1_574' title='bbox 2083 3999 2278 4054; x_wconf 90' lang='lat' dir='ltr'><strong>notam</strong></span> <span class='ocrx_word' id='word_1_575' title='bbox 2311 3992 2565 4066; x_wconf 88' lang='lat' dir='ltr'><strong>dederit,</strong></span> <span class='ocrx_word' id='word_1_576' title='bbox 2631 4011 2702 4052; x_wconf 93' lang='lat' dir='ltr'><strong>ne</strong></span> <span class='ocrx_word' id='word_1_577' title='bbox 2763 3991 3122 4052; x_wconf 88' lang='lat' dir='ltr'><strong>seducantur</strong></span> <span class='ocrx_word' id='word_1_578' title='bbox 3173 3987 3505 4048; x_wconf 84' lang='lat' dir='ltr'><strong>alienorum</strong></span> <span class='ocrx_word' id='word_1_579' title='bbox 3539 3985 3726 4064; x_wconf 87' lang='lat' dir='ltr'><strong>magi-</strong></span> 
     </span>
    </p>
   </div>
   <div class='ocr_carea' id='block_1_80' title="bbox 355 4076 3726 4167">
    <p class='ocr_par' dir='ltr' id='par_1_80' title="bbox 355 4076 3726 4167">
     <span class='ocr_line' id='line_1_80' title="bbox 355 4076 3726 4167; baseline -0.005 -17"><span class='ocrx_word' id='word_1_580' title='bbox 355 4076 618 4167; x_wconf 83' lang='lat' dir='ltr'><strong>ignotum</strong></span> <span class='ocrx_word' id='word_1_581' title='bbox 649 4085 851 4164; x_wconf 60' lang='lat' dir='ltr'><strong>gloria</strong></span> <span class='ocrx_word' id='word_1_582' title='bbox 881 4083 1134 4164; x_wconf 91' lang='lat' dir='ltr'><strong>cupidis,</strong></span> <span class='ocrx_word' id='word_1_583' title='bbox 1190 4084 1454 4162; x_wconf 90' lang='lat' dir='ltr'><strong>ignotum</strong></span> <span class='ocrx_word' id='word_1_584' title='bbox 1489 4086 1786 4165; x_wconf 88' lang='lat' dir='ltr'><strong>superbis,</strong></span> <span class='ocrx_word' id='word_1_585' title='bbox 1822 4087 1995 4165; x_wconf 92' lang='lat' dir='ltr'><strong>igno-</strong></span> <span class='ocrx_word' id='word_1_586' title='bbox 2081 4093 2302 4146; x_wconf 82' lang='lat' dir='ltr'><strong>trorum</strong></span> <span class='ocrx_word' id='word_1_587' title='bbox 2333 4083 2709 4144; x_wconf 90' lang='lat' dir='ltr'><strong>sermonibus</strong></span> <span class='ocrx_word' id='word_1_588' title='bbox 2737 4081 2767 4135; x_wconf 76' lang='lat'><strong>‘7</strong></span> <span class='ocrx_word' id='word_1_589' title='bbox 2823 4080 3080 4153; x_wconf 83' lang='lat' dir='ltr'><strong>Primus,</strong></span> <span class='ocrx_word' id='word_1_590' title='bbox 3145 4077 3354 4158; x_wconf 90' lang='lat' dir='ltr'><strong>inquit,</strong></span> <span class='ocrx_word' id='word_1_591' title='bbox 3414 4076 3490 4138; x_wconf 88' lang='lat' dir='ltr'><strong>de</strong></span> <span class='ocrx_word' id='word_1_592' title='bbox 3546 4084 3726 4167; x_wconf 79' lang='lat' dir='ltr'><strong>terra,</strong></span> 
     </span>
    </p>
   </div>
   <div class='ocr_carea' id='block_1_81' title="bbox 356 4165 3730 4251">
    <p class='ocr_par' dir='ltr' id='par_1_81' title="bbox 356 4165 3730 4251">
     <span class='ocr_line' id='line_1_81' title="bbox 356 4165 3730 4251; baseline -0.004 -14"><span class='ocrx_word' id='word_1_593' title='bbox 356 4165 479 4237; x_wconf 84' lang='lat' dir='ltr'><strong>tum</strong></span> <span class='ocrx_word' id='word_1_594' title='bbox 513 4173 839 4247; x_wconf 90' lang='lat' dir='ltr'><strong>iracundis,</strong></span> <span class='ocrx_word' id='word_1_595' title='bbox 875 4172 1137 4250; x_wconf 84' lang='lat' dir='ltr'><strong>ignotum</strong></span> <span class='ocrx_word' id='word_1_596' title='bbox 1171 4171 1452 4251; x_wconf 87' lang='lat' dir='ltr'><strong>injuriam</strong></span> <span class='ocrx_word' id='word_1_597' title='bbox 1489 4192 1603 4233; x_wconf 89' lang='lat' dir='ltr'><strong>non</strong></span> <span class='ocrx_word' id='word_1_598' title='bbox 1635 4173 1993 4236; x_wconf 88' lang='lat' dir='ltr'><strong>obliviscen-</strong></span> <span class='ocrx_word' id='word_1_599' title='bbox 2020 4171 2217 4251; x_wconf 83' lang='lat' dir='ltr'><strong>unia</strong></span> <span class='ocrx_word' id='word_1_600' title='bbox 2249 4183 2518 4234; x_wconf 89' lang='lat' dir='ltr'><strong>terrenus</strong></span> <span class='ocrx_word' id='word_1_601' title='bbox 2543 4179 2777 4233; x_wconf 90' lang='lat' dir='ltr'><strong>creatus</strong></span> <span class='ocrx_word' id='word_1_602' title='bbox 2824 4177 2935 4232; x_wconf 92' lang='lat' dir='ltr'><strong>est.</strong></span> <span class='ocrx_word' id='word_1_603' title='bbox 2988 4167 3299 4228; x_wconf 89' lang='lat' dir='ltr'><strong>Secundus</strong></span> <span class='ocrx_word' id='word_1_604' title='bbox 3327 4172 3520 4226; x_wconf 92' lang='lat' dir='ltr'><strong>autem</strong></span> <span class='ocrx_word' id='word_1_605' title='bbox 3552 4165 3730 4224; x_wconf 90' lang='lat' dir='ltr'><strong>homo</strong></span> 
     </span>
    </p>
   </div>
   <div class='ocr_carea' id='block_1_82' title="bbox 361 4259 1996 4344">
    <p class='ocr_par' dir='ltr' id='par_1_82' title="bbox 361 4259 1996 4344">
     <span class='ocr_line' id='line_1_82' title="bbox 361 4259 1996 4344; baseline 0 -20"><span class='ocrx_word' id='word_1_606' title='bbox 361 4263 539 4337; x_wconf 91' lang='lat' dir='ltr'><strong>tibus,</strong></span> <span class='ocrx_word' id='word_1_607' title='bbox 577 4265 841 4339; x_wconf 88' lang='lat' dir='ltr'><strong>ignotum</strong></span> <span class='ocrx_word' id='word_1_608' title='bbox 874 4259 1073 4320; x_wconf 89' lang='lat' dir='ltr'><strong>carnis</strong></span> <span class='ocrx_word' id='word_1_609' title='bbox 1103 4260 1458 4334; x_wconf 83' lang='lat' dir='ltr'><strong>amantibus,</strong></span> <span class='ocrx_word' id='word_1_610' title='bbox 1493 4261 1756 4340; x_wconf 89' lang='lat' dir='ltr'><strong>ignotum</strong></span> <span class='ocrx_word' id='word_1_611' title='bbox 1785 4264 1996 4344; x_wconf 88' lang='lat' dir='ltr'><strong>avaris,</strong></span> 
     </span>
    </p>
   </div>
   <div class='ocr_carea' id='block_1_83' title="bbox 357 4347 1994 4430">
    <p class='ocr_par' dir='ltr' id='par_1_83' title="bbox 357 4347 1994 4430">
     <span class='ocr_line' id='line_1_83' title="bbox 357 4347 1994 4430; baseline 0.001 -18"><span class='ocrx_word' id='word_1_612' title='bbox 357 4350 620 4430; x_wconf 89' lang='lat' dir='ltr'><strong>ignotum</strong></span> <span class='ocrx_word' id='word_1_613' title='bbox 682 4347 917 4421; x_wconf 91' lang='lat' dir='ltr'><strong>invidis,</strong></span> <span class='ocrx_word' id='word_1_614' title='bbox 1005 4348 1270 4425; x_wconf 88' lang='lat' dir='ltr'><strong>ignotum</strong></span> <span class='ocrx_word' id='word_1_615' title='bbox 1327 4349 1602 4411; x_wconf 92' lang='lat' dir='ltr'><strong>omnibus</strong></span> <span class='ocrx_word' id='word_1_616' title='bbox 1663 4350 1994 4429; x_wconf 84' lang='lat' dir='ltr'><strong>maledicis,</strong></span> 
     </span>
    </p>
   </div>
   <div class='ocr_carea' id='block_1_84' title="bbox 355 4435 1993 4518">
    <p class='ocr_par' dir='ltr' id='par_1_84' title="bbox 355 4435 1993 4518">
     <span class='ocr_line' id='line_1_84' title="bbox 355 4435 1993 4518; baseline 0 -18"><span class='ocrx_word' id='word_1_617' title='bbox 355 4440 622 4518; x_wconf 87' lang='lat' dir='ltr'><strong>ignotum</strong></span> <span class='ocrx_word' id='word_1_618' title='bbox 657 4435 999 4515; x_wconf 81' lang='lat' dir='ltr'><strong>hypocritis,</strong></span> <span class='ocrx_word' id='word_1_619' title='bbox 1051 4438 1311 4514; x_wconf 89' lang='lat' dir='ltr'><strong>ignotum</strong></span> <span class='ocrx_word' id='word_1_620' title='bbox 1364 4437 1703 4515; x_wconf 90' lang='lat' dir='ltr'><strong>gulonibus,</strong></span> <span class='ocrx_word' id='word_1_621' title='bbox 1733 4439 1993 4518; x_wconf 91' lang='lat' dir='ltr'><strong>ignotum</strong></span> 
     </span>
    </p>
   </div>
   <div class='ocr_carea' id='block_1_85' title="bbox 357 4523 1994 4606">
    <p class='ocr_par' dir='ltr' id='par_1_85' title="bbox 357 4523 1994 4606">
     <span class='ocr_line' id='line_1_85' title="bbox 357 4523 1994 4606; baseline 0.001 -17"><span class='ocrx_word' id='word_1_622' title='bbox 357 4528 508 4590; x_wconf 91' lang='lat' dir='ltr'><strong>clam</strong></span> <span class='ocrx_word' id='word_1_623' title='bbox 531 4524 898 4597; x_wconf 89' lang='lat' dir='ltr'><strong>vorantibus,</strong></span> <span class='ocrx_word' id='word_1_624' title='bbox 921 4523 1176 4587; x_wconf 88' lang='lat' dir='ltr'><strong>ebriosis</strong></span> <span class='ocrx_word' id='word_1_625' title='bbox 1194 4525 1712 4601; x_wconf 91' lang='lat' dir='ltr'><strong>etscortatoribus,</strong></span> <span class='ocrx_word' id='word_1_626' title='bbox 1733 4527 1994 4606; x_wconf 91' lang='lat' dir='ltr'><strong>ignotum</strong></span> 
     </span>
    </p>
   </div>
   <div class='ocr_carea' id='block_1_86' title="bbox 357 4611 1993 4695">
    <p class='ocr_par' dir='ltr' id='par_1_86' title="bbox 357 4611 1993 4695">
     <span class='ocr_line' id='line_1_86' title="bbox 357 4611 1993 4695; baseline -0.001 -16"><span class='ocrx_word' id='word_1_627' title='bbox 357 4616 549 4679; x_wconf 91' lang='lat' dir='ltr'><strong>otiose</strong></span> <span class='ocrx_word' id='word_1_628' title='bbox 576 4611 996 4692; x_wconf 82' lang='lat' dir='ltr'><strong>fabulantibus,</strong></span> <span class='ocrx_word' id='word_1_629' title='bbox 1054 4613 1317 4691; x_wconf 86' lang='lat' dir='ltr'><strong>ignotum</strong></span> <span class='ocrx_word' id='word_1_630' title='bbox 1369 4614 1560 4693; x_wconf 91' lang='lat' dir='ltr'><strong>turpia</strong></span> <span class='ocrx_word' id='word_1_631' title='bbox 1590 4616 1993 4695; x_wconf 90' lang='lat' dir='ltr'><strong>loquentibus,</strong></span> 
     </span>
    </p>
   </div>
   <div class='ocr_carea' id='block_1_87' title="bbox 355 4699 1988 4783">
    <p class='ocr_par' dir='ltr' id='par_1_87' title="bbox 355 4699 1988 4783">
     <span class='ocr_line' id='line_1_87' title="bbox 355 4699 1988 4783; baseline 0.003 -23"><span class='ocrx_word' id='word_1_632' title='bbox 355 4705 614 4783; x_wconf 87' lang='lat' dir='ltr'><strong>ignotum</strong></span> <span class='ocrx_word' id='word_1_633' title='bbox 647 4699 1018 4773; x_wconf 91' lang='lat' dir='ltr'><strong>socordibus,</strong></span> <span class='ocrx_word' id='word_1_634' title='bbox 1053 4702 1314 4778; x_wconf 82' lang='lat' dir='ltr'><strong>ignotum</strong></span> <span class='ocrx_word' id='word_1_635' title='bbox 1365 4703 1557 4783; x_wconf 89' lang='lat' dir='ltr'><strong>turpia</strong></span> <span class='ocrx_word' id='word_1_636' title='bbox 1584 4703 1988 4783; x_wconf 91' lang='lat' dir='ltr'><strong>loquentibus.</strong></span> 
     </span>
    </p>
   </div>
   <div class='ocr_carea' id='block_1_88' title="bbox 355 4788 2002 4872">
    <p class='ocr_par' dir='ltr' id='par_1_88' title="bbox 355 4788 2002 4872">
     <span class='ocr_line' id='line_1_88' title="bbox 355 4788 2002 4872; baseline -0.001 -17"><span class='ocrx_word' id='word_1_637' title='bbox 355 4794 534 4855; x_wconf 90' lang='lat' dir='ltr'><strong>horas</strong></span> <span class='ocrx_word' id='word_1_638' title='bbox 581 4788 1038 4870; x_wconf 87' lang='lat' dir='ltr'><strong>negligentibus,</strong></span> <span class='ocrx_word' id='word_1_639' title='bbox 1096 4790 1360 4868; x_wconf 89' lang='lat' dir='ltr'><strong>ignotum</strong></span> <span class='ocrx_word' id='word_1_640' title='bbox 1437 4810 1554 4853; x_wconf 91' lang='lat' dir='ltr'><strong>non</strong></span> <span class='ocrx_word' id='word_1_641' title='bbox 1627 4793 1890 4872; x_wconf 90' lang='lat' dir='ltr'><strong>quotidie</strong></span> <span class='ocrx_word' id='word_1_642' title='bbox 1944 4803 2002 4855; x_wconf 93' lang='lat' dir='ltr'><strong>et</strong></span> 
     </span>
    </p>
   </div>
   <div class='ocr_carea' id='block_1_89' title="bbox 353 4878 1996 4961">
    <p class='ocr_par' dir='ltr' id='par_1_89' title="bbox 353 4878 1996 4961">
     <span class='ocr_line' id='line_1_89' title="bbox 353 4878 1996 4961; baseline 0.001 -19"><span class='ocrx_word' id='word_1_643' title='bbox 353 4880 577 4961; x_wconf 88' lang='lat' dir='ltr'><strong>jugiter</strong></span> <span class='ocrx_word' id='word_1_644' title='bbox 606 4878 967 4957; x_wconf 88' lang='lat' dir='ltr'><strong>lugentibus,</strong></span> <span class='ocrx_word' id='word_1_645' title='bbox 1025 4878 1290 4956; x_wconf 88' lang='lat' dir='ltr'><strong>ignotum</strong></span> <span class='ocrx_word' id='word_1_646' title='bbox 1349 4880 1697 4961; x_wconf 90' lang='lat' dir='ltr'><strong>rebellibus,</strong></span> <span class='ocrx_word' id='word_1_647' title='bbox 1731 4880 1996 4959; x_wconf 91' lang='lat' dir='ltr'><strong>ignotum</strong></span> 
     </span>
    </p>
   </div>
   <div class='ocr_carea' id='block_1_90' title="bbox 359 4966 1998 5049">
    <p class='ocr_par' dir='ltr' id='par_1_90' title="bbox 359 4966 1998 5049">
     <span class='ocr_line' id='line_1_90' title="bbox 359 4966 1998 5049; baseline 0.001 -19"><span class='ocrx_word' id='word_1_648' title='bbox 359 4967 917 5040; x_wconf 89' lang='lat' dir='ltr'><strong>contradictoribus,</strong></span> <span class='ocrx_word' id='word_1_649' title='bbox 951 4966 1213 5045; x_wconf 86' lang='lat' dir='ltr'><strong>ignotum</strong></span> <span class='ocrx_word' id='word_1_650' title='bbox 1245 4969 1318 5028; x_wconf 92' lang='lat' dir='ltr'><strong>ad</strong></span> <span class='ocrx_word' id='word_1_651' title='bbox 1352 4969 1632 5049; x_wconf 90' lang='lat' dir='ltr'><strong>placitum</strong></span> <span class='ocrx_word' id='word_1_652' title='bbox 1666 4979 1718 5033; x_wconf 88' lang='lat' dir='ltr'><strong>et</strong></span> <span class='ocrx_word' id='word_1_653' title='bbox 1782 4989 1998 5032; x_wconf 90' lang='lat' dir='ltr'><strong>nume-</strong></span> 
     </span>
    </p>
   </div>
   <div class='ocr_carea' id='block_1_91' title="bbox 359 5054 2001 5136">
    <p class='ocr_par' dir='ltr' id='par_1_91' title="bbox 359 5054 2001 5136">
     <span class='ocr_line' id='line_1_91' title="bbox 359 5054 2001 5136; baseline 0.001 -17"><span class='ocrx_word' id='word_1_654' title='bbox 359 5075 460 5119; x_wconf 90' lang='lat' dir='ltr'><strong>ros</strong></span> <span class='ocrx_word' id='word_1_655' title='bbox 493 5075 631 5118; x_wconf 91' lang='lat' dir='ltr'><strong>suos</strong></span> <span class='ocrx_word' id='word_1_656' title='bbox 673 5054 1023 5128; x_wconf 90' lang='lat' dir='ltr'><strong>viventibus,</strong></span> <span class='ocrx_word' id='word_1_657' title='bbox 1071 5055 1334 5134; x_wconf 89' lang='lat' dir='ltr'><strong>ignotum</strong></span> <span class='ocrx_word' id='word_1_658' title='bbox 1384 5057 1724 5136; x_wconf 86' lang='lat' dir='ltr'><strong>putantibus</strong></span> <span class='ocrx_word' id='word_1_659' title='bbox 1773 5079 1836 5121; x_wconf 93' lang='lat' dir='ltr'><strong>se</strong></span> <span class='ocrx_word' id='word_1_660' title='bbox 1869 5078 2001 5121; x_wconf 90' lang='lat' dir='ltr'><strong>esse</strong></span> 
     </span>
    </p>
   </div>
   <div class='ocr_carea' id='block_1_92' title="bbox 361 5142 2002 5226">
    <p class='ocr_par' dir='ltr' id='par_1_92' title="bbox 361 5142 2002 5226">
     <span class='ocr_line' id='line_1_92' title="bbox 361 5142 2002 5226; baseline 0.001 -20"><span class='ocrx_word' id='word_1_661' title='bbox 361 5144 583 5226; x_wconf 91' lang='lat' dir='ltr'><strong>aliquid</strong></span> <span class='ocrx_word' id='word_1_662' title='bbox 613 5163 746 5206; x_wconf 89' lang='lat' dir='ltr'><strong>cum</strong></span> <span class='ocrx_word' id='word_1_663' title='bbox 779 5142 926 5204; x_wconf 89' lang='lat' dir='ltr'><strong>nihil</strong></span> <span class='ocrx_word' id='word_1_664' title='bbox 957 5145 1076 5204; x_wconf 87' lang='lat' dir='ltr'><strong>sint</strong></span> <span class='ocrx_word' id='word_1_665' title='bbox 1104 5145 1190 5218; x_wconf 73' lang='lat'><strong>45,</strong></span> <span class='ocrx_word' id='word_1_666' title='bbox 1225 5146 1490 5223; x_wconf 86' lang='lat' dir='ltr'><strong>ignotum</strong></span> <span class='ocrx_word' id='word_1_667' title='bbox 1522 5146 1914 5224; x_wconf 87' lang='lat' dir='ltr'><strong>gloriantibus</strong></span> <span class='ocrx_word' id='word_1_668' title='bbox 1945 5156 2002 5208; x_wconf 90' lang='lat' dir='ltr'><strong>et</strong></span> 
     </span>
    </p>
   </div>
   <div class='ocr_carea' id='block_1_93' title="bbox 361 5232 1998 5317">
    <p class='ocr_par' dir='ltr' id='par_1_93' title="bbox 361 5232 1998 5317">
     <span class='ocr_line' id='line_1_93' title="bbox 361 5232 1998 5317; baseline 0.001 -22"><span class='ocrx_word' id='word_1_669' title='bbox 361 5233 760 5314; x_wconf 84' lang='lat' dir='ltr'><strong>gaudentibus</strong></span> <span class='ocrx_word' id='word_1_670' title='bbox 812 5232 887 5293; x_wconf 94' lang='lat' dir='ltr'><strong>de</strong></span> <span class='ocrx_word' id='word_1_671' title='bbox 937 5233 1288 5312; x_wconf 89' lang='lat' dir='ltr'><strong>proceritate</strong></span> <span class='ocrx_word' id='word_1_672' title='bbox 1311 5234 1597 5315; x_wconf 90' lang='lat' dir='ltr'><strong>corporis,</strong></span> <span class='ocrx_word' id='word_1_673' title='bbox 1630 5243 1732 5296; x_wconf 92' lang='lat' dir='ltr'><strong>aut</strong></span> <span class='ocrx_word' id='word_1_674' title='bbox 1759 5235 1998 5317; x_wconf 90' lang='lat' dir='ltr'><strong>robore,</strong></span> 
     </span>
    </p>
   </div>
   <div class='ocr_carea' id='block_1_94' title="bbox 363 5319 1996 5406">
    <p class='ocr_par' dir='ltr' id='par_1_94' title="bbox 363 5319 1996 5406">
     <span class='ocr_line' id='line_1_94' title="bbox 363 5319 1996 5406; baseline 0.001 -23"><span class='ocrx_word' id='word_1_675' title='bbox 363 5321 828 5403; x_wconf 90' lang='lat' dir='ltr'><strong>pulchritudine,</strong></span> <span class='ocrx_word' id='word_1_676' title='bbox 875 5329 974 5382; x_wconf 87' lang='lat' dir='ltr'><strong>aut</strong></span> <span class='ocrx_word' id='word_1_677' title='bbox 1028 5319 1145 5384; x_wconf 86' lang='lat' dir='ltr'><strong>alio</strong></span> <span class='ocrx_word' id='word_1_678' title='bbox 1192 5341 1548 5404; x_wconf 87' lang='lat' dir='ltr'><strong>quocunque</strong></span> <span class='ocrx_word' id='word_1_679' title='bbox 1609 5331 1996 5406; x_wconf 85' lang='lat' dir='ltr'><strong>ornamento;</strong></span> 
     </span>
    </p>
   </div>
   <div class='ocr_carea' id='block_1_95' title="bbox 2081 4251 3730 4332">
    <p class='ocr_par' dir='ltr' id='par_1_95' title="bbox 2081 4251 3730 4332">
     <span class='ocr_line' id='line_1_95' title="bbox 2081 4251 3730 4332; baseline -0.004 -12"><span class='ocrx_word' id='word_1_680' title='bbox 2081 4264 2346 4321; x_wconf 92' lang='lat' dir='ltr'><strong>omnium</strong></span> <span class='ocrx_word' id='word_1_681' title='bbox 2374 4261 2473 4322; x_wconf 92' lang='lat' dir='ltr'><strong>ille</strong></span> <span class='ocrx_word' id='word_1_682' title='bbox 2498 4259 2808 4332; x_wconf 87' lang='lat' dir='ltr'><strong>Dominus,</strong></span> <span class='ocrx_word' id='word_1_683' title='bbox 2840 4259 2913 4319; x_wconf 93' lang='lat' dir='ltr'><strong>de</strong></span> <span class='ocrx_word' id='word_1_684' title='bbox 2943 4255 3099 4318; x_wconf 66' lang='lat' dir='ltr'><strong>caelo</strong></span> <span class='ocrx_word' id='word_1_685' title='bbox 3129 4253 3460 4316; x_wconf 90' lang='lat' dir='ltr'><strong>descendit.</strong></span> <span class='ocrx_word' id='word_1_686' title='bbox 3495 4251 3730 4314; x_wconf 90' lang='lat' dir='ltr'><strong>Primus</strong></span> 
     </span>
    </p>
   </div>
   <div class='ocr_carea' id='block_1_96' title="bbox 2081 4343 3729 4428">
    <p class='ocr_par' dir='ltr' id='par_1_96' title="bbox 2081 4343 3729 4428">
     <span class='ocr_line' id='line_1_96' title="bbox 2081 4343 3729 4428; baseline -0.005 -19"><span class='ocrx_word' id='word_1_687' title='bbox 2081 4348 2357 4409; x_wconf 92' lang='lat' dir='ltr'><strong>omnibus</strong></span> <span class='ocrx_word' id='word_1_688' title='bbox 2387 4349 2727 4410; x_wconf 86' lang='lat' dir='ltr'><strong>hominibus</strong></span> <span class='ocrx_word' id='word_1_689' title='bbox 2787 4343 3265 4428; x_wconf 63' lang='lat' dir='ltr'><strong>praevaricatione</strong></span> <span class='ocrx_word' id='word_1_690' title='bbox 3327 4361 3431 4404; x_wconf 92' lang='lat' dir='ltr'><strong>sua</strong></span> <span class='ocrx_word' id='word_1_691' title='bbox 3473 4350 3729 4404; x_wconf 89' lang='lat' dir='ltr'><strong>mortem</strong></span> 
     </span>
    </p>
   </div>
   <div class='ocr_carea' id='block_1_97' title="bbox 2081 4431 3736 4509">
    <p class='ocr_par' dir='ltr' id='par_1_97' title="bbox 2081 4431 3736 4509">
     <span class='ocr_line' id='line_1_97' title="bbox 2081 4431 3736 4509; baseline -0.004 -11"><span class='ocrx_word' id='word_1_692' title='bbox 2081 4447 2135 4499; x_wconf 87' lang='lat' dir='ltr'><strong>et</strong></span> <span class='ocrx_word' id='word_1_693' title='bbox 2167 4437 2469 4499; x_wconf 90' lang='lat' dir='ltr'><strong>interitum</strong></span> <span class='ocrx_word' id='word_1_694' title='bbox 2502 4439 2744 4500; x_wconf 81' lang='lat' dir='ltr'><strong>invexit.</strong></span> <span class='ocrx_word' id='word_1_695' title='bbox 2779 4435 3090 4500; x_wconf 89' lang='lat' dir='ltr'><strong>Secundus</strong></span> <span class='ocrx_word' id='word_1_696' title='bbox 3121 4432 3344 4493; x_wconf 90' lang='lat' dir='ltr'><strong>mundo</strong></span> <span class='ocrx_word' id='word_1_697' title='bbox 3375 4431 3634 4509; x_wconf 89' lang='lat' dir='ltr'><strong>donavit,</strong></span> <span class='ocrx_word' id='word_1_698' title='bbox 3674 4449 3736 4505; x_wconf 62' lang='lat' dir='ltr'><strong>et</strong></span> 
     </span>
    </p>
   </div>
   <div class='ocr_carea' id='block_1_98' title="bbox 2080 4522 3730 4602">
    <p class='ocr_par' dir='ltr' id='par_1_98' title="bbox 2080 4522 3730 4602">
     <span class='ocr_line' id='line_1_98' title="bbox 2080 4522 3730 4602; baseline -0.002 -15"><span class='ocrx_word' id='word_1_699' title='bbox 2080 4546 2236 4589; x_wconf 89' lang='lat' dir='ltr'><strong>nunc</strong></span> <span class='ocrx_word' id='word_1_700' title='bbox 2257 4527 2549 4590; x_wconf 90' lang='lat' dir='ltr'><strong>universis</strong></span> <span class='ocrx_word' id='word_1_701' title='bbox 2574 4527 2848 4589; x_wconf 81' lang='lat' dir='ltr'><strong>fidelibus</strong></span> <span class='ocrx_word' id='word_1_702' title='bbox 2870 4522 3314 4602; x_wconf 91' lang='lat' dir='ltr'><strong>lumen,vitam,</strong></span> <span class='ocrx_word' id='word_1_703' title='bbox 3330 4523 3730 4602; x_wconf 87' lang='lat' dir='ltr'><strong>incorruptio-</strong></span> 
     </span>
    </p>
   </div>
   <div class='ocr_carea' id='block_1_99' title="bbox 2079 4613 3738 4697">
    <p class='ocr_par' dir='ltr' id='par_1_99' title="bbox 2079 4613 3738 4697">
     <span class='ocr_line' id='line_1_99' title="bbox 2079 4613 3738 4697; baseline -0.002 -21"><span class='ocrx_word' id='word_1_704' title='bbox 2079 4634 2212 4676; x_wconf 91' lang='lat' dir='ltr'><strong>nem</strong></span> <span class='ocrx_word' id='word_1_705' title='bbox 2231 4616 2822 4697; x_wconf 67' lang='lat' dir='ltr'><strong>donat.Audistiquas</strong></span> <span class='ocrx_word' id='word_1_706' title='bbox 2842 4613 3287 4678; x_wconf 77' lang='lat' dir='ltr'><strong>tibicoelestium</strong></span> <span class='ocrx_word' id='word_1_707' title='bbox 3319 4629 3520 4672; x_wconf 91' lang='lat' dir='ltr'><strong>rerum</strong></span> <span class='ocrx_word' id='word_1_708' title='bbox 3554 4618 3738 4676; x_wconf 82' lang='lat' dir='ltr'><strong>inter-</strong></span> 
     </span>
    </p>
   </div>
   <div class='ocr_carea' id='block_1_100' title="bbox 2079 4701 3733 4786">
    <p class='ocr_par' dir='ltr' id='par_1_100' title="bbox 2079 4701 3733 4786">
     <span class='ocr_line' id='line_1_100' title="bbox 2079 4701 3733 4786; baseline -0.002 -21"><span class='ocrx_word' id='word_1_709' title='bbox 2079 4723 2217 4786; x_wconf 89' lang='lat' dir='ltr'><strong>pres</strong></span> <span class='ocrx_word' id='word_1_710' title='bbox 2240 4704 2426 4766; x_wconf 82' lang='lat' dir='ltr'><strong>dixit?</strong></span> <span class='ocrx_word' id='word_1_711' title='bbox 2469 4705 2700 4767; x_wconf 88' lang='lat' dir='ltr'><strong>Audisti</strong></span> <span class='ocrx_word' id='word_1_712' title='bbox 2727 4704 3023 4768; x_wconf 91' lang='lat' dir='ltr'><strong>Christum</strong></span> <span class='ocrx_word' id='word_1_713' title='bbox 3047 4705 3386 4784; x_wconf 89' lang='lat' dir='ltr'><strong>loquentem</strong></span> <span class='ocrx_word' id='word_1_714' title='bbox 3413 4720 3520 4781; x_wconf 91' lang='lat' dir='ltr'><strong>per</strong></span> <span class='ocrx_word' id='word_1_715' title='bbox 3539 4701 3733 4782; x_wconf 89' lang='lat' dir='ltr'><strong>ipsum</strong></span> 
     </span>
    </p>
   </div>
   <div class='ocr_carea' id='block_1_101' title="bbox 2083 4789 3730 4874">
    <p class='ocr_par' dir='ltr' id='par_1_101' title="bbox 2083 4789 3730 4874">
     <span class='ocr_line' id='line_1_101' title="bbox 2083 4789 3730 4874; baseline -0.003 -20"><span class='ocrx_word' id='word_1_716' title='bbox 2083 4803 2141 4856; x_wconf 91' lang='lat' dir='ltr'><strong>et</strong></span> <span class='ocrx_word' id='word_1_717' title='bbox 2163 4793 2474 4856; x_wconf 86' lang='lat' dir='ltr'><strong>docentem</strong></span> <span class='ocrx_word' id='word_1_718' title='bbox 2497 4793 2791 4871; x_wconf 86' lang='lat' dir='ltr'><strong>homines,</strong></span> <span class='ocrx_word' id='word_1_719' title='bbox 2817 4793 3020 4874; x_wconf 92' lang='lat' dir='ltr'><strong>quales</strong></span> <span class='ocrx_word' id='word_1_720' title='bbox 3043 4792 3188 4864; x_wconf 84' lang='lat' dir='ltr'><strong>sint,</strong></span> <span class='ocrx_word' id='word_1_721' title='bbox 3215 4790 3316 4871; x_wconf 92' lang='lat' dir='ltr'><strong>qui</strong></span> <span class='ocrx_word' id='word_1_722' title='bbox 3340 4789 3403 4849; x_wconf 89' lang='lat' dir='ltr'><strong>in</strong></span> <span class='ocrx_word' id='word_1_723' title='bbox 3432 4807 3566 4850; x_wconf 91' lang='lat' dir='ltr'><strong>eum</strong></span> <span class='ocrx_word' id='word_1_724' title='bbox 3599 4806 3730 4850; x_wconf 84' lang='lat' dir='ltr'><strong>cre-</strong></span> 
     </span>
    </p>
   </div>
   <div class='ocr_carea' id='block_1_102' title="bbox 2083 4878 3736 4962">
    <p class='ocr_par' dir='ltr' id='par_1_102' title="bbox 2083 4878 3736 4962">
     <span class='ocr_line' id='line_1_102' title="bbox 2083 4878 3736 4962; baseline -0.002 -20"><span class='ocrx_word' id='word_1_725' title='bbox 2083 4881 2388 4957; x_wconf 89' lang='lat' dir='ltr'><strong>diderunt,</strong></span> <span class='ocrx_word' id='word_1_726' title='bbox 2422 4893 2479 4944; x_wconf 89' lang='lat' dir='ltr'><strong>et</strong></span> <span class='ocrx_word' id='word_1_727' title='bbox 2506 4883 2682 4944; x_wconf 89' lang='lat' dir='ltr'><strong>ﬁdem</strong></span> <span class='ocrx_word' id='word_1_728' title='bbox 2717 4903 2784 4944; x_wconf 87' lang='lat' dir='ltr'><strong>ex</strong></span> <span class='ocrx_word' id='word_1_729' title='bbox 2816 4881 3095 4962; x_wconf 91' lang='lat' dir='ltr'><strong>operibus</strong></span> <span class='ocrx_word' id='word_1_730' title='bbox 3125 4878 3439 4941; x_wconf 87' lang='lat' dir='ltr'><strong>ostendere</strong></span> <span class='ocrx_word' id='word_1_731' title='bbox 3463 4895 3736 4958; x_wconf 90' lang='lat' dir='ltr'><strong>perseve-</strong></span> 
     </span>
    </p>
   </div>
   <div class='ocr_carea' id='block_1_103' title="bbox 2081 4968 3733 5051">
    <p class='ocr_par' dir='ltr' id='par_1_103' title="bbox 2081 4968 3733 5051">
     <span class='ocr_line' id='line_1_103' title="bbox 2081 4968 3733 5051; baseline -0.002 -20"><span class='ocrx_word' id='word_1_732' title='bbox 2081 4971 2260 5032; x_wconf 80' lang='lat' dir='ltr'><strong>rant?</strong></span> <span class='ocrx_word' id='word_1_733' title='bbox 2293 4973 2568 5051; x_wconf 87' lang='lat' dir='ltr'><strong>Posthac,</strong></span> <span class='ocrx_word' id='word_1_734' title='bbox 2605 4971 2754 5032; x_wconf 92' lang='lat' dir='ltr'><strong>nihil</strong></span> <span class='ocrx_word' id='word_1_735' title='bbox 2785 4970 3071 5049; x_wconf 87' lang='lat' dir='ltr'><strong>ambigas,</strong></span> <span class='ocrx_word' id='word_1_736' title='bbox 3105 4968 3300 5048; x_wconf 88' lang='lat' dir='ltr'><strong>qualis</strong></span> <span class='ocrx_word' id='word_1_737' title='bbox 3331 4969 3598 5030; x_wconf 90' lang='lat' dir='ltr'><strong>Christus</strong></span> <span class='ocrx_word' id='word_1_738' title='bbox 3641 4973 3733 5028; x_wconf 89' lang='lat' dir='ltr'><strong>est</strong></span> 
     </span>
    </p>
   </div>
   <div class='ocr_carea' id='block_1_104' title="bbox 2082 5053 3737 5141">
    <p class='ocr_par' dir='ltr' id='par_1_104' title="bbox 2082 5053 3737 5141">
     <span class='ocr_line' id='line_1_104' title="bbox 2082 5053 3737 5141; baseline -0.003 -22"><span class='ocrx_word' id='word_1_739' title='bbox 2082 5059 2367 5134; x_wconf 69' lang='lat' dir='ltr'><strong>cmlestis,</strong></span> <span class='ocrx_word' id='word_1_740' title='bbox 2403 5069 2460 5121; x_wconf 94' lang='lat' dir='ltr'><strong>te</strong></span> <span class='ocrx_word' id='word_1_741' title='bbox 2488 5079 2726 5141; x_wconf 88' lang='lat' dir='ltr'><strong>quoque</strong></span> <span class='ocrx_word' id='word_1_742' title='bbox 2781 5060 2959 5121; x_wconf 91' lang='lat' dir='ltr'><strong>talem</strong></span> <span class='ocrx_word' id='word_1_743' title='bbox 3022 5075 3156 5120; x_wconf 91' lang='lat' dir='ltr'><strong>esse</strong></span> <span class='ocrx_word' id='word_1_744' title='bbox 3207 5056 3449 5118; x_wconf 90' lang='lat' dir='ltr'><strong>debere.</strong></span> <span class='ocrx_word' id='word_1_745' title='bbox 3483 5054 3650 5127; x_wconf 90' lang='lat' dir='ltr'><strong>Quod</strong></span> <span class='ocrx_word' id='word_1_746' title='bbox 3681 5053 3737 5117; x_wconf 90' lang='lat' dir='ltr'><strong>si</strong></span> 
     </span>
    </p>
   </div>
   <div class='ocr_carea' id='block_1_105' title="bbox 2083 5144 3732 5229">
    <p class='ocr_par' dir='ltr' id='par_1_105' title="bbox 2083 5144 3732 5229">
     <span class='ocr_line' id='line_1_105' title="bbox 2083 5144 3732 5229; baseline -0.003 -21"><span class='ocrx_word' id='word_1_747' title='bbox 2083 5147 2212 5210; x_wconf 92' lang='lat' dir='ltr'><strong>talis</strong></span> <span class='ocrx_word' id='word_1_748' title='bbox 2297 5167 2414 5210; x_wconf 92' lang='lat' dir='ltr'><strong>non</strong></span> <span class='ocrx_word' id='word_1_749' title='bbox 2492 5167 2578 5229; x_wconf 92' lang='lat' dir='ltr'><strong>es,</strong></span> <span class='ocrx_word' id='word_1_750' title='bbox 2653 5149 2948 5228; x_wconf 79' lang='lat' dir='ltr'><strong>quomodo</strong></span> <span class='ocrx_word' id='word_1_751' title='bbox 3007 5144 3326 5210; x_wconf 89' lang='lat' dir='ltr'><strong>Christiani</strong></span> <span class='ocrx_word' id='word_1_752' title='bbox 3382 5144 3732 5206; x_wconf 85' lang='lat' dir='ltr'><strong>vocabulum</strong></span> 
     </span>
    </p>
   </div>
   <div class='ocr_carea' id='block_1_106' title="bbox 2081 5230 3736 5318">
    <p class='ocr_par' dir='ltr' id='par_1_106' title="bbox 2081 5230 3736 5318">
     <span class='ocr_line' id='line_1_106' title="bbox 2081 5230 3736 5318; baseline -0.004 -20"><span class='ocrx_word' id='word_1_753' title='bbox 2081 5236 2392 5318; x_wconf 89' lang='lat' dir='ltr'><strong>usurpabis</strong></span> <span class='ocrx_word' id='word_1_754' title='bbox 2413 5237 2442 5296; x_wconf 74' lang='lat'><strong>‘2</strong></span> <span class='ocrx_word' id='word_1_755' title='bbox 2501 5237 2559 5299; x_wconf 93' lang='lat' dir='ltr'><strong>Si</strong></span> <span class='ocrx_word' id='word_1_756' title='bbox 2603 5237 2761 5299; x_wconf 92' lang='lat' dir='ltr'><strong>enim</strong></span> <span class='ocrx_word' id='word_1_757' title='bbox 2792 5236 2984 5317; x_wconf 89' lang='lat' dir='ltr'><strong>qualis</strong></span> <span class='ocrx_word' id='word_1_758' title='bbox 3013 5242 3104 5297; x_wconf 87' lang='lat' dir='ltr'><strong>est</strong></span> <span class='ocrx_word' id='word_1_759' title='bbox 3135 5232 3444 5308; x_wconf 91' lang='lat' dir='ltr'><strong>Dominus,</strong></span> <span class='ocrx_word' id='word_1_760' title='bbox 3477 5230 3736 5293; x_wconf 65' lang='lat' dir='ltr'><strong>caelestis</strong></span> 
     </span>
    </p>
   </div>
   <div class='ocr_carea' id='block_1_107' title="bbox 2084 5319 3734 5406">
    <p class='ocr_par' dir='ltr' id='par_1_107' title="bbox 2084 5319 3734 5406">
     <span class='ocr_line' id='line_1_107' title="bbox 2084 5319 3734 5406; baseline -0.004 -20"><span class='ocrx_word' id='word_1_761' title='bbox 2084 5343 2300 5406; x_wconf 90' lang='lat' dir='ltr'><strong>nempe</strong></span> <span class='ocrx_word' id='word_1_762' title='bbox 2329 5326 2506 5388; x_wconf 91' lang='lat' dir='ltr'><strong>etiam</strong></span> <span class='ocrx_word' id='word_1_763' title='bbox 2537 5325 2684 5388; x_wconf 88' lang='lat' dir='ltr'><strong>tales</strong></span> <span class='ocrx_word' id='word_1_764' title='bbox 2712 5343 2844 5386; x_wconf 91' lang='lat' dir='ltr'><strong>esse</strong></span> <span class='ocrx_word' id='word_1_765' title='bbox 2875 5323 3020 5386; x_wconf 89' lang='lat' dir='ltr'><strong>dicit</strong></span> <span class='ocrx_word' id='word_1_766' title='bbox 3047 5325 3147 5403; x_wconf 90' lang='lat' dir='ltr'><strong>qui</strong></span> <span class='ocrx_word' id='word_1_767' title='bbox 3202 5322 3264 5384; x_wconf 91' lang='lat' dir='ltr'><strong>in</strong></span> <span class='ocrx_word' id='word_1_768' title='bbox 3294 5339 3432 5383; x_wconf 90' lang='lat' dir='ltr'><strong>eum</strong></span> <span class='ocrx_word' id='word_1_769' title='bbox 3465 5319 3734 5383; x_wconf 86' lang='lat' dir='ltr'><strong>credide—</strong></span> 
     </span>
    </p>
   </div>
   <div class='ocr_carea' id='block_1_108' title="bbox 441 5488 2252 5573">
    <p class='ocr_par' dir='ltr' id='par_1_108' title="bbox 441 5488 2252 5573">
     <span class='ocr_line' id='line_1_108' title="bbox 441 5488 2252 5573; baseline 0.002 -19"><span class='ocrx_word' id='word_1_770' title='bbox 441 5489 507 5542; x_wconf 71' lang='grc'><strong>4⁵</strong></span> <span class='ocrx_word' id='word_1_771' title='bbox 535 5488 724 5554; x_wconf 82' lang='lat' dir='ltr'><strong>Galat.</strong></span> <span class='ocrx_word' id='word_1_772' title='bbox 757 5504 836 5571; x_wconf 77' lang='lat' dir='ltr'><strong>vi,</strong></span> <span class='ocrx_word' id='word_1_773' title='bbox 869 5488 931 5553; x_wconf 90' lang='lat'><strong>3.</strong></span> <span class='ocrx_word' id='word_1_774' title='bbox 1014 5489 1133 5552; x_wconf 75' lang='grc'><strong>461</strong></span> <span class='ocrx_word' id='word_1_775' title='bbox 1169 5491 1305 5556; x_wconf 89' lang='lat' dir='ltr'><strong>Cor.</strong></span> <span class='ocrx_word' id='word_1_776' title='bbox 1336 5509 1437 5573; x_wconf 81' lang='lat' dir='ltr'><strong>xv,</strong></span> <span class='ocrx_word' id='word_1_777' title='bbox 1473 5493 1570 5556; x_wconf 83' lang='grc'><strong>48.</strong></span> <span class='ocrx_word' id='word_1_778' title='bbox 1659 5493 1720 5542; x_wconf 72' lang='grc' dir='ltr'><strong>ιτ</strong></span> <span class='ocrx_word' id='word_1_779' title='bbox 1760 5491 1920 5555; x_wconf 87' lang='lat' dir='ltr'><strong>Psal.</strong></span> <span class='ocrx_word' id='word_1_780' title='bbox 1957 5509 2159 5573; x_wconf 74' lang='lat' dir='ltr'><strong>Luxi,</strong></span> <span class='ocrx_word' id='word_1_781' title='bbox 2193 5496 2252 5558; x_wconf 91' lang='lat'><strong>6.</strong></span> 
     </span>
    </p>
   </div>
  </div>
