4054 6114
273 256 378 322 581
1408 261 1572 324 DIVI
1581 262 1630 325 N
1635 257 1852 322 ORUM
1896 253 2218 318 AMORUM
2261 256 2514 317 LIBER.
3522 243 3641 308 582

275 400 423 471 runt,
455 392 700 455 omnino
732 393 1004 455 caelestes
1035 391 1331 468 videlicet,
1357 393 1458 474 qui
1491 395 1790 456 mundana
1819 396 1969 450 εει-Λ
1992 387 2340 450 eoeleatibus
2368 388 2715 462 intraturos,
2751 393 2808 447 et
2838 391 3211 474 regnaturos,
3262 392 3345 474 et_
3379 400 3494 443 una
3541 381 3636 442 fu-

278 482 456 561 piunt,
518 483 620 562 qui
674 482 998 544 secundum
1060 501 1298 543 Carnem
1353 471 1574 562 vivunt,
1631 503 1749 545 non
1781 489 1916 542 sunt
2001 483 2162 537 turos
2190 495 2323 536 cum
2355 475 2623 536 omnium
2654 492 2794 552 rege
2840 491 2908 532 ac
2958 471 3209 562 Domino
3240 476 3266 530 ?
3317 472 3640 562 Curramus

278 560 342 632 ex
385 560 562 632 verbo
588 572 716 646 Dei,
741 572 898 652 quod
927 591 957 632 e
987 572 1221 650 superis
1243 560 1588 647 descendit»;
1616 572 1716 632 sed
1745 574 1914 652 plane
1999 563 2200 644 itaque
2229 564 2436 652 sedulo
2464 582 2694 643 omnes,
2731 571 2794 622 ut
2844 560 3411 652 digni_habeamur,
3445 562 3546 641 qui
3578 561 3638 621 in

276 679 340 720 ex
375 659 615 720 homine
645 669 906 734 terreno,
938 659 1012 721 de
1072 668 1230 721 terra
1289 661 1561 721 formato.
1597 661 1694 722 Sic
1728 659 1903 732 senti,

1998 653 2163 713 ccelis
2217 672 2351 713 cum
2400 651 2634 713 Christo
2695 649 2959 711 omnium
3019 647 3270 710 Domino
3300 667 3638 730 regnemus,

274 747 356 808 sic
383 747 622 810 all'ectus
682 757 830 818 esto,
894 748 980 808 sic
1029 749 1232 822 crede,
1299 757 1356 809 et
1415 748 1641 810 enitere
1685 756 1749 808 ut
1782 747 1909 808 talis
1992 758 2167 820 quem
2217 738 2392 801 decet
2442 739 2637 803 omnis
2684 737 2874 818 gloria
2923 755 3056 798 cum
3105 740 3299 818 Ρᾶίτθ,
3351 747 3407 798 εἰ
3438 747 3639 800 Sancto

277 835 394 905 ﬁas,
429 836 686 898 caelestis
743 838 1049 910 nimirum,
1108 839 1263 916 quod
1325 837 1466 898 dixi.
1531 837 1641 909 Qui
1699 856 1730 897 e
1761 836 1908 896 cmlo
1993 828 2216 909 Spiritu
2248 829 2307 888 in
2340 828 2556 890 saecula
2586 827 2960 888 saeculorum.
2997 828 3215 888 Amen.

277 923 529 1005 advenit,
561 934 617 987 et
648 926 810 987 dedit
839 927 1016 988 vitam
1055 926 1299 1006 mundo,
1324 926 1420 986 hic
1445 925 1602 986 idem
1637 933 1724 987 est
1746 924 1912 1005 panis

2519 918 2762 982 CAPUT
2805 917 3032 980 XXXII.

278 1013 372 1093 qui
400 1013 538 1074 inde
586 1013 917 1083 descendit.
975 1032 1149 1092 quem
1210 1015 1309 1093 qui
1370 1015 1574 1085 edunt,
1612 1031 1908 1094 nunquam
1995 1007 2377 1094 Subtilitates
2401 1008 3065 1094 tigeoglogicwroainon
3092 1009 3252 1070 videt
3281 1007 3488 1070 lumen
3513 1011 3640 1092 glo-

277 1101 475 1180 utique
507 1111 756 1162 mortem
789 1101 988 1162 vident
1015 1102 1096 1162 48.
1132 1104 1282 1163 Nam
1317 1121 1450 1162 cum
1471 1102 1589 1162 sint
1619 1102 1911 1174 caelestes,

278 1206 510 1268 semper
542 1190 986 1268 corruptionem
1048 1188 1283 1268 penitus
1334 1190 1517 1264 exuti,
1555 1197 1611 1251 et
1638 1189 1914 1250 incorru-

278 1276 532 1356 ptionem
566 1278 762 1339 induti
794 1286 989 1340 erunt.
1028 1286 1085 1339 et
1141 1277 1373 1356 abjecta
1408 1287 1622 1350 morte,
1657 1277 1784 1337 vitae
1811 1296 1913 1355 ag-

275 1366 564 1445 glutinati,
619 1367 969 1447 incorrupti,
1032 1377 1088 1427 et
1145 1367 1508 1427 immortales
1551 1367 1824 1444 evadunt,
1861 1374 1918 1426 et

277 1453 492 1515 idcirco
521 1456 794 1517 caelestes
826 1457 1220 1536 appellantur.
1253 1453 1396 1526 Quis
1430 1455 1587 1516 enim
1639 1464 1770 1534 post
1806 1455 1913 1515 ho—

278 1543 463 1603 mines
494 1552 660 1606 natos
693 1544 772 1604 ita
801 1543 1128 1623 appellatus
1176 1551 1265 1603 est
1315 1562 1381 1604 ex
1437 1543 1650 1604 Adami
1683 1543 1820 1604 ﬁliis
1849 1561 1918 1604 ac

2278 1090 2389 1149 ria:
2423 1089 2558 1168 Dei,
2595 1087 2745 1149 meo
2777 1087 3182 1164 infeliciorem
3211 1105 3354 1150 esse.

2082 1179 2191 1253 Qui
2227 1189 2339 1242 tam
2368 1199 2591 1260 pronus
2619 1200 2684 1242 es
2712 1180 2784 1241 ad
2817 1180 3244 1256 miserandum,
3278 1181 3436 1242 Deus
3452 1201 3649 1263 meus,

2000 1278 2232 1330 creator
2263 1288 2452 1345 meus,
2518 1269 2676 1348 fulge
2731 1268 2877 1329 mihi
2929 1269 3183 1348 amplius
3211 1271 3515 1332 inaccesso
3549 1273 3645 1333 lu-

2001 1357 2160 1420 mine
2207 1367 2327 1435 tuo,
2364 1367 2424 1419 ut
2455 1359 2667 1437 gaudio
2719 1377 2822 1418 cor
2868 1377 3065 1419 meum
3126 1358 3419 1440 impleas;
3483 1369 3538 1423 et
3570 1381 3645 1424 ne

1998 1446 2294 1522 irascaris,
2356 1465 2504 1507 neve
2565 1446 2947 1527 derelinquas
3006 1447 3158 1510 me?
3207 1450 3312 1508 sed
3363 1450 3493 1511 luce
3553 1459 3648 1512 tua

2004 1535 2234 1596 illustra
2263 1535 2523 1595 animam
2556 1553 2749 1596 meam
2791 1556 2805 1610 ;
2863 1535 2961 1594 lux
2994 1536 3152 1596 enim
3182 1543 3278 1598 tua
3313 1546 3370 1597 tu
3402 1539 3529 1618 ipse
3559 1559 3645 1620 es,

277 1631 547 1711 posteris,
573 1632 913 1713 priusquam
945 1632 1231 1694 Dominus
1252 1632 1539 1703 omnium,
1563 1632 1912 1706 caelestium,
1941 1673 1978 1722 Β
2006 1625 2159 1722 Deus
2194 1643 2381 1722 meus-
2418 1624 2760 1722 Quépquam
2820 1623 2979 1684 enim
3032 1625 3253 1700 ῐηυιῑίει
3299 1645 3371 1722 ξω
3403 1628 3649 1689 diVBI‘SiS

277 1738 338 1780 ac
359 1721 728 1781 terrestrium
759 1711 991 1782 coalitus
1022 1719 1445 1781 delaberetur?
1474 1718 1583 1780 Hic
1613 1739 1792 1780 carne
1816 1740 1918 1780 no-
1941 1711 1978 1722 ”
2001 1711 2341 1774 nominibus
2369 1713 2712 1794 appellaris,
2748 1722 2940 1773 tamen
2963 1732 3144 1773 unum
3178 1732 3263 1776 es.
3295 1714 3419 1776 Hoc
3447 1727 3644 1778 autem

278 1816 388 1868 stra
423 1826 487 1868 se
509 1809 758 1882 vestivit,
785 1809 1171 1888 divinumque
1204 1807 1490 1888 Spiritum
1525 1808 1696 1870 nobis
1729 1809 1911 1888 dedit,

277 1897 429 1976 quod
463 1915 619 1976 saepe
671 1898 927 1959 diximus
966 1918 978 1957 :
1040 1908 1097 1958 et
1152 1896 1311 1957 idem
1344 1895 1598 1975 Spiritus
1625 1897 1824 1958 omnia
1855 1905 1917 1957 ut

277 1983 434 2046 Deus
465 1985 635 2047 nobis
693 1985 935 2065 praebet.
992 1985 1270 2058 Quaenam
1330 1984 1486 2046 illa?
1543 2004 1673 2065 quas
1705 1986 1915 2047 crebro

277 2073 507 2148 radius,
542 2092 608 2134 ac
663 2073 996 2155 simplicius
1057 2073 1420 2148 enumeravi,
1481 2076 1636 2154 quod
1671 2083 1728 2136 et
1759 2093 1916 2136 nunc

278 2162 518 2225 faciam.

350 2248 446 2311 Fit
479 2247 650 2329 quasi
681 2249 944 2330 quaedam
980 2249 1293 2328 natatoria,
1327 2249 1550 2311 lumine
1582 2249 1779 2310 divino
1805 2249 1917 2311 cla-

278 2336 532 2411 rissima,
569 2347 627 2398 et
657 2357 727 2399 ea
777 2337 1193 2418 complectitur
1238 2339 1459 2400 omnia.
1522 2337 1679 2408 Quos
1709 2338 1916 2416 dignos

276 2423 593 2498 invenerit,
653 2427 810 2488 intus
856 2426 1098 2506 (quibus
1156 2426 1351 2488 verbis
1407 2427 1672 2507 eloquar,
1706 2426 1920 2507 quibus

280 2514 624 2595 enuntiabo,
659 2515 873 2595 quibus
905 2533 1011 2595 pro
1056 2513 1339 2593 dignitate
1389 2515 1735 2589 edisseram,
1794 2534 1921 2594 quae

281 2602 428 2663 ﬁunt
464 2603 489 2663 Υ
518 2603 602 2664 Da
635 2604 779 2664 mihi
831 2603 1009 2666 verba
1047 2604 1147 2683 qui
1191 2604 1426 2666 donasxi
1457 2605 1602 2665 mihi
1633 2605 1916 2678 animam,

280 2689 436 2751 Deus
461 2691 652 2772 meus)
677 2691 1330 2770 divinusSpirituscrgo
1350 2711 1482 2752 cum
1498 2691 1756 2768 Deussit,
1774 2712 1921 2772 quos

281 2778 431 2840 intra
465 2798 530 2840 se
559 2781 875 2859 acceperit,
940 2789 1093 2840 totos
1151 2780 1410 2858 reﬁngit,
1471 2789 1625 2841 totos
1654 2789 1915 2857 renovat,

282 2875 337 2928 et
356 2868 651 2930 instaurat
672 2869 1103 2931 admirabiliter
1127 2887 1140 2932 :
1169 2889 1279 2930 nec
1297 2869 1572 2931 sordibus
1596 2888 1797 2930 eorum
1823 2871 1920 2931 in-

281 2955 498 3016 ﬁcitur.
536 2955 605 3016 Et
653 2958 949 3036 quomodo
997 2975 1108 3018 nec
1163 2957 1318 3035 ignis
1376 2957 1670 3036 nigrorem
1705 2975 1736 3018 a
1765 2958 1920 3018 ferro

1998 1820 2185 1861 unum
2204 1802 2365 1861 omni
2390 1810 2612 1862 naturae
2634 1801 3024 1882 incognitum,
3054 1802 3374 1880 invisibile,
3402 1806 3645 1868 etinex-

1999 1889 2282 1969 plicabile
2309 1899 2417 1964 est,
2445 1889 2603 1969 quod
2633 1908 2699 1950 ex
2725 1889 3168 1970 comparatione
3182 1911 3538 1974 quocunque
3560 1896 3645 1957 in-

2000 1978 2279 2056 digitatur
2300 1979 2564 2040 nomine.
2594 1977 2747 2054 Ergo
2771 1978 2923 2038 istuc
2947 1997 3126 2038 unum
3150 1987 3238 2040 est
3259 1990 3467 2043 natura
3496 2006 3645 2062 τρισ-

1998 2069 2317 2141 υπόστατος,
2353 2086 2471 2128 una
2502 2067 2715 2146 deitas,
2769 2085 2953 2127 unum
3013 2086 3290 2144 regnum,
3323 2089 3440 2131 una
3470 2080 3645 2151 pote-

2001 2162 2123 2216 stas
2159 2175 2175 2232 ;
2213 2154 2471 2217 Trinitas
2501 2155 2720 2235 quippe
2748 2174 2932 2216 unum
2958 2163 3067 2218 est.
3103 2155 3358 2218 Trinitas
3399 2178 3516 2222 una
3556 2171 3646 2223 est

1998 2242 2156 2304 Deus
2187 2263 2374 2320 meus,
2412 2261 2528 2306 non
2562 2243 2698 2306 tria.
2753 2246 2870 2307 Sed
2932 2243 3319 2307 nihilominus
3350 2247 3460 2309 tria
3499 2250 3641 2313 illud

1998 2349 2208 2410 unum,
2233 2332 2561 2395 secundum
2582 2331 3019 2408 subsistentias,
3045 2343 3254 2396 natura
3285 2345 3485 2398 mutuo
3503 2343 3638 2415 ὁμο-

2004 2435 2154 2500 apol-:1:
2185 2429 2612 2501 competentes,
2640 2429 2697 2481 et
2726 2420 3255 2484 consubstanliales
3285 2426 3643 2490 omnimodis

2003 2507 2338 2590 inconfuse,
2397 2528 2577 2590 supra
2638 2519 2874 2589 captum
2930 2511 3252 2572 humanum
3316 2515 3529 2586 unitas,
3587 2526 3644 2578 et

2005 2615 2239 2659 rursum
2261 2597 2408 2659 citra
2437 2598 2788 2659 divisionem
2834 2598 3072 2674 divisas,
3107 2600 3167 2661 in
3201 2621 3382 2662 unum
3413 2605 3646 2668 scilicet

2003 2686 2135 2760 tria,
2171 2695 2228 2747 et
2258 2707 2440 2747 unum
2471 2691 2529 2746 in
2562 2687 2692 2750 tria.
2718 2686 2879 2749 Unus
2908 2689 3068 2749 enim
3101 2697 3209 2764 est,
3247 2690 3347 2771 qui
3375 2694 3644 2756 condidit

2005 2774 2203 2836 omnia
2232 2774 2405 2838 Jesus
2451 2775 2718 2838 Christus
2770 2795 2904 2838 cum
2959 2774 3131 2839 Patre
3182 2789 3422 2860 experte
3470 2783 3640 2863 prin-

2004 2863 2167 2942 cipii,
2202 2873 2258 2925 et
2287 2882 2421 2926 cum
2453 2863 2674 2944 Spiritu
2705 2873 2930 2941 sancto,
2995 2867 3164 2946 cujus
3212 2886 3380 2949 aeque
3409 2872 3637 2934 nullum

2004 2951 2262 3014 initium.

281 3044 598 3119 contrahit,
635 3033 694 3105 et
722 3045 806 3104 illi
839 3033 1211 3126 quaecunque
1253 3033 1873 3108 habetvcommunicat
1900 3033 1979 3113 ιο
2083 3039 2277 3103 Unum
2312 3041 2488 3118 igitur
2518 3042 2797 3116 Trinitas,
2831 3043 3080 3106 indivise
3127 3064 3390 3126 prorsus.
3423 3049 3489 3110 In
3521 3071 3638 3113 uno

280 3132 402 3210 pari
440 3133 618 3194 modo
667 3134 900 3194 divinus
948 3132 1206 3212 Spiritus
1259 3153 1391 3194 cum
1453 3134 1528 3195 sit
1555 3135 1917 3216 incorrupti-

278 3219 434 3296 bilis,
473 3232 534 3283 et
575 3222 949 3295 immortalis,
1015 3222 1522 3302 incorruptionem
1582 3223 1918 3286 etimmor-

277 3309 564 3372 talitatem
597 3309 882 3390 impertit.
937 3313 1004 3372 Et
1062 3330 1192 3372 cum
1252 3313 1330 3373 sit
1384 3311 1584 3371 lumen
1617 3331 1915 3392 nunquam

281 3400 585 3470 occidens,
621 3399 820 3460 lumen
852 3399 988 3460 facit
1036 3418 1264 3476 omnes,
1326 3419 1473 3479 quos
1502 3400 1810 3462 inhabitat.
1847 3402 1919 3464 Et

279 3504 411 3547 cum
445 3487 526 3548 sit
553 3487 688 3569 vita,
721 3488 998 3548 omnibus
1059 3489 1230 3549 vitam
1285 3488 1552 3566 largitur.
1589 3489 1660 3550 Ut
1691 3489 1920 3553 Christo

282 3584 508 3637 naturae
554 3595 820 3649 consors,
867 3585 924 3637 et
974 3576 1514 3652 consubstantialis,
1565 3587 1621 3638 et
1653 3579 1920 3658 ejusdem

284 3663 486 3742 gloriae
537 3665 760 3741 socius,
813 3665 985 3745 eique
1037 3665 1257 3739 unitus,
1316 3666 1423 3726 hos
1482 3668 1659 3727 etiam
1690 3667 1920 3730 Christo

282 3755 623 3815 simillimos
652 3753 870 3815 reddit.
903 3752 1106 3834 Neque
1164 3754 1320 3814 enim
1361 3753 1581 3816 invidet
1608 3755 1915 3833 Dominus,

282 3843 566 3904 mortales
588 3842 783 3903 divina
813 3843 998 3920 gratia
1029 3842 1142 3903 sibi
1176 3842 1404 3905 similes
1433 3843 1559 3902 ﬁcri
1593 3865 1608 3924 ;
1671 3863 1778 3906 nec
1809 3845 1918 3907 de-

282 3929 561 4010 dignatur
586 3949 787 3992 servos
813 3949 950 3992 suos
977 3930 1430 3992 similitudinem
1461 3931 1651 4011 ipsius
1680 3951 1920 4010 gerere;

279 4021 418 4099 quin
453 4020 805 4093 delectatur,
828 4029 883 4080 et
904 4019 1142 4099 gaudet,
1174 4019 1314 4080 dum
1355 4020 1548 4082 cernit
1572 4021 1716 4082 tales
1740 4021 1923 4082 factos

278 4125 385 4168 nos
413 4128 490 4170 ex
521 4107 864 4169 horninibus
908 4115 1094 4181 natos,
1131 4108 1310 4188 idque
1340 4126 1444 4188 per
1471 4108 1738 4186 gratiam,
1773 4127 1919 4189 qua-

2003 3138 2200 3190 autem
2229 3131 2361 3212 tria,
2396 3138 2455 3192 et
2482 3131 2739 3192 vicissim
2782 3134 2843 3192 in
2878 3133 3064 3195 tribus
3096 3154 3300 3211 unum,
3332 3139 3421 3199 vel
3446 3143 3642 3219 potius

2004 3237 2185 3309 unum
2223 3219 2332 3279 tria
2359 3220 2495 3309 ista,
2549 3228 2608 3280 et
2655 3229 2881 3297 contra,
2945 3221 3054 3282 tria
3109 3243 3314 3286 unum.
3345 3225 3639 3309 Intellige,

2003 3307 2204 3380 adora,
2238 3307 2414 3369 crede
2446 3327 2603 3370 nunc
2635 3317 2692 3370 et
2721 3309 2782 3369 in
2813 3310 3047 3372 saecula.
3113 3309 3238 3376 Hoc
3269 3314 3425 3374 enim
3458 3307 3639 3379 unum

2003 3414 2136 3456 cum
2167 3397 2525 3476 apparuerit,
2579 3417 2711 3459 cum
2764 3399 2997 3476 luxerit,
3059 3419 3192 3461 cum
3224 3404 3640 3485 participatum

2004 3493 2064 3545 et
2117 3487 2615 3549 communicatum
2687 3487 3127 3566 illuminaverit,
3187 3509 3364 3553 omne
3417 3495 3639 3558 bonum

2005 3583 2114 3635 est.
2178 3574 2467 3646 Quocirca
2526 3577 2701 3638 etiam
2761 3597 2877 3638 non
2936 3597 3140 3659 unum,
3204 3581 3307 3640 sed
3373 3583 3555 3645 multa
3607 3604 3642 3646 a

2006 3663 2178 3724 nobis
2207 3665 2422 3745 accipit
2451 3666 2715 3738 nomina,
2748 3666 2973 3747 lumen,
3007 3686 3141 3747 pax,
3173 3669 3477 3752 gaudium,
3501 3673 3638 3748 vita,

2006 3769 2160 3826 esca,
2196 3760 2387 3832 potus,
2421 3753 2856 3828 indumentum,
2887 3756 3636 3840 amictus,tabernaculum;

2004 3841 2269 3930 divinum
2288 3843 2712 3925 habitaculum,
2732 3843 3356 3928 oriens,,resurrectio,
3379 3851 3637 3930 requies,

2002 3928 2327 4005 lavacrum,
2362 3933 2539 4011 ignis,
2573 3952 2741 4013 aqua,
2798 3935 3035 4008 ﬂuvius,
3085 3936 3217 3996 fons
3262 3936 3410 4013 vitae,
3445 3928 3634 4001 fluen-

2005 4025 2150 4087 tum,
2185 4021 2354 4100 panis
2402 4030 2460 4082 et
2507 4021 2730 4096 vinum,
2765 4040 2976 4083 novum
3011 4031 3068 4084 et
3105 4024 3456 4103 exquisitum
3489 4028 3643 4091 ﬁde-

2005 4107 2146 4168 lium
2182 4109 2648 4184 condimentum,
2673 4110 2984 4190 opiparum
3018 4111 3636 4189 convivium,alimen-

277 4194 350 4257 lis
379 4196 514 4277 ipse
541 4197 774 4274 genitus
804 4203 911 4266 est,
968 4205 1026 4258 et
1079 4205 1286 4258 natura
1337 4205 1445 4257 est.
1481 4198 1624 4259 Cum
1657 4197 1814 4258 enim
1846 4197 1922 4257 sit
1942 4229 1984 4277 ο
2005 4204 2127 4257 tum
2157 4196 2530 4276 mysticarum
2561 4199 2928 4263 deliciarum.
2955 4198 3079 4261 Hoc
3107 4201 3195 4262 sol
3227 4211 3312 4262 est
3336 4222 3639 4285 nunquam

279 4283 649 4359 benefactor,
683 4287 827 4346 tales
858 4304 965 4346 nos
1023 4304 1154 4347 esse
1211 4286 1349 4362 vult,
1411 4285 1602 4366 qualis
1647 4285 1776 4366 ipse
1805 4293 1917 4348 est.

277 4374 428 4435 Nam
461 4376 514 4434 si
551 4373 842 4453 ejusmodi
874 4393 993 4434 non
1053 4373 1260 4454 simus,
1320 4375 1599 4453 perfecte,
1650 4375 1914 4455 inquam,

279 4463 533 4536 similes,
566 4462 865 4542 quomodo
919 4463 1003 4523 illi
1064 4463 1213 4523 uniti
1266 4463 1508 4540 erimus,
1546 4465 1695 4525 sicut
1726 4465 1920 4525 dixit?

278 4550 582 4630 quomodo
609 4551 783 4612 etiam
815 4550 877 4611 in
929 4569 998 4612 eo
1050 4550 1421 4612 manebimus
1450 4551 1480 4610 ‘?
1538 4561 1595 4612 et
1623 4553 1916 4632 quomodo

275 4639 406 4718 ipse
437 4640 500 4700 in
533 4639 705 4702 nobis
736 4639 1020 4716 manebit,
1055 4641 1104 4700 si
1134 4640 1189 4701 ei
1219 4639 1404 4701 simus
1426 4639 1920 4704 dissimiles?Hcc

278 4728 461 4806 igitur
509 4748 638 4789 cum
691 4729 1004 4809 perspicue
1062 4728 1284 4804 sciatis,
1365 4729 1593 4790 studete
1650 4731 1921 4810 accipere

277 4817 573 4896 Spiritum
605 4817 704 4897 qui
732 4835 802 4880 ex
856 4819 973 4880 Deo
1026 4825 1133 4895 est,
1187 4826 1244 4878 et
1272 4817 1510 4878 divinus
1541 4825 1650 4892 est,
1685 4826 1747 4879 ut
1777 4819 1922 4879 tales

277 4905 566 4980 evadatis,
618 4906 822 4986 quales
851 4925 959 4967 nos
1016 4905 1347 4986 docuimus,
1407 4906 1678 4968 caelestes
1728 4925 1796 4968 ac
1826 4907 1921 4968 di-

275 4994 423 5073 vini,
462 4995 665 5073 quales
694 4994 840 5056 dixit
892 4993 1199 5068 Dominus,
1250 5001 1315 5056 ut
1374 5001 1431 5054 et
1462 4993 1631 5072 regni
1662 4994 1916 5056 caelestis

277 5081 683 5144 bzereditatem
717 5081 941 5144 adeatis
969 5085 1030 5142 in
1063 5081 1519 5162 sempiternum.
1543 5081 1601 5146 Si
1629 5083 1773 5144 tales
1797 5103 1915 5146 non

275 5169 535 5250 fueritis,
583 5179 683 5233 aut
725 5171 824 5232 hic
883 5190 998 5231 non
1052 5170 1227 5244 ﬁctis,
1287 5171 1584 5252 caelestes,
1646 5180 1708 5233 ut
1768 5172 1909 5247 dixi,

2003 4286 2390 4377 occumbens,
2433 4296 2664 4377 astrum
2715 4307 2955 4368 semper
3010 4289 3354 4369 splendens,
3413 4293 3643 4377 lampas

2001 4373 2161 4434 intus
2192 4374 2253 4434 in
2285 4374 2587 4436 domicilio
2645 4377 2857 4438 animae
2914 4378 3221 4457 effulgens.
3286 4385 3414 4444 Hoc
3456 4373 3638 4446 unum

2002 4464 2184 4523 multa
2235 4471 2341 4540 est,
2407 4465 2717 4528 destruens
2787 4476 2847 4528 et
2899 4469 3220 4530 zediticans.
3281 4467 3406 4534 Hoc
3453 4493 3641 4538 unum

2004 4552 2180 4612 simul
2211 4553 2410 4613 omnia
2437 4555 2639 4616 verbo
2672 4556 2969 4635 produxit,
3031 4564 3089 4617 et
3143 4556 3362 4637 Spiritu
3412 4562 3644 4624 virtutis

2004 4659 2125 4701 suae
2157 4643 2280 4702 haec
2327 4643 2528 4732 omnia
2575 4643 2859 4707 continet.
2913 4644 3036 4706 Hoc
3069 4664 3274 4728 unum,
3312 4648 3548 4732 coelum,
3586 4659 3645 4712 et

2008 4736 2324 4820 terramex
2355 4731 2541 4792 nihilo
2574 4732 2861 4808 condidit,
2895 4733 3154 4796 essentia
3205 4731 3550 4820 impertivit,
3582 4746 3642 4800 et

2003 4816 2384 4880 inelfabiliter
2411 4822 2860 4901 coagmentavit.
2905 4820 3030 4884 Hoc
3079 4843 3261 4884 unum
3307 4816 3639 4904 solem,’lu-

2004 4924 2162 4982 nam,
2199 4908 2399 4970 stellas
2426 4910 2624 4988 (mira,
2678 4930 2847 4986 nova,
2906 4912 3182 4972 inusitata
3225 4913 3348 4993 res)
3377 4913 3505 4975 sola
3533 4933 3640 4976 vo-

2002 4994 2226 5057 luntate
2254 4997 2410 5059 fecit.
2465 4997 2588 5058 Hoc
2646 5019 2828 5060 unum
2884 4999 3319 5079 quadrupedes,
3378 5002 3640 5082 reptilia,

2001 5090 2061 5145 et
2088 5085 2266 5160 feras,
2301 5094 2357 5146 et
2384 5086 2687 5149 volucrum
2722 5105 2897 5150 omne
2925 5106 3134 5166 genus,
3171 5090 3428 5152 etmaris
3445 5091 3641 5171 pisces

1999 5173 2151 5235 sicut
2179 5173 2507 5250 cernimus,
2545 5175 2800 5237 existere
2823 5176 3025 5255 jussit.
3086 5176 3390 5240 Postremo
3439 5190 3639 5242 autem

275 5259 578 5338 quomodo
607 5260 726 5323 ullo
775 5260 949 5322 modo
985 5277 1119 5324 cum
1181 5260 1307 5339 ipso
1365 5259 1576 5321 ccelum
1608 5279 1708 5321 vos
1737 5259 1911 5322 habi-
1995 5259 2126 5322 loco
2159 5281 2254 5323 me
2307 5263 2492 5338 tinxit,
2555 5272 2829 5344 tanquam
2857 5282 3080 5343 regem,
3118 5270 3177 5326 et
3206 5264 3332 5327 haec
3361 5265 3642 5331 universa

275 5353 508 5410 taturos
549 5348 970 5411 arbitramini?
1016 5347 1312 5430 quomodo
1362 5346 1421 5407 in
1469 5367 1716 5428 regnum
1775 5368 1908 5410 cum
1993 5351 2068 5412 ad
2101 5349 2454 5433 obsequium
2489 5353 2634 5414 mihi
2665 5352 2920 5432 subjecit
2957 5373 2972 5431 ;
3024 5359 3087 5413 ut
3135 5369 3302 5416 more
3331 5372 3660 5420 servorum.

356 5507 424 5558 48
451 5504 619 5569 Joan.
655 5525 735 5590 Vl,
763 5509 980 5572 49-5ἳ.
