4054 6114
425 203 542 268 583

1728 209 1885 273 SY’M
1893 203 2118 274 EONI‘S
2156 209 2188 268 J
2196 205 2508 269 UNIORIS

3665 203 3785 270 584

422 337 809 400 necessitates
867 352 1029 397 meas
1086 337 1421 416 explerent.
1479 338 1548 398 Et
1595 339 1830 419 quidem
1864 339 2122 402 omniaA
2145 356 2300 400 sum.
2335 337 2557 400 Nerum
2590 345 2652 400 ut
2681 337 3084 418 publicanum,
3141 347 3200 400 et
3240 340 3628 402 meretricem
3657 356 3802 417 sup-

421 435 634 486 catera
664 426 841 502 hujus
891 424 1089 498 unius,
1152 424 1281 498 Dei,
1342 426 1603 506 inquam,
1664 429 2065 490 universitatis

421 514 761 575 mandatum
786 512 1245 587 custodiverunt,
1273 523 1330 574 et
1353 514 1674 576 etiamnum
1699 518 2062 591 custodiunt;

421 623 528 683 ego
563 605 741 665 miser
771 604 928 663 solus
989 602 1251 681 ingratus
1307 605 1574 684 apparui,
1638 613 1694 666 et
1728 607 2058 686 improbus,

421 705 479 755 et
506 691 859 753 inobediens
891 696 1013 754 Deo
1048 692 1238 752 fictori
1292 712 1447 763 meo,
1512 703 1568 754 et
1626 696 1731 775 qui
1762 697 1905 758 mihi
1938 698 2063 758 lia-3

417 781 616 842 omnia
647 780 1136 841 bonaliberaliter
1161 781 1409 859 prabuit
1433 783 1763 864 violatoque
1790 787 2061 848 mandato

415 871 606 932 factus
652 889 780 949 sum
812 869 1056 943 inutilis,
1086 870 1516 950 jumentisque,
1566 887 1623 933 et.
1657 874 1820 953 feris,
1856 874 2063 936 bestiis

416 974 473 1022 et
503 959 834 1039 reptilibus,
870 968 927 1019 et
953 959 1290 1019 volucribus
1323 959 1570 1020 inferior
1621 979 1689 1024 ac
1739 963 1908 1042 pejor
1956 983 2061 1042 ap-

417 1049 607 1130 parui,
642 1057 697 1110 et
749 1069 779 1107 a
836 1056 999 1109 recto
1049 1047 1264 1109 itinere
1324 1048 1644 1127 digressus,
1682 1053 1876 1112 datam
1915 1053 2058 1112 mihi

417 1139 662 1218 gloriam
695 1137 898 1198 infelix
934 1137 1187 1217 perdidi,
1216 1137 1549 1218 lucidaque,
1583 1147 1640 1201 et
1680 1141 1876 1202 divina
1907 1143 2061 1203 stola

419 1229 702 1308 spoliatus
734 1246 889 1301 sum,
927 1226 1071 1286 etin
1125 1226 1386 1288 tenebris
1438 1237 1630 1300 natus,
1695 1250 1852 1292 nunc
1880 1231 1940 1291 in
1975 1239 2061 1292 te-

419 1317 619 1377 nebris
645 1317 840 1396 jaceo,
875 1325 934 1378 et
965 1335 1056 1374 me
1104 1315 1236 1376 luce
1297 1316 1581 1393 privatum
1617 1320 1839 1381 nescio.
1873 1320 2053 1395 Ecce,

416 1405 680 1484 inquam,
715 1405 799 1465 sol
834 1404 990 1465 diem
1045 1403 1361 1477 illuminat,
1421 1423 1595 1484 quem
1653 1415 1825 1469 nocte
1857 1427 2060 1488 super-

415 1494 689 1556 veniente
718 1493 991 1554 occidere
1023 1493 1212 1553 video.
1249 1493 1398 1553 Tum
1451 1503 1514 1554 ut
1567 1494 1820 1577 videam,
1856 1515 2062 1558 cereos

415 1591 470 1643 et
522 1582 859 1675 lampadem
899 1581 1182 1675 accendo.
1362 1583 1503 1675 quid
1535 1585 1687 1645 alius
1719 1587 1893 1646 homo
1926 1587 2058 1666 plus
2086 1629 2120 1675 Β

417 1691 511 1733 me
537 1672 713 1732 habet
743 1669 773 1730 ‘?
803 1671 900 1733 Sic
933 1670 1088 1730 enim
1142 1671 1414 1731 homines
1464 1673 1524 1732 in
1582 1675 1800 1735 mundo
1831 1677 2050 1747 vident,

411 1761 699 1840 aliterque
731 1767 829 1821 aut
858 1760 989 1839 plus
1026 1777 1226 1821 nemo.
1259 1759 1395 1821 Hac
1427 1778 1560 1822 cum
1597 1763 1755 1837 dico,
1794 1766 2053 1826 mentior

415 1863 472 1910 et
528 1849 815 1929 meipsum
864 1849 1024 1920 ludo,
1089 1850 1381 1928 meipsum
1445 1850 1603 1923 fallo,
1665 1861 1722 1912 et
1770 1853 2048 1916 adversus

412 1949 635 2001 memet
660 1957 754 1998 me
779 1939 959 2017 jacto,
995 1939 1135 1997 dum
1169 1939 1302 1997 nolo
1337 1956 1430 1997 me
1453 1957 1671 2000 cacum
1692 1959 1823 2002 esse
1844 1961 2055 2019 cogno-

413 2046 604 2102 scere,
638 2028 776 2087 dum
811 2027 945 2086 nolo
980 2027 1271 2105 laborare,
1308 2027 1440 2086 nolo
1492 2046 1723 2088 sursum
1756 2030 2048 2110 aspicere,

411 2117 546 2177 nolo
579 2118 889 2177 damnatus
923 2135 1028 2193 ego
1061 2134 1250 2175 meam
1285 2115 1605 2176 caecitatem
1625 2136 1965 2196 agnoscere.

491 2205 636 2267 Dico
669 2214 887 2278 autem,
922 2205 1051 2282 quis
1110 2204 1252 2264 vidit
1308 2203 1493 2264 Deum
1559 2205 1760 2266 lumen
1795 2209 1998 2268 mundi
2033 2209 2046 2267 !

412 2304 474 2358 et
503 2297 646 2358 dum
689 2298 797 2356 hoc
830 2296 987 2371 dico,
1027 2313 1264 2374 prorsus
1299 2313 1415 2354 non
1462 2297 1678 2368 sentio,
1710 2315 1838 2356 :non
1869 2296 2048 2358 intel-

409 2386 550 2462 ligo,
584 2384 857 2456 Domine,
893 2401 987 2443 me
1039 2383 1190 2442 male
1237 2381 1519 2460 c0gitare,
1584 2393 1640 2446 et
1703 2385 1884 2464 loqui.
1937 2386 2048 2457 Qui

407 2491 661 2552 namque
694 2473 891 2532 lumen
926 2479 1088 2531 tuum
1121 2490 1237 2530 non
1266 2471 1444 2544 videt,
1483 2480 1538 2531 et
1570 2491 1635 2532 se
1666 2473 1866 2534 videre
1896 2476 2050 2536 affir-

411 2570 550 2640 mat,
584 2561 702 2621 imo
733 2578 872 2620 vero
921 2558 1288 2638 impossibile
1345 2559 1487 2619 dicit
1533 2578 1685 2634 esse,
1721 2561 1923 2624 videre
1951 2563 2046 2624 lu-

407 2668 543 2709 men
575 2649 777 2727 gloria
809 2657 947 2721 tua,
979 2667 1188 2708 omnes
1240 2649 1686 2728 prophetarum,
1745 2652 2043 2730 apostolo-

400 2757 654 2817 rumque
685 2737 1038 2816 Scripturas,
1098 2745 1152 2798 et
1210 2755 1539 2813 sermones,
1595 2751 1773 2816 atque
1804 2757 2047 2801 cecono-

410 2826 590 2886 miam
624 2835 803 2901 tuam,
840 2827 1002 2900 Jesu,
1040 2833 1234 2902 negat.
1265 2824 1326 2886 Si
1357 2825 1513 2885 enim
1547 2824 1618 2884 ab
1651 2827 1768 2886 alto
1803 2827 2047 2890 illnxisti

405 2923 461 2976 et
515 2915 576 2974 in
609 2913 873 2975 tenebris
901 2913 1246 2994 apparuisti,
1283 2921 1340 2974 et
1387 2914 1680 2975 advenisti
1727 2914 1788 2975 in
1821 2917 2041 2978 mundo

404 3021 570 3064 more
602 3012 800 3063 nostro
855 3003 1061 3063 volens
1117 3001 1461 3063 conversari
1518 3021 1649 3063 cum
1701 3005 2041 3067 hominibus

2151 425 2466 505 plicantem
2501 444 2596 486 me
2616 427 2876 506 suscipe,
2905 426 3178 490 Domine.
3230 429 3359 490 Etsi
3400 447 3509 508 ego
3539 448 3657 490 non
3693 446 3798 508 pe-

2148 515 2322 575 rinde
2356 517 2468 578 ﬂeo
2502 533 2518 590 ;
2572 516 2683 577 etsi
2733 535 2849 577 non
2883 517 3158 578 similiter
3188 519 3376 598 pedes
3407 527 3542 578 tuos
3575 516 3802 596 capillis

2148 603 2297 664 meis
2329 611 2618 682 extergo;
2675 604 2785 665 etsi
2841 624 2959 665 non
3017 605 3296 668 similiter
3349 625 3546 684 gemo,
3605 615 3665 668 et
3711 606 3800 666 la-

2148 701 2402 767 mentor,
2439 701 2632 753 tamen
2667 700 2728 753 tu
2760 712 3000 756 emanas
3047 695 3545 776 misericordiam,
3580 702 3640 756 et
3670 713 3796 756 sca-

2147 780 2294 841 turis
2323 781 2790 856 miserationem,
2824 790 2882 843 et
2911 784 3076 862 quasi
3109 802 3141 846 e
3193 785 3353 846 fonte
3409 784 3666 845 etfundis
3699 782 3795 844 bo-

2147 867 2412 943 nitatem,
2449 888 2557 949 per
2586 888 2717 950 quae
2749 870 3034 934 miserere
3065 873 3206 933 mei.
3255 873 3382 948 Eia,
3439 872 3538 953 qui
3589 885 3794 932 manus

2145 965 2202 1018 et
2233 958 2417 1037 pedes
2451 966 2582 1019 tuos
2617 961 2764 1019 lixus
2794 978 2857 1020 es
2913 960 2974 1020 in
3034 979 3236 1036 cruce,
3301 972 3360 1023 et
3405 965 3607 1023 lancea
3649 961 3798 1021 latus

2141 1054 2404 1126 apertus,
2437 1065 2469 1106 ο
2506 1047 3093 1124 misericordissime,
3131 1051 3427 1113 miserere
3470 1049 3608 1123 mei,
3637 1048 3794 1110 etab

2142 1137 2278 1215 igne
2311 1139 2673 1218 sempiterno
2707 1159 2876 1202 serva
2921 1159 3040 1216 me,
3081 1149 3140 1202 et
3169 1143 3412 1221 dignum
3447 1142 3558 1217 fac,
3596 1141 3791 1222 quide

2140 1227 2371 1306 reliqqo
2397 1228 2659 1308 approbe
2679 1231 2931 1290 serviam
2963 1229 3100 1306 tibi,
3137 1239 3194 1292 et
3217 1239 3357 1292 tunc
3377 1230 3794 1292 indamnabilis

2140 1324 2292 1376 stem
2324 1335 2522 1377 coram
2553 1325 2631 1398 te,
2658 1319 3037 1398 accipiarque
3069 1323 3224 1380 intra
3255 1321 3575 1382 thalamum
3602 1329 3788 1399 tuum,

2142 1403 2242 1465 ubi
2271 1405 2518 1468 latahor
2540 1415 2742 1468 tecum
2777 1406 2934 1469 bono
2970 1409 3221 1471 Domino
3251 1410 3311 1470 in
3335 1413 3534 1471 omnia
3553 1409 3789 1470 sacula.

2146 1496 2362 1557 Amen.

2685 1613 2935 1678 CAPUT
2981 1615 3246 1678 XXXIII.

2139 1731 2456 1816 Confessio
2507 1737 2854 1813 precationi
2916 1739 3253 1812 conjuncta,
3317 1745 3377 1797 et
3435 1738 3512 1799 de
3568 1739 3786 1816 copula

2171 1815 2370 1874 sancti
2399 1814 2676 1893 Spiritus
2701 1832 2839 1875 cum
2858 1817 3386 1894 perturbationum
3409 1814 3740 1879 vacuitate.

2214 1933 2543 2014 Elongat'i,
2579 1953 2612 1993 ο
2644 1933 2922 2015 benigne,
2954 1942 3153 1997 mansi
3178 1942 3243 1998 in
3261 1938 3596 2001 solitudine
3614 1939 3698 2011 49,
3727 1947 3791 2001 et

2135 2019 2419 2081 abscondi
2453 2041 2546 2082 me
2572 2023 2678 2084 abs
2709 2032 2763 2084 te
2819 2025 2979 2084 dulci
3029 2024 3302 2088 Domino.
3338 2026 3784 2090 Circumventus

2137 2119 2310 2170 nocte
2341 2111 2758 2173 sollicitudinis
2790 2113 2922 2172 vita
2953 2113 3148 2193 hujus,
3202 2115 3418 2174 multos
3444 2114 3584 2176 inde
3616 2135 3780 2178 mor-

2133 2217 2254 2272 sus,
2287 2217 2354 2260 ac
2385 2201 2629 2260 vulnera
2657 2199 2910 2260 suSIinui
2949 2222 2961 2262 :
3019 2201 3235 2263 multas
3276 2203 3474 2281 plagas
3502 2222 3776 2266 reversus

2130 2286 2257 2348 fero
2287 2289 2348 2348 in
2378 2288 2575 2348 anima
2607 2306 2761 2368 mea,
2798 2289 3110 2370 clamoque
3143 2291 3203 2350 in
3257 2292 3546 2363 cruciatu,
3582 2301 3639 2354 et
3665 2294 3775 2355 do-

2131 2375 2256 2437 lore
2285 2377 2483 2438 cordis
2516 2377 2631 2437 mei
2663 2397 2674 2437 :
2700 2376 2985 2440 Miserere
3010 2379 3126 2438 mei
3152 2381 3639 2462 praevaricatoris,
3657 2381 3773 2442 mi-

2133 2482 2357 2545 serere,
2392 2485 2424 2524 (ι
2458 2465 2711 2540 medice,
2755 2467 2855 2544 qui
2880 2466 3077 2545 diligis
3104 2467 3354 2548 animas,
3377 2476 3446 2528 .et
3476 2469 3640 2532 solus
3668 2471 3776 2531 ad-

2131 2553 2369 2614 modum
2399 2555 2656 2615 libenter
2677 2556 3003 2618 misereris.
3029 2555 3142 2628 Qui
3162 2556 3359 2634 agris,
3380 2567 3440 2619 et
3459 2559 3780 2620 vulneratis

2132 2643 2388 2704 moderis
2436 2643 2645 2723 gratis,
2700 2643 2942 2706 medere
2998 2645 3291 2706 vibicibus
3348 2656 3408 2707 et
3436 2648 3778 2709 vulneribus

2133 2734 2311 2809 meis,
2337 2733 2506 2796 Stilla
2537 2736 3007 2798 misericordiam
3039 2737 3240 2814 gratia
3271 2746 3379 2798 tua
3405 2740 3562 2800 Deus
3581 2757 3776 2813 meus,

2131 2821 2408 2884 oblittera
2433 2824 2653 2903 plagas,
2679 2831 2855 2904 atque
2879 2825 3084 2886 ulcera
3107 2844 3259 2902 mea,
3285 2827 3346 2886 in
3377 2846 3559 2887 unum
3589 2834 3767 2888 attra-

2130 2911 2225 2987 he,
2263 2920 2318 2972 et
2353 2915 2691 2992 constringe
2723 2914 2876 2974 male
2907 2914 3190 2975 dissoluta
3223 2914 3486 2974 membra
3517 2932 3668 2989 mea,
3712 2921 3772 2976 et

2063 2985 2333 3061 Domnes
2364 2985 2668 3063 cicatrices
2700 3020 2862 3063 meas
2887 3003 3044 3076 dele,
3069 3020 3275 3082 meque
3299 3009 3482 3062 totum
3505 2985 3768 3080 perfecte

347 3129 350 3132 ~
405 3093 767 3167 humaniter,
803 3102 857 3152 et
906 3092 1107 3152 lumen
1152 3092 1362 3151 mundi
1414 3092 1670 3171 teipsum
1703 3111 1856 3170 esse,
1893 3095 2037 3157 citra
2123 3106 2286 3162 sana,
2321 3099 2386 3151 ut
2415 3090 2601 3171 prius,
2637 3092 2871 3169 quando
2905 3110 2998 3152 me
3032 3092 3189 3152 nulla
3217 3090 3769 3171 fadabatinquina-

400 3185 712 3244 vanitatem
745 3181 963 3261 dixisti,
999 3200 1106 3241 nos
1136 3189 1334 3241 autem
1367 3189 1421 3241 te
1477 3201 1593 3241 non
1642 3181 1931 3261 videmus,
1963 3203 2038 3246 an
2123 3181 2225 3251 tio.
2250 3179 2426 3239 nulla
2459 3179 2652 3254 vibex,
2702 3199 2814 3242 nec
2869 3181 3036 3260 plaga
3087 3191 3324 3240 tumens
3354 3188 3459 3240 aut
3487 3181 3771 3242 macula:

399 3290 515 3333 non
543 3275 775 3351 penitus
804 3271 964 3343 caci,
999 3278 1057 3331 et
1088 3269 1258 3330 caecis
1285 3269 1744 3332 miserabiliores
1773 3291 1980 3334 sumus
2007 3274 2038 3333 ‘?
2120 3267 2226 3328 sed
2249 3285 2480 3329 mecum
2501 3277 2625 3329 erat
2649 3270 3067 3349 tranquillitas,
3091 3269 3391 3346 gaudium,
3426 3286 3560 3348 pax,
3594 3285 3772 3331 man-

399 3359 724 3422 Verissime
757 3358 995 3431 mortui,
1032 3369 1090 3416 et
1122 3357 1262 3418 caci
1305 3375 1533 3438 sumus,
1581 3358 1720 3417 dum
1755 3366 1810 3419 te
1841 3358 2032 3420 viviﬁ-

397 3468 529 3510 cum
565 3449 764 3509 lumen
780 3466 895 3507 non
923 3446 1243 3507 cernimus.
1271 3444 1468 3507 Solem
1493 3447 1650 3507 hunc
1679 3465 2031 3527 corporeum

397 3537 540 3599 caci
568 3556 686 3598 non
715 3536 935 3616 vident,
967 3535 1165 3595 vivunt
1197 3542 1416 3596 tamen.
1459 3544 1517 3595 et
1540 3554 1891 3617 quocunque
1917 3557 2038 3598 mo-

399 3626 473 3687 do
507 3626 765 3687 motibus
796 3627 1065 3700 cientur;
1115 3644 1231 3684 non
1263 3625 1420 3685 enim
1454 3625 1628 3684 vitam
1683 3625 1883 3706 donat,
1929 3627 2035 3688 sed

397 3723 460 3777 ut
491 3715 689 3776 videas
748 3715 1047 3778 duntaxat.
1108 3713 1194 3774 Tu
1253 3722 1448 3774 autem
1508 3733 1640 3774 cum
1701 3714 1783 3774 sis
1839 3715 2036 3777 omnia

393 3803 551 3865 bona
581 3821 821 3885 semper
848 3803 1048 3864 omnia
1091 3803 1194 3863 das
1257 3802 1446 3863 servis
1489 3803 1604 3862 tuis
1649 3801 2025 3867 videntibus:

392 3892 756 3968 videntibus,
811 3891 1075 3972 inquam,
1129 3893 1329 3953 lumen
1390 3900 1577 3954 tuum.
1635 3889 1706 3952 Et
1755 3892 2031 3973 quoniam

391 3983 502 4043 vita
532 4001 615 4058 es,
652 4001 785 4043 cum
819 3982 949 4042 aliis
980 3980 1252 4041 omnibus
1282 3979 1475 4060 bonis,
1528 3999 1657 4060 quae
1694 3987 1751 4040 tu
1782 3981 1909 4061 ipse
1939 4000 2026 4057 es,

393 4071 569 4133 etiam
606 4070 781 4132 vitam
815 4069 1067 4146 largiris.
1103 4068 1257 4131 Vere
1291 4069 1450 4130 enim
1484 4069 1684 4129 omnia
1716 4069 1776 4128 in
1809 4063 1863 4130 te
1895 4089 2028 4149 pos-

391 4159 566 4239 sidet,
600 4159 700 4239 qui
748 4168 805 4219 te
859 4158 1060 4221 habet.
1113 4159 1203 4220 Ne
1261 4159 1457 4238 priver
1515 4167 1571 4218 te
1617 4157 1891 4238 Domine,
1925 4177 2023 4239 ne,

2118 3359 2617 3432 suetudo,sancta
2674 3358 2998 3430 humilitas,
3059 3369 3117 3418 et
3174 3357 3613 3438 longanimitas,
3663 3377 3770 3438 pa-

2117 3445 2356 3527 tientia,
2385 3448 2796 3528 bonorumque
2827 3467 3074 3528 operum
3094 3447 3407 3522 claritudo,
3430 3449 3762 3525 tolerantia,

2127 3543 2185 3596 et
2213 3537 2450 3615 penitus
2482 3537 2698 3597 invicta
2725 3537 2930 3616 virtus,
2961 3537 3120 3597 unde
3150 3535 3514 3616 quotidiana
3537 3544 3596 3595 et
3624 3554 3764 3597 sua-

2125 3625 2384 3686 vissimae
2411 3627 2703 3704 lacryma.
2733 3625 2892 3686 unde
2919 3624 3254 3686 exsultatio
3305 3625 3366 3684 in
3416 3624 3598 3684 corde
3631 3643 3768 3685 meo

2121 3713 2278 3774 velut
2306 3715 2436 3775 fons
2466 3713 2844 3790 scaturiebat,
2899 3713 3235 3792 ﬂuebatque
3275 3713 3522 3792 jugiter,
3557 3725 3617 3772 et
3641 3721 3770 3774 erat

2114 3803 2720 3882 ﬂuentummelleum,
2748 3809 2803 3862 et
2823 3809 2996 3881 potus
3022 3801 3235 3862 latitia
3257 3802 3494 3861 assiduo
3521 3819 3767 3863 versans

2112 3888 2174 3950 in
2200 3909 2302 3952 ore
2324 3891 2542 3952 mentis
2573 3909 2723 3951 mea
2747 3911 2762 3966 ;
2786 3891 2945 3952 unde
2966 3890 3160 3950 omnis
3190 3889 3431 3970 sanitas,
3457 3889 3615 3952 unde
3647 3909 3760 3969 pu-

2113 3981 2277 4055 ritas,
2311 3980 2473 4041 unde
2506 3979 2794 4040 malorum
2824 3978 3200 4040 atl‘ectionum
3234 3979 3480 4054 sedatio,
3517 3985 3574 4040 et
3601 3977 3762 4055 cogi-

2113 4069 2682 4130 tationuminanium
2718 4067 2998 4148 abjectio,
3024 4067 3181 4128 unde
3201 4067 3348 4127 mihi
3394 4068 3615 4123 ἀπάθεια
3649 4085 3758 4128 co-

2109 4175 2282 4218 rusca
2295 4156 2734 4236 quodammodo
2755 4156 2979 4235 aderat,
3007 4164 3312 4216 etmecum
3328 4155 3762 4216 consuescebat

393 4247 470 4307 mi
531 4229 784 4326 creator,
848 4247 1044 4327 priver
1098 4255 1176 4320 te,
1237 4229 1312 4307 ne
1371 4257 1428 4308 te
1487 4246 1706 4327 priver,
1790 4229 2521 4324 miseri:C(spiritualiter
2555 4245 2841 4322 intellige,
2875 4229 3400 4323 quihaclegendo
3428 4243 3755 4322 percurris,

389 4353 544 4409 cors,
579 4353 685 4414 ego
718 4335 980 4409 humilis,
1037 4342 1094 4395 et
1139 4335 1514 4414 peregrinus.
1574 4335 1809 4398 Etenim
1849 4353 2026 4415 pere-
2113 4331 3758 4414 neturpiterinquineris)immensamvoluptatemcon-

387 4423 618 4503 grinus,
679 4433 735 4486 et
780 4424 1108 4504 inquilinus
1180 4425 1302 4497 hic,
1365 4433 1428 4485 ut
1483 4424 1590 4485 tibi
1650 4424 2023 4504 complacuit,
2113 4423 2428 4504 miSiionis,
2457 4423 2870 4502 inﬁnitumque
2903 4422 3242 4500 nuptiarum
3273 4420 3760 4499 divinaconjun-

388 4529 508 4572 non
539 4513 854 4586 voluntate,
892 4531 1009 4573 non
1041 4521 1251 4592 sponte
1283 4532 1414 4575 mea
1462 4513 1650 4575 factus
1681 4533 1811 4574 sum
1849 4534 1863 4573 .'
1923 4515 2027 4576 sed
2109 4511 2325 4574 ctionis
2355 4513 2504 4573 mihi
2528 4511 2898 4572 desiderium
2927 4510 3191 4572 inferens
3226 4531 3241 4591 ;
3293 4527 3364 4570 ex
3416 4529 3532 4590 qua
3558 4519 3616 4570 et
3646 4528 3758 4590 ego

386 4600 574 4679 gratia
605 4608 703 4660 tua
751 4600 1042 4680 meipsum
1101 4601 1258 4662 inter
1314 4602 1440 4662 hac
1495 4601 1752 4663 visibilia
1783 4603 2030 4681 cognovi
2108 4610 2386 4681 mutatus,
2414 4601 2636 4663 solutus
2659 4619 2790 4662 sum
2820 4599 3390 4680 perturbationibus,
3417 4600 3755 4660 inﬂamma-

387 4689 702 4770 hospitem,
735 4689 1210 4750 intellectualiter
1263 4689 1596 4752 illustratus
1643 4700 1741 4752 tuo
1772 4692 2020 4767 lumine,
2107 4702 2198 4753 tus
2246 4691 2571 4767 voluptate,
2599 4689 2954 4751 etincensus
2983 4691 3113 4768 ejus
3135 4688 3456 4763 desiderio,
3482 4689 3748 4768 etparti-

385 4787 843 4858 perspectoque,
876 4785 934 4838 te
966 4778 1039 4838 ad
1093 4779 1380 4840 mundum
1436 4780 1914 4856 immaterialem,
1969 4789 2027 4842 et
2105 4799 2246 4860 ceps
2278 4780 2544 4854 luminis,
2581 4779 2700 4840 imo
2733 4787 2791 4839 et
2821 4779 3024 4840 lumen
3059 4777 3241 4857 evasi,
3272 4777 3437 4838 omni
3475 4775 3756 4857 paSsione

381 4866 890 4946 inaspectabilem,
925 4866 1266 4947 transferre,
1303 4877 1361 4928 et
1388 4869 1449 4928 in
1463 4887 1532 4929 eo
1547 4868 1743 4930 facere
1758 4870 2025 4932 habitare
2105 4868 2399 4949 superior,
2434 4867 2504 4928 ab
2528 4867 2691 4928 omni
2721 4866 2982 4946 nequitia
3010 4873 3294 4927 remotus.
3319 4867 3450 4928 Non
3476 4865 3636 4927 enim
3661 4873 3752 4927 at-

381 4971 566 5033 genus
631 4954 975 5034 humanum,
1036 4954 1434 5017 describendo
1489 4975 1555 5018 ac
1607 4956 2020 5021 distribuendo
2105 4957 2278 5036 tingit
2306 4958 2507 5019 lumen
2539 4956 2788 5036 apathia
2813 4956 3028 5036 passio,
3063 4963 3127 5015 ut
3156 4973 3266 5015 nec
3297 4954 3481 5015 solem
3511 4953 3748 5034 umbra,

381 5060 487 5122 pro
545 5042 778 5105 meritis
836 5041 1049 5122 cuique
1107 5042 1535 5106 habitationem
1587 5063 1778 5126 suam,
1813 5065 1918 5126 pro
1950 5065 2020 5108 eo
2103 5056 2204 5108 aut
2243 5054 2550 5108 nocturna
2597 5044 3073 5107 tenebra.Talis
3117 5062 3293 5124 porro
3346 5062 3481 5105 cum
3527 5061 3750 5119 essem,

381 5131 692 5193 scilicetac
713 5132 1264 5194 servavitmandata
1294 5141 1417 5194 tua.
1452 5133 1773 5212 Propterea
1812 5154 2024 5216 precor
2105 5135 2250 5196 mihi
2280 5135 2470 5197 fidens
2500 5135 2737 5196 inflatus
2772 5133 3223 5214 suntsuperbia,
3247 5151 3568 5214 rerumque
3601 5151 3748 5194 sen-

367 5227 441 5281 .ut
467 5239 563 5281 me
619 5228 816 5282 tecum
868 5221 1147 5298 colloces,
1212 5223 1444 5285 tametsi
1503 5224 1737 5303 peccavi
1770 5224 2015 5285 multum
2101 5223 2362 5286 sibilium
2395 5223 2816 5299 sollicitudine,
2855 5231 2913 5284 et
2938 5222 3097 5283 curis
3127 5221 3258 5282 vita
3279 5221 3749 5283 subtractusde-

376 5325 556 5388 supra
587 5326 797 5370 omnes
829 5309 1130 5385 mortales,
1165 5327 1455 5392 panaque
1484 5311 1782 5374 etultione
1807 5311 2019 5390 dignus
2101 5312 2221 5374 cidi
2251 5313 2472 5386 infelix,
2506 5310 3010 5390 refrigeratusque
3039 5309 3344 5388 nigrorem
3379 5308 3523 5371 ferri
3551 5309 3745 5390 indui,

459 5475 522 5524 49
549 5474 705 5539 Psal.
737 5493 858 5554 LIV,
891 5476 951 5540 8.
