  <div class='ocr_page' id='page_1' title='image "/cluster/home/n/w/nwhite01/storage/ocr_20150623/120/mdp.39015008866736/299.png"; bbox 0 0 4054 6114; ppageno 0'>
   <div class='ocr_carea' id='block_1_1' title="bbox 433 278 547 357">
    <p class='ocr_par' dir='ltr' id='par_1_1' title="bbox 433 278 547 357">
     <span class='ocr_line' id='line_1_1' title="bbox 433 278 547 357; baseline 0.018 -2"><span class='ocrx_word' id='word_1_1' title='bbox 433 278 547 357; x_wconf 65' lang='lat'><strong>58&#39;?</strong></span> 
     </span>
    </p>
   </div>
   <div class='ocr_carea' id='block_1_2' title="bbox 1753 294 2534 367">
    <p class='ocr_par' dir='ltr' id='par_1_2' title="bbox 1753 294 2534 367">
     <span class='ocr_line' id='line_1_2' title="bbox 1753 294 2534 367; baseline 0.001 -1"><span class='ocrx_word' id='word_1_2' title='bbox 1753 294 2137 366; x_wconf 79' lang='lat' dir='ltr'><strong>SYMEONIS</strong></span> <span class='ocrx_word' id='word_1_3' title='bbox 2175 302 2534 367; x_wconf 77' lang='lat' dir='ltr'><strong>JUNIURIS</strong></span> 
     </span>
    </p>
   </div>
   <div class='ocr_carea' id='block_1_3' title="bbox 3698 296 3823 361">
    <p class='ocr_par' dir='ltr' id='par_1_3' title="bbox 3698 296 3823 361">
     <span class='ocr_line' id='line_1_3' title="bbox 3698 296 3823 361; baseline -0.016 0"><span class='ocrx_word' id='word_1_4' title='bbox 3698 296 3823 361; x_wconf 76' lang='lat'><strong>588</strong></span> 
     </span>
    </p>
   </div>
   <div class='ocr_carea' id='block_1_4' title="bbox 429 409 3818 519">
    <p class='ocr_par' dir='ltr' id='par_1_4' title="bbox 429 409 3818 519">
     <span class='ocr_line' id='line_1_4' title="bbox 429 409 3818 519; baseline 0.001 -28"><span class='ocrx_word' id='word_1_5' title='bbox 429 431 593 510; x_wconf 91' lang='lat' dir='ltr'><strong>plum</strong></span> <span class='ocrx_word' id='word_1_6' title='bbox 621 430 931 503; x_wconf 79' lang='lat' dir='ltr'><strong>claritatis,</strong></span> <span class='ocrx_word' id='word_1_7' title='bbox 990 441 1047 491; x_wconf 91' lang='lat' dir='ltr'><strong>et</strong></span> <span class='ocrx_word' id='word_1_8' title='bbox 1105 432 1355 510; x_wconf 82' lang='lat' dir='ltr'><strong>fulgoris</strong></span> <span class='ocrx_word' id='word_1_9' title='bbox 1416 433 1499 494; x_wconf 88' lang='lat' dir='ltr'><strong>lui</strong></span> <span class='ocrx_word' id='word_1_10' title='bbox 1558 433 1898 506; x_wconf 85' lang='lat' dir='ltr'><strong>exhibuisti,</strong></span> <span class='ocrx_word' id='word_1_11' title='bbox 1951 435 2142 514; x_wconf 72' lang='lat' dir='ltr'><strong>ejusA</strong></span> <span class='ocrx_word' id='word_1_12' title='bbox 2168 443 2307 497; x_wconf 83' lang='lat' dir='ltr'><strong>tunc</strong></span> <span class='ocrx_word' id='word_1_13' title='bbox 2341 439 2654 509; x_wconf 89' lang='lat' dir='ltr'><strong>honorem,</strong></span> <span class='ocrx_word' id='word_1_14' title='bbox 2711 450 2769 502; x_wconf 90' lang='lat' dir='ltr'><strong>et</strong></span> <span class='ocrx_word' id='word_1_15' title='bbox 2825 439 3098 501; x_wconf 80' lang='lat' dir='ltr'><strong>stabilem</strong></span> <span class='ocrx_word' id='word_1_16' title='bbox 3160 409 3406 519; x_wconf 85' lang='lat' dir='ltr'><strong>gloriam</strong></span> <span class='ocrx_word' id='word_1_17' title='bbox 3457 437 3668 517; x_wconf 86' lang='lat' dir='ltr'><strong>adepta</strong></span> <span class='ocrx_word' id='word_1_18' title='bbox 3703 452 3818 494; x_wconf 86' lang='lat' dir='ltr'><strong>es:</strong></span> 
     </span>
    </p>
   </div>
   <div class='ocr_carea' id='block_1_5' title="bbox 431 520 2078 603">
    <p class='ocr_par' dir='ltr' id='par_1_5' title="bbox 431 520 2078 603">
     <span class='ocr_line' id='line_1_5' title="bbox 431 520 2078 603; baseline 0.002 -25"><span class='ocrx_word' id='word_1_19' title='bbox 431 527 687 579; x_wconf 84' lang='lat' dir='ltr'><strong>mentem</strong></span> <span class='ocrx_word' id='word_1_20' title='bbox 720 537 930 579; x_wconf 82' lang='lat' dir='ltr'><strong>sensus</strong></span> <span class='ocrx_word' id='word_1_21' title='bbox 963 520 1301 580; x_wconf 89' lang='lat' dir='ltr'><strong>mundanus</strong></span> <span class='ocrx_word' id='word_1_22' title='bbox 1353 539 1458 600; x_wconf 83' lang='lat' dir='ltr'><strong>pro</strong></span> <span class='ocrx_word' id='word_1_23' title='bbox 1491 521 1719 602; x_wconf 86' lang='lat' dir='ltr'><strong>captiva</strong></span> <span class='ocrx_word' id='word_1_24' title='bbox 1759 541 2078 603; x_wconf 80' lang='lat' dir='ltr'><strong>occupans,</strong></span> 
     </span>
    </p>
   </div>
   <div class='ocr_carea' id='block_1_6' title="bbox 431 607 2083 690">
    <p class='ocr_par' dir='ltr' id='par_1_6' title="bbox 431 607 2083 690">
     <span class='ocr_line' id='line_1_6' title="bbox 431 607 2083 690; baseline 0.001 -23"><span class='ocrx_word' id='word_1_25' title='bbox 431 607 688 669; x_wconf 89' lang='lat' dir='ltr'><strong>ostendit</strong></span> <span class='ocrx_word' id='word_1_26' title='bbox 739 607 820 667; x_wconf 86' lang='lat' dir='ltr'>illi</span> <span class='ocrx_word' id='word_1_27' title='bbox 866 625 1059 686; x_wconf 87' lang='lat' dir='ltr'><strong>reges,</strong></span> <span class='ocrx_word' id='word_1_28' title='bbox 1124 610 1401 688; x_wconf 75' lang='lat' dir='ltr'><strong>prcponit</strong></span> <span class='ocrx_word' id='word_1_29' title='bbox 1461 609 1740 684; x_wconf 80' lang='lat' dir='ltr'><strong>honores,</strong></span> <span class='ocrx_word' id='word_1_30' title='bbox 1778 612 2083 690; x_wconf 59' lang='lat' dir='ltr'><strong>praesentis</strong></span> 
     </span>
    </p>
   </div>
   <div class='ocr_carea' id='block_1_7' title="bbox 428 697 2078 781">
    <p class='ocr_par' dir='ltr' id='par_1_7' title="bbox 428 697 2078 781">
     <span class='ocr_line' id='line_1_7' title="bbox 428 697 2078 781; baseline 0.003 -26"><span class='ocrx_word' id='word_1_31' title='bbox 428 698 556 757; x_wconf 67' lang='lat' dir='ltr'><strong>vitae</strong></span> <span class='ocrx_word' id='word_1_32' title='bbox 571 714 713 776; x_wconf 93' lang='lat' dir='ltr'><strong>opes</strong></span> <span class='ocrx_word' id='word_1_33' title='bbox 734 697 1073 775; x_wconf 81' lang='lat' dir='ltr'><strong>suggerit,ot</strong></span> <span class='ocrx_word' id='word_1_34' title='bbox 1090 697 1162 757; x_wconf 87' lang='lat' dir='ltr'><strong>ad</strong></span> <span class='ocrx_word' id='word_1_35' title='bbox 1193 701 1297 758; x_wconf 90' lang='lat' dir='ltr'><strong>ista</strong></span> <span class='ocrx_word' id='word_1_36' title='bbox 1314 697 1730 777; x_wconf 74' lang='lat' dir='ltr'><strong>cogitationem</strong></span> <span class='ocrx_word' id='word_1_37' title='bbox 1746 699 2078 781; x_wconf 78' lang='lat' dir='ltr'><strong>detorquet.</strong></span> 
     </span>
    </p>
   </div>
   <div class='ocr_carea' id='block_1_8' title="bbox 507 783 2077 867">
    <p class='ocr_par' dir='ltr' id='par_1_8' title="bbox 507 783 2077 867">
     <span class='ocr_line' id='line_1_8' title="bbox 507 783 2077 867; baseline 0.001 -18"><span class='ocrx_word' id='word_1_38' title='bbox 507 783 554 849; x_wconf 93' lang='grc' dir='ltr'><strong>Ο</strong></span> <span class='ocrx_word' id='word_1_39' title='bbox 577 785 913 864; x_wconf 85' lang='lat' dir='ltr'><strong>caliginem,</strong></span> <span class='ocrx_word' id='word_1_40' title='bbox 960 806 993 848; x_wconf 94' lang='lat' dir='ltr'><strong>o</strong></span> <span class='ocrx_word' id='word_1_41' title='bbox 1018 792 1366 866; x_wconf 65' lang='lat' dir='ltr'><strong>caecitatem,</strong></span> <span class='ocrx_word' id='word_1_42' title='bbox 1387 788 1647 849; x_wconf 88' lang='lat' dir='ltr'><strong>oinanes</strong></span> <span class='ocrx_word' id='word_1_43' title='bbox 1669 788 2077 867; x_wconf 78' lang='lat' dir='ltr'><strong>cogitationes,</strong></span> 
     </span>
    </p>
   </div>
   <div class='ocr_carea' id='block_1_9' title="bbox 428 875 2080 958">
    <p class='ocr_par' dir='ltr' id='par_1_9' title="bbox 428 875 2080 958">
     <span class='ocr_line' id='line_1_9' title="bbox 428 875 2080 958; baseline 0.001 -22"><span class='ocrx_word' id='word_1_44' title='bbox 428 896 462 936; x_wconf 91' lang='grc' dir='ltr'>ο</span> <span class='ocrx_word' id='word_1_45' title='bbox 491 893 732 953; x_wconf 87' lang='lat' dir='ltr'><strong>scopum</strong></span> <span class='ocrx_word' id='word_1_46' title='bbox 758 875 1088 950; x_wconf 85' lang='lat' dir='ltr'><strong>sordidum,</strong></span> <span class='ocrx_word' id='word_1_47' title='bbox 1112 895 1144 936; x_wconf 90' lang='grc' dir='ltr'>ο</span> <span class='ocrx_word' id='word_1_48' title='bbox 1178 884 1438 936; x_wconf 91' lang='lat' dir='ltr'><strong>mentem</strong></span> <span class='ocrx_word' id='word_1_49' title='bbox 1464 876 1737 938; x_wconf 85' lang='lat' dir='ltr'><strong>stolidam</strong></span> <span class='ocrx_word' id='word_1_50' title='bbox 1766 878 2080 958; x_wconf 89' lang='lat' dir='ltr'><strong>;quoniam</strong></span> 
     </span>
    </p>
   </div>
   <div class='ocr_carea' id='block_1_10' title="bbox 430 965 2079 1048">
    <p class='ocr_par' dir='ltr' id='par_1_10' title="bbox 430 965 2079 1048">
     <span class='ocr_line' id='line_1_10' title="bbox 430 965 2079 1048; baseline 0.002 -21"><span class='ocrx_word' id='word_1_51' title='bbox 430 965 655 1028; x_wconf 84' lang='lat' dir='ltr'><strong>relictis</strong></span> <span class='ocrx_word' id='word_1_52' title='bbox 687 965 1111 1048; x_wconf 82' lang='lat' dir='ltr'><strong>inelfabilibus,</strong></span> <span class='ocrx_word' id='word_1_53' title='bbox 1138 976 1195 1028; x_wconf 93' lang='lat' dir='ltr'><strong>et</strong></span> <span class='ocrx_word' id='word_1_54' title='bbox 1216 967 1678 1041; x_wconf 85' lang='lat' dir='ltr'><strong>immortalibus,</strong></span> <span class='ocrx_word' id='word_1_55' title='bbox 1710 977 1947 1031; x_wconf 89' lang='lat' dir='ltr'><strong>terrena</strong></span> <span class='ocrx_word' id='word_1_56' title='bbox 1975 989 2079 1031; x_wconf 91' lang='lat' dir='ltr'><strong>co-</strong></span> 
     </span>
    </p>
   </div>
   <div class='ocr_carea' id='block_1_11' title="bbox 428 1054 2082 1134">
    <p class='ocr_par' dir='ltr' id='par_1_11' title="bbox 428 1054 2082 1134">
     <span class='ocr_line' id='line_1_11' title="bbox 428 1054 2082 1134; baseline 0.002 -20"><span class='ocrx_word' id='word_1_57' title='bbox 428 1055 546 1134; x_wconf 91' lang='lat' dir='ltr'><strong>gito</strong></span> <span class='ocrx_word' id='word_1_58' title='bbox 565 1054 791 1134; x_wconf 89' lang='lat' dir='ltr'><strong>etapud</strong></span> <span class='ocrx_word' id='word_1_59' title='bbox 833 1055 1097 1116; x_wconf 92' lang='lat' dir='ltr'><strong>animum</strong></span> <span class='ocrx_word' id='word_1_60' title='bbox 1141 1057 1330 1116; x_wconf 92' lang='lat' dir='ltr'><strong>volvo.</strong></span> <span class='ocrx_word' id='word_1_61' title='bbox 1374 1057 1583 1118; x_wconf 86' lang='lat' dir='ltr'><strong>Nonne</strong></span> <span class='ocrx_word' id='word_1_62' title='bbox 1623 1075 1727 1118; x_wconf 85' lang='lat' dir='ltr'><strong>rex</strong></span> <span class='ocrx_word' id='word_1_63' title='bbox 1757 1060 2082 1119; x_wconf 86' lang='lat' dir='ltr'><strong>morietur?</strong></span> 
     </span>
    </p>
   </div>
   <div class='ocr_carea' id='block_1_12' title="bbox 430 1145 2084 1228">
    <p class='ocr_par' dir='ltr' id='par_1_12' title="bbox 430 1145 2084 1228">
     <span class='ocr_line' id='line_1_12' title="bbox 430 1145 2084 1228; baseline 0.001 -22"><span class='ocrx_word' id='word_1_64' title='bbox 430 1163 629 1206; x_wconf 89' lang='lat' dir='ltr'><strong>nonne</strong></span> <span class='ocrx_word' id='word_1_65' title='bbox 647 1145 832 1223; x_wconf 83' lang='lat' dir='ltr'><strong>gloria</strong></span> <span class='ocrx_word' id='word_1_66' title='bbox 855 1147 1217 1206; x_wconf 73' lang='lat' dir='ltr'><strong>evanescat?</strong></span> <span class='ocrx_word' id='word_1_67' title='bbox 1259 1163 1458 1207; x_wconf 88' lang='lat' dir='ltr'><strong>nonne</strong></span> <span class='ocrx_word' id='word_1_68' title='bbox 1481 1146 1717 1222; x_wconf 65' lang='lat' dir='ltr'><strong>divitiae,</strong></span> <span class='ocrx_word' id='word_1_69' title='bbox 1754 1156 1814 1207; x_wconf 92' lang='lat' dir='ltr'><strong>ut</strong></span> <span class='ocrx_word' id='word_1_70' title='bbox 1839 1148 2025 1228; x_wconf 87' lang='lat' dir='ltr'><strong>pulvis</strong></span> <span class='ocrx_word' id='word_1_71' title='bbox 2051 1167 2084 1208; x_wconf 91' lang='lat' dir='ltr'><strong>a</strong></span> 
     </span>
    </p>
   </div>
   <div class='ocr_carea' id='block_1_13' title="bbox 428 1233 2083 1316">
    <p class='ocr_par' dir='ltr' id='par_1_13' title="bbox 428 1233 2083 1316">
     <span class='ocr_line' id='line_1_13' title="bbox 428 1233 2083 1316; baseline 0.002 -22"><span class='ocrx_word' id='word_1_72' title='bbox 428 1241 602 1295; x_wconf 93' lang='lat' dir='ltr'><strong>vento</strong></span> <span class='ocrx_word' id='word_1_73' title='bbox 617 1233 1066 1313; x_wconf 82' lang='lat' dir='ltr'><strong>dispergentur?</strong></span> <span class='ocrx_word' id='word_1_74' title='bbox 1089 1253 1287 1296; x_wconf 89' lang='lat' dir='ltr'><strong>nonne</strong></span> <span class='ocrx_word' id='word_1_75' title='bbox 1305 1242 1644 1315; x_wconf 88' lang='lat' dir='ltr'><strong>putrescent</strong></span> <span class='ocrx_word' id='word_1_76' title='bbox 1658 1254 1905 1316; x_wconf 90' lang='lat' dir='ltr'><strong>corpora</strong></span> <span class='ocrx_word' id='word_1_77' title='bbox 1920 1237 1976 1297; x_wconf 93' lang='lat' dir='ltr'><strong>in</strong></span> <span class='ocrx_word' id='word_1_78' title='bbox 1993 1256 2083 1298; x_wconf 86' lang='lat' dir='ltr'><strong>se-</strong></span> 
     </span>
    </p>
   </div>
   <div class='ocr_carea' id='block_1_14' title="bbox 431 1323 2083 1404">
    <p class='ocr_par' dir='ltr' id='par_1_14' title="bbox 431 1323 2083 1404">
     <span class='ocr_line' id='line_1_14' title="bbox 431 1323 2083 1404; baseline 0 -19"><span class='ocrx_word' id='word_1_79' title='bbox 431 1323 658 1404; x_wconf 77' lang='lat' dir='ltr'><strong>pulcris</strong></span> <span class='ocrx_word' id='word_1_80' title='bbox 677 1324 704 1382; x_wconf 86' lang='lat'><strong>?</strong></span> <span class='ocrx_word' id='word_1_81' title='bbox 724 1330 782 1384; x_wconf 94' lang='lat' dir='ltr'><strong>et</strong></span> <span class='ocrx_word' id='word_1_82' title='bbox 803 1325 1054 1384; x_wconf 74' lang='lat' dir='ltr'><strong>fortunte</strong></span> <span class='ocrx_word' id='word_1_83' title='bbox 1073 1323 1203 1384; x_wconf 66' lang='lat' dir='ltr'><strong>istze</strong></span> <span class='ocrx_word' id='word_1_84' title='bbox 1219 1325 1461 1385; x_wconf 57' lang='lat' dir='ltr'><strong>caducae</strong></span> <span class='ocrx_word' id='word_1_85' title='bbox 1482 1323 1629 1384; x_wconf 90' lang='lat' dir='ltr'><strong>alios</strong></span> <span class='ocrx_word' id='word_1_86' title='bbox 1662 1323 1964 1386; x_wconf 88' lang='lat' dir='ltr'><strong>habebunt</strong></span> <span class='ocrx_word' id='word_1_87' title='bbox 1982 1326 2083 1385; x_wconf 81' lang='lat' dir='ltr'><strong>(l0-</strong></span> 
     </span>
    </p>
   </div>
   <div class='ocr_carea' id='block_1_15' title="bbox 433 1411 2085 1492">
    <p class='ocr_par' dir='ltr' id='par_1_15' title="bbox 433 1411 2085 1492">
     <span class='ocr_line' id='line_1_15' title="bbox 433 1411 2085 1492; baseline 0.001 -20"><span class='ocrx_word' id='word_1_88' title='bbox 433 1412 647 1486; x_wconf 91' lang='lat' dir='ltr'><strong>minos,</strong></span> <span class='ocrx_word' id='word_1_89' title='bbox 683 1411 904 1473; x_wconf 89' lang='lat' dir='ltr'><strong>deinde</strong></span> <span class='ocrx_word' id='word_1_90' title='bbox 933 1411 1104 1485; x_wconf 92' lang='lat' dir='ltr'><strong>alios,</strong></span> <span class='ocrx_word' id='word_1_91' title='bbox 1138 1420 1195 1472; x_wconf 87' lang='lat' dir='ltr'><strong>et</strong></span> <span class='ocrx_word' id='word_1_92' title='bbox 1227 1420 1356 1492; x_wconf 91' lang='lat' dir='ltr'><strong>post</strong></span> <span class='ocrx_word' id='word_1_93' title='bbox 1388 1413 1501 1472; x_wconf 92' lang='lat' dir='ltr'><strong>hoc</strong></span> <span class='ocrx_word' id='word_1_94' title='bbox 1529 1430 1765 1473; x_wconf 90' lang='lat' dir='ltr'><strong>rursum</strong></span> <span class='ocrx_word' id='word_1_95' title='bbox 1790 1412 1936 1473; x_wconf 90' lang='lat' dir='ltr'><strong>alios</strong></span> <span class='ocrx_word' id='word_1_96' title='bbox 1963 1420 1989 1475; x_wconf 88' lang='lat'>?</span> <span class='ocrx_word' id='word_1_97' title='bbox 2015 1413 2085 1474; x_wconf 90' lang='lat' dir='ltr'><strong>Et</strong></span> 
     </span>
    </p>
   </div>
   <div class='ocr_carea' id='block_1_16' title="bbox 431 1499 2085 1581">
    <p class='ocr_par' dir='ltr' id='par_1_16' title="bbox 431 1499 2085 1581">
     <span class='ocr_line' id='line_1_16' title="bbox 431 1499 2085 1581; baseline 0.001 -21"><span class='ocrx_word' id='word_1_98' title='bbox 431 1500 762 1581; x_wconf 89' lang='lat' dir='ltr'><strong>cujusnam,</strong></span> <span class='ocrx_word' id='word_1_99' title='bbox 780 1500 874 1561; x_wconf 90' lang='lat' dir='ltr'><strong>dic</strong></span> <span class='ocrx_word' id='word_1_100' title='bbox 889 1499 1057 1575; x_wconf 91' lang='lat' dir='ltr'><strong>mihi,</strong></span> <span class='ocrx_word' id='word_1_101' title='bbox 1077 1501 1272 1562; x_wconf 89' lang='lat' dir='ltr'><strong>anima</strong></span> <span class='ocrx_word' id='word_1_102' title='bbox 1289 1519 1440 1580; x_wconf 90' lang='lat' dir='ltr'><strong>mea,</strong></span> <span class='ocrx_word' id='word_1_103' title='bbox 1457 1499 1762 1562; x_wconf 84' lang='lat' dir='ltr'><strong>facultates</strong></span> <span class='ocrx_word' id='word_1_104' title='bbox 1781 1502 1906 1562; x_wconf 68' lang='lat' dir='ltr'><strong>istze</strong></span> <span class='ocrx_word' id='word_1_105' title='bbox 1924 1510 2085 1563; x_wconf 86' lang='lat' dir='ltr'><strong>etco-</strong></span> 
     </span>
    </p>
   </div>
   <div class='ocr_carea' id='block_1_17' title="bbox 434 1586 2081 1669">
    <p class='ocr_par' dir='ltr' id='par_1_17' title="bbox 434 1586 2081 1669">
     <span class='ocr_line' id='line_1_17' title="bbox 434 1586 2081 1669; baseline -0.001 -20"><span class='ocrx_word' id='word_1_106' title='bbox 434 1589 542 1669; x_wconf 76' lang='lat' dir='ltr'><strong>piae</strong></span> <span class='ocrx_word' id='word_1_107' title='bbox 572 1586 856 1650; x_wconf 83' lang='lat' dir='ltr'><strong>luerunt?</strong></span> <span class='ocrx_word' id='word_1_108' title='bbox 887 1587 1031 1659; x_wconf 86' lang='lat' dir='ltr'><strong>Quis</strong></span> <span class='ocrx_word' id='word_1_109' title='bbox 1063 1597 1259 1650; x_wconf 89' lang='lat' dir='ltr'><strong>autem</strong></span> <span class='ocrx_word' id='word_1_110' title='bbox 1292 1588 1349 1648; x_wconf 90' lang='lat' dir='ltr'><strong>in</strong></span> <span class='ocrx_word' id='word_1_111' title='bbox 1387 1589 1495 1649; x_wconf 88' lang='lat' dir='ltr'><strong>hac</strong></span> <span class='ocrx_word' id='word_1_112' title='bbox 1527 1590 1642 1650; x_wconf 90' lang='lat' dir='ltr'><strong>vita</strong></span> <span class='ocrx_word' id='word_1_113' title='bbox 1689 1589 1771 1649; x_wconf 72' lang='lat' dir='ltr'><strong>vel</strong></span> <span class='ocrx_word' id='word_1_114' title='bbox 1805 1590 2081 1668; x_wconf 80' lang='lat' dir='ltr'><strong>exiguum</strong></span> 
     </span>
    </p>
   </div>
   <div class='ocr_carea' id='block_1_18' title="bbox 2167 525 3824 608">
    <p class='ocr_par' dir='ltr' id='par_1_18' title="bbox 2167 525 3824 608">
     <span class='ocr_line' id='line_1_18' title="bbox 2167 525 3824 608; baseline 0.001 -22"><span class='ocrx_word' id='word_1_115' title='bbox 2167 545 2302 587; x_wconf 86' lang='lat' dir='ltr'><strong>nam</strong></span> <span class='ocrx_word' id='word_1_116' title='bbox 2334 527 2521 605; x_wconf 87' lang='lat' dir='ltr'><strong>gloria</strong></span> <span class='ocrx_word' id='word_1_117' title='bbox 2557 528 2660 592; x_wconf 81' lang='lat' dir='ltr'><strong>Dei</strong></span> <span class='ocrx_word' id='word_1_118' title='bbox 2695 531 2937 590; x_wconf 89' lang='lat' dir='ltr'><strong>omnino</strong></span> <span class='ocrx_word' id='word_1_119' title='bbox 2971 529 3041 588; x_wconf 87' lang='lat' dir='ltr'><strong>ad</strong></span> <span class='ocrx_word' id='word_1_120' title='bbox 3078 537 3132 588; x_wconf 93' lang='lat' dir='ltr'><strong>te</strong></span> <span class='ocrx_word' id='word_1_121' title='bbox 3159 527 3482 608; x_wconf 86' lang='lat' dir='ltr'><strong>perveniat.</strong></span> <span class='ocrx_word' id='word_1_122' title='bbox 3504 525 3652 586; x_wconf 85' lang='lat' dir='ltr'><strong>Tum</strong></span> <span class='ocrx_word' id='word_1_123' title='bbox 3677 541 3824 603; x_wconf 83' lang='lat' dir='ltr'><strong>quo-</strong></span> 
     </span>
    </p>
   </div>
   <div class='ocr_carea' id='block_1_19' title="bbox 2165 615 3824 696">
    <p class='ocr_par' dir='ltr' id='par_1_19' title="bbox 2165 615 3824 696">
     <span class='ocr_line' id='line_1_19' title="bbox 2165 615 3824 696; baseline -0.002 -21"><span class='ocrx_word' id='word_1_124' title='bbox 2165 635 2280 696; x_wconf 90' lang='lat' dir='ltr'><strong>que</strong></span> <span class='ocrx_word' id='word_1_125' title='bbox 2309 635 2516 678; x_wconf 79' lang='lat' dir='ltr'><strong>omnes</strong></span> <span class='ocrx_word' id='word_1_126' title='bbox 2545 617 2736 695; x_wconf 83' lang='lat' dir='ltr'><strong>angeli</strong></span> <span class='ocrx_word' id='word_1_127' title='bbox 2770 626 2825 678; x_wconf 92' lang='lat' dir='ltr'><strong>te</strong></span> <span class='ocrx_word' id='word_1_128' title='bbox 2855 615 3275 678; x_wconf 87' lang='lat' dir='ltr'><strong>collaudahunt</strong></span> <span class='ocrx_word' id='word_1_129' title='bbox 3303 615 3459 694; x_wconf 88' lang='lat' dir='ltr'><strong>quod</strong></span> <span class='ocrx_word' id='word_1_130' title='bbox 3498 616 3824 675; x_wconf 80' lang='lat' dir='ltr'><strong>honorave-</strong></span> 
     </span>
    </p>
   </div>
   <div class='ocr_carea' id='block_1_20' title="bbox 2167 702 3816 786">
    <p class='ocr_par' dir='ltr' id='par_1_20' title="bbox 2167 702 3816 786">
     <span class='ocr_line' id='line_1_20' title="bbox 2167 702 3816 786; baseline -0.004 -21"><span class='ocrx_word' id='word_1_131' title='bbox 2167 707 2250 765; x_wconf 90' lang='lat' dir='ltr'><strong>ris</strong></span> <span class='ocrx_word' id='word_1_132' title='bbox 2283 705 2486 778; x_wconf 57' lang='lat' dir='ltr'><strong>Deum,</strong></span> <span class='ocrx_word' id='word_1_133' title='bbox 2523 725 2700 786; x_wconf 85' lang='lat' dir='ltr'><strong>quem</strong></span> <span class='ocrx_word' id='word_1_134' title='bbox 2735 705 2846 786; x_wconf 91' lang='lat' dir='ltr'><strong>ipsi</strong></span> <span class='ocrx_word' id='word_1_135' title='bbox 2879 705 3238 766; x_wconf 86' lang='lat' dir='ltr'><strong>collaudant.</strong></span> <span class='ocrx_word' id='word_1_136' title='bbox 3273 702 3404 779; x_wconf 80' lang='lat' dir='ltr'><strong>Vis,</strong></span> <span class='ocrx_word' id='word_1_137' title='bbox 3428 703 3625 764; x_wconf 89' lang='lat' dir='ltr'><strong>anima</strong></span> <span class='ocrx_word' id='word_1_138' title='bbox 3655 719 3816 773; x_wconf 61' lang='lat' dir='ltr'><strong>mra,</strong></span> 
     </span>
    </p>
   </div>
   <div class='ocr_carea' id='block_1_21' title="bbox 2170 790 3823 876">
    <p class='ocr_par' dir='ltr' id='par_1_21' title="bbox 2170 790 3823 876">
     <span class='ocr_line' id='line_1_21' title="bbox 2170 790 3823 876; baseline -0.004 -22"><span class='ocrx_word' id='word_1_139' title='bbox 2170 803 2382 866; x_wconf 85' lang='lat' dir='ltr'><strong>vestes,</strong></span> <span class='ocrx_word' id='word_1_140' title='bbox 2418 803 2476 854; x_wconf 90' lang='lat' dir='ltr'><strong>et</strong></span> <span class='ocrx_word' id='word_1_141' title='bbox 2500 814 2646 875; x_wconf 91' lang='lat' dir='ltr'><strong>opes</strong></span> <span class='ocrx_word' id='word_1_142' title='bbox 2677 793 2983 876; x_wconf 88' lang='lat' dir='ltr'><strong>possidere</strong></span> <span class='ocrx_word' id='word_1_143' title='bbox 3011 799 3037 853; x_wconf 84' lang='lat'><strong>?</strong></span> <span class='ocrx_word' id='word_1_144' title='bbox 3067 793 3357 868; x_wconf 90' lang='lat' dir='ltr'><strong>ausculta,</strong></span> <span class='ocrx_word' id='word_1_145' title='bbox 3385 795 3503 870; x_wconf 91' lang='lat' dir='ltr'><strong>jam</strong></span> <span class='ocrx_word' id='word_1_146' title='bbox 3539 790 3644 851; x_wconf 89' lang='lat' dir='ltr'><strong>tihi</strong></span> <span class='ocrx_word' id='word_1_147' title='bbox 3672 808 3823 869; x_wconf 78' lang='lat' dir='ltr'><strong>opes</strong></span> 
     </span>
    </p>
   </div>
   <div class='ocr_carea' id='block_1_22' title="bbox 2164 879 3818 962">
    <p class='ocr_par' dir='ltr' id='par_1_22' title="bbox 2164 879 3818 962">
     <span class='ocr_line' id='line_1_22' title="bbox 2164 879 3818 962; baseline -0.004 -18"><span class='ocrx_word' id='word_1_148' title='bbox 2164 893 2415 945; x_wconf 65' lang='lat' dir='ltr'><strong>aeternas</strong></span> <span class='ocrx_word' id='word_1_149' title='bbox 2444 882 2884 946; x_wconf 86' lang='lat' dir='ltr'><strong>demonstrabo.</strong></span> <span class='ocrx_word' id='word_1_150' title='bbox 2919 886 3044 960; x_wconf 85' lang='lat' dir='ltr'><strong>Age</strong></span> <span class='ocrx_word' id='word_1_151' title='bbox 3095 881 3502 962; x_wconf 67' lang='lat' dir='ltr'><strong>paenitentiam</strong></span> <span class='ocrx_word' id='word_1_152' title='bbox 3535 879 3592 940; x_wconf 91' lang='lat' dir='ltr'><strong>in</strong></span> <span class='ocrx_word' id='word_1_153' title='bbox 3627 881 3818 958; x_wconf 70' lang='lat' dir='ltr'><strong>lacry-</strong></span> 
     </span>
    </p>
   </div>
   <div class='ocr_carea' id='block_1_23' title="bbox 2168 969 3819 1054">
    <p class='ocr_par' dir='ltr' id='par_1_23' title="bbox 2168 969 3819 1054">
     <span class='ocr_line' id='line_1_23' title="bbox 2168 969 3819 1054; baseline -0.004 -21"><span class='ocrx_word' id='word_1_154' title='bbox 2168 974 2278 1034; x_wconf 88' lang='lat' dir='ltr'><strong>mis</strong></span> <span class='ocrx_word' id='word_1_155' title='bbox 2311 995 2324 1053; x_wconf 92' lang='lat'><strong>;</strong></span> <span class='ocrx_word' id='word_1_156' title='bbox 2361 973 2603 1054; x_wconf 87' lang='lat' dir='ltr'><strong>despice</strong></span> <span class='ocrx_word' id='word_1_157' title='bbox 2631 974 2832 1035; x_wconf 84' lang='lat' dir='ltr'><strong>omnia</strong></span> <span class='ocrx_word' id='word_1_158' title='bbox 2865 993 2880 1044; x_wconf 89' lang='lat'><strong>;</strong></span> <span class='ocrx_word' id='word_1_159' title='bbox 2912 982 3038 1033; x_wconf 88' lang='lat' dir='ltr'><strong>esto</strong></span> <span class='ocrx_word' id='word_1_160' title='bbox 3089 989 3312 1052; x_wconf 69' lang='lat' dir='ltr'><strong>pauper</strong></span> <span class='ocrx_word' id='word_1_161' title='bbox 3374 969 3582 1050; x_wconf 83' lang='lat' dir='ltr'><strong>spiritu</strong></span> <span class='ocrx_word' id='word_1_162' title='bbox 3613 988 3629 1042; x_wconf 91' lang='lat'><strong>;</strong></span> <span class='ocrx_word' id='word_1_163' title='bbox 3689 975 3819 1028; x_wconf 87' lang='lat' dir='ltr'><strong>esto</strong></span> 
     </span>
    </p>
   </div>
   <div class='ocr_carea' id='block_1_24' title="bbox 2164 1054 3817 1142">
    <p class='ocr_par' dir='ltr' id='par_1_24' title="bbox 2164 1054 3817 1142">
     <span class='ocr_line' id='line_1_24' title="bbox 2164 1054 3817 1142; baseline -0.006 -19"><span class='ocrx_word' id='word_1_164' title='bbox 2164 1061 2333 1142; x_wconf 70' lang='lat' dir='ltr'><strong>inops</strong></span> <span class='ocrx_word' id='word_1_165' title='bbox 2363 1062 2628 1142; x_wconf 73' lang='lat' dir='ltr'><strong>pecunize</strong></span> <span class='ocrx_word' id='word_1_166' title='bbox 2663 1083 2677 1142; x_wconf 87' lang='lat'><strong>;</strong></span> <span class='ocrx_word' id='word_1_167' title='bbox 2714 1069 2837 1122; x_wconf 88' lang='lat' dir='ltr'><strong>esto</strong></span> <span class='ocrx_word' id='word_1_168' title='bbox 2868 1060 3087 1120; x_wconf 91' lang='lat' dir='ltr'><strong>mundo</strong></span> <span class='ocrx_word' id='word_1_169' title='bbox 3121 1058 3433 1139; x_wconf 83' lang='lat' dir='ltr'><strong>peregrina</strong></span> <span class='ocrx_word' id='word_1_170' title='bbox 3461 1079 3476 1138; x_wconf 86' lang='lat'><strong>;</strong></span> <span class='ocrx_word' id='word_1_171' title='bbox 3507 1065 3633 1118; x_wconf 88' lang='lat' dir='ltr'><strong>esto</strong></span> <span class='ocrx_word' id='word_1_172' title='bbox 3664 1054 3817 1115; x_wconf 90' lang='lat' dir='ltr'><strong>sini-</strong></span> 
     </span>
    </p>
   </div>
   <div class='ocr_carea' id='block_1_25' title="bbox 2167 1144 3820 1213">
    <p class='ocr_par' dir='ltr' id='par_1_25' title="bbox 2167 1144 3820 1213">
     <span class='ocr_line' id='line_1_25' title="bbox 2167 1144 3820 1213; baseline -0.005 -1"><span class='ocrx_word' id='word_1_173' title='bbox 2167 1153 2302 1212; x_wconf 88' lang='lat' dir='ltr'><strong>stris</strong></span> <span class='ocrx_word' id='word_1_174' title='bbox 2320 1151 2721 1212; x_wconf 80' lang='lat' dir='ltr'><strong>voluntatibus</strong></span> <span class='ocrx_word' id='word_1_175' title='bbox 2749 1150 2864 1210; x_wconf 82' lang='lat' dir='ltr'><strong>tuis</strong></span> <span class='ocrx_word' id='word_1_176' title='bbox 2890 1149 3155 1213; x_wconf 82' lang='lat' dir='ltr'><strong>inimica.</strong></span> <span class='ocrx_word' id='word_1_177' title='bbox 3182 1161 3242 1210; x_wconf 90' lang='lat' dir='ltr'><strong>et</strong></span> <span class='ocrx_word' id='word_1_178' title='bbox 3279 1148 3338 1208; x_wconf 91' lang='lat' dir='ltr'><strong>in</strong></span> <span class='ocrx_word' id='word_1_179' title='bbox 3373 1147 3558 1208; x_wconf 59' lang='lat' dir='ltr'><strong>salius</strong></span> <span class='ocrx_word' id='word_1_180' title='bbox 3584 1144 3820 1208; x_wconf 88' lang='lat' dir='ltr'><strong>Domini</strong></span> 
     </span>
    </p>
   </div>
   <div class='ocr_carea' id='block_1_26' title="bbox 2168 1234 3820 1319">
    <p class='ocr_par' dir='ltr' id='par_1_26' title="bbox 2168 1234 3820 1319">
     <span class='ocr_line' id='line_1_26' title="bbox 2168 1234 3820 1319; baseline -0.005 -19"><span class='ocrx_word' id='word_1_181' title='bbox 2168 1245 2247 1300; x_wconf 83' lang='lat' dir='ltr'><strong>tui</strong></span> <span class='ocrx_word' id='word_1_182' title='bbox 2283 1241 2580 1303; x_wconf 88' lang='lat' dir='ltr'><strong>voluntate</strong></span> <span class='ocrx_word' id='word_1_183' title='bbox 2613 1238 2950 1319; x_wconf 87' lang='lat' dir='ltr'><strong>acquiesce,</strong></span> <span class='ocrx_word' id='word_1_184' title='bbox 2984 1247 3041 1297; x_wconf 92' lang='lat' dir='ltr'><strong>et</strong></span> <span class='ocrx_word' id='word_1_185' title='bbox 3091 1237 3219 1316; x_wconf 86' lang='lat' dir='ltr'><strong>ejus</strong></span> <span class='ocrx_word' id='word_1_186' title='bbox 3249 1235 3509 1314; x_wconf 80' lang='lat' dir='ltr'><strong>vestigiis</strong></span> <span class='ocrx_word' id='word_1_187' title='bbox 3540 1234 3820 1294; x_wconf 55' lang='lat' dir='ltr'><strong>insistere</strong></span> 
     </span>
    </p>
   </div>
   <div class='ocr_carea' id='block_1_27' title="bbox 2165 1322 3821 1404">
    <p class='ocr_par' dir='ltr' id='par_1_27' title="bbox 2165 1322 3821 1404">
     <span class='ocr_line' id='line_1_27' title="bbox 2165 1322 3821 1404; baseline -0.006 -14"><span class='ocrx_word' id='word_1_188' title='bbox 2165 1329 2459 1391; x_wconf 88' lang='lat' dir='ltr'><strong>contende</strong></span> <span class='ocrx_word' id='word_1_189' title='bbox 2496 1349 2508 1391; x_wconf 90' lang='lat'>:</span> <span class='ocrx_word' id='word_1_190' title='bbox 2562 1342 2684 1390; x_wconf 89' lang='lat' dir='ltr'><strong>tum</strong></span> <span class='ocrx_word' id='word_1_191' title='bbox 2724 1326 2941 1388; x_wconf 90' lang='lat' dir='ltr'><strong>lentius</strong></span> <span class='ocrx_word' id='word_1_192' title='bbox 2980 1327 3258 1404; x_wconf 85' lang='lat' dir='ltr'><strong>gradiens</strong></span> <span class='ocrx_word' id='word_1_193' title='bbox 3289 1325 3413 1398; x_wconf 90' lang='lat' dir='ltr'><strong>ille,</strong></span> <span class='ocrx_word' id='word_1_194' title='bbox 3448 1343 3480 1384; x_wconf 89' lang='lat' dir='ltr'><strong>a</strong></span> <span class='ocrx_word' id='word_1_195' title='bbox 3511 1333 3565 1386; x_wconf 85' lang='lat' dir='ltr'><strong>te</strong></span> <span class='ocrx_word' id='word_1_196' title='bbox 3600 1322 3821 1382; x_wconf 84' lang='lat' dir='ltr'><strong>misera</strong></span> 
     </span>
    </p>
   </div>
   <div class='ocr_carea' id='block_1_28' title="bbox 2168 1413 3819 1498">
    <p class='ocr_par' dir='ltr' id='par_1_28' title="bbox 2168 1413 3819 1498">
     <span class='ocr_line' id='line_1_28' title="bbox 2168 1413 3819 1498; baseline -0.005 -20"><span class='ocrx_word' id='word_1_197' title='bbox 2168 1417 2601 1498; x_wconf 66' lang='lat' dir='ltr'><strong>prehendetur;</strong></span> <span class='ocrx_word' id='word_1_198' title='bbox 2625 1435 2797 1496; x_wconf 86' lang='lat' dir='ltr'><strong>quem</strong></span> <span class='ocrx_word' id='word_1_199' title='bbox 2824 1434 2957 1476; x_wconf 91' lang='lat' dir='ltr'><strong>cum</strong></span> <span class='ocrx_word' id='word_1_200' title='bbox 2989 1413 3230 1487; x_wconf 80' lang='lat' dir='ltr'><strong>videris,</strong></span> <span class='ocrx_word' id='word_1_201' title='bbox 3256 1415 3574 1474; x_wconf 86' lang='lat' dir='ltr'><strong>clamorem</strong></span> <span class='ocrx_word' id='word_1_202' title='bbox 3601 1413 3819 1489; x_wconf 83' lang='lat' dir='ltr'><strong>ingen—</strong></span> 
     </span>
    </p>
   </div>
   <div class='ocr_carea' id='block_1_29' title="bbox 2171 1501 3816 1584">
    <p class='ocr_par' dir='ltr' id='par_1_29' title="bbox 2171 1501 3816 1584">
     <span class='ocr_line' id='line_1_29' title="bbox 2171 1501 3816 1584; baseline -0.005 -16"><span class='ocrx_word' id='word_1_203' title='bbox 2171 1518 2285 1568; x_wconf 89' lang='lat' dir='ltr'><strong>tem</strong></span> <span class='ocrx_word' id='word_1_204' title='bbox 2319 1509 2450 1568; x_wconf 89' lang='lat' dir='ltr'><strong>ede.</strong></span> <span class='ocrx_word' id='word_1_205' title='bbox 2486 1512 2822 1567; x_wconf 71' lang='lat' dir='ltr'><strong>Conversus</strong></span> <span class='ocrx_word' id='word_1_206' title='bbox 2869 1504 3020 1584; x_wconf 89' lang='lat' dir='ltr'><strong>ipse,</strong></span> <span class='ocrx_word' id='word_1_207' title='bbox 3077 1503 3306 1583; x_wconf 79' lang='lat' dir='ltr'><strong>placido</strong></span> <span class='ocrx_word' id='word_1_208' title='bbox 3336 1502 3495 1562; x_wconf 89' lang='lat' dir='ltr'><strong>vultu</strong></span> <span class='ocrx_word' id='word_1_209' title='bbox 3530 1509 3584 1560; x_wconf 91' lang='lat' dir='ltr'><strong>te</strong></span> <span class='ocrx_word' id='word_1_210' title='bbox 3615 1501 3816 1560; x_wconf 89' lang='lat' dir='ltr'><strong>intue-</strong></span> 
     </span>
    </p>
   </div>
   <div class='ocr_carea' id='block_1_30' title="bbox 2169 1589 3817 1677">
    <p class='ocr_par' dir='ltr' id='par_1_30' title="bbox 2169 1589 3817 1677">
     <span class='ocr_line' id='line_1_30' title="bbox 2169 1589 3817 1677; baseline -0.005 -20"><span class='ocrx_word' id='word_1_211' title='bbox 2169 1597 2347 1672; x_wconf 88' lang='lat' dir='ltr'><strong>bitur,</strong></span> <span class='ocrx_word' id='word_1_212' title='bbox 2374 1616 2555 1677; x_wconf 89' lang='lat' dir='ltr'><strong>seque</strong></span> <span class='ocrx_word' id='word_1_213' title='bbox 2589 1595 2891 1674; x_wconf 82' lang='lat' dir='ltr'><strong>paululum</strong></span> <span class='ocrx_word' id='word_1_214' title='bbox 2927 1591 3029 1653; x_wconf 89' lang='lat' dir='ltr'><strong>tibi</strong></span> <span class='ocrx_word' id='word_1_215' title='bbox 3058 1591 3470 1671; x_wconf 84' lang='lat' dir='ltr'><strong>aspiciendum</strong></span> <span class='ocrx_word' id='word_1_216' title='bbox 3505 1589 3817 1670; x_wconf 72' lang='lat' dir='ltr'><strong>praebebit,</strong></span> 
     </span>
    </p>
   </div>
   <div class='ocr_carea' id='block_1_31' title="bbox 430 1677 3803 1762">
    <p class='ocr_par' dir='ltr' id='par_1_31' title="bbox 430 1677 3803 1762">
     <span class='ocr_line' id='line_1_31' title="bbox 430 1677 3803 1762; baseline -0.002 -16"><span class='ocrx_word' id='word_1_217' title='bbox 430 1687 716 1758; x_wconf 76' lang='lat' dir='ltr'><strong>quaestum</strong></span> <span class='ocrx_word' id='word_1_218' title='bbox 737 1677 1163 1758; x_wconf 81' lang='lat' dir='ltr'><strong>facerepoluil,</strong></span> <span class='ocrx_word' id='word_1_219' title='bbox 1191 1697 1365 1758; x_wconf 86' lang='lat' dir='ltr'><strong>quem</strong></span> <span class='ocrx_word' id='word_1_220' title='bbox 1396 1677 1570 1738; x_wconf 84' lang='lat' dir='ltr'><strong>etiam</strong></span> <span class='ocrx_word' id='word_1_221' title='bbox 1601 1678 2227 1762; x_wconf 64' lang='lat' dir='ltr'><strong>morienssecnmnet</strong></span> <span class='ocrx_word' id='word_1_222' title='bbox 2282 1687 2490 1746; x_wconf 74' lang='lat' dir='ltr'><strong>iterum</strong></span> <span class='ocrx_word' id='word_1_223' title='bbox 2553 1685 2781 1745; x_wconf 87' lang='lat' dir='ltr'><strong>ablatus</strong></span> <span class='ocrx_word' id='word_1_224' title='bbox 2837 1682 2908 1743; x_wconf 87' lang='lat' dir='ltr'><strong>ab</strong></span> <span class='ocrx_word' id='word_1_225' title='bbox 2967 1680 3153 1742; x_wconf 81' lang='lat' dir='ltr'><strong>oculis</strong></span> <span class='ocrx_word' id='word_1_226' title='bbox 3213 1681 3328 1741; x_wconf 83' lang='lat' dir='ltr'><strong>tuis</strong></span> <span class='ocrx_word' id='word_1_227' title='bbox 3379 1689 3436 1739; x_wconf 93' lang='lat' dir='ltr'><strong>te</strong></span> <span class='ocrx_word' id='word_1_228' title='bbox 3483 1678 3803 1758; x_wconf 79' lang='lat' dir='ltr'><strong>relinquet.</strong></span> 
     </span>
    </p>
   </div>
   <div class='ocr_carea' id='block_1_32' title="bbox 431 1765 2082 1846">
    <p class='ocr_par' dir='ltr' id='par_1_32' title="bbox 431 1765 2082 1846">
     <span class='ocr_line' id='line_1_32' title="bbox 431 1765 2082 1846; baseline 0 -18"><span class='ocrx_word' id='word_1_229' title='bbox 431 1766 570 1828; x_wconf 90' lang='lat' dir='ltr'><strong>hinc</strong></span> <span class='ocrx_word' id='word_1_230' title='bbox 592 1765 1132 1828; x_wconf 80' lang='lat' dir='ltr'><strong>auferret?nullum</strong></span> <span class='ocrx_word' id='word_1_231' title='bbox 1159 1766 1327 1839; x_wconf 88' lang='lat' dir='ltr'><strong>mihi,</strong></span> <span class='ocrx_word' id='word_1_232' title='bbox 1354 1765 1580 1826; x_wconf 91' lang='lat' dir='ltr'><strong>nullum</strong></span> <span class='ocrx_word' id='word_1_233' title='bbox 1609 1767 1780 1846; x_wconf 86' lang='lat' dir='ltr'><strong>plane</strong></span> <span class='ocrx_word' id='word_1_234' title='bbox 1807 1767 2082 1828; x_wconf 53' lang='lat' dir='ltr'><strong>nomina-</strong></span> 
     </span>
    </p>
   </div>
   <div class='ocr_carea' id='block_1_33' title="bbox 434 1854 2087 1935">
    <p class='ocr_par' dir='ltr' id='par_1_33' title="bbox 434 1854 2087 1935">
     <span class='ocr_line' id='line_1_33' title="bbox 434 1854 2087 1935; baseline 0.001 -19"><span class='ocrx_word' id='word_1_235' title='bbox 434 1855 544 1931; x_wconf 90' lang='lat' dir='ltr'><strong>bis,</strong></span> <span class='ocrx_word' id='word_1_236' title='bbox 571 1854 1214 1934; x_wconf 70' lang='lat' dir='ltr'><strong>autostendes,pr:eter</strong></span> <span class='ocrx_word' id='word_1_237' title='bbox 1233 1854 1678 1928; x_wconf 88' lang='lat' dir='ltr'><strong>misericordes,</strong></span> <span class='ocrx_word' id='word_1_238' title='bbox 1695 1856 1794 1935; x_wconf 88' lang='lat' dir='ltr'><strong>qui</strong></span> <span class='ocrx_word' id='word_1_239' title='bbox 1813 1857 2087 1917; x_wconf 87' lang='lat' dir='ltr'><strong>omnibus</strong></span> 
     </span>
    </p>
   </div>
   <div class='ocr_carea' id='block_1_34' title="bbox 431 1941 2088 2024">
    <p class='ocr_par' dir='ltr' id='par_1_34' title="bbox 431 1941 2088 2024">
     <span class='ocr_line' id='line_1_34' title="bbox 431 1941 2088 2024; baseline -0.001 -20"><span class='ocrx_word' id='word_1_240' title='bbox 431 1945 490 2005; x_wconf 91' lang='lat' dir='ltr'><strong>in</strong></span> <span class='ocrx_word' id='word_1_241' title='bbox 519 1961 1074 2024; x_wconf 90' lang='lat' dir='ltr'><strong>pauperummanus</strong></span> <span class='ocrx_word' id='word_1_242' title='bbox 1131 1941 1486 2024; x_wconf 84' lang='lat' dir='ltr'><strong>distributis,</strong></span> <span class='ocrx_word' id='word_1_243' title='bbox 1541 1943 2088 2024; x_wconf 70' lang='lat' dir='ltr'><strong>nihilsibireliquc-</strong></span> 
     </span>
    </p>
   </div>
   <div class='ocr_carea' id='block_1_35' title="bbox 434 2031 2083 2113">
    <p class='ocr_par' dir='ltr' id='par_1_35' title="bbox 434 2031 2083 2113">
     <span class='ocr_line' id='line_1_35' title="bbox 434 2031 2083 2113; baseline -0.001 -18"><span class='ocrx_word' id='word_1_244' title='bbox 434 2042 595 2096; x_wconf 92' lang='lat' dir='ltr'><strong>runt.</strong></span> <span class='ocrx_word' id='word_1_245' title='bbox 621 2031 711 2094; x_wconf 92' lang='lat' dir='ltr'><strong>Illi</strong></span> <span class='ocrx_word' id='word_1_246' title='bbox 734 2050 988 2113; x_wconf 87' lang='lat' dir='ltr'><strong>namque</strong></span> <span class='ocrx_word' id='word_1_247' title='bbox 1023 2040 1146 2094; x_wconf 91' lang='lat' dir='ltr'><strong>tuto</strong></span> <span class='ocrx_word' id='word_1_248' title='bbox 1190 2032 1470 2107; x_wconf 87' lang='lat' dir='ltr'><strong>retinent,</strong></span> <span class='ocrx_word' id='word_1_249' title='bbox 1521 2051 1649 2113; x_wconf 65' lang='lat' dir='ltr'><strong>qua}</strong></span> <span class='ocrx_word' id='word_1_250' title='bbox 1671 2032 1984 2110; x_wconf 87' lang='lat' dir='ltr'><strong>dederunt,</strong></span> <span class='ocrx_word' id='word_1_251' title='bbox 2017 2053 2083 2094; x_wconf 79' lang='lat' dir='ltr'><strong>ex</strong></span> 
     </span>
    </p>
   </div>
   <div class='ocr_carea' id='block_1_36' title="bbox 429 2122 2082 2205">
    <p class='ocr_par' dir='ltr' id='par_1_36' title="bbox 429 2122 2082 2205">
     <span class='ocr_line' id='line_1_36' title="bbox 429 2122 2082 2205; baseline -0.001 -20"><span class='ocrx_word' id='word_1_252' title='bbox 429 2144 544 2205; x_wconf 92' lang='lat' dir='ltr'><strong>quo</strong></span> <span class='ocrx_word' id='word_1_253' title='bbox 569 2123 718 2186; x_wconf 91' lang='lat' dir='ltr'><strong>eain</strong></span> <span class='ocrx_word' id='word_1_254' title='bbox 752 2143 962 2186; x_wconf 87' lang='lat' dir='ltr'><strong>manus</strong></span> <span class='ocrx_word' id='word_1_255' title='bbox 986 2122 1220 2184; x_wconf 92' lang='lat' dir='ltr'><strong>Domini</strong></span> <span class='ocrx_word' id='word_1_256' title='bbox 1254 2122 1568 2185; x_wconf 90' lang='lat' dir='ltr'><strong>dederunt.</strong></span> <span class='ocrx_word' id='word_1_257' title='bbox 1607 2123 1816 2186; x_wconf 65' lang='lat' dir='ltr'><strong>Caateri</strong></span> <span class='ocrx_word' id='word_1_258' title='bbox 1849 2140 2082 2200; x_wconf 89' lang='lat' dir='ltr'><strong>omnes,</strong></span> 
     </span>
    </p>
   </div>
   <div class='ocr_carea' id='block_1_37' title="bbox 429 2211 2086 2288">
    <p class='ocr_par' dir='ltr' id='par_1_37' title="bbox 429 2211 2086 2288">
     <span class='ocr_line' id='line_1_37' title="bbox 429 2211 2086 2288; baseline -0.001 -13"><span class='ocrx_word' id='word_1_259' title='bbox 429 2222 492 2275; x_wconf 91' lang='lat' dir='ltr'><strong>ut</strong></span> <span class='ocrx_word' id='word_1_260' title='bbox 521 2212 801 2283; x_wconf 87' lang='lat' dir='ltr'><strong>mendici,</strong></span> <span class='ocrx_word' id='word_1_261' title='bbox 838 2223 895 2274; x_wconf 93' lang='lat' dir='ltr'><strong>et</strong></span> <span class='ocrx_word' id='word_1_262' title='bbox 925 2211 1218 2274; x_wconf 90' lang='lat' dir='ltr'><strong>mendicis</strong></span> <span class='ocrx_word' id='word_1_263' title='bbox 1267 2211 1631 2274; x_wconf 85' lang='lat' dir='ltr'><strong>infeliciores</strong></span> <span class='ocrx_word' id='word_1_264' title='bbox 1663 2221 1826 2286; x_wconf 92' lang='lat' dir='ltr'><strong>sunt,</strong></span> <span class='ocrx_word' id='word_1_265' title='bbox 1858 2212 1961 2288; x_wconf 86' lang='lat' dir='ltr'><strong>qui</strong></span> <span class='ocrx_word' id='word_1_266' title='bbox 1991 2211 2086 2273; x_wconf 86' lang='lat' dir='ltr'><strong>di-</strong></span> 
     </span>
    </p>
   </div>
   <div class='ocr_carea' id='block_1_38' title="bbox 430 2301 2088 2384">
    <p class='ocr_par' dir='ltr' id='par_1_38' title="bbox 430 2301 2088 2384">
     <span class='ocr_line' id='line_1_38' title="bbox 430 2301 2088 2384; baseline 0 -22"><span class='ocrx_word' id='word_1_267' title='bbox 430 2301 594 2363; x_wconf 87' lang='lat' dir='ltr'><strong>vitias</strong></span> <span class='ocrx_word' id='word_1_268' title='bbox 615 2321 749 2364; x_wconf 93' lang='lat' dir='ltr'><strong>suas</strong></span> <span class='ocrx_word' id='word_1_269' title='bbox 767 2301 987 2363; x_wconf 89' lang='lat' dir='ltr'><strong>habent</strong></span> <span class='ocrx_word' id='word_1_270' title='bbox 1011 2301 1143 2362; x_wconf 90' lang='lat' dir='ltr'><strong>sine</strong></span> <span class='ocrx_word' id='word_1_271' title='bbox 1181 2320 1289 2362; x_wconf 92' lang='lat' dir='ltr'><strong>usu</strong></span> <span class='ocrx_word' id='word_1_272' title='bbox 1329 2301 1641 2384; x_wconf 89' lang='lat' dir='ltr'><strong>repositas,</strong></span> <span class='ocrx_word' id='word_1_273' title='bbox 1671 2301 1810 2362; x_wconf 88' lang='lat' dir='ltr'><strong>nudi</strong></span> <span class='ocrx_word' id='word_1_274' title='bbox 1836 2301 1996 2362; x_wconf 91' lang='lat' dir='ltr'><strong>enim</strong></span> <span class='ocrx_word' id='word_1_275' title='bbox 2027 2310 2088 2363; x_wconf 93' lang='lat' dir='ltr'><strong>ut</strong></span> 
     </span>
    </p>
   </div>
   <div class='ocr_carea' id='block_1_39' title="bbox 429 2390 2086 2462">
    <p class='ocr_par' dir='ltr' id='par_1_39' title="bbox 429 2390 2086 2462">
     <span class='ocr_line' id='line_1_39' title="bbox 429 2390 2086 2462; baseline 0 -10"><span class='ocrx_word' id='word_1_276' title='bbox 429 2391 642 2452; x_wconf 73' lang='lat' dir='ltr'><strong>effossa</strong></span> <span class='ocrx_word' id='word_1_277' title='bbox 677 2400 834 2452; x_wconf 91' lang='lat' dir='ltr'><strong>lerra</strong></span> <span class='ocrx_word' id='word_1_278' title='bbox 865 2391 1063 2452; x_wconf 88' lang='lat' dir='ltr'><strong>denuo</strong></span> <span class='ocrx_word' id='word_1_279' title='bbox 1096 2391 1155 2451; x_wconf 93' lang='lat' dir='ltr'><strong>in</strong></span> <span class='ocrx_word' id='word_1_280' title='bbox 1207 2391 1448 2462; x_wconf 90' lang='lat' dir='ltr'><strong>fossam,</strong></span> <span class='ocrx_word' id='word_1_281' title='bbox 1505 2391 1588 2452; x_wconf 93' lang='lat' dir='ltr'><strong>sic</strong></span> <span class='ocrx_word' id='word_1_282' title='bbox 1617 2390 1702 2452; x_wconf 90' lang='lat' dir='ltr'><strong>illi</strong></span> <span class='ocrx_word' id='word_1_283' title='bbox 1735 2391 1792 2451; x_wconf 93' lang='lat' dir='ltr'><strong>in</strong></span> <span class='ocrx_word' id='word_1_284' title='bbox 1827 2391 2086 2452; x_wconf 90' lang='lat' dir='ltr'><strong>tumulos</strong></span> 
     </span>
    </p>
   </div>
   <div class='ocr_carea' id='block_1_40' title="bbox 427 2479 2085 2560">
    <p class='ocr_par' dir='ltr' id='par_1_40' title="bbox 427 2479 2085 2560">
     <span class='ocr_line' id='line_1_40' title="bbox 427 2479 2085 2560; baseline -0.002 -18"><span class='ocrx_word' id='word_1_285' title='bbox 427 2480 837 2560; x_wconf 86' lang='lat' dir='ltr'><strong>projiciuntur,</strong></span> <span class='ocrx_word' id='word_1_286' title='bbox 874 2489 932 2542; x_wconf 90' lang='lat' dir='ltr'><strong>et</strong></span> <span class='ocrx_word' id='word_1_287' title='bbox 960 2479 1019 2540; x_wconf 93' lang='lat' dir='ltr'><strong>in</strong></span> <span class='ocrx_word' id='word_1_288' title='bbox 1054 2481 1166 2541; x_wconf 90' lang='lat' dir='ltr'><strong>hoc</strong></span> <span class='ocrx_word' id='word_1_289' title='bbox 1197 2483 1413 2542; x_wconf 63' lang='lat' dir='ltr'><strong>saeculo</strong></span> <span class='ocrx_word' id='word_1_290' title='bbox 1440 2480 1667 2555; x_wconf 90' lang='lat' dir='ltr'><strong>miseri,</strong></span> <span class='ocrx_word' id='word_1_291' title='bbox 1703 2489 1760 2542; x_wconf 92' lang='lat' dir='ltr'><strong>et</strong></span> <span class='ocrx_word' id='word_1_292' title='bbox 1791 2480 1852 2542; x_wconf 92' lang='lat' dir='ltr'><strong>in</strong></span> <span class='ocrx_word' id='word_1_293' title='bbox 1885 2482 2085 2541; x_wconf 88' lang='lat' dir='ltr'><strong>futuro</strong></span> 
     </span>
    </p>
   </div>
   <div class='ocr_carea' id='block_1_41' title="bbox 428 2569 2083 2649">
    <p class='ocr_par' dir='ltr' id='par_1_41' title="bbox 428 2569 2083 2649">
     <span class='ocr_line' id='line_1_41' title="bbox 428 2569 2083 2649; baseline 0 -19"><span class='ocrx_word' id='word_1_294' title='bbox 428 2569 689 2649; x_wconf 89' lang='lat' dir='ltr'><strong>hospites</strong></span> <span class='ocrx_word' id='word_1_295' title='bbox 718 2588 786 2630; x_wconf 89' lang='lat' dir='ltr'><strong>ac</strong></span> <span class='ocrx_word' id='word_1_296' title='bbox 820 2569 1143 2648; x_wconf 85' lang='lat' dir='ltr'><strong>peregrini.</strong></span> <span class='ocrx_word' id='word_1_297' title='bbox 1169 2569 1320 2641; x_wconf 87' lang='lat' dir='ltr'><strong>Quid</strong></span> <span class='ocrx_word' id='word_1_298' title='bbox 1347 2569 1549 2648; x_wconf 83' lang='lat' dir='ltr'><strong>igitur,</strong></span> <span class='ocrx_word' id='word_1_299' title='bbox 1603 2570 1803 2631; x_wconf 89' lang='lat' dir='ltr'><strong>anima</strong></span> <span class='ocrx_word' id='word_1_300' title='bbox 1834 2589 1985 2642; x_wconf 82' lang='lat' dir='ltr'><strong>mea,</strong></span> <span class='ocrx_word' id='word_1_301' title='bbox 2028 2569 2083 2630; x_wconf 91' lang='lat' dir='ltr'><strong>in</strong></span> 
     </span>
    </p>
   </div>
   <div class='ocr_carea' id='block_1_42' title="bbox 427 2656 2080 2739">
    <p class='ocr_par' dir='ltr' id='par_1_42' title="bbox 427 2656 2080 2739">
     <span class='ocr_line' id='line_1_42' title="bbox 427 2656 2080 2739; baseline 0 -20"><span class='ocrx_word' id='word_1_302' title='bbox 427 2657 521 2719; x_wconf 92' lang='lat' dir='ltr'><strong>his</strong></span> <span class='ocrx_word' id='word_1_303' title='bbox 552 2656 833 2718; x_wconf 83' lang='lat' dir='ltr'><strong>eximium</strong></span> <span class='ocrx_word' id='word_1_304' title='bbox 867 2657 1109 2718; x_wconf 90' lang='lat' dir='ltr'><strong>intuens</strong></span> <span class='ocrx_word' id='word_1_305' title='bbox 1139 2657 1507 2720; x_wconf 82' lang='lat' dir='ltr'><strong>delectaris?</strong></span> <span class='ocrx_word' id='word_1_306' title='bbox 1551 2660 1692 2739; x_wconf 88' lang='lat' dir='ltr'><strong>quid</strong></span> <span class='ocrx_word' id='word_1_307' title='bbox 1727 2660 1942 2720; x_wconf 91' lang='lat' dir='ltr'><strong>horum</strong></span> <span class='ocrx_word' id='word_1_308' title='bbox 1977 2679 2080 2720; x_wconf 83' lang='lat' dir='ltr'><strong>ex-</strong></span> 
     </span>
    </p>
   </div>
   <div class='ocr_carea' id='block_1_43' title="bbox 429 2746 2079 2829">
    <p class='ocr_par' dir='ltr' id='par_1_43' title="bbox 429 2746 2079 2829">
     <span class='ocr_line' id='line_1_43' title="bbox 429 2746 2079 2829; baseline 0.002 -21"><span class='ocrx_word' id='word_1_309' title='bbox 429 2747 746 2827; x_wconf 89' lang='lat' dir='ltr'><strong>petendum</strong></span> <span class='ocrx_word' id='word_1_310' title='bbox 771 2746 1027 2808; x_wconf 77' lang='lat' dir='ltr'><strong>censes?</strong></span> <span class='ocrx_word' id='word_1_311' title='bbox 1058 2747 1219 2810; x_wconf 86' lang='lat' dir='ltr'><strong>Nihil</strong></span> <span class='ocrx_word' id='word_1_312' title='bbox 1253 2749 1487 2828; x_wconf 91' lang='lat' dir='ltr'><strong>penitus</strong></span> <span class='ocrx_word' id='word_1_313' title='bbox 1529 2748 1712 2811; x_wconf 86' lang='lat' dir='ltr'><strong>habes</strong></span> <span class='ocrx_word' id='word_1_314' title='bbox 1727 2749 1882 2829; x_wconf 91' lang='lat' dir='ltr'><strong>quod</strong></span> <span class='ocrx_word' id='word_1_315' title='bbox 1897 2749 2079 2811; x_wconf 69' lang='lat' dir='ltr'><strong>dicas.</strong></span> 
     </span>
    </p>
   </div>
   <div class='ocr_carea' id='block_1_44' title="bbox 428 2835 1184 2917">
    <p class='ocr_par' dir='ltr' id='par_1_44' title="bbox 428 2835 1184 2917">
     <span class='ocr_line' id='line_1_44' title="bbox 428 2835 1184 2917; baseline 0.004 -20"><span class='ocrx_word' id='word_1_316' title='bbox 428 2836 575 2897; x_wconf 74' lang='lat' dir='ltr'><strong>nihil</strong></span> <span class='ocrx_word' id='word_1_317' title='bbox 608 2835 765 2917; x_wconf 85' lang='lat' dir='ltr'><strong>quod</strong></span> <span class='ocrx_word' id='word_1_318' title='bbox 791 2836 1184 2916; x_wconf 88' lang='lat' dir='ltr'><strong>respondeas.</strong></span> 
     </span>
    </p>
   </div>
   <div class='ocr_carea' id='block_1_45' title="bbox 512 2924 2082 3008">
    <p class='ocr_par' dir='ltr' id='par_1_45' title="bbox 512 2924 2082 3008">
     <span class='ocr_line' id='line_1_45' title="bbox 512 2924 2082 3008; baseline 0.001 -21"><span class='ocrx_word' id='word_1_319' title='bbox 512 2927 610 2987; x_wconf 67' lang='lat' dir='ltr'><strong>Vae</strong></span> <span class='ocrx_word' id='word_1_320' title='bbox 639 2925 739 3004; x_wconf 90' lang='lat' dir='ltr'><strong>qui</strong></span> <span class='ocrx_word' id='word_1_321' title='bbox 772 2924 1005 2986; x_wconf 90' lang='lat' dir='ltr'><strong>divitias</strong></span> <span class='ocrx_word' id='word_1_322' title='bbox 1037 2926 1436 2987; x_wconf 85' lang='lat' dir='ltr'><strong>cumularunt.</strong></span> <span class='ocrx_word' id='word_1_323' title='bbox 1474 2929 1576 2988; x_wconf 72' lang='lat' dir='ltr'><strong>Vze</strong></span> <span class='ocrx_word' id='word_1_324' title='bbox 1599 2928 1700 3008; x_wconf 87' lang='lat' dir='ltr'><strong>qui</strong></span> <span class='ocrx_word' id='word_1_325' title='bbox 1730 2927 1978 3006; x_wconf 89' lang='lat' dir='ltr'><strong>gloriam</strong></span> <span class='ocrx_word' id='word_1_326' title='bbox 2008 2927 2082 2988; x_wconf 87' lang='lat' dir='ltr'><strong>ab</strong></span> 
     </span>
    </p>
   </div>
   <div class='ocr_carea' id='block_1_46' title="bbox 2169 1764 3817 1848">
    <p class='ocr_par' dir='ltr' id='par_1_46' title="bbox 2169 1764 3817 1848">
     <span class='ocr_line' id='line_1_46' title="bbox 2169 1764 3817 1848; baseline -0.006 -13"><span class='ocrx_word' id='word_1_327' title='bbox 2169 1774 2334 1835; x_wconf 90' lang='lat' dir='ltr'><strong>Tunc</strong></span> <span class='ocrx_word' id='word_1_328' title='bbox 2356 1772 2778 1834; x_wconf 89' lang='lat' dir='ltr'><strong>lamentaberis</strong></span> <span class='ocrx_word' id='word_1_329' title='bbox 2803 1769 3054 1848; x_wconf 92' lang='lat' dir='ltr'><strong>misella,</strong></span> <span class='ocrx_word' id='word_1_330' title='bbox 3114 1777 3252 1829; x_wconf 90' lang='lat' dir='ltr'><strong>tunc</strong></span> <span class='ocrx_word' id='word_1_331' title='bbox 3292 1767 3503 1827; x_wconf 82' lang='lat' dir='ltr'><strong>dolens</strong></span> <span class='ocrx_word' id='word_1_332' title='bbox 3527 1764 3817 1846; x_wconf 84' lang='lat' dir='ltr'><strong>plorabis,</strong></span> 
     </span>
    </p>
   </div>
   <div class='ocr_carea' id='block_1_47' title="bbox 2171 1855 3823 1941">
    <p class='ocr_par' dir='ltr' id='par_1_47' title="bbox 2171 1855 3823 1941">
     <span class='ocr_line' id='line_1_47' title="bbox 2171 1855 3823 1941; baseline -0.007 -16"><span class='ocrx_word' id='word_1_333' title='bbox 2171 1874 2227 1925; x_wconf 89' lang='lat' dir='ltr'><strong>et</strong></span> <span class='ocrx_word' id='word_1_334' title='bbox 2256 1863 2478 1924; x_wconf 87' lang='lat' dir='ltr'><strong>doloris</strong></span> <span class='ocrx_word' id='word_1_335' title='bbox 2507 1861 2826 1941; x_wconf 85' lang='lat' dir='ltr'><strong>impatiens</strong></span> <span class='ocrx_word' id='word_1_336' title='bbox 2856 1869 3104 1919; x_wconf 86' lang='lat' dir='ltr'><strong>mortem</strong></span> <span class='ocrx_word' id='word_1_337' title='bbox 3136 1856 3460 1929; x_wconf 78' lang='lat' dir='ltr'><strong>invocabis,</strong></span> <span class='ocrx_word' id='word_1_338' title='bbox 3488 1875 3600 1915; x_wconf 89' lang='lat' dir='ltr'><strong>non</strong></span> <span class='ocrx_word' id='word_1_339' title='bbox 3623 1855 3823 1916; x_wconf 83' lang='lat' dir='ltr'><strong>ferens</strong></span> 
     </span>
    </p>
   </div>
   <div class='ocr_carea' id='block_1_48' title="bbox 2170 1944 3824 2032">
    <p class='ocr_par' dir='ltr' id='par_1_48' title="bbox 2170 1944 3824 2032">
     <span class='ocr_line' id='line_1_48' title="bbox 2170 1944 3824 2032; baseline -0.006 -18"><span class='ocrx_word' id='word_1_340' title='bbox 2170 1952 2275 2014; x_wconf 91' lang='lat' dir='ltr'><strong>abs</strong></span> <span class='ocrx_word' id='word_1_341' title='bbox 2306 1962 2366 2014; x_wconf 91' lang='lat' dir='ltr'><strong>te</strong></span> <span class='ocrx_word' id='word_1_342' title='bbox 2395 1951 2657 2032; x_wconf 56' lang='lat' dir='ltr'><strong>separari</strong></span> <span class='ocrx_word' id='word_1_343' title='bbox 2691 1959 2808 2011; x_wconf 85' lang='lat' dir='ltr'><strong>tam</strong></span> <span class='ocrx_word' id='word_1_344' title='bbox 2840 1949 3076 2009; x_wconf 83' lang='lat' dir='ltr'><strong>dulcem</strong></span> <span class='ocrx_word' id='word_1_345' title='bbox 3111 1946 3454 2008; x_wconf 91' lang='lat' dir='ltr'><strong>Dominum.</strong></span> <span class='ocrx_word' id='word_1_346' title='bbox 3487 1945 3592 2006; x_wconf 85' lang='lat' dir='ltr'><strong>Ast</strong></span> <span class='ocrx_word' id='word_1_347' title='bbox 3627 1944 3824 2005; x_wconf 91' lang='lat' dir='ltr'><strong>bonus</strong></span> 
     </span>
    </p>
   </div>
   <div class='ocr_carea' id='block_1_49' title="bbox 2173 2034 3824 2116">
    <p class='ocr_par' dir='ltr' id='par_1_49' title="bbox 2173 2034 3824 2116">
     <span class='ocr_line' id='line_1_49' title="bbox 2173 2034 3824 2116; baseline -0.006 -13"><span class='ocrx_word' id='word_1_348' title='bbox 2173 2042 2458 2103; x_wconf 88' lang='lat' dir='ltr'><strong>Dominus</strong></span> <span class='ocrx_word' id='word_1_349' title='bbox 2487 2059 2619 2100; x_wconf 86' lang='lat' dir='ltr'><strong>cum</strong></span> <span class='ocrx_word' id='word_1_350' title='bbox 2655 2049 2708 2100; x_wconf 90' lang='lat' dir='ltr'><strong>te</strong></span> <span class='ocrx_word' id='word_1_351' title='bbox 2739 2037 2971 2099; x_wconf 88' lang='lat' dir='ltr'><strong>consilii</strong></span> <span class='ocrx_word' id='word_1_352' title='bbox 3003 2035 3267 2116; x_wconf 83' lang='lat' dir='ltr'><strong>inopem,</strong></span> <span class='ocrx_word' id='word_1_353' title='bbox 3301 2043 3359 2096; x_wconf 93' lang='lat' dir='ltr'><strong>et</strong></span> <span class='ocrx_word' id='word_1_354' title='bbox 3388 2035 3447 2094; x_wconf 91' lang='lat' dir='ltr'><strong>in</strong></span> <span class='ocrx_word' id='word_1_355' title='bbox 3479 2034 3642 2106; x_wconf 87' lang='lat' dir='ltr'><strong>ﬂetu,</strong></span> <span class='ocrx_word' id='word_1_356' title='bbox 3679 2050 3824 2094; x_wconf 70' lang='lat' dir='ltr'><strong>maz-</strong></span> 
     </span>
    </p>
   </div>
   <div class='ocr_carea' id='block_1_50' title="bbox 2171 2123 3824 2211">
    <p class='ocr_par' dir='ltr' id='par_1_50' title="bbox 2171 2123 3824 2211">
     <span class='ocr_line' id='line_1_50' title="bbox 2171 2123 3824 2211; baseline -0.005 -20"><span class='ocrx_word' id='word_1_357' title='bbox 2171 2131 2447 2211; x_wconf 87' lang='lat' dir='ltr'><strong>stitiaqne</strong></span> <span class='ocrx_word' id='word_1_358' title='bbox 2479 2126 3017 2190; x_wconf 91' lang='lat' dir='ltr'><strong>constantissimam</strong></span> <span class='ocrx_word' id='word_1_359' title='bbox 3051 2123 3286 2195; x_wconf 87' lang='lat' dir='ltr'><strong>viderit,</strong></span> <span class='ocrx_word' id='word_1_360' title='bbox 3327 2123 3541 2185; x_wconf 88' lang='lat' dir='ltr'><strong>iterum</strong></span> <span class='ocrx_word' id='word_1_361' title='bbox 3573 2130 3824 2201; x_wconf 80' lang='lat' dir='ltr'><strong>repente</strong></span> 
     </span>
    </p>
   </div>
   <div class='ocr_carea' id='block_1_51' title="bbox 2174 2211 3826 2301">
    <p class='ocr_par' dir='ltr' id='par_1_51' title="bbox 2174 2211 3826 2301">
     <span class='ocr_line' id='line_1_51' title="bbox 2174 2211 3826 2301; baseline -0.005 -20"><span class='ocrx_word' id='word_1_362' title='bbox 2174 2221 2276 2281; x_wconf 89' lang='lat' dir='ltr'><strong>tibi</strong></span> <span class='ocrx_word' id='word_1_363' title='bbox 2307 2219 2648 2301; x_wconf 85' lang='lat' dir='ltr'><strong>apparebit;</strong></span> <span class='ocrx_word' id='word_1_364' title='bbox 2685 2219 2899 2277; x_wconf 91' lang='lat' dir='ltr'><strong>iterum</strong></span> <span class='ocrx_word' id='word_1_365' title='bbox 2934 2223 2989 2276; x_wconf 93' lang='lat' dir='ltr'><strong>te</strong></span> <span class='ocrx_word' id='word_1_366' title='bbox 3018 2214 3376 2274; x_wconf 82' lang='lat' dir='ltr'><strong>illuminahit</strong></span> <span class='ocrx_word' id='word_1_367' title='bbox 3413 2233 3428 2286; x_wconf 85' lang='lat'><strong>;</strong></span> <span class='ocrx_word' id='word_1_368' title='bbox 3461 2213 3673 2272; x_wconf 89' lang='lat' dir='ltr'><strong>iterum</strong></span> <span class='ocrx_word' id='word_1_369' title='bbox 3709 2211 3826 2301; x_wconf 84' lang='lat' dir='ltr'><strong>tibi</strong></span> 
     </span>
    </p>
   </div>
   <div class='ocr_carea' id='block_1_52' title="bbox 2172 2300 3825 2381">
    <p class='ocr_par' dir='ltr' id='par_1_52' title="bbox 2172 2300 3825 2381">
     <span class='ocr_line' id='line_1_52' title="bbox 2172 2300 3825 2381; baseline -0.006 -10"><span class='ocrx_word' id='word_1_370' title='bbox 2172 2300 2548 2372; x_wconf 79' lang='lat' dir='ltr'><strong>inexhaustas</strong></span> <span class='ocrx_word' id='word_1_371' title='bbox 2575 2305 2808 2367; x_wconf 87' lang='lat' dir='ltr'><strong>divitias</strong></span> <span class='ocrx_word' id='word_1_372' title='bbox 2832 2301 3291 2373; x_wconf 76' lang='lat' dir='ltr'><strong>demonstrabit,</strong></span> <span class='ocrx_word' id='word_1_373' title='bbox 3348 2301 3578 2381; x_wconf 88' lang='lat' dir='ltr'><strong>paterni</strong></span> <span class='ocrx_word' id='word_1_374' title='bbox 3627 2300 3825 2361; x_wconf 89' lang='lat' dir='ltr'><strong>vultus</strong></span> 
     </span>
    </p>
   </div>
   <div class='ocr_carea' id='block_1_53' title="bbox 2171 2388 3820 2476">
    <p class='ocr_par' dir='ltr' id='par_1_53' title="bbox 2171 2388 3820 2476">
     <span class='ocr_line' id='line_1_53' title="bbox 2171 2388 3820 2476; baseline -0.007 -18"><span class='ocrx_word' id='word_1_375' title='bbox 2171 2400 2417 2476; x_wconf 86' lang='lat' dir='ltr'><strong>gloriam</strong></span> <span class='ocrx_word' id='word_1_376' title='bbox 2453 2392 3034 2468; x_wconf 82' lang='lat' dir='ltr'><strong>immarcescibilem,</strong></span> <span class='ocrx_word' id='word_1_377' title='bbox 3071 2399 3128 2451; x_wconf 89' lang='lat' dir='ltr'><strong>et</strong></span> <span class='ocrx_word' id='word_1_378' title='bbox 3160 2389 3528 2452; x_wconf 84' lang='lat' dir='ltr'><strong>exhilarabit.</strong></span> <span class='ocrx_word' id='word_1_379' title='bbox 3561 2388 3820 2466; x_wconf 82' lang='lat' dir='ltr'><strong>gaudio-</strong></span> 
     </span>
    </p>
   </div>
   <div class='ocr_carea' id='block_1_54' title="bbox 2169 2477 3817 2566">
    <p class='ocr_par' dir='ltr' id='par_1_54' title="bbox 2169 2477 3817 2566">
     <span class='ocr_line' id='line_1_54' title="bbox 2169 2477 3817 2566; baseline -0.004 -20"><span class='ocrx_word' id='word_1_380' title='bbox 2169 2505 2287 2566; x_wconf 78' lang='lat' dir='ltr'><strong>que</strong></span> <span class='ocrx_word' id='word_1_381' title='bbox 2317 2495 2372 2545; x_wconf 76' lang='lat' dir='ltr'><strong>lu</strong></span> <span class='ocrx_word' id='word_1_382' title='bbox 2403 2482 2675 2563; x_wconf 89' lang='lat' dir='ltr'><strong>implebit</strong></span> <span class='ocrx_word' id='word_1_383' title='bbox 2707 2489 2769 2543; x_wconf 91' lang='lat' dir='ltr'><strong>ut</strong></span> <span class='ocrx_word' id='word_1_384' title='bbox 2799 2481 2982 2560; x_wconf 89' lang='lat' dir='ltr'><strong>prius,</strong></span> <span class='ocrx_word' id='word_1_385' title='bbox 3017 2489 3074 2539; x_wconf 87' lang='lat' dir='ltr'><strong>et</strong></span> <span class='ocrx_word' id='word_1_386' title='bbox 3105 2480 3181 2540; x_wconf 87' lang='lat' dir='ltr'><strong>ita</strong></span> <span class='ocrx_word' id='word_1_387' title='bbox 3212 2477 3409 2557; x_wconf 88' lang='lat' dir='ltr'><strong>gaudii</strong></span> <span class='ocrx_word' id='word_1_388' title='bbox 3444 2477 3676 2557; x_wconf 86' lang='lat' dir='ltr'><strong>plenam</strong></span> <span class='ocrx_word' id='word_1_389' title='bbox 3713 2493 3817 2566; x_wconf 9' lang='lat' dir='ltr'><strong>rer-</strong></span> 
     </span>
    </p>
   </div>
   <div class='ocr_carea' id='block_1_55' title="bbox 2171 2564 3827 2655">
    <p class='ocr_par' dir='ltr' id='par_1_55' title="bbox 2171 2564 3827 2655">
     <span class='ocr_line' id='line_1_55' title="bbox 2171 2564 3827 2655; baseline -0.007 -19"><span class='ocrx_word' id='word_1_390' title='bbox 2171 2564 2418 2655; x_wconf 83' lang='lat' dir='ltr'><strong>linquet.</strong></span> <span class='ocrx_word' id='word_1_391' title='bbox 2456 2571 2816 2635; x_wconf 80' lang='lat' dir='ltr'><strong>Mundanum</strong></span> <span class='ocrx_word' id='word_1_392' title='bbox 2868 2587 3042 2648; x_wconf 90' lang='lat' dir='ltr'><strong>porro</strong></span> <span class='ocrx_word' id='word_1_393' title='bbox 3097 2566 3375 2645; x_wconf 87' lang='lat' dir='ltr'><strong>gaudium</strong></span> <span class='ocrx_word' id='word_1_394' title='bbox 3439 2567 3594 2645; x_wconf 64' lang='lat' dir='ltr'><strong>quod</strong></span> <span class='ocrx_word' id='word_1_395' title='bbox 3627 2564 3827 2655; x_wconf 85' lang='lat' dir='ltr'><strong>verbis</strong></span> 
     </span>
    </p>
   </div>
   <div class='ocr_carea' id='block_1_56' title="bbox 2170 2653 3818 2741">
    <p class='ocr_par' dir='ltr' id='par_1_56' title="bbox 2170 2653 3818 2741">
     <span class='ocr_line' id='line_1_56' title="bbox 2170 2653 3818 2741; baseline -0.007 -15"><span class='ocrx_word' id='word_1_396' title='bbox 2170 2674 2228 2726; x_wconf 92' lang='lat' dir='ltr'><strong>et</strong></span> <span class='ocrx_word' id='word_1_397' title='bbox 2256 2653 2708 2741; x_wconf 81' lang='lat' dir='ltr'><strong>cogitationibus</strong></span> <span class='ocrx_word' id='word_1_398' title='bbox 2756 2656 3150 2737; x_wconf 75' lang='lat' dir='ltr'><strong>percipiehas,</strong></span> <span class='ocrx_word' id='word_1_399' title='bbox 3213 2655 3434 2717; x_wconf 89' lang='lat' dir='ltr'><strong>sensim</strong></span> <span class='ocrx_word' id='word_1_400' title='bbox 3470 2666 3523 2716; x_wconf 92' lang='lat' dir='ltr'><strong>te</strong></span> <span class='ocrx_word' id='word_1_401' title='bbox 3557 2653 3818 2727; x_wconf 78' lang='lat' dir='ltr'><strong>deficiet,</strong></span> 
     </span>
    </p>
   </div>
   <div class='ocr_carea' id='block_1_57' title="bbox 2171 2746 3819 2818">
    <p class='ocr_par' dir='ltr' id='par_1_57' title="bbox 2171 2746 3819 2818">
     <span class='ocr_line' id='line_1_57' title="bbox 2171 2746 3819 2818; baseline -0.007 -3"><span class='ocrx_word' id='word_1_402' title='bbox 2171 2764 2227 2815; x_wconf 91' lang='lat' dir='ltr'><strong>et</strong></span> <span class='ocrx_word' id='word_1_403' title='bbox 2249 2753 2308 2813; x_wconf 89' lang='lat' dir='ltr'><strong>in</strong></span> <span class='ocrx_word' id='word_1_404' title='bbox 2337 2752 2631 2815; x_wconf 73' lang='lat' dir='ltr'><strong>tristitiam</strong></span> <span class='ocrx_word' id='word_1_405' title='bbox 2656 2746 3136 2810; x_wconf 87' lang='lat' dir='ltr'><strong>commutabitur.</strong></span> <span class='ocrx_word' id='word_1_406' title='bbox 3184 2746 3285 2808; x_wconf 87' lang='lat' dir='ltr'><strong>Sic</strong></span> <span class='ocrx_word' id='word_1_407' title='bbox 3310 2764 3536 2818; x_wconf 90' lang='lat' dir='ltr'><strong>rursus,</strong></span> <span class='ocrx_word' id='word_1_408' title='bbox 3567 2754 3626 2806; x_wconf 92' lang='lat' dir='ltr'><strong>ut</strong></span> <span class='ocrx_word' id='word_1_409' title='bbox 3657 2752 3819 2817; x_wconf 88' lang='lat' dir='ltr'><strong>ante,</strong></span> 
     </span>
    </p>
   </div>
   <div class='ocr_carea' id='block_1_58' title="bbox 2175 2833 3827 2921">
    <p class='ocr_par' dir='ltr' id='par_1_58' title="bbox 2175 2833 3827 2921">
     <span class='ocr_line' id='line_1_58' title="bbox 2175 2833 3827 2921; baseline -0.006 -18"><span class='ocrx_word' id='word_1_410' title='bbox 2175 2858 2534 2921; x_wconf 87' lang='lat' dir='ltr'><strong>magnopere</strong></span> <span class='ocrx_word' id='word_1_411' title='bbox 2586 2835 3030 2909; x_wconf 84' lang='lat' dir='ltr'><strong>lamentaberis,</strong></span> <span class='ocrx_word' id='word_1_412' title='bbox 3091 2842 3151 2896; x_wconf 91' lang='lat' dir='ltr'><strong>et</strong></span> <span class='ocrx_word' id='word_1_413' title='bbox 3202 2853 3336 2896; x_wconf 92' lang='lat' dir='ltr'><strong>cum</strong></span> <span class='ocrx_word' id='word_1_414' title='bbox 3393 2833 3612 2912; x_wconf 87' lang='lat' dir='ltr'><strong>gemitu</strong></span> <span class='ocrx_word' id='word_1_415' title='bbox 3647 2850 3827 2894; x_wconf 89' lang='lat' dir='ltr'><strong>voces</strong></span> 
     </span>
    </p>
   </div>
   <div class='ocr_carea' id='block_1_59' title="bbox 2173 2922 3821 3004">
    <p class='ocr_par' dir='ltr' id='par_1_59' title="bbox 2173 2922 3821 3004">
     <span class='ocr_line' id='line_1_59' title="bbox 2173 2922 3821 3004; baseline -0.007 -11"><span class='ocrx_word' id='word_1_416' title='bbox 2173 2932 2502 3004; x_wconf 84' lang='lat' dir='ltr'><strong>ell&#39;undens,</strong></span> <span class='ocrx_word' id='word_1_417' title='bbox 2544 2929 2704 2988; x_wconf 81' lang='lat' dir='ltr'><strong>iltum</strong></span> <span class='ocrx_word' id='word_1_418' title='bbox 2737 2925 2952 2987; x_wconf 67' lang='lat' dir='ltr'><strong>laetitiae</strong></span> <span class='ocrx_word' id='word_1_419' title='bbox 3002 2943 3296 3004; x_wconf 89' lang='lat' dir='ltr'><strong>promum,</strong></span> <span class='ocrx_word' id='word_1_420' title='bbox 3345 2922 3539 3002; x_wconf 87' lang='lat' dir='ltr'><strong>gaudii</strong></span> <span class='ocrx_word' id='word_1_421' title='bbox 3571 2922 3821 2998; x_wconf 88' lang='lat' dir='ltr'><strong>largitc-</strong></span> 
     </span>
    </p>
   </div>
   <div class='ocr_carea' id='block_1_60' title="bbox 431 3008 3816 3097">
    <p class='ocr_par' dir='ltr' id='par_1_60' title="bbox 431 3008 3816 3097">
     <span class='ocr_line' id='line_1_60' title="bbox 431 3008 3816 3097; baseline -0.002 -21"><span class='ocrx_word' id='word_1_422' title='bbox 431 3013 770 3076; x_wconf 90' lang='lat' dir='ltr'><strong>hominibus</strong></span> <span class='ocrx_word' id='word_1_423' title='bbox 801 3012 1004 3074; x_wconf 87' lang='lat' dir='ltr'><strong>volunt</strong></span> <span class='ocrx_word' id='word_1_424' title='bbox 1056 3014 1354 3094; x_wconf 87' lang='lat' dir='ltr'><strong>accipere.</strong></span> <span class='ocrx_word' id='word_1_425' title='bbox 1410 3013 1510 3077; x_wconf 67' lang='lat' dir='ltr'><strong>Vae</strong></span> <span class='ocrx_word' id='word_1_426' title='bbox 1553 3015 1654 3096; x_wconf 90' lang='lat' dir='ltr'><strong>qui</strong></span> <span class='ocrx_word' id='word_1_427' title='bbox 1710 3035 1773 3077; x_wconf 92' lang='lat' dir='ltr'><strong>se</strong></span> <span class='ocrx_word' id='word_1_428' title='bbox 1805 3017 2078 3077; x_wconf 84' lang='lat' dir='ltr'><strong>inserue-</strong></span> <span class='ocrx_word' id='word_1_429' title='bbox 2105 3041 2144 3092; x_wconf 76' lang='grc' dir='ltr'><strong>(τ</strong></span> <span class='ocrx_word' id='word_1_430' title='bbox 2170 3034 2321 3092; x_wconf 90' lang='lat' dir='ltr'><strong>rem,</strong></span> <span class='ocrx_word' id='word_1_431' title='bbox 2355 3020 2519 3081; x_wconf 93' lang='lat' dir='ltr'><strong>illum</strong></span> <span class='ocrx_word' id='word_1_432' title='bbox 2553 3017 2612 3078; x_wconf 93' lang='lat' dir='ltr'><strong>in</strong></span> <span class='ocrx_word' id='word_1_433' title='bbox 2645 3035 2760 3097; x_wconf 91' lang='lat' dir='ltr'><strong>quo</strong></span> <span class='ocrx_word' id='word_1_434' title='bbox 2791 3032 2997 3076; x_wconf 88' lang='lat' dir='ltr'><strong>revera</strong></span> <span class='ocrx_word' id='word_1_435' title='bbox 3027 3012 3268 3074; x_wconf 75' lang='lat' dir='ltr'><strong>stabiles</strong></span> <span class='ocrx_word' id='word_1_436' title='bbox 3297 3027 3530 3090; x_wconf 90' lang='lat' dir='ltr'><strong>semper</strong></span> <span class='ocrx_word' id='word_1_437' title='bbox 3565 3008 3816 3086; x_wconf 65' lang='lat' dir='ltr'><strong>divitiae,</strong></span> 
     </span>
    </p>
   </div>
   <div class='ocr_carea' id='block_1_61' title="bbox 428 3101 2077 3186">
    <p class='ocr_par' dir='ltr' id='par_1_61' title="bbox 428 3101 2077 3186">
     <span class='ocr_line' id='line_1_61' title="bbox 428 3101 2077 3186; baseline 0.001 -21"><span class='ocrx_word' id='word_1_438' title='bbox 428 3112 564 3165; x_wconf 91' lang='lat' dir='ltr'><strong>runt</strong></span> <span class='ocrx_word' id='word_1_439' title='bbox 595 3101 898 3175; x_wconf 88' lang='lat' dir='ltr'><strong>divitibus,</strong></span> <span class='ocrx_word' id='word_1_440' title='bbox 955 3111 1017 3164; x_wconf 86' lang='lat' dir='ltr'><strong>et</strong></span> <span class='ocrx_word' id='word_1_441' title='bbox 1047 3123 1161 3163; x_wconf 91' lang='lat' dir='ltr'><strong>non</strong></span> <span class='ocrx_word' id='word_1_442' title='bbox 1199 3105 1300 3164; x_wconf 90' lang='lat' dir='ltr'><strong>Dei</strong></span> <span class='ocrx_word' id='word_1_443' title='bbox 1333 3104 1602 3183; x_wconf 89' lang='lat' dir='ltr'><strong>gloriam,</strong></span> <span class='ocrx_word' id='word_1_444' title='bbox 1637 3105 1884 3186; x_wconf 89' lang='lat' dir='ltr'><strong>ejusque</strong></span> <span class='ocrx_word' id='word_1_445' title='bbox 1915 3106 2077 3166; x_wconf 83' lang='lat' dir='ltr'><strong>divi-</strong></span> 
     </span>
    </p>
   </div>
   <div class='ocr_carea' id='block_1_62' title="bbox 429 3192 2078 3275">
    <p class='ocr_par' dir='ltr' id='par_1_62' title="bbox 429 3192 2078 3275">
     <span class='ocr_line' id='line_1_62' title="bbox 429 3192 2078 3275; baseline 0 -20"><span class='ocrx_word' id='word_1_446' title='bbox 429 3192 564 3266; x_wconf 89' lang='lat' dir='ltr'><strong>tias,</strong></span> <span class='ocrx_word' id='word_1_447' title='bbox 594 3201 653 3254; x_wconf 92' lang='lat' dir='ltr'><strong>et</strong></span> <span class='ocrx_word' id='word_1_448' title='bbox 682 3192 872 3253; x_wconf 91' lang='lat' dir='ltr'><strong>solum</strong></span> <span class='ocrx_word' id='word_1_449' title='bbox 908 3211 1040 3252; x_wconf 92' lang='lat' dir='ltr'><strong>cum</strong></span> <span class='ocrx_word' id='word_1_450' title='bbox 1074 3193 1201 3272; x_wconf 93' lang='lat' dir='ltr'><strong>ipso</strong></span> <span class='ocrx_word' id='word_1_451' title='bbox 1235 3211 1388 3265; x_wconf 89' lang='lat' dir='ltr'><strong>esse,</strong></span> <span class='ocrx_word' id='word_1_452' title='bbox 1446 3194 1784 3275; x_wconf 82' lang='lat' dir='ltr'><strong>versarique</strong></span> <span class='ocrx_word' id='word_1_453' title='bbox 1836 3194 2078 3256; x_wconf 88' lang='lat' dir='ltr'><strong>deside-</strong></span> 
     </span>
    </p>
   </div>
   <div class='ocr_carea' id='block_1_63' title="bbox 429 3280 2081 3362">
    <p class='ocr_par' dir='ltr' id='par_1_63' title="bbox 429 3280 2081 3362">
     <span class='ocr_line' id='line_1_63' title="bbox 429 3280 2081 3362; baseline -0.002 -19"><span class='ocrx_word' id='word_1_454' title='bbox 429 3291 584 3343; x_wconf 90' lang='lat' dir='ltr'><strong>rant.</strong></span> <span class='ocrx_word' id='word_1_455' title='bbox 621 3281 872 3343; x_wconf 83' lang='lat' dir='ltr'><strong>Mundus</strong></span> <span class='ocrx_word' id='word_1_456' title='bbox 905 3280 1062 3341; x_wconf 89' lang='lat' dir='ltr'><strong>enim</strong></span> <span class='ocrx_word' id='word_1_457' title='bbox 1117 3300 1299 3342; x_wconf 90' lang='lat' dir='ltr'><strong>vanus</strong></span> <span class='ocrx_word' id='word_1_458' title='bbox 1355 3289 1464 3362; x_wconf 90' lang='lat' dir='ltr'><strong>est,</strong></span> <span class='ocrx_word' id='word_1_459' title='bbox 1501 3295 1556 3343; x_wconf 90' lang='lat' dir='ltr'><strong>et</strong></span> <span class='ocrx_word' id='word_1_460' title='bbox 1585 3301 1712 3362; x_wconf 74' lang='lat' dir='ltr'><strong>quae</strong></span> <span class='ocrx_word' id='word_1_461' title='bbox 1741 3282 1801 3342; x_wconf 92' lang='lat' dir='ltr'><strong>in</strong></span> <span class='ocrx_word' id='word_1_462' title='bbox 1861 3283 2081 3344; x_wconf 81' lang='lat' dir='ltr'><strong>mundo</strong></span> 
     </span>
    </p>
   </div>
   <div class='ocr_carea' id='block_1_64' title="bbox 429 3370 2081 3451">
    <p class='ocr_par' dir='ltr' id='par_1_64' title="bbox 429 3370 2081 3451">
     <span class='ocr_line' id='line_1_64' title="bbox 429 3370 2081 3451; baseline 0.001 -19"><span class='ocrx_word' id='word_1_463' title='bbox 429 3379 588 3451; x_wconf 91' lang='lat' dir='ltr'><strong>sunt,</strong></span> <span class='ocrx_word' id='word_1_464' title='bbox 621 3370 910 3431; x_wconf 87' lang='lat' dir='ltr'><strong>vanitates</strong></span> <span class='ocrx_word' id='word_1_465' title='bbox 942 3379 1105 3443; x_wconf 89' lang='lat' dir='ltr'><strong>sunt,</strong></span> <span class='ocrx_word' id='word_1_466' title='bbox 1143 3379 1201 3431; x_wconf 88' lang='lat' dir='ltr'><strong>et</strong></span> <span class='ocrx_word' id='word_1_467' title='bbox 1243 3371 1442 3431; x_wconf 89' lang='lat' dir='ltr'><strong>omnia</strong></span> <span class='ocrx_word' id='word_1_468' title='bbox 1474 3371 1698 3433; x_wconf 65' lang='lat' dir='ltr'><strong>vanitas</strong></span> <span class='ocrx_word' id='word_1_469' title='bbox 1729 3392 1743 3431; x_wconf 91' lang='lat'><strong>:</strong></span> <span class='ocrx_word' id='word_1_470' title='bbox 1783 3375 1940 3433; x_wconf 92' lang='lat' dir='ltr'><strong>Deus</strong></span> <span class='ocrx_word' id='word_1_471' title='bbox 1971 3392 2081 3433; x_wconf 88' lang='lat' dir='ltr'><strong>au-</strong></span> 
     </span>
    </p>
   </div>
   <div class='ocr_carea' id='block_1_65' title="bbox 434 3458 2082 3541">
    <p class='ocr_par' dir='ltr' id='par_1_65' title="bbox 434 3458 2082 3541">
     <span class='ocr_line' id='line_1_65' title="bbox 434 3458 2082 3541; baseline 0.001 -20"><span class='ocrx_word' id='word_1_472' title='bbox 434 3472 550 3522; x_wconf 90' lang='lat' dir='ltr'><strong>tem</strong></span> <span class='ocrx_word' id='word_1_473' title='bbox 579 3459 738 3521; x_wconf 92' lang='lat' dir='ltr'><strong>solus</strong></span> <span class='ocrx_word' id='word_1_474' title='bbox 763 3468 852 3521; x_wconf 91' lang='lat' dir='ltr'><strong>est</strong></span> <span class='ocrx_word' id='word_1_475' title='bbox 875 3468 1155 3536; x_wconf 68' lang='lat' dir='ltr'><strong>aeternus,</strong></span> <span class='ocrx_word' id='word_1_476' title='bbox 1176 3458 1796 3541; x_wconf 88' lang='lat' dir='ltr'><strong>immortalis,semper</strong></span> <span class='ocrx_word' id='word_1_477' title='bbox 1815 3481 2082 3535; x_wconf 87' lang='lat' dir='ltr'><strong>manens,</strong></span> 
     </span>
    </p>
   </div>
   <div class='ocr_carea' id='block_1_66' title="bbox 421 3547 2083 3630">
    <p class='ocr_par' dir='ltr' id='par_1_66' title="bbox 421 3547 2083 3630">
     <span class='ocr_line' id='line_1_66' title="bbox 421 3547 2083 3630; baseline -0.001 -19"><span class='ocrx_word' id='word_1_478' title='bbox 421 3559 488 3611; x_wconf 87' lang='lat' dir='ltr'><strong>.et</strong></span> <span class='ocrx_word' id='word_1_479' title='bbox 515 3568 647 3610; x_wconf 92' lang='lat' dir='ltr'><strong>cum</strong></span> <span class='ocrx_word' id='word_1_480' title='bbox 677 3549 804 3628; x_wconf 90' lang='lat' dir='ltr'><strong>ipso</strong></span> <span class='ocrx_word' id='word_1_481' title='bbox 857 3557 1055 3619; x_wconf 87' lang='lat' dir='ltr'><strong>erunt,</strong></span> <span class='ocrx_word' id='word_1_482' title='bbox 1117 3547 1218 3626; x_wconf 88' lang='lat' dir='ltr'><strong>qui</strong></span> <span class='ocrx_word' id='word_1_483' title='bbox 1278 3567 1436 3610; x_wconf 91' lang='lat' dir='ltr'><strong>nunc</strong></span> <span class='ocrx_word' id='word_1_484' title='bbox 1490 3568 1622 3610; x_wconf 80' lang='lat' dir='ltr'><strong>eum</strong></span> <span class='ocrx_word' id='word_1_485' title='bbox 1657 3558 1948 3629; x_wconf 65' lang='lat' dir='ltr'><strong>quierunt,</strong></span> <span class='ocrx_word' id='word_1_486' title='bbox 1986 3560 2083 3630; x_wconf 83' lang='lat' dir='ltr'><strong>qui</strong></span> 
     </span>
    </p>
   </div>
   <div class='ocr_carea' id='block_1_67' title="bbox 427 3637 2084 3717">
    <p class='ocr_par' dir='ltr' id='par_1_67' title="bbox 427 3637 2084 3717">
     <span class='ocr_line' id='line_1_67' title="bbox 427 3637 2084 3717; baseline 0 -17"><span class='ocrx_word' id='word_1_487' title='bbox 427 3637 618 3700; x_wconf 90' lang='lat' dir='ltr'><strong>solum</strong></span> <span class='ocrx_word' id='word_1_488' title='bbox 652 3638 819 3699; x_wconf 90' lang='lat' dir='ltr'><strong>illum</strong></span> <span class='ocrx_word' id='word_1_489' title='bbox 855 3656 973 3717; x_wconf 63' lang='lat' dir='ltr'><strong>prae</strong></span> <span class='ocrx_word' id='word_1_490' title='bbox 1003 3638 1289 3698; x_wconf 85' lang='lat' dir='ltr'><strong>omnibus</strong></span> <span class='ocrx_word' id='word_1_491' title='bbox 1321 3637 1678 3699; x_wconf 78' lang='lat' dir='ltr'><strong>dilexerunt.</strong></span> <span class='ocrx_word' id='word_1_492' title='bbox 1716 3637 1816 3701; x_wconf 66' lang='lat' dir='ltr'><strong>Vae</strong></span> <span class='ocrx_word' id='word_1_493' title='bbox 1849 3647 1984 3700; x_wconf 92' lang='lat' dir='ltr'><strong>tunc</strong></span> <span class='ocrx_word' id='word_1_494' title='bbox 2017 3639 2084 3700; x_wconf 87' lang='lat' dir='ltr'><strong>il-</strong></span> 
     </span>
    </p>
   </div>
   <div class='ocr_carea' id='block_1_68' title="bbox 428 3725 2081 3809">
    <p class='ocr_par' dir='ltr' id='par_1_68' title="bbox 428 3725 2081 3809">
     <span class='ocr_line' id='line_1_68' title="bbox 428 3725 2081 3809; baseline -0.001 -20"><span class='ocrx_word' id='word_1_495' title='bbox 428 3729 522 3802; x_wconf 93' lang='lat' dir='ltr'><strong>lis,</strong></span> <span class='ocrx_word' id='word_1_496' title='bbox 559 3727 660 3809; x_wconf 92' lang='lat' dir='ltr'><strong>qui</strong></span> <span class='ocrx_word' id='word_1_497' title='bbox 695 3727 868 3788; x_wconf 90' lang='lat' dir='ltr'><strong>modo</strong></span> <span class='ocrx_word' id='word_1_498' title='bbox 902 3725 1187 3786; x_wconf 89' lang='lat' dir='ltr'><strong>mundum</strong></span> <span class='ocrx_word' id='word_1_499' title='bbox 1241 3725 1492 3805; x_wconf 90' lang='lat' dir='ltr'><strong>diligunt</strong></span> <span class='ocrx_word' id='word_1_500' title='bbox 1525 3747 1540 3800; x_wconf 88' lang='lat'><strong>;</strong></span> <span class='ocrx_word' id='word_1_501' title='bbox 1599 3727 2081 3808; x_wconf 87' lang='lat' dir='ltr'><strong>quandoquidem</strong></span> 
     </span>
    </p>
   </div>
   <div class='ocr_carea' id='block_1_69' title="bbox 433 3814 2082 3897">
    <p class='ocr_par' dir='ltr' id='par_1_69' title="bbox 433 3814 2082 3897">
     <span class='ocr_line' id='line_1_69' title="bbox 433 3814 2082 3897; baseline 0 -18"><span class='ocrx_word' id='word_1_502' title='bbox 433 3826 674 3896; x_wconf 88' lang='lat' dir='ltr'><strong>propter</strong></span> <span class='ocrx_word' id='word_1_503' title='bbox 703 3815 896 3892; x_wconf 77' lang='lat' dir='ltr'><strong>ipsum</strong></span> <span class='ocrx_word' id='word_1_504' title='bbox 929 3814 1289 3876; x_wconf 89' lang='lat' dir='ltr'><strong>addicentnr</strong></span> <span class='ocrx_word' id='word_1_505' title='bbox 1341 3815 1648 3895; x_wconf 63' lang='lat' dir='ltr'><strong>suppliciis</strong></span> <span class='ocrx_word' id='word_1_506' title='bbox 1680 3817 2082 3897; x_wconf 89' lang='lat' dir='ltr'><strong>sempiternis.</strong></span> 
     </span>
    </p>
   </div>
   <div class='ocr_carea' id='block_1_70' title="bbox 432 3905 2086 3985">
    <p class='ocr_par' dir='ltr' id='par_1_70' title="bbox 432 3905 2086 3985">
     <span class='ocr_line' id='line_1_70' title="bbox 432 3905 2086 3985; baseline -0.002 -16"><span class='ocrx_word' id='word_1_507' title='bbox 432 3906 532 3969; x_wconf 68' lang='lat' dir='ltr'><strong>Vae</strong></span> <span class='ocrx_word' id='word_1_508' title='bbox 557 3906 894 3968; x_wconf 89' lang='lat' dir='ltr'><strong>sitientibus</strong></span> <span class='ocrx_word' id='word_1_509' title='bbox 914 3905 1160 3983; x_wconf 91' lang='lat' dir='ltr'><strong>gloriam</strong></span> <span class='ocrx_word' id='word_1_510' title='bbox 1200 3906 1502 3965; x_wconf 88' lang='lat' dir='ltr'><strong>hominum</strong></span> <span class='ocrx_word' id='word_1_511' title='bbox 1522 3954 1535 3975; x_wconf 92' lang='lat'><strong>,</strong></span> <span class='ocrx_word' id='word_1_512' title='bbox 1576 3907 1710 3984; x_wconf 87' lang='lat' dir='ltr'><strong>quia</strong></span> <span class='ocrx_word' id='word_1_513' title='bbox 1740 3915 1879 3967; x_wconf 87' lang='lat' dir='ltr'><strong>tunc</strong></span> <span class='ocrx_word' id='word_1_514' title='bbox 1903 3907 2086 3985; x_wconf 87' lang='lat' dir='ltr'><strong>gloria</strong></span> 
     </span>
    </p>
   </div>
   <div class='ocr_carea' id='block_1_71' title="bbox 429 3991 2078 4076">
    <p class='ocr_par' dir='ltr' id='par_1_71' title="bbox 429 3991 2078 4076">
     <span class='ocr_line' id='line_1_71' title="bbox 429 3991 2078 4076; baseline 0.001 -19"><span class='ocrx_word' id='word_1_515' title='bbox 429 3996 532 4058; x_wconf 90' lang='lat' dir='ltr'><strong>Dei</strong></span> <span class='ocrx_word' id='word_1_516' title='bbox 557 3995 964 4076; x_wconf 88' lang='lat' dir='ltr'><strong>privabuntnr.</strong></span> <span class='ocrx_word' id='word_1_517' title='bbox 995 3991 1113 4069; x_wconf 82' lang='lat' dir='ltr'><strong>Vae,</strong></span> <span class='ocrx_word' id='word_1_518' title='bbox 1165 3993 1380 4065; x_wconf 87' lang='lat' dir='ltr'><strong>anima,</strong></span> <span class='ocrx_word' id='word_1_519' title='bbox 1433 3993 1524 4054; x_wconf 91' lang='lat' dir='ltr'><strong>his</strong></span> <span class='ocrx_word' id='word_1_520' title='bbox 1553 3993 1649 4072; x_wconf 90' lang='lat' dir='ltr'><strong>qui</strong></span> <span class='ocrx_word' id='word_1_521' title='bbox 1683 4014 2078 4074; x_wconf 89' lang='lat' dir='ltr'><strong>congregave-</strong></span> 
     </span>
    </p>
   </div>
   <div class='ocr_carea' id='block_1_72' title="bbox 429 4081 2083 4165">
    <p class='ocr_par' dir='ltr' id='par_1_72' title="bbox 429 4081 2083 4165">
     <span class='ocr_line' id='line_1_72' title="bbox 429 4081 2083 4165; baseline -0.001 -18"><span class='ocrx_word' id='word_1_522' title='bbox 429 4097 570 4148; x_wconf 87' lang='lat' dir='ltr'><strong>runt</strong></span> <span class='ocrx_word' id='word_1_523' title='bbox 600 4083 854 4155; x_wconf 89' lang='lat' dir='ltr'><strong>divitias,</strong></span> <span class='ocrx_word' id='word_1_524' title='bbox 883 4083 1164 4162; x_wconf 92' lang='lat' dir='ltr'><strong>quoniam</strong></span> <span class='ocrx_word' id='word_1_525' title='bbox 1202 4081 1284 4142; x_wconf 92' lang='lat' dir='ltr'><strong>ibi</strong></span> <span class='ocrx_word' id='word_1_526' title='bbox 1338 4101 1508 4163; x_wconf 73' lang='lat' dir='ltr'><strong>aquae</strong></span> <span class='ocrx_word' id='word_1_527' title='bbox 1536 4091 1762 4159; x_wconf 83' lang='lat' dir='ltr'><strong>guttam</strong></span> <span class='ocrx_word' id='word_1_528' title='bbox 1800 4085 2083 4165; x_wconf 74' lang='lat' dir='ltr'><strong>consequi</strong></span> 
     </span>
    </p>
   </div>
   <div class='ocr_carea' id='block_1_73' title="bbox 2165 3101 3822 3191">
    <p class='ocr_par' dir='ltr' id='par_1_73' title="bbox 2165 3101 3822 3191">
     <span class='ocr_line' id='line_1_73' title="bbox 2165 3101 3822 3191; baseline -0.008 -20"><span class='ocrx_word' id='word_1_529' title='bbox 2165 3111 2459 3191; x_wconf 91' lang='lat' dir='ltr'><strong>requires.</strong></span> <span class='ocrx_word' id='word_1_530' title='bbox 2512 3105 2595 3168; x_wconf 92' lang='lat' dir='ltr'><strong>Eo</strong></span> <span class='ocrx_word' id='word_1_531' title='bbox 2644 3106 2730 3166; x_wconf 92' lang='lat' dir='ltr'><strong>sic</strong></span> <span class='ocrx_word' id='word_1_532' title='bbox 2751 3121 2819 3166; x_wconf 83' lang='lat' dir='ltr'><strong>ex</strong></span> <span class='ocrx_word' id='word_1_533' title='bbox 2831 3103 3098 3183; x_wconf 85' lang='lat' dir='ltr'><strong>plorante</strong></span> <span class='ocrx_word' id='word_1_534' title='bbox 3117 3101 3490 3191; x_wconf 83' lang='lat' dir='ltr'><strong>voluntatem,</strong></span> <span class='ocrx_word' id='word_1_535' title='bbox 3517 3117 3585 3159; x_wconf 90' lang='lat' dir='ltr'><strong>ac</strong></span> <span class='ocrx_word' id='word_1_536' title='bbox 3603 3116 3822 3179; x_wconf 81' lang='lat' dir='ltr'><strong>propo-</strong></span> 
     </span>
    </p>
   </div>
   <div class='ocr_carea' id='block_1_74' title="bbox 2166 3187 3823 3270">
    <p class='ocr_par' dir='ltr' id='par_1_74' title="bbox 2166 3187 3823 3270">
     <span class='ocr_line' id='line_1_74' title="bbox 2166 3187 3823 3270; baseline -0.008 -10"><span class='ocrx_word' id='word_1_537' title='bbox 2166 3187 2341 3260; x_wconf 80' lang='lat' dir='ltr'><strong>situm</strong></span> <span class='ocrx_word' id='word_1_538' title='bbox 2377 3206 2563 3270; x_wconf 92' lang='lat' dir='ltr'><strong>tuum,</strong></span> <span class='ocrx_word' id='word_1_539' title='bbox 2596 3212 2734 3256; x_wconf 85' lang='lat' dir='ltr'><strong>cave</strong></span> <span class='ocrx_word' id='word_1_540' title='bbox 2781 3210 2854 3253; x_wconf 90' lang='lat' dir='ltr'><strong>ne</strong></span> <span class='ocrx_word' id='word_1_541' title='bbox 2901 3190 3264 3268; x_wconf 84' lang='lat' dir='ltr'><strong>defatigeris,</strong></span> <span class='ocrx_word' id='word_1_542' title='bbox 3322 3187 3517 3250; x_wconf 83' lang='lat' dir='ltr'><strong>anima</strong></span> <span class='ocrx_word' id='word_1_543' title='bbox 3550 3205 3629 3249; x_wconf 88' lang='lat' dir='ltr'><strong>ne</strong></span> <span class='ocrx_word' id='word_1_544' title='bbox 3657 3195 3823 3247; x_wconf 90' lang='lat' dir='ltr'><strong>retro</strong></span> 
     </span>
    </p>
   </div>
   <div class='ocr_carea' id='block_1_75' title="bbox 2166 3275 3823 3360">
    <p class='ocr_par' dir='ltr' id='par_1_75' title="bbox 2166 3275 3823 3360">
     <span class='ocr_line' id='line_1_75' title="bbox 2166 3275 3823 3360; baseline -0.008 -11"><span class='ocrx_word' id='word_1_545' title='bbox 2166 3288 2495 3360; x_wconf 85' lang='lat' dir='ltr'><strong>reﬂectare,</strong></span> <span class='ocrx_word' id='word_1_546' title='bbox 2534 3304 2607 3346; x_wconf 93' lang='lat' dir='ltr'><strong>ne</strong></span> <span class='ocrx_word' id='word_1_547' title='bbox 2637 3284 2824 3360; x_wconf 87' lang='lat' dir='ltr'><strong>dicas,</strong></span> <span class='ocrx_word' id='word_1_548' title='bbox 2857 3297 3165 3360; x_wconf 82' lang='lat' dir='ltr'><strong>quousque</strong></span> <span class='ocrx_word' id='word_1_549' title='bbox 3190 3288 3246 3340; x_wconf 91' lang='lat' dir='ltr'><strong>te</strong></span> <span class='ocrx_word' id='word_1_550' title='bbox 3279 3296 3394 3338; x_wconf 91' lang='lat' dir='ltr'><strong>non</strong></span> <span class='ocrx_word' id='word_1_551' title='bbox 3425 3275 3823 3356; x_wconf 85' lang='lat' dir='ltr'><strong>comprehen-</strong></span> 
     </span>
    </p>
   </div>
   <div class='ocr_carea' id='block_1_76' title="bbox 2168 3364 3822 3450">
    <p class='ocr_par' dir='ltr' id='par_1_76' title="bbox 2168 3364 3822 3450">
     <span class='ocr_line' id='line_1_76' title="bbox 2168 3364 3822 3450; baseline -0.008 -14"><span class='ocrx_word' id='word_1_552' title='bbox 2168 3377 2300 3437; x_wconf 73' lang='lat' dir='ltr'><strong>(lani</strong></span> <span class='ocrx_word' id='word_1_553' title='bbox 2332 3375 2466 3436; x_wconf 88' lang='lat' dir='ltr'><strong>?.ne</strong></span> <span class='ocrx_word' id='word_1_554' title='bbox 2516 3373 2700 3447; x_wconf 90' lang='lat' dir='ltr'><strong>dicas,</strong></span> <span class='ocrx_word' id='word_1_555' title='bbox 2735 3370 2877 3450; x_wconf 87' lang='lat' dir='ltr'><strong>quid</strong></span> <span class='ocrx_word' id='word_1_556' title='bbox 2908 3386 3226 3449; x_wconf 88' lang='lat' dir='ltr'><strong>apparens,</strong></span> <span class='ocrx_word' id='word_1_557' title='bbox 3260 3367 3458 3428; x_wconf 88' lang='lat' dir='ltr'><strong>subito</strong></span> <span class='ocrx_word' id='word_1_558' title='bbox 3491 3364 3822 3426; x_wconf 85' lang='lat' dir='ltr'><strong>occultatur</strong></span> 
     </span>
    </p>
   </div>
   <div class='ocr_carea' id='block_1_77' title="bbox 2170 3453 3815 3542">
    <p class='ocr_par' dir='ltr' id='par_1_77' title="bbox 2170 3453 3815 3542">
     <span class='ocr_line' id='line_1_77' title="bbox 2170 3453 3815 3542; baseline -0.007 -16"><span class='ocrx_word' id='word_1_559' title='bbox 2170 3466 2384 3526; x_wconf 64' lang='lat' dir='ltr'><strong>iterum</strong></span> <span class='ocrx_word' id='word_1_560' title='bbox 2417 3462 2442 3525; x_wconf 85' lang='lat'><strong>?</strong></span> <span class='ocrx_word' id='word_1_561' title='bbox 2492 3473 2548 3524; x_wconf 91' lang='lat' dir='ltr'><strong>et</strong></span> <span class='ocrx_word' id='word_1_562' title='bbox 2576 3478 2884 3542; x_wconf 91' lang='lat' dir='ltr'><strong>quousque</strong></span> <span class='ocrx_word' id='word_1_563' title='bbox 2917 3457 3155 3519; x_wconf 78' lang='lat' dir='ltr'><strong>tandem</strong></span> <span class='ocrx_word' id='word_1_564' title='bbox 3188 3456 3491 3517; x_wconf 85' lang='lat' dir='ltr'><strong>molestias</strong></span> <span class='ocrx_word' id='word_1_565' title='bbox 3522 3453 3664 3514; x_wconf 89' lang='lat' dir='ltr'><strong>mihi</strong></span> <span class='ocrx_word' id='word_1_566' title='bbox 3695 3453 3815 3523; x_wconf 88' lang='lat' dir='ltr'><strong>dat,</strong></span> 
     </span>
    </p>
   </div>
   <div class='ocr_carea' id='block_1_78' title="bbox 2170 3543 3814 3625">
    <p class='ocr_par' dir='ltr' id='par_1_78' title="bbox 2170 3543 3814 3625">
     <span class='ocr_line' id='line_1_78' title="bbox 2170 3543 3814 3625; baseline -0.009 -10"><span class='ocrx_word' id='word_1_567' title='bbox 2170 3573 2284 3615; x_wconf 91' lang='lat' dir='ltr'><strong>non</strong></span> <span class='ocrx_word' id='word_1_568' title='bbox 2321 3551 2788 3614; x_wconf 90' lang='lat' dir='ltr'><strong>misericordiam</strong></span> <span class='ocrx_word' id='word_1_569' title='bbox 2815 3555 2837 3610; x_wconf 71' lang='grc' dir='ltr'>ἴ</span> <span class='ocrx_word' id='word_1_570' title='bbox 2868 3546 2954 3609; x_wconf 86' lang='lat' dir='ltr'><strong>Ne</strong></span> <span class='ocrx_word' id='word_1_571' title='bbox 2983 3547 3172 3620; x_wconf 85' lang='lat' dir='ltr'><strong>dicas,</strong></span> <span class='ocrx_word' id='word_1_572' title='bbox 3195 3544 3296 3625; x_wconf 92' lang='lat' dir='ltr'><strong>qui</strong></span> <span class='ocrx_word' id='word_1_573' title='bbox 3329 3561 3519 3624; x_wconf 89' lang='lat' dir='ltr'><strong>usque</strong></span> <span class='ocrx_word' id='word_1_574' title='bbox 3537 3543 3611 3604; x_wconf 89' lang='lat' dir='ltr'><strong>ad</strong></span> <span class='ocrx_word' id='word_1_575' title='bbox 3647 3560 3814 3603; x_wconf 91' lang='lat' dir='ltr'><strong>mor-</strong></span> 
     </span>
    </p>
   </div>
   <div class='ocr_carea' id='block_1_79' title="bbox 2172 3629 3817 3721">
    <p class='ocr_par' dir='ltr' id='par_1_79' title="bbox 2172 3629 3817 3721">
     <span class='ocr_line' id='line_1_79' title="bbox 2172 3629 3817 3721; baseline -0.009 -16"><span class='ocrx_word' id='word_1_576' title='bbox 2172 3657 2286 3707; x_wconf 93' lang='lat' dir='ltr'><strong>tem</strong></span> <span class='ocrx_word' id='word_1_577' title='bbox 2324 3641 2533 3704; x_wconf 90' lang='lat' dir='ltr'><strong>lassari</strong></span> <span class='ocrx_word' id='word_1_578' title='bbox 2565 3659 2720 3721; x_wconf 91' lang='lat' dir='ltr'><strong>queo</strong></span> <span class='ocrx_word' id='word_1_579' title='bbox 2750 3639 2780 3698; x_wconf 72' lang='lat' dir='ltr'><strong>‘I</strong></span> <span class='ocrx_word' id='word_1_580' title='bbox 2838 3646 2895 3699; x_wconf 91' lang='lat' dir='ltr'><strong>et</strong></span> <span class='ocrx_word' id='word_1_581' title='bbox 2930 3637 3005 3699; x_wconf 90' lang='lat' dir='ltr'><strong>ita</strong></span> <span class='ocrx_word' id='word_1_582' title='bbox 3037 3634 3296 3715; x_wconf 89' lang='lat' dir='ltr'><strong>graveris</strong></span> <span class='ocrx_word' id='word_1_583' title='bbox 3351 3632 3674 3721; x_wconf 78' lang='lat' dir='ltr'><strong>exquirere</strong></span> <span class='ocrx_word' id='word_1_584' title='bbox 3691 3629 3817 3692; x_wconf 90' lang='lat' dir='ltr'><strong>Do-</strong></span> 
     </span>
    </p>
   </div>
   <div class='ocr_carea' id='block_1_80' title="bbox 2169 3719 3822 3808">
    <p class='ocr_par' dir='ltr' id='par_1_80' title="bbox 2169 3719 3822 3808">
     <span class='ocr_line' id='line_1_80' title="bbox 2169 3719 3822 3808; baseline -0.007 -16"><span class='ocrx_word' id='word_1_585' title='bbox 2169 3733 2394 3792; x_wconf 87' lang='lat' dir='ltr'><strong>minum</strong></span> <span class='ocrx_word' id='word_1_586' title='bbox 2431 3752 2446 3806; x_wconf 88' lang='lat'><strong>;</strong></span> <span class='ocrx_word' id='word_1_587' title='bbox 2506 3719 2608 3791; x_wconf 68' lang='lat' dir='ltr'><strong>seu</strong></span> <span class='ocrx_word' id='word_1_588' title='bbox 2646 3737 2706 3790; x_wconf 93' lang='lat' dir='ltr'><strong>ut</strong></span> <span class='ocrx_word' id='word_1_589' title='bbox 2737 3745 2869 3808; x_wconf 67' lang='lat' dir='ltr'><strong>qua:</strong></span> <span class='ocrx_word' id='word_1_590' title='bbox 2903 3725 3077 3786; x_wconf 89' lang='lat' dir='ltr'><strong>morti</strong></span> <span class='ocrx_word' id='word_1_591' title='bbox 3110 3738 3167 3786; x_wconf 92' lang='lat' dir='ltr'><strong>te</strong></span> <span class='ocrx_word' id='word_1_592' title='bbox 3197 3721 3388 3785; x_wconf 89' lang='lat' dir='ltr'><strong>semul</strong></span> <span class='ocrx_word' id='word_1_593' title='bbox 3420 3719 3730 3791; x_wconf 78' lang='lat' dir='ltr'><strong>obtuleris,</strong></span> <span class='ocrx_word' id='word_1_594' title='bbox 3760 3729 3822 3780; x_wconf 90' lang='lat' dir='ltr'><strong>et</strong></span> 
     </span>
    </p>
   </div>
   <div class='ocr_carea' id='block_1_81' title="bbox 2169 3810 3815 3897">
    <p class='ocr_par' dir='ltr' id='par_1_81' title="bbox 2169 3810 3815 3897">
     <span class='ocr_line' id='line_1_81' title="bbox 2169 3810 3815 3897; baseline -0.009 -16"><span class='ocrx_word' id='word_1_595' title='bbox 2169 3819 2558 3891; x_wconf 84' lang='lat' dir='ltr'><strong>consecratis,</strong></span> <span class='ocrx_word' id='word_1_596' title='bbox 2595 3837 2669 3879; x_wconf 89' lang='lat' dir='ltr'><strong>ne</strong></span> <span class='ocrx_word' id='word_1_597' title='bbox 2700 3816 2960 3897; x_wconf 83' lang='lat' dir='ltr'><strong>quietem</strong></span> <span class='ocrx_word' id='word_1_598' title='bbox 3019 3833 3087 3875; x_wconf 92' lang='lat' dir='ltr'><strong>ac</strong></span> <span class='ocrx_word' id='word_1_599' title='bbox 3135 3810 3552 3873; x_wconf 87' lang='lat' dir='ltr'><strong>remissionem</strong></span> <span class='ocrx_word' id='word_1_600' title='bbox 3589 3817 3815 3897; x_wconf 87' lang='lat' dir='ltr'><strong>tangas,</strong></span> 
     </span>
    </p>
   </div>
   <div class='ocr_carea' id='block_1_82' title="bbox 2171 3896 3820 3987">
    <p class='ocr_par' dir='ltr' id='par_1_82' title="bbox 2171 3896 3820 3987">
     <span class='ocr_line' id='line_1_82' title="bbox 2171 3896 3820 3987; baseline -0.005 -19"><span class='ocrx_word' id='word_1_601' title='bbox 2171 3928 2242 3970; x_wconf 91' lang='lat' dir='ltr'><strong>ne</strong></span> <span class='ocrx_word' id='word_1_602' title='bbox 2259 3909 2505 3987; x_wconf 90' lang='lat' dir='ltr'><strong>gloriam</strong></span> <span class='ocrx_word' id='word_1_603' title='bbox 2544 3896 2931 3979; x_wconf 14' lang='lat' dir='ltr'><strong>conse’cteris,</strong></span> <span class='ocrx_word' id='word_1_604' title='bbox 2963 3921 3074 3964; x_wconf 90' lang='lat' dir='ltr'><strong>nec</strong></span> <span class='ocrx_word' id='word_1_605' title='bbox 3108 3899 3353 3962; x_wconf 85' lang='lat' dir='ltr'><strong>delicias</strong></span> <span class='ocrx_word' id='word_1_606' title='bbox 3383 3896 3687 3987; x_wconf 68' lang='lat' dir='ltr'><strong>corporis,</strong></span> <span class='ocrx_word' id='word_1_607' title='bbox 3705 3915 3820 3959; x_wconf 88' lang='lat' dir='ltr'><strong>nec</strong></span> 
     </span>
    </p>
   </div>
   <div class='ocr_carea' id='block_1_83' title="bbox 2167 3984 3823 4075">
    <p class='ocr_par' dir='ltr' id='par_1_83' title="bbox 2167 3984 3823 4075">
     <span class='ocr_line' id='line_1_83' title="bbox 2167 3984 3823 4075; baseline -0.007 -17"><span class='ocrx_word' id='word_1_608' title='bbox 2167 3984 2490 4059; x_wconf 81' lang='lat' dir='ltr'><strong>amicitiam</strong></span> <span class='ocrx_word' id='word_1_609' title='bbox 2524 4004 2928 4075; x_wconf 88' lang='lat' dir='ltr'><strong>cognatorum.</strong></span> <span class='ocrx_word' id='word_1_610' title='bbox 2990 3990 3075 4053; x_wconf 89' lang='lat' dir='ltr'><strong>Ne</strong></span> <span class='ocrx_word' id='word_1_611' title='bbox 3136 3989 3360 4063; x_wconf 87' lang='lat' dir='ltr'><strong>dextra,</strong></span> <span class='ocrx_word' id='word_1_612' title='bbox 3400 4005 3546 4048; x_wconf 89' lang='lat' dir='ltr'><strong>neve</strong></span> <span class='ocrx_word' id='word_1_613' title='bbox 3576 3984 3823 4075; x_wconf 87' lang='lat' dir='ltr'><strong>sinistra</strong></span> 
     </span>
    </p>
   </div>
   <div class='ocr_carea' id='block_1_84' title="bbox 2168 4074 3818 4166">
    <p class='ocr_par' dir='ltr' id='par_1_84' title="bbox 2168 4074 3818 4166">
     <span class='ocr_line' id='line_1_84' title="bbox 2168 4074 3818 4166; baseline -0.009 -18"><span class='ocrx_word' id='word_1_614' title='bbox 2168 4074 2618 4166; x_wconf 84' lang='lat' dir='ltr'><strong>circumspicias</strong></span> <span class='ocrx_word' id='word_1_615' title='bbox 2671 4083 3061 4164; x_wconf 88' lang='lat' dir='ltr'><strong>aliquatenus,</strong></span> <span class='ocrx_word' id='word_1_616' title='bbox 3124 4079 3253 4152; x_wconf 92' lang='lat' dir='ltr'><strong>sed,</strong></span> <span class='ocrx_word' id='word_1_617' title='bbox 3316 4086 3378 4139; x_wconf 89' lang='lat' dir='ltr'><strong>ut</strong></span> <span class='ocrx_word' id='word_1_618' title='bbox 3435 4074 3690 4156; x_wconf 66' lang='lat' dir='ltr'><strong>coepisti,</strong></span> <span class='ocrx_word' id='word_1_619' title='bbox 3725 4075 3818 4166; x_wconf 81' lang='lat' dir='ltr'><strong>vel</strong></span> 
     </span>
    </p>
   </div>
   <div class='ocr_carea' id='block_1_85' title="bbox 429 4163 3816 4256">
    <p class='ocr_par' dir='ltr' id='par_1_85' title="bbox 429 4163 3816 4256">
     <span class='ocr_line' id='line_1_85' title="bbox 429 4163 3816 4256; baseline -0.004 -20"><span class='ocrx_word' id='word_1_620' title='bbox 429 4172 733 4254; x_wconf 85' lang='lat' dir='ltr'><strong>Optabnnt.</strong></span> <span class='ocrx_word' id='word_1_621' title='bbox 770 4171 869 4233; x_wconf 65' lang='lat' dir='ltr'><strong>Vae</strong></span> <span class='ocrx_word' id='word_1_622' title='bbox 899 4171 1116 4242; x_wconf 89' lang='lat' dir='ltr'><strong>anima,</strong></span> <span class='ocrx_word' id='word_1_623' title='bbox 1149 4171 1464 4247; x_wconf 81' lang='lat' dir='ltr'><strong>ﬁgentibus</strong></span> <span class='ocrx_word' id='word_1_624' title='bbox 1495 4191 1662 4250; x_wconf 83' lang='lat' dir='ltr'><strong>spem</strong></span> <span class='ocrx_word' id='word_1_625' title='bbox 1697 4172 1754 4232; x_wconf 93' lang='lat' dir='ltr'><strong>in</strong></span> <span class='ocrx_word' id='word_1_626' title='bbox 1790 4163 2030 4235; x_wconf 73' lang='lat' dir='ltr'><strong>homine</strong></span> <span class='ocrx_word' id='word_1_627' title='bbox 2066 4193 2081 4249; x_wconf 92' lang='lat'>;</span> <span class='ocrx_word' id='word_1_628' title='bbox 2172 4175 2360 4256; x_wconf 88' lang='lat' dir='ltr'><strong>potius</strong></span> <span class='ocrx_word' id='word_1_629' title='bbox 2383 4163 2757 4238; x_wconf 75' lang='lat' dir='ltr'><strong>festinantius</strong></span> <span class='ocrx_word' id='word_1_630' title='bbox 2773 4163 3042 4246; x_wconf 70' lang='lat' dir='ltr'><strong>currens,</strong></span> <span class='ocrx_word' id='word_1_631' title='bbox 3085 4169 3258 4230; x_wconf 83' lang='lat' dir='ltr'><strong>stude</strong></span> <span class='ocrx_word' id='word_1_632' title='bbox 3280 4182 3518 4256; x_wconf 85' lang='lat' dir='ltr'><strong>semper</strong></span> <span class='ocrx_word' id='word_1_633' title='bbox 3546 4163 3816 4256; x_wconf 83' lang='lat' dir='ltr'><strong>assequi,</strong></span> 
     </span>
    </p>
   </div>
   <div class='ocr_carea' id='block_1_86' title="bbox 433 4253 3822 4344">
    <p class='ocr_par' dir='ltr' id='par_1_86' title="bbox 433 4253 3822 4344">
     <span class='ocr_line' id='line_1_86' title="bbox 433 4253 3822 4344; baseline -0.001 -25"><span class='ocrx_word' id='word_1_634' title='bbox 433 4253 572 4342; x_wconf 80' lang='lat' dir='ltr'><strong>quia</strong></span> <span class='ocrx_word' id='word_1_635' title='bbox 602 4261 702 4321; x_wconf 90' lang='lat' dir='ltr'><strong>ille</strong></span> <span class='ocrx_word' id='word_1_636' title='bbox 738 4259 1047 4332; x_wconf 91' lang='lat' dir='ltr'><strong>morietur,</strong></span> <span class='ocrx_word' id='word_1_637' title='bbox 1081 4271 1138 4319; x_wconf 85' lang='lat' dir='ltr'><strong>et</strong></span> <span class='ocrx_word' id='word_1_638' title='bbox 1195 4279 1327 4320; x_wconf 92' lang='lat' dir='ltr'><strong>cum</strong></span> <span class='ocrx_word' id='word_1_639' title='bbox 1390 4259 1491 4319; x_wconf 91' lang='lat' dir='ltr'><strong>illo</strong></span> <span class='ocrx_word' id='word_1_640' title='bbox 1525 4278 1682 4339; x_wconf 86' lang='lat' dir='ltr'><strong>spes,</strong></span> <span class='ocrx_word' id='word_1_641' title='bbox 1719 4275 1777 4323; x_wconf 87' lang='lat' dir='ltr'><strong>et</strong></span> <span class='ocrx_word' id='word_1_642' title='bbox 1813 4272 1950 4323; x_wconf 86' lang='lat' dir='ltr'><strong>tunc</strong></span> <span class='ocrx_word' id='word_1_643' title='bbox 1981 4280 2086 4342; x_wconf 89' lang='lat' dir='ltr'><strong>spe</strong></span> <span class='ocrx_word' id='word_1_644' title='bbox 2170 4253 2227 4326; x_wconf 78' lang='lat' dir='ltr'><strong>et</strong></span> <span class='ocrx_word' id='word_1_645' title='bbox 2251 4285 2425 4326; x_wconf 90' lang='lat' dir='ltr'><strong>manu</strong></span> <span class='ocrx_word' id='word_1_646' title='bbox 2443 4262 2899 4344; x_wconf 84' lang='lat' dir='ltr'><strong>apprehendere</strong></span> <span class='ocrx_word' id='word_1_647' title='bbox 2942 4259 3283 4323; x_wconf 91' lang='lat' dir='ltr'><strong>Dominum.</strong></span> <span class='ocrx_word' id='word_1_648' title='bbox 3319 4255 3482 4328; x_wconf 89' lang='lat' dir='ltr'><strong>Quod</strong></span> <span class='ocrx_word' id='word_1_649' title='bbox 3524 4254 3572 4314; x_wconf 92' lang='lat' dir='ltr'><strong>si</strong></span> <span class='ocrx_word' id='word_1_650' title='bbox 3603 4253 3822 4317; x_wconf 90' lang='lat' dir='ltr'><strong>millies</strong></span> 
     </span>
    </p>
   </div>
   <div class='ocr_carea' id='block_1_87' title="bbox 432 4344 3818 4432">
    <p class='ocr_par' dir='ltr' id='par_1_87' title="bbox 432 4344 3818 4432">
     <span class='ocr_line' id='line_1_87' title="bbox 432 4344 3818 4432; baseline -0.002 -21"><span class='ocrx_word' id='word_1_651' title='bbox 432 4369 538 4411; x_wconf 89' lang='lat' dir='ltr'><strong>sua</strong></span> <span class='ocrx_word' id='word_1_652' title='bbox 569 4359 842 4410; x_wconf 91' lang='lat' dir='ltr'><strong>carentes</strong></span> <span class='ocrx_word' id='word_1_653' title='bbox 874 4355 932 4408; x_wconf 87' lang='lat' dir='ltr'><strong>et</strong></span> <span class='ocrx_word' id='word_1_654' title='bbox 961 4348 1222 4408; x_wconf 90' lang='lat' dir='ltr'><strong>frustrati</strong></span> <span class='ocrx_word' id='word_1_655' title='bbox 1264 4347 1664 4411; x_wconf 61' lang='lat' dir='ltr'><strong>invenientur.</strong></span> <span class='ocrx_word' id='word_1_656' title='bbox 1701 4348 1822 4425; x_wconf 74' lang='lat' dir='ltr'><strong>Vae,</strong></span> <span class='ocrx_word' id='word_1_657' title='bbox 1859 4351 2076 4426; x_wconf 90' lang='lat' dir='ltr'><strong>anima,</strong></span> <span class='ocrx_word' id='word_1_658' title='bbox 2107 4365 2230 4415; x_wconf 91' lang='lat' dir='ltr'><strong>Dse</strong></span> <span class='ocrx_word' id='word_1_659' title='bbox 2252 4353 2662 4432; x_wconf 64' lang='lat' dir='ltr'><strong>occultas-erit,</strong></span> <span class='ocrx_word' id='word_1_660' title='bbox 2696 4351 2942 4413; x_wconf 91' lang='lat' dir='ltr'><strong>ettoties</strong></span> <span class='ocrx_word' id='word_1_661' title='bbox 2974 4348 3078 4409; x_wconf 89' lang='lat' dir='ltr'><strong>tibi</strong></span> <span class='ocrx_word' id='word_1_662' title='bbox 3109 4344 3466 4428; x_wconf 80' lang='lat' dir='ltr'><strong>apparuerit,</strong></span> <span class='ocrx_word' id='word_1_663' title='bbox 3504 4363 3613 4405; x_wconf 91' lang='lat' dir='ltr'><strong>nec</strong></span> <span class='ocrx_word' id='word_1_664' title='bbox 3645 4361 3818 4432; x_wconf 76' lang='lat' dir='ltr'><strong>com-</strong></span> 
     </span>
    </p>
   </div>
   <div class='ocr_carea' id='block_1_88' title="bbox 434 4430 3823 4524">
    <p class='ocr_par' dir='ltr' id='par_1_88' title="bbox 434 4430 3823 4524">
     <span class='ocr_line' id='line_1_88' title="bbox 434 4430 3823 4524; baseline -0.002 -24"><span class='ocrx_word' id='word_1_665' title='bbox 434 4436 788 4500; x_wconf 83' lang='lat' dir='ltr'><strong>habentibus</strong></span> <span class='ocrx_word' id='word_1_666' title='bbox 812 4435 908 4496; x_wconf 92' lang='lat' dir='ltr'><strong>hic</strong></span> <span class='ocrx_word' id='word_1_667' title='bbox 953 4435 1422 4497; x_wconf 84' lang='lat' dir='ltr'><strong>consolationem</strong></span> <span class='ocrx_word' id='word_1_668' title='bbox 1454 4455 1656 4518; x_wconf 82' lang='lat' dir='ltr'><strong>suam;</strong></span> <span class='ocrx_word' id='word_1_669' title='bbox 1691 4438 1969 4518; x_wconf 89' lang='lat' dir='ltr'><strong>quoniam</strong></span> <span class='ocrx_word' id='word_1_670' title='bbox 2001 4439 2081 4500; x_wconf 91' lang='lat' dir='ltr'><strong>ibi</strong></span> <span class='ocrx_word' id='word_1_671' title='bbox 2168 4443 2458 4524; x_wconf 87' lang='lat' dir='ltr'><strong>prehendi</strong></span> <span class='ocrx_word' id='word_1_672' title='bbox 2491 4430 2771 4523; x_wconf 86' lang='lat' dir='ltr'><strong>potuerit,</strong></span> <span class='ocrx_word' id='word_1_673' title='bbox 2832 4441 2942 4501; x_wconf 89' lang='lat' dir='ltr'><strong>hac</strong></span> <span class='ocrx_word' id='word_1_674' title='bbox 2971 4438 3063 4500; x_wconf 91' lang='lat' dir='ltr'><strong>via</strong></span> <span class='ocrx_word' id='word_1_675' title='bbox 3120 4438 3226 4499; x_wconf 85' lang='lat' dir='ltr'><strong>abs</strong></span> <span class='ocrx_word' id='word_1_676' title='bbox 3257 4447 3312 4497; x_wconf 92' lang='lat' dir='ltr'><strong>te</strong></span> <span class='ocrx_word' id='word_1_677' title='bbox 3342 4433 3662 4496; x_wconf 89' lang='lat' dir='ltr'><strong>tenebitur.</strong></span> <span class='ocrx_word' id='word_1_678' title='bbox 3697 4430 3823 4494; x_wconf 85' lang='lat' dir='ltr'><strong>De-</strong></span> 
     </span>
    </p>
   </div>
   <div class='ocr_carea' id='block_1_89' title="bbox 425 4524 3827 4609">
    <p class='ocr_par' dir='ltr' id='par_1_89' title="bbox 425 4524 3827 4609">
     <span class='ocr_line' id='line_1_89' title="bbox 425 4524 3827 4609; baseline -0.004 -14"><span class='ocrx_word' id='word_1_679' title='bbox 425 4525 873 4587; x_wconf 25' lang='lat' dir='ltr'><strong>‘lribulalionem</strong></span> <span class='ocrx_word' id='word_1_680' title='bbox 905 4532 1183 4585; x_wconf 63' lang='lat' dir='ltr'><strong>alternam</strong></span> <span class='ocrx_word' id='word_1_681' title='bbox 1217 4524 1475 4586; x_wconf 70' lang='lat' dir='ltr'><strong>habituri</strong></span> <span class='ocrx_word' id='word_1_682' title='bbox 1504 4535 1660 4586; x_wconf 74' lang='lat' dir='ltr'><strong>sunt.</strong></span> <span class='ocrx_word' id='word_1_683' title='bbox 2166 4533 2287 4593; x_wconf 84' lang='lat' dir='ltr'><strong>cies</strong></span> <span class='ocrx_word' id='word_1_684' title='bbox 2318 4533 2556 4608; x_wconf 88' lang='lat' dir='ltr'><strong>millies,</strong></span> <span class='ocrx_word' id='word_1_685' title='bbox 2602 4530 2723 4592; x_wconf 91' lang='lat' dir='ltr'><strong>imo</strong></span> <span class='ocrx_word' id='word_1_686' title='bbox 2767 4547 2906 4591; x_wconf 86' lang='lat' dir='ltr'><strong>vero</strong></span> <span class='ocrx_word' id='word_1_687' title='bbox 2930 4527 3191 4609; x_wconf 90' lang='lat' dir='ltr'><strong>quandiu</strong></span> <span class='ocrx_word' id='word_1_688' title='bbox 3217 4525 3428 4606; x_wconf 86' lang='lat' dir='ltr'><strong>spiras,</strong></span> <span class='ocrx_word' id='word_1_689' title='bbox 3463 4529 3737 4604; x_wconf 87' lang='lat' dir='ltr'><strong>prompte</strong></span> <span class='ocrx_word' id='word_1_690' title='bbox 3767 4528 3827 4582; x_wconf 90' lang='lat' dir='ltr'><strong>et</strong></span> 
     </span>
    </p>
   </div>
   <div class='ocr_carea' id='block_1_90' title="bbox 514 4611 3830 4701">
    <p class='ocr_par' dir='ltr' id='par_1_90' title="bbox 514 4611 3830 4701">
     <span class='ocr_line' id='line_1_90' title="bbox 514 4611 3830 4701; baseline -0.002 -25"><span class='ocrx_word' id='word_1_691' title='bbox 514 4615 698 4677; x_wconf 86' lang='lat' dir='ltr'><strong>Narra</strong></span> <span class='ocrx_word' id='word_1_692' title='bbox 731 4613 898 4678; x_wconf 86' lang='lat' dir='ltr'><strong>mlhi.</strong></span> <span class='ocrx_word' id='word_1_693' title='bbox 923 4613 1142 4684; x_wconf 86' lang='lat' dir='ltr'><strong>anima,</strong></span> <span class='ocrx_word' id='word_1_694' title='bbox 1170 4613 1310 4692; x_wconf 90' lang='lat' dir='ltr'><strong>quid</strong></span> <span class='ocrx_word' id='word_1_695' title='bbox 1344 4613 1758 4676; x_wconf 85' lang='lat' dir='ltr'><strong>contristaris?</strong></span> <span class='ocrx_word' id='word_1_696' title='bbox 1811 4617 1948 4696; x_wconf 83' lang='lat' dir='ltr'><strong>quid</strong></span> <span class='ocrx_word' id='word_1_697' title='bbox 1982 4637 2079 4678; x_wconf 87' lang='lat' dir='ltr'><strong>re-</strong></span> <span class='ocrx_word' id='word_1_698' title='bbox 2163 4621 2438 4683; x_wconf 67' lang='lat' dir='ltr'><strong>alacriter</strong></span> <span class='ocrx_word' id='word_1_699' title='bbox 2465 4637 2692 4701; x_wconf 56' lang='lat' dir='ltr'><strong>quaere,</strong></span> <span class='ocrx_word' id='word_1_700' title='bbox 2727 4628 2784 4680; x_wconf 93' lang='lat' dir='ltr'><strong>et</strong></span> <span class='ocrx_word' id='word_1_701' title='bbox 2811 4618 2882 4680; x_wconf 88' lang='lat' dir='ltr'><strong>ad</strong></span> <span class='ocrx_word' id='word_1_702' title='bbox 2915 4621 3106 4698; x_wconf 89' lang='lat' dir='ltr'><strong>ipsum</strong></span> <span class='ocrx_word' id='word_1_703' title='bbox 3138 4633 3405 4677; x_wconf 89' lang='lat' dir='ltr'><strong>accurre.</strong></span> <span class='ocrx_word' id='word_1_704' title='bbox 3439 4611 3674 4701; x_wconf 88' lang='lat' dir='ltr'><strong>Etenim</strong></span> <span class='ocrx_word' id='word_1_705' title='bbox 3706 4627 3830 4701; x_wconf 77' lang='lat' dir='ltr'><strong>non</strong></span> 
     </span>
    </p>
   </div>
   <div class='ocr_carea' id='block_1_91' title="bbox 435 4698 3826 4785">
    <p class='ocr_par' dir='ltr' id='par_1_91' title="bbox 435 4698 3826 4785">
     <span class='ocr_line' id='line_1_91' title="bbox 435 4698 3826 4785; baseline -0.002 -21"><span class='ocrx_word' id='word_1_706' title='bbox 435 4722 565 4764; x_wconf 90' lang='lat' dir='ltr'><strong>rum</strong></span> <span class='ocrx_word' id='word_1_707' title='bbox 597 4703 776 4781; x_wconf 87' lang='lat' dir='ltr'><strong>hujus</strong></span> <span class='ocrx_word' id='word_1_708' title='bbox 807 4701 936 4762; x_wconf 86' lang='lat' dir='ltr'><strong>vitae</strong></span> <span class='ocrx_word' id='word_1_709' title='bbox 967 4701 1396 4782; x_wconf 83' lang='lat' dir='ltr'><strong>concupiscis?</strong></span> <span class='ocrx_word' id='word_1_710' title='bbox 1427 4701 1528 4764; x_wconf 90' lang='lat' dir='ltr'><strong>Dic</strong></span> <span class='ocrx_word' id='word_1_711' title='bbox 1563 4702 1731 4776; x_wconf 87' lang='lat' dir='ltr'><strong>mihi,</strong></span> <span class='ocrx_word' id='word_1_712' title='bbox 1765 4711 1824 4764; x_wconf 94' lang='lat' dir='ltr'><strong>et</strong></span> <span class='ocrx_word' id='word_1_713' title='bbox 1855 4705 2082 4767; x_wconf 87' lang='lat' dir='ltr'><strong>docebo</strong></span> <span class='ocrx_word' id='word_1_714' title='bbox 2164 4711 2403 4771; x_wconf 87' lang='lat' dir='ltr'><strong>deseret</strong></span> <span class='ocrx_word' id='word_1_715' title='bbox 2432 4698 2516 4783; x_wconf 55' lang='lat' dir='ltr'><strong>te,</strong></span> <span class='ocrx_word' id='word_1_716' title='bbox 2539 4728 2658 4770; x_wconf 92' lang='lat' dir='ltr'><strong>non</strong></span> <span class='ocrx_word' id='word_1_717' title='bbox 2690 4709 2931 4769; x_wconf 85' lang='lat' dir='ltr'><strong>deﬁciet</strong></span> <span class='ocrx_word' id='word_1_718' title='bbox 2957 4725 2991 4767; x_wconf 90' lang='lat' dir='ltr'><strong>a</strong></span> <span class='ocrx_word' id='word_1_719' title='bbox 3022 4715 3117 4785; x_wconf 89' lang='lat' dir='ltr'><strong>te;</strong></span> <span class='ocrx_word' id='word_1_720' title='bbox 3170 4704 3274 4766; x_wconf 89' lang='lat' dir='ltr'><strong>sed</strong></span> <span class='ocrx_word' id='word_1_721' title='bbox 3310 4700 3590 4784; x_wconf 87' lang='lat' dir='ltr'><strong>paulatim</strong></span> <span class='ocrx_word' id='word_1_722' title='bbox 3631 4698 3826 4780; x_wconf 79' lang='lat' dir='ltr'><strong>magis</strong></span> 
     </span>
    </p>
   </div>
   <div class='ocr_carea' id='block_1_92' title="bbox 434 4786 3826 4880">
    <p class='ocr_par' dir='ltr' id='par_1_92' title="bbox 434 4786 3826 4880">
     <span class='ocr_line' id='line_1_92' title="bbox 434 4786 3826 4880; baseline -0.002 -27"><span class='ocrx_word' id='word_1_723' title='bbox 434 4806 494 4854; x_wconf 89' lang='lat' dir='ltr'><strong>te</strong></span> <span class='ocrx_word' id='word_1_724' title='bbox 527 4790 991 4880; x_wconf 86' lang='lat' dir='ltr'><strong>uniuscujusque</strong></span> <span class='ocrx_word' id='word_1_725' title='bbox 1050 4788 1465 4880; x_wconf 80' lang='lat' dir='ltr'><strong>necessitatem</strong></span> <span class='ocrx_word' id='word_1_726' title='bbox 1519 4798 1578 4880; x_wconf 86' lang='lat' dir='ltr'><strong>et</strong></span> <span class='ocrx_word' id='word_1_727' title='bbox 1636 4809 1829 4880; x_wconf 89' lang='lat' dir='ltr'><strong>usum.</strong></span> <span class='ocrx_word' id='word_1_728' title='bbox 1863 4791 1951 4854; x_wconf 89' lang='lat' dir='ltr'><strong>Tn</strong></span> <span class='ocrx_word' id='word_1_729' title='bbox 1983 4794 2080 4854; x_wconf 85' lang='lat' dir='ltr'><strong>in-</strong></span> <span class='ocrx_word' id='word_1_730' title='bbox 2173 4799 2356 4878; x_wconf 83' lang='lat' dir='ltr'><strong>magis</strong></span> <span class='ocrx_word' id='word_1_731' title='bbox 2387 4798 2719 4880; x_wconf 82' lang='lat' dir='ltr'><strong>apparebit,</strong></span> <span class='ocrx_word' id='word_1_732' title='bbox 2781 4805 2839 4858; x_wconf 92' lang='lat' dir='ltr'><strong>et</strong></span> <span class='ocrx_word' id='word_1_733' title='bbox 2897 4792 3268 4875; x_wconf 87' lang='lat' dir='ltr'><strong>frequentius</strong></span> <span class='ocrx_word' id='word_1_734' title='bbox 3323 4801 3517 4880; x_wconf 88' lang='lat' dir='ltr'><strong>tecum</strong></span> <span class='ocrx_word' id='word_1_735' title='bbox 3580 4786 3718 4861; x_wconf 91' lang='lat' dir='ltr'><strong>erit,</strong></span> <span class='ocrx_word' id='word_1_736' title='bbox 3753 4805 3826 4848; x_wconf 89' lang='lat' dir='ltr'><strong>ac</strong></span> 
     </span>
    </p>
   </div>
   <div class='ocr_carea' id='block_1_93' title="bbox 437 4877 3825 4968">
    <p class='ocr_par' dir='ltr' id='par_1_93' title="bbox 437 4877 3825 4968">
     <span class='ocr_line' id='line_1_93' title="bbox 437 4877 3825 4968; baseline -0.001 -25"><span class='ocrx_word' id='word_1_737' title='bbox 437 4880 657 4960; x_wconf 86' lang='lat' dir='ltr'><strong>tellige,</strong></span> <span class='ocrx_word' id='word_1_738' title='bbox 691 4887 748 4940; x_wconf 91' lang='lat' dir='ltr'><strong>et</strong></span> <span class='ocrx_word' id='word_1_739' title='bbox 774 4878 961 4950; x_wconf 90' lang='lat' dir='ltr'><strong>disce,</strong></span> <span class='ocrx_word' id='word_1_740' title='bbox 997 4877 1327 4968; x_wconf 73' lang='lat' dir='ltr'><strong>quidboni</strong></span> <span class='ocrx_word' id='word_1_741' title='bbox 1386 4879 1462 4940; x_wconf 89' lang='lat' dir='ltr'><strong>sit</strong></span> <span class='ocrx_word' id='word_1_742' title='bbox 1518 4878 1578 4939; x_wconf 91' lang='lat' dir='ltr'><strong>in</strong></span> <span class='ocrx_word' id='word_1_743' title='bbox 1611 4879 1900 4959; x_wconf 89' lang='lat' dir='ltr'><strong>quolibet.</strong></span> <span class='ocrx_word' id='word_1_744' title='bbox 1933 4880 2083 4954; x_wconf 86' lang='lat' dir='ltr'><strong>Quid</strong></span> <span class='ocrx_word' id='word_1_745' title='bbox 2177 4877 2755 4968; x_wconf 34' lang='lat' dir='ltr'><strong>tandem&#39;purgatam</strong></span> <span class='ocrx_word' id='word_1_746' title='bbox 2792 4885 3186 4947; x_wconf 85' lang='lat' dir='ltr'><strong>illustrationc</strong></span> <span class='ocrx_word' id='word_1_747' title='bbox 3228 4879 3495 4952; x_wconf 89' lang='lat' dir='ltr'><strong>luminis,</strong></span> <span class='ocrx_word' id='word_1_748' title='bbox 3530 4885 3825 4968; x_wconf 84' lang='lat' dir='ltr'><strong>totus_vc-</strong></span> 
     </span>
    </p>
   </div>
   <div class='ocr_carea' id='block_1_94' title="bbox 433 4965 3824 5057">
    <p class='ocr_par' dir='ltr' id='par_1_94' title="bbox 433 4965 3824 5057">
     <span class='ocr_line' id='line_1_94' title="bbox 433 4965 3824 5057; baseline -0.001 -28"><span class='ocrx_word' id='word_1_749' title='bbox 433 4970 519 5031; x_wconf 90' lang='lat' dir='ltr'><strong>ais</strong></span> <span class='ocrx_word' id='word_1_750' title='bbox 552 4970 577 5030; x_wconf 67' lang='grc' dir='ltr'>Υ</span> <span class='ocrx_word' id='word_1_751' title='bbox 607 4968 692 5030; x_wconf 86' lang='lat' dir='ltr'><strong>vis</strong></span> <span class='ocrx_word' id='word_1_752' title='bbox 725 4968 1052 5030; x_wconf 89' lang='lat' dir='ltr'><strong>honoribus</strong></span> <span class='ocrx_word' id='word_1_753' title='bbox 1085 4966 1232 5039; x_wconf 86' lang='lat' dir='ltr'><strong>tolli,</strong></span> <span class='ocrx_word' id='word_1_754' title='bbox 1255 4970 1355 5057; x_wconf 67' lang='lat' dir='ltr'><strong>_vis</strong></span> <span class='ocrx_word' id='word_1_755' title='bbox 1389 4967 1699 5057; x_wconf 66' lang='lat' dir='ltr'><strong>praedicari</strong></span> <span class='ocrx_word' id='word_1_756' title='bbox 1727 4968 1756 5028; x_wconf 83' lang='lat'><strong><em>?</em></strong></span> <span class='ocrx_word' id='word_1_757' title='bbox 1804 4971 1940 5031; x_wconf 88' lang='lat' dir='ltr'><strong>audi</strong></span> <span class='ocrx_word' id='word_1_758' title='bbox 1975 4972 2088 5050; x_wconf 85' lang='lat' dir='ltr'><strong>igi-</strong></span> <span class='ocrx_word' id='word_1_759' title='bbox 2178 4978 2346 5038; x_wconf 88' lang='lat' dir='ltr'><strong>niens</strong></span> <span class='ocrx_word' id='word_1_760' title='bbox 2375 4965 2754 5057; x_wconf 80' lang='lat' dir='ltr'><strong>inhabitabit,</strong></span> <span class='ocrx_word' id='word_1_761' title='bbox 2779 4973 3394 5053; x_wconf 90' lang='lat' dir='ltr'><strong>manebitquetecum,</strong></span> <span class='ocrx_word' id='word_1_762' title='bbox 3417 4968 3517 5049; x_wconf 91' lang='lat' dir='ltr'><strong>qui</strong></span> <span class='ocrx_word' id='word_1_763' title='bbox 3538 4965 3824 5029; x_wconf 86' lang='lat' dir='ltr'><strong>mundum</strong></span> 
     </span>
    </p>
   </div>
   <div class='ocr_carea' id='block_1_95' title="bbox 436 5054 3825 5145">
    <p class='ocr_par' dir='ltr' id='par_1_95' title="bbox 436 5054 3825 5145">
     <span class='ocr_line' id='line_1_95' title="bbox 436 5054 3825 5145; baseline -0 -27"><span class='ocrx_word' id='word_1_764' title='bbox 436 5068 528 5120; x_wconf 93' lang='lat' dir='ltr'><strong>tur</strong></span> <span class='ocrx_word' id='word_1_765' title='bbox 556 5058 698 5140; x_wconf 89' lang='lat' dir='ltr'><strong>quid</strong></span> <span class='ocrx_word' id='word_1_766' title='bbox 733 5058 810 5119; x_wconf 91' lang='lat' dir='ltr'><strong>sit</strong></span> <span class='ocrx_word' id='word_1_767' title='bbox 859 5057 1072 5137; x_wconf 90' lang='lat' dir='ltr'><strong>honor,</strong></span> <span class='ocrx_word' id='word_1_768' title='bbox 1129 5055 1268 5137; x_wconf 92' lang='lat' dir='ltr'><strong>quid</strong></span> <span class='ocrx_word' id='word_1_769' title='bbox 1332 5054 1682 5134; x_wconf 81' lang='lat' dir='ltr'><strong>ignominia.</strong></span> <span class='ocrx_word' id='word_1_770' title='bbox 1745 5058 1951 5120; x_wconf 88' lang='lat' dir='ltr'><strong>Honor</strong></span> <span class='ocrx_word' id='word_1_771' title='bbox 2007 5071 2093 5123; x_wconf 89' lang='lat' dir='ltr'><strong>est</strong></span> <span class='ocrx_word' id='word_1_772' title='bbox 2177 5067 2334 5145; x_wconf 87' lang='lat' dir='ltr'><strong>fecit,</strong></span> <span class='ocrx_word' id='word_1_773' title='bbox 2370 5076 2427 5128; x_wconf 90' lang='lat' dir='ltr'><strong>et</strong></span> <span class='ocrx_word' id='word_1_774' title='bbox 2457 5065 2702 5129; x_wconf 90' lang='lat' dir='ltr'><strong>habebis</strong></span> <span class='ocrx_word' id='word_1_775' title='bbox 2732 5054 2897 5127; x_wconf 83' lang='lat' dir='ltr'><strong>veras</strong></span> <span class='ocrx_word' id='word_1_776' title='bbox 2948 5063 3205 5132; x_wconf 85' lang='lat' dir='ltr'><strong>divitias,</strong></span> <span class='ocrx_word' id='word_1_777' title='bbox 3239 5077 3385 5140; x_wconf 87' lang='lat' dir='ltr'><strong>quas</strong></span> <span class='ocrx_word' id='word_1_778' title='bbox 3416 5057 3675 5119; x_wconf 88' lang='lat' dir='ltr'><strong>mundus</strong></span> <span class='ocrx_word' id='word_1_779' title='bbox 3704 5073 3825 5118; x_wconf 88' lang='lat' dir='ltr'><strong>non</strong></span> 
     </span>
    </p>
   </div>
   <div class='ocr_carea' id='block_1_96' title="bbox 437 5145 3826 5235">
    <p class='ocr_par' dir='ltr' id='par_1_96' title="bbox 437 5145 3826 5235">
     <span class='ocr_line' id='line_1_96' title="bbox 437 5145 3826 5235; baseline -0.001 -24"><span class='ocrx_word' id='word_1_780' title='bbox 437 5152 730 5211; x_wconf 90' lang='lat' dir='ltr'><strong>honorare</strong></span> <span class='ocrx_word' id='word_1_781' title='bbox 782 5148 1024 5228; x_wconf 82' lang='lat' dir='ltr'><strong>quidem</strong></span> <span class='ocrx_word' id='word_1_782' title='bbox 1055 5166 1298 5227; x_wconf 89' lang='lat' dir='ltr'><strong>omnes;</strong></span> <span class='ocrx_word' id='word_1_783' title='bbox 1334 5147 1434 5208; x_wconf 92' lang='lat' dir='ltr'><strong>sed</strong></span> <span class='ocrx_word' id='word_1_784' title='bbox 1468 5149 1652 5229; x_wconf 81' lang='lat' dir='ltr'><strong>Deum</strong></span> <span class='ocrx_word' id='word_1_785' title='bbox 1686 5162 1826 5210; x_wconf 89' lang='lat' dir='ltr'><strong>ante</strong></span> <span class='ocrx_word' id='word_1_786' title='bbox 1853 5170 2082 5221; x_wconf 80' lang='lat' dir='ltr'><strong>omnes.</strong></span> <span class='ocrx_word' id='word_1_787' title='bbox 2176 5156 2352 5216; x_wconf 83' lang='lat' dir='ltr'><strong>habet</strong></span> <span class='ocrx_word' id='word_1_788' title='bbox 2389 5178 2404 5235; x_wconf 86' lang='lat'><strong>;</strong></span> <span class='ocrx_word' id='word_1_789' title='bbox 2465 5155 2568 5217; x_wconf 90' lang='lat' dir='ltr'><strong>sed</strong></span> <span class='ocrx_word' id='word_1_790' title='bbox 2630 5156 2870 5235; x_wconf 66' lang='lat' dir='ltr'><strong>coelum,</strong></span> <span class='ocrx_word' id='word_1_791' title='bbox 2933 5162 2992 5214; x_wconf 91' lang='lat' dir='ltr'><strong>et</strong></span> <span class='ocrx_word' id='word_1_792' title='bbox 3045 5151 3147 5232; x_wconf 93' lang='lat' dir='ltr'><strong>qui</strong></span> <span class='ocrx_word' id='word_1_793' title='bbox 3177 5149 3298 5211; x_wconf 93' lang='lat' dir='ltr'><strong>illic</strong></span> <span class='ocrx_word' id='word_1_794' title='bbox 3329 5149 3388 5209; x_wconf 91' lang='lat' dir='ltr'><strong>in</strong></span> <span class='ocrx_word' id='word_1_795' title='bbox 3421 5148 3619 5209; x_wconf 86' lang='lat' dir='ltr'><strong>album</strong></span> <span class='ocrx_word' id='word_1_796' title='bbox 3651 5145 3826 5235; x_wconf 78' lang='lat' dir='ltr'><strong>relati</strong></span> 
     </span>
    </p>
   </div>
   <div class='ocr_carea' id='block_1_97' title="bbox 437 5233 3826 5322">
    <p class='ocr_par' dir='ltr' id='par_1_97' title="bbox 437 5233 3826 5322">
     <span class='ocr_line' id='line_1_97' title="bbox 437 5233 3826 5322; baseline -0.002 -22"><span class='ocrx_word' id='word_1_797' title='bbox 437 5250 492 5301; x_wconf 87' lang='lat' dir='ltr'><strong>et</strong></span> <span class='ocrx_word' id='word_1_798' title='bbox 522 5239 797 5302; x_wconf 70' lang='lat' dir='ltr'><strong>mandata</strong></span> <span class='ocrx_word' id='word_1_799' title='bbox 826 5238 954 5318; x_wconf 91' lang='lat' dir='ltr'><strong>ejus</strong></span> <span class='ocrx_word' id='word_1_800' title='bbox 982 5237 1228 5318; x_wconf 90' lang='lat' dir='ltr'><strong>insuper</strong></span> <span class='ocrx_word' id='word_1_801' title='bbox 1285 5244 1347 5297; x_wconf 90' lang='lat' dir='ltr'><strong>ut</strong></span> <span class='ocrx_word' id='word_1_802' title='bbox 1403 5254 1551 5316; x_wconf 90' lang='lat' dir='ltr'><strong>opes</strong></span> <span class='ocrx_word' id='word_1_803' title='bbox 1579 5235 1691 5297; x_wconf 88' lang='lat' dir='ltr'><strong>sibi</strong></span> <span class='ocrx_word' id='word_1_804' title='bbox 1717 5256 2082 5322; x_wconf 88' lang='lat' dir='ltr'><strong>comparare,</strong></span> <span class='ocrx_word' id='word_1_805' title='bbox 2172 5254 2330 5308; x_wconf 91' lang='lat' dir='ltr'><strong>sunt.</strong></span> <span class='ocrx_word' id='word_1_806' title='bbox 2367 5233 2427 5308; x_wconf 87' lang='lat' dir='ltr'><strong>Si</strong></span> <span class='ocrx_word' id='word_1_807' title='bbox 2471 5245 2626 5307; x_wconf 91' lang='lat' dir='ltr'><strong>istud</strong></span> <span class='ocrx_word' id='word_1_808' title='bbox 2660 5244 2764 5307; x_wconf 90' lang='lat' dir='ltr'><strong>tibi</strong></span> <span class='ocrx_word' id='word_1_809' title='bbox 2797 5233 3116 5322; x_wconf 84' lang='lat' dir='ltr'><strong>contingat,</strong></span> <span class='ocrx_word' id='word_1_810' title='bbox 3167 5235 3641 5310; x_wconf 89' lang='lat' dir='ltr'><strong>memorandum,</strong></span> <span class='ocrx_word' id='word_1_811' title='bbox 3682 5233 3826 5314; x_wconf 89' lang='lat' dir='ltr'><strong>quid</strong></span> 
     </span>
    </p>
   </div>
   <div class='ocr_carea' id='block_1_98' title="bbox 434 5325 2609 5416">
    <p class='ocr_par' dir='ltr' id='par_1_98' title="bbox 434 5325 2609 5416">
     <span class='ocr_line' id='line_1_98' title="bbox 434 5325 2609 5416; baseline 0.003 -27"><span class='ocrx_word' id='word_1_812' title='bbox 434 5347 760 5409; x_wconf 85' lang='lat' dir='ltr'><strong>eorumque</strong></span> <span class='ocrx_word' id='word_1_813' title='bbox 779 5325 1248 5416; x_wconf 16' lang='lat' dir='ltr'><strong>causainjﬁurias,</strong></span> <span class='ocrx_word' id='word_1_814' title='bbox 1280 5325 1591 5416; x_wconf 87' lang='lat' dir='ltr'><strong>maledicta</strong></span> <span class='ocrx_word' id='word_1_815' title='bbox 1616 5333 1672 5416; x_wconf 86' lang='lat' dir='ltr'><strong>et</strong></span> <span class='ocrx_word' id='word_1_816' title='bbox 1693 5345 1872 5389; x_wconf 92' lang='lat' dir='ltr'><strong>omne</strong></span> <span class='ocrx_word' id='word_1_817' title='bbox 1902 5349 2088 5409; x_wconf 87' lang='lat' dir='ltr'><strong>genus</strong></span> <span class='ocrx_word' id='word_1_818' title='bbox 2173 5335 2258 5397; x_wconf 89' lang='lat' dir='ltr'><strong>vis</strong></span> <span class='ocrx_word' id='word_1_819' title='bbox 2287 5335 2543 5416; x_wconf 90' lang='lat' dir='ltr'><strong>amplius</strong></span> <span class='ocrx_word' id='word_1_820' title='bbox 2580 5335 2609 5395; x_wconf 86' lang='lat'><strong>?</strong></span> 
     </span>
    </p>
   </div>
   <div class='ocr_carea' id='block_1_99' title="bbox 436 5413 3828 5504">
    <p class='ocr_par' dir='ltr' id='par_1_99' title="bbox 436 5413 3828 5504">
     <span class='ocr_line' id='line_1_99' title="bbox 436 5413 3828 5504; baseline -0.001 -26"><span class='ocrx_word' id='word_1_821' title='bbox 436 5417 652 5498; x_wconf 83' lang='lat' dir='ltr'><strong>probra</strong></span> <span class='ocrx_word' id='word_1_822' title='bbox 680 5416 1002 5504; x_wconf 80' lang='lat' dir='ltr'><strong>sustinere.</strong></span> <span class='ocrx_word' id='word_1_823' title='bbox 1037 5415 1181 5478; x_wconf 88' lang='lat' dir='ltr'><strong>Cum</strong></span> <span class='ocrx_word' id='word_1_824' title='bbox 1217 5415 1402 5504; x_wconf 90' lang='lat' dir='ltr'><strong>enim,</strong></span> <span class='ocrx_word' id='word_1_825' title='bbox 1467 5414 1750 5504; x_wconf 75' lang='lat' dir='ltr'><strong>oanima,</strong></span> <span class='ocrx_word' id='word_1_826' title='bbox 1784 5420 2084 5498; x_wconf 89' lang='lat' dir='ltr'><strong>negotium</strong></span> <span class='ocrx_word' id='word_1_827' title='bbox 2253 5413 2612 5499; x_wconf 37' lang='lat' dir='ltr'><strong>Dic,_anima</strong></span> <span class='ocrx_word' id='word_1_828' title='bbox 2654 5423 2919 5504; x_wconf 86' lang='lat' dir='ltr'><strong>ingrata;</strong></span> <span class='ocrx_word' id='word_1_829' title='bbox 2955 5422 3040 5484; x_wconf 92' lang='lat' dir='ltr'><strong>sic</strong></span> <span class='ocrx_word' id='word_1_830' title='bbox 3069 5420 3268 5482; x_wconf 89' lang='lat' dir='ltr'><strong>anima</strong></span> <span class='ocrx_word' id='word_1_831' title='bbox 3293 5417 3507 5497; x_wconf 83' lang='lat' dir='ltr'><strong>stulta;</strong></span> <span class='ocrx_word' id='word_1_832' title='bbox 3539 5414 3658 5486; x_wconf 86' lang='lat' dir='ltr'><strong>dic,</strong></span> <span class='ocrx_word' id='word_1_833' title='bbox 3692 5413 3828 5504; x_wconf 81' lang='lat' dir='ltr'><strong>vilis</strong></span> 
     </span>
    </p>
   </div>
   <div class='ocr_carea' id='block_1_100' title="bbox 431 5502 3826 5594">
    <p class='ocr_par' dir='ltr' id='par_1_100' title="bbox 431 5502 3826 5594">
     <span class='ocr_line' id='line_1_100' title="bbox 431 5502 3826 5594; baseline 0 -29"><span class='ocrx_word' id='word_1_834' title='bbox 431 5505 666 5594; x_wconf 79' lang='lat' dir='ltr'><strong>aliquod</strong></span> <span class='ocrx_word' id='word_1_835' title='bbox 693 5503 767 5594; x_wconf 78' lang='lat' dir='ltr'><strong>ad</strong></span> <span class='ocrx_word' id='word_1_836' title='bbox 801 5505 1113 5579; x_wconf 86' lang='lat' dir='ltr'><strong>honorem,</strong></span> <span class='ocrx_word' id='word_1_837' title='bbox 1150 5514 1207 5565; x_wconf 88' lang='lat' dir='ltr'><strong>et</strong></span> <span class='ocrx_word' id='word_1_838' title='bbox 1237 5503 1487 5586; x_wconf 87' lang='lat' dir='ltr'><strong>gloriam</strong></span> <span class='ocrx_word' id='word_1_839' title='bbox 1515 5502 1619 5594; x_wconf 85' lang='lat' dir='ltr'><strong>Dei</strong></span> <span class='ocrx_word' id='word_1_840' title='bbox 1655 5503 2078 5594; x_wconf 86' lang='lat' dir='ltr'><strong>inceptaveris,</strong></span> <span class='ocrx_word' id='word_1_841' title='bbox 2169 5514 2366 5576; x_wconf 88' lang='lat' dir='ltr'><strong>anima</strong></span> <span class='ocrx_word' id='word_1_842' title='bbox 2399 5532 2552 5587; x_wconf 90' lang='lat' dir='ltr'><strong>mea,</strong></span> <span class='ocrx_word' id='word_1_843' title='bbox 2589 5502 2740 5594; x_wconf 88' lang='lat' dir='ltr'><strong>quid</strong></span> <span class='ocrx_word' id='word_1_844' title='bbox 2761 5513 2854 5574; x_wconf 92' lang='lat' dir='ltr'><strong>his</strong></span> <span class='ocrx_word' id='word_1_845' title='bbox 2885 5502 3077 5591; x_wconf 87' lang='lat' dir='ltr'><strong>majus</strong></span> <span class='ocrx_word' id='word_1_846' title='bbox 3133 5508 3257 5570; x_wconf 87' lang='lat' dir='ltr'><strong>sive</strong></span> <span class='ocrx_word' id='word_1_847' title='bbox 3289 5509 3345 5569; x_wconf 93' lang='lat' dir='ltr'><strong>in</strong></span> <span class='ocrx_word' id='word_1_848' title='bbox 3379 5504 3569 5586; x_wconf 78' lang='lat' dir='ltr'><strong>ccelis,</strong></span> <span class='ocrx_word' id='word_1_849' title='bbox 3604 5504 3733 5566; x_wconf 79' lang='lat' dir='ltr'><strong>sive</strong></span> <span class='ocrx_word' id='word_1_850' title='bbox 3765 5502 3826 5564; x_wconf 87' lang='lat' dir='ltr'><strong>in</strong></span> 
     </span>
    </p>
   </div>
   <div class='ocr_carea' id='block_1_101' title="bbox 437 5591 3828 5686">
    <p class='ocr_par' dir='ltr' id='par_1_101' title="bbox 437 5591 3828 5686">
     <span class='ocr_line' id='line_1_101' title="bbox 437 5591 3828 5686; baseline 0.001 -32"><span class='ocrx_word' id='word_1_851' title='bbox 437 5601 495 5654; x_wconf 88' lang='lat' dir='ltr'><strong>et</strong></span> <span class='ocrx_word' id='word_1_852' title='bbox 524 5592 598 5652; x_wconf 93' lang='lat' dir='ltr'><strong>ob</strong></span> <span class='ocrx_word' id='word_1_853' title='bbox 623 5591 638 5651; x_wconf 90' lang='lat' dir='ltr'><strong>i</strong></span> <span class='ocrx_word' id='word_1_854' title='bbox 668 5592 878 5673; x_wconf 83' lang='lat' dir='ltr'><strong>tipsum</strong></span> <span class='ocrx_word' id='word_1_855' title='bbox 902 5601 1268 5674; x_wconf 89' lang='lat' dir='ltr'><strong>contemptu,</strong></span> <span class='ocrx_word' id='word_1_856' title='bbox 1298 5602 1351 5654; x_wconf 90' lang='lat' dir='ltr'><strong>et</strong></span> <span class='ocrx_word' id='word_1_857' title='bbox 1380 5592 1615 5673; x_wconf 89' lang='lat' dir='ltr'><strong>injuriis</strong></span> <span class='ocrx_word' id='word_1_858' title='bbox 1643 5593 1854 5656; x_wconf 81' lang='lat' dir='ltr'><strong>affecta</strong></span> <span class='ocrx_word' id='word_1_859' title='bbox 1881 5597 2084 5677; x_wconf 89' lang='lat' dir='ltr'><strong>fueris,</strong></span> <span class='ocrx_word' id='word_1_860' title='bbox 2173 5603 2371 5681; x_wconf 89' lang='lat' dir='ltr'><strong>terris,</strong></span> <span class='ocrx_word' id='word_1_861' title='bbox 2407 5611 2471 5668; x_wconf 88' lang='lat' dir='ltr'><strong>ut</strong></span> <span class='ocrx_word' id='word_1_862' title='bbox 2506 5591 2652 5666; x_wconf 81' lang='lat' dir='ltr'><strong>illud</strong></span> <span class='ocrx_word' id='word_1_863' title='bbox 2712 5619 3071 5686; x_wconf 85' lang='lat' dir='ltr'><strong>persequare</strong></span> <span class='ocrx_word' id='word_1_864' title='bbox 3099 5599 3130 5661; x_wconf 84' lang='lat'><strong>?</strong></span> <span class='ocrx_word' id='word_1_865' title='bbox 3185 5597 3328 5662; x_wconf 66' lang='lat' dir='ltr'><strong>Coeli</strong></span> <span class='ocrx_word' id='word_1_866' title='bbox 3359 5596 3730 5673; x_wconf 83' lang='lat' dir='ltr'><strong>Fabricator,</strong></span> <span class='ocrx_word' id='word_1_867' title='bbox 3769 5603 3828 5657; x_wconf 84' lang='lat' dir='ltr'><strong>et</strong></span> 
     </span>
    </p>
   </div>
  </div>
