4054 6114
263 243 390 354 589.

1408 295 1846 358 DIVINORUM
1892 294 2219 357 AMORUM
2268 296 2490 359 LIBER

3511 303 3635 369 890

254 432 430 485 terra:
462 424 768 500 Dominus,
806 437 865 489 et
895 427 1159 488 omnium
1193 445 1439 508 quaeque
1461 426 1521 487 in
1543 411 1716 501 coelo,
1745 444 1900 508 quaa-
1922 435 1959 482 Α
1984 442 2246 503 praesens
2277 443 2361 487 es.
2395 423 2510 486 Ubi
2541 433 2728 489 totum
2779 430 2860 490 uti
2908 429 3070 510 prius
3097 449 3195 494 me
3221 433 3626 497 circumdedi-

251 531 368 592 que
397 513 455 572 in
490 514 708 574 mundo
766 523 900 576 sunt
960 515 1252 591 conditor,
1308 515 1512 595 judex,
1548 525 1606 577 et
1636 533 1738 577 rex
1773 517 1900 597 ipse

250 602 412 662 solus
441 601 501 662 in
538 612 593 663 te
625 603 872 684 habitat,
901 613 1082 666 totum
1109 623 1174 666 se
1227 606 1614 666 manitestans
1646 605 1775 682 tibi,
1807 615 1899 666 to-

252 703 345 752 tus
371 689 715 752 illuminans
744 705 799 753 te
823 693 952 755 luce
975 712 1102 767 sua,
1138 703 1195 754 et
1226 693 1727 774 pulchritudinem
1761 695 1894 755 vul-

251 787 344 838 tus
364 779 453 839 sui
478 779 580 840 tibi
601 782 950 855 ostendens,
975 782 1246 862 utipsum
1300 783 1640 863 expressius
1670 783 1890 863 videas,

249 873 310 926 et
336 875 672 927 consortem
706 876 763 929 te
792 869 993 948 gloriae
1023 889 1144 930 sua:
1199 869 1447 943 faciens,
1478 869 1576 931 dic
1607 868 1749 941 quid
1783 870 1893 932 hoc

249 971 368 1015 uno
426 956 853 1035 praestantius?
929 958 1364 1038 Respondebis,
1427 957 1574 1018 nihil
1635 958 1890 1038 penitus.

247 1042 402 1104 Audi
433 1044 694 1125 insuper.
726 1045 855 1106 Tali
874 1048 1099 1109 honore
1126 1048 1383 1126 dignata,
1415 1066 1450 1108 ο
1495 1046 1713 1120 anima,
1748 1048 1888 1128 quid

244 1132 438 1193 adhuc
465 1141 638 1194 terrae
659 1133 852 1196 inhias
872 1134 903 1194 ?
932 1136 1071 1216 quid
1106 1137 1232 1197 istis
1262 1136 1443 1198 rebus
1473 1135 1834 1197 demulceris
1868 1135 1892 1198 ?

245 1221 384 1300 quid
410 1221 678 1283 adhaeres
709 1223 1004 1302 perituris,
1044 1225 1547 1304 qumimmortaﬁa
1565 1225 1893 1305 accepisti?

245 1310 383 1389 quid
414 1312 666 1371 moraris
695 1311 753 1372 in
787 1314 1196 1391 praesentibus,
1253 1333 1384 1394 quae
1435 1314 1626 1374 futura
1655 1314 1887 1374 inveni-

245 1397 318 1457 sti
349 1396 381 1456 ?
436 1397 539 1460 llla
583 1418 799 1461 conare
823 1401 1049 1480 jugiter
1105 1403 1432 1482 possidere,
1470 1403 1589 1463 illis
1621 1411 1797 1463 totam
1834 1411 1889 1465 te

242 1487 566 1566 agglutina,
592 1489 788 1551 anima
809 1509 966 1566 mea,
992 1499 1056 1551 ut
1081 1500 1138 1552 et
1156 1501 1286 1572 post
1315 1491 1540 1552 obitum
1571 1491 1893 1553 inveniaris

243 1574 300 1634 in
329 1577 568 1637 aeternis
590 1578 706 1639 illis
727 1578 917 1652 bonis,
939 1599 1070 1660 qua;
1112 1581 1207 1640 hic
1251 1580 1632 1660 acquisivisti,
1666 1588 1722 1640 et
1756 1600 1888 1642 cum

1983 512 2094 602 sti,
2123 512 2567 602 ubicomplexu
2617 524 2714 578 tuo
2743 524 2926 580 totum
2986 518 3283 582 ambivisti
3318 531 3374 583 et
3407 524 3622 602 texisti,

1983 601 2152 662 malis
2183 601 2430 678 liberor,
2463 623 2498 665 a
2527 603 2815 681 tenebris,
2859 607 3307 689 tentationibus,
3351 614 3626 674 motioni-

1983 687 2092 750 bus
2123 709 2255 751 cum
2289 691 2518 752 ratione
2569 694 2988 773 pugnantibus,
3039 704 3098 757 et
3126 687 3402 759 omnibus
3434 705 3628 780 pravis

1981 777 2438 866 cogitationibus
2469 781 2717 861 eripior,
2753 784 3124 866 impleorque
3155 777 3450 863 bonitate,
3472 788 3626 851 lati-

1977 865 2078 946 tia,
2097 867 2331 944 gaudio,
2351 869 2728 947 jucunditate
2749 872 2934 934 animi
2975 865 3337 951 incredibili,
3371 895 3625 940 cernens

1976 957 2287 1017 tremenda
2317 960 2616 1038 mysteria,
2663 969 2720 1022 et
2750 981 2900 1023 nova
2931 964 3198 1044 quaedam
3256 966 3407 1028 mira
3441 987 3456 1042 ;
3488 985 3625 1029 cer-

1977 1062 2124 1105 nens
2154 1065 2282 1126 quaa
2327 1067 2518 1128 neque
2575 1050 2780 1111 oculus
2840 1052 3134 1114 humanus
3191 1053 3370 1130 videt,
3398 1063 3498 1117 aut
3528 1055 3620 1117 vi-

1975 1131 2140 1206 dere,
2178 1152 2369 1214 neque
2390 1137 2549 1197 auris
2569 1138 2780 1201 audire
2804 1140 3011 1222 possit,
3059 1160 3255 1222 neque
3284 1143 3343 1204 in
3375 1161 3477 1205 cor
3506 1143 3618 1205 ho-

1975 1221 2150 1282 minis
2175 1223 2670 1286 ascenderunt54.
2704 1226 2768 1289 In
2807 1229 3023 1310 quibus
3053 1221 3404 1312 obstupesco
3438 1233 3620 1294 vehe-

1973 1320 2228 1400 menter,
2263 1332 2334 1375 ac
2366 1314 2440 1375 de
2501 1322 2789 1395 potestate
2844 1318 3070 1381 decedo
3100 1329 3275 1400 atque
3304 1339 3339 1383 a
3368 1322 3624 1385 terrenis

1975 1399 2252 1461 omnibus
2281 1400 2557 1464 universe
2590 1404 2838 1480 alienor,
2874 1399 3248 1471 continenter
3267 1409 3511 1472 laudans
3539 1420 3618 1486 te,

1976 1488 2105 1548 etin
2125 1489 2350 1569 meipso
2375 1511 2582 1554 novam
2611 1495 3024 1578 mutationem,
3069 1498 3428 1580 modumque
3446 1501 3618 1562 auxi-

1975 1576 2038 1636 lii
2069 1597 2277 1638 manus
2323 1579 2742 1661 omnipotentis
2792 1576 3290 1664 animadvertetis,
3322 1576 3620 1669 quomodo

241 1666 314 1724 iis
348 1663 610 1726 creatori
661 1686 730 1728 ac
794 1669 1045 1731 υοηιίηο
1103 1669 1363 1741 δδςίειίιεν
1415 1678 1472 1730 ει
1501 1689 1634 1731 cum
1667 1671 1876 1732 eodem
1907 1671 1940 1719 Β
1965 1665 2188 1742 fulgore
2221 1676 2279 1728 et
2319 1669 2692 1748 apparitione
2752 1673 2927 1734 unius
2993 1673 3236 1736 luminis
3267 1663 3356 1738 tui
3379 1696 3618 1739 omnem

240 1753 445 1814 laetere
476 1773 582 1833 per
613 1754 1072 1817 innumerabilia
1105 1759 1340 1820 saecula.
1366 1759 1577 1821 Amen.

795 1844 1033 1908 CAPUT
1077 1845 1330 1909 XXXVI.

239 1931 480 2009 Spiritu
503 1939 710 1994 sancto
740 1938 806 1993 in
836 1933 1007 1997 nobis
1036 1935 1326 2016 fulgente,
1364 1955 1571 1999 omnes
1589 1957 1715 2000 non
1747 1957 1880 2001 rec-

322 2015 415 2070 tas
455 2013 650 2072 animi
674 2015 971 2076 motiones
1008 2017 1255 2090 fugari:
1317 2019 1644 2090 eodemque
1673 2021 1883 2080 radios

322 2035 415 2070 tus
455 2035 647 2072 unum
674 2035 971 2076 moriones
1008 2035 1214 2094 [uagam
1243 2037 1255 2073 :
1317 2035 1644 2097 eoaemqne
1673 2035 1882 2080 ramos

316 2090 738 2178 (ιογιῑξγιζιθητεν,Δ
765 2092 840 2155 ab
871 2095 986 2168 his,
1019 2104 1072 2156 et
1102 2113 1137 2156 a
1175 2099 1386 2174 pravis
1415 2100 1882 2178 cogitationibus

319 2187 424 2231 nos
453 2172 760 2248 infestari.

319 2261 545 2320 Lumen
571 2268 756 2335 tuum,
783 2262 1039 2335 Christe,
1067 2283 1161 2326 me
1200 2265 1660 2344 circumfulgens
1692 2268 1881 2330 viviﬁ-

237 2356 371 2419 cat;
427 2366 560 2408 nam
620 2357 681 2409 te
735 2350 954 2432 videre,
991 2366 1048 2413 et
1076 2354 1454 2431 reviviscere,
1485 2366 1542 2418 et
1572 2376 1606 2418 a
1635 2358 1881 2418 mortuis

234 2454 569 2515 resurgere.
607 2436 718 2509 Qui
749 2441 969 2501 efﬁciat
998 2442 1196 2504 lumen
1233 2451 1420 2519 tuum,
1474 2465 1588 2506 non
1642 2465 1880 2527 possum

234 2524 460 2587 dicere.
497 2527 919 2590 Verumtamen
952 2532 1064 2592 hoc
1093 2551 1160 2593 re
1218 2534 1344 2612 ipsa
1388 2524 1656 2614 cognovi,
1688 2545 1746 2597 et
1774 2555 1880 2598 co-

233 2631 477 2691 gnosco,
512 2615 635 2675 sive
689 2617 918 2698 morbo,
945 2619 1068 2681 sive
1100 2621 1539 2696 afflictionibus,
1575 2624 1696 2685 sive
1730 2643 1879 2686 mm-

232 2703 494 2776 roribus,
527 2705 650 2766 sive
711 2705 981 2783 vinculis,
1035 2709 1156 2770 sive
1212 2709 1385 2786 fame,
1438 2713 1559 2775 sive
1617 2715 1884 2775 custodia

234 2789 529 2868 detinear,
565 2794 689 2854 sive
718 2796 1084 2873 gravioribus
1115 2800 1400 2862 molestiis
1433 2820 1692 2880 premar,
1727 2804 1879 2864 emi-

233 2888 407 2940 cante
432 2879 652 2942 lumine
676 2891 793 2957 tuo,
821 2884 1020 2946 omnia
1061 2895 1337 2967 tanquam
1370 2876 1644 2952 tenebras
1665 2876 1878 2952 discuti
1901 2876 1939 2925 C

231 2985 302 3028 ac
333 2968 589 3048 dispelli,
618 2978 675 3030 et
696 2970 756 3031 in
779 2976 984 3053 requie
1005 2993 1070 3036 ac
1092 2975 1244 3056 luce,
1292 2986 1351 3038 et
1391 2977 1664 3040 fruitione
1695 2979 1876 3040 lumi-

233 3053 328 3114 nis
350 3074 455 3134 per
473 3056 739 3118 divinum
782 3057 1064 3139 Spiritum
1109 3053 1272 3124 tuum
1298 3064 1493 3127 subito
1526 3085 1621 3128 me
1652 3068 1874 3130 consti-

234 3143 339 3204 tui.
375 3143 510 3205 Scio
541 3145 952 3209 tribulationes
982 3151 1228 3225 fumum,
1276 3155 1662 3231 cogitationes
1691 3157 1876 3217 malas

233 3231 532 3313 tenebras,
570 3235 927 3298 tentationes
947 3240 1169 3316 Jacula,
1204 3242 1636 3305 sollicitudines
1667 3245 1874 3324 caligi-

230 3338 394 3395 nem,
431 3322 734 3400 passiones
766 3323 992 3388 belluas
1021 3329 1240 3402 vocari,
1271 3351 1304 3390 a
1334 3330 1549 3412 quibus
1603 3335 1742 3395 olim
1789 3322 1876 3394 li-

228 3410 475 3484 berasti,
511 3419 568 3472 et
615 3413 824 3474 eruisti
876 3434 969 3476 me
1007 3439 1022 3492 ;
1082 3426 1141 3478 et
1185 3410 1540 3482 illucescens
1596 3421 1874 3502 paulatim

229 3499 379 3561 mihi
411 3499 634 3562 lumine
669 3509 788 3578 tuo,
822 3503 999 3565 etiam
1033 3525 1189 3568 nunc
1221 3508 1280 3568 in
1301 3509 1514 3570 horum
1537 3499 1732 3572 medio
1757 3530 1879 3572 ver-

229 3865 311 3928 te,
345 3855 482 3934 quia
509 3857 676 3918 irrito
711 3866 786 3929 te,
825 3859 1062 3937 indigeo
1095 3863 1466 3926 misericordi
1492 3867 1876 3945 castigatione

228 3952 349 4015 tua,
383 3961 556 4022 quam
589 3945 973 4009 vehementer
1002 3948 1062 4009 in
1096 3968 1190 4010 me
1215 3951 1536 4014 adhibitam
1569 3953 1758 4015 sentio
1788 3955 1876 4016 di-

223 4031 349 4092 vini
388 4050 627 4094 recessu
659 4035 921 4111 luminis,
955 4043 1108 4118 quod
1171 4040 1408 4120 tegebat.
1461 4062 1578 4106 me.
1610 4043 1684 4108 Ut
1713 4045 1872 4107 enim

225 4121 355 4182 sole
386 4122 696 4185 occidente
727 4144 838 4187 nox
893 4135 950 4187 et
982 4127 1240 4190 tenebraa
1271 4131 1574 4210 ingruunt,
1630 4141 1687 4195 et
1735 4134 1876 4197 ferae

1970 1753 2113 1814 mihi
2143 1755 2440 1816 tristitiam
2486 1759 2804 1826 exemeris.
2859 1763 3199 1843 mundoque
3231 1773 3527 1844 ereptum,
3561 1772 3619 1827 et

1969 1849 2163 1904 tecum
2198 1862 2411 1906 arcano
2450 1846 2653 1909 fenore
2685 1849 2937 1926 unitum,
3000 1869 3134 1913 mox
3184 1852 3244 1913 in
3276 1853 3492 1914 cmlum
3523 1871 3618 1915 me

1967 1932 2320 2007 restitueris,
2356 1933 2458 1996 ubi
2489 1936 2647 1997 nulla
2678 1947 2768 1999 est
2814 1938 3125 2016 aegritudo,
3153 1941 3301 2001 nulli
3332 1941 3615 2020 gemitus,

1967 2021 2141 2082 nulla:
2177 2023 2467 2104 lacrymae,
2501 2043 2620 2086 non
2650 2045 2900 2107 serpens
2929 2029 3273 2091 calcaneum
3305 2033 3608 2108 mordens,

1965 2118 2022 2171 et
2050 2111 2384 2172 ostenderis
2418 2113 2664 2176 minime
2697 2115 3059 2179 laboriosam
3085 2137 3212 2180 esse
3242 2127 3302 2179 et
3328 2137 3618 2181 aerumno-

1963 2216 2087 2260 sam
2117 2200 2296 2272 viam,
2329 2221 2461 2278 quae
2489 2203 2713 2282 alioqui
2767 2207 3044 2269 omnibus
3092 2209 3438 2271 mortalibus
3467 2229 3615 2272 con-

1965 2287 2162 2364 traria,
2197 2299 2460 2368 augusta,
2496 2291 2777 2368 difficilis,
2808 2304 2930 2370 aut,
2955 2297 3235 2360 utverius
3255 2297 3470 2374 dicam,
3503 2299 3603 2360 in—

1965 2374 2057 2436 via
2088 2384 2198 2438 est.
2233 2376 2376 2448 Quis
2418 2380 2577 2440 enim
2628 2382 2936 2445 hominum
2999 2385 3208 2468 potuit,
3243 2397 3342 2448 aut
3374 2387 3610 2468 poterit,

1964 2482 2185 2544 quaaso,
2223 2484 2468 2547 corpore
2525 2469 2584 2529 in
2637 2469 2784 2532 coelo
2840 2491 2993 2550 esse,
3055 2486 3152 2536 aut
3183 2475 3312 2537 sine
3341 2493 3612 2557 corpore,

1965 2552 2179 2632 quibus
2210 2553 2320 2615 alis
2351 2573 2420 2616 eo
2457 2557 2834 2635 pervolabit?

2048 2641 2205 2732 Elia_s
2237 2661 2415 2704 curru
2441 2644 2611 2722 igneo
2643 2645 2703 2706 in
2734 2647 2994 2710 sublime
3021 2658 3224 2732 raptus
3247 2660 3358 2728 est,
3392 2663 3450 2715 et
3477 2663 3614 2716 ante

1966 2728 2131 2790 illum
2163 2730 2389 2793 Enoch.
2424 2751 2626 2796 verum
2663 2754 2784 2796 non
2812 2736 2873 2798 in
2919 2728 3157 2815 caelum,
3192 2740 3296 2802 sed
3341 2741 3400 2802 in
3433 2743 3613 2805 alium

1965 2819 2278 2897 quemdam
2313 2821 2530 2897 locum,
2566 2842 2684 2884 non
2717 2824 2844 2904 ipse
2872 2825 3112 2905 quidem
3145 2846 3178 2888 a
3226 2847 3290 2890 se
3321 2829 3474 2910 ipso,
3507 2829 3613 2891 sed

1968 2916 2162 2968 tamen
2193 2909 2508 2971 translatus
2530 2921 2640 2973 est.
2669 2911 2819 2984 Quid
2846 2915 2958 2975 ista
2983 2916 3054 2976 ad
3080 2934 3147 2978 ea
3187 2935 3315 2998 quae
3345 2920 3406 2979 in
3439 2918 3613 2980 nobis

1962 2996 2149 3058 ﬁunt?
2169 3017 2436 3077 quaenam
2463 2999 2690 3063 umbra;
2713 3021 2844 3063 cum
2871 3004 3138 3080 veritate,
3167 2996 3266 3067 aut
3285 3025 3415 3088 quae
3439 3007 3614 3088 spiri-

1965 3092 2055 3146 tus
2078 3085 2512 3170 ministratorii,
2537 3109 2606 3151 ac
2624 3092 2957 3168 servientis,
2985 3111 3122 3155 cum
3145 3085 3370 3173 divino,
3406 3085 3610 3159 et—Do-

1964 3173 2208 3249 minico,
2237 3175 2501 3238 omnium
2533 3179 2766 3259 opifice,
2804 3190 2861 3242 et
2901 3201 3322 3265 quamcunque
3347 3199 3608 3248 creatam

1958 3271 2222 3325 naturam
2245 3266 2634 3330 conﬁrmante
2659 3277 2716 3329 et
2737 3269 3162 3333 corroborante
3187 3270 3407 3353 Spiritu
3440 3291 3608 3334 com-

1959 3352 2182 3432 paratio
2215 3355 2243 3416 ?
2297 3355 2428 3416 Alia
2479 3365 2765 3419 creaturae
2795 3367 2956 3434 sunt,
2992 3359 3122 3440 ipse
3151 3352 3395 3424 Creator
3422 3363 3606 3441 solus,

1958 3447 2161 3528 utpote
2184 3460 2218 3502 a
2241 3444 2413 3505 Patre
2435 3453 2494 3506 et
2517 3445 2666 3507 Filio
2694 3446 3136 3528 inseparabilis.
3155 3452 3315 3513 Deus
3333 3451 3457 3512 haec
3473 3450 3608 3522 tria,

1959 3527 2219 3618 Trinitas
2241 3531 2460 3612 quippe
2483 3552 2636 3595 unus
2657 3535 2815 3598 Deus
2838 3527 2952 3600 est.
2979 3539 3109 3618 Ipsa
3132 3538 3317 3615 omni,
3344 3558 3446 3600 seu
3478 3541 3606 3601 uni-

1957 3890 2158 3943 sancto
2182 3883 2666 3964 inseparabilem.
2697 3891 2850 3950 Vere
2871 3899 3071 3953 autem
3094 3883 3458 3972 superventu
3488 3891 3613 3973 Spi-

1955 3970 2103 4030 ritus
2133 3970 2496 4048 incarnatur,
2525 3983 2584 4036 et
2605 3977 2667 4038 fit
2707 3979 2863 4058 quod
2911 3998 3028 4041 non
3068 3970 3220 4055 erat,
3255 3982 3433 4042 homo
3465 3970 3611 4044 mihi

1955 4058 2192 4130 similis,
2224 4072 2530 4140 peccatum
2554 4083 2731 4127 omne
2748 4076 2807 4127 et
2827 4066 3202 4148 iniquitatem
3245 4071 3296 4131 si
3325 4070 3606 4151 excipias,

1957 4146 2114 4207 Deus
2147 4149 2324 4209 simul
2356 4158 2415 4211 et
2446 4152 2622 4213 homo
2648 4146 3236 4220 videndus—omnibus
3265 4146 3491 4220 habens
3520 4157 3607 4219 di-

225 4211 1043 4322 gmﬂesfdtﬁfﬂuﬂexfutﬂ
1072 4217 1214 4322 :_Sic
1247 4219 1872 4322 ¹11ὺὶῐῐιεξιυῐξιθῐιῑυξιῐῐι
1897 4235 2160 4296 Dvinum
2193 4237 2501 4316 Spiritum,
2537 4242 2637 4320 qui
2697 4242 2812 4322 ipsi
2872 4243 3219 4306 naturaliter
3248 4245 3440 4322 adest,
3472 4265 3607 4307 cum

223 4298 514 4374 deseruit,
547 4300 708 4362 illico
741 4302 872 4364 vitae
897 4305 1073 4384 hujus
1105 4306 1389 4382 tenebrae,
1423 4329 1490 4372 ac
1515 4313 1754 4391 pelagus
1784 4312 1870 4372 ir-

2209 4298 2252 4316 ,,
2488 4298 2501 4314 ,
2585 4298 2637 4301 __
2697 4298 2714 4302 _
2761 4298 2812 4303 __
2872 4298 3208 4306 ηψπ---
3248 4298 3440 4322 __---,
3475 4298 3607 4307 --.η

1969 4343 2072 4405 quo
2105 4335 2368 4387 mortuos
2398 4328 2458 4387 in
2489 4298 2665 4390 vitam
2699 4298 2962 4407 rreduxit,
2997 4341 3056 4394 et
3085 4351 3374 4396 caecorum
3409 4336 3612 4396 oculos

221 4387 632 4506 Γθίῖιξξίξίθτυῐη
682 4391 1099 4470 cogitationum
1164 4415 1259 4506 "Ile
1311 4397 1568 4460 Obl‘lmm
1625 4410 1683 4463 el
1736 4402 1876 4462 fel‘w
1958 4387 2207 4494 aperuit,
2247 4415 2513 4495 leprosos
2537 4387 3612 4506 mundavit,dmmonesecorporibus

221 4484 381 4506 ......
432 4493 596 4506 Mn...
675 4489 934 4506 ΜΛΝ--
1344 4505 1349 4506 ,
1441 4495 1451 4506 .
1552 4490 1562 4501 .
1686 4491 1722 4506 ..
1959 4502 1974 4506 _
2190 4502 2202 4506 -
2453 4504 2461 4506 μ
2551 4505 2571 4506 κ

221 4474 600 4574 turbidorum
674 4489 944 4582 motuum
1021 4502 1116 4546 me
1174 4485 1480 4588 devorant,
1528 4490 1877 4588 iaculisque
1959 4474 2238 4562 humanis
2269 4474 2514 4584 eitpulit.
2548 4505 2710 4568 Idem
2737 4474 2944 4588 passus
2965 4474 3608 4587 crucem,etn‘iortem,

225 4563 678 4642 omnigenarum
712 4571 1132 4649 cogitationum
1191 4563 1491 4637 vulneror.
1528 4563 1639 4640 Ubi
1669 4563 1878 4641 rursus

225 4651 430 4732 pietati
464 4667 814 4739 cemmotus,
850 4661 967 4722 mei
1002 4661 1277 4725 misertus
1323 4665 1529 4741 fueris,
1557 4674 1618 4731 et
1648 4669 1883 4733 ﬂebiles

225 4741 686 4807 lamentationes
716 4765 877 4810 meas
911 4751 1267 4826 exaudieris,
1333 4755 1712 4838 gemitusque
1741 4777 1881 4839 per-

225 4830 464 4908 ceperis
499 4840 557 4892 et
584 4833 868 4916 lacrymas
897 4838 1233 4915 admiseris,
1267 4830 1358 4903 et—
1380 4845 1452 4904 ad
1484 4830 1879 4910 humilitatem

224 4936 424 5002 meam
454 4922 754 5001 respicere
810 4926 1086 5001 volueris,
1148 4931 1246 5009 qui
1305 4931 1683 5013 inexpiabilia
1732 4957 1874 5017 pec-

224 5006 378 5080 cavi,
415 5011 618 5087 procul
652 5022 711 5072 ut
744 5015 912 5075 stella
943 5006 1215 5078 exoriens
1247 5006 1488 5099 videris,
1515 5031 1571 5084 et
1597 5006 1876 5104 paulatim

225 5095 495 5186 dilataris
527 5101 667 5177 (non
703 5111 760 5162 tu
817 5102 946 5183 ipse
999 5107 1110 5166 hoc
1170 5107 1416 5186 patiens,
1471 5095 1877 5176 sed-mentem

225 5183 385 5245 servi
415 5187 501 5246 tui
529 5188 602 5248 ad
634 5189 956 5252 videndum
981 5183 1309 5273 aperiens),
1343 5200 1563 5259 sensim
1590 5203 1797 5282 major,
1826 5213 1882 5266 et

225 5273 416 5334 instar
444 5277 587 5338 solis
617 5280 903 5342 cerneris.
936 5283 1322 5358 Fugientibus
1375 5288 1618 5370 quippe,
1655 5273 1713 5352 εἰ
1743 5273 1880 5354 eva-

235 5376 248 5412 ι
279 5364 621 5426 escentibus
652 5368 914 5430 tenebris
943 5371 1222 5433 advenire
1254 5381 1308 5433 te
1339 5364 1496 5457 puto,
1524 5364 1632 5459 'qui
1665 5379 1884 5464 ubique

456 5536 591 5608 (,lor.
629 5554 688 5615 ιι,
726 5540 783 5604 9.

1970 4592 2029 4650 in
2063 4591 2272 4670 spiritu
2305 4595 2656 4671 resurrexit,
2691 4607 2749 4658 et
2803 4597 2864 4658 in
2922 4600 3110 4677 gloria
3133 4610 3470 4682 assumptus
3500 4609 3610 4683 est,

1969 4678 2358 4759 semitamque
2379 4681 2438 4742 in
2452 4684 2665 4744 ccelum
2681 4689 2974 4766 reparavit
2991 4689 3267 4751 omnibus
3288 4678 3355 4750 in
3371 4708 3436 4753 se
3458 4678 3618 4752 certa

1966 4785 2034 4828 ac
2053 4766 2220 4829 ﬁrma
2235 4770 2350 4831 ﬁde
2363 4772 2745 4836 credentibus
2762 4795 2776 4848 ;
2791 4785 2848 4836 et
2869 4774 3154 4857 Spiritum
3176 4778 3613 4840 sanctissimum

1966 4855 2025 4915 in
2051 4876 2258 4918 omnes
2281 4861 2464 4921 ﬁdem
2488 4863 2770 4940 operibus
2797 4855 3112 4943 probantes
3125 4868 3363 4929 abunde
3384 4868 3613 4944 effudit,

1960 4954 2016 5006 et
2038 4964 2194 5006 nunc
2217 4967 2454 5028 quoque
2481 4953 2754 5014 eumdem
2783 4955 2941 5034 large
2972 4956 3032 5016 in
3065 4956 3212 5018 tales
3243 4957 3516 5026 effundit,
3550 4976 3616 5017 ac

1965 5033 2294 5125 peripsum
2353 5039 2497 5100 deos
2542 5051 2789 5120 repente
2839 5033 3004 5121 facit,
3071 5045 3285 5124 quibus
3313 5046 3619 5125 copulatus

1963 5122 2178 5204 fuerit;
2237 5133 2293 5186 et
2351 5127 2455 5190 ille
2514 5148 2616 5190 eos
2671 5148 2738 5193 ex
2794 5122 3617 5194 hominibusimmutabiliter

1965 5210 2259 5287 immutat,
2287 5233 2354 5276 ac
2392 5217 2496 5278 Dei
2529 5219 2707 5293 ﬁlios,
2746 5219 2955 5282 fratres
2984 5221 3326 5294 Salvatoris,
3353 5231 3412 5282 et
3431 5222 3611 5283 haere-

1967 5296 2074 5359 des
2103 5302 2345 5381 quidem
2398 5304 2524 5370 Dei.
2559 5309 2906 5371 cohaeredes
2937 5318 3132 5370 autem
3166 5307 3378 5370 Christi
3411 5309 3615 5384 efﬁcit,

1967 5391 2111 5450 deos
2133 5410 2265 5451 cum
2293 5393 2411 5453 Deo
2436 5405 2734 5456 versantes
2757 5398 2816 5457 in
2842 5394 3065 5481 Spiritu
3088 5406 3316 5473 sancto,
3344 5397 3616 5477 alligatos
