4054 6114
420 248 527 317 5‘91
1725 244 2113 311 SYMNNIB
2152 238 2505 309 JUNIORIS

419 384 659 468 quidem
691 384 817 446 sola
845 392 1047 462 cerne,
1068 384 1290 467 spiritu
1317 392 1512 446 autem
1542 382 1762 445 liberos
1790 402 1807 458 ;
1838 380 2059 460 qui‘fu-
2084 391 2119 437 Α

3673 243 3796 308 592

2681 380 2917 444 CAPUT
2960 381 3248 445 XXXVII.

418 474 531 574 cile
562 492 698 574 cum
726 472 1056 574 Chris'tpin
1089 475 1305 574 ctelum
1323 472 1752 574 ascenderunt,
1786 482 1847 531 et
1880 478 2058 571 totam

2158 498 2416 569 Quadam
2445 499 2876 574 theologumena.
2907 499 3062 566 IIem,
3094 502 3191 573 qui
3216 517 3317 573 per
3341 501 3582 572 Spiritus
3600 501 3799 574 sancti

416 563 549 626 vitae
575 563 726 625 bene
746 562 990 641 agendae
1004 562 1295 625 rationem
1321 562 1402 623 ibi
1414 562 1853 643 tacquisierunt,
1878 562 1937 620 in
1973 562 2060 617 vi-
2163 562 2185 569 '
2214 562 2654 645 commyuioomi
2673 574 3000 645 mutatus
3027 562 3139 628 non
3167 562 3260 633 sit.
3292 562 3390 629 σιοὸ
3411 588 3515 645 ρει·
3541 571 3797 644 adoptio-

419 654 586 714 sione
608 651 918 725 bonorum,
952 669 1081 733 qua;
1108 653 1314 714 oculus
1336 668 1460 713 Enen
1497 641 1668 711 vidit.
2215 641 2907 733 perngrggnlcopnoeerit,
2926 644 2983 733 ei
3009 649 3074 700 ut
3111 644 3355 701 homines
3383 641 3449 701 de
3477 641 3679 701 divinis
3705 658 3794 699 re-

2216 712 2313 770 bus
2339 712 2582 778 erudiat,
2611 712 2723 769 non
2750 714 2987 771 concedi.

2227 822 2370 895 Quis
2394 821 2666 885 dolorem
2698 824 2892 885 cordis
2914 823 3489 887 meiconsolabitur?
3517 824 3785 886 dolorem

2149 930 2283 975 cum
2315 912 2458 986 dixi,
2483 911 2803 975 Salvatoris
2825 914 3190 977 desiderium
3233 914 3584 990 signiﬁcavi.
3614 913 3787 975 Desi-

2147 1002 2403 1078 derium,
2434 1012 2630 1066 autem
2658 1015 2837 1085 atque
2863 1006 3039 1066 ardor
3067 1003 3205 1086 iste,
3225 1007 3500 1067 eﬁ‘ectum
3534 1004 3790 1086 Spiritus

498 828 650 902 Quid
672 828 856 908 igitur
880 844 1091 891 currus
1115 829 1345 907 igneus,
1380 829 1477 909 qui
1520 826 1707 888 Eliam
1768 823 2010 886 abstulit
2041 822 2065 884 ἲ

420 918 559 1002 quid
577 917 804 980 Enochi
831 917 1141 980 translatio
1159 917 1280 979 Ἰπεά
1306 918 1433 979 haec
1459 916 1660 995 egoita
1675 920 1891 989 statuo,
1910 912 2068 1002 sicut

420 1000 754 1070 marevolim
784 1006 947 1085 virga
973 1006 1250 1079 divisum,
1284 1017 1344 1070 et
1374 1023 1591 1066 manna
1613 1022 1646 1066 e
1670 1002 1820 1064 crelo
1841 1000 2066 1063 cadens

418 1104 588 1178 typus
604 1095 821 1169 solum,
847 1104 906 1157 et
924 1092 1197 1176 symbola
1218 1094 1476 1177 fuerunt,
1499 1106 1660 1153 mare
1672 1088 2060 1171 baptismatis,

421 1202 637 1247 manna
663 1184 1016 1245 Salvatoris:
1080 1183 1290 1245 eodem
1343 1182 1518 1243 modo
1566 1180 1667 1242 illa
1697 1181 1931 1252 horum,
1968 1181 2061 1240 in-

421 1286 595 1355 quam
626 1270 1076 1352 incomparabili
1106 1270 1485 1344 excellentia,
1518 1268 1777 1349 etgloria
1797 1266 2069 1348 praedite-

2146 1091 2232 1153 vel
2260 1092 2451 1171 potius
2474 1093 2805 1155 essentiatis
2828 1095 3138 1172 praesentia
3158 1103 3270 1168 est,
3307 1094 3403 1155 lux
3426 1095 3793 1157 ἐνυποστέτως

2145 1178 2305 1242 intus
2332 1180 2396 1240 in
2429 1200 2525 1243 me
2551 1182 2699 1245 visa.
2733 1181 2833 1243 Est
2859 1192 3054 1244 autem
3088 1184 3183 1242 lux
3218 1182 3699 1263 incomparabili‘s
3730 1193 3794 1242 et

2149 1269 2469 1331 ineﬁabilis
2498 1270 2759 1350 penitus.
2788 1270 2932 1342 Quis
2964 1290 3058 1331 me
3101 1282 3377 1333 secernet
3406 1290 3473 1333 ac
3505 1271 3796 1350 disjungit

418 1372 574 1435 rum,
609 1368 891 1441 quantum
918 1360 1200 1423 videlicet
1247 1361 1578 1422 increatum
1614 1368 1826 1420 'creato
1859 1365 2066 1418 natura
2147 1376 2181 1419 a
2206 1358 2387 1420 rebus
2414 1377 2652 1420 sensum
2688 1358 3081 1428 moventibus,
3117 1378 3150 1421 a
3178 1359 3392 1438 quibus
3421 1361 3603 1428 sernrl
3635 1360 3793 1420 libe-

419 1450 739 1513 antecellit.
775 1452 983 1510 Manna
1044 1450 1227 1529 enim,
1286 1448 1439 1529 quod
1500 1447 1669 1526 panis
1699 1454 1758 1508 et
1784 1444 2066 1507 alimonia
2148 1456 2330 1520 ratus,
2364 1456 2425 1509 et
2453 1447 2836 1510 absconditus
2868 1467 3022 1520 sum,
3054 1449 3290 1527 quando
3340 1448 3625 1509 mundum
3682 1447 3797 1508 sub

419 1538 762 1617 angelorum
788 1545 1036 1599 vocatur
1058 1538 1138 1614 δε,
1162 1537 1329 1618 quod
1362 1534 1599 1597 Hebraei
1631 1536 1690 1596 in
1747 1533 2066 1596 solitudine
2151 1537 2400 1616 pedibus
2432 1537 2658 1599 habui?
2688 1538 2820 1617 quis
2855 1537 2997 1597 mihi
3030 1536 3193 1598 dabit
3224 1538 3704 1617 tranquillitatem
3736 1545 3800 1597 et

420 1626 1096 1708 comederunt,‘defecit,
1116 1624 2058 1707 periit,mortuiquesuntomnes,
2088 1660 2125 1708 Β
2148 1626 2406 1706 quietem
2440 1625 2513 1687 ab
2543 1626 2842 1701 omnibus,
2866 1625 3106 1686 utillius
3139 1625 3797 1706 pulchritudine,aspe-

422 1724 480 1779 et
515 1727 777 1797 quotque
805 1734 879 1776 eo
908 1717 1319 1787 vescebantur,
1374 1730 1494 1774 non
1525 1712 1666 1774 inde
1696 1711 1871 1773 vitam
1903 1729 2066 1772 asse-
2147 1723 2361 1795 ctuque
2384 1715 2603 1788 satier;
2656 1734 2834 1795 quem
2860 1713 3349 1795 quiaintelligere
3381 1733 3634 1793 nequeo,
3656 1713 3798 1774 ideo

424 1808 781 1888 queban'tUr.
819 1804 967 1867 Caro
990 1813 1184 1866 autem
1204 1802 1445 1866 Domini
1476 1801 1617 1871 mei,
1645 1818 1778 1862 cum
1799 1800 2065 1888 sitdeiﬁ-

420 1901 570 1968 cata,
595 1900 655 1954 et
682 1897 813 1953 vita
840 1892 1038 1972 plena,
1067 1909 1276 1953 omnes
1301 1890 1686 1952 comedentes
1724 1889 1855 1949 vita;
1881 1887 2066 1968 parti-

421 1980 585 2063 cipes
604 1980 765 2055 facit,
790 1992 851 2041 et
871 1979 1318 2042 immortalitate
1341 1984 1535 2057 auget.
1563 1976 1728 2039 Facit
1757 1992 1932 2056 porro
1963 1994 2067 2037 eos

421 2084 539 2131 non
571 2069 749 2132 altum
783 2082 948 2130 mare
976 2070 1253 2145 transire,
1290 2078 1402 2129 nec
1432 2086 1500 2128 ex
1533 2066 1783 2147 Egypto
1805 2064 1866 2126 in
1888 2064 2064 2126 aliam

421 2160 727 2238 regionem
755 2156 1026 2233 traducit,
1050 2175 1183 2238 quae
1223 2172 1460 2217 rursum
1482 2154 2067 2217 fructusinterituros

421 2247 762 2310 hominibus
783 2247 986 2309 eﬁ‘erat
1011 2265 1027 2322 ;
1056 2245 1163 2307 sed
1189 2263 1300 2307 nec
1328 2261 1536 2325 perun
1548 2262 1654 2305 nos
1674 2242 2069 2326 quadraginta

421 2352 530 2396 nes
552 2334 1100 2397 ambularetmundi
1129 2334 1497 2414 Redemptor
1538 2333 1729 2414 jubet,
1762 2340 1828 2393 ut
1857 2332 1919 2393 in
1953 2339 2071 2393 tero

422 2436 548 2485 rem
574 2423 992 2505 promissionis
1023 2422 1411 2485 deveniamus
1447 2445 1461 2497 ς
1496 2423 1600 2484 sed
1621 2440 1769 2483 cum
1802 2420 1919 2482 ﬁde
1949 2420 2068 2480 miq-

425 2512 586 2574 nime
616 2511 798 2573 dubia
827 2510 1173 2591 baptizatos,
1206 2510 1814 2593 factusquecorporis,
1841 2516 1900 2570 et
1928 2527 2069 2571 san-

424 2599 624 2680 guinis
655 2600 785 2679 ejus
816 2599 1159 2680 participes,
1192 2599 1265 2661 ab
1296 2599 1539 2662 interitu
1593 2599 1886 2670 invitam,
1918 2615 1951 2658 a
1977 2605 2068 2657 te-

424 2688 626 2750 nebris
655 2688 717 2748 in
746 2688 964 2762 lucem,
988 2705 1033 2750 a
1051 2694 1209 2750 terra
1239 2689 1298 2749 in
1330 2689 1543 2750 ccelum
1575 2707 1709 2749 mox
1740 2686 1915 2747 simul
1946 2684 2070 2746 sub-

422 2785 633 2841 vectat.
667 2774 844 2849 Qrius
875 2796 971 2840 me
1029 2776 1436 2858 corruptione,
1493 2784 1555 2839 et
1584 2784 1776 2837 morte
1805 2782 2065 2843 exutum,

424 2875 634 2938 totum,
668 2865 1100 2947 quod‘cognovi
1129 2873 1187 2928 et
1216 2867 1401 2938 sensi,
1435 2866 1496 2926 in
1527 2866 1860 2927 libertatem
1902 2875 2069 2924 asse.

2147 1821 2348 1864 amore
2368 1802 2747 1865 inﬂammor?
2767 1812 3048 1884 quantum
3068 1820 3207 1863 vero
3232 1803 3685 1882 comprehendi,
3708 1812 3795 1863 nt-

2148 1911 2261 1972 que
2294 1892 2541 1971 intelligi
2599 1900 2835 1972 potest;
2890 1890 3220 1953 subsistens
3278 1909 3445 1951 amor
3500 1903 3610 1952 est.
3643 1889 3797 1953 Nam

2148 1981 2405 2041 charitas
2438 1999 2552 2041 non
2612 1991 2701 2041 est
2753 1997 2988 2054 nomen,
3051 1979 3155 2040 sed
3217 1978 3419 2039 divina
3445 1978 3800 2054 substantia,

2152 2068 2599 2149 participabilis,
2659 2084 2717 2129 et
2775 2066 3424 2147 incomprehensibilis,
3488 2077 3546 2129 et
3598 2067 3805 2129 divina

2151 2175 2413 2236 prorsus.
2449 2156 2616 2229 Quod
2652 2156 3054 2235 participatur,
3089 2156 3515 2235 comprehendi
3557 2166 3741 2237 potesn
3780 2179 3800 2232 ;

2151 2247 2261 2306 hoc
2295 2247 2424 2326 plus
2451 2265 2568 2307 non
2602 2254 2813 2326 potest.
2848 2244 3077 2307 Idcirco
3107 2245 3228 2306 dixi
3251 2245 3382 2323 tibi,
3406 2248 3795 2326 comprehen-

2152 2334 2384 2395 sibilem
2418 2354 2550 2396 esse
2606 2353 2893 2408 amorem,
2949 2348 3003 2395 et
3062 2333 3257 2414 ipsum
3321 2335 3694 2409 ἐνυπόστκτον,
3730 2346 3800 2397 ut

2153 2424 2641 2503 participabilem,
2678 2434 2737 2487 et
2766 2423 3394 2504 comprehensibilem.
3422 2421 3614 2486 Omne
3638 2426 3800 2486 enim

2153 2514 2306 2592 quod
2341 2512 2767 2593 comprehendi
2828 2520 2886 2573 et
2943 2512 3279 2592 participari
3336 2521 3549 2592 potest,
3601 2515 3804 2596 utique

2154 2601 2410 2665 essentia
2440 2612 2526 2662 est
2548 2603 2898 2664 ἐν’.)ποστάτος
2918 2599 3363 2682 participabilis,
3408 2600 3805 2684 similiterque

2154 2689 2745 2770 comprehensibilis;
2764 2707 2895 2750 nam
2916 2708 3072 2769 quoq
3094 2690 3228 2750 sine
3252 2690 3508 2750 essentia
3526 2694 3802 2772 est,nihil

2155 2788 2262 2842 est.
2299 2788 2356 2841 et
2377 2779 2524 2840 nihil
2549 2778 2787 2842 dicitur.
2807 2778 3017 2841 Divina
3039 2785 3236 2838 autem
3267 2786 3478 2838 natura
3508 2779 3799 2857 increata,

2155 2877 2215 2930 et
2234 2867 2750 2948 superessentialis
2775 2874 2884 2941 est,
2906 2874 3109 2946 utpote
3132 2865 3392 2927 omnium
3416 2884 3615 2929 rerum
3647 2887 3805 2930 con-

420 2959 540 3017 ruit
567 2977 583 3037 ;
617 2970 686 3017 ac
716 2953 962 3029 deinde,
996 2954 1342 3034 quae-magis
1368 2962 1459 3016 est
1487 2951 1868 3034 suspicienda
1897 2951 2066 3012 novi-
2088 2982 2128 3031 ο
2153 2956 2406 3019 ditarum
2438 2955 2755 3019 essentiam
2784 2956 3263 3036 supergrediens.
3300 2957 3551 3017 Vocatur
3576 2976 3801 3038 super-

424 3056 538 3116 tas,
564 3043 776 3105 ccelum
809 3061 905 3104 me
936 3044 1097 3117 fecit,
1132 3053 1191 3105 et
1219 3043 1279 3104 in
1315 3060 1409 3105 me
1442 3041 1706 3104 omnium
1729 3049 1934 3103 auctor
1962 3041 2068 3102 ha-

424 3131 665 3208 bitavit;
697 3130 853 3212 quod
876 3130 1248 3194 beneﬁcium
1280 3131 1508 3193 nemini
1534 3139 1798 3192 veterum
1830 3137 2071 3191 saneto-

425 3238 554 3283 rum
589 3220 854 3299 contigit.
873 3218 1027 3282 Olim
1054 3221 1273 3302 quippe
1295 3220 1651 3301 loquebatur
1668 3237 1772 3300 per
1801 3229 2067 3280 sanctum

422 3308 1019 3391 Spiritum,~ejusque
1056 3309 1273 3371 virtute
1329 3324 1509 3389 opera
1565 3327 1742 3389 supra
1776 3316 2068 3382 naturam,

424 3399 825 3460 cdnditionem
856 3416 1057 3460 rerum
1110 3399 1539 3479 perpetrabat:
1602 3397 2073 3459 substantiallter

424 3496 620 3549 autem
656 3498 1027 3568 nequaquam
1059 3488 1164 3550 ulli
1201 3492 1353 3551 Deus
1405 3490 1721 3568 conjuntus
1751 3494 2066 3558 est,~ante-

424 3590 599 3657 quam
625 3574 892 3637 Christus
912 3575 1261 3638 Deus-meus
1300 3578 1590 3638 humanos
1611 3585 1773 3637 artus
1796 3574 2069 3655 suscipe-

423 3672 536 3727 ret.
569 3670 886 3745 Assumpto
915 3665 1074 3725 enim
1110 3683 1382 3745 corpore,
1412 3664 1578 3728 dedit
1606 3664 1893 3745 Spiritum
1940 3681 2071 3724 san-

423 3761 580 3816 etum
613 3772 806 3827 suum,
824 3763 1185 3834 'et'per'eum
1208 3752 1675 3815 substantialiter
1698 3754 1897 3814 unitur
1919 3752 2069 3814 ﬁde-

424 3842 584 3905 libus
600 3843 891 3905 universis
920 3859 933 3905 :
961 3852 1018 3905 et
1034 3843 1259 3924 inrupta
1280 3851 1453 3925 atque
1479 3842 1811 3905 εηεμιυιήιὶε
1834 3851 1923 3902 est
1963 3841 2075 3903 ista

426 3948 590 3996 nmo.

505 4110 705 4174 Eheu!
722 4111 963 4185 (acerbe
979 4111 1136 4172 enim
1161 4111 1467 4172 hominum
1488 4128 1691 4172 errore
1709 4127 1890 4188 cogor
1910 4109 2071 4188 inge-

427 4200 703 4280 miscere)
722 4200 1025 4281 quomodo
1050 4218 1166 4261 non
1187 4200 1487 4262 credimus
1505 4197 2073 4281 Christo?quomodo

2157 3045 2489 3107 essentialis
2515 3046 2844 3125 ὕπερούσιος,
2880 3052 2938 3105 et
2997 3053 3193 3106 tamen
3251 3053 3338 3105 est
3388 3044 3644 3119 ἐνούσιος,
3705 3057 3806 3109 est,

2155 3136 2502 3199 ἐνυπόστατος
2557 3150 2739 3213 super
2809 3151 3048 3194 omnem
3138 3132 3473 3208 essentiam,
3548 3142 3608 3195 et
3661 3153 3805 3197 cum

2155 3232 2350 3285 creata
2382 3222 2680 3304 bypostasi
2711 3221 2874 3284 nulla
2892 3221 3122 3283 ratione
3154 3221 3408 3283 conferri
3431 3239 3607 3301 posse
3634 3224 3807 3287 intel-

2155 3312 2375 3392 ligitur,
2409 3320 2499 3374 est
2527 3312 2685 3373 enim
2722 3319 2927 3371 natura
2953 3328 3058 3372 sua
3106 3320 3224 3373 tota
3265 3310 3802 3396 incircumscripta.

2154 3400 2320 3474 Quod
2348 3420 2465 3463 non
2481 3409 2566 3462 est
2589 3399 3129 3480 circumscriptum,
3146 3402 3442 3481 quomodo
3460 3401 3803 3482 hypostasin

2155 3489 2488 3552 uominabis
2513 3488 2539 3552 ?
2560 3488 2717 3568 quod
2756 3507 2875 3550 non
2904 3489 3196 3565 subsistit,
3228 3489 3375 3551 nihil
3407 3502 3522 3566 est,
3559 3501 3616 3554 et
3644 3510 3798 3573 quo-

2156 3582 2330 3641 modo
2364 3576 2507 3640 mihi
2538 3576 3039 3640 communicabile
3065 3577 3097 3638 ‘P

2237 3668 2296 3730 Si
2327 3687 2444 3729 non
2476 3666 2697 3746 credis,
2732 3666 2973 3728 Paulum
3004 3676 3236 3741 testem,
3268 3678 3591 3751 utrumque
3614 3670 3807 3733 credi-

2157 3758 2275 3819 bile
2306 3775 2436 3818 esse
2466 3755 2914 3817 conﬁrmantem
2950 3754 3057 3816 tibi
3090 3756 3438 3837 producam.
3473 3761 3619 3822 Cum
3641 3761 3802 3822 enim

2157 3846 2314 3907 dicat
2340 3844 2562 3907 habere
2592 3863 2656 3905 se
2686 3842 2845 3905 intus
2902 3844 3203 3907 Christum
3247 3847 3618 3927 loquentem,
3650 3859 3709 3910 et
3737 3849 3802 3910 in

2160 3934 2380 4016 Spiritu
2408 3943 2608 3995 sancto
2630 3950 2695 3994 se
2727 3932 3093 4013 loquentem,
3134 3936 3714 4007 communicabilem,
3741 3950 3807 4000 et

2150 4020 2681 4086 circnmscribilem
2713 4021 3077 4083 divinitatem
3111 4021 3272 4097 dicit,
3308 4042 3441 4105 quae
3463 4026 3550 4087 sic
3580 4024 3665 4087 illi
3695 4026 3802 4089 θά-

2155 4121 2299 4185 erat,
2337 4119 2398 4172 ut
2430 4120 2622 4171 tamen
2673 4109 3110 4187 circumscribi,
3164 4120 3341 4193 atque
3372 4115 3804 4195 comprehendi

2157 4200 2452 4281 nequiret.
2478 4199 2723 4272 Quando
2746 4207 2940 4261 autem
2967 4202 3170 4263 lumen
3197 4202 3609 4266 inaccessibile
3628 4205 3803 4266 habi-

426 4305 561 4347 cum
592 4305 710 4348 non
745 4286 1095 4367 sequimur?
1133 4288 1429 4368 quomodo
1460 4287 1635 4349 vitam
1670 4306 1787 4348 non
1820 4295 2066 4368 exopto-
2097 4314 2136 4361 ι)
2157 4303 2375 4354 tantem
2399 4288 2743 4363 introducit,
2770 4298 3155 4372 testaturque,
3199 4310 3500 4373 nunquam
3519 4296 3703 4355 visum
3725 4294 3803 4356 ab

428 4392 562 4436 mus
588 4374 613 4434 ?
636 4375 932 4455 quomodo
952 4375 1190 4439 divitias
1223 4379 1354 4457 ejus
1386 4396 1501 4438 nou
1536 4375 1989 4457 depraedabiles,
2016 4383 2074 4436 et

428 4463 815 4545 immortales,
853 4482 970 4525 non
1033 4475 1444 4528 senescentem
1505 4467 1750 4542 g'oriam
1800 4472 1858 4526 et
1887 4478 2072 4526 aevum

428 4570 562 4614 cum
586 4552 712 4632 ipso
734 4554 1064 4632 degendam
1091 4574 1206 4616 non
1232 4555 1710 4634 concupiscimus
1729 4554 2077 4636 ςἴῳιοηιοίῖο

470 4640 709 4704 erituris
739 4643 920 4713 alﬁxi,
953 4661 1063 4704 nos
1092 4644 1375 4706 salvatum
1429 4644 1500 4705 iri
1562 4644 1936 4710 conﬁdimus.
1973 4643 2076 4722 qui

424 4660 709 4794 perituris
739 4660 920 4713 amxt,
953 4661 1063 4704 nos
1092 4660 1375 4706 servatum
1429 4662 1500 4705 il‘l
1562 4660 1936 4710 contulimus.
1973 4662 2071 4722 qui

474 4731 722 4793 hristum
761 4750 877 4792 non
911 4732 1220 4813 plusquam
1255 4750 1384 4813 quae
1432 4741 1806 4805 contuemur,
1868 4731 2071 4811 diligi-

429 4839 579 4883 mus.
620 4838 731 4882 uec
762 4829 895 4902 post
925 4821 1042 4880 fata
1074 4839 1183 4882 nos
1208 4821 1477 4882 cum‘illo
1498 4821 1725 4882 futuros
1744 4838 2072 4900 speramus.

414 4908 531 4971 sed
564 4927 743 4971 seusu
776 4908 973 4972 minus
1002 4910 1178 4970 etiam
1210 4929 1383 4991 quam
1419 4909 1577 4989 ligna
1609 4918 1668 4971 et
1699 4910 1923 4990 lapides
1953 4910 2071 4974 uti-

429 5016 585 5060 mur.
619 4998 833 5061 Libera
863 5016 980 5075 me,
1013 4998 1268 5075 Christe,
1299 4998 1375 5061 ab
1404 4998 1516 5060 ista
1540 4998 1769 5061 insania
1804 5000 2074 5062 volunta-

426 5087 536 5167 ria,
565 5095 622 5148 et
646 5089 792 5150 doce
811 5106 1011 5150 amare
1040 5097 1098 5150 te
1117 5087 1295 5151 vitam
1322 5087 1581 5150 ﬁdelium
1624 5088 1915 5151 omnium.
1941 5089 2074 5150 Tibi

427 5175 585 5237 enim
621 5192 878 5258 semper,
912 5186 979 5238 ut
1006 5177 1154 5257 regi,
1188 5177 1398 5257 gloria,
1429 5177 1644 5254 honor,
1705 5186 1765 5239 et
1807 5179 1932 5239 laus
1963 5179 2073 5240 de-

427 5263 617 5340 betur,
653 5284 787 5327 cum
821 5267 1018 5342 Patre,
1055 5275 1112 5329 et
1141 5275 1343 5329 sancto
1365 5265 1586 5347 Spiritu
1618 5267 1679 5327 in
1710 5267 2071 5348 sempiterna

427 5355 663 5418 saecula.
698 5356 916 5417 Amen.
1248 5347 1253 5352 ’

2158 4379 2421 4453 homine,
2457 4387 2574 4439 tum
2608 4378 3207 4461 incircumscriptam,
3236 4388 3294 4441 et
3345 4382 3806 4463 incomprehen—

2158 4488 2281 4531 sam
2313 4467 2594 4530 ostendit.
2628 4466 2793 4540 Quod
2829 4486 3084 4549 namque
3123 4469 3320 4530 nullus
3353 4469 3660 4533 hominum
3686 4490 3807 4534 un-

2162 4574 2334 4640 quam
2370 4557 2533 4631 vidit,
2566 4558 2862 4636 quomodo
2897 4565 2995 4618 aut
3053 4557 3351 4640 particeps
3380 4558 3511 4638 ejus
3540 4559 3672 4636 fuit,
3705 4571 3809 4623 aut

2165 4644 2308 4709 illud
2341 4646 2714 4727 aliquatenus
2743 4647 2979 4726 attigit?
3020 4665 3391 4728 nequaquam
3420 4647 3607 4720 dices,
3641 4658 3808 4713 certo

2158 4736 2304 4807 scio,
2341 4754 2449 4797 nec
2477 4734 2801 4798 contendes
2860 4754 3119 4799 mecum.
3176 4739 3324 4798 Cum
3355 4754 3559 4799 rursus
3589 4738 3808 4801 dixerit

2158 4825 2291 4886 tibi:
2318 4824 2590 4903 Dcusqui
2608 4823 3805 4904 dixitdeteuebrislumenslilendescere,

2158 4915 2258 4996 qui
2279 4913 2874 4977 iliuxitincordibus
2888 4914 3204 4991 nostrisS5,
3231 4933 3407 4995 quem
3433 4914 3561 4989 tibi,
3579 4933 3807 4996 quaeso,

2159 5002 2336 5064 aiium
2370 5005 2551 5065 Deum
2577 5002 3025 5081 intelligendum
3053 5003 3312 5085 subiicit,
3341 5002 3455 5064 nisi
3476 5003 3667 5079 illum,
3704 5009 3810 5087 qui

2162 5091 2385 5152 habitat
2412 5092 2637 5162 lumen,
2665 5092 2820 5172 quod
2844 5091 2998 5153 ferre
3037 5110 3218 5154 nemo
3251 5108 3370 5172 pra
3399 5093 3663 5155 c‘aritate
3695 5114 3810 5176 po-

2162 5188 2290 5242 test.
2322 5189 2379 5241 et
2403 5200 2577 5261 quem
2603 5199 2778 5269 nemo
2819 5199 3074 5261 unquam
3108 5180 3417 5243 hominum
3446 5181 3592 5243 vidit
3620 5181 3644 5246 ?
3676 5183 3814 5266 Ipse

2157 5270 2316 5331 enim
2350 5269 2892 5351 superessentialis.
2928 5280 2989 5333 et
3017 5269 3183 5350 prius
3209 5269 3528 5339 increatus,
3563 5289 3815 5337 carnem

2157 5357 2438 5439 suscepit,
2471 5367 2527 5420 et
2558 5367 2791 5421 creatus
2821 5356 2964 5419 mihi
3021 5363 3180 5420 visus
3210 5366 3319 5436 est,
3354 5366 3542 5422 totum
3577 5380 3675 5424 me
3705 5381 3818 5427 as-

505 5514 564 5565 δ’
595 5514 751 5579 Psal.
782 5532 964 5599 vau,
996 5516 1099 5599 24,
1132 5519 1208 5579 25
1235 5538 1250 5593 ;
1281 5517 1469 5581 Exod.
1506 5535 1623 5594 xvi,
1656 5517 1715 5580 4.
1803 5518 1866 5570 53
1901 5514 1952 5579 ll
1981 5518 2114 5581 Cor.
2153 5536 2228 5594 1v,
2265 5520 2329 5581 6.
