4054 6114
271 287 395 353 593

1410 297 1849 363 ΒΙνΙΝωΒιυΜ
1892 296 2217 363 AMORUN
2262 296 2509 365 LIBER.

3548 294 3663 360 594

271 433 576 506 sumptum
611 427 965 493 mirabiliter
993 430 1297 494 deiﬁcans.
1326 431 1813 503 Credisneistud,
1832 430 1929 494 dic
1949 432 1995 489 Δ
2014 447 2159 491 cum.
2182 430 2353 497 nobis
2384 432 2546 497 idem
2575 432 2824 505 accidet,
2882 451 2999 494 non
3059 440 3333 512 putamus
3360 430 3656 496 accidere.

276 534 411 592 age,
444 525 503 578 et
535 518 870 600 neutiquam
905 520 1137 582 dubitas
1167 521 1192 584 ?
1246 520 1308 585 Si
1358 522 1534 601 igitur
1562 521 1720 584 Deus
1749 522 1926 584 homo
2005 537 2117 579 nec
2142 538 2501 601 quemquam
2531 519 3205 601 reveremur,necip505
3221 520 3448 587 caelites
3480 527 3660 583 etau-

279 604 491 693 factus,
528 614 590 666 ut
616 608 834 683 credis,
869 609 1170 672 hominem
1226 629 1325 673 me
1378 630 1557 693 quem
1584 610 1926 691 assumpsit,

278 692 597 766 deiﬁcavit,
611 696 931 773 adoptione
948 698 1098 761 deus
1118 719 1256 776 ego,
1274 720 1408 763 cum
1434 700 1534 781 qui
1548 707 1758 763 natura
1774 704 1931 764 Deus

278 790 392 870 est,
424 782 632 863 video;
668 785 834 848 illum
868 786 1116 864 scilicet,
1154 808 1333 870 quem
1380 808 1555 852 nemo
1592 789 1928 850 mortalium

278 869 596 959 aliquando
619 873 818 936 videre
841 876 1052 954 potuit,
1076 869 1189 939 nec
1212 886 1403 959 potest
1432 879 1552 940 ullo
1589 879 1789 942 modo.
1820 878 1932 951 Qui

279 958 468 1021 Deum
505 961 642 1024 ﬁdei
673 964 953 1044 operibus
982 958 1362 1048 receperunt,
1393 977 1453 1028 et
1481 968 1541 1029 in
1573 966 1693 1047 Spi-
1714 968 1799 1029 itu
1829 985 1930 1033 re-

282 1048 426 1129 nati,
458 1049 540 1110 dii
567 1053 961 1131 appellantur,
997 1053 1195 1134 ipsum
1229 1056 1403 1117 illum
1428 1059 1665 1119 Patrem
1724 1075 1928 1117 eorum

277 1137 503 1211 vident,
523 1158 761 1222 semper
779 1142 1141 1205 habitantem
1156 1145 1355 1206 lumen
1370 1143 1932 1224 inaccessibile,ipsi

280 1225 341 1286 in
373 1227 593 1306 scipsis
623 1231 900 1292 eumdem
960 1230 1214 1293 incolam
1264 1233 1573 1308 habentes,
1611 1242 1668 1294 et
1699 1233 1811 1313 ipsi
1838 1232 1931 1295 vi-

278 1314 482 1376 cissim
514 1316 573 1378 in
611 1336 680 1379 eo
712 1322 812 1399 qui
844 1327 933 1381 est
962 1323 1321 1403 inaccessas,
1356 1322 1643 1384 habitant.

272 1482 279 1487 _
362 1403 501 1467 Haec
525 1406 673 1469 ﬁdes
695 1427 857 1481 vera,
886 1410 999 1470 hoc
1034 1410 1139 1471 Dei
1164 1429 1333 1491 opus,
1359 1411 1471 1472 hoc
1493 1411 1749 1487 sigillum
1764 1411 1927 1475 Chri-

277 1492 629 1570 stianorum,
664 1496 788 1556 haec
817 1497 1015 1559 divina
1065 1498 1548 1572 communicatio,
1584 1500 1710 1560 ιιωε
1741 1498 1927 1579 parti-

277 1581 517 1661 cipatio,
555 1602 614 1644 et
645 1584 880 1646 divinus
906 1586 1160 1648 arrbabo
1197 1607 1211 1667 ;
1243 1587 1369 1649 haec
1401 1595 1490 1648 est
1515 1588 1653 1667 vita,
1686 1589 1803 1649 hoc
1829 1606 1927 1649 re-

2009 607 2196 683 gelos,
2218 608 2477 689 desuper
2506 628 2605 671 res
2640 620 2871 673 nostras
2901 608 3228 675 intuentes:
3258 609 3360 673 sed
3385 608 3662 688 impletur

2010 696 2069 757 in
2103 696 2276 760 nobis
2306 699 2549 760 verbum
2581 698 2845 779 Domini,
2887 699 3158 769 Videntur
3197 714 3323 762 non
3349 697 3549 760 rident
3574 696 3658 756 54.

2012 784 2083 847 Ει
2111 786 2421 849 audientes
2453 787 2805 868 spiritualia',
2865 805 3041 853 aures
3097 785 3415 855 obstruunt
3443 786 3660 866 potius,

2015 882 2073 935 et
2093 874 2269 937 verba
2291 874 2549 956 Spiritus
2567 878 2785 941 audire
2802 876 3029 941 nolunt.
3058 874 3138 945 Et
3157 874 3401 938 auribus
3419 872 3658 954 qttidem

2014 965 2319 1042 corporeis
2347 964 2597 1039 audiunt
2627 982 2644 1041 ;
2706 964 3044 1044 Spirituales
3094 982 3230 1033 vero
3258 981 3434 1025 aures
3464 961 3664 1029 cordis

2016 1051 2280 1113 occlusas
2313 1052 2553 1126 habent,
2579 1061 2636 1114 et
2658 1052 2893 1131 penitus
2917 1070 3039 1113 non
3058 1059 3306 1132 possunt
3333 1051 3520 1115 Deum
3552 1070 3660 1125 au-

2011 1140 2165 1203 dire.
2200 1140 2365 1202 Haud
2399 1141 2556 1202 enim
2594 1150 2839 1220 possunt
2865 1140 3137 1220 aseipsis
3165 1140 3430 1203 velamen
3463 1139 3669 1202 atatim

2013 1228 2107 1288 nis
2140 1237 2199 1291 et
2228 1230 2489 1310 stuporis
2518 1229 2779 1303 auferre,
2813 1230 2969 1311 quod
3001 1228 3252 1309 ipsisua
3280 1229 3392 1291 sibi
3447 1228 3658 1297 volun-

2015 1324 2132 1379 tate
2161 1317 2593 1397 imposuerunt,
2622 1318 3013 1399 volentesque
3048 1318 3257 1385 oculos
3284 1325 3458 1398 atque
3485 1335 3660 1393 aures

2012 1408 2309 1487 operiunt,
2343 1413 2400 1466 et
2429 1407 2566 1468 hinc
2598 1425 2662 1467 se
2694 1406 2894 1473 videre
2924 1415 3102 1486 atque
3123 1406 3332 1479 elidite
3356 1405 3658 1469 arbitran—

2014 1501 2107 1557 tur
2153 1494 2320 1566 Quod
2344 1494 2395 1555 si
2419 1495 2551 1575 quis
2576 1495 2690 1556 illis
2714 1495 2892 1569 dicat,
2919 1494 3140 1568 audite,
3169 1493 3433 1568 ﬁliimei,
3462 1502 3521 1556 et
3543 1494 3657 1569 tol-

2011 1582 2112 1642 lite
2136 1583 2405 1647 velamen
2431 1586 2505 1644 de
2560 1583 2842 1653 cordibus
2895 1583 3104 1647 vestris
3125 1584 3221 1655 55,,
3277 1583 3348 1644 ad
3381 1583 3505 1645 haec
3534 1582 3663 1664 ipsa

272 1689 479 1747 gnum,
497 1671 609 1732 hoc
635 1672 1073 1754 indumentum,
1105 1676 1230 1736 huic
1259 1676 1464 1737 tunica
1488 1676 1729 1756 Christi,
1749 1694 1923 1757 quam
1954 1694 1989 1744 β
2012 1670 2189 1733 verba
2223 1671 2535 1752 ferociunt,
2560 1672 2713 1753 quod
2745 1691 2861 1734 non
2887 1681 3104 1752 patres,
3130 1674 3241 1737 sed
3267 1672 3422 1733 filios
3451 1671 3659 1752 appel-

276 1757 549 1836 baptizati
576 1759 690 1821 ﬁde
712 1762 1239 1840 superinduuntur.
1268 1763 1394 1825 Non
1436 1765 1786 1845 ignorantia,
1809 1784 1924 1824 non

275 1854 542 1927 stupore,
579 1848 681 1909 sed
716 1867 823 1929 per
851 1850 1051 1923 ﬁdem,
1086 1871 1220 1913 cum
1255 1853 1460 1913 notitia
1489 1861 1547 1914 et
1577 1870 1751 1914 sensu
1787 1874 1801 1933 ;
1867 1861 1929 1912 ut

278 1954 395 1995 non
411 1937 630 2014 dicam,
653 1937 955 2000 Christum
970 1940 1149 2001 credo
1164 1959 1259 2002 me
1280 1941 1569 2003 induisse.
1601 1944 1732 2005 Non
1756 1941 1887 2002 dico
1911 1962 1923 2002 :

276 2025 390 2085 hoc
414 2026 630 2100 crede;
655 2026 757 2087 sed
787 2027 925 2088 ﬁdei
949 2048 1120 2109 opes,
1149 2038 1207 2090 et
1227 2029 1365 2090 ﬁdei
1389 2031 1921 2111 conﬁrmationem,

277 2121 337 2174 et
365 2113 505 2176 ﬁdei
569 2122 880 2191 tesseram,
929 2127 987 2179 et
1037 2118 1214 2179 ﬁdem
1272 2126 1742 2180 consummatam
1775 2119 1927 2181 citra

278 2202 711 2265 haesitationem
746 2205 979 2279 habeto,
1034 2226 1104 2268 ex
1136 2226 1230 2283 eo,
1264 2207 1417 2288 quod
1450 2207 1746 2270 Christum
1779 2226 1922 2270 scn-

279 2291 457 2372 tiens,
479 2300 539 2354 et
558 2312 924 2373 cognoscens
945 2295 1217 2371 induisti,
1234 2296 1577 2376 fu'gentem,
1600 2315 1921 2358 coruscan-

278 2389 418 2455 tem,
442 2390 501 2443 et
525 2388 579 2444 in
606 2383 832 2446 lumine
852 2385 1180 2447 clarissimo
1205 2393 1392 2448 totum
1416 2386 1921 2466 teimmutautem,

277 2478 616 2533 manentem
675 2472 1135 2555 immutabilem,
1186 2491 1257 2536 ex
1314 2486 1567 2555 utroque
1596 2474 1920 2555 duplicem,

275 2558 596 2640 adoptione
625 2562 816 2625 Deum
838 2563 1139 2639 videlicet,
1164 2570 1373 2625 natura
1404 2564 1549 2624 nihil
1583 2563 1696 2624 nisi
1729 2563 1922 2625 homi-

277 2666 440 2708 nem.
473 2649 635 2712 Talis
665 2670 801 2713 cum
834 2653 1112 2723 evaseris,
1176 2658 1242 2712 ut
1300 2671 1370 2714 ex
1405 2671 1499 2714 me
1528 2651 1766 2725 audisti,
1802 2660 1921 2712 tum

274 2735 436 2814 veni,
461 2739 643 2801 trater
663 2741 769 2815 mi,
797 2749 854 2801 et
874 2739 1181 2802 nobiscum
1226 2759 1402 2820 supra
1428 2747 1684 2802 montem
1710 2739 1926 2802 divinae

276 2826 652 2903 cognitionis,
677 2848 749 2890 ac
770 2829 1013 2890 visionis
1035 2837 1183 2907 asta;
1209 2829 1724 2911 percipiemusque
1744 2828 1924 2891 simul

279 2923 587 2992 paternam
620 2937 853 2985 vocem.

358 3005 485 3068 Heu
512 3008 525 3067 ε
551 3017 836 3088 quantum
854 3008 1097 3071 adivina
1111 3008 1391 3089 dignitate
1404 3007 1920 3089 distamus?quan-

278 3103 400 3154 tum
435 3114 467 3156 a
503 3099 618 3158 vita
665 3107 883 3159 aeterna
930 3097 1213 3160 absumus
1239 3097 1271 3158 Ἰ
1329 3097 1516 3170 Quam
1551 3098 1721 3177 longe
1750 3097 1925 3159 distat

275 3183 492 3244 caelum
526 3204 560 3246 a
591 3186 736 3248 locis
763 3186 991 3263 inferis,
1018 3197 1074 3249 et
1107 3187 1189 3248 ibi
1215 3187 1491 3266 jamolim
1510 3186 1789 3260 detentis,
1807 3193 1926 3247 tam

276 3280 334 3332 et
362 3273 618 3352 amplius
647 3293 754 3336 nos
783 3293 816 3336 a
869 3274 1194 3337 divinitatis
1241 3275 1617 3355 excellentia,
1650 3284 1921 3337 contem-

277 3361 559 3442 platuque
590 3383 795 3425 revera
826 3364 1220 3445 sejungimur,
1243 3365 1473 3427 etiamsi
1495 3383 1604 3425 nos
1632 3383 1767 3426 cum
1796 3362 1922 3437 illo,

275 3449 434 3530 quod
465 3451 809 3513 admirabile
843 3461 957 3529 est,
991 3453 1283 3527 habitare,
1335 3462 1395 3514 et
1426 3453 1791 3517 habitantem
1822 3452 1921 3515 lu-

278 3558 418 3601 men
450 3540 860 3604 inaccessibile
892 3561 1000 3603 nos
1028 3542 1089 3604 in
1113 3541 1285 3604 nobis
1305 3542 1450 3623 ipsis
1474 3549 1658 3604 totum
1688 3560 1926 3603 manen-

278 3636 425 3703 tem,
458 3629 942 3711 habitantemque
990 3625 1214 3693 habere
1260 3631 1554 3706 dicamus,
1591 3639 1651 3694 et
1678 3631 1925 3693 velimus

276 3717 434 3778 infra
468 3725 683 3780 terram
718 3718 1018 3801 sedentes,
1052 3720 1127 3782 de
1152 3721 1223 3781 iis
1254 3740 1384 3802 quae
1404 3739 1583 3802 supra
1603 3729 1845 3801 terram,
1867 3728 1927 3782 et

277 3805 339 3865 in
373 3806 546 3886 coelo,
581 3819 640 3871 et
689 3827 868 3890 supra
925 3809 1141 3872 cmlum
1200 3818 1360 3882 sunt,
1422 3820 1484 3871 ut
1530 3808 1633 3871 illa
1661 3809 1926 3890 perfecte

274 3893 558 3968 scientes,
588 3896 1014 3979 philosophari,
1041 3906 1352 3961 etnarrare
1373 3898 1672 3975 omnibus,
1701 3897 1926 3959 vocari-

275 4002 394 4063 que
423 3985 676 4057 gnostici
710 3986 847 4068 (hoc
877 3998 987 4065 est,
1011 3986 1064 4049 vi
1086 4006 1195 4050 seu
1219 3987 1493 4050 facultate
1524 3985 1924 4066 ceguoscendi

276 4072 534 4153 praediti)
569 4082 627 4135 et
651 4077 874 4156 egregii
899 4078 1178 4156 theologi,
1212 4088 1268 4137 et
1297 4076 1570 4138 doctores
1595 4094 1794 4137 rerum
1827 4095 1925 4139 ar-

275 4180 592 4233 canarum;
628 4167 784 4246 quod
817 4166 1156 4227 stoliditatis
1186 4167 1356 4234 rlane
1375 4173 1794 4246 argumentum
1810 4174 1920 4229 est.

276 4250 461 4313 Natus
481 4255 639 4316 enim
667 4254 848 4317 miser
869 4255 930 4316 in
960 4256 1388 4330 subterraneis,
1422 4263 1481 4317 et
1513 4254 1729 4316 densas
1765 4264 1926 4316 tent-

276 4342 416 4400 bras
448 4343 753 4421 praesentis
782 4345 982 4407 saeculi
1036 4344 1326 4419 incolens,
1384 4345 1483 4425 qui
1512 4345 1710 4405 lumen
1747 4344 1923 4406 futuri

271 4432 474 4492 saeculi
510 4452 627 4493 non
658 4431 821 4505 vidit,
857 4433 1010 4513 quod
1044 4434 1102 4495 in
1156 4442 1311 4495 terra
1364 4434 1530 4513 luxit,
1591 4452 1659 4493 ac
1688 4452 1925 4514 semper

272 4518 430 4579 lucet
464 4531 519 4580 et
550 4521 854 4582 afﬁrmans
884 4541 949 4582 so
980 4523 1241 4584 coelestia
1292 4540 1465 4584 nosse
1494 4542 1562 4584 ac
1593 4523 1839 4598 sentire,
1866 4530 1924 4585 et

270 4627 524 4670 cernere
555 4610 754 4670 omnia
783 4630 913 4690 qum
942 4612 1064 4674 illic
1095 4622 1251 4686 sunt,
1292 4620 1350 4674 et
1378 4611 1523 4673 alios
1553 4612 1630 4674 de
1657 4612 1730 4673 iis
1758 4612 1921 4674 insti-

273 4707 467 4771 tuere,
504 4717 699 4761 nonne
732 4699 778 4759 is
818 4701 1070 4763 stolidus
1103 4712 1214 4776 est,
1249 4701 1376 4762 etsi
1394 4700 1531 4782 quid
1557 4702 1666 4762 hoc
1689 4701 1920 4780 gravius

270 4785 394 4847 dici
427 4787 660 4865 potest?
689 4787 1201 4860 Quemadmodum
1238 4790 1397 4851 enim
1429 4809 1621 4851 caicus
1665 4810 1797 4853 cum
1830 4791 1918 4850 vi-

270 4876 555 4939 dentibus
617 4876 879 4951 litigaus,
936 4888 993 4939 et
1050 4897 1415 4951 asseverans,
1470 4879 1581 4941 hoc
1625 4879 1919 4941 nomisma

271 4985 493 5027 aereum
526 4975 637 5029 est.
666 4968 775 5026 hoc
800 4966 1060 5045 sigillum
1105 4969 1349 5029 alterius
1378 4975 1486 5031 est.
1516 4977 1573 5027 et
1602 4987 1732 5048 quae
1761 4967 1820 5028 in
1850 4988 1919 5029 eo

271 5063 413 5116 sunt
431 5055 893 5134 scalptaalitteraz
909 5057 1057 5130 hmo,
1074 5058 1264 5119 ethtec
1280 5056 1632 5133 signiﬁcant,
1658 5066 1919 5119 monstro

274 5144 533 5206 mirabili
549 5152 638 5206 est
661 5145 1037 5207 audientibus
1060 5154 1116 5207 et
1135 5146 1472 5208 videntibus
1493 5145 1786 5208 numisma
1810 5166 1918 5209 au-

271 5252 467 5309 reum,
501 5243 555 5295 et
587 5236 943 5296 concinnum
989 5236 1335 5305 admodum,
1397 5244 1458 5298 et
1505 5234 1736 5314 signum
1766 5235 1923 5315 regis

268 5341 498 5399 verum,
523 5324 654 5403 ejus
672 5323 991 5402 imaginem
1017 5323 1257 5386 minime
1273 5323 1657 5385 adulteratam
1694 5343 1920 5405 reprae—

269 5424 536 5488 sentans,
576 5420 632 5472 et
661 5412 886 5474 litteras
918 5412 1079 5474 illius
1111 5432 1330 5476 nonien
1364 5412 1795 5493 exprimentes:
1832 5418 1922 5483 sic

348 5572 413 5623 δι
444 5574 583 5634 Luc.
614 5590 737 5648 vui,
784 5576 872 5638 l0.
1050 5573 1092 5634 Il
1132 5578 1264 5637 Cor.
1303 5592 1387 5649 ιιι,
1434 5577 1525 5635 15.

1906 4310 1990 4371 :D

2012 1761 2240 1841 laverit,
2262 1762 2565 1841 magisque
2580 1761 2785 1822 odium
2810 1762 2879 1823 ad
2890 1762 3274 1824 versusillum
3289 1761 3652 1840 concipiunt,

2014 1868 2124 1909 nec
2149 1850 2378 1911 sentire
2407 1849 2679 1910 morbum
2701 1858 2925 1931 queunt
2944 1869 3059 1930 quo
3082 1849 3484 1922 laboraui,vel
3501 1868 3651 1911 mor-

2014 1936 2118 1997 bos
2142 1939 2356 2018 potius,
2384 1938 2483 2018 qui
2506 1948 2769 2001 mentem
2796 1937 3059 2005 tenebris
3102 1938 3423 2011 involvunt,
3451 1946 3508 1999 et
3529 1938 3653 2021 jam

2012 2046 2043 2085 a
2074 2026 2194 2088 Deo
2225 2046 2584 2107 as.-ump’(is,
2620 2027 2690 2088 ab
2744 2027 2843 2088 illo
2893 2034 3189 2106 separant.
3235 2025 3327 2088 Ab
3360 2025 3658 2091 existima-

2010 2115 2165 2175 tione
2198 2116 2313 2195 sui,
2347 2123 2405 2176 et
2434 2135 2465 2175 a
2498 2114 2787 2196 superbia
2812 2115 2874 2176 in
2931 2115 3271 2176 servitutem
3314 2114 3564 2195 redacti,
3599 2122 3657 2175 et

2008 2203 2252 2264 istorum
2288 2204 2558 2264 vitiorum
2590 2202 2746 2264 servi
2777 2210 2984 2284 Sponte
3038 2202 3345 2277 nominati,
3382 2202 3651 2264 volunta-

2012 2300 2126 2352 tem
2157 2311 2321 2353 suam
2354 2299 2639 2372 perpetuo
2671 2292 2932 2372 explent,
2980 2291 3324 2372 retictisque
3367 2290 3472 2353 Dei
3501 2290 3651 2368 legi-

2012 2382 2144 2462 bus,
2177 2382 2290 2463 ipsi
2323 2383 2482 2458 legt-s
2507 2382 2621 2444 sibi
2658 2382 2854 2445 ferunt
2882 2404 2897 2452 ;
2955 2401 3065 2443 nec
3106 2381 3252 2455 Deo,
3285 2380 3389 2443 sed
3417 2380 3656 2445 sibimet

2008 2473 2294 2550 serviunt,
2332 2472 2607 2533 homines
2636 2470 3015 2532 audacissimi
3050 2490 3066 2544 ;
3127 2479 3186 2533 et
3209 2471 3465 2550 gloriam,
3487 2488 3655 2533 suam

2011 2579 2113 2641 pro
2151 2558 2254 2623 Dei
2287 2560 2470 2638 gloria
2488 2568 2869 2640 aucupantes,
2898 2559 3204 2640 operibus,
3232 2567 3289 2620 et
3317 2558 3509 2619 modis
3532 2578 3653 2619 om-

2010 2648 2180 2708 nibus
2211 2668 2342 2709 eam
2405 2649 2765 2709 constituere
2820 2649 3187 2710 annituntur.
3252 2648 3451 2711 Gloria
3480 2647 3658 2727 igitur

2008 2736 2248 2810 Christi,
2286 2745 2374 2798 est
2399 2755 2566 2818 crux,
2599 2746 2657 2797 et
2708 2745 3023 2810 tormenta,
3073 2756 3205 2817 qua}
3256 2745 3454 2799 nostra
3482 2754 3658 2798 causa

2008 2826 2304 2903 sustinuit,
2340 2834 2402 2886 ut
2454 2844 2560 2887 nos
2605 2826 2792 2904 gloria
2848 2827 3138 2888 afﬁceret.
3191 2825 3331 2889 llaec
3363 2843 3537 2904 porro
3570 2825 3655 2893 illi

2009 2914 2233 2994 perpeti
2265 2923 2562 2989 recusant,
2598 2914 3095 2995 quemadmodum
3127 2915 3227 2976 ille
3260 2933 3467 2995 passus
3515 2923 3604 2976 est
3637 2933 3653 2989 ;

2006 3010 2063 3063 et
2099 3004 2244 3082 proh
2280 3005 2443 3065 nefas
2480 3003 2493 3066 Ξ
2527 3004 2773 3082 gloriam
2804 3024 2874 3067 ex
2905 3003 3247 3066 hominibus
3279 3004 3526 3081 malunt,
3561 3022 3655 3065 vo-

2007 3091 2441 3173 luntariamque
2472 3113 2504 3154 a
2533 3094 2650 3154 Deo
2677 3093 3112 3174 separationem
3140 3093 3386 3169 eligunt.
3422 3092 3537 3154 Sed
3570 3101 3650 3168 tu,

2007 3180 2238 3242 Christe
2272 3200 2461 3253 meus,
2496 3183 2554 3243 in
2588 3191 2642 3244 te
2698 3182 3069 3245 conﬁdentes
3122 3180 3194 3245 ab
3228 3181 3462 3263 impuro
3494 3199 3656 3243 vana:

2007 3270 2207 3347 gloriae
2237 3270 2451 3345 studio,
2487 3270 2770 3354 superbia
2800 3271 3008 3344 libera,
3041 3278 3391 3352 tuarumque
3421 3271 3655 3352 passio-

2011 3377 2176 3430 num,
2207 3368 2265 3421 et
2293 3360 2494 3439 gloriae
2517 3362 2603 3423 fac
2632 3359 2975 3442 participes,
3020 3369 3078 3421 et
3116 3360 3365 3440 dignare
3390 3379 3498 3421 nos
3525 3369 3656 3421 tuos

2010 3449 2654 3530 esseinseparabiliter,
2684 3469 2843 3514 nunc
2886 3460 2945 3512 et
2982 3449 3043 3513 iu
3075 3452 3270 3513 futura
3304 3450 3652 3512 saeculorum

2009 3538 2247 3602 saecula.
2283 3548 2494 3604 Amen.

2530 3632 2771 3698 CAPUT
2822 3632 3131 3698 XXXVIII.

2009 3725 2291 3787 Precatio
2312 3728 2390 3788 ad
2414 3728 2824 3808 Deumsupple
2840 3750 2873 3784 ι;
2887 3727 3073 3793 simul
3081 3777 3095 3807 ,
3120 3728 3542 3808 etim-aliarum
3555 3745 3654 3790 uc-

2286 3808 2465 3881 toria,
2497 3808 2569 3868 de
2599 3806 2900 3888 beneﬁciis
2930 3813 2994 3867 in
3015 3806 3089 3869 se
3104 3807 3366 3870 collatis.

2086 3899 2168 3959 Ba
2198 3898 2364 3979 mihi,
2400 3899 2671 3974 Domine,
2707 3900 3101 3968 intellectum,
3123 3899 3199 3959 da
3226 3897 3647 3978 cognitionem,

2007 3988 2154 4049 doce
2211 4008 2305 4048 me
2355 3988 2551 4050 facere
2580 3988 2857 4051 mandata
2880 3996 2997 4049 tua.
3033 3986 3290 4051 Tametsi
3324 3988 3559 4067 peccavi
3588 4000 3652 4051 ut

2011 4076 2208 4150 homo,
2236 4088 2291 4137 et
2314 4078 2620 4159 plusquam
2645 4079 2843 4145 homo,
2873 4087 2935 4138 ut
2957 4077 3166 4152 nostri,
3191 4076 3650 4142 nihilominustu

2015 4166 2167 4226 Deus
2201 4176 2483 4227 consueta
2512 4165 2617 4228 tibi
2652 4167 3065 4235 misericordia
3117 4165 3396 4241 misertus
3439 4185 3504 4228 es
3533 4167 3652 4230 mei

2012 4254 2286 4335 pauperis
2313 4264 2372 4317 et
2390 4256 2638 4336 orphani
2664 4255 2721 4316 in
2743 4256 2857 4317 hoc
2896 4255 3137 4330 mundo,
3164 4254 3472 4337 fecistique
3491 4257 3649 4338 quod

2011 4357 2070 4404 tu
2103 4345 2259 4405 solus
2294 4347 2469 4409 nosti.
2509 4348 2553 4407 Λ
2584 4354 2768 4425 patre,
2823 4353 2882 4407 et
2937 4344 3240 4423 fratribus,
3273 4345 3561 4423 cognatis,
3594 4355 3652 4411 et

2005 4433 2238 4507 amicis,
2270 4454 2302 4495 a
2334 4435 2510 4497 natali
2541 4437 2718 4496 domo
2748 4452 2878 4495 mea
2914 4434 3072 4494 \elut
3102 4452 3169 4495 ex
3200 4433 3445 4513 {Egypto
3478 4442 3646 4503 lene-

2008 4523 2207 4604 brnsa,
2242 4524 2394 4586 velut
2426 4545 2495 4586 ex
2529 4524 2744 4586 inferni
2778 4522 3116 4583 recessibus
3173 4522 3279 4601 (sic
3311 4522 3470 4583 enim
3503 4524 3648 4587 mihi

2005 4612 2237 4691 ahjecto
2263 4633 2436 4675 serio
2472 4625 2567 4675 tuo
2598 4613 2672 4674 de
2701 4612 2820 4673 illis
2877 4613 3134 4689 cogitare
3169 4610 3410 4687 dedisti,
3443 4622 3504 4673 et
3531 4633 3647 4689 non

2006 4709 2181 4761 διυιιθ
2216 4703 2369 4781 loqui
2379 4733 2399 4780 )
2429 4710 2788 4782 separatum,
2824 4709 3296 4780 etassumplum,
3324 4701 3644 4777 etterribili

2009 4811 2180 4852 manu
2216 4799 2312 4853 tua
2340 4794 2779 4873 apprehensum
2809 4791 3021 4853 duxisti
3048 4808 3142 4851 mte
3173 4789 3244 4850 ad
3276 4808 3433 4864 eum,
3469 4810 3644 4872 quem

2005 4882 2362 4962 complacuit
2383 4882 2487 4944 tibi
2514 4882 2572 4943 in
2599 4882 2774 4943 terris
2797 4900 2931 4944 esse
2958 4888 3182 4959 patrem
3228 4898 3448 4954 meum,
3483 4889 3541 4941 et
3572 4880 3644 4942 ad

2008 4971 2185 5047 limit-35
2205 4972 2356 5051 ejus,
2380 4981 2553 5051 atque
2573 4971 2744 5032 ulnas
2764 4968 3089 5050 deposuisti
3115 4986 3209 5028 me
3235 4989 3249 5028 :
3276 4967 3372 5048 qui
3409 4986 3504 5037 me
3531 4967 3645 5033 ob-

2008 5059 2135 5121 tulit
2161 5060 2313 5121 lr‘atri
2338 5069 2458 5123 tuo.
2489 5059 2719 5123 Christe
2743 5077 2934 5136 meus,
2961 5066 3018 5118 et
3060 5056 3165 5119 tibi
3208 5074 3313 5135 per
3337 5054 3642 5136 Spiritum,

2006 5173 2038 5209 υ
2070 5149 2350 5219 Trinitas,
2384 5172 2417 5209 ι)
2450 5151 2603 5211 Deus
2637 5168 2826 5210 meus.
2878 5150 3147 5225 Cumque
3177 5162 3375 5205 essem
3404 5146 3647 5226 prodigo

2005 5240 2239 5311 similis,
2275 5249 2330 5301 et
2359 5248 2495 5300 ante
2555 5249 2610 5300 te
2668 5238 2912 5318 >upplex
2971 5233 3423 5315 procumbentem
3459 5233 3546 5312 (ut
3587 5243 3649 5301 tu

2006 5330 2133 5410 ipse
2151 5329 2291 5405 scis,
2312 5330 2449 5409 quia
2467 5327 2717 5390 docuisti
2740 5331 2874 5404 me},
2910 5333 2973 5391 tu
3007 5341 3245 5404 quoque
3275 5340 3393 5384 non
3431 5340 3496 5385 es
3537 5323 3649 5393 de-

2005 5419 2281 5498 dignatus
2310 5438 2517 5481 vocare
2549 5436 2644 5479 me
2674 5415 2856 5478 ﬁlium
2910 5422 3100 5474 tuum.
3133 5414 3182 5476 0
3215 5410 3523 5495 indignum
3554 5431 3647 5494 os,
