4054 6114
274 224 389 292 597

1426 236 1866 299 DIVINORUM
1914 212 2242 300 AMORUM
2287 238 2539 303 LIBER.

3542 236 3663 301 598

265 364 616 427 etmandata
653 367 839 429 multa
856 385 989 429 cum
1024 366 1375 429 lassitudine
1391 373 1449 429 et
1470 366 1674 429 labore
1695 385 1917 431 caecum
1940 379 1981 426 Α
2003 369 2332 432 ambulanti
2363 371 2534 447 mihi,
2568 381 2627 435 et
2655 371 2727 434 ad
2759 374 2983 436 fontem
3013 375 3297 445 currenti,
3327 380 3387 434 tu
3416 372 3517 455 qui
3551 391 3647 434 me

269 475 387 535 me,
414 465 473 519 et
494 466 661 538 tergo
689 478 796 520 suo
821 477 997 522 manu
1039 460 1179 521 ﬁdei
1217 458 1330 521 abs
1355 467 1413 521 te
1436 458 1582 522 mihi
1600 460 1735 522 data
1764 468 1920 522 trac-

2006 466 2180 520 antea
2210 459 2476 522 decumo
2510 470 2869 534 extraxeras,
2919 480 3153 523 rursum
3205 461 3538 536 occurrisli,
3592 474 3652 524 et

268 554 493 621 tum,ac
524 547 692 628 sequi
726 556 994 610 coactum
1023 547 1392 623 abduxisset,
1423 550 1689 630 respexit
1718 568 1837 624 me,
1865 557 1923 612 et
2006 552 2145 609 tunc
2177 547 2434 628 primum
2466 549 2814 612 intaminato
2863 550 3056 612 vultus
3087 550 3171 612 tui
3203 550 3524 631 splendore
3555 550 3650 613 in—

271 635 490 714 pedum
521 638 677 697 vires
706 635 897 715 probe
926 635 1571 717 resumpsi.Transibat
1599 645 1793 700 autem
1819 657 1924 719 per
2007 636 2208 698 firmos
2236 639 2442 700 oculos
2488 658 2654 701 meos
2695 638 3068 714 illuminasti,
3102 640 3383 720 quodque
3413 639 3657 702 videbar

270 723 559 805 lapidosa,
598 742 701 805 per
732 725 940 800 fossas,
972 744 1079 807 per
1099 725 1474 788 offendicula.
1503 734 1559 788 et
1602 727 1924 809 superabat
2005 724 2224 789 habere
2247 727 2472 803 lumen,
2502 728 2559 790 id
2582 729 2774 810 ipsum
2800 728 3054 809 perdidi,
3083 747 3197 809 quo
3217 736 3272 790 te
3294 746 3654 807 cognoscere

269 814 495 877 omnia.
521 815 634 876 Ast
651 831 746 875 me
766 813 825 876 in
850 814 976 877 haec
996 814 1390 896 impegere,et
1409 815 1735 882 otl‘endere.
1763 816 1916 877 mul-

269 911 514 984 tumque
561 901 851 980 laborem,
889 903 1104 966 multas
1154 903 1517 979 vexationes,
1550 911 1610 968 et
1639 903 1914 967 afﬂictio-

268 1010 372 1052 nes
420 991 710 1073 perferre,
744 1008 816 1054 ac
864 992 1165 1055 sustinere
1212 991 1614 1072 contingebat.
1670 992 1742 1057 Et
1790 992 1919 1075 ipse

261 1080 503 1162 quidem
538 1080 594 1142 in
627 1081 791 1143 omni
814 1081 999 1159 fonte,
1034 1089 1093 1143 et
1121 1081 1394 1145 scatebra
1429 1100 1535 1164 per
1554 1101 1618 1145 se
1652 1082 1708 1143 in
1735 1083 1919 1144 horas

261 1168 510 1243 lavabat,
537 1188 610 1232 ac
643 1188 711 1231 se
742 1169 1057 1234 abluebat:
1093 1189 1200 1251 ego
1230 1171 1388 1250 quod
1413 1189 1513 1232 eas
1546 1191 1664 1233 non
1703 1190 1918 1233 cerne-

2005 832 2119 876 non
2147 817 2556 895 potueramEt
2575 818 2874 899 quomodo
2899 816 3430 898 potuissem,cujus
3459 836 3653 899 neque

1999 902 2168 964 faciei
2202 903 2488 982 fulgorem
2522 905 2722 970 videre
2774 924 3033 986 possem,
3070 923 3265 986 neque
3315 905 3651 986 intelligere

1998 1000 2094 1052 aut
2127 993 2487 1073 perspicere,
2518 1004 2613 1056 aut
2633 1013 2997 1075 cognoscere
3030 995 3162 1076 quis
3192 994 3431 1057 tandem
3453 994 3653 1058 esses?

1999 1078 2078 1140 Ex
2112 1099 2181 1141 eo
2215 1100 2310 1142 me
2335 1082 2603 1144 crebrius
2635 1084 2705 1144 ad
2753 1083 2973 1146 fontem
3017 1083 3517 1165 ronsistente,qui
3547 1103 3648 1146 va-

2001 1188 2100 1231 cas
2131 1170 2292 1231 omni
2315 1171 2617 1246 superbia,
2657 1192 2771 1233 non
2793 1192 2858 1234 es
2883 1172 3225 1253 didignatus
3254 1173 3648 1247 descendere,

259 1275 412 1329 rem,
449 1257 667 1319 multas
719 1257 1122 1339 praeteribam.
1157 1258 1242 1321 Ac
1288 1258 1405 1320 nisi
1455 1257 1558 1321 ille
1608 1277 1783 1320 manu
1826 1276 1922 1320 me
2003 1256 2073 1316 ad
2104 1275 2197 1318 me
2231 1258 2547 1333 accedere,
2574 1260 2951 1339 prehendere
2973 1268 3151 1341 caput
3173 1278 3399 1334 meum,
3424 1267 3484 1322 et
3506 1260 3565 1322 id
3592 1260 3651 1323 in

262 1346 653 1425 prehensum,
687 1345 760 1408 ad
794 1347 1013 1409 fontem
1047 1347 1373 1420 statuisset,
1405 1355 1463 1410 et
1517 1347 1702 1428 pedes
1730 1344 1916 1408 animi

261 1432 381 1496 mei
409 1452 517 1514 pro
544 1433 698 1497 duce
726 1434 1002 1516 rexisset,
1032 1454 1322 1518 nusquam
1354 1443 1678 1497 scatentem
1702 1451 1916 1516 quam

255 1522 528 1585 invenire
552 1523 904 1603 potuissem.
926 1523 1079 1587 Uubi
1113 1532 1309 1587 autem
1344 1523 1491 1586 mihi
1519 1524 1918 1604 scaritugines

255 1610 390 1672 illas
442 1611 900 1689 demonstravit,
964 1613 1354 1693 permisitque
1401 1621 1462 1674 ut
1509 1615 1726 1693 smpiuu
1768 1631 1917 1693 aqua

261 1717 408 1779 pura
438 1719 533 1762 me
563 1700 891 1776 abluerem,
924 1702 1072 1764 forte
1108 1702 1429 1783 aliquando
1477 1701 1654 1764 etiam
1686 1702 1760 1763 de
1792 1701 1915 1764 luto

258 1788 328 1847 ad
362 1789 693 1868 marginem
725 1790 901 1852 fontis
934 1792 1176 1870 jacente
1219 1811 1396 1853 manu
1449 1790 1822 1866 hauriebam,
1858 1799 1917 1852 et

257 1877 402 1938 inde
462 1878 675 1941 faciem
717 1880 915 1942 lavans
946 1879 1408 1944 cotaminabam.
1448 1879 1604 1953 Quin
1634 1888 1693 1940 et
1720 1897 1913 1961 saepe-

258 1985 510 2029 numero
534 1968 826 2049 palpando
851 1977 907 2030 et
923 1969 1126 2031 volens
1145 1969 1582 2050 scaturuginem
1616 1968 1908 2043 invenire,

257 2054 568 2118 trahebam
600 2075 718 2118 una
744 2057 1066 2137 pulverem,
1105 2065 1162 2119 et
1193 2076 1403 2139 aquam
1436 2058 1651 2118 iterum
1703 2055 1910 2117 turba-

266 2143 426 2215 bam;
446 2164 702 2225 cumque
726 2146 959 2227 penitus
985 2145 1130 2208 nihil
1154 2145 1438 2210 viderem.
1469 2154 1715 2225 turpars
1741 2163 1910 2207 emno

262 2233 502 2305 faciem,
537 2252 680 2314 pura
712 2254 804 2297 me
834 2236 1068 2317 lympha
1104 2234 1379 2315 putabam
1411 2235 1570 2297 ablui

337 2322 465 2397 Quo
487 2333 683 2386 autem
718 2333 886 2405 pacto
914 2324 1546 2405 commemoraboquae
1571 2342 1666 2385 me
1689 2323 1909 2385 deinde

260 2429 496 2473 rursum
548 2414 896 2488 necessitas,
943 2420 1003 2475 et
1062 2413 1155 2473 vis
1211 2412 1561 2494 occuparit?
1608 2411 1904 2494 quomodo

262 2511 548 2578 praeterea
577 2501 814 2581 quidam
852 2503 1196 2583 frequenter
1224 2510 1609 2582 testarentur,
1649 2508 1707 2562 et
1755 2519 1903 2580 quo-

254 2588 402 2651 tidie
436 2590 581 2651 mihi
610 2590 962 2652 cantilenam
990 2590 1163 2653 istam
1195 2588 1566 2672 occinerent,
1597 2590 1737 2671 quid
1772 2592 1903 2652 ina-

246 2695 387 2739 nem
423 2677 686 2739 laborem
741 2678 920 2741 stulte
959 2679 1242 2760 capessis,
1279 2693 1339 2741 et
1369 2679 1675 2740 illusorem
1724 2685 1902 2759 atque

247 2766 633 2846 impostorem
670 2767 828 2829 hunc
856 2768 1149 2849 sequeris,
1186 2776 1243 2830 et
1295 2776 1352 2831 te
1382 2776 1685 2846 aspectum
1717 2785 1898 2829 recu-

252 2863 589 2933 peraturum
625 2856 861 2933 frustra,
882 2866 941 2919 et
963 2856 1251 2920 inutiliter
1278 2856 1561 2919 conﬁdis?
1595 2873 1714 2918 non
1739 2857 1896 2918 enim

251 2963 407 3005 nunc
442 2946 571 3006 ﬁeri
616 2953 823 3026 potest.
881 2944 1033 3019 Quid
1081 2947 1263 3027 pedes
1312 2946 1390 3008 ita
1438 2945 1775 3019 offendens,
1837 2957 1899 3007 et

251 3042 574 3094 cruentans
595 3034 885 3114 sequeris;
912 3054 1017 3096 cur
1039 3054 1156 3095 non
1182 3035 1381 3115 potius
1410 3033 1901 3097 misericordibus

244 3123 564 3200 auscultas,
604 3124 702 3204 qui
748 3123 1061 3185 hortantur
1090 3132 1168 3204 te,
1217 3131 1280 3185 ut
1326 3123 1513 3205 quieti
1563 3122 1896 3202 indulgeas,

248 3209 505 3292 ciboque
533 3219 589 3273 et
621 3211 855 3291 potione
885 3221 944 3276 et
972 3213 1203 3294 reliqua
1231 3231 1372 3274 cura
1402 3211 1637 3293 corpori
1667 3220 1764 3273 tuo
1778 3229 1901 3272 ser-

251 3297 413 3359 vias?
443 3297 569 3360 Non
604 3300 759 3361 enim
809 3308 999 3381 potest
1043 3301 1115 3362 ab
1166 3303 1376 3361 anima:
1418 3301 1585 3380 lepra
1617 3298 1896 3372 liberari;

251 3406 363 3449 nec
395 3406 656 3468 unquam
687 3388 816 3450 istis
848 3390 1217 3471 temporibus
1248 3388 1525 3471 aspicies.
1558 3388 1731 3452 Unde
1754 3388 1895 3450 illu-

245 3498 347 3539 sor
380 3478 518 3560 iste,
555 3480 979 3542 miraculorum
1003 3482 1250 3543 effector
1284 3480 1458 3541 modo
1501 3480 1742 3560 exstitit,
1770 3476 1895 3560 qui,

242 3588 374 3651 qua;
404 3572 556 3650 apud
594 3590 805 3633 omnes
853 3572 1123 3634 homines
1171 3570 1358 3634 aetatis
1403 3572 1582 3650 hujus
1609 3579 1748 3633 sunt
1777 3566 1907 3629 im?

243 3662 572 3743 possibilia,
631 3663 731 3723 tibi
788 3663 1152 3742 pollicetur?
1182 3665 1281 3725 Va;
1339 3662 1470 3742 tibi,
1503 3662 1782 3743 quoniam
1840 3667 1898 3721 et

244 3749 501 3812 oblatam
536 3770 569 3812 a
599 3752 842 3832 Christi,
875 3760 934 3813 et
961 3753 1207 3813 fratrum
1239 3751 1670 3824 amantibus,et
1700 3749 1894 3811 aliena

244 3840 424 3912 mala,
459 3849 735 3921 tanquam
771 3841 1028 3922 propria.
1074 3840 1475 3902 sentientibus
1526 3841 1892 3902 curationem

240 3928 503 4003 amittes,
530 3940 586 3991 et
619 3929 998 3991 incommoda
1027 3930 1501 4011 aﬂlictioncsque
1531 3948 1675 4010 quas
1706 3928 1892 3989 susti-

245 4036 378 4089 nes,
426 4037 576 4079 vana
607 4037 710 4098 spe
743 4018 1065 4080 sustinebis
1097 4039 1113 4093 ;
1147 4029 1205 4082 et
1257 4019 1547 4098 promissa
1579 4017 1686 4079 tibi
1716 4036 1748 4079 a
1781 4017 1891 4080 de-

2001 1344 2161 1425 ipsas
2191 1364 2374 1427 aquas
2401 1346 2783 1427 immergere,
2820 1349 3200 1430 efﬁt-ereque,
3232 1357 3293 1409 ut
3315 1348 3513 1410 lumen
3532 1350 3653 1412 vul-

2002 1439 2096 1493 tus
2126 1438 2204 1494 tui
2239 1435 2446 1515 purius
2477 1436 2831 1516 aspicerem.
2884 1438 3015 1499 Mox
3066 1446 3121 1499 te
3167 1437 3483 1511 abstulisti,
3516 1457 3650 1500 cum

2001 1540 2119 1583 non
2152 1523 2423 1585 dedisses
2453 1530 2711 1604 cogitare
2733 1525 2866 1606 quis
2892 1544 3078 1599 esses,
3108 1525 3207 1607 qui
3241 1526 3364 1588 haac
3397 1526 3649 1602 faceres;

2001 1618 2099 1671 aut
2128 1612 2286 1674 unde
2319 1612 2609 1688 venisses;
2642 1625 2737 1676 aut
2774 1634 2889 1695 quo
2916 1614 3188 1686 abiisses,
3212 1635 3353 1696 non,
3381 1615 3649 1697 inquam,

2000 1698 2182 1761 dabas
2215 1701 2327 1762 hoc
2354 1702 2523 1783 mihi,
2560 1722 2753 1784 neque
2796 1723 2928 1764 cum
2988 1704 3061 1766 ad
3123 1712 3357 1786 tempus
3390 1705 3647 1785 venires,

1999 1797 2056 1850 et
2087 1788 2283 1850 abires
2318 1791 2595 1871 paulatim
2632 1791 2817 1872 magis
2856 1810 2924 1853 ac
2967 1793 3155 1869 magis
3201 1793 3552 1874 apparebas,
3587 1804 3650 1856 et

1997 1878 2165 1959 aquis
2194 1898 2291 1940 me
2322 1879 2640 1955 irrorabas,
2672 1889 2729 1942 et
2750 1889 2812 1943 ut
2845 1892 2899 1942 te
2926 1880 3209 1962 liquidius
3241 1900 3371 1942 cum
3421 1882 3647 1962 majore

1999 1966 2223 2028 lumine
2252 1967 2541 2048 intuerer,
2576 1969 2940 2049 largiebaris.
2999 1971 3150 2030 Dum
3200 1970 3313 2031 hoc
3345 1968 3445 2031 diu
3479 1971 3645 2043 facis,

1996 2055 2119 2116 visu
2144 2057 2405 2136 mysterii
2438 2059 2746 2136 cujusdam
2768 2058 3125 2120 venerabilis
3154 2076 3247 2119 me
3273 2058 3545 2138 dignatus
3558 2079 3643 2122 es.

1996 2142 2080 2206 Te
2137 2145 2297 2206 enim
2348 2147 2724 2221 a-lvenienti-,
2779 2156 2858 2224 ct,
2907 2156 2967 2209 ut
3018 2147 3299 2229 putalam,
3331 2147 3501 2230 aquis
3549 2167 3643 2211 me

1993 2233 2292 2310 abluente,
2326 2245 2384 2297 et
2413 2237 2803 2314 immergeute
2852 2237 3131 2317 saepuius,
3184 2236 3471 2315 fulgorem
3522 2236 3642 2299 cir-

1993 2323 2369 2385 cumdantem
2432 2345 2550 2408 me,
2589 2334 2646 2386 et
2705 2324 2904 2386 radios
2956 2326 3148 2387 vultus
3200 2325 3284 2386 tui
3333 2325 3391 2386 in
3430 2325 3639 2388 mediis

1991 2411 2161 2491 aquis
2185 2412 2516 2492 conspicio,
2542 2413 2937 2495 obstupuique
2969 2414 3517 2490 vehementer,cum
3545 2435 3637 2476 me

1990 2517 2140 2580 aqua
2173 2501 2410 2562 luciﬂua
2442 2503 2705 2564 viderem
2747 2501 2931 2577 ablui,
2973 2510 3033 2563 et
3071 2501 3170 2563 ubi
3201 2511 3386 2576 esset,
3420 2512 3479 2564 et
3509 2503 3645 2585 quis

1990 2606 2149 2649 es~et
2179 2591 2354 2669 hujus
2385 2592 2469 2650 rri
2496 2590 2796 2671 prmbitor,
2830 2610 2945 2652 non
2975 2591 3406 2670 cognoscebam
3439 2611 3452 2651 :
3488 2611 3635 2668 gau-

1987 2676 2197 2738 debam
2231 2678 2421 2739 solum
2457 2699 2548 2739 me
2583 2679 2780 2746 lavari.
2816 2680 2934 2740 ﬁde
2957 2681 3185 2760 augeri,
3217 2698 3323 2760 spe
3355 2681 3511 2741 velut
3534 2683 3645 2743 alis

1983 2767 2257 2841 subvehi;
2295 2776 2351 2829 et
2385 2768 2443 2828 in
2477 2769 2689 2830 ccelum
2722 2788 2909 2849 usque
2938 2770 3289 2831 ascendere.
3338 2766 3631 2831 Seductu-

1980 2873 2078 2916 res
2111 2864 2304 2916 autem
2342 2856 2687 2937 illos,verba
2716 2857 2982 2926 fallaciae,
3005 2875 3063 2918 et
3091 2857 3463 2919 mendacium
3488 2859 3628 2920 mihi

1983 2945 2321 3020 suadentes,
2372 2965 2439 3008 ac
2494 2955 2878 3026 suggerentes
2926 2946 3245 3027 plurimum
3299 2966 3531 3022 exosus,
3578 2964 3645 3015 et

1981 3043 2248 3097 errantes
2281 3035 2592 3112 miserans,
2629 3054 2834 3096 eorum
2867 3054 3273 3114 congressum,
3308 3046 3631 3099 consuetu-

1979 3122 2204 3197 dinem,
2240 3132 2747 3205 conspectumque
2789 3134 2850 3185 ut
2885 3125 3121 3185 noxium
3152 3124 3409 3187 devitavi
3460 3126 3633 3207 peni-

1982 3219 2113 3274 tus:
2150 3214 2636 3275 Contubernalem
2672 3221 2892 3287 autem,
2929 3222 2986 3275 et
3013 3214 3350 3293 adjutorem
3407 3232 3628 3288 meum,

1984 3309 2250 3361 sanctum
2306 3301 2607 3383 dispulum
2663 3320 2823 3363 tuum
2885 3302 3044 3384 dico,
3078 3312 3137 3363 et
3181 3302 3537 3384 apostolum,
3572 3315 3630 3364 et

1986 3388 2238 3469 teipsum
2285 3390 2548 3452 fictorem
2606 3410 2802 3453 meum
2844 3391 3194 3468 venerabar,
3241 3391 3625 3468 honorabam,
3717 3414 3721 3418 ’

1983 3478 2294 3557 diligebam
2351 3488 2468 3540 toto
2517 3488 2795 3560 pectore;
2832 3479 3107 3562 jacebam
3159 3479 3235 3541 ad
3288 3481 3471 3561 pedes
3501 3481 3632 3562 ejus

1985 3577 2188 3629 noctes
2218 3577 2279 3630 et
2309 3568 2461 3640 dies,
2510 3587 2712 3644 orans,
2751 3577 2812 3630 ut
2841 3569 2888 3628 si
2925 3560 3077 3650 quid
3121 3560 3339 3649 posset,
3375 3560 3624 3649 adjuva-

1980 3665 2071 3716 ret
2102 3664 2401 3729 me;certo
2438 3657 2583 3718 mihi
2615 3658 3005 3738 persuadens,
3034 3675 3400 3737 quaecunque
3423 3657 3619 3729 vellet,

1977 3743 2082 3805 abs
2134 3755 2191 3805 te
2238 3744 2647 3806 obtenturum.
2699 3744 2796 3807 Sic
2850 3745 3058 3824 perdiu
3112 3744 3296 3822 gratia
3344 3752 3444 3807 tua
3492 3765 3624 3808 cum

1977 3852 2448 3912 perseverarent,
2478 3833 2689 3894 iterum
2708 3834 2865 3895 aliud
2890 3833 3158 3894 mirabile
3176 3851 3461 3894 arcanum
3484 3834 3626 3898 vidi.

1974 3922 2465 4002 Apprenhensum
2488 3922 2707 4003 quippe
2741 3942 2834 3984 me
2850 3943 2907 3982 ιιι
2935 3943 2968 3983 a
2995 3932 3183 3984 tecum
3210 3923 3268 3984 in
3293 3924 3505 3984 caelum
3530 3942 3630 3984 as-

1976 4011 2237 4072 cendens
2261 4011 2477 4072 duxisti
2515 4012 2638 4073 sive
2673 4012 2730 4071 in
2757 4030 3031 4093 corpore,
3056 4012 3178 4071 sive
3209 4019 3370 4072 extra
3390 4030 3630 4094 corpus,

238 4114 485 4186 ccplore
516 4106 616 4167 illo
649 4126 717 4168 ac
738 4108 1097 4188 sycophanta
1131 4127 1235 4188 pro
1267 4115 1436 4169 certo
1490 4106 1640 4167 haud
1675 4124 1944 4188 conse-_
1978 4098 2203 4172 nescio,
2252 4107 2307 4158 tu
2364 4100 2524 4159 solus
2576 4099 2751 4174 nosti,
2801 4099 2899 4180 qui
2951 4100 3007 4160 id
3061 4099 3273 4188 fecisti.
3310 4102 3452 4162 Cum
3507 4101 3629 4163 illic

239 4185 468 4275 quieris.
519 4194 722 4267 Quid?
769 4185 891 4256 non
935 4185 1331 4271 ratiocinaris,
1386 4214 1579 4276 neque
1629 4195 1782 4275 apud
1836 4185 2181 4257 teDhoram
2219 4199 2412 4249 terum
2446 4188 2805 4266 exegissem,
2859 4197 2914 4249 et
2959 4206 3152 4248 essem
3200 4187 3407 4266 gloria:
3446 4193 3625 4270 (quae,

241 4283 468 4362 cogitas
488 4286 784 4365 quomodo
816 4286 944 4345 sine
974 4285 1144 4348 nobis
1169 4285 1314 4346 nihil
1344 4284 1568 4365 possis?
1588 4283 1769 4357 Quid?
1794 4305 1893 4347 au-

241 4392 360 4433 non
389 4380 446 4434 et
467 4393 575 4435 nos
616 4393 824 4435 omnes
855 4374 1202 4436 cernimus?
1241 4394 1341 4446 an,
1391 4373 1889 4454 quemadmodum

236 4462 518 4523 seductus
561 4462 661 4523 ille
712 4463 964 4541 ipsemet
1014 4462 1116 4525 tibi
1173 4462 1424 4535 dictitat,
1464 4461 1602 4523 caeci
1634 4463 1891 4523 sumus?

236 4550 552 4614 Cernimus
593 4552 855 4632 profecto
885 4570 1115 4626 omnes,
1166 4560 1222 4613 et
1268 4569 1343 4613 ne
1374 4551 1590 4612 frustra
1627 4552 1730 4627 sis,
1767 4570 1882 4612 non

240 4649 332 4701 est
356 4641 467 4700 hoc
492 4650 687 4701 nostra
709 4640 938 4701 vivendi
961 4641 1209 4703 facultas
1232 4640 1449 4701 minor.
1473 4638 1692 4701 Verum
1725 4641 1882 4700 enim

162 4760 173 4765 -
240 4748 384 4790 vero
414 4728 485 4789 ab
520 4729 610 4788 lsis
651 4729 926 4790 omnibus
972 4731 1118 4791 citra
1167 4728 1630 4790 controversiam
1661 4728 1882 4790 seduc—

241 4816 400 4879 torib
427 4837 493 4893 :s,
537 4817 609 4878 ab
638 4818 848 4898 impost
875 4820 1080 4900 \ribus,
1113 4819 1210 4900 qui
1235 4818 1371 4879 dolo
1404 4817 1737 4899 proximum
1773 4818 1887 4880 cir-

238 4907 585 4968 cumvenire
632 4915 808 4988 atque
855 4908 1202 4969 subvertere
1251 4915 1560 4980 conantur,
1594 4915 1654 4967 tu
1701 4907 1883 4967 mise—

239 4995 430 5058 ricors
457 5002 518 5058 et
547 4994 801 5075 benigne
835 4996 1018 5058 libera
1050 5016 1167 5078 me,
1203 5014 1308 5076 per
1339 5014 1465 5056 eam
1519 5014 1692 5074 quam
1742 4995 1886 5056 mihi

239 5086 418 5147 fidem
451 5094 511 5147 et
534 5103 699 5167 spem
733 5085 985 5165 largi'us
1016 5104 1079 5147 es
1110 5105 1125 5160 ;
1161 5103 1266 5166 per
1295 5103 1471 5166 quam
1503 5091 1562 5145 et
1589 5102 1720 5165 quae
1741 5084 1887 5163 dixi,

234 5184 296 5238 et
323 5175 438 5236 alia
472 5176 640 5254 plura
668 5183 728 5234 ut
761 5177 1116 5256 perferrem,
1155 5194 1248 5236 me
1279 5172 1702 5235 corroborasti.

317 5266 604 5327 Caeterum
638 5283 769 5325 cum
804 5265 863 5326 in
895 5265 1176 5325 omnibus
1206 5264 1299 5326 his
1334 5263 1895 5344 perdurassem,nec

232 5352 684 5427 ilefecissem,et
709 5353 794 5414 sic
821 5354 1110 5433 palpaudo
1141 5351 1377 5414 turbida
1407 5370 1556 5433 aqua
1581 5370 1673 5412 me
1698 5351 1895 5412 ablue-

234 5461 395 5516 rem,
432 5450 491 5504 et
537 5442 769 5504 eluerer
796 5443 1086 5523 quotidie.
1120 5441 1405 5522 opinione
1432 5460 1565 5503 mea
1589 5460 1694 5521 pro
1709 5459 1780 5502 eo
1828 5460 1897 5503 ac

230 5531 541 5612 apostolus
588 5530 1033 5613 discipu'usque
1087 5540 1222 5590 tuus
1278 5531 1525 5592 ἀυαὺειι
1579 5530 1901 5611 aliquando-

1974 4286 2076 4337 aot
2106 4278 2275 4356 cujus
2305 4276 2480 4336 fuerit
2514 4277 2741 4356 nescio)
2780 4277 3212 4355 magnitudine,
3244 4286 3298 4336 et
3323 4277 3633 4356 majestate

1978 4367 2304 4446 perculsus,
2338 4373 2396 4425 et
2427 4366 2718 4426 immensa
2759 4365 3075 4426 altitudine
3121 4364 3424 4441 attonitus,
3476 4375 3631 4431 totus

1975 4455 2277 4515 c:-horrui.
2343 4457 2596 4517 llursum
2654 4474 2749 4515 me
2785 4456 2976 4515 solum
3031 4454 3130 4515 ubi
3179 4455 3342 4536 prius
3402 4455 3624 4521 stabam

1976 4544 2280 4615 dimisisti,
2318 4553 2371 4604 et
2399 4544 2673 4605 inventus
2697 4563 2825 4605 su'n
2850 4564 2984 4605 cum
3020 4553 3260 4624 stupore
3295 4545 3630 4606 lamentans

1970 4632 2373 4706 infelicitatem
2410 4653 2599 4694 meam
2661 4632 2788 4694 Non
2826 4634 3009 4694 multo
3045 4640 3198 4712 post,
3250 4653 3382 4694 cum
3432 4653 3625 4697 essem

1972 4725 2142 4788 infra,
2183 4741 2366 4801 supra
2400 4724 2454 4782 in
2492 4723 2657 4782 cmlis
2685 4725 2929 4802 apertis,
2986 4721 3198 4783 faciem
3245 4731 3401 4783 tuam
3433 4732 3493 4783 ut
3528 4741 3628 4784 so-

1971 4815 2083 4873 Ιιιιη
2119 4812 2434 4872 informem
2468 4811 2740 4890 dignatus
2767 4831 2831 4872 es
2859 4809 3004 4872 mihi
3038 4811 3377 4891 ostendere,
3413 4813 3620 4893 etquis

1970 4920 2150 4980 esses,
2177 4920 2247 4961 ne
2276 4901 2363 4961 sic
2388 4901 2627 4982 quidem
2662 4901 2899 4962 Voluisti
2933 4919 3025 4960 Ine.
3055 4918 3439 4979 cognoscere.
3476 4899 3628 4972 Quid

1972 4990 2185 5050 enim?
2229 5009 2360 5050 cum
2397 5009 2515 5050 non
2567 4989 2889 5070 alloqueris
2939 5008 3058 5062 me,
3114 4988 3217 5050 sed
3268 4988 3426 5050 illico
3476 4991 3623 5050 abs-

1975 5079 2346 5140 comlereris.
2416 5088 2533 5156 tgo
2587 5097 2724 5138 tero
2784 5077 3170 5138 circumibam
3219 5093 3492 5156 quaarens
3544 5087 3622 5151 te,

1976 5187 2154 5249 quem
2196 5187 2312 5228 non
2347 5166 2807 5247 cognoscebam,
2842 5175 2899 5226 et
2930 5166 3134 5227 videre
3164 5165 3410 5226 formam
3440 5173 3624 5239 tuam,

1979 5267 2037 5317 et
2071 5256 2371 5317 poscendo
2400 5275 2645 5317 noscere
2676 5258 2808 5336 quis
2839 5253 3447 5327 eSSes,desiderabam
3478 5252 3631 5327 Quo-

1979 5350 2134 5410 (irca
2168 5368 2287 5430 pra)
2313 5347 2650 5410 incredibili
2681 5348 2893 5435 ardore
2924 5345 3232 5435 charitatis
3261 5363 3405 5425 erga
3433 5354 3491 5408 te
3516 5348 3629 5410 fle-

1981 5440 2112 5501 bam
2162 5439 2564 5516 contini-nter,
2597 5434 2754 5518 quod
2807 5434 3101 5496 nescirem
3162 5443 3219 5496 te
3266 5436 3400 5517 quis
3430 5455 3623 5511 esses,

1979 5529 2077 5609 qui
2112 5535 2200 5588 In"
2236 5547 2300 5587 ex
2348 5525 2533 5588 nihilo
2568 5536 2628 5587 ut
2668 5544 2857 5586 essem
2906 5522 3260 5606 produxisti,
3296 5532 3351 5588 et
3387 5544 3421 5589 θ
3450 5543 3621 5591 οαὶηο
