4054 6114
425 255 541 322 599

1736 256 2116 323 SYMEONIS
2153 253 2502 324 JUNIORIS

3693 256 3808 322 600

425 384 707 475 eduxisti,
741 382 1148 475 etquaadicta
1163 392 1301 447 sunt
1329 384 1531 475 omnia
1570 385 1717 447 mihi
1740 385 1945 475 factus
1974 407 2039 450 es
2087 397 2130 444 Α
2153 407 2286 451 mus
2314 411 2409 454 me
2441 393 2782 474 defecisset,
2833 394 3109 475 viresque
3146 394 3575 465 destituissent,
3610 401 3669 455 et
3695 408 3797 454 re-

426 472 737 557 Postquam
763 474 940 553 igitur
959 473 1114 536 hunc
1136 474 1197 534 in
1216 473 1458 535 modum
1480 492 1636 555 saepe
1670 474 1815 536 mihi
1838 494 2075 538 rursum

430 563 611 634 visus,
667 570 724 623 et
777 580 937 644 saepe
979 580 1215 624 rursum
1262 581 1358 625 me
1403 563 1715 638 allocutus,
1758 566 2073 640 evanuisti,

428 670 542 714 nec
561 650 723 715 visus
753 669 817 714 es
839 670 875 713 a
903 670 1001 713 me
1031 652 1292 732 penitus,
1324 651 1615 729 fulgorem
1666 671 1735 715 ac
1787 654 2070 734 splendo-

427 759 557 804 rem
586 740 782 803 vultus
816 740 899 803 tui
927 757 1168 803 rursum
1201 741 1263 803 in
1293 740 1487 824 aquis,
1521 748 1586 803 ut
1622 741 1785 823 prius
1818 743 2077 805 circum-

428 828 774 892 fundentem
827 847 925 893 me
967 828 1200 905 videns,
1254 838 1310 892 et
1357 849 1491 892 eum
1542 848 1792 913 prorsus
1832 850 2083 896 cernere

433 937 551 982 non
582 919 806 994 valens,
838 919 1187 981 recordatus
1215 938 1371 994 sum,
1404 918 1505 981 ubi
1548 921 1865 1001 aliquando
1916 930 1974 985 te
2019 924 2082 985 in

430 1007 709 1090 supernis
739 1007 1011 1070 viderim.
1043 1007 1115 1070 Et
1142 1008 1326 1070 alium
1376 1027 1508 1071 esse
1558 1008 1914 1089 insipienter
1943 1030 2080 1073 sus-

431 1098 683 1182 picatus,
711 1097 910 1159 denuo
939 1116 1076 1160 cum
1108 1097 1382 1178 Iacrymis
1414 1096 1620 1160 videre
1652 1107 1708 1159 te
1749 1100 2019 1180 quaesivi.

514 1184 659 1250 Cum
686 1185 886 1270 itaque
908 1186 1156 1249 multum
1193 1205 1289 1249 me
1318 1187 1646 1249 cruciarem
1667 1196 1725 1250 et
1748 1188 2078 1269 afﬂgerem,

434 1283 494 1339 et
525 1275 637 1338 mei
665 1274 864 1349 totius,
897 1294 966 1338 ac
999 1276 1175 1337 totius
1228 1275 1459 1351 mundi,
1506 1283 1567 1339 et
1614 1295 1820 1339 eorum
1863 1296 1992 1360 quae
2020 1279 2083 1341 in

435 1363 659 1427 mundo
690 1363 1098 1446 sunt,oblitus,
1120 1383 1315 1446 neque
1340 1365 1611 1428 umbram
1644 1366 2084 1448 saltem,neque

434 1453 593 1516 aliud
634 1452 1096 1537 quidquam,aut
1135 1453 1314 1516 etiam
1361 1456 1607 1517 omnino
1639 1464 1872 1519 exstare
1906 1457 2079 1538 quid-

437 1558 614 1625 quam
637 1560 842 1604 eorum
873 1542 1311 1625 quaevidentur,
1335 1545 1680 1624 cogitarem.
1715 1553 1777 1606 tu
1808 1545 2085 1608 omnibus

436 1630 896 1714 inaspectabilis,
929 1631 1212 1694 intactilis
1232 1641 1291 1694 et
1313 1633 1943 1715 incomprehensibilis
1973 1654 2081 1716 ap-

2161 477 2429 541 tulissem
2453 489 2684 556 contra,
2720 490 2778 544 et
2805 482 2937 563 quis
2972 502 3079 563 ego
3123 483 3307 546 miser
3337 502 3489 555 sum,
3527 481 3803 553 Domine,

2159 574 2260 627 aut
2284 567 2423 649 quid
2461 569 2576 631 feci
2603 588 2716 651 ego
2753 571 3100 645 homuncio,
3153 580 3215 633 ut
3266 590 3360 633 me
3393 568 3808 651 hujuscemodi

2163 652 2336 716 bonis
2367 656 2704 736 dignarere,
2740 668 2799 721 et
2825 667 2999 722 tantae
3027 660 3229 740 gloria;
3257 659 3583 735 socium,ac
3611 659 3809 720 haere-

2163 742 2297 805 dem
2332 745 2680 810 institueres
2718 746 2744 810 ?
2789 756 3177 830 putaremque
3222 749 3376 811 hanc
3422 748 3693 828 gloriam,
3750 753 3812 807 et

2164 831 2277 892 hoc
2302 833 2585 913 gaudium
2613 843 2869 896 mentem
2898 855 3087 898 meam
3115 835 3808 917 excedere.tu,Domine,

2164 930 2497 1002 rursum,ut
2524 922 2749 985 amicus
2778 943 2912 985 cum
2944 925 3136 987 amico
3166 925 3491 999 disserens,
3540 944 3646 1005 per
3666 924 3809 1005 Spi-

2166 1007 2344 1070 ritum
2371 1019 2533 1072 tuum
2574 1011 2633 1072 in
2673 1031 2769 1074 me
2801 1013 3141 1095 loquentem
3182 1014 3697 1096 respondisti,th
3728 1012 3805 1073 ob

2166 1097 2357 1158 solum
2389 1118 2635 1180 scopum
2664 1109 2721 1161 et
2737 1100 3098 1177 institutum,
3123 1111 3181 1165 et
3201 1104 3379 1164 fidem
3415 1111 3568 1164 tuam
3593 1100 3813 1163 donavi

2166 1185 2298 1261 tibi,
2342 1195 2402 1249 et
2430 1188 2624 1251 adhuc
2654 1189 2914 1253 donabo.
2948 1190 3059 1264 Qui
3089 1192 3247 1253 enim
3272 1192 3430 1254 aliud
3472 1199 3572 1252 aut
3599 1190 3811 1268 habes,

2165 1282 2268 1338 aut
2289 1276 2545 1338 habuisti
2574 1278 2890 1358 aliquando
2920 1287 3084 1341 tuum
3122 1281 3342 1361 (nudus
3359 1300 3394 1342 a
3414 1298 3506 1340 me
3526 1296 3810 1359 procrea-

2166 1373 2301 1439 tus,,
2337 1374 2401 1426 ut
2429 1366 2571 1427 illud
2603 1368 2917 1449 accipiam,
2952 1377 3010 1430 et
3041 1371 3163 1431 haec
3196 1370 3302 1432 tibi
3337 1366 3812 1450 rependam?Ac

2167 1452 2282 1514 nisi
2312 1453 2562 1517 vinculis
2584 1457 2853 1537 corporis
2883 1457 3057 1538 hujus
3088 1458 3338 1539 solvare,
3373 1458 3526 1539 quod
3570 1456 3808 1539 perfec-

2166 1540 2385 1603 fectum
2418 1553 2655 1606 estnon
2697 1544 2947 1627 videbis,
3001 1565 3195 1628 neque
3239 1565 3309 1608 eo
3361 1554 3479 1608 toto
3528 1547 3815 1626 praeclare

2169 1630 2393 1710 perfrui
2427 1634 2671 1712 poteris.
2724 1636 2871 1696 Cum
2914 1636 3294 1716 suhjicerem,
3329 1635 3466 1717 quid
3506 1653 3647 1696 vero
3700 1635 3815 1694 hoc

439 1721 709 1801 paruisti,
737 1729 797 1783 et
827 1721 987 1782 visus
1016 1738 1081 1782 es
1112 1720 1259 1783 mihi
1290 1732 1550 1784 mentem
1588 1741 1779 1785 meam
1807 1741 2078 1804 purgare,
2104 1718 2145 1767 Β
2169 1721 2387 1801 majus,
2433 1729 2533 1782 aut
2572 1722 2995 1803 splendidius?
3047 1724 3193 1787 mihi
3249 1725 3486 1787 interim
3536 1723 3624 1784 sic
3681 1740 3815 1784 esse

439 1818 498 1872 et
524 1828 701 1890 agere
732 1809 846 1871 vim
875 1809 1397 1873 cernendianimae
1416 1830 1584 1887 mete,
1612 1812 1988 1894 ampliusque
2018 1832 2085 1874 ac

440 1898 673 1982 plenius
702 1900 1082 1981 spectandam
1132 1898 1398 1981 praebere
1443 1900 1689 1980 gloriam
1736 1911 1917 1978 tuam,
1950 1904 2089 1984 quia

438 1986 753 2052 crescebas
784 1987 990 2070 magis,
1012 1996 1071 2050 et
1093 1988 1415 2069 splendens
1439 1989 1695 2071 amplius
1722 1989 2082 2054 dilatabaris.

439 2078 626 2140 Etiam
660 2096 729 2139 ex
759 2094 1006 2139 recessu
1037 2076 1419 2139 tenebrarum
1452 2085 1510 2140 te
1538 2078 1764 2156 venire,
1799 2087 1858 2142 et
1878 2099 2087 2162 appro-

443 2166 728 2249 pinquare
758 2165 1146 2229 animadverti
1172 2190 1189 2242 ;
1223 2166 1281 2230 id
1313 2169 1472 2250 quod
1517 2167 1691 2230 nobis
1750 2187 1868 2230 non
1899 2170 2085 2232 semel

442 2255 502 2317 in
550 2254 936 2317 sensibilibus
986 2255 1282 2321 usuvenit.
1336 2257 1502 2319 Luna
1546 2257 1842 2338 siquidem
1891 2277 2085 2340 appa-

440 2351 633 2425 rente,
665 2355 726 2407 et
756 2342 1015 2406 nubibus
1043 2344 1201 2407 velut
1233 2344 1696 2421 ambulantibus,
1727 2346 1959 2410 videtur
1988 2348 2090 2410 illa

443 2451 686 2497 currere
711 2432 1050 2514 celerrime,
1084 2452 1217 2496 cum
1252 2433 1402 2495 nihil
1432 2435 1504 2496 ad
1546 2453 1785 2497 cursum
1830 2456 2085 2499 consue-

446 2531 569 2584 tum
603 2519 817 2598 addat;
848 2528 954 2583 aut
994 2521 1328 2584 institutum
1360 2523 1450 2584 'ab
1497 2523 1664 2586 initio
1712 2525 1828 2587 iter
1877 2534 2083 2589 mutet.

448 2611 736 2676 Similiter
787 2620 849 2674 tu
894 2612 1190 2675 videbaris
1238 2615 1463 2688 venire,
1509 2615 1608 2696 qui
1640 2634 1705 2677 es
1736 2616 2087 2699 immobilis,

448 2710 509 2765 et
534 2701 636 2784 qui
667 2720 733 2763 es
763 2701 1150 2763 immutabilis
1203 2721 1550 2783 augescere,
1584 2723 1651 2766 ac
1704 2706 1891 2784 major
1933 2707 2084 2780 fieri,

445 2800 503 2855 et
548 2791 799 2853 formam
859 2807 1095 2871 capere,
1156 2792 1256 2872 qui
1314 2810 1496 2873 capax
1570 2793 1774 2855 forma:
1829 2814 1948 2857 non
2002 2815 2090 2860 es.

446 2878 959 2954 Quemadmodum
978 2879 1137 2941 enim
1162 2879 1222 2942 in
1248 2899 1406 2943 caeco
1429 2882 1708 2963 paulatim
1727 2882 1928 2945 videre
1942 2885 2094 2949 inci-

446 2969 737 3052 piente,et
765 2975 990 3041 notam,
1020 2986 1125 3030 seu
1150 2968 1459 3032 inducium
1492 2973 1809 3050 ﬁguramve
1831 2974 2094 3037 hominis

445 3036 986 3132 animadvertente,
1012 3066 1073 3121 et
1102 3057 1236 3139 quis
1272 3058 1369 3133 sit,
1402 3036 1624 3121 sensim
1672 3071 2088 3141 cognoscente,
2112 3036 2152 3087 ο

2169 1808 2345 1870 etiam
2382 1820 2512 1890 post
2538 1820 2784 1873 mortem
2816 1813 3056 1890 sufﬁcit,
3093 1823 3150 1875 tu
3183 1814 3445 1895 excipis;
3477 1831 3652 1894 quam
3697 1831 3814 1892 pu-

2169 1896 2302 1959 sillo
2325 1907 2385 1961 et
2415 1910 2661 1979 angusto
2701 1919 2766 1962 es
2791 1902 3012 1976 animo,
3052 1903 3151 1984 qui
3189 1901 3315 1964 istis
3347 1910 3659 1964 contentus
3681 1900 3765 1961 sis
3787 1903 3815 1960 Ἰ

2169 1984 2306 2047 Haec
2365 2005 2500 2048 cum
2552 1987 2767 2050 futuris
2815 1990 3050 2067 collata,
3102 1991 3319 2053 similia
3374 1998 3511 2052 sunt
3553 1990 3703 2051 caelo
3757 1989 3815 2049 in

2170 2075 2394 2151 charta,
2436 2095 2612 2157 quam
2648 2080 2780 2159 quis
2825 2098 3003 2142 manu
3047 2089 3264 2151 teneat,
3319 2080 3575 2160 depicto,
3630 2086 3688 2140 et
3739 2078 3810 2139 ad

2171 2167 2563 2244 spectandum
2615 2169 2939 2250 proposito.
2976 2168 3269 2242 Quantum
3320 2168 3477 2232 enim
3529 2169 3643 2230 huc
3675 2185 3814 2229 vero

2171 2253 2320 2314 coelo
2351 2254 2601 2316 inferius
2652 2264 2762 2330 est,
2816 2266 2975 2320 tanto
3007 2259 3219 2338 major,
3253 2258 3461 2320 etsine
3500 2274 3811 2337 compara-

2171 2341 2334 2404 tione
2367 2344 2555 2423 major
2592 2346 2703 2407 hac
2733 2365 2908 2427 quam
2959 2366 3115 2408 nunc
3154 2348 3343 2427 vides,
3394 2346 3588 2407 futura
3631 2344 3816 2424 gloria

2173 2430 2553 2497 revelabitur.

2250 2518 2651 2584 Haeclocutus
2691 2523 3052 2606 conticuisti,
3114 2532 3170 2588 et
3226 2526 3447 2585 sensim
3500 2522 3713 2594 bonus,
3748 2541 3811 2583 ac

2172 2608 2363 2671 dulcis
2388 2609 2675 2673 Dominus
2692 2611 2764 2674 ab
2785 2623 3027 2694 aspectu
3069 2632 3200 2675 meo
3224 2613 3452 2675 ablatus
3483 2632 3570 2675 es.
3612 2610 3809 2674 Utrum

2173 2697 2311 2777 quia
2342 2717 2450 2778 ego
2484 2702 2829 2763 recederem
2853 2711 2989 2776 ate,
3034 2721 3106 2764 an
3136 2703 3275 2783 quia
3309 2714 3370 2764 tu
3400 2702 3753 2764 abscoderes
3782 2719 3812 2758 a

2179 2806 2299 2869 me,
2334 2789 2476 2850 mihi
2515 2809 2634 2851 non
2676 2791 2884 2872 liquet.
2943 2791 3107 2853 Tunc
3165 2809 3373 2853 rursus
3415 2791 3474 2852 in
3507 2810 3603 2851 me
3640 2790 3807 2870 plane

2177 2875 2286 2951 fui,
2318 2877 2592 2942 alicunde
2626 2899 2721 2942 me
2760 2881 2994 2943 venisse
3036 2891 3219 2956 ratus;
3254 2889 3311 2943 et
3340 2881 3637 2959 ingressus
3680 2897 3805 2936 sum

2179 2966 2342 3046 prius
2366 2966 3101 3052 tabernaculum,indeque
3122 2970 3182 3030 in
3209 2969 3545 3031 memoriam
3567 2965 3802 3027 rediens

2180 3054 2638 3133 pulchritudinis
2667 3058 2870 3136 gloria:
2917 3066 3050 3138 tuae,
3094 3066 3151 3120 et
3197 3058 3506 3120 verborum
3550 3064 3803 3124 tuorum,

448 3167 568 3211 non
596 3154 759 3229 nota,
789 3164 895 3208 seu
916 3146 1107 3226 ﬁgura
1128 3156 1373 3229 propter
1401 3148 1688 3211 visionem
1718 3150 2091 3234 immutatur,
2176 3144 2511 3234 embulans,
2546 3149 2789 3225 sedens,
2825 3148 3172 3229 comedcns,
3209 3146 3440 3234 bibens,
3471 3161 3649 3234 orans
3695 3142 3807 3203 ﬂe-

449 3247 550 3302 aut
584 3238 1073 3314 transformatur;
1106 3236 1210 3299 sed
1241 3237 1328 3299 vis
1360 3237 1587 3301 videnti
1626 3259 1757 3321 quas
1805 3242 1866 3302 in
1904 3231 2095 3307 oculis
2178 3231 2335 3314 bam,
2369 3242 2427 3330 ei
2456 3233 2515 3295 in
2553 3235 3086 3330 gaudiqviveham
3131 3232 3538 3330 inenarrabili,
3572 3249 3709 3330 cum
3736 3238 3810 3330 .te

449 3328 580 3409 ejus
629 3335 718 3389 est
775 3332 1040 3407 purgata,
1102 3326 1349 3406 ﬁguram
1402 3334 1460 3389 et
1520 3329 1768 3390 formam
1799 3330 1990 3411 qualis
2009 3340 2098 3394 est
2178 3322 2613 3411 COSDOViSSBm-
2659 3322 2947 3406 Ορίίίεθηι
2998 3325 3288 3388 omnium
3320 3322 3628 3397 QuomOdO
3658 3322 3811 3411 θηίξη

448 3408 725 3498 percipit,
756 3421 878 3476 tota
907 3415 1036 3495 ejus
1066 3413 1462 3479 similitudine
1489 3416 1652 3479 velut
1680 3408 1971 3496 impressa
2008 3421 2062 3483 fa
2180 3428 2297 3471 ηοιι
2328 3410 2691 3491 gauderem?
2721 3412 2837 3476 Sed
2871 3432 3105 3477 rursum
3139 3422 3404 3484 maestus.
3428 3420 3487 3476 et
3516 3412 3626 3473 isto
3648 3408 3817 3471 modo

446 3503 650 3567 cuitali
681 3501 943 3579 videndi,
977 3501 1224 3565 etillam
1248 3510 1630 3584 penetrante,
1665 3514 1841 3588 atque
1874 3507 1934 3568 in
1961 3527 2094 3569 eam
2179 3516 2418 3561 rursum
2452 3508 2510 3562 te
2541 3500 2746 3564 videre
2770 3504 3223 3584 concupiscens,
3257 3511 3319 3563 ut
3346 3501 3466 3563 abii
3496 3500 3567 3562 ad
3606 3500 3813 3561 imma—

446 3591 735 3669 abstersa,
771 3597 830 3653 et
857 3590 1028 3685 quasi
1057 3590 1118 3652 in
1151 3589 1412 3654 tabulam
1448 3592 1747 3685 insculpta
1773 3594 1835 3657 in
1874 3595 2093 3673 anima,
2179 3589 2387 3685 culalm
2410 3590 2678 3653 Parentis
2715 3600 2831 3685 tuae
2872 3592 3215 3685 imaginem,
3258 3591 3447 3671 ipsam
3480 3589 3811 3685 salutatum.

447 3702 564 3765 qua
593 3690 759 3764 parte
786 3679 1091 3760 intelligit,
1126 3687 1185 3742 et
1215 3680 1528 3745 meminit:
1555 3682 1642 3745 sic.
1672 3681 1848 3745 etiam
1881 3693 1939 3747 tu
1970 3686 2100 3767 ipse
2183 3685 2240 3767 ei
2266 3677 2330 3767 in
2362 3696 2554 3757 genua
2602 3681 2914 3761 procubui,
2953 3691 3010 3742 tu
3041 3691 3357 3762 antequam
3394 3695 3725 3767 surgerem,
3758 3677 3814 3735 in

448 3763 675 3835 lumine
712 3769 903 3832 sancti
926 3769 1185 3851 Spiritus
1217 3770 1533 3852 perspicue
1562 3772 1721 3835 visus
1752 3792 1837 3845 es,
1875 3782 1934 3835 et
1956 3763 2096 3855 pur-
2180 3763 2416 3846 abjecto
2466 3768 2647 3830 corde
2690 3789 2845 3845 meo,
2896 3779 2959 3831 ut
3017 3770 3215 3832 lumen
3262 3769 3585 3850 perﬁciens
3633 3766 3816 3846 ipsum

449 3858 597 3942 gasti
627 3866 890 3922 mentem
922 3877 1116 3921 meam
1156 3859 1417 3939 integre:
1444 3880 1558 3942 qua
1580 3862 1800 3924 clarius
1820 3871 1878 3924 et
1897 3864 2099 3944 purius
2183 3873 2217 3915 ει
2246 3873 2350 3916 Ille
2370 3855 2531 3918 Visus
2555 3876 2642 3920 es.
2677 3858 2745 3919 Et
2775 3868 2900 3921 tum
2932 3860 3177 3940 cognovi
3209 3868 3264 3922 te
3302 3876 3406 3940 pro
3442 3864 3606 3918 certe
3638 3856 3697 3915 in
3732 3873 3820 3913 me

450 3948 713 4023 vidente,
748 3956 809 4011 tu
841 3946 990 4011 mihi
1013 3947 1292 4011 alicunde
1324 3950 1550 4029 egredi,
1600 3961 1661 4013 et
1710 3950 1962 4016 lucidior
1989 3972 2099 4034 ap-
2186 3961 2338 4006 esse.
2375 3944 2454 4006 Ex
2486 3964 2557 4008 eo
2587 3966 2707 4008 non
2734 3949 2889 4029 quod
2921 3966 3152 4010 memor
3180 3967 3371 4009 essem
3406 3946 3511 4026 tui,
3538 3954 3596 4005 ct
3619 3960 3817 4005 eorum

454 4056 668 4119 parere
699 4038 862 4100 visus
893 4044 1047 4113 es,et
1068 4038 1477 4101 characterem
1521 4039 1728 4102 formae
1756 4041 1885 4103 sine
1916 4043 2104 4105 forma
2186 4052 2301 4115 qua
2331 4043 2427 4096 tua
2454 4044 2613 4117 sunt,
2658 4045 2717 4098 te
2766 4038 3107 4118 diligebam,
3143 4039 3250 4101 sed
3301 4046 3355 4097 te
3402 4035 3815 4098 subsiztenlem

458 4136 519 4188 ut
576 4126 843 4189 viderem
891 4125 1242 4190 concessisti
1299 4127 1472 4204 mihi,
1514 4138 1573 4192 et
1625 4138 1749 4191 tum
1803 4149 1899 4192 me
1943 4140 2107 4193 extra
2189 4123 2532 4186 charitatem
2583 4126 2738 4188 intra
2788 4145 2883 4189 me
2932 4146 3068 4190 vere
3120 4127 3343 4189 habere
3379 4124 3638 4187 credidi.
3676 4121 3820 4184 Vert-

455 4215 742 4278 mundum
798 4214 1119 4294 abduxisti,
1171 4224 1228 4278 et
1287 4218 1443 4298 quod
1493 4218 1611 4280 dici
1666 4219 1755 4280 fas
1802 4220 2100 4297 existimo,
2132 4210 2346 4298 “enim
2383 4221 2441 4274 tu
2468 4213 2624 4276 Deus
2651 4215 2906 4277 charitas
2936 4234 3019 4279 es.
3054 4216 3222 4278 Fidei
3247 4215 3422 4294 igitur
3463 4231 3602 4294 spes
3632 4210 3823 4285 insita,

454 4305 631 4368 etiam
655 4313 821 4367 extra
842 4323 1084 4386 corpus;
1118 4325 1253 4368 nam
1286 4314 1350 4368 ut
1376 4307 1532 4369 istud
1566 4317 1841 4371 accurate
1862 4309 2102 4385 scirem,
2128 4300 2249 4362 "ei
2277 4300 2338 4362 in
2369 4301 2498 4383 ipsa
2526 4323 2560 4366 a
2602 4305 2950 4386 poenitentia
2988 4315 3046 4367 et
3089 4306 3363 4387 lacrymis
3409 4303 3623 4384 rigata,
3667 4308 3822 4383 post-

455 4413 575 4456 non
605 4392 843 4458 dedisti.
880 4390 1073 4472 Supra
1097 4393 1318 4456 mundo
1351 4395 1533 4472 igitur
1584 4397 1935 4460 illuminasti
1986 4417 2104 4479 me,
2189 4409 2362 4471 quam
2397 4391 2574 4454 etiam
2600 4413 2633 4456 a
2656 4394 2876 4457 lumine
2903 4404 2998 4457 tuo
3020 4394 3311 4456 illustrala
3339 4394 3577 4456 radices
3611 4392 3749 4471 egit,
3774 4397 3822 4479 et

457 4489 537 4557 et,
575 4480 989 4562 utvidebatur,
1014 4482 1193 4561 plane
1223 4483 1473 4563 pulchre
1502 4484 1722 4548 videnti
1776 4486 1919 4548 mihi
1949 4486 2088 4547 visu:

2192 4479 2343 4540 bene
2393 4490 2564 4543 aucta
2608 4491 2718 4557 est,
2772 4493 2891 4545 tum
2942 4484 3162 4545 deinde
3202 4492 3260 4544 tu
3307 4483 3432 4563 ipso
3464 4481 3663 4542 bonus
3694 4476 3826 4538 arti-

457 4589 544 4632 es.
577 4567 812 4632 Etcum
844 4578 900 4630 te
931 4569 1386 4649 interrogarem,
1434 4575 1703 4647 Domine,
1756 4576 1888 4656 quis
1918 4595 2102 4650 esses,
2190 4568 2305 4644 fex,
2338 4580 2393 4631 et
2440 4581 2647 4633 auctor
2675 4573 3024 4648 adveniens,
3079 4591 3184 4654 per
3239 4571 3497 4652 gladium
3554 4567 3829 4633 ten'atio-

458 4668 599 4722 tunc
627 4658 885 4741 primum
917 4677 1010 4721 me
1043 4659 1339 4742 perditum
1370 4680 1513 4725 voce
1563 4671 1657 4725 tua
1705 4664 1977 4744 dignatus
2017 4685 2103 4741 es,

460 4746 928 4830 perculsuinque
977 4756 1314 4826 stupentem
1358 4769 1426 4814 ac
1457 4761 1832 4828 trementem,
1867 4763 1926 4815 et
1954 4757 2108 4834 apud

458 4837 725 4901 animum
784 4836 993 4900 leviter
1051 4841 1432 4917 cogitantem,
1491 4860 1559 4903 ac
1604 4840 1925 4919 dicentem,
1966 4844 2105 4925 quid

461 4927 577 4990 sibi
604 4927 717 4990 ista
742 4925 1019 5008 gloria,et
1051 4927 1231 5008 hujus
1253 4929 1591 5008 splendoris
1613 4931 2114 5011 magnitudovult‘.’

458 5015 759 5099 quomodo
781 5023 883 5077 aut
915 5015 1072 5079 unde
1101 5034 1209 5094 ego
1241 5016 1379 5078 talia
1408 5017 1565 5081 bona
1584 5039 1820 5082 mereor
1838 5022 1867 5082 ?
1896 5021 2115 5084 leniter

462 5123 532 5168 ac
562 5103 794 5187 placide
838 5102 1056 5168 aﬂ‘atus
1103 5123 1168 5167 es
1210 5104 1269 5169 in
1322 5105 1477 5169 hunc
1511 5108 1749 5170 modum
1787 5127 1799 5171 :
1834 5108 1955 5190 Ego
1983 5130 2110 5172 sum

465 5196 649 5270 Dens,
683 5201 783 5259 tua
812 5212 989 5258 causa
1035 5194 1276 5257 hommo
1312 5194 1520 5257 factus.
1572 5198 1642 5259 Et
1689 5198 1965 5279 quoniam
2023 5219 2117 5262 me

466 5289 588 5347 tota
634 5282 837 5347 anima
894 5283 1238 5366 quaesivisti,
1301 5284 1375 5345 de
1425 5293 1663 5361 caetero,
1726 5305 1885 5362 ecce,
1940 5288 2119 5350 frater

469 5390 659 5447 meus,
690 5379 749 5436 et
774 5371 1065 5450 coheres,
1097 5380 1158 5435 et
1185 5374 1415 5435 amicus
1448 5375 1586 5437 eris.

548 5464 636 5530 Ad
680 5463 837 5529 hanc
866 5464 1194 5529 orationem
1227 5484 1360 5527 cum
1395 5465 1859 5550 obstupuissem,
1896 5476 1954 5531 et
1980 5468 2117 5532 ani-

551 5633 613 5684 57
642 5630 817 5697 Rom.
847 5649 974 5715 vni,
1006 5633 1108 5696 24.

2192 4676 2359 4739 nun,
2396 4679 2502 4741 per
2534 4661 2953 4737 humilitatem,
3003 4664 3267 4743 inquam,
3305 4660 3364 4721 in
3396 4678 3670 4737 magnam
3704 4656 3830 4718 alti—

2192 4746 2456 4810 tudinem
2495 4760 2699 4811 enatos
2729 4750 2967 4813 inutiles
3009 4750 3431 4830 cogitationum
3479 4767 3681 4809 ramos
3709 4764 3831 4806 am-

2197 4846 2428 4920 putans,
2465 4842 2595 4921 spei
2635 4841 2768 4923 soli,
2809 4850 2868 4902 ut
2913 4840 3017 4903 uni
3056 4840 3240 4902 radiri
3289 4837 3519 4901 arboris
3572 4845 3828 4899 sanctam

2196 4927 2541 4989 charitatem
2600 4937 2758 4991 tuam
2807 4929 3093 4992 insevisti.
3142 4928 3305 4991 Hanc
3357 4927 3560 5007 itaque
3604 4923 3833 4986 assiduo

2198 5020 2566 5081 incremento
2595 5021 2909 5100 proﬁcere,
2929 5027 2982 5081 et
3018 5027 3361 5080 consuetam
3388 5035 3456 5076 ac
3486 5013 3832 5076 familiarem

2199 5105 2368 5175 mihi,
2402 5108 2493 5169 vel
2528 5109 2727 5190 potius
2759 5118 2814 5171 te
2846 5126 2952 5188 per
2983 5111 3138 5171 hanc
3185 5108 3523 5182 ducentem,
3570 5113 3631 5164 et
3680 5103 3838 5162 ilius-

2204 5204 2453 5259 trantem
2489 5218 2582 5260 me
2613 5218 2889 5280 cernens,
2924 5207 2987 5261 ut
3008 5199 3130 5279 jam
3167 5197 3329 5258 omni
3360 5195 3479 5255 fide
3512 5212 3582 5254 ac
3616 5211 3720 5274 spe
3743 5210 3838 5251 su—

2203 5292 2422 5371 perior,
2456 5291 2542 5354 sic
2565 5292 2814 5357 afficior.
2849 5291 3351 5370 quemadmodum
3386 5298 3439 5349 et
3464 5288 3687 5352 Paulus
3722 5287 3839 5347 cla-

2203 5400 2370 5443 mans
2391 5383 2471 5443 ait
2507 5402 2520 5441 :
2550 5381 2720 5458 Quod
2748 5383 2911 5444 enim
2943 5382 3078 5461 quis
3106 5381 3290 5454 ridet,
3323 5378 3472 5460 quid
3505 5385 3716 5457 sperat
3741 5374 3799 5426 b7
3820 5381 3842 5432 .'

2201 5469 2263 5534 Si
2292 5471 2473 5552 igitur
2501 5490 2609 5549 ego
2641 5479 2697 5533 te
2721 5471 2936 5543 habeo,
2963 5471 3102 5552 quid
3138 5477 3423 5551 praeterea
3454 5485 3634 5548 spero
3654 5465 3684 5525 ?
