4054 6114
335 221 451 286 603

1653 221 1800 282 8ΥΜ
1811 222 2033 283 EONIS
2074 216 2423 282 JUNIORIS

3589 223 3702 288 604

1564 514 1690 563 ΤΟΥ
1735 513 1932 564 ΟΣΙΟΥ
1978 514 2236 567 ΠΑΤΡΟΣ
2283 513 2474 563 ΗΜΩΝ

643 699 1351 826 ΣΥΜΕΩΝ
1459 698 1806 827 ΤΟΥ
1908 702 2378 831 ΝΕΟΥ
2481 700 3432 831 ΘΕΟΛΟΓΟΥ

780 977 1338 1062 ΚΕΦΑΛΑΙΑ
1411 977 1992 1064 ΠΡΑΚΤΙΚΑ·
2047 982 2231 1065 ΚΑΙ
2305 979 2950 1067 ΘΕΟΛΟΓΙΚΑ
3023 949 3270 1065 ΡΜΕ“

1544 1343 1820 1406 SANCTI
1865 1345 2142 1408 PATRIS
2184 1346 2464 1410 NOSTRI

544 1536 1494 1682 SYMEONIS
1599 1538 2475 1684 JUNIORIS
2583 1540 3562 1686 THEOLOGI

713 1815 1111 1900 CAPITA
1188 1814 1728 1901 PRAC'IICA
1807 1817 1940 1900 ET
2010 1817 2723 1904 THEOLOGICA
2793 1809 3315 1903 CCXXVIII'

419 2142 474 2203 1.
507 2142 686 2205 Fides
717 2149 827 2217 est,
866 2151 1108 2223 propter
1139 2143 1442 2207 Christum
1503 2163 1607 2225 pro
1641 2145 1770 2224 ejus
1813 2163 1975 2206 man-

2140 2135 2213 2206 α’.
2261 2146 2438 2207 Πίστις
2473 2145 2604 2219 ἐστὶ,
2659 2146 2720 2198 τὸ
2791 2142 2872 2201 διὰ
2934 2146 3155 2222 Χριστὸν
3224 2143 3352 2221 ὑπὲρ
3399 2152 3496 2212 τῆς
3554 2151 3710 2205 αὐτοῦ

332 2230 466 2292 dato
495 2239 682 2293 morte
709 2230 1088 2312 occumbere,
1125 2242 1183 2294 et
1208 2235 1481 2310 credere,
1519 2243 1767 2295 mortem
1795 2234 1975 2313 huju-

408 2403 486 2469 (1)
516 2400 849 2482 Praecedth
878 2401 1023 2472 apud
1054 2402 1171 2459 Jac.
1233 2401 1556 2460 Pontanum
1615 2403 1860 2475 capitula
1897 2418 1980 2459 se-

381 2482 566 2528 ilenlla
598 2488 610 2528 ;

381 2487 566 2528 uentta
598 2488 610 2528 :

335 2487 369 2543 q
411 2564 432 2592 ι
473 2543 627 2618 De_us
656 2543 954 2618 corporeis
1000 2544 1181 2600 oculis
1239 2545 1647 2615 aspicientibus
1695 2559 1978 2618 nusquam

336 2621 442 2672 ist.
497 2613 694 2685 etIugit
752 2614 899 2669 enim
961 2629 1193 2672 sensum
1250 2613 1478 2672 omnem
1538 2613 1842 2673 cesnendif
1889 2621 1981 2672 Ast

333 2685 542 2765 animo.
577 2695 631 2741 et
660 2685 1002 2767 cogitatione
1036 2687 1420 2767 intuentibus,
1447 2688 1659 2757 ubique
1689 2696 1796 2767 est.
1839 2687 1978 2744 Nam

335 2771 464 2810 cum
499 2759 554 2811 in
613 2759 768 2811 omni
817 2771 917 2812 seu
978 2759 1033 2811 in
1098 2772 1288 2813 rerum
1327 2761 1690 2814 universitate
1719 2766 1826 2826 est,
1861 2770 1978 2814 tum

336 2837 493 2883 extra
527 2840 697 2882 omne
740 2835 843 2883 est.
875 2827 939 2884 In
987 2827 1087 2884 illo
1140 2843 1315 2898 prope
1369 2837 1454 2886 est
1484 2831 1816 2885 timentibus
1848 2844 1977 2884 eum

335 2898 770 2972 (Psalthxxw,
809 2898 918 2966 10),
953 2909 1007 2972 et
1062 2900 1224 2971 longe
1283 2918 1312 2956 a
1373 2901 1766 2972 peccatoribus
1822 2900 1979 2957 salus

332 2968 458 3038 ejus
487 2971 658 3028 (Psal.
692 2981 888 3034 cxvm,
928 2971 1066 3037 155).

407 3064 428 3091 ι
462 3040 727 3097 Memoria
759 3041 964 3097 Christi
1017 3051 1263 3098 mentem
1321 3041 1627 3104 illuminat,
1679 3050 1732 3097 et
1763 3041 1978 3098 daemo-

336 3123 437 3165 nas
468 3111 640 3182 fugat.
670 3111 886 3167 Lumen
922 3121 1111 3168 autem
1168 3122 1377 3170 sancta)
1406 3113 1692 3170 Trinitatis
1723 3114 1778 3168 in
1812 3113 1987 3170 corde

337 3195 481 3249 puro
539 3185 765 3254 lucens.
819 3183 1112 3240 hominem
1167 3199 1197 3240 a
1257 3193 1287 3236 tt
1316 3193 1369 3239 to
1428 3185 1638 3240 mundi.
1712 3183 1980 3254 St-jungét,

335 3255 538 3324 suique.
571 3253 902 3322 participem
927 3254 1045 3323 jam
1079 3255 1211 3310 hinc
1261 3255 1448 3311 futura
1498 3255 1676 3324 gloria
1715 3253 1918 3324 complt
1942 3264 1980 3321 t,

336 3334 819 3396 quatenus_eam
904 3333 1087 3394 potest
1166 3339 1388 3396 capere,
1475 3328 1572 3396 qui
1647 3343 1676 3381 a
1737 3339 1979 3396 superna

336 3398 514 3463 gratia
548 3394 783 3466 regitur,
818 3403 871 3450 et
903 3397 1090 3451 adhuc
1139 3397 1193 3452 in
1234 3394 1513 3466 corporis
1569 3394 1822 3453 custodia
1883 3397 1982 3454 de-

336 3469 570 3523 tinetur.

2060 2233 2275 2300 ἐντολῆς
2345 2234 2629 2290 ἀποθανεῖν
2663 2249 2676 2262 ⁸
2739 2235 2825 2288 καὶ
2875 2234 2966 2288 τὸν
3053 2233 3274 2288 θάνατον
3328 2239 3510 2290 τοῦτον
3566 2241 3707 2306 ζωῆς

2062 2401 2315 2459 custodia
2378 2400 2797 2459 mandatorum.
2863 2399 3027 2469 Quod
3079 2400 3125 2456 si
3183 2407 3239 2456 et
3289 2401 3460 2458 timor
3488 2401 3584 2460 Dei
3614 2417 3702 2458 va-

2062 2487 2279 2538 camus,
2311 2481 2366 2530 et
2395 2473 2602 2529 divinis
2636 2472 2854 2541 legibus
2879 2486 2993 2528 non
3029 2485 3315 2542 paremus,
3349 2472 3421 2529 ab
3453 2475 3698 2532 ethnicis

2062 2544 2593 2616 atqueiinﬁdelibus
2623 2543 2768 2616 nihil
2800 2543 3212 2616 discrepamus.

2137 2613 2162 2668 ἆ
2219 2615 2404 2680 Fides,
2488 2616 2658 2672 timor
2729 2613 2849 2682 Dei,
2925 2613 3246 2670 observatio
3303 2613 3704 2673 mandatorum

2061 2686 2187 2756 ejus
2219 2701 2321 2756 pro
2353 2688 2611 2756 portione
2643 2684 2995 2756 purgationis
3045 2689 3343 2756 przemium
3364 2686 3703 2756 conciliant.

2063 2755 2361 2824 Quantum
2408 2755 3017 2828 purg-mur,’tantum
3077 2755 3133 2811 in
3215 2755 3546 2828 charitatem
3604 2759 3704 2816 Dei

2062 2843 2092 2884 a
2124 2829 2328 2884 timore
2357 2826 2676 2896 evehiinur,
2705 2835 2796 2899 et,
2817 2826 3166 2896 proﬁciendo
3218 2827 3641 2899 quodammodo
3671 2845 3700 2887 a

2060 2899 2267 2956 timore
2295 2899 2369 2956 ad
2401 2899 2736 2956 charitatem
2767 2898 2867 2954 Dei
2929 2898 3260 2962 transimus,
3309 2899 3602 2957 audientes
3630 2901 3701 2956 ab

2060 2985 2164 3026 eo:
2205 2991 2229 3023 ι
2262 2969 2368 3038 Qui
2400 2970 2568 3026 habet
2627 2969 2890 3027 mandata
2949 2983 3096 3028 mea.
3154 2977 3210 3025 et
3262 2979 3449 3028 servat
3486 2986 3570 3036 ea,
3603 2970 3700 3026 ille

2067 3043 2274 3112 estqui
2335 3041 2521 3110 diligit
2577 3056 2667 3097 me
2721 3041 2904 3112 (Joan.
2963 3052 3080 3103 xw,
3114 3039 3223 3108 91).
3263 3059 3287 3091 ι
3343 3041 3410 3097 Ει
3467 3041 3540 3097 ita
3571 3055 3698 3097 cer-

2069 3111 2256 3170 tamen
2316 3113 2611 3169 certamini
2669 3111 2966 3175 addamus,
3026 3112 3321 3182 magisque
3367 3125 3592 3181 semper
3623 3126 3701 3168 ac

2067 3185 2251 3255 magis
2298 3185 2730 3255 contendamus,
2770 3192 2874 3255 Aut_
2901 3182 3172 3255 operibus
3227 3183 3550 3255 charitatem
3591 3183 3698 3255 Vde-

2067 3252 2472 3312 monstrtmus.
2523 3253 2686 3322 Quod
2735 3253 2797 3324 si
2843 3252 2956 3316 ﬁat,
3015 3254 3154 3324 ipse,
3214 3254 3364 3311 sicut
3419 3254 3702 3324 promisit,

2064 3325 2450 3397 nosﬂdiliget.
2511 3325 2563 3381 Si
2621 3323 2885 3397 Cbrisius
2932 3323 3051 3397 nos
3094 3324 3315 3397 diligat,
3346 3323 3529 3397 Pater
3578 3325 3706 3397 ejus

2065 3394 2484 3470 similiter—uos
2540 3397 2745 3470 charos
2797 3394 3044 3470 habebit,
3105 3406 3158 3451 et
3210 3394 3454 3470 Spiritus
3507 3394 3708 3470 utique

2064 3469 2212 3524 viam
2273 3469 2509 3530 muniet,
2566 3482 2635 3525 ac
2705 3466 3053 3522 domicilium
3111 3467 3469 3537 preparabit,
3527 3466 3706 3525 ut'in

410 3558 432 3586 ε
466 3537 523 3594 Si
581 3536 1078 3611 praetereuntibus,
1137 3552 1203 3595 ac
1261 3538 1628 3607 pereuntibus
1686 3534 2180 3611 omnibus,Buno
2209 3539 2588 3611 hypostaseon
2643 3534 3453 3611 personarumve_'conventu,
3502 3538 3701 3611 Patris,

335 3624 462 3676 quae
518 3610 817 3664 oculorum
879 3623 1050 3666 sensu
1112 3611 1526 3679 percipiuntur,
1586 3611 1978 3667 tantummodo

334 3681 484 3735 lJeus
515 3688 831 3752 permanet,
865 3682 1356 3752 achpcrmanebit,
1417 3681 1652 3738 omnino
1701 3680 1823 3752 ejus
1854 3696 1974 3750 gra-

331 3755 422 3808 tiae
456 3749 527 3832 in
574 3751 679 3806 hac
737 3750 842 3807 vita
899 3749 1111 3832 affatim
1168 3762 1480 3822 compotes,
1535 3749 1878 3832 quanquam
1920 3753 1976 3808 in

337 3825 502 3878 terris
561 3831 1120 3894 versantur._tamen
1190 3838 1338 3879 nunc
1394 3825 1700 3880 maximam
1763 3832 1977 3894 partem

333 3908 462 3949 cum
495 3893 684 3966 futuro
733 3892 944 3950 saeculo
995 3897 1128 3964 apti,
1190 3903 1358 3964 atque
1413 3896 1703 3966 conjuncti
1737 3892 1888 3960 sunt,
1927 3904 1980 3952 et

336 3967 388 4045 in
426 3965 624 4045 umbra
658 3965 1010 4045 ista,_onere
1054 3968 1313 4035 corporis
1372 3965 1641 4038 tanquam
1674 3966 1832 4038 gravi
1864 3981 1977 4022 sar-

333 4037 457 4093 cina
491 4035 768 4106 depressi,
803 4035 1205 4107 ingemiscunt.

413 4127 434 4157 ι
468 4107 747 4164 Dominus
777 4118 968 4164 noster
1025 4123 1138 4166 non
1185 4123 1283 4163 eos
1340 4108 1533 4166 beatos
1581 4125 1706 4164 esse
1735 4108 1976 4165 afﬁrmat

332 4180 644 4249 (.llatlh.v,
682 4181 786 4245 10),
832 4180 927 4248 qui
983 4179 1188 4236 docent
1245 4179 1556 4248 duntaxat;
1614 4179 1714 4235 sed
1771 4181 1975 4250 dignos

334 4265 489 4318 prius
547 4265 646 4320 pur
705 4255 1100 4321 mandatorum
1161 4250 1518 4308 obedentiam
1580 4251 1822 4315 habitos,
1873 4250 1972 4321 qui

333 4320 1004 4394 celesttasuspicertnt,
1052 4323 1269 4394 quique
1318 4323 1372 4377 in
1434 4322 1754 4392 semetipsis
1786 4320 1977 4377 lumen

329 4393 562 4464 Spiritus
593 4392 929 4464 illuminans
977 4392 1286 4449 coruscare
1335 4402 1781 4464 conspexerunt,
1833 4396 1974 4448 etin

335 4479 460 4519 vcra
493 4461 746 4534 ejusdem
779 4463 998 4518 Visione
1043 4478 1144 4533 per
1202 4467 1386 4534 ipsum
1431 4461 1494 4519 et
1540 4466 1891 4532 cognitione,
1922 4471 1978 4520 et

331 4533 553 4591 actione
585 4533 928 4597 didicerunt,
961 4534 1030 4589 de
1087 4533 1296 4604 quibus
1353 4535 1502 4604 apud
1561 4538 1700 4591 alios
1731 4534 1971 4590 docendi

332 4622 502 4662 causa
551 4604 913 4676 dissererent.
968 4604 1221 4662 Primum
1282 4607 1454 4674 igitur
1488 4622 1608 4676 eos
1637 4607 1737 4676 qui
1767 4607 1836 4661 ad
1867 4605 1972 4662 do-

332 4678 578 4734 cendum
633 4675 1065 4743 aggrediuntur,
1155 4678 1224 4734 ita
1278 4675 1520 4744 sustolli,
1597 4675 1670 4734 ac
1713 4677 1969 4740 subvehi,

333 4749 810 4820 quemadmodum
845 4745 1116 4808 diximus,
1151 4763 1385 4805 necesse
1421 4758 1544 4818 est;
1570 4763 1640 4804 ne
1662 4749 1707 4804 si
1731 4747 1972 4820 doceant

2062 3619 2116 3666 et
2148 3607 2302 3736 Igilii,
2327 3620 2380 3667 et
2411 3607 2661 3682 Spiritus
2697 3607 2881 3666 sancti
2935 3609 3159 3666 mansio
3215 3616 3269 3666 et
3316 3608 3704 3667 habitaculum

2062 3695 2159 3736 6V3
2205 3697 2388 3736 amus.

2061 3695 2388 3738 evadamus.

2143 3773 2164 3802 α
2222 3753 2498 3809 Divinitas
2554 3760 2668 3824 tres
2702 3751 3386 3824 _bypostaseshhabentis
3442 3758 3701 3822 suscepta

2063 3822 2121 3878 in
2173 3824 2434 3894 perfectis
2481 3822 2790 3888 habitatio,
2832 3822 3231 3894 qumiidem
3290 3831 3700 3892 cognoverunt,

2061 3906 2116 3950 et
2144 3891 2415 3964 praeclare
2457 3903 2786 3961 senserunt,
2829 3891 2894 3950 ea
2921 3891 3268 3950 desiderium
3300 3891 3556 3964 ipsorum
3589 3908 3703 3950 non

2060 3968 2249 4037 satiat,
2279 3967 2378 4023 sed
2413 3966 2643 4037 majoris
2690 3964 2898 4037 potius,
2947 3973 3008 4037 et
3063 3964 3404 4022 ardentioris
3435 3964 3702 4022 desiderii

2060 4035 2284 4094 initium
2315 4046 2368 4092 et
2412 4033 2581 4095 caiisa
2639 4033 2741 4092 est.
2775 4033 3002 4092 Exinde
3031 4039 3184 4092 enim
3224 4039 3461 4093 istorum
3520 4037 3705 4107 hospi-

2057 4116 2175 4163 tum
2206 4110 2519 4178 susceptori
2577 4107 2796 4165 nullam
2856 4115 3071 4178 partem
3129 4107 3337 4178 quietis
3392 4107 3699 4164 concedit:

2056 4192 2253 4235 verum
2291 4177 2482 4245 efﬁcit,
2512 4187 2574 4236 ut
2623 4179 2785 4251 quasi
2822 4177 2914 4251 ab
2963 4177 3091 4251 igne
3147 4177 3374 4251 semper
3403 4181 3702 4251 incensus,

2055 4259 2108 4320 et
2159 4251 2562 4313 inﬂammatus,
2621 4248 2694 4306 ad
2723 4248 3021 4304 divinioris
3075 4249 3374 4320 cujusdam
3435 4248 3702 4306 desiderii

2060 4319 2348 4378 ﬂammam
2382 4337 2507 4378 sese
2538 4320 2794 4392 extollat.
2818 4319 3101 4392 Quoniam
3133 4319 3287 4392 enim
3321 4334 3500 4386 mens,
3533 4335 3702 4392 quem

2059 4393 2344 4449 desiderat
2403 4390 2779 4463 intelligendo
2852 4390 3358 4463 comprehendere,
3417 4402 3475 4448 et
3532 4390 3702 4448 tinem

2059 4463 2182 4536 ejus
2237 4461 2774 4536 indagareinequit,
2836 4461 3007 4518 etiam
3046 4461 3362 4531 desiderio,
3419 4471 3476 4520 et
3522 4463 3702 4536 amori

2057 4533 2228 4590 ﬁnem
2261 4552 2326 4590 ac
2373 4533 2682 4592 terminum
2732 4546 2943 4604 ponere
2991 4545 3106 4588 non
3165 4545 3381 4603 potest:
3440 4534 3539 4590 sed
3570 4548 3706 4590 eum

2057 4604 2171 4662 ﬂne
2219 4607 2442 4663 infinito
2490 4606 2767 4676 assequi,
2805 4613 2860 4660 et
2915 4605 3400 4674 comprehendere
3457 4605 3703 4669 enitens,

2057 4676 2409 4733 desiderium
2474 4675 2700 4748 semper
2757 4675 3103 4748 immensum
3161 4676 3588 4748 inﬁnitumque,
3646 4685 3700 4734 et

2055 4748 2387 4805 charitatem
2423 4745 2821 4818 inexplebilem
2847 4745 2906 4801 in
2938 4746 3131 4816 seipsa
3160 4745 3508 4804 circumfert.

329 4814 457 4894 quae
487 4820 768 4894 nesciunt,
807 4826 921 4894 tam
944 4833 1075 4894 sese
1100 4820 1278 4894 ipsos,
1333 4814 1643 4890 quam'sibi
1677 4819 1968 4874 credentes
1989 4814 2028 4862 C
2084 4889 2096 4894 Δ
2123 4839 2155 4894 _¢
2189 4820 2294 4888 Qui
2325 4821 2389 4876 ad
2419 4814 2576 4894 hanc
2614 4814 3460 4894 metam_pt_'ocessit,_nondum
3491 4833 3554 4894 S}
3585 4817 3703 4894 da-

334 4888 387 4948 i'o
423 4891 674 4964 traudem
707 4901 762 4946 et
790 4889 1027 4946 exitium
1065 4888 1365 4948 inducant.
1529 4961 1562 4964 η
1623 4961 1648 4964 _
2052 4889 2270 4964 siderti,
2337 4901 2433 4947 aut
2488 4889 2781 4964 charitatis
2838 4888 3055 4964 D_ei_in
3111 4891 3297 4960 seipse
3353 4889 3702 4964 principium

405 4991 426 5016 ι
463 4965 570 5033 Qui
603 4961 774 5017 Deum
809 4975 924 5017 n~n
958 4965 1134 5026 timet,
1169 4964 1215 5017 is
1245 4976 1359 5020 non
1411 4961 1590 5019 credit
1622 4961 1795 5017 Deum
1823 4977 1966 5033 esse.
2053 4961 2341 5033 invenisse
2385 4963 2736 5019 arbitratur:
2795 4958 2912 5033 sed
2944 4958 3013 5014 de
3038 5031 3046 5033 Α
3070 4976 3131 5033 se
3190 4958 3260 5019 ita
3293 4958 3482 5023 sentit.
3537 4958 3699 5033 Quasi

333 5029 604 5105 insipiens
633 5034 786 5089 enim
817 5044 900 5090 est
931 5033 1099 5097 (Paul.
1135 5047 1258 5104 xui,
1313 5036 1387 5101 1),
1422 5035 1528 5102 Qui
1579 5042 1764 5090 autem
1797 5032 1968 5105 istud
2057 5032 2230 5090 Deum
2263 5047 2375 5090 non
2408 5040 2625 5090 amaret
2657 5049 2670 5088 :
2721 5029 3184 5105 quandoquidem
3231 5033 3527 5105 charitatis
3556 5029 3701 5103 'ple-

331 5101 507 5164 credit
535 5107 698 5163 illum
758 5105 954 5160 timet:
987 5176 992 5177 ί
1027 5127 1049 5156 α
1083 5105 1189 5172 Qui
1239 5101 1608 5177 'porro’uicit
1663 5120 1723 5161 :e
1763 5103 1969 5177 timere.
2054 5105 2374 5161 nitudinem
2431 5104 2661 5177 assequi
2712 5101 2863 5177 baud
2918 5105 3201 5177 potuerit.
3242 5104 3382 5159 llinc
3453 5101 3702 5173 seipsum

328 5180 532 5244 Deum,
563 5188 617 5234 et
648 5177 914 5232 mandata
948 5176 1072 5247 ejus
1117 5173 1555 5241 non'custodtt,
1612 5175 1858 5232 mendax
1887 5189 1972 5230 es;
2057 5184 2408 5247 postremum
2465 5173 2730 5247 omnium,
2774 5175 3126 5247 timentium!
3171 5173 3348 5247 Deum
3409 5183 3700 5247 reputans.

326 5253 379 5309 tI
402 5252 565 5307 Joan.
592 5262 654 5309 Il.
689 5248 760 5312 Α),
801 5265 825 5299 ι
859 5257 913 5304 et
941 5244 1113 5306 timor
1161 5249 1254 5304 Dei
1301 5252 1357 5304 in
1418 5247 1515 5305 illo
1573 5262 1685 5303 non
1718 5257 1839 5311 est;
1873 5247 1970 5319 ubi
2057 5246 2358 5319 indignum
2389 5257 2602 5313 censet,
2635 5245 2735 5317 qui
2767 5258 2896 5302 cum
2957 5244 3221 5302 fidelibus
3249 5245 3492 5304 salutem
3520 5245 3706 5316 adipi-

327 5325 480 5379 enim
536 5323 731 5382 timor,
805 5319 992 5390 inquit
1047 5321 1330 5392 scriptura
1389 5319 1536 5387 (Psal
1619 5331 1733 5384 cxr,
1771 5319 1844 5386 t),
1895 5317 1968 5373 ibi
2056 5317 2273 5376 scatur.

414 5498 425 5509 '
469 5491 576 5554 145
611 5496 831 5550 tantum
869 5488 1157 5550 habemus
1197 5487 1399 5551 Greece
1453 5488 1608 5550 edita
1653 5489 1714 5548 in
1765 5487 1932 5545 mm
1959 5488 1977 5543 ,Ι

2086 5497 2186 5548 τῶν
2217 5494 2366 5569 ἱερῶν
2413 5495 2723 5565 Νηπτικῶν,
2757 5485 3026 5551 Venetiis
3061 5485 3220 5549 4789
3247 5485 3350 5549 fol.
3379 5485 3507 5549 Jac.
3542 5485 3697 5550 Pon-

331 5581 502 5632 tanus
533 5569 648 5630 220
683 5569 885 5632 Latine
920 5569 1204 5631 ediderat.
