4054 6114
339 270 454 335 6035

1485 273 1921 336 DIVINORUM
1968 273 2293 337 AMORUM
2340 275 2592 338 LIBER.

3587 265 3707 333 606

338 406 584 487 πρόξενον
639 409 781 467 εἶναι
841 409 1103 466 πιστεύειν
1135 423 1150 437 ·
1212 410 1310 476 τὴν
1365 408 1662 488 πτωχείαν,
1707 409 1779 472 ὡς
1808 407 1971 466 πλοῦ·-

2065 405 2331 468 scemodi
2360 407 2497 470 vitae
2542 408 3035 483 conciliatricem,
3094 428 3164 472 ac
3196 414 3498 490 parentem
3530 420 3704 479 esse;

342 518 432 552 τον
478 495 769 576 λογίζεσθαι
805 518 820 532 ·

340 582 490 651 δόξαν
541 587 729 660 τῳόντι
807 588 896 643 καὶ
975 587 1313 667 περιφάνειαν
1346 601 1360 615 ⁶

345 673 515 754 ἔχειν,
547 676 614 733 τὰ
641 676 814 734 πάντα
894 675 1144 757 κατέχειν
1225 674 1488 733 πιστεύειν
1519 691 1536 707 ⁸
1572 674 1775 751 μᾶλλον
1805 673 1859 730 δὲ
1888 696 1981 731 κε-

342 762 563 831 κτῆσθαι
617 765 710 820 τὸν
767 761 1158 843 ἀνεξιχνίαστον
1211 761 1439 820 πλοῦτον
1478 767 1579 830 τῆς
1649 761 1982 841 ἐπιγνώσεως

336 857 426 907 τού
461 858 710 931 Χριστοῦ,
767 853 854 909 καὶ
909 851 1081 919 πηλὸν
1139 852 1177 920 ἢ
1226 853 1428 909 καπνὸν
1483 852 1689 912 ἅπαντα
1741 852 1808 908 τὰ
1839 851 1980 930 ὁρώ-

334 961 470 1019 μενα
499 943 749 1019 καθορᾶν.

411 1017 488 1105 β’.
528 1019 590 1086 Ἠ
619 1017 691 1093 εἰς
721 1031 948 1110 Χριστὸν
976 1030 1149 1092 πίστις
1201 1028 1331 1110 ἐστὶ,
1391 1032 1453 1086 τὸ
1510 1030 1588 1106 μὴ
1620 1028 1781 1104 μόνον
1810 1050 1980 1086 κατα-

329 1122 589 1194 ερον-ἧσαι
616 1123 723 1175 τῶν
753 1118 808 1175 ἐν
858 1120 936 1195 τῷ
965 1120 1063 1196 βίῳ
1117 1125 1377 1198 τερπνῶν,
1422 1117 1559 1175 ἀλλὰ
1615 1119 1705 1175 καὶ
1758 1121 1820 1175 τὸ
1849 1140 1978 1197 καρ-

329 1211 548 1286 τερῆσαι
603 1208 692 1264 καὶ
745 1209 806 1264 τὸ
860 1209 1147 1284 ὑπομεῖναι
1230 1207 1403 1265 πάντα
1458 1208 1749 1287 πειρασμὸν
1819 1207 1978 1286 ἐπερ-

331 1294 566 1375 χόμενον
598 1295 655 1352 ἐν
701 1297 916 1375 λύπαις,
953 1297 1042 1353 καὶ
1096 1295 1326 1372 θλίψεσι,
1382 1297 1471 1352 καὶ
1525 1308 1845 1377 συμφοραῖς,
1877 1295 1977 1359 ἕως

334 1385 394 1439 ἂν
423 1382 625 1461 θελήσῃ
666 1387 757 1443 καὶ
814 1384 1167 1462 ἐπισκέψηται
1221 1386 1364 1459 ἡμᾶς
1421 1387 1449 1441 ὁ
1505 1384 1659 1450 Θεός.
1698 1405 1723 1440 ι
1760 1384 1977 1461 Υπομέ-

329 1494 433 1529 νων
460 1474 585 1554 γὰρ,
657 1475 839 1555 φησὶν,
890 1473 1147 1550 ὑπέμεινα
1195 1474 1289 1529 τὸν
1331 1474 1541 1553 Κύριον,
1595 1474 1683 1529 καὶ
1712 1472 1977 1554 προσέσχε

329 1584 445 1634 μοι.
481 1581 514 1622 )

879 499 977 567 τὴν
1033 497 1296 555 εὐτέλειαν
1343 498 1433 555 καὶ
1489 494 1840 571 ἐξουδὲνωσιν,
1913 499 1988 560 ὡς

1420 587 1509 642 καὶ
1553 585 1605 642 ἐν
1689 592 1765 660 τῷ
1821 583 1987 661 μηδὲν

2074 503 2477 577 paupertatem
2509 496 2743 559 divitias
2764 498 3007 560 ducere.
3034 496 3333 560 Vilitatem
3360 501 3703 558 etcontem-

2070 590 2260 664 ptum,
2307 604 2507 647 veram
2559 587 2824 662 gloriam,
2883 586 3327 667 claritatemque
3351 583 3622 665 judicare
3649 589 3707 643 et

2068 672 2130 733 in
2160 673 2308 735 nihil
2338 674 2612 737 habendo
2636 675 2838 737 omnia
2868 674 3198 756 possidere,
3231 692 3295 735 se
3321 672 3699 735 existimare:

2066 767 2188 829 imo
2246 765 2439 841 potius
2503 787 2523 818 ε
2562 762 3002 842 investigabiles
3059 761 3276 826 Christi
3328 759 3612 823 divitiasi
3675 781 3698 815 ο

2068 848 2402 930 possidere,
2435 857 2494 912 et
2522 851 2797 913 universa
2826 870 2960 932 quae
3014 851 3313 931 videntur,
3361 866 3481 911 non
3510 846 3701 921 aliter,

2067 952 2248 1015 quam
2278 945 2345 997 ut
2377 936 2591 1018 Iulum,
2628 946 2685 1000 et
2718 938 2943 1000 fumum
2975 937 3266 1019 aspicere.

2143 1024 2204 1087 2.
2262 1024 2440 1088 Fides
2485 1027 2546 1087 in
2588 1028 2886 1091 Christum
2917 1039 3026 1104 est,
3063 1047 3181 1090 non
3213 1027 3402 1089 solum
3437 1025 3704 1088 oblecta-

2066 1121 2264 1175 menta
2295 1114 2475 1195 hujus
2505 1115 2634 1178 vitae
2652 1118 2980 1197 aspernari,
3015 1120 3119 1179 sed
3145 1134 3352 1178 omnes
3381 1133 3614 1195 quoque
3643 1112 3703 1174 in

2063 1220 2174 1263 nos
2203 1203 2549 1266 invadentes
2580 1205 2936 1267 tentationes
2967 1205 3258 1286 patienter
3286 1204 3443 1265 ferre
3473 1221 3540 1264 ac
3570 1220 3704 1264 sus-

2061 1289 2276 1372 tinere,
2309 1291 2370 1352 in
2401 1293 2712 1375 molestiis,
2772 1294 3214 1369 afﬂictionibus,
3247 1290 3700 1365 calamitatibus,

2060 1379 2249 1460 quoad
2278 1379 2433 1443 Deus
2462 1381 2734 1458 voluerit,
2769 1391 2826 1444 et
2857 1400 2964 1444 nos
2994 1381 3334 1444 visitaverit.

406 1640 483 1730 γ’.
516 1654 576 1710 Οἱ
603 1655 725 1716 τοὺς
755 1654 953 1711 ἑαυτῶν
985 1664 1165 1731 γονεῖς
1229 1651 1281 1709 ἕν
1340 1674 1442 1709 τινι
1487 1654 1850 1732 προτιμῶντες
1879 1658 1971 1721 τῆς

2138 1648 2197 1709 3.
2236 1646 2349 1720 Qui
2377 1647 2439 1709 in
2471 1665 2538 1710 re
2565 1649 2765 1730 aliqua
2794 1657 3071 1728 parentes
3122 1667 3259 1710 suos
3288 1647 3395 1710 Dei
3425 1649 3701 1711 mandato

325 1747 422 1798 τοῦ
451 1748 584 1801 Θεοῦ
640 1741 879 1818 ἐντολῆς,
928 1742 1103 1798 πίστιν
1157 1743 1216 1798 οὖ
1243 1741 1526 1808 κέκτηνται
1566 1743 1695 1822 πρὸς
1729 1743 1972 1822 Χριστόν.

329 1830 546 1895 Πάντως
592 1832 692 1911 γὰρ
738 1833 841 1888 ὑπὸ
909 1835 1010 1899 τῆς
1083 1829 1218 1895 ἰδίας
1277 1832 1540 1910 κρίνονται
1601 1828 1972 1901 συνειδήσεως·

328 1917 445 1997 εἴγε
472 1921 561 1976 καὶ
629 1917 919 1988 συνείδησιν
963 1925 1137 1991 ζῶσαν
1196 1918 1379 1998 ’έχουσι
1435 1920 1552 1998 περὶ
1606 1924 1702 1987 τῆς
1730 1919 1974 1984 ἀπιστίας

326 2011 525 2070 αὐτῶν.
558 2014 767 2066 Πιστῶν
824 2008 925 2088 γὰρ
978 2013 1133 2064 τοῦτο
1162 2007 1295 2083 ἐστι,
1354 2008 1415 2064 τὸ
1469 2007 1523 2063 ἐν
1579 2006 1763 2083 μηδενὶ
1794 2006 1974 2083 μηδα-

327 2103 445 2171 μῶς
502 2097 596 2155 τοῦ
651 2096 885 2176 μεγάλου
940 2097 1071 2154 Θεοῦ
1124 2097 1216 2152 καὶ
1284 2099 1535 2175 Σωτῆρος
1586 2097 1739 2173 ἡμῶν
1796 2094 1973 2164 Ἰησοῦ

326 2194 560 2266 Χρϊστοῦ
586 2184 923 2266 παραϐαίνειν
951 2186 1051 2254 τὴν
1083 2184 1327 2256 ἐντολήν,

402 2265 472 2337 δ’.
507 2275 688 2339 Πίστις
715 2276 750 2343 ἡ
782 2277 853 2339 εἰς
912 2276 1136 2354 Χριστὸν
1192 2276 1285 2331 τὸν
1354 2273 1601 2341 ἀληθινὸν
1661 2276 1813 2346 Θεὸν,
1846 2275 1968 2332 ἐπι-

321 2365 510 2439 θυμίαν
565 2364 745 2420 καλῶν
809 2361 1014 2443 ἔτεκεν,
1073 2363 1160 2419 καὶ
1209 2360 1370 2443 φόϐον
1425 2360 1714 2438 κολάσεων,
1794 2356 1855 2419 Ἦ
1913 2361 1970 2418 δὲ

321 2458 429 2509 τῶν
486 2453 800 2532 κρειττόνων
859 2451 1127 2532 ἐπιθυμία,
1182 2453 1270 2509 καὶ
1331 2454 1359 2509 ὁ
1403 2448 1563 2532 φόϐος
1615 2458 1720 2508 τῶν
1800 2451 1970 2510 κολά-

322 2561 461 2599 σεων
532 2542 758 2620 τήρησιν
844 2538 1035 2620 ἀκριϐῆ
1079 2547 1183 2599 τῶν
1262 2538 1485 2598 ἐντολῶν
1561 2542 1967 2620 κατειργάσατο.

323 2623 384 2687 Ἠ
417 2628 473 2687 δὲ
502 2628 724 2710 ἀκριϐὴς
781 2630 886 2686 τῶν
944 2629 1172 2687 ἐντολῶν
1228 2630 1476 2708 τήρησις,
1538 2628 1638 2696 τὴν
1694 2628 1822 2687 ἰδίαν
1850 2631 1968 2695 τοὺς

319 2721 624 2800 ἀνθρώπους
679 2717 972 2777 ἐκδιδάσκει
1039 2718 1333 2782 ἀσθένειαν.
1397 2710 1459 2776 Ἦ
1540 2716 1595 2774 δὲ
1650 2720 1972 2787 κατανόησις

321 2816 421 2877 τῆς
480 2807 706 2890 ἀληθοῦς
736 2808 1001 2872 ἀσθενείας
1042 2811 1223 2890 ἡμῶν,
1253 2808 1475 2865 θανάτου
1544 2810 1764 2884 μνήμην
1821 2809 1975 2887 ἐγέν-

334 2921 520 2968 νησεν.
558 2889 616 2957 ιΟ
644 2897 699 2955 δὲ
740 2898 975 2956 σύνοικον
1023 2899 1218 2965 ταύτην
1269 2898 1625 2977 κτησάμενος,
1680 2898 1835 2963 αὐτὸς
1867 2921 1978 2975 μα-

2058 1736 2419 1812 anteferunt,
2453 1736 2630 1799 tidem
2662 1737 2725 1798 in
2757 1736 3053 1801 Christum
3084 1756 3204 1798 non
3240 1736 3487 1799 habent.
3521 1735 3703 1798 Plane

2059 1824 2220 1886 enim
2253 1845 2287 1888 a
2342 1844 2451 1889 sua
2508 1827 2771 1907 ipsorum
2832 1824 3196 1888 conscientia
3246 1825 3610 1906 judicantur,
3645 1824 3696 1887 si

2060 1914 2234 1975 modo
2250 1932 2454 1976 sanam
2478 1914 3067 1994 geruntinfidelitatis
3091 1933 3213 1976 suae
3241 1913 3695 1975 conscientiam.

2054 2000 2350 2065 Ftdelium
2400 2004 2620 2085 quippe
2669 2006 2781 2067 hoc
2842 2006 3144 2084 proprium
3203 2010 3291 2065 est
3320 2001 3604 2076 ofﬁcium,
3640 2000 3702 2062 in

2054 2091 2221 2152 nulla
2249 2110 2315 2154 re
2346 2093 2547 2172 magni
2574 2092 2705 2168 Dei,
2740 2101 2799 2155 et
2828 2090 3146 2154 Salvatoris
3175 2090 3359 2153 nostri
3374 2091 3545 2171 jussa
3573 2089 3694 2152 ullo

2055 2179 2231 2241 modo
2265 2180 2506 2243 violare.

2133 2270 2191 2332 4.
2227 2269 2405 2332 Fides
2435 2270 2496 2331 in
2554 2268 2851 2332 Christum
2910 2268 3096 2332 Deum
3146 2286 3372 2342 verum,
3408 2266 3696 2328 bonorum

2053 2356 2446 2433 desiderium,
2480 2368 2538 2421 et
2564 2377 2873 2440 poenarum
2938 2366 3157 2419 metum
3203 2356 3408 2436 gignit.
3443 2353 3696 2418 Deside-

2051 2448 2205 2508 rium
2225 2456 2423 2511 autem
2442 2448 2756 2525 bonorum,
2777 2446 3326 2529 suppliciorumque
3348 2443 3697 2523 timor,per-

2053 2536 2267 2598 fectam
2321 2538 2733 2600 mandatorum
2811 2534 3293 2600 obseavationem
3349 2541 3691 2614 operantur.

2053 2624 2284 2688 Deinde
2315 2627 2574 2708 perfecta
2618 2629 3031 2689 mandatorum
3062 2622 3394 2686 observatio
3427 2619 3699 2708 homines

2060 2733 2226 2777 suam
2257 2706 2518 2797 ipsorum
2550 2716 3017 2778 imbecillitatem
3049 2713 3242 2776 docet.
3273 2706 3700 2790 Perspicientia

2060 2821 2197 2866 vere
2224 2804 2650 2868 imbecillitatis
2697 2814 2914 2868 nostrae
2963 2803 3170 2865 mortis
3214 2798 3563 2863 memoriam
3589 2813 3698 2875 ge-

2061 2901 2265 2955 nerat:
2299 2914 2473 2976 quam
2508 2899 2608 2977 pui
2640 2894 3128 2959 contubernalem
3172 2888 3459 2961 habuerit,
3484 2903 3693 2977 cogno-

329 2993 447 3047 θεῖν
506 2989 750 3065 ἐμπόνως
807 2988 1050 3068 ζητήσει,
1110 2989 1275 3045 ὁποῖα
1331 2985 1475 3044 ’ἐσται
1718 2988 1853 3062 μετὰ
1872 2974 1971 3055 τὴν

2063 3001 2230 3090 scere
2258 2974 2566 3060 laborabit,
2601 3005 2733 3067 quae
2754 2984 2868 3047 sibi
2892 2992 3021 3066 post
3045 2980 3453 3062 migrationem
3486 2994 3558 3038 ex
3590 2974 3698 3077 hac

331 3077 507 3145 ἔξοδον
535 3080 628 3135 τοῦ
653 3078 766 3154 βίου
794 3077 980 3134 τούτου
1025 3065 1115 3132 καὶ
1163 3075 1530 3156 ἀναχώρησιν,
1582 3066 1639 3132 Ὀ
1683 3074 1736 3132 δέ
1764 3098 1825 3155 γε
1861 3078 1971 3156 περῖ

2063 3073 2192 3135 luce
2233 3083 2517 3138 eventura
2548 3065 2981 3139 sint.Caeterum
2998 3075 3100 3156 qui
3123 3074 3451 3138 futurorum
3484 3065 3702 3129 certior

327 3174 439 3225 τῶν
510 3165 812 3243 μελλόντων
868 3169 1063 3243 γνῶναι
1138 3162 1462 3239 σπουδάζων,
1522 3170 1730 3244 πρῶτον
1793 3165 1971 3221 ἑαυτὸν

2063 3162 2190 3223 ﬁeri
2221 3165 2443 3236 studet,
2474 3173 2609 3227 ante
2639 3164 2842 3227 omnia
2899 3161 3287 3245 praesentibus
3316 3180 3381 3222 se
3409 3158 3696 3241 privatum

324 3257 691 3336 ἀποστερῆσαι
755 3261 860 3312 τῶν
907 3255 1179 3333 παρόντων
1237 3253 1455 3333 ὀφείλει,
1513 3245 1568 3312 ’0
1625 3255 1724 3333 γὰρ
1778 3254 1832 3310 ἐν
1864 3255 1977 3312 τού-

324 3368 440 3412 τοις
496 3349 584 3404 καὶ
642 3345 835 3427 μέχρις
895 3343 1138 3407 εοότελοῦς
1234 3364 1375 3407 τινος
1450 3344 1552 3399 ὑπὸ
1622 3344 1973 3423 προσπαθείας

321 3434 708 3515 κρατούμενος,
767 3434 981 3491 ἒκείνων
1036 3434 1136 3500 τὴν
1195 3434 1388 3510 γνῶσιν
1442 3430 1643 3487 τελείαν
1687 3436 1746 3492 οὗ
1812 3430 1970 3489 δύνα-

320 3546 413 3581 ται
441 3525 756 3594 κτήσασθαι.
817 3523 877 3581 Εἰ
932 3520 987 3578 δὲ
1053 3522 1141 3578 καὶ
1195 3520 1390 3588 ταύτης
1448 3523 1684 3597 γεύσεται
1740 3519 1859 3577 κατ’
1890 3523 1971 3578 οἷ-

321 3613 582 3689 κονομίαν
610 3613 710 3680 τὴν
756 3618 848 3669 τοῦ
891 3619 1043 3685 Θεοῦ,
1077 3613 1121 3667 εἰ
1167 3610 1245 3685 μὴ
1281 3610 1471 3689 τάχιον
1516 3608 1645 3687 ἐάσῃ
1696 3610 1762 3666 τὰ
1790 3608 1874 3690 ὑφ’
1902 3612 1976 3666 ὧν

318 3704 413 3761 καί
472 3701 527 3758 ἐν
587 3705 673 3766 οἷς
742 3714 1015 3781 κρατεῖται
1070 3700 1205 3757 κατὰ
1259 3698 1633 3778 προσπάθειαν,
1697 3700 1784 3754 καὶ
1835 3697 1974 3762 ὅλως

315 3796 423 3859 τῆς
483 3791 733 3858 τοιαύτης
793 3790 1011 3869 γένηται
1069 3788 1345 3867 γνώσεως,
1404 3783 1572 3862 μηδὲν
1629 3787 1824 3852 ταύτης
1854 3785 1972 3842 ἕτε-

314 3904 411 3960 ρον
443 3879 627 3946 ἔξωθεν
658 3879 860 3937 ἐννοεῖν
902 3878 1151 3943 ἑκουσίως
1208 3873 1660 3955 καταδεχόμενος,
1720 3876 1808 3930 καὶ
1838 3875 1971 3943 αὐτὴ

309 3971 383 4036 ἦν
412 3967 563 4025 δοκεῖ
591 3967 762 4050 ἔχειν,
798 3969 1081 4047 ἀρθήσεται
1111 3965 1207 4021 ἀπ’
1238 3970 1418 4024 αὐτοῦ.

398 4047 466 4117 ε’.
504 4047 566 4112 Ἠ
596 4047 848 4133 ἄποταγὴ
906 4061 1000 4111 τοῦ
1047 4076 1251 4129 κοσμου
1306 4054 1393 4108 καὶ
1450 4050 1715 4120 παντελὴς
1745 4052 1967 4132 ἀναχώ-

312 4166 492 4223 ρησις,
580 4144 825 4210 ξενιτείαν
884 4140 1253 4218 ἀναλαϐομένη
1321 4142 1530 4197 πάντων
1615 4144 1721 4197 τῶν
1778 4139 1830 4197 ἐν
1873 4142 1971 4218 βίῳ

2057 3249 2144 3312 ire
2175 3251 2373 3314 debet.
2409 3254 2558 3316 Nam
2588 3254 2688 3335 qui
2720 3255 2834 3327 his,
2869 3253 3046 3315 etiam
3081 3252 3244 3334 parvi
3275 3246 3569 3335 momenti
3590 3261 3694 3335 re-

2056 3338 2168 3401 bus
2195 3341 2471 3404 aﬂ‘ectum
2505 3332 2793 3419 sub'initit,
2829 3332 3095 3405 exactam
3139 3340 3374 3402 illorum
3403 3332 3694 3414 cognitio-

2055 3437 2190 3490 nem
2221 3447 2337 3492 non
2398 3432 2804 3512 consequitur.
2861 3430 3028 3504 Quod
3086 3430 3136 3492 si
3203 3429 3380 3503 hanc,
3440 3423 3563 3486 Deo
3617 3422 3700 3484 ita

2062 3518 2442 3597 permitente,
2475 3520 2754 3599 gustabit,
2789 3520 2904 3581 nisi
2940 3520 3128 3601 primo
3162 3534 3395 3599 quoque
3426 3525 3695 3595 tempore

2058 3605 2374 3683 dimiserit,
2406 3627 2659 3689 quorum
2683 3608 2739 3671 ei
2768 3608 3013 3671 affectus
3043 3617 3104 3669 et
3132 3624 3298 3668 amor
3324 3604 3692 3674 dominatur,

2057 3696 2412 3778 penitusque
2445 3698 2581 3759 huic
2613 3716 2746 3759 sese
2777 3697 2999 3759 notitia:
3057 3694 3513 3765 consecraverit,
3548 3689 3694 3752 nihil

2054 3784 2213 3845 aliud
2277 3796 2441 3849 extra
2499 3805 2629 3849 eam
2690 3795 2900 3868 sponte
2951 3785 3326 3866 cogitandum
3377 3791 3539 3845 ratus
3569 3782 3695 3863 ipsa

2054 3891 2290 3954 quoque
2363 3894 2539 3955 quam
2612 3876 2843 3938 videtur
2912 3875 3133 3939 habere
3186 3872 3468 3954 cognitio,
3522 3870 3593 3934 ab
3621 3888 3691 3935 eo

2054 3962 2377 4025 auferetur.

2086 4051 2173 4122 ,5
2258 4050 2639 4112 Renuntiatto
2698 4052 2923 4123 mundi,
2986 4051 3370 4131 absolutaque
3433 4048 3692 4111 secessio

2058 4140 2531 4219 peregrinitatem
2585 4142 2881 4220 quandam
2925 4142 2997 4201 ab
3043 4139 3321 4201 omnibus
3373 4138 3501 4198 vitae
3526 4137 3693 4198 istius

313 4234 479 4308 ὓλῦν,
515 4236 603 4291 καὶ
629 4236 790 4304 ἠθῶν,
818 4234 913 4290 καὶ
967 4235 1216 4310 γνωμῶν,
1265 4233 1352 4287 καὶ
1406 4230 1723 4309 προσώπων,
1755 4232 1842 4287 καὶ
1873 4230 1969 4310 ἅρ-

2063 4227 2434 4302 vanilatibus,
2496 4237 2555 4289 et
2611 4228 2935 4305 illecebris,
3000 4228 3293 4300 mouibus,
3355 4225 3688 4299 sententiis,

315 4345 472 4389 νησιν
530 4323 778 4397 σώματος
835 4323 923 4378 καὶ
1004 4320 1330 4395 θελήματος,
1414 4316 1650 4396 μεγάλης
1715 4317 1968 4399 ὠφελείας

319 4409 572 4491 πρόξενος
643 4412 841 4489 γίνεται
897 4417 975 4484 τῷ
1032 4409 1168 4465 οὕτω
1223 4409 1427 4487 θερμῶς
1484 4406 1863 4483 ἆποταξαμὲνῳ
1918 4408 1972 4464 ἐν

315 4503 519 4580 βραχεῖ
546 4506 622 4574 τῷ
645 4507 836 4578 καιρῷ,

392 4666 496 4750 ς’.
535 4667 591 4734 Ὀ
622 4678 831 4757 φεύγων
861 4680 953 4734 τὸν
998 4678 1226 4756 κόσμον,
1285 4675 1381 4755 ὅρα
1416 4675 1492 4752 μὴ
1527 4672 1628 4749 δῷς
1658 4674 1757 4740 σὴν
1791 4676 1975 4753 ψῢχῆν

313 4769 384 4829 εἷς
446 4764 776 4844 παράκλησιν
824 4764 943 4823 κατ’
1002 4767 1199 4846 ἀρχὰς,
1262 4766 1316 4820 ἐν
1374 4770 1514 4838 αὖτῴ
1571 4763 1662 4824 τὰς
1736 4764 1969 4833 οἰκήσεις

311 4856 628 4931 ποιούμενος
666 4875 680 4888 ’
735 4858 777 4912 εἰ
826 4857 913 4911 καὶ
973 4856 1166 4918 πάντες
1227 4875 1283 4908 σε
1341 4854 1493 4910 τοῦτο
1542 4863 1717 4908 ποιεῖν
1775 4873 1967 4930 συγγε-

317 4960 428 5009 νεῖς
458 4947 546 5002 καὶ
601 4944 738 5021 φίλοι
793 4943 1295 5023 καταναγκάζουσι..
1331 4950 1497 5000 Τοῦτο
1556 4942 1655 5019 γὰρ
1714 4942 1890 5004 αὐτοῖς
1923 4945 1968 4998 oi

317 5031 557 5108 δαίμονες
588 5032 993 5106 ὑποϐάλλουσιν,
1047 5032 1193 5095 ὅπως
1253 5033 1349 5099 νην
1405 5031 1602 5111 θέρμην
1633 5025 1966 5086 ἇποσϐἐσωσι

401 5203 417 5244 ¹
455 5202 673 5282 Ephes.
710 5218 795 5274 ut,
841 5206 898 5263 8.

399 5388 423 5417 ι»
459 5361 671 5426 Omnia
692 5361 998 5442 possibilia
1019 5369 1156 5423 sunt
1182 5360 1454 5425 credenti
1482 5361 1696 5442 (Maro.
1723 5361 1956 5442 1_x,,2'2),

317 5442 459 5505 ﬁdes
489 5442 650 5506 enim
682 5440 754 5503 ad
783 5442 1073 5522 justitiam
1103 5449 1431 5522 reputatur.
1465 5442 1614 5522 Nam
1634 5440 1779 5522 linis
1802 5440 1951 5521 legis

319 5522 592 5587 Christus
624 5520 821 5602 (Rom.
850 5539 912 5597 κ,
943 5523 1027 5597 4).
1087 5520 1262 5586 Fides
1305 5530 1501 5602 autem
1550 5521 1611 5583 in
1642 5520 1935 5602 Christum

2053 4318 2344 4397 personis,
2376 4318 2949 4399 abnegatiunemque
3008 4319 3302 4397 corporis,
3355 4328 3412 4377 et
3442 4315 3695 4396 propria;

2052 4406 2364 4469 voluntatis
2395 4425 2731 4480 assumens,
2779 4408 2940 4468 brevi
2994 4426 3264 4486 magnam
3302 4407 3604 4467 utilitatem
3639 4405 3693 4467 ei

2055 4497 2266 4578 pariet,
2300 4497 2399 4575 qui
2434 4508 2546 4557 tam
2599 4499 2861 4558 studiose
2912 4498 3309 4576 ardenterqm-
3344 4497 3563 4556 mundo
3599 4515 3689 4557 re-

1999 4598 2005 4605 ‘
2058 4586 2359 4649 nuntiavit.

2135 4681 2187 4737 ti
2231 4677 2341 4750 Qui
2370 4677 2654 4739 mundum
2718 4677 2889 4758 fugis,
2956 4699 3094 4739 care
3155 4699 3226 4738 ne
3286 4680 3388 4738 lies
3420 4675 3688 4737 solatium

2053 4765 2265 4827 animze
2297 4775 2431 4838 tua},
2469 4776 2531 4827 ut
2564 4768 2621 4827 in
2654 4787 2723 4827 eo
2757 4786 3137 4847 nonunqunm
3173 4776 3413 4843 l'ngztlus‘
3439 4766 3689 4831 habites,

2052 4857 2316 4933 quamvis
2349 4856 2405 4916 id
2437 4875 2645 4918 omnes
2669 4865 2723 4919 te
2746 4867 2994 4935 rogent:
3034 4859 3138 4916 hns
3186 4858 3342 4916 enim
3396 4854 3693 4914 daemones

2053 4945 2168 5005 illis
2196 4954 2535 5023 suggerunt,
2592 4966 2705 5027 quo
2764 4945 3051 5006 fervorem
3114 4945 3298 5005 animi
3360 4944 3436 5003 tni
3471 4944 3695 5003 exstin—

2052 5044 2250 5111 gnnnt.
2281 5035 2423 5095 Nam
2449 5045 2507 5095 ut
2537 5056 2649 5096 non
2696 5055 2937 5115 prorsus
2972 5037 3332 5114 propositum
3377 5044 3540 5092 ιιιιιτιι
3575 5033 3691 5092 im-

2043 5375 2157 5446 t_at,
2189 5376 2251 5429 et
2283 5376 2680 5446 consummat,
2711 5385 2781 5427 ac
2818 5383 2923 5446 per
2956 5362 3228 5424 mandata
3253 5362 3551 5442 Evangelii
3583 5373 3694 5425 sta-

2056 5444 2227 5509 bilita
2260 5455 2317 5508 et
2350 5444 2777 5527 demonstrata,
2813 5444 3020 5505 iidetes
3072 5463 3105 5502 v
3134 5453 3204 5505 tae
3251 5453 3508 5527 mternaa,
3564 5465 3693 5527 quae

2038 5523 2096 5609 in
2128 5527 2259 5609 ipso
2293 5528 2525 5589 Christo
2562 5535 2674 5599 est,
2726 5523 2928 5587 censui
2954 5535 3039 5584 tes
3081 5543 3145 5586 ac
3199 5524 3518 5606 participes
3548 5523 3689 5588 red-

317 5619 419 5681 pro
448 5601 634 5685 Opere
662 5601 808 5682 legis
833 5608 1163 5685 reputatur,
1217 5601 1680 5683 credentemque
1729 5601 1947 5681 justiﬁ-
2044 5601 2215 5672 diif»
