4054 6114
281 271 395 336 607
1581 277 1729 338 SYM
1743 273 1884 338 EON
1895 271 1961 332 IS
1999 273 2350 336 JUNIORIS
3535 273 3660 337 608

285 403 488 482 pedirc
519 412 760 484 queant,
794 404 985 467 labias
1015 405 1258 487 quidem
1285 417 1467 482 certe,
1501 417 1562 467 et
1586 406 1923 485 languidius

2038 409 2101 472 ἧς
2132 405 2342 486 καρδίας
2373 431 2490 471 σου.
2529 413 2587 467 Ei
2643 412 2743 490 γὰρ
2795 412 2881 466 καὶ
2939 411 3017 486 μὴ
3063 407 3290 471 τελείως
3320 407 3664 484 summm

281 491 430 553 illud
463 491 744 554 efﬁcient.

2038 498 2101 564 ἦν
2156 496 2424 574 πρόθεσιν,
2498 497 2638 555 ἀλλὰ
2658 522 2718 578 γε
2805 500 3130 578 χαυνοτέραν
3203 499 3397 564 ταύτην
3452 497 3664 560 πάντως

2005 587 2094 643 καὶ
2123 587 2316 668 ἀσθενῆ
2349 588 2729 668 ἀπεργάζονται
2740 639 2752 651 ,

359 673 420 734 7.
454 673 601 732 Cum
635 681 689 733 te
719 671 1001 734 adversus
1052 674 1252 736 omnia
1283 676 1413 737 vitae
1441 679 1713 739 humana:
1749 677 1922 736 blan-

2085 665 2155 745 ζ’.
2219 658 2370 732 τὃταν
2433 658 2580 754 πρὸς
2623 679 2795 734 πάντα
2854 679 2922 733 τὰ
2962 684 3056 734 τοῦ
3109 679 3224 752 βίου
3277 677 3406 745 ἡδέα
3454 677 3663 754 εὑρεθῇς

286 759 549 820 ἀίῐηοηιε
579 761 763 821 virum
795 762 1158 840 prastiteris,
1191 765 1459 845 nihilque
1481 767 1551 827 ab
1587 769 1671 828 eis
1701 766 1923 826 alleva-

2038 762 2246 842 ,νδρεϊος
2297 766 2384 821 καὶ
2431 765 2836 845 ἀπαράκλητος,
2895 768 3015 823 τότε
3074 768 3147 830 εἷς
3193 767 3516 840 συμπάθειαν
3557 763 3660 832 δῆ-

287 848 466 909 menti
501 850 799 927 petiveris,
837 850 1199 912 tumdiaboli
1246 854 1414 915 flexis
1435 855 1509 916 ad
1535 855 1927 916 commisera-

2039 873 2092 908 εν
2164 856 2211 908 οἱ
2307 851 2547 928 δαίμονες
2645 855 2764 919 τοὺς
2860 867 3136 933 συγγενεῖς
3207 854 3661 932 μεταστρέψαντες

285 937 504 997 tionem
533 938 816 1015 cognatis,
859 940 1006 1000 ﬂere
1058 959 1182 1020 eos,
1237 951 1292 1002 et
1341 943 1650 1004 lamentari
1689 951 1930 1024 propter

2038 941 2211 997 ,λαίειν
2255 951 2463 1000 ποιοῦσι
2521 944 2606 998 καὶ
2661 947 2877 1020 θρηνεῖν
2936 944 3038 1020 πρὸ
3097 943 3382 1020 προσὼπου
3431 963 3526 1000 σου
3579 939 3664 998 διὰ

287 1026 428 1087 tein
460 1036 781 1106 conspectu
827 1036 924 1088 tuo
984 1029 1244 1090 facient:
1309 1032 1465 1111 quod
1520 1032 1602 1093 ita
1659 1051 1791 1094 esse
1821 1052 1926 1092 co-

2038 1029 2092 1090 νέ.
2125 1032 2224 1088 Καὶ
2253 1041 2405 1089 τοῦτο
2464 1029 2656 1097 ἀληθὲς
2709 1032 2854 1088 εἶναι
2883 1031 3088 1108 γνώσῃ,
3151 1030 3239 1087 ὅτε
3271 1031 3331 1087 σὺ
3373 1031 3470 1104 μὲν
3502 1028 3660 1110 ἄτρε-

285 1133 551 1193 gnosces.
588 1115 754 1186 Quod
787 1117 834 1175 si
875 1124 935 1176 tu
985 1117 1226 1178 immota
1276 1128 1472 1182 mente
1517 1129 1722 1184 contra
1756 1122 1928 1182 talem

2038 1140 2145 1182 ιτος
2175 1121 2262 1174 καὶ
2292 1119 2344 1175 ἐν
2401 1119 2567 1195 ταύτῃ
2618 1119 2873 1196 ἐμμείνῃς
2916 1125 2986 1195 τῇ
3037 1117 3332 1198 προσϐολῇ,
3391 1119 3662 1181 κάκείνους

286 1204 569 1284 impetum
631 1204 982 1285 perstiteris,
1018 1206 1244 1268 videbis
1301 1228 1404 1269 eos
1453 1218 1697 1290 repente
1732 1212 1929 1271 furore

2038 1209 2087 1270 ἐς
2131 1208 2319 1282 μανίαν
2347 1207 2443 1274 τὴν
2492 1208 2629 1263 κατὰ
2676 1214 2768 1264 σοῦ
2822 1209 2910 1264 καὶ
2967 1221 3126 1282 μῖσος
3187 1205 3384 1288 αἴφνης
3413 1204 3664 1286 ἐξαφθέν-

286 1302 344 1354 et
373 1294 506 1354 odio
542 1295 622 1354 tui
653 1312 960 1374 accensos,
1023 1303 1079 1356 te
1136 1305 1198 1356 ut
1241 1298 1549 1359 inimicum
1587 1301 1844 1361 aversari
1878 1314 1941 1367 et

2038 1318 2117 1359 τας
2162 1294 2307 1372 ἴδῃς,
2367 1297 2454 1352 καί
2495 1297 2568 1360 ὡς
2648 1296 2851 1375 έχθμὸν
2902 1296 3392 1376 ἀποστρεφομένους
3435 1317 3514 1376 σε,
3576 1299 3665 1355 καὶ

285 1384 502 1446 vultum
538 1393 700 1444 tuum
735 1385 986 1464 amplius
1023 1387 1188 1448 ferre
1219 1408 1334 1449 non
1371 1409 1565 1469 posse.

369 1479 425 1533 8.
464 1472 610 1535 Cum
641 1493 674 1533 a
707 1475 1075 1554 parentibus,
1111 1477 1413 1554 fratribus,
1448 1479 1656 1540 amicis
1689 1478 1793 1539 tibi
1827 1498 1938 1541 ne-

283 1563 440 1640 gotia
470 1563 702 1633 facessi,
774 1573 831 1624 et
889 1564 1336 1626 tribulationem
1393 1569 1582 1628 creari
1650 1570 1933 1649 senseris,

2022 1387 2147 1463 ὁρᾷν
2176 1384 2474 1449 ἐθέλοντας.

2100 1497 2136 1539 η
2167 1518 2178 1530 .
2214 1474 2321 1541 Τὴν
2352 1475 2493 1553 παρὰ
2535 1475 2640 1530 τῶν
2699 1473 2921 1551 γονέων,
2981 1476 3069 1530 καὶ
3123 1473 3382 1554 ἀδελφῶν,
3442 1475 3527 1532 καὶ
3570 1476 3664 1554 φί-

2020 1561 2127 1618 λων
2170 1585 2262 1620 σου
2291 1561 2464 1637 θλίψιν
2521 1564 2654 1641 ὁρῶν
2684 1560 2767 1618 διὰ
2796 1564 2855 1618 σὲ
2899 1561 3209 1642 γινομένην,
3265 1561 3395 1640 γέλα
3453 1561 3536 1619 ἐπὶ
3587 1570 3666 1636 τῷ

288 1652 615 1713 daemonem
646 1653 853 1732 irride,
880 1654 1049 1732 cujus
1077 1654 1356 1715 instinctu
1407 1657 1783 1739 impulsuque
1814 1659 1936 1719 haec

2038 1650 2365 1708 νποϐάλλοντι
2431 1661 2593 1710 ταῦτα
2635 1649 2888 1714 ποικίλως
2936 1653 3073 1707 κατὰ
3114 1658 3206 1708 σοῦ
3261 1653 3488 1728 γίνεσθαι
3545 1649 3666 1707 δαί-

293 1739 653 1801 multi-modis
684 1751 892 1803 contra
914 1751 970 1802 te
1001 1745 1434 1824 suscipiuntur,
1460 1755 1517 1806 et
1545 1756 1718 1806 cum-t
1747 1765 1933 1828 more,

291 1848 549 1908 curaque
585 1831 768 1890 multa
797 1831 946 1892 clam
1000 1834 1238 1905 secede,
1292 1835 1475 1895 Deum
1510 1837 1780 1914 impense
1811 1856 1935 1911 ora,

294 1925 355 1977 ut
384 1918 660 1978 celeriter
691 1920 759 1979 ad
819 1929 1049 1998 portum
1117 1922 1253 1982 boni
1315 1923 1570 2002 alicujus
1627 1925 1808 1985 l’atris
1831 1945 1936 2004 ap-

294 2007 551 2085 pellaris,
576 2007 636 2068 in
662 2027 778 2086 quo
800 2008 1061 2069 animam
1107 2019 1260 2070 tuam
1317 2022 1619 2072 oneratam
1651 2032 1717 2073 ac
1749 2015 1941 2075 delas-

289 2104 470 2156 satam
496 2098 766 2177 reﬁcere,
804 2116 870 2158 ac
888 2116 1165 2160 recreare
1190 2100 1400 2179 possis.
1437 2101 1666 2162 Etenim
1701 2104 1940 2182 pelagus

290 2185 423 2245 vitae
453 2186 628 2264 hujus
659 2185 729 2245 ad
785 2187 1042 2265 pericula
1102 2188 1458 2270 objicienda,
1498 2201 1942 2272 extremamque

203 2351 205 2353 _
289 2273 614 2351 perniciem
645 2276 988 2337 struendam
1038 2295 1104 2338 ac
1156 2278 1477 2358 parandam
1513 2280 1727 2341 idonea
1759 2283 1942 2343 multa

289 2363 570 2427 continet.

371 2453 430 2513 9.
462 2451 880 2524 Quimundum
916 2456 1112 2516 odisse
1135 2456 1278 2536 vult,
1314 2475 1378 2516 ex
1417 2458 1692 2519 medullis
1716 2459 1940 2520 intimis

293 2539 480 2601 Deum
511 2543 736 2622 diligat,
768 2563 1023 2624 eumque
1047 2546 1423 2606 continenter
1447 2557 1582 2607 ante
1608 2549 1809 2609 oculos
1834 2551 1940 2609 lia-

297 2630 434 2691 beat
463 2641 698 2709 oportet
728 2652 740 2694 :
771 2635 1004 2713 quando
1032 2635 1266 2714 quidem
1295 2635 1441 2695 nihil
1468 2637 1715 2715 perinde
1750 2649 1808 2698 ut
1833 2638 1945 2699 is=a

300 2718 414 2778 duo
471 2719 606 2779 facit
653 2723 850 2782 omnia
908 2743 1040 2783 cum
1101 2723 1311 2801 gaudio
1367 2725 1730 2804 relinquere,
1791 2736 1844 2787 et
1879 2735 1942 2788 ut

301 2806 647 2888 quisquilias
678 2810 1005 2889 chpicatui
1039 2812 1279 2872 ducere.

382 2896 476 2959 ΙΟ.
507 2895 763 2959 Omnino
796 2899 952 2977 fuge,
1003 2901 1409 2979 probabilibus
1441 2904 1516 2964 de
1545 2904 1736 2964 causis
1775 2904 1945 2983 (imo-

298 2993 600 3047 entmvero
660 2988 1177 3067 improbabilibus,
1209 3001 1263 3050 et
1299 2991 1512 3051 rationi
1541 3012 1743 3071 parum
1796 3013 1935 3053 cons

2022 1762 2142 1814 μονι
2179 1756 2192 1770 ·
2231 1742 2318 1795 καὶ
2373 1741 2509 1816 μετά
2562 1738 2724 1819 φόϐου
2779 1741 2866 1795 καὶ
2920 1738 3148 1807 σπουδῆς
3193 1738 3397 1805 πολλῆς
3449 1741 3668 1820 ὐποχώ-

2023 1851 2182 1908 ρησον
2224 1847 2242 1882 .'
2293 1831 2380 1886 καὶ
2434 1831 2525 1885 τὸν
2583 1831 2712 1885 Θεὸν
2770 1828 2992 1892 ἐκτενῶς
3041 1827 3290 1902 δυσώπει,
3352 1834 3446 1884 τοῦ
3475 1829 3668 1907 τάχιον

2023 1920 2095 1981 εἷς
2153 1917 2342 1993 λιμένα
2393 1918 2555 1974 καλοῦ
2615 1918 2815 1996 Πατρὸς
2858 1917 3185 1984 καταντῆσαί
3241 1939 3300 1974 σε
3335 1937 3347 1950 '
3396 1916 3448 1972 ἐν
3476 1920 3522 1990 ᾧ
3567 1917 3670 1985 τὴν

2023 2008 2209 2087 ψυχὴν
2265 2031 2358 2064 σου
2413 2007 2798 2082 κεκοπωμένην
2873 2009 2962 2063 καί
3013 2007 3436 2086 πεφορτισμένην
3493 2007 3670 2084 ὑπάρ-

2023 2118 2226 2176 χουσαν
2256 2099 2410 2162 αὐτὸς
2471 2097 2812 2154 ἀναπαύσειε.
2874 2095 3052 2152 Πολλὰ
3111 2097 3210 2174 γὰρ
3255 2094 3370 2176 ἔχει
3403 2097 3466 2154 τὸ
3493 2095 3669 2154 πάλα-

2023 2209 2116 2262 Υος
2144 2193 2236 2242 τοῦ
2289 2186 2400 2262 βίου
2458 2183 2682 2263 πρόξενοι
2737 2182 2985 2241 κινδύνων
3013 2187 3100 2241 καὶ
3157 2183 3422 2247 ἀπωλείας
3488 2184 3664 2262 geli.-

2023 2297 2145 2340 της.

2101 2443 2170 2511 θ’.
2222 2444 2279 2510 εΟ
2310 2458 2534 2526 μισῆσαι
2592 2452 2754 2508 θέλων
2785 2455 2876 2508 τὸν
2933 2453 3156 2524 κόσμον,
3217 2453 3432 2530 ἀγάπην
3477 2453 3536 2510 έκ
3562 2455 3669 2528 βα-

2023 2543 2153 2599 θέων
2183 2546 2366 2621 ψυχῆς
2395 2541 2540 2622 ἔχειν
2587 2541 2780 2621 ὀφείλει
2835 2544 2963 2621 πρὸς
3011 2544 3099 2598 τὸν
3131 2543 3283 2621 Θεὸν,
3319 2545 3408 2599 καὶ
3449 2545 3669 2618 μνήμην

2023 2633 2206 2689 τούτου
2263 2631 2501 2688 ἀένναον.
2554 2629 2710 2690 Οὐδὲν
2767 2632 2867 2710 γὰρ
2895 2630 3072 2710 ἕτερον
3122 2633 3195 2694 ὡς
3251 2637 3436 2704 ταῦτα,
3493 2631 3668 2688 ἅπαν-

2023 2742 2088 2775 τα
2118 2721 2251 2794 μετά
2297 2726 2469 2799 χαρᾶς
2527 2719 2948 2795 καταλιμπάνειν
3015 2733 3182 2793 ποιεῖ,
3255 2721 3344 2775 καὶ
3399 2716 3670 2776 exussile

2022 2806 2171 2874 δίκην
2201 2809 2637 2887 ἀποστρέφεσθαι.

2109 2887 2168 2958 ι’,
2202 2897 2290 2963 Μὴ
2321 2896 2437 2952 θέλε
2465 2895 2531 2952 δι’
2577 2896 2824 2975 εὐλόγους
2877 2899 3045 2960 αἰτίας
3075 2897 3111 2962 ἦ
3165 2895 3386 2974 ἀλόγους
3443 2902 3519 2968 τῷ
3569 2896 3663 2952 κό-

2029 3011 2147 3062 σμῳ
2174 2999 2493 3064 προσμεῖναι
2520 2989 2580 3043 τὸ
2608 2986 2823 3044 σύνολον
2856 3006 2868 3019 ·
2904 2985 3022 3042 ἀλλ’
3081 2987 3169 3043 ὅτε
3223 2985 3440 3060 κληθῇς,
3472 2985 3658 3044 συντό-

300 3076 618 3145 sentaneis)
649 3066 883 3137 assiduo
918 3079 976 3138 in
1037 3079 1254 3138 mundo
1300 3066 1553 3140 versari.
1587 3083 1806 3141 Verum
1838 3101 1941 3145 ac-

2038 3097 2140 3138 um;
2171 3075 2490 3134 ὑπάκουσον.
2530 3066 2615 3133 Ἐν
2665 3073 2829 3133 οὐδενὶ
2883 3076 2982 3154 γὰρ
3035 3075 3198 3154 ἑτέρῳ
3249 3072 3384 3154 οὕτω
3409 3076 3562 3153 Θεὸς,
3591 3076 3664 3138 ὡς

303 3164 576 3245 cersitus,
610 3175 872 3226 actutum
929 3166 1104 3228 obedi
1139 3191 1152 3230 ;
1190 3187 1306 3229 non
1362 3170 1520 3230 enim
1555 3170 1610 3229 in
1645 3170 1758 3230 alio
1791 3171 1946 3233 Deus

303 3269 488 3331 reque,
525 3261 589 3312 ut
619 3253 798 3314 celeri
832 3255 890 3314 in
944 3255 1287 3316 obedientia
1328 3265 1525 3318 nostra
1555 3259 1787 3319 ιωιηιυν
1815 3278 1828 3321 :
1858 3261 1944 3320 si-

304 3341 543 3418 quidem
577 3343 790 3403 melior
838 3344 1134 3424 expedita,
1189 3355 1244 3406 et
1293 3356 1560 3426 prompta
1605 3347 1948 3411 obedientia

301 3446 433 3488 cum
467 3439 748 3508 egestate,
808 3451 982 3512 quam
1039 3433 1279 3495 tarditas
1311 3455 1441 3496 cum
1477 3436 1799 3497 abundanti
1835 3456 1941 3518 pe-

301 3535 495 3578 cunia.

383 3613 408 3666 1
431 3610 447 3669 1
469 3658 481 3671 .
503 3607 564 3670 Si
582 3609 860 3692 mundus,
885 3620 938 3672 et
961 3611 1543 3675 mundanauniversa
1559 3623 1940 3694 praetereunt,

303 3697 462 3757 solus
490 3706 686 3759 autem
718 3700 873 3761 Deus
917 3702 1314 3779 sempiternus
1359 3713 1470 3777 est,
1508 3723 1616 3765 nec
1668 3725 1796 3765 cum
1824 3706 1944 3767 ulla

306 3787 506 3848 mortis
547 3789 661 3850 fata
696 3790 1688 3872 periment,laitamini,quicumque
1706 3804 1944 3874 propter

306 3875 469 3936 illum
501 3877 680 3938 rebus
731 3880 902 3940 ffuxis
949 3882 1197 3941 salutem
1258 3881 1507 3942 dixistis.
1543 3884 1720 3945 Fluxa
1747 3894 1939 3945 autem

303 3977 439 4026 sunt
475 3987 592 4028 non
627 3969 842 4030 divitiae
873 3972 1070 4044 modo,
1102 3979 1158 4030 et
1210 3971 1497 4052 pecuniae,
1533 3973 1634 4034 sed
1671 3982 1726 4033 et
1750 3974 1944 4034 omnis

303 4056 585 4137 voluptas,
621 4071 677 4118 et
702 4057 1014 4120 oblectatio
1041 4061 1264 4138 peccati
1310 4063 1464 4121 ﬂuxa
1504 4070 1630 4123 est:
1659 4063 1782 4122 sola
1809 4082 1944 4123 vero

308 4144 406 4206 Dei
441 4147 716 4207 mandata
743 4147 859 4223 lux,
897 4159 955 4210 et
986 4150 1099 4211 vita
1131 4161 1290 4229 sunt,
1343 4151 1522 4231 idque
1569 4151 1640 4211 ab
1670 4152 1944 4212 omnibus

305 4235 693 4312 appellantur.

2027 3164 2080 3218 ἐν
2137 3169 2206 3238 τῇ
2287 3171 2549 3243 ταχυτῇτι
2605 3166 2759 3239 ἡμῶν
2836 3163 3252 3243 ἐπευφραίνεται.
3313 3149 3528 3229 Ἐπειδὴ
3581 3165 3669 3219 καὶ

2027 3273 2282 3331 κρεισσων
2333 3253 2542 3319 ὑπακοὴ
2599 3254 2869 3328 συντόμως
2923 3255 3058 3327 μετά
3115 3253 3324 3323 πενίας,
3351 3252 3388 3318 ἦ
3415 3249 3673 3328 βραδύτης

2029 3344 2164 3418 μετά
2185 3341 2416 3410 πλήθους
2447 3342 2765 3421 χρημάτων,

2108 3601 2204 3668 ια’.
2253 3613 2310 3668 Εἰ
2363 3613 2390 3665 ὁ
2450 3610 2650 3685 κόσμος
2695 3613 2781 3666 καὶ
2837 3612 2902 3666 τὰ
2971 3609 3022 3664 ἐν
3092 3609 3278 3685 κόσμῳ
3319 3609 3675 3690 παρέρχονται

2026 3700 2220 3778 πάντα,
2279 3702 2306 3755 ὁ
2362 3697 2417 3754 δὲ
2473 3701 2603 3762 Θεὸς
2658 3699 2915 3778 ἄφθαρτος
2967 3699 3055 3755 καὶ
3109 3698 3390 3771 ἀθάνατος,
3462 3700 3674 3779 χαίρετε

2025 3787 2137 3844 ὅσοι
2169 3787 2237 3844 δι’
2303 3790 2456 3845 αὐυὸν
2511 3789 2578 3842 τὰ
2633 3789 2837 3866 φθαρτά
2899 3785 3267 3861 κατελείψατε,
3340 3789 3570 3867 Φθαρτὰ.
3621 3785 3678 3843 δέ

2026 3880 2153 3933 εἰσιν
2199 3881 2257 3935 οὐ
2287 3877 2446 3952 μόνον
2503 3874 2728 3939 πλοῦτος
2761 3878 2847 3932 καὶ
2879 3877 3158 3956 χρήματα,
3210 3874 3346 3931 ἀλλὰ
3387 3878 3475 3932 καὶ
3528 3882 3674 3932 πᾶσα

2025 3964 2190 4034 ἡδονὴ
2245 3967 2332 4021 καὶ
2387 3963 2677 4029 ἀπόλαυσις
2749 3965 3004 4042 ἁματρίας
3083 3965 3246 4043 φθορά
3302 3963 3433 4025 ἐστι,
3509 3964 3676 4020 Μόναι

2027 4053 2080 4110 δὲ
2111 4057 2161 4110 αἱ
2226 4063 2319 4112 τοῦ
2359 4061 2492 4112 Θεοῦ
2551 4051 2757 4110 ἐντολαὶ
2801 4059 2910 4132 φῶς
2943 4054 3040 4107 εἶσι
3079 4054 3165 4109 καὶ
3221 4054 3331 4123 ζωή
3369 4069 3382 4082 ⁸
3409 4055 3495 4109 καὶ
3522 4060 3678 4110 τοῦτο

2028 4144 2168 4221 παρᾶ
2199 4143 2410 4199 πάντων
2439 4142 2744 4204 καλοῦνται,

393 4323 477 4382 1⁸2.
509 4323 569 4385 Si
624 4334 910 4403 concepta
958 4330 1214 4404 tlannna,
1255 4338 1310 4388 et
1339 4329 1508 4409 quasi
1542 4329 1685 4390 laedi
1717 4327 1941 4388 ardenti

2112 4311 2206 4396 ιβ’.
2267 4324 2324 4378 Εἰ
2381 4321 2552 4401 φλόγα
2611 4319 2817 4395 ἔλαϐες,
2880 4319 3068 4400 ἀδελφέ
3115 4323 3202 4376 καὶ
3272 4318 3481 4398 δραμὼν
3532 4341 3676 4396 παρο

2103 4412 2111 4424 ,
2235 4410 2249 4424 .
2487 4409 2533 4424 ο,
2636 4410 2659 4424 ..
3029 4417 3054 4424 -
3257 4410 3270 4424 ι
3364 4405 3386 4424 ε.
3416 4409 3427 4424 ε
3564 4415 3584 4422 -

303 4419 566 4490 accepta,
602 4414 805 4486 frater,
840 4434 1015 4475 cursu
1079 4423 1133 4476 te
1181 4418 1250 4476 ad
1305 4405 1663 4490 emnobinm,
1700 4425 1798 4476 aut
1833 4419 1941 4478 l-‘a-

2038 4412 2208 4488 εγένου
2233 4410 2284 4466 ἐν
2336 4409 2580 4483 κοινοϐίῳ
2629 4410 2664 4478 ἢ
2725 4417 3065 4486 πνευματικῷ
3121 4410 3296 4487 πατρὶ,
3359 4405 3442 4463 διὰ
3499 4415 3676 4468 τοῦτο.

307 4512 452 4559 trem
502 4500 871 4579 spiritualem
917 4505 1335 4578 rontulisti,ob
1385 4506 1463 4578 id,
1500 4507 1672 4565 etiam
1709 4507 1941 4566 hortatu

2038 4501 2068 4554 εἰ
2124 4499 2391 4577 προτρέπῃ
2449 4497 2573 4578 παρ’
2599 4500 2778 4578 αὐτοῦ,
2838 4499 2873 4564 ἦ
2939 4499 3078 4577 παρὰ
3149 4503 3253 4552 τῶν
3313 4497 3678 4571 συνασκουμέ-

2333 4589 2345 4603 ἳ
2364 4587 2386 4603 ἢ
2417 4587 2433 4603 Ν
2497 4590 2525 4598 α·-
2643 4587 2660 4603 Ἷ
2852 4601 2858 4603 .
2977 4587 2996 4600 "
3054 4588 3081 4603 n
3140 4587 3150 4603 1
3413 4586 3433 4602 ’1
3496 4583 3578 4603 νει.

309 4588 485 4660 altius,
543 4599 641 4649 aut
689 4590 786 4670 qui
821 4601 1011 4651 tecum
1059 4603 1194 4652 sunt
1225 4594 1636 4671 religiosorum
1673 4597 1939 4660 fratrum.

2038 4611 2127 4642 mw
2187 4611 2266 4644 σοι
2324 4587 2586 4668 ἀδελφῶν,
2642 4587 2910 4666 λουτροῖς,
2974 4587 3010 4652 ἢ
3053 4587 3349 4666 βρώμασιν,
3410 4587 3446 4651 ἢ
3489 4587 3679 4647 ἄλλαις

309 4677 718 4750 lavationibus,
772 4679 945 4753 escis,
1008 4682 1210 4741 aliisve
1265 4682 1564 4761 obsequiis
1618 4683 1686 4742 ad
1726 4703 1941 4760 corpus

2038 4679 2319 4756 lepamizi;
2377 4679 2676 4756 χρήσασθαι
2754 4676 3094 4737 ἀναπαύσεως
3181 4675 3361 4754 χάριν,
3388 4683 3541 4732 τοῦτο
3599 4676 3678 4748 μὴ

308 4766 740 4844 pertinentibus
757 4769 1167 4841 recreationis,
1196 4780 1248 4830 et
1271 4772 1452 4830 animi
1471 4791 1640 4832 causa
1661 4773 1941 4832 utendum

2038 4764 2282 4842 ιαταδέξη
2333 4782 2344 4794 '
2406 4764 2523 4820 ἀλλ’
2590 4766 2668 4820 ἀεὶ
2711 4763 3200 4844 παρεσκευασμένος
3263 4761 3350 4818 ἔσο
3410 4764 3535 4840 πρὸς
3566 4785 3675 4829 νη·-

308 4856 410 4916 tibi
444 4875 518 4917 ne
550 4865 739 4936 putes,
777 4857 1300 4937 sedadjejunium,
1333 4860 1402 4919 ad
1437 4880 1645 4938 aspera
1678 4861 1941 4932 ferenda,

2038 4858 2226 4916 ςτείαν.
2287 4857 2415 4933 πρὸς
2473 4855 2850 4927 κακοπάθειαν,
2931 4854 3060 4930 πρὸς
3130 4852 3435 4930 ἐγκράτειαν
3509 4851 3677 4929 ἀκροα-

310 4947 382 5006 ad
417 4965 705 5007 summam
736 4948 1158 5008 continentiam
1219 4960 1450 5028 paratus
1508 4970 1729 5027 sempe:
1779 4960 1941 5011 esto:

2038 4949 2194 5013 τὲτην
2229 4965 2243 4979 ·
2276 4947 2367 5003 ἵνα
2423 4949 2465 5002 εἰ
2515 4948 2610 5022 μὲν
2668 4947 2810 5024 παρὰ
2865 4952 2956 5001 τοῦ
3006 4952 3099 5001 σοῦ
3158 4944 3210 5000 ἐν
3256 4945 3427 5022 Κυρίῳ
3454 4945 3677 5022 παυρός,

311 5044 371 5093 ut
401 5034 448 5094 si
479 5035 661 5095 l’atris
689 5037 767 5097 tui
801 5038 856 5095 in
891 5037 1141 5098 Domino
1167 5039 1510 5098 auctoritate
1534 5039 1603 5098 ad
1635 5040 1941 5100 fruendum

2038 5043 2342 5115 προτραπῇς
2397 5048 2693 5115 μετασχεῖν
2751 5031 3164 5113 παρακλὴσεως,
3223 5032 3436 5112 εὖρεθῆς
3498 5031 3682 5103 ἐκείνῳ

306 5125 542 5204 aliquod
574 5127 843 5188 solatium
877 5126 1150 5200 incitere,
1186 5129 1268 5188 illi
1323 5129 1737 5189 obsecundans
1773 5149 1941 5208 repe-

2038 5130 2123 5183 λεν
2151 5130 2408 5208 ὑπήκοος,
2445 5132 2503 5184 τὸ
2551 5126 2605 5183 δὲ
2658 5125 2793 5182 ἴδιόν
2851 5147 2944 5184 σου
2994 5123 3199 5199 θέλημα
3251 5123 3384 5200 μηδὲ
3428 5125 3482 5180 ἐν
3512 5125 3682 5196 τούτῳ

305 5214 478 5288 riare,
515 5223 571 5273 et
602 5215 880 5276 voluntati
925 5225 1032 5276 tua-
1091 5235 1198 5276 nec
1262 5218 1316 5276 in
1371 5217 1478 5276 huc
1537 5217 1734 5276 dedita
1767 5236 1941 5296 opera

2038 5224 2194 5274 ποιῶν
2230 5235 2242 5248 ·
2280 5220 2323 5274 εἰ
2351 5217 2404 5274 δὲ
2462 5218 2563 5293 μὴ,
2623 5217 2756 5292 μετά
2814 5222 2984 5294 χαρᾶς
3044 5213 3312 5291 ὺπομένῃς
3371 5213 3502 5293 ἅπερ
3532 5215 3684 5269 ἑκου-

2031 4949 2194 5013 τὲτην

305 5319 530 5375 parere.
556 5303 795 5383 Altoqui
829 5323 958 5364 cum
998 5305 1290 5384 voluptate
1323 5305 1572 5378 sustine,
1606 5324 1673 5366 ac
1722 5314 1941 5384 patere,

303 5410 432 5472 quae
456 5391 648 5452 libens
680 5403 735 5452 et
766 5393 919 5454 ultro
951 5393 1020 5453 ad
1055 5394 1266 5454 animae
1299 5395 1764 5455 einolumentum
1810 5393 1949 5454 L-dc

303 5481 760 5560 comparandum
796 5484 989 5542 facere
1014 5482 1338 5545 instituisti.
1364 5483 1444 5544 [ta
1460 5485 1504 5545 si
1525 5484 1690 5558 faxis,
1716 5501 1953 5562 semper

302 5568 373 5632 ab
402 5569 675 5630 omnibus
707 5569 904 5632 inedia
936 5579 992 5632 te
1023 5571 1282 5649 affigere,
1311 5583 1366 5634 et
1398 5573 1778 5636 continentiae
1821 5581 1951 5634 stu-

2031 5307 2152 5372 σίως
2192 5313 2413 5374 ποιῆσαι
2457 5306 2747 5385 ἠθέλησας,
2808 5303 3053 5384 ψυχικῶς
3114 5301 3507 5384 ὠφελούμενος.
3542 5303 3684 5360 Τοῦ-

2033 5419 2091 5452 το
2145 5398 2242 5476 γὰρ
2300 5396 2596 5476 φυλάττων,
2658 5393 2754 5460 ἒση
2811 5391 3091 5456 διαπαντὸς
3118 5392 3203 5447 ἐπὶ
3258 5398 3418 5448 πᾶσιν
3475 5393 3546 5453 ὡς
3589 5414 3686 5458 νη·-

2035 5487 2252 5562 στεύων,
2314 5489 2398 5543 καὶ
2450 5484 2920 5564 ἐγκρατευόμενος,
2979 5483 3065 5537 καὶ
3121 5489 3197 5555 τῷ
3252 5477 3364 5555 ἰδίῳ
3418 5479 3683 5556 θελήματι

2035 5576 2168 5632 κατά
2228 5577 2395 5633 πάντα
2451 5573 2866 5648 ὕποταξάμενος.
2931 5575 3002 5629 Οὔ
3047 5570 3206 5646 μόνον
3263 5567 3342 5645 δὲ,
3403 5567 3537 5625 ἀλλά
3595 5573 3686 5625 καὶ
