4054 6114
331 277 451 343 609

1604 279 1988 345 CAPITULA
2031 271 2434 343 PRAOTICA.

3591 273 3716 339 610

329 418 427 484 τὴν
457 417 675 474 ἐδοῦσαν
719 417 773 472 ἐν
841 420 909 492 τῇ
957 416 1139 494 καρδίᾳ
1198 439 1290 474 σου
1345 418 1519 497 φλόγα
1575 417 1827 475 ἄσϐεστον
1857 414 1976 472 δια-

2079 411 2232 486 lere,
2290 414 2711 495 propriamque
2757 414 3116 477 voluntatem
3169 412 3432 477 funditus
3481 414 3713 477 exuisse

333 508 583 585 τηρήσεις
657 508 756 573 τὴν
865 506 1047 562 πάντω
1060 533 1074 562 δ

336 618 461 657 σαν,

422 853 517 942 ιγ’.
554 846 702 923 "011v
734 866 903 921 πάντα
960 865 1064 941 παῤ
1136 865 1333 922 ἑαυτῶν
1389 868 1436 920 οἱ
1492 862 1735 940 δαίμονες
1768 862 1978 943 πράξω-

339 975 416 1032 σι,
449 956 536 1008 καὶ
577 956 667 1010 τὸν
722 954 856 1011 κατὰ
916 954 1044 1009 Θεὸν
1101 955 1254 1027 ἡμῶν
1312 955 1508 1009 σκοπὸν
1579 966 1895 1010 κατασεῖσαι
1927 952 1986 1007 οὐ

340 1039 646 1111 δυνηθῶσιν,
705 1042 742 1108 ἦ
799 1038 1100 1116 ἐμποδίσαι,
1172 1041 1291 1097 τότε
1365 1055 1482 1105 τοῖς
1556 1042 1655 1109 τὴν
1712 1038 1984 1099 εὒλάϐειαν

340 1130 768 1209 ὕποκρινομένοις
798 1129 1223 1209 ὕπεισέρχονται,
1311 1133 1398 1187 καὶ
1483 1129 1554 1185 δι’
1634 1132 1805 1188 αὒτῶν
1862 1131 1983 1193 τοὺς

342 1219 755 1298 ἀγωνιζομένους
832 1216 1125 1294 ἐμποὸζειν
1224 1226 1528 1299 πειρῶνται·
1615 1222 1710 1277 Καὶ
1777 1226 1985 1298 πρῶτον

343 1309 439 1383 μὲν
465 1310 538 1371 ὡς
595 1307 647 1374 ἐξ
712 1308 926 1385 ἀγάπης
983 1306 1134 1375 δῆθεν
1205 1310 1293 1364 καὶ
1355 1309 1677 1383 συμπαθείας
1733 1308 1983 1382 κινούμε-

344 1419 445 1476 νοι,
521 1398 593 1460 εἷς
651 1398 954 1472 σωματικὰς
1011 1397 1326 1460 ἀναπαύσεις
1385 1410 1589 1476 χωρεῖν
1647 1402 1984 1475 παραινοῦσιν

346 1486 531 1551 αὺτούς
569 1504 583 1519 ·
636 1485 731 1541 *ἕνα
761 1486 838 1560 μὴ
888 1487 974 1541 καὶ
1026 1487 1087 1540 τὸ
1145 1487 1299 1569 σῶμα
1359 1484 1681 1561 ἀδυνατήσῃ,
1716 1486 1870 1564 φησὶ,
1900 1485 1987 1539 καὶ

346 1575 418 1636 εὶς
477 1571 701 1640 ἀκηδίαν
756 1573 1094 1649 ἐμπεσεῖται.
1156 1556 1371 1629 ’,Επειτα
1429 1574 1515 1629 καὶ
1584 1574 1656 1635 εἰς
1708 1570 1987 1649 σδντυχίας

347 1660 639 1743 ἀνωφελεῖς
697 1661 1097 1740 ἐκκαλούμενοι,
1168 1662 1290 1741 τὰς,
1373 1662 1574 1740 ἡμέρας
1660 1660 1713 1715 ἐν
1776 1660 1989 1721 ταύταις

347 1748 780 1828 προσαναλίσκειν
841 1751 1024 1814 αὐτοὺς
1073 1758 1335 1811 ποιοὺσιν,
1370 1750 1427 1805 Εἰ
1471 1747 1567 1824 μέν
1618 1770 1696 1811 τις
1753 1747 1987 1803 ὑπακού-

347 1858 442 1903 σας
512 1843 615 1895 τῶν
668 1837 958 1895 σπουδαίων
1002 1841 1241 1914 ὸμοιωθῇ
1296 1839 1501 1915 αὖτοῖς,
1567 1834 1872 1915 στρέφονται
1903 1837 1990 1891 καὶ

348 1925 631 2005 ἐπιγελῶσι
674 1928 771 1994 τὴν
833 1928 987 1983 abte-3
1046 1925 1336 1988 ἀπώλειαν,
1398 1926 1456 1982 Εἰ
1511 1921 1565 1979 δὲ
1626 1924 1704 1999 μὴ
1772 1926 1989 2003 ὑπαχθξι

347 2028 462 2079 τοῖς
486 2017 659 2072 arth
705 2014 910 2094 λόγοις,
957 2014 1093 2071 ἀλλὰ
1146 2027 1303 2092 τηρεῖ
1361 2014 1541 2073 ἑαυτὸν
1594 2012 1733 2077 ξένον
1765 2012 1824 2068 ἐκ
1852 2012 1989 2069 πάν-

348 2124 477 2182 των,
549 2104 637 2159 καὶ
706 2105 938 2174 σύννουν,
1030 2105 1117 2159 καὶ
1200 2099 1644 2180 ἀπαρρησίαστον,
1727 2107 1989 2157 κινοῦνται

350 2193 422 2254 εἷς
445 2192 657 2272 φθόνον,
716 2194 803 2248 καὶ
854 2192 1027 2248 πάντα
1082 2198 1289 2248 ποιοῦσι
1362 2192 1450 2246 καὶ
1503 2191 1815 2268 πράσσουσι,
1888 2188 1988 2252 ἕως

348 2284 406 2337 οὗ
445 2284 535 2336 καὶ
607 2287 703 2348 τῆς
776 2281 940 2356 μονῆς
991 2281 1148 2336 αὐτὸν
1205 2278 1485 2344 ἐκδιώξωσι
1522 2294 1535 2307 ·
1580 2281 1639 2336 οὒ
1693 2277 1834 2356 φέρει
1891 2278 1991 2357 γὰρ

346 2367 605 2435 κενοδοξία
684 2368 895 2444 ἄτιμος,
996 2367 1377 2443 ἐπαινουμένην
1463 2369 1775 2423 ται-τέκωσιν
1867 2368 1989 2446 ὁρᾷν

350 2458 661 2524 ἂπεναντίας
694 2460 855 2525 αὗτῆς
867 2503 880 2516 .

1185 522 1536 588 καταφρονεῖν
1627 530 1685 563 σε
1769 508 1981 584 βιάζου-

2079 500 2453 570 indicaberis.
2485 505 2697 583 Neque
2725 502 2784 563 id
2819 503 3033 578 solum,
3074 503 3181 564 sed
3213 504 3458 582 insuper
3486 503 3710 565 arden—

2068 596 2183 650 tem
2216 590 2275 651 in
2309 600 2547 665 pectore
2581 600 2676 651 luo
2709 591 3003 652 flammam
3059 590 3440 652 inextinctam
3474 608 3712 653 conser-

2066 679 2250 753 vabis,
2286 698 2416 760 quae
2446 689 2502 741 te
2533 680 2606 740 ad
2657 685 2923 740 omnium
2976 698 3175 740 rerum
3211 679 3712 759 contemptionem

2066 767 2268 843 adigit.

2159 856 2247 920 l3.
2283 861 2425 921 Cum
2461 858 2847 938 praestiterint
2892 859 3222 930 damones,
3248 868 3307 919 et
3335 859 3567 938 experti
3589 860 3717 921 fue-

2068 944 2185 1005 rint
2217 947 2437 1021 omnia,
2472 967 2601 1028 qum
2632 949 2692 1007 in
2718 966 2781 1007 se
2812 950 3070 1013 fuerunt,
3137 966 3246 1008 nec
3303 957 3496 1008 tamen
3549 967 3656 1009 nos
3684 967 3718 1010 a

2067 1049 2246 1113 scopo
2278 1046 2476 1096 nostro
2502 1037 2829 1098 secundum
2865 1036 3051 1097 Deum
3093 1045 3359 1097 avertere
3386 1038 3708 1118 potuerint,

2068 1140 2180 1184 nec
2209 1124 2501 1184 remorari
2534 1135 2706 1204 atque
2732 1125 3046 1204 impedire,
3064 1132 3183 1185 tum
3201 1143 3263 1185 se
3293 1125 3351 1185 in
3373 1125 3706 1205 religiosam

2068 1210 2400 1270 cautionem
2436 1214 2785 1274 simulantes
2818 1213 3142 1286 insinuant,
3188 1232 3511 1294 eorumque
3532 1234 3712 1295 opera

2069 1316 2238 1358 sacro
2272 1300 2586 1360 certamini
2616 1301 2853 1374 deditis,
2887 1302 3312 1381 impedimenta
3328 1300 3592 1382 objicere
3613 1304 3712 1365 ad-

2068 1386 2359 1446 nituntur.
2399 1389 2484 1448 Ac
2512 1388 2762 1468 primum
2795 1390 3033 1469 quidem
3068 1392 3221 1451 velut
3251 1409 3477 1466 amore,
3501 1398 3559 1455 et
3583 1411 3710 1455 mu-

2074 1474 2418 1538 tuoillorum
2440 1481 2623 1537 miser
2649 1496 2892 1538 aasensu
2911 1480 3212 1549 commoti,
3238 1498 3339 1541 eos
3356 1482 3425 1540 ad
3462 1500 3711 1563 corpora

2072 1580 2271 1624 secum
2304 1582 2393 1624 ret
2411 1568 2649 1638 reanda,
2685 1586 2751 1627 ac
2767 1566 3016 1627 fovenda
3039 1568 3372 1629 concedere
3393 1571 3707 1632 cohortan-

2074 1660 2198 1713 tur:
2236 1672 2309 1713 ne
2360 1654 2765 1730 debilitentur,
2819 1673 2888 1717 ac
2948 1656 3269 1734 fragantur,
3322 1657 3619 1739 inquiunt,
3656 1668 3713 1721 et

2012 1768 2050 1816 Β
2073 1742 2129 1801 in
2167 1751 2462 1822 torporem
2494 1763 2559 1805 ac
2592 1746 2950 1819 socordiam,
2985 1746 3106 1806 sive
3142 1747 3407 1809 acediam
3434 1749 3711 1813 delaban-

2072 1839 2187 1894 tur.
2221 1830 2359 1892 Post
2386 1834 2455 1893 ad
2492 1834 2783 1915 culnquia
2842 1836 3204 1897 infructuosa
3237 1856 3337 1898 eos
3371 1850 3709 1917 provocant,

2071 1919 2132 2009 in
2164 1919 2379 1999 quibus
2439 1922 2567 1982 dies
2627 1931 2777 1984 totos
2821 1932 3157 1985 conterunt.
3213 1925 3296 1986 Ac
3341 1926 3389 1986 si
3421 1929 3710 2009 quispiam

2073 2006 2285 2088 bonus,
2346 2019 2402 2069 et
2459 2010 2691 2095 virtutis
2746 2012 3047 2072 studiosus
3103 2013 3223 2073 illis
3280 2032 3344 2075 se
3374 2006 3709 2096 aacjuaverit,

2073 2097 2368 2171 conversi,
2406 2097 2537 2178 ejus
2566 2092 2869 2162 interitum
2903 2100 3122 2164 rident.
3157 2099 3216 2162 Si
3249 2092 3459 2164 eorum
3477 2122 3710 2167 sermo-

2076 2186 2248 2247 nibus
2278 2205 2453 2248 aures
2483 2188 2863 2268 olistruxerit,
2897 2208 3078 2269 seque
3111 2189 3186 2250 ab
3218 2192 3492 2253 omnibus
3524 2202 3582 2253 et
3616 2211 3716 2273 pe.

2074 2273 2399 2352 regrinum,
2436 2283 2740 2354 etgravem
2773 2296 2840 2339 ac
2870 2278 3112 2353 serium,
3148 2287 3206 2338 et
3233 2297 3267 2338 a
3296 2279 3534 2342 licentia
3562 2281 3712 2343 alie-

2077 2381 2217 2423 num
2242 2366 2581 2437 servaverit,
2613 2367 2682 2427 ad
2717 2365 2993 2427 invidiam
3021 2367 3416 2442 concitantur,
3454 2370 3715 2452 velisque

2080 2470 2145 2512 ac
2175 2452 2359 2513 remis
2388 2454 2774 2525 contendunt,
2810 2462 2874 2515 ut
2901 2473 3034 2515 eum
3081 2456 3260 2518 etiam
3292 2475 3325 2518 e
3359 2463 3715 2520 monasterio

2081 2541 2397 2620 expellant.
2432 2539 2593 2603 Vana
2624 2543 2841 2623 quippe
2872 2543 3056 2622 gloria
3093 2554 3450 2625 contempta,
3489 2546 3721 2608 humili-

2081 2638 2258 2691 tatem
2288 2650 2355 2691 ex
2386 2631 2630 2693 adverso
2665 2633 2957 2693 laudatam
3012 2634 3212 2695 videre
3243 2653 3360 2695 non
3392 2636 3663 2698 sustinet.

2160 2722 2259 2780 t4.
2294 2719 2544 2798 Angitur
2573 2737 2930 2803 magnopere
2960 2722 3374 2801 inanisglorize
3405 2735 3717 2786 consecta-

2077 2814 2188 2895 tor,
2223 2826 2356 2869 cum
2389 2809 2672 2870 humilem
2696 2811 2984 2891 lacrymas
3003 2812 3481 2892 profundentem,
3515 2814 3713 2895 dupli-

2076 2894 2340 2977 citerque
2366 2897 2620 2976 ,sibimet
2649 2901 3125 2963 commodantem
3171 2901 3455 2963 intuetur.
3489 2894 3633 2963 Nam
3662 2914 3723 2964 et

2076 2983 2266 3047 Deum
2292 2986 2544 3066 perillas
2569 2988 2845 3069 propitiat
2877 3007 2891 3052 :
2924 3002 2983 3051 et
3015 2989 3286 3051 homines
3317 2990 3389 3051 ad
3421 2990 3514 3051 sui
3546 3010 3716 3053 com-

2013 3123 2052 3172 C
2080 3074 2515 3172 utendationem
2546 3078 2805 3154 (tametsi
2837 3078 2895 3139 id
2931 3078 3173 3140 minime
3219 3079 3451 3159 volens)
3481 3080 3717 3172 excitat.

436 3158 521 3227 ιε’.
597 3167 714 3250 Ἀφ’
786 3173 846 3227 οὗ
913 3173 1129 3231 σεαυτὸν
1196 3169 1317 3227 ὅλον
1371 3176 1449 3244 τῷ
1506 3176 1848 3245 πνευματικῷ
1903 3190 1987 3225 σου

2162 3166 2258 3238 15,
2295 3162 2608 3244 Postquam
2640 3174 2697 3227 te
2731 3174 2917 3227 totum
2951 3168 3110 3230 Patri
3158 3168 3449 3248 spirituali
3480 3170 3723 3230 tradidi-

355 3259 632 3328 ἀναθήσεις
689 3262 866 3340 πατρὶ,
924 3260 1032 3317 ἴσθι
1090 3262 1160 3323 ὡς
1217 3259 1359 3325 ξένος
1418 3258 1482 3327 ἧς
1538 3258 1627 3314 ἐπὶ
1700 3265 1860 3315 πᾶσιν
1913 3261 1987 3322 οἷς

2083 3253 2178 3327 sti,
2209 3254 2331 3314 scio
2374 3263 2431 3318 te
2477 3261 2661 3316 instar
2710 3259 3004 3336 peregrini
3057 3277 3125 3319 ac
3183 3258 3433 3339 hospitis
3466 3278 3599 3321 esse
3659 3259 3721 3321 in

356 3346 540 3413 ἔξωθεν
569 3347 791 3429 ἐπιφέρῃ
827 3365 841 3379 ’
903 3350 1218 3429 ἀνθρώποις,
1279 3347 1443 3426 λέγω,
1501 3349 1778 3428 πραγμασί
1830 3368 1886 3405 τε
1916 3347 1987 3404 κα

2086 3343 2383 3404 extraneis
2403 3344 2703 3416 omnibus,
2733 3347 2945 3426 puibus
2984 3348 3305 3427 praeﬁceris
3330 3347 3719 3429 ;hominibus,

355 3438 650 3517 χρήμασιν.
681 3439 754 3495 Οὗ
782 3441 970 3518 χωρὶς,
1020 3436 1186 3514 μηδὲν
1234 3436 1288 3492 ἐν
1349 3440 1530 3502 αὖτοῖς
1559 3435 1749 3503 πρᾶξαι
1785 3437 1820 3505 ἢ
1849 3440 1987 3504 ποιῆ·

2087 3431 2348 3512 inquam,
2390 3434 2641 3512 negotiis
2695 3446 2752 3496 et
2799 3436 3190 3514 facultatibus,
3239 3436 3388 3499 citra
3419 3438 3589 3516 cujus
3614 3455 3724 3499 au-

356 3548 444 3582 σαι
500 3524 751 3602 θελήσῃς.
812 3524 979 3583 Ἀλλὰ
1036 3524 1171 3602 μηδὲ
1229 3527 1413 3604 μικρὸν
1494 3526 1531 3592 ἦ
1587 3527 1724 3604 μέγα
1780 3547 1987 3604 πραγμσ

2083 3520 2411 3582 ctoritatem
2444 3521 2588 3583 nihil
2614 3522 2808 3585 facere
2839 3525 2983 3586 velis
3043 3524 3163 3587 Sed
3194 3543 3388 3605 neque
3413 3527 3717 3604 exiguum,

355 3617 554 3691 αἰτήσῃ
584 3613 707 3693 παρ’
736 3619 892 3674 αὒτοῦ
929 3637 942 3652 ·
1004 3618 1047 3671 εἰ
1105 3615 1233 3691 μήτι
1291 3616 1445 3677 αὐτὸς
1502 3620 1571 3691 τῇ
1619 3615 1783 3687 οἰκεία
1811 3615 1987 3693 γνώμη

2083 3618 2182 3669 aut
2214 3628 2488 3687 magnum
2511 3611 2811 3690 quidpiam
2835 3613 2907 3674 ab
2931 3632 3000 3675 eo
3049 3613 3153 3674 tibi
3189 3614 3477 3675 committi
3515 3622 3718 3693 petas:

354 3706 392 3770 ἣ
424 3703 700 3784 προστάξει
730 3702 916 3763 λαϐεῖν
974 3727 1052 3779 σε,
1112 3704 1149 3770 ἦ
1207 3705 1363 3766 αὐτὸς
1417 3703 1621 3767 ἐκεῖνος
1681 3704 1987 3783 αὗτοχείρως

2086 3697 2201 3760 nisi
2227 3699 2276 3759 is
2302 3709 2508 3779 suopte
2558 3709 2702 3762 nutu
2746 3709 2847 3763 aut
2894 3701 2977 3763 illi
3037 3714 3096 3763 te
3148 3720 3355 3764 manus
3407 3702 3726 3765 admovere

362 3791 580 3872 παρέξει
608 3813 692 3850 σοι
707 3839 722 3855 .

2079 3786 2491 3866 jusserit;aut
2519 3788 2771 3869 ipsemet
2827 3807 2933 3850 sua
2990 3791 3154 3851 velut
3205 3809 3384 3853 manu
3444 3790 3587 3851 illud
3618 3791 3724 3852 tibi

2094 3875 2426 3936 tradiderit.

434 2716 522 2786 ιδ’,
561 2709 814 2804 ’λγχεται
871 2724 1164 2795 κενόδοξος,
1227 2727 1607 2804 ταπεινοφρόνα
1666 2726 1801 2803 ὀρῶν
1859 2745 1993 2803 προ-

354 2815 549 2895 χέονται
580 2811 794 2893 δάκρυα,
843 2817 930 2871 καὶ
959 2812 1148 2876 δισσῶς
1203 2811 1567 2894 ὠφελούμενον
1602 2830 1617 2845 ⁸
1670 2816 1800 2870 Θεὸν
1828 2812 1991 2870 ’ίλεων

353 2901 418 2959 δι’
476 2906 645 2960 αὒτῶν
702 2902 1071 2983 ἐργαζόμενον,
1130 2904 1218 2959 καὶ
1275 2902 1574 2982 ἀνθρώπους
1632 2906 1705 2967 εἷς
1782 2902 1991 2960 ἔπαινον

355 2992 721 3068 ἐπισπώμενον
753 2990 1070 3060 ἀϐούλητον.

441 3970 521 4045 ις’
529 3960 561 4031 ’.
594 3972 684 4040 Μὴ
713 3970 814 4046 δῷς
846 3971 966 4027 ἄνευ
990 3979 1084 4029 τοῦ
1112 3970 1251 4027 κατὰ
1311 3970 1440 4026 Θεὸν
1498 3991 1590 4026 σου
1620 3969 1817 4047 πατρὸς
1848 3966 1987 4032 ἐλεη-

2177 3965 2274 4027 16.
2310 3965 2394 4026 De
2416 3964 2574 4026 illata
2601 3965 2708 4027 abs
2739 3974 2801 4028 te
2831 3966 3082 4046 pecunia
3112 3966 3272 4028 nede
3288 3967 3725 4050 eleemosynam

361 4061 616 4136 μοσύνην,
648 4058 699 4125 ἐξ
744 4063 818 4116 ὦν
872 4060 1175 4139 χρημάτων
1232 4058 1600 4137 προσήνεγκας
1637 4075 1648 4090 ·
1713 4055 1848 4112 ἀλλὰ
1878 4053 1987 4131 μηδ

2096 4053 2322 4132 injussu
2374 4053 2552 4133 patris
2602 4054 2682 4115 tui
2741 4054 3073 4116 secundum
3123 4055 3331 4117 Deum.
3390 4060 3504 4118 Sed
3540 4078 3731 4140 neque

359 4148 445 4206 διὰ
475 4150 687 4225 μεσίτου
717 4147 902 4207 λαϐεῖν
934 4171 1045 4206 τινα
1101 4147 1152 4214 ἐξ
1207 4147 1377 4204 αὒτῶν
1434 4146 1664 4223 θελήσῃς
1718 4144 1842 4226 παρ’
1873 4145 1987 4202 ἐκεί·

2097 4142 2248 4203 velle
2278 4141 2482 4217 debes,
2515 4150 2576 4202 ut
2597 4142 2730 4222 quis
2764 4160 2869 4223 per
2897 4142 3202 4221 vicarium,
3248 4145 3372 4207 sive
3412 4147 3730 4209 internun-

361 4261 472 4301 νου,
537 4248 788 4318 Κρεῖττον
846 4240 945 4318 γὰρ
999 4238 1223 4317 πτωχὸν
1275 4238 1362 4292 καὶ
1417 4233 1557 4300 ξένον
1612 4236 1752 4291 εἷναί
1809 4255 1865 4290 τε
1920 4256 1987 4290 κα

2094 4231 2238 4292 tium
2273 4239 2436 4292 tuum
2471 4229 2742 4293 deillaab
2775 4232 2985 4293 eodem
3010 4240 3173 4312 patre
3203 4234 3473 4316 accipiat.
3488 4238 3729 4300 Praestat

360 4328 569 4385 ἀκούειν
599 4349 680 4402 σε,
740 4332 776 4395 ἧ
826 4328 1120 4407 σκορπίζειν
1176 4326 1433 4405 χρήματα
1491 4325 1576 4382 καὶ
1639 4322 1832 4380 διδόναι
1888 4336 1987 4381 τοῖα

2094 4319 2252 4385 enim
2284 4319 2644 4393 mendicum,
2681 4321 3132 4400 etperegrinum
3169 4342 3322 4397 esse,
3345 4335 3403 4386 et
3434 4325 3734 4388 nominari

359 4417 608 4496 πένησιν,
666 4417 1003 4496 εἰσαθωγικὸν
1089 4413 1238 4475 ὅντα.
1298 4414 1527 4479 Πίστεως
1612 4411 1670 4469 δὲ
1726 4413 1987 4492 ἆκρεφνοῦι

2096 4417 2175 4484 te,
2210 4427 2383 4489 quam
2417 4407 2708 4489 dissipare
2728 4411 3033 4488 pecunias,
3069 4420 3128 4472 et
3178 4410 3320 4473 dare
3353 4413 3733 4495 pauperibus,

357 4508 425 4563 τὰ
473 4507 669 4579 πάντα,
725 4507 797 4570 ὡς
856 4506 911 4562 ὲν
967 4506 1108 4585 χειρὶ
1165 4509 1318 4576 Θεοῦ,
1396 4507 1463 4578 τῇ
1515 4508 1603 4557 νοῦ
1660 4509 1987 4576 πνευματικοί

2097 4498 2313 4585 cumin
2365 4498 2477 4558 hoc
2521 4497 2650 4558 vitae
2709 4504 2866 4558 statu
2919 4499 3186 4561 novellus
3242 4501 3458 4584 adhuc,
3520 4510 3579 4564 et
3612 4512 3734 4584 tyro

357 4597 556 4671 πατρὸς
588 4594 858 4651 ἀναθέσθαι
887 4584 1173 4671 βουλήσει.

2098 4585 2200 4649 sis.
2240 4584 2501 4647 Sinceraz
2533 4594 2728 4647 autem
2760 4584 2897 4646 ﬁdei
2928 4595 3040 4668 est,
3094 4587 3292 4650 omnia
3316 4590 3597 4652 voluntati
3628 4591 3734 4652 l’a-

469 4650 487 4674 r
511 4650 517 4651 ,
540 4650 555 4659 _
677 4650 704 4651 η
848 4650 855 4651 κ
888 4650 897 4671 .
934 4650 942 4651 κ
1012 4650 1015 4651 ν
1053 4650 1062 4664 ι
1160 4650 1170 4652 ~
2100 4673 2204 4735 πί,
2234 4673 2558 4754 ερίτίιυδιίε
2589 4672 2742 4736 haud
2774 4691 2948 4736 secus
2981 4650 3157 4758 quam
3179 4676 3283 4739 Dei
3317 4679 3588 4742 manibus
3611 4697 3740 4761 per“

2103 4772 2361 4825 mittere.

449 4852 541 4933 ιζ’.
574 4860 720 4928 Μηδέ
758 4860 944 4918 λαϐεῖν
972 4859 1158 4926 ὕδατος
1215 4862 1376 4916 ποτὸν
1436 4860 1652 4934 αἰτήσῃ,
1689 4859 1732 4914 εἰ
1762 4859 1849 4913 καὶ
1877 4878 1987 4932 συμ

2184 4855 2280 4912 17.
2315 4851 2666 4915 Potestatem
2729 4853 2975 4917 bibendi
3011 4874 3364 4937 aquam,.ne
3412 4875 3574 4935 roga,
3603 4858 3742 4920 licet

366 4950 439 5027 ὁῃ
468 4972 527 5006 σε
556 4948 859 5031 φλέγεσθαι,
916 4949 1106 5029 μέχρις
1156 4949 1218 5004 ἃν
1276 4948 1483 5004 οἴκοθεν
1536 4948 1766 5013 κινηθεὶς
1797 4948 1825 5002 ὁ
1854 4966 1987 5002 πνευ·

2094 4941 2199 5001 siti
2228 4941 2457 5031 ardens,
2492 4941 2682 5031 donec
2696 4955 2908 5024 suopte
2936 4943 3195 5025 impulsu
3220 4947 3394 5006 Peter
3418 4945 3742 5025 spiritualis

370 5010 592 5117 ματικός
649 5010 744 5095 σου
795 5010 971 5117 πατήρ
989 5010 1301 5117 μαστροτρέψῃ
1344 5057 1423 5097 σε.
1518 5010 1668 5116 Αγχε
1725 5035 1817 5114 γὲρ
1872 5056 1987 5090 σεαιέ

2108 5038 2162 5092 te
2188 5031 2260 5092 ad
2320 5010 2646 5092 bibendum
2702 5010 3051 5096 liter'tabitun.
3112 5034 3333 5096 Coerce
3373 5010 3647 5114 teipsum,
3684 5042 3744 5098 et

370 5132 484 5203 τὸν,
515 5128 605 5186 καὶ
653 5128 837 5204 βιάζου
895 5127 948 5184 ἐν
1008 5132 1163 5200 πᾶσι,
1215 5127 1407 5182 πείθων
1464 5125 1551 5181 καὶ
1607 5123 1778 5201 λέγων
1833 5133 1910 5198 τῷ
1936 5122 1987 5179 λε

2107 5119 2586 5183 acriter‘timibet
2624 5121 2851 5202 impera
2907 5121 2968 5182 in
3026 5121 3324 5196 omnibus,
3357 5122 3436 5184 ita
3466 5123 3736 5203 loquens,

368 5224 548 5297 γισμῷ
593 5232 608 5247 ⁸
646 5219 703 5274 Ei
732 5215 870 5273 θέλει
899 5219 928 5273 ὁ
972 5217 1124 5289 Θεὸς,
1156 5216 1243 5271 καὶ
1273 5217 1337 5291 ᾗς
1370 5211 1531 5279 ἄξιοις
1562 5219 1653 5268 τοῦ
1681 5226 1850 5285 πιεῖν,
1883 5212 1987 5269 ἆπο

2110 5217 2167 5271 et
2195 5209 2457 5271 suadens
2511 5209 2616 5270 tibi
2666 5211 2821 5290 apud
2878 5209 3169 5272 animum.
3228 5209 3292 5273 Si
3351 5212 3545 5292 placet
3594 5211 3739 5289 Deo,

368 5306 623 5365 καλύπτει
655 5306 866 5369 πάντως
923 5312 999 5380 τῷ
1054 5303 1217 5383 Πατρί
1271 5324 1365 5359 σο)
1422 5303 1511 5358 καὶ
1567 5300 1709 5381 λέγει
1738 5323 1819 5358 σοι
1852 5318 1866 5334 ·
1904 5301 1987 5357 Πίε

2106 5306 2163 5360 et
2191 5298 2272 5360 sis
2330 5298 2542 5378 dignus
2576 5297 2807 5380 bibere,
2862 5300 3034 5379 plane
3090 5298 3375 5361 revelabit
3434 5300 3589 5361 Patri
3647 5310 3745 5362 tuo

372 5397 473 5455 Καὶ
523 5393 814 5463 τηνικαῦτα
868 5393 1041 5450 πίεσαι
1104 5393 1238 5467 μετὰ
1305 5393 1532 5470 καθαροῦ
1610 5388 1925 5464 συνειδότος,
1980 5413 1987 5445 t

2103 5386 2414 5467 spirituali,
2452 5387 2580 5449 etis
2608 5386 2893 5449 dicettibi
2928 5405 2941 5449 :
3001 5387 3167 5449 Bibe.
3220 5386 3573 5451 Tum'bibes
3603 5406 3749 5468 pura

373 5486 459 5545 καὶ
490 5483 629 5567 παρὰ
656 5484 747 5541 τὸν
776 5484 956 5562 καιρὸν
988 5483 1022 5552 ἡ
1052 5481 1163 5563 ὥρα
1199 5479 1359 5543 ἐστὶν.

2106 5474 2491 5553 conscientia,
2549 5473 2814 5558 quamvis
2871 5482 3033 5538 extra
3091 5486 3348 5558 tempus,
3408 5486 3511 5540 aut
3538 5476 3744 5539 horam

2106 5563 2302 5630 bibas.
