4054 6114
341 289 459 352 613

1607 304 1880 364 UAPITU
1895 306 1986 364 LA
2035 299 2427 363 PRACTICA.

3596 285 3716 351 614

412 417 524 492 καί
585 431 658 487 Οὔ
711 432 946 511 πράξεων
1002 435 1163 509 μόνον
1227 441 1471 513 πονηρῶν
1515 434 1804 514 ἀπέχεσθαι
1871 432 1972 508 δεῖ,

2144 436 2244 494 2|.
2279 431 2407 492 Non
2442 439 2666 493 tantum
2714 429 2786 489 ab
2831 423 3117 508 improbis
3169 423 3502 514 actionibus
3526 422 3708 514 absti-

333 513 467 572 ἀλλὰ
509 519 596 574 καὶ
626 518 923 598 λογισμῶν,
971 525 1058 578 καὶ
1109 522 1320 579 ἐννοιῶν
1374 513 1640 594 ἐναντίωνς
1679 521 1982 594 σπουδάζειν

333 603 443 680 7,ρῆ
497 605 586 662 τὸν
644 607 884 675 ἀσκητὴν
957 609 1220 690 ἐλεύθερον
1283 624 1421 668 εἶναι
1456 628 1469 640 ⁸
1547 608 1876 691 ἐνδιατρίϐειν
1928 609 1983 666 δὲ

333 691 412 746 ἀεὶ
453 708 577 758 ταῖς
636 697 978 777 ψυχωφελὲσι
1032 700 1121 756 καὶ
1181 713 1568 774 πνευματικαῖς
1621 699 1930 775 ἐνθυμήσεσι
1965 715 1978 728 '

330 780 419 836 ’ἕνα
449 781 614 846 οὕτως
645 784 932 864 ἁμέριμνος
963 787 1068 844 ἀπὸ
1097 789 1203 844 τῶν
1239 789 1500 863 βιωτικῶν
1531 787 1780 864 διαμένῃ.

414 1040 502 1125 κβ’
536 1033 725 1132 ’,Ωσπερ
757 1057 786 1109 6
842 1053 966 1112 ὅλον
1022 1058 1208 1114 ἑαυτοῦ
1263 1057 1654 1134 ἀπογυμνώσας
1710 1060 1770 1112 τὸ
1800 1062 1980 1131 σῶμα,

335 1137 425 1194 ἐὰν
454 1138 760 1216 καλύμματι
825 1165 924 1198 τινι
969 1144 1396 1221 κεκαλυμμένους
1444 1146 1550 1225 ἔχῃ
1607 1146 1727 1207 τοὺς
1784 1143 1985 1224 ὀφθαλ-

334 1228 486 1301 μοὺς,
530 1231 617 1284 καὶ
661 1235 720 1289 οὗ
775 1230 976 1310 θελήσῃ
1058 1235 1178 1316 ἆραι
1240 1236 1326 1291 καὶ
1385 1233 1762 1290 ἀποσείσασθαι
1833 1234 1981 1301 αὐτὸ,

331 1317 390 1372 οὗ
449 1314 660 1374 δύναται
706 1321 810 1378 ἀπὸ
879 1325 1048 1396 μὸνης
1097 1314 1204 1392 τῆς
1262 1325 1593 1398 γυμνότητος
1651 1331 1744 1380 του
1797 1321 1984 1378 λοιποῦ

332 1407 574 1481 σώματος
605 1405 734 1466 ἰδεῖν
764 1413 823 1466 τὸ
855 1419 963 1491 φῶς
999 1416 1016 1441 ⁸
1049 1413 1186 1470 οὕτω
1235 1414 1323 1469 καὶ
1354 1415 1380 1468 6
1414 1413 1628 1468 πάντων
1672 1419 1775 1468 τῶν
1810 1409 1983 1467 ἄλλων

331 1495 655 1572 πραγμάτων
715 1501 846 1573 ὁμοῦ
887 1502 975 1556 καὶ
1057 1502 1354 1581 χρημάτων
1411 1503 1838 1579 καταφρονήσας,
1895 1495 1981 1556 καὶ

329 1582 657 1661 ἀπαλλαγεὶς
687 1588 860 1646 «ora.»
901 1596 1005 1647 τῶν
1064 1595 1268 1666 παθῶν,
1329 1591 1373 1645 εἰ
1434 1591 1511 1664 μή
1541 1591 1628 1646 καὶ
1657 1595 1762 1645 τῶν
1791 1590 1979 1665 βιωτι-

331 1678 437 1728 κῶν
497 1673 830 1749 ἐνθυμήσεων
882 1679 970 1734 καὶ
1037 1683 1144 1736 τῶν
1196 1684 1441 1757 πονηρῶν
1500 1679 1713 1735 ἐννοιῶν
1769 1677 1977 1734 ἐλευθε-

333 1763 488 1838 ρώσει
543 1764 636 1818 τὸν
702 1765 798 1834 τῆς
857 1770 1040 1847 ψυχῆς
1099 1770 1395 1848 οφθαλμὸν,
1455 1771 1550 1826 οὒκ
1605 1765 1793 1842 ὄψεταί
1849 1788 1978 1823 ποτε

333 1852 393 1905 τὸ
425 1853 613 1917 νοητὸν
644 1854 755 1932 φῶς
785 1856 875 1910 τὸν
913 1857 1096 1934 Κύριον
1152 1859 1307 1932 ἡμῶν
1352 1854 1559 1922 ἰησοῦν
1615 1857 1840 1935 Χριστὸν
1893 1859 1980 1912 καὶ

335 1941 488 1999 Θεόν.

411 2019 524 2105 κγ’,
607 2013 796 2111 είὶσπερ
879 2031 1131 2108 κάλυμμα
1215 2034 1268 2088 ἐν
1339 2033 1633 2114 ὀφθαλμοῖς
1721 2033 1975 2108 ἐπιτεθὲν,

334 2115 470 2173 οὕτω
551 2117 794 2197 λογισμοὶ
891 2123 1160 2202 κοσμικοὶ,
1246 2124 1334 2179 καὶ
1427 2124 1668 2198 βιωτικαὶ
1747 2122 1978 2197 ἐνθυμή-

331 2226 438 2268 σεις
471 2204 524 2261 ἐν
581 2204 800 2281 διανοίᾳ,
853 2209 1016 2288 ἤγουν
1075 2211 1128 2266 ἐν
1181 2210 1438 2290 ὀφθαλμῷ
1506 2216 1690 2290 ψυχῆς
1721 2212 1972 2289 γίνονται.

331 2291 459 2351 Καθ’
514 2294 637 2352 ὅσον
694 2296 782 2353 οὖν
837 2299 1028 2355 ἐαθῶσι
1084 2299 1300 2379 χρόνον,
1335 2304 1394 2358 οὗ
1449 2298 1748 2376 βλέψομεν.
1812 2299 1975 2358 Ἐπαν

330 2379 383 2436 δὲ
439 2381 685 2463 ἐξαρθῶσι
755 2391 824 2462 τῇ
878 2394 972 2443 τοῦ
1042 2389 1264 2446 Θανάτου
1330 2389 1542 2465 μνήμῃ,
1587 2389 1706 2444 τότε
1776 2392 1974 2467 τρανῶς

331 2467 519 2544 ἷδωμεν
550 2474 610 2527 τὸ
653 2479 764 2552 φῶς
793 2476 853 2530 τὸ
883 2474 1153 2547 ἀληθινὸν,
1187 2478 1214 2532 ὃ
1263 2481 1472 2557 φωτίζει
1503 2477 1674 2534 πάντα
1705 2474 1972 2555 ἄνθρωπον

332 2559 403 2621 εἷς
432 2561 521 2615 τὸν
553 2560 662 2617 ἄνω
702 2562 904 2638 κόσμον
930 2563 1245 2644 ἐρχόμενον.

2065 522 2328 584 nendum
2362 528 2471 595 est,
2504 537 2707 580 verum
2737 518 2916 579 etiam
2968 533 3002 576 a
3043 511 3332 592 cogitatis,
3365 518 3424 572 et
3449 510 3712 590 agitatio-

2067 611 2242 671 nibus
2269 608 2454 670 animi
2479 608 2774 688 perversis
2803 612 3083 681 ascetam,
3119 620 3222 664 seu
3247 601 3433 660 virum
3463 599 3706 678 religio-

2065 718 2194 760 sum
2228 707 2463 779 oportet
2494 716 2625 758 esse
2678 694 2956 765 liberum,
2999 711 3068 754 ac
3127 707 3426 779 nunquam
3477 707 3595 748 non
3651 691 3710 748 in

2066 776 2519 867 cogitationibus
2572 783 2911 858 fructuosis,
2961 789 3020 843 et
3067 776 3470 860 spiritualibus
3527 794 3710 867 occu-

2069 866 2192 957 pari
2225 897 2239 937 :
2275 895 2390 956 quo
2415 875 2574 936 nulla
2601 893 2797 935 rerum
2827 874 2898 934 ad
2930 871 3082 932 hanc
3105 869 3278 930 vitam
3310 866 3704 948 spectantium

2067 965 2469 1027 sollicitudine
2500 973 2789 1042 tangatur.

2148 1054 2246 1117 2’2.
2309 1053 2815 1125 Quemadmodum
2875 1049 2975 1130 qui
3035 1055 3217 1109 totum
3268 1063 3484 1126 corpus
3535 1063 3706 1106 suum

2073 1142 2333 1217 nudavit,
2373 1142 2422 1202 si
2453 1143 2782 1201 velamento
2802 1137 2999 1217 aliquo
3022 1136 3224 1197 oculos
3245 1143 3481 1214 opertos
3503 1133 3706 1209 habet,

2071 1249 2178 1291 nec
2203 1230 2258 1291 i.l
2297 1231 2527 1304 tollere,
2564 1239 2618 1290 et
2649 1227 2911 1306 abjicere
2941 1224 3214 1304 voluerit,
3269 1242 3386 1284 non
3416 1230 3606 1304 potest
3636 1242 3706 1286 ex

2069 1319 2193 1380 sola
2222 1320 2434 1400 reliqui
2467 1321 2731 1397 corporis
2753 1315 3016 1377 nuditate
3061 1314 3261 1374 lumen
3291 1317 3596 1392 aspicere:
3622 1314 3706 1374 sic

2068 1409 2168 1488 qui
2199 1427 2294 1470 res
2310 1409 2458 1469 alias
2479 1425 2711 1479 omnes,
2740 1413 2801 1467 et
2826 1404 3131 1466 facultates
3154 1418 3534 1482 quoquesuas
3562 1419 3706 1462 con-

2070 1496 2328 1576 tempsit,
2364 1496 2522 1556 eiad
2575 1495 2722 1576 ipsis
2761 1511 2964 1554 earum
3024 1489 3569 1571 perturbationibus
3617 1494 3708 1550 est

2067 1585 2415 1665 vindicatus,
2441 1584 2555 1645 nisi
2582 1582 2757 1647 ctiam
2780 1581 2938 1642 curis
2975 1580 3150 1658 hujus
3193 1579 3341 1652 vitae,
3389 1577 3701 1659 pravisque

2065 1675 2523 1753 cogitationibus
2549 1673 2759 1734 animae
2789 1669 3028 1732 oculum
3079 1665 3464 1748 expediverit,
3499 1665 3704 1728 lumen

2062 1763 2482 1836 intellectuale,
2517 1762 2708 1841 ipsum
2745 1758 3085 1827 Dominum,
3111 1759 3181 1816 ad
3215 1758 3404 1819 Deum
3437 1766 3704 1819 nostrum

2062 1851 2263 1913 Jesum
2297 1852 2595 1914 Christum
2633 1865 2936 1929 nunquam
2965 1844 3210 1907 videbit.

2142 2032 2240 2093 ‘23.
2269 2029 2772 2093 Ratiocinationes
2817 2023 3156 2098 mundanae,
3208 2029 3266 2083 et
3312 2020 3700 2098 cogitationes

2062 2139 2261 2182 rerum
2295 2118 2621 2180 labentium
2653 2115 2714 2176 in
2747 2112 3044 2188 mente,id
3063 2118 3174 2186 est,
3195 2113 3256 2171 in
3278 2110 3696 2187 oculoanimae,

2060 2209 2368 2270 imitantur
2402 2208 2618 2279 velum,
2651 2203 2810 2285 quod
2841 2200 3240 2264 exterioribus
3265 2198 3453 2260 oculis
3483 2217 3698 2278 super-

2060 2297 2320 2379 ponitur.
2354 2295 2628 2369 Quantliu
2658 2293 2834 2371 igitur
2863 2309 2948 2352 eae
2969 2290 3408 2379 relinquuntur,
3433 2288 3578 2349 nihil
3609 2289 3702 2350 vi-

2058 2377 2289 2448 demus.
2323 2385 2466 2447 Cum
2503 2401 2605 2464 per
2623 2381 2972 2443 memoriam
2991 2379 3194 2440 mortis
3224 2377 3434 2438 ablatae
3455 2377 3696 2453 fuerint,

2061 2484 2182 2536 tum
2215 2475 2371 2535 clare
2408 2475 2610 2534 lumen
2666 2469 2988 2548 cernimus,
3049 2467 3204 2547 quod
3238 2484 3477 2527 omnem
3512 2467 3700 2527 homi-

2061 2582 2194 2624 nem
2225 2563 2286 2623 in
2321 2562 2604 2623 mundum
2629 2559 2776 2620 illun
2806 2556 3176 2638 superiorem
3199 2556 3535 2616 venientem
3565 2554 3696 2615 illu-

2062 2667 2271 2716 intnat.

411 2727 514 2796 κδ’.
553 2729 610 2795 Ὀ
668 2738 727 2796 ἐκ
782 2743 999 2818 γενετῆς
1055 2741 1128 2799 ὢν
1200 2741 1387 2822 τδφλὸς
1444 2746 1503 2800 οὗ
1556 2743 1812 2821 γνώσεται
1859 2741 1972 2800 οὐδὲ

2139 2741 2237 2805 24.
2273 2739 2380 2812 Qui
2405 2739 2477 2800 ab
2507 2746 2640 2800 ortu
2669 2755 2860 2799 caecus
2916 2744 3026 2804 est,
3074 2752 3274 2795 rerum
3327 2733 3696 2822 depictarum

333 2827 595 2882 πιστεύσει
639 2833 744 2883 τῶν
801 2830 1146 2910 γραφομένων
1192 2833 1290 2898 τὴν
1333 2828 1572 2907 δύναμιν.
1621 2823 1678 2890 ίΟ
1707 2831 1759 2887 δὲ
1801 2855 1969 2888 κατα-

2066 2830 2410 2908 elegantiam
2447 2846 2556 2889 nec
2586 2826 2896 2903 intelliget,
2931 2842 3041 2886 nec
3067 2823 3290 2885 credet.
3325 2821 3443 2884 Sed
3476 2822 3572 2884 cui
3597 2823 3698 2886 ali-

331 2912 524 2978 ξιωθείς
574 2937 702 2972 ποτε
779 2918 996 2996 βλέψαι,
1086 2920 1512 2996 συμμαρτυρήσει
1600 2921 1740 2977 εἶναι
1800 2919 1972 2987 ἀληθῆ

2066 2919 2294 3000 quando
2314 2916 2513 2978 videre
2543 2915 2808 2994 contigit,
2861 2929 2997 2975 vera
3041 2929 3172 2974 esse
3203 2929 3333 2992 quae
3361 2911 3550 2992 audit,
3582 2930 3700 2972 non

330 3004 394 3058 τά
435 3001 725 3086 λεγόμενα.

2066 3005 2319 3086 negabit.

405 3074 524 3152 κε’.⁷
560 3074 616 3151 t‘0
675 3094 882 3170 βλέπων
940 3111 1056 3162 τοϊς
1115 3100 1387 3166 αἰσθητοῖς
1473 3097 1794 3178 ὀφθαλμοῖς,
1861 3099 1972 3155 οἶδε

2139 3074 2238 3157 55.
2266 3094 2378 3168 Qui
2424 3095 2605 3156 utitur
2662 3092 2850 3155 oculis
2907 3089 3231 3171 corporeis,
3292 3089 3528 3170 quando
3560 3108 3695 3171 nox,

329 3179 456 3236 πότε
523 3181 631 3262 νὺξ,
684 3184 813 3240 πότε
856 3185 1027 3266 ἧμὲρα
1083 3185 1245 3250 ἐστίν,
1305 3179 1361 3244 Ὀ
1401 3185 1456 3242 δὲ
1512 3185 1704 3266 τυφλὸς
1758 3188 1823 3242 τὰ
1865 3188 1972 3262 ἁμ-

2066 3185 2295 3266 quando
2321 3183 2451 3246 dies
2474 3183 2549 3245 sit
2597 3182 2797 3244 novit:
2846 3199 3037 3243 caicus
3081 3187 3398 3260 utrumque
3448 3179 3696 3258 ignorat.

332 3270 524 3349 φότερα
593 3271 803 3350 ἀγνοεῖ.
853 3275 949 3331 Καὶ
1007 3278 1034 3331 6
1078 3277 1447 3351 πνευματικῶς
1504 3272 1831 3355 ἀναϐλέψας,
1891 3278 1972 3332 καὶ

2066 3275 2132 3336 Et
2164 3275 2265 3354 qui
2297 3271 2686 3354 spiritualiter
2735 3271 2966 3352 aspicit,
2995 3278 3053 3331 et
3081 3269 3270 3330 oculis
3293 3269 3700 3348 intelligentia:

331 3370 446 3422 τοῖς
497 3373 699 3439 νοεροῖς
755 3363 887 3440 ὁρῶν
946 3362 1265 3443 ὀφθαλμοῖς,
1331 3363 1652 3440 θεασάμενος
1681 3365 1743 3420 τὸ
1784 3363 1972 3432 ἀληθι-

2066 3363 2266 3438 utitur,
2293 3364 2415 3424 viso
2446 3362 2670 3423 lumine
2697 3379 2867 3440 vero,
2886 3369 2945 3420 et
2986 3359 3317 3434 inaccesso,
3352 3359 3401 3420 si
3429 3378 3503 3420 ex
3532 3358 3696 3420 desi-

330 3447 418 3503 νὸν
459 3450 548 3504 καὶ
575 3445 757 3508 ἄδυτον
807 3457 941 3530 φῶς,
992 3449 1117 3509 ὅταν
1175 3453 1236 3508 ἐκ
1304 3452 1551 3531 ρᾳθυμίας
1611 3455 1684 3515 εἷς
1713 3453 1813 3520 τὴν
1841 3476 1972 3532 προ-

2066 3453 2155 3514 dia
2184 3452 2244 3513 in
2277 3450 2585 3532 pristinam
2615 3449 2944 3512 caecitatem
3001 3447 3322 3528 revolutus,
3357 3447 3700 3529 lumineque

326 3533 482 3615 τέραν
538 3537 851 3620 ἀποστραφῇ
943 3540 1229 3622 τύφλωσιν,
1315 3543 1404 3597 καὶ
1458 3548 1550 3597 τοῦ
1605 3542 1778 3622 φωτὸς
1834 3542 1974 3600 ἀπο-

330 3629 584 3706 στερηθῇ,
646 3627 967 3699 εὐαισθήτως
1009 3630 1380 3687 ἆπαισθάνεται
1435 3635 1534 3697 τῆς
1603 3630 1788 3686 τούτου
1846 3653 1972 3686 στε-

318 3715 526 3793 ρήσεως
554 3730 569 3744 ’
615 3718 704 3772 καὶ
731 3718 888 3773 πόθεν
915 3717 1048 3787 αὕτη
1077 3718 1266 3786 συνέϐη
1323 3719 1584 3797 γενέσθαι,
1643 3721 1736 3776 οὒκ
1765 3734 1970 3797 αγνοετ,

325 3797 386 3860 Ὀ
428 3801 484 3859 δέ
525 3825 586 3883 γε
642 3805 813 3881 μένων
868 3807 1061 3888 τυφλὸς
1105 3808 1166 3864 ἐκ
1235 3814 1480 3887 γενετῆς,
1543 3805 1686 3864 ο-Ἐέν
1731 3807 1848 3864 οὕτε
1909 3816 1974 3886 τῇ

319 3892 554 3971 ἐνεργείᾳ
581 3895 777 3952 τούτων
839 3895 1112 3954 ἐπίσταται
1149 3917 1161 3931 ο
1211 3899 1254 3954 εἰ
1282 3899 1359 3974 μή
1419 3920 1469 3953 τι
1513 3894 1565 3962 ἐξ
1625 3895 1789 3964 ἆκοῆς
1821 3897 1976 3955 ἀκού-

315 4061 594 4136 l_acrymis
624 4063 852 4134 plenam
881 4064 1168 4130 habueris.
1214 4074 1336 4123 tum
1384 4078 1691 4135 cognosce,
1726 4066 1966 4136 gratiam

320 4131 421 4206 _Det
454 4131 684 4206 propter
717 4137 1006 4206 egregiam
1053 4151 1124 4193 ex
1171 4137 1374 4193 timore
1406 4131 1780 4192 humilitatem
1814 4146 1967 4194 tuam

319 4204 445 4258 haec
471 4204 544 4260 ita
579 4205 677 4261 tibi
707 4204 1024 4271 ostendere,
1053 4215 1117 4264 ut
1143 4209 1248 4263 visi
1309 4207 1402 4264 Dei
1460 4207 1753 4271 creaturis,
1786 4216 1840 4264 et
1869 4209 1964 4266 do-

2061 3542 2326 3622 priuatus
2359 3541 2554 3610 fuerit,
2585 3539 2762 3601 facile
2786 3557 2916 3601 eam
2940 3538 3328 3621 privationem
3359 3537 3557 3616 sentit,
3586 3557 3697 3601 nec

2061 3631 2217 3693 unde
2249 3629 2564 3709 contigerit
2590 3633 2841 3707 ignorat.
2894 3627 3005 3700 Qui
3052 3645 3193 3688 vero
3244 3625 3316 3686 ab
3348 3633 3480 3686 ortu
3509 3644 3700 3689 caecus

2059 3729 2281 3795 manet,
2314 3720 2461 3781 nihil
2492 3721 2704 3780 horum
2735 3715 3126 3798 experientia,
3164 3715 3471 3778 etactione
3499 3716 3698 3791 novit;

2059 3809 2173 3870 nisi
2214 3809 2364 3870 forte
2395 3808 2697 3888 quidpiam
2749 3805 3052 3868 auditione
3095 3803 3415 3883 acceperit,
3453 3813 3510 3864 et
3537 3804 3696 3867 didi-

2058 3899 2206 3960 cerit
2236 3898 2309 3959 de
2333 3899 2406 3958 iis
2429 3915 2560 3978 quae
2581 3914 2879 3977 nunquam
2906 3895 3076 3976 vidit,
3101 3902 3160 3956 et
3178 3892 3379 3955 audita
3407 3893 3539 3956 aliis
3568 3913 3698 3957 nar-

2053 4066 2378 4136 spectacuia
2407 4064 2578 4136 digne
2606 4065 2856 4122 lustrare
2886 4063 3110 4134 poterit.

2131 4159 2152 4187 ι
2184 4137 2342 4194 Sicut
2388 4134 2670 4194 nocturno
2721 4145 2974 4207 temporc
3025 4134 3209 4207 oculis
3256 4148 3561 4204 corporum
3598 4135 3697 4191 illo

2056 4217 2274 4264 tantum
2313 4211 2371 4264 in
2407 4209 2532 4264 loco
2565 4205 2853 4271 videmus,
2894 4208 2952 4262 in
3005 4219 3120 4276 quo
3172 4205 3463 4262 lucernam
3498 4220 3696 4262 accen-

321 4282 450 4351 ctus
495 4276 1308 4351 sensibiliuminﬂrmitatem,
1369 4277 1662 4351 dilectioni
1695 4279 1964 4351 intelligi-
1988 4279 2256 4343 Ddimus,
2289 4286 2407 4336 toto
2453 4281 2675 4351 mundo
2715 4278 2936 4348 reliquo
2962 4277 3151 4351 ⁸ιιυιιὶέ
3199 4291 3315 4351 nox
3343 4285 3429 4351 est
3459 4299 3472 4331 :
3507 4279 3583 4334 ita
3627 4277 3694 4351 in

326 4344 531 4428 biliutn
553 4345 821 4428 timorem
854 4349 1109 4428 inseras.
1134 4349 1288 4428 _lla_ec
1335 4357 1435 4428 es_t_
1477 4350 1626 4405 enim
1657 4363 1831 4428 quam
1860 4344 1967 4421 spi-

325 4415 591 4497 ritualem
656 4419 1045 4497 cognitionem
1119 4420 1271 4497 dici“
1307 4419 1486 4497 audis.
1565 4415 1748 4497 media
1816 4415 1968 4479 inter

323 4489 1080 4570 timorem,_et_charitatem,
1112 4492 1183 4548 ab
1213 4489 1313 4570 illo
1343 4490 1414 4547 ad
1444 4490 1591 4547 hanc
1617 4489 1744 4547 sine
1772 4505 1963 4556 sensu.

324 4565 382 4613 et
408 4559 665 4628 periculo
697 4561 987 4618 hominem
1017 4561 1428 4620 transmittens.

401 4628 794 4712 «.“Pertectam
850 4632 951 4689 Dei
1007 4633 1340 4690 charitatem
1395 4633 1506 4712 ita.
1542 4631 1852 4703 possidere,
1909 4642 1971 4692 ut

321 4702 605 4774 amittere,
630 4712 890 4774 nequeat,
932 4715 1102 4762 nemo
1145 4711 1348 4774 potest.
1397 4702 1506 4760 nisi
1545 4702 1665 4774 ’pro
1699 4718 1968 4762 mensura

325 4771 642 4854 spiritualis
689 4771 1056 4854 cognitionis,
1104 4771 1232 4846 qua:
1262 4776 1330 4854 in_
1375 4771 1588 4837 anima}
1641 4775 1971 4854 ad_virtutis

327 4845 788 4923 exercitationem
837 4846 1089 4923 assidue,
1118 4845 1494 4923 incumbente
1531 4845 1804 4923 paulatim
1853 4861 1972 4923 cre-

326 4913 455 4968 scit.
507 4912 566 4969 Id
613 4916 766 4988 quod
816 4919 1004 4973 sciens
1061 4915 1385 4988 Apostolus,
1446 4912 1550 4972 ait'
1579 4916 1811 4983 (Romt
1854 4917 1970 4988 20),

327 4995 399 5040 ex
453 4984 860 5055 magnitudine.
924 4997 979 5046 et
1033 4984 1462 5058 pulchritudine
1519 5001 1710 5058 rerum
1771 4984 1971 5044 condi;

326 5062 533 5136 tarum,
569 5060 936 5128 proportione
991 5057 1280 5116 anctorem
1327 5067 1381 5116 et
1432 5057 1786 5116 conditorem
1832 5073 1971 5115 con-

309 5137 493 5196 βψω.

409 5195 896 5268 «ΑωρΙίιυᾶὶῑιεω
943 5200 1090 5262 cmli.
1143 5208 1198 5256 et
1243 5199 1423 5270 spatia
1473 5197 1750 5256 immensa
1783 5207 1966 5258 terra-

329 5279 480 5351 rum,
537 5279 986 5351 ceterorumque
1031 5269 1289 5328 omnium
1327 5269 1576 5351 ratiqnes
1625 5273 1810 5327 oculis
1839 5286 1967 5328 cor-

327 5340 514 5407 poreis
543 5352 714 5398 nemo
743 5340 1093 5413 satis'potest
1144 5356 1402 5399 noscere.
1451 5340 1591 5397 Nam
1648 5356 1775 5412 quae
1806 5357 1966 5400 men-

326 5417 438 5466 tem
493 5418 548 5467 et
597 5413 900 5484 ingenium
959 5421 1249 5484 superant,
1311 5426 1423 5484 quo
1481 5420 1639 5484 pacto
1695 5413 1846 5470 oculi
1900 5429 1963 5470 ea

324 5481 722 5606 perceperint?
775 5483 866 5541 vix
913 5481 1199 5556 siquidem
1276 5481 1801 5554 a'cogitationibus
1847 5499 1964 5541 non

365 5565 491 5606 oms
519 5562 782 5606 purgata.
829 5566 883 5606 et
929 5557 1002 5606 ab
1057 5555 1372 5606 anticioatis
1418 5554 1786 5606 ooinionibus
1824 5555 1964 5606 lihe-

365 5553 491 5609 onis
519 5562 782 5626 purgata,
829 5566 883 5626 et
929 5553 1002 5612 ali
1057 5555 1372 5626 anticipatis
1418 5553 1786 5626 opinionibus
1824 5555 1968 5613 hbe-

326 5631 463 5688 rata,
519 5624 1044 5700 misericordiaque,
1103 5636 1160 5685 et
1233 5624 1414 5700 gratia
1456 5625 1591 5700 _Dei_
1648 5625 1963 5700 illuminata

331 5704 512 5767 mens,
543 5695 860 5756 secundum
909 5694 1261 5757 mensuram'
1289 5694 1725 5756 illuminatlonis
1773 5709 1966 5757 rerum

2050 4361 2216 4407 nocte
2248 4351 2460 4420 peccati
2488 4347 2914 4420 ambulantibus
2962 4348 3162 4420 bonus
3197 4347 3472 4404 Dom‘nus
3514 4347 3696 4404 modi-

2049 4436 2178 4477 cum
2211 4418 2495 4492 quoddam
2539 4420 2741 4492 lumen
2761 4419 2841 4484 ﬁt,
2873 4435 3002 4476 cum
3033 4429 3104 4474 stt
3132 4418 3309 4492 Deus,
3336 4433 3504 4490 quem
3528 4433 3696 4492 nemo

2049 4490 2243 4563 capit,‘
2269 4506 2473 4563 parens
2528 4491 2895 4547 imbecillitati
2958 4494 3167 4546 nostrai
3225 4491 3501 4548 videlicet.
3551 4490 3697 4548 Tum

2049 4575 2284 4634 repente
2311 4563 2633 4633 suspiciens
2662 4563 2854 4631 homo,
2908 4569 2964 4618 et
3008 4575 3205 4618 rerum
3256 4571 3691 4634 naturamicon-

2052 4633 2356 4705 templans,
2388 4648 2559 4704 quam
2608 4647 2924 4705 nunquam,
2960 4641 3090 4689 ante
3145 4643 3227 4690 est
3257 4633 3692 4702 contemplatus,

2052 4703 2422 4776 obstupescit,
2473 4715 2528 4761 et
2574 4706 2791 4776 absque
2839 4703 3035 4761 dolore
3073 4705 3424 4761 voluntarias
3467 4709 3695 4774 profun-

2053 4778 2135 4833 dit
2189 4775 2489 4847 lacrymas,
2539 4775 2775 4847 quibus
2811 4784 3105 4846 purgatur,
3165 4783 3219 4830 et
3249 4783 3544 4847 _tanquam
3583 4789 3693 4847 ξο-

2052 4848 2241 4904 cundo
2275 4844 2607 4916 baptismate
2629 4844 2843 4911 abluit‘;
2897 4844 2966 4902 de
3013 4861 3127 4916 quo
3155 4847 3214 4902 in
3246 4844 3552 4916 Evangelia
3581 4844 3697 4903 Do-

2055 4922 2287 4974 minus:
2343 4939 2366 4968 ι
2421 4918 2534 4974 l\'isi
2585 4921 2716 4989 quis
2763 4929 3006 4989 renatus
3067 4919 3235 4989 luerit
3293 4931 3361 4972 ex
3411 4929 3577 4986 aqua,
3625 4927 3697 4989 Aet

2053 4990 2266 5058 Spiritu
2323 4998 2542 5053 sancto,
2605 4986 2726 5046 non
2804 4987 3037 5045 intrabit
3106 4987 3165 5044 in
3216 5000 3475 5058 regnum
3534 4986 3696 5043 caelo-

2055 5057 2182 5116 rum
2218 5061 2404 5130 (Joan.
2439 5072 2520 5130 tu,
2552 5061 2626 5130 5).
2664 5082 2684 5109 ι
2726 5059 2795 5116 Ει
2843 5062 3085 5118 iterum;
3143 5080 3163 5108 ι
3201 5057 3434 5130 Οροιιει
3462 5071 3561 5112 vos
3594 5072 3696 5113 na-

2056 5135 2135 5186 sci
2184 5127 2370 5187 denuo
2427 5127 2593 5199 (Ibid.
2647 5133 2724 5200 7),
2761 5152 2782 5180 ι
2851 5131 2953 5200 υῠι
2985 5144 3084 5200 per
3138 5143 3332 5186 iocem
3384 5127 3584 5192 denuo,
3623 5143 3694 5184 ex

2053 5203 2264 5272 Spiritu
2298 5205 2717 5272 generationem
2751 5199 3167 5258 subindicavit.

2135 5296 2153 5322 -
2192 5269 2358 5329 Prius
2391 5273 2666 5344 baptisma
2701 5272 2868 5329 habet
2893 5286 3122 5342 aquam,
3153 5279 3208 5327 et
3241 5269 3560 5344 adumbrat,
3590 5285 3690 5326 seu

2050 5344 2379 5416 praeﬁgurat
2419 5342 2715 5416 la'etymas.
2786 5344 2958 5399 liabet
3010 5351 3362 5416 unguentum
3413 5342 3693 5398 chrisma-

2052 5420 2142 5483 tis,
2175 5414 2288 5484 quo
2330 5414 2565 5484 spiritus
2614 5425 2987 5485 unguentum,
3037 5417 3186 5485 quod
3237 5414 3428 5485 animo
3474 5419 3692 5468 tantum

2050 5483 2292 5551 videtur,
2334 5483 2502 5542 nobrs
2561 5483 2927 5557 cogitandum
2976 5483 3225 5556 subjicit.
3263 5483 3541 5557 Posterius
3574 5501 3694 5557 rau-

2051 5566 2161 5616 tem
2195 5561 2492 5628 baptisma,
2553 5555 2668 5615 non
2717 5557 2834 5629 jam
2892 5555 3091 5628 ﬁgura
3131 5555 3402 5627 veritatis,
3433 5557 3531 5612 sed
3571 5556 3692 5628 ipsa

2049 5631 2256 5686 veritas
2283 5636 2384 5686 est.
2423 5647 2447 5681 ι
