  <div class='ocr_page' id='page_1' title='image "/cluster/home/n/w/nwhite01/storage/ocr_20150623/120/mdp.39015008866736/313.png"; bbox 0 0 4054 6114; ppageno 0'>
   <div class='ocr_carea' id='block_1_1' title="bbox 359 247 2015 339">
    <p class='ocr_par' dir='ltr' id='par_1_1' title="bbox 359 268 2015 339">
     <span class='ocr_line' id='line_1_1' title="bbox 359 268 2015 339; baseline -0.004 -2"><span class='ocrx_word' id='word_1_1' title='bbox 359 272 475 339; x_wconf 80' lang='grc'><strong>615</strong></span> <span class='ocrx_word' id='word_1_2' title='bbox 1660 268 2015 337; x_wconf 68' lang='grc' dir='ltr'><strong>ΒΥΜΕΟΝΗ</strong></span> 
     </span>
    </p>
   </div>
   <div class='ocr_carea' id='block_1_2' title="bbox 2114 247 3729 339">
    <p class='ocr_par' dir='ltr' id='par_1_2' title="bbox 2121 247 3729 328">
     <span class='ocr_line' id='line_1_2' title="bbox 2121 247 3729 328; baseline -0.011 0"><span class='ocrx_word' id='word_1_3' title='bbox 2121 260 2429 328; x_wconf 80' lang='lat' dir='ltr'><strong>UNIORIS</strong></span> <span class='ocrx_word' id='word_1_4' title='bbox 3608 247 3729 314; x_wconf 81' lang='grc'><strong>616</strong></span> 
     </span>
    </p>
   </div>
   <div class='ocr_carea' id='block_1_3' title="bbox 359 385 2015 485">
    <p class='ocr_par' dir='ltr' id='par_1_3' title="bbox 359 398 2004 485">
     <span class='ocr_line' id='line_1_3' title="bbox 359 398 2004 485; baseline -0.004 -22"><span class='ocrx_word' id='word_1_5' title='bbox 359 428 427 484; x_wconf 70' lang='grc' dir='ltr'><strong>σῃ</strong></span> <span class='ocrx_word' id='word_1_6' title='bbox 486 407 573 463; x_wconf 87' lang='grc' dir='ltr'><strong>καὶ</strong></span> <span class='ocrx_word' id='word_1_7' title='bbox 619 406 787 485; x_wconf 79' lang='grc' dir='ltr'>μάθῃ,</span> <span class='ocrx_word' id='word_1_8' title='bbox 849 405 966 482; x_wconf 86' lang='grc' dir='ltr'>περὶ</span> <span class='ocrx_word' id='word_1_9' title='bbox 1024 407 1095 461; x_wconf 82' lang='grc' dir='ltr'>ὧν</span> <span class='ocrx_word' id='word_1_10' title='bbox 1169 400 1354 461; x_wconf 66' lang='grc' dir='ltr'>οὔποτε</span> <span class='ocrx_word' id='word_1_11' title='bbox 1428 401 1701 482; x_wconf 82' lang='grc' dir='ltr'>ἐθεάσατο,</span> <span class='ocrx_word' id='word_1_12' title='bbox 1772 402 1860 458; x_wconf 85' lang='grc' dir='ltr'><strong>καὶ</strong></span> <span class='ocrx_word' id='word_1_13' title='bbox 1920 398 2004 456; x_wconf 85' lang='grc' dir='ltr'>δι-</span> 
     </span>
    </p>
   </div>
   <div class='ocr_carea' id='block_1_4' title="bbox 2114 385 3752 485">
    <p class='ocr_par' dir='ltr' id='par_1_4' title="bbox 2114 385 3752 485">
     <span class='ocr_line' id='line_1_4' title="bbox 2114 385 3752 485; baseline -0.009 -27"><span class='ocrx_word' id='word_1_14' title='bbox 2114 395 2307 458; x_wconf 75' lang='lat' dir='ltr'><strong>averit</strong></span> <span class='ocrx_word' id='word_1_15' title='bbox 2352 394 2626 476; x_wconf 78' lang='lat' dir='ltr'><strong>ipsemet,</strong></span> <span class='ocrx_word' id='word_1_16' title='bbox 2681 398 2743 485; x_wconf 68' lang='lat' dir='ltr'><strong>et</strong></span> <span class='ocrx_word' id='word_1_17' title='bbox 2803 392 2945 485; x_wconf 80' lang='lat' dir='ltr'><strong>ipsis</strong></span> <span class='ocrx_word' id='word_1_18' title='bbox 3003 392 3176 453; x_wconf 88' lang='lat' dir='ltr'><strong>etiam</strong></span> <span class='ocrx_word' id='word_1_19' title='bbox 3237 385 3605 485; x_wconf 80' lang='lat' dir='ltr'><strong>auditoribus</strong></span> <span class='ocrx_word' id='word_1_20' title='bbox 3634 389 3752 445; x_wconf 84' lang='lat' dir='ltr'><strong>ne&#39;</strong></span> 
     </span>
    </p>
   </div>
   <div class='ocr_carea' id='block_1_5' title="bbox 356 478 2015 573">
    <p class='ocr_par' dir='ltr' id='par_1_5' title="bbox 356 478 2003 573">
     <span class='ocr_line' id='line_1_5' title="bbox 356 478 2003 573; baseline -0.004 -22"><span class='ocrx_word' id='word_1_21' title='bbox 356 496 631 573; x_wconf 78' lang='grc' dir='ltr'>ηγήσηται</span> <span class='ocrx_word' id='word_1_22' title='bbox 656 478 839 557; x_wconf 76' lang='grc' dir='ltr'>ἄλλοις</span> <span class='ocrx_word' id='word_1_23' title='bbox 881 492 1243 563; x_wconf 69' lang='grc' dir='ltr'>ἅπεράκήκοεν</span> <span class='ocrx_word' id='word_1_24' title='bbox 1280 509 1292 521; x_wconf 87' lang='grc'><strong>”</strong></span> <span class='ocrx_word' id='word_1_25' title='bbox 1329 491 1486 549; x_wconf 68' lang='grc' dir='ltr'>αὑτοῦ</span> <span class='ocrx_word' id='word_1_26' title='bbox 1514 492 1602 547; x_wconf 84' lang='grc' dir='ltr'>καὶ</span> <span class='ocrx_word' id='word_1_27' title='bbox 1630 497 1737 547; x_wconf 81' lang='grc' dir='ltr'><strong>τῶν</strong></span> <span class='ocrx_word' id='word_1_28' title='bbox 1776 490 2003 546; x_wconf 83' lang='grc' dir='ltr'>ἀκουόν-</span> 
     </span>
    </p>
   </div>
   <div class='ocr_carea' id='block_1_6' title="bbox 2114 478 3349 573">
    <p class='ocr_par' dir='ltr' id='par_1_6' title="bbox 2114 478 3349 565">
     <span class='ocr_line' id='line_1_6' title="bbox 2114 478 3349 565; baseline -0.003 -24"><span class='ocrx_word' id='word_1_29' title='bbox 2114 482 2435 558; x_wconf 69' lang='lat' dir='ltr'><strong>cientibus,</strong></span> <span class='ocrx_word' id='word_1_30' title='bbox 2468 482 2683 565; x_wconf 79' lang='lat' dir='ltr'><strong>quibus</strong></span> <span class='ocrx_word' id='word_1_31' title='bbox 2711 481 2786 543; x_wconf 90' lang='lat' dir='ltr'><strong>de</strong></span> <span class='ocrx_word' id='word_1_32' title='bbox 2815 478 2994 542; x_wconf 84' lang='lat' dir='ltr'><strong>rebus</strong></span> <span class='ocrx_word' id='word_1_33' title='bbox 3025 497 3223 540; x_wconf 83' lang='lat' dir='ltr'><strong>sermo</strong></span> <span class='ocrx_word' id='word_1_34' title='bbox 3255 478 3349 539; x_wconf 91' lang='lat' dir='ltr'><strong>sit.</strong></span> 
     </span>
    </p>
   </div>
   <div class='ocr_carea' id='block_1_7' title="bbox 358 575 2001 662">
    <p class='ocr_par' dir='ltr' id='par_1_7' title="bbox 358 575 2001 662">
     <span class='ocr_line' id='line_1_7' title="bbox 358 575 2001 662; baseline -0.005 -21"><span class='ocrx_word' id='word_1_35' title='bbox 358 604 487 657; x_wconf 82' lang='grc' dir='ltr'>των,</span> <span class='ocrx_word' id='word_1_36' title='bbox 521 583 638 662; x_wconf 83' lang='grc' dir='ltr'>περὶ</span> <span class='ocrx_word' id='word_1_37' title='bbox 665 582 829 639; x_wconf 85' lang='grc' dir='ltr'>ποίων</span> <span class='ocrx_word' id='word_1_38' title='bbox 859 581 1184 661; x_wconf 76' lang='grc' dir='ltr'><strong>πραγμάτων</strong></span> <span class='ocrx_word' id='word_1_39' title='bbox 1223 578 1479 649; x_wconf 84' lang='grc' dir='ltr'>ἀλλήλοις</span> <span class='ocrx_word' id='word_1_40' title='bbox 1512 575 2001 658; x_wconf 69' lang='grc' dir='ltr'><strong>προσδιαλέγονται,</strong></span> 
     </span>
    </p>
   </div>
   <div class='ocr_carea' id='block_1_8' title="bbox 359 669 702 748">
    <p class='ocr_par' dir='ltr' id='par_1_8' title="bbox 359 669 702 748">
     <span class='ocr_line' id='line_1_8' title="bbox 359 669 702 748; baseline 0.012 -19"><span class='ocrx_word' id='word_1_41' title='bbox 359 673 438 748; x_wconf 79' lang='grc' dir='ltr'>μὴ</span> <span class='ocrx_word' id='word_1_42' title='bbox 468 669 702 733; x_wconf 78' lang='grc' dir='ltr'>εἰδότων.</span> 
     </span>
    </p>
   </div>
   <div class='ocr_carea' id='block_1_9' title="bbox 435 750 1996 837">
    <p class='ocr_par' dir='ltr' id='par_1_9' title="bbox 435 750 1996 837">
     <span class='ocr_line' id='line_1_9' title="bbox 435 750 1996 837; baseline -0.004 -20"><span class='ocrx_word' id='word_1_43' title='bbox 435 750 572 835; x_wconf 65' lang='grc' dir='ltr'><strong>κζ’.</strong></span> <span class='ocrx_word' id='word_1_44' title='bbox 598 758 876 816; x_wconf 78' lang='grc' dir='ltr'>’Δδύνατον</span> <span class='ocrx_word' id='word_1_45' title='bbox 903 761 991 816; x_wconf 86' lang='grc' dir='ltr'><strong>καὶ</strong></span> <span class='ocrx_word' id='word_1_46' title='bbox 1020 760 1118 826; x_wconf 76' lang='grc' dir='ltr'>τὴν</span> <span class='ocrx_word' id='word_1_47' title='bbox 1176 759 1342 837; x_wconf 70' lang='grc' dir='ltr'>σάρκα</span> <span class='ocrx_word' id='word_1_48' title='bbox 1398 765 1474 832; x_wconf 77' lang='grc' dir='ltr'>τῷ</span> <span class='ocrx_word' id='word_1_49' title='bbox 1531 757 1671 835; x_wconf 76' lang='grc' dir='ltr'>κύρ-ρ</span> <span class='ocrx_word' id='word_1_50' title='bbox 1697 761 1804 812; x_wconf 80' lang='grc' dir='ltr'>τὼν</span> <span class='ocrx_word' id='word_1_51' title='bbox 1848 757 1996 835; x_wconf 83' lang='grc' dir='ltr'>βρω-</span> 
     </span>
    </p>
   </div>
   <div class='ocr_carea' id='block_1_10' title="bbox 2169 744 3734 830">
    <p class='ocr_par' dir='ltr' id='par_1_10' title="bbox 2169 744 3734 830">
     <span class='ocr_line' id='line_1_10' title="bbox 2169 744 3734 830; baseline -0.008 -20"><span class='ocrx_word' id='word_1_52' title='bbox 2169 750 2268 814; x_wconf 67' lang='lat'><strong>26.</strong></span> <span class='ocrx_word' id='word_1_53' title='bbox 2300 749 2460 812; x_wconf 86' lang='lat' dir='ltr'><strong>Fieri</strong></span> <span class='ocrx_word' id='word_1_54' title='bbox 2488 750 2715 830; x_wconf 78' lang='lat' dir='ltr'><strong>nequit,</strong></span> <span class='ocrx_word' id='word_1_55' title='bbox 2750 758 2815 812; x_wconf 90' lang='lat' dir='ltr'><strong>ut</strong></span> <span class='ocrx_word' id='word_1_56' title='bbox 2864 766 3102 810; x_wconf 87' lang='lat' dir='ltr'><strong>carnem</strong></span> <span class='ocrx_word' id='word_1_57' title='bbox 3136 764 3274 808; x_wconf 87' lang='lat' dir='ltr'><strong>esca</strong></span> <span class='ocrx_word' id='word_1_58' title='bbox 3298 744 3637 818; x_wconf 80' lang='lat' dir='ltr'><strong>farciamus,</strong></span> <span class='ocrx_word' id='word_1_59' title='bbox 3674 747 3734 800; x_wconf 90' lang='lat' dir='ltr'><strong>et</strong></span> 
     </span>
    </p>
   </div>
   <div class='ocr_carea' id='block_1_11' title="bbox 360 832 2015 927">
    <p class='ocr_par' dir='ltr' id='par_1_11' title="bbox 360 846 2002 927">
     <span class='ocr_line' id='line_1_11' title="bbox 360 846 2002 927; baseline -0.004 -20"><span class='ocrx_word' id='word_1_60' title='bbox 360 850 541 925; x_wconf 81' lang='grc' dir='ltr'><strong>μάτων</strong></span> <span class='ocrx_word' id='word_1_61' title='bbox 597 846 991 927; x_wconf 79' lang='grc' dir='ltr'>κατεμπιπλᾷν,</span> <span class='ocrx_word' id='word_1_62' title='bbox 1073 848 1160 904; x_wconf 85' lang='grc' dir='ltr'><strong>καὶ</strong></span> <span class='ocrx_word' id='word_1_63' title='bbox 1232 850 1598 927; x_wconf 52' lang='grc' dir='ltr'>πνευματικῆς</span> <span class='ocrx_word' id='word_1_64' title='bbox 1656 846 1756 912; x_wconf 79' lang='grc' dir='ltr'>τῆς</span> <span class='ocrx_word' id='word_1_65' title='bbox 1819 850 2002 924; x_wconf 83' lang='grc' dir='ltr'>νοερᾶς</span> 
     </span>
    </p>
   </div>
   <div class='ocr_carea' id='block_1_12' title="bbox 2114 832 3738 927">
    <p class='ocr_par' dir='ltr' id='par_1_12' title="bbox 2114 832 3738 927">
     <span class='ocr_line' id='line_1_12' title="bbox 2114 832 3738 927; baseline -0.006 -27"><span class='ocrx_word' id='word_1_66' title='bbox 2114 839 2266 901; x_wconf 77' lang='lat' dir='ltr'><strong>.imul</strong></span> <span class='ocrx_word' id='word_1_67' title='bbox 2297 839 2684 920; x_wconf 89' lang='lat' dir='ltr'><strong>spiritualiter</strong></span> <span class='ocrx_word' id='word_1_68' title='bbox 2706 835 3208 900; x_wconf 90' lang='lat' dir='ltr'><strong>intellectualibus</strong></span> <span class='ocrx_word' id='word_1_69' title='bbox 3223 853 3291 897; x_wconf 89' lang='lat' dir='ltr'><strong>ac</strong></span> <span class='ocrx_word' id='word_1_70' title='bbox 3321 832 3536 927; x_wconf 80' lang='lat' dir='ltr'><strong>divinis</strong></span> <span class='ocrx_word' id='word_1_71' title='bbox 3565 848 3738 927; x_wconf 80' lang='lat' dir='ltr'><strong>com-</strong></span> 
     </span>
    </p>
   </div>
   <div class='ocr_carea' id='block_1_13' title="bbox 357 917 2006 1015">
    <p class='ocr_par' dir='ltr' id='par_1_13' title="bbox 357 917 2006 1015">
     <span class='ocr_line' id='line_1_13' title="bbox 357 917 2006 1015; baseline -0.004 -20"><span class='ocrx_word' id='word_1_72' title='bbox 357 917 445 995; x_wconf 76' lang='grc' dir='ltr'><strong>καὶ</strong></span> <span class='ocrx_word' id='word_1_73' title='bbox 485 939 623 1003; x_wconf 82' lang='grc' dir='ltr'>Θείας</span> <span class='ocrx_word' id='word_1_74' title='bbox 680 917 1033 994; x_wconf 71' lang='grc' dir='ltr'>ἐπαπολαύέιν</span> <span class='ocrx_word' id='word_1_75' title='bbox 1089 917 1481 1015; x_wconf 70' lang='grc' dir='ltr'>χρηστότητος.</span> <span class='ocrx_word' id='word_1_76' title='bbox 1550 917 1688 1008; x_wconf 60' lang='lat'><strong>&quot;0319</strong></span> <span class='ocrx_word' id='word_1_77' title='bbox 1758 934 1857 1012; x_wconf 79' lang='grc' dir='ltr'><strong>γὰρ</strong></span> 
     </span>
    </p>
   </div>
   <div class='ocr_carea' id='block_1_14' title="bbox 362 1021 2010 1107">
    <p class='ocr_par' dir='ltr' id='par_1_14' title="bbox 362 1021 2010 1107">
     <span class='ocr_line' id='line_1_14' title="bbox 362 1021 2010 1107; baseline -0.005 -22"><span class='ocrx_word' id='word_1_78' title='bbox 362 1027 588 1107; x_wconf 78' lang='grc' dir='ltr'>γαστέρα</span> <span class='ocrx_word' id='word_1_79' title='bbox 656 1048 738 1090; x_wconf 86' lang='grc' dir='ltr'><strong>τις</strong></span> <span class='ocrx_word' id='word_1_80' title='bbox 832 1026 1157 1104; x_wconf 82' lang='grc' dir='ltr'>θεραπεύσει,</span> <span class='ocrx_word' id='word_1_81' title='bbox 1257 1025 1392 1080; x_wconf 81' lang='grc' dir='ltr'>κατὰ</span> <span class='ocrx_word' id='word_1_82' title='bbox 1490 1032 1735 1081; x_wconf 79' lang='grc' dir='ltr'>τοσοῦτον</span> <span class='ocrx_word' id='word_1_83' title='bbox 1806 1021 2010 1088; x_wconf 79' lang='grc' dir='ltr'><strong>ἐκείνης</strong></span> 
     </span>
    </p>
   </div>
   <div class='ocr_carea' id='block_1_15' title="bbox 360 1110 2010 1194">
    <p class='ocr_par' dir='ltr' id='par_1_15' title="bbox 360 1110 2010 1194">
     <span class='ocr_line' id='line_1_15' title="bbox 360 1110 2010 1194; baseline -0.004 -21"><span class='ocrx_word' id='word_1_84' title='bbox 360 1118 542 1175; x_wconf 76' lang='grc' dir='ltr'>ἑαυτὸν</span> <span class='ocrx_word' id='word_1_85' title='bbox 585 1116 959 1194; x_wconf 75' lang='grc' dir='ltr'><strong>ἀποστερήσει.</strong></span> <span class='ocrx_word' id='word_1_86' title='bbox 995 1112 1120 1171; x_wconf 79' lang='grc' dir='ltr'>Καθ’</span> <span class='ocrx_word' id='word_1_87' title='bbox 1183 1111 1304 1169; x_wconf 80' lang='grc' dir='ltr'>ὅσον</span> <span class='ocrx_word' id='word_1_88' title='bbox 1340 1110 1392 1168; x_wconf 77' lang='grc' dir='ltr'>δὲ</span> <span class='ocrx_word' id='word_1_89' title='bbox 1452 1113 1513 1168; x_wconf 78' lang='grc' dir='ltr'>τὸ</span> <span class='ocrx_word' id='word_1_90' title='bbox 1563 1114 1720 1187; x_wconf 75' lang='grc' dir='ltr'>σῶμα</span> <span class='ocrx_word' id='word_1_91' title='bbox 1764 1111 2010 1168; x_wconf 80' lang='grc' dir='ltr'>ὑπωπιά-</span> 
     </span>
    </p>
   </div>
   <div class='ocr_carea' id='block_1_16' title="bbox 363 1194 2014 1286">
    <p class='ocr_par' dir='ltr' id='par_1_16' title="bbox 363 1194 2014 1286">
     <span class='ocr_line' id='line_1_16' title="bbox 363 1194 2014 1286; baseline -0.005 -24"><span class='ocrx_word' id='word_1_92' title='bbox 363 1228 465 1286; x_wconf 88' lang='grc' dir='ltr'>σει,</span> <span class='ocrx_word' id='word_1_93' title='bbox 526 1203 799 1283; x_wconf 77' lang='grc' dir='ltr'>ἀναλόγως</span> <span class='ocrx_word' id='word_1_94' title='bbox 856 1203 1083 1269; x_wconf 78' lang='grc' dir='ltr'>καὶτῆς</span> <span class='ocrx_word' id='word_1_95' title='bbox 1139 1206 1499 1276; x_wconf 74' lang='grc' dir='ltr'>πνευματικῆς</span> <span class='ocrx_word' id='word_1_96' title='bbox 1563 1202 1761 1280; x_wconf 69' lang='grc' dir='ltr'>τροφῆς</span> <span class='ocrx_word' id='word_1_97' title='bbox 1803 1222 1861 1255; x_wconf 85' lang='grc' dir='ltr'><strong>τε</strong></span> <span class='ocrx_word' id='word_1_98' title='bbox 1928 1194 2014 1255; x_wconf 84' lang='grc' dir='ltr'><strong>καὶ</strong></span> 
     </span>
    </p>
   </div>
   <div class='ocr_carea' id='block_1_17' title="bbox 364 1291 1245 1375">
    <p class='ocr_par' dir='ltr' id='par_1_17' title="bbox 364 1291 1245 1375">
     <span class='ocr_line' id='line_1_17' title="bbox 364 1291 1245 1375; baseline -0.006 -24"><span class='ocrx_word' id='word_1_99' title='bbox 364 1293 755 1375; x_wconf 76' lang='grc' dir='ltr'>παρακλήσεως</span> <span class='ocrx_word' id='word_1_100' title='bbox 784 1291 1245 1367; x_wconf 79' lang='grc' dir='ltr'>ἐμπλησθήσεται,</span> 
     </span>
    </p>
   </div>
   <div class='ocr_carea' id='block_1_18' title="bbox 440 1373 2005 1458">
    <p class='ocr_par' dir='ltr' id='par_1_18' title="bbox 440 1373 2005 1458">
     <span class='ocr_line' id='line_1_18' title="bbox 440 1373 2005 1458; baseline -0.004 -19"><span class='ocrx_word' id='word_1_101' title='bbox 440 1373 577 1458; x_wconf 55' lang='grc' dir='ltr'><strong>αςζ</strong></span> <span class='ocrx_word' id='word_1_102' title='bbox 640 1380 1055 1456; x_wconf 78' lang='grc' dir='ltr'>Καταλείψωμεν</span> <span class='ocrx_word' id='word_1_103' title='bbox 1120 1381 1291 1439; x_wconf 78' lang='grc' dir='ltr'>πάντα</span> <span class='ocrx_word' id='word_1_104' title='bbox 1339 1381 1404 1436; x_wconf 81' lang='grc' dir='ltr'>τὰ</span> <span class='ocrx_word' id='word_1_105' title='bbox 1460 1379 1544 1435; x_wconf 82' lang='grc' dir='ltr'>ὲπί</span> <span class='ocrx_word' id='word_1_106' title='bbox 1616 1379 1713 1447; x_wconf 73' lang='grc' dir='ltr'><strong>τῆς</strong></span> <span class='ocrx_word' id='word_1_107' title='bbox 1766 1384 1866 1458; x_wconf 81' lang='grc' dir='ltr'>γῆς</span> <span class='ocrx_word' id='word_1_108' title='bbox 1932 1379 2005 1453; x_wconf 53' lang='lat' dir='ltr'><strong>us</strong></span> 
     </span>
    </p>
   </div>
   <div class='ocr_carea' id='block_1_19' title="bbox 359 1465 2012 1548">
    <p class='ocr_par' dir='ltr' id='par_1_19' title="bbox 359 1465 2012 1548">
     <span class='ocr_line' id='line_1_19' title="bbox 359 1465 2012 1548; baseline -0.002 -19"><span class='ocrx_word' id='word_1_109' title='bbox 359 1472 587 1530; x_wconf 75' lang='grc' dir='ltr'>πλοῦτον</span> <span class='ocrx_word' id='word_1_110' title='bbox 630 1471 813 1546; x_wconf 87' lang='grc' dir='ltr'>μόνον,</span> <span class='ocrx_word' id='word_1_111' title='bbox 868 1470 956 1525; x_wconf 83' lang='grc' dir='ltr'>καὶ</span> <span class='ocrx_word' id='word_1_112' title='bbox 1016 1471 1238 1548; x_wconf 80' lang='grc' dir='ltr'>χρυσόν,</span> <span class='ocrx_word' id='word_1_113' title='bbox 1291 1470 1378 1525; x_wconf 83' lang='grc' dir='ltr'><strong>καὶ</strong></span> <span class='ocrx_word' id='word_1_114' title='bbox 1420 1469 1514 1533; x_wconf 78' lang='grc' dir='ltr'><strong>τὰς</strong></span> <span class='ocrx_word' id='word_1_115' title='bbox 1546 1466 1708 1531; x_wconf 80' lang='grc' dir='ltr'>ἄλλας</span> <span class='ocrx_word' id='word_1_116' title='bbox 1751 1465 1877 1531; x_wconf 75' lang='grc' dir='ltr'>ὕλας</span> <span class='ocrx_word' id='word_1_117' title='bbox 1921 1475 2012 1525; x_wconf 79' lang='grc' dir='ltr'><strong>τοῦ</strong></span> 
     </span>
    </p>
   </div>
   <div class='ocr_carea' id='block_1_20' title="bbox 355 1555 2013 1636">
    <p class='ocr_par' dir='ltr' id='par_1_20' title="bbox 355 1555 2013 1636">
     <span class='ocr_line' id='line_1_20' title="bbox 355 1555 2013 1636; baseline -0.004 -19"><span class='ocrx_word' id='word_1_118' title='bbox 355 1559 489 1635; x_wconf 75' lang='grc' dir='ltr'>ϐίου,</span> <span class='ocrx_word' id='word_1_119' title='bbox 549 1559 684 1616; x_wconf 84' lang='grc' dir='ltr'><strong>ἀλλά</strong></span> <span class='ocrx_word' id='word_1_120' title='bbox 740 1561 828 1615; x_wconf 84' lang='grc' dir='ltr'><strong>καὶ</strong></span> <span class='ocrx_word' id='word_1_121' title='bbox 879 1559 980 1625; x_wconf 78' lang='grc' dir='ltr'>τὴν</span> <span class='ocrx_word' id='word_1_122' title='bbox 1037 1559 1313 1633; x_wconf 76' lang='grc' dir='ltr'>ἐπιθυμίαν</span> <span class='ocrx_word' id='word_1_123' title='bbox 1371 1558 1469 1624; x_wconf 76' lang='grc' dir='ltr'>τὴν</span> <span class='ocrx_word' id='word_1_124' title='bbox 1512 1559 1643 1635; x_wconf 83' lang='grc' dir='ltr'>πρὸς</span> <span class='ocrx_word' id='word_1_125' title='bbox 1717 1556 1873 1636; x_wconf 67' lang='grc' dir='ltr'>αὑτὰ,</span> <span class='ocrx_word' id='word_1_126' title='bbox 1928 1555 2013 1612; x_wconf 84' lang='grc' dir='ltr'>τέ·</span> 
     </span>
    </p>
   </div>
   <div class='ocr_carea' id='block_1_21' title="bbox 2092 919 3743 1007">
    <p class='ocr_par' dir='ltr' id='par_1_21' title="bbox 2092 919 3743 1007">
     <span class='ocr_line' id='line_1_21' title="bbox 2092 919 3743 1007; baseline -0.006 -18"><span class='ocrx_word' id='word_1_127' title='bbox 2092 919 2938 1007; x_wconf 34' lang='lat' dir='ltr'><strong>moditatibus,perfruamur.</strong></span> <span class='ocrx_word' id='word_1_128' title='bbox 3024 925 3315 998; x_wconf 90' lang='lat' dir='ltr'><strong>Quantum</strong></span> <span class='ocrx_word' id='word_1_129' title='bbox 3391 922 3547 983; x_wconf 89' lang='lat' dir='ltr'><strong>enim</strong></span> <span class='ocrx_word' id='word_1_130' title='bbox 3606 919 3743 1002; x_wconf 86' lang='lat' dir='ltr'><strong>quis</strong></span> 
     </span>
    </p>
   </div>
   <div class='ocr_carea' id='block_1_22' title="bbox 2094 1008 3746 1093">
    <p class='ocr_par' dir='ltr' id='par_1_22' title="bbox 2094 1008 3746 1093">
     <span class='ocr_line' id='line_1_22' title="bbox 2094 1008 3746 1093; baseline -0.006 -14"><span class='ocrx_word' id='word_1_131' title='bbox 2094 1019 2283 1079; x_wconf 79' lang='lat' dir='ltr'><strong>ventri</strong></span> <span class='ocrx_word' id='word_1_132' title='bbox 2321 1016 2614 1093; x_wconf 86' lang='lat' dir='ltr'><strong>servierit,</strong></span> <span class='ocrx_word' id='word_1_133' title='bbox 2649 1026 2877 1079; x_wconf 90' lang='lat' dir='ltr'><strong>tantum</strong></span> <span class='ocrx_word' id='word_1_134' title='bbox 2909 1016 3026 1077; x_wconf 89' lang='lat' dir='ltr'><strong>illis</strong></span> <span class='ocrx_word' id='word_1_135' title='bbox 3056 1033 3188 1076; x_wconf 89' lang='lat' dir='ltr'><strong>sese</strong></span> <span class='ocrx_word' id='word_1_136' title='bbox 3219 1008 3746 1083; x_wconf 83' lang='lat' dir='ltr'><strong>fraudabit,Quan-</strong></span> 
     </span>
    </p>
   </div>
   <div class='ocr_carea' id='block_1_23' title="bbox 2097 1096 3737 1186">
    <p class='ocr_par' dir='ltr' id='par_1_23' title="bbox 2097 1096 3737 1186">
     <span class='ocr_line' id='line_1_23' title="bbox 2097 1096 3737 1186; baseline -0.004 -19"><span class='ocrx_word' id='word_1_137' title='bbox 2097 1115 2219 1167; x_wconf 90' lang='lat' dir='ltr'><strong>tum</strong></span> <span class='ocrx_word' id='word_1_138' title='bbox 2250 1114 2447 1166; x_wconf 90' lang='lat' dir='ltr'><strong>autem</strong></span> <span class='ocrx_word' id='word_1_139' title='bbox 2478 1124 2694 1186; x_wconf 80' lang='lat' dir='ltr'><strong>corpus</strong></span> <span class='ocrx_word' id='word_1_140' title='bbox 2722 1104 3040 1167; x_wconf 83' lang='lat' dir='ltr'><strong>domuerit.</strong></span> <span class='ocrx_word' id='word_1_141' title='bbox 3070 1115 3246 1184; x_wconf 77' lang='lat' dir='ltr'><strong>atque</strong></span> <span class='ocrx_word' id='word_1_142' title='bbox 3290 1096 3737 1181; x_wconf 84' lang='lat' dir='ltr'><strong>compresserit,</strong></span> 
     </span>
    </p>
   </div>
   <div class='ocr_carea' id='block_1_24' title="bbox 2098 1186 3740 1271">
    <p class='ocr_par' dir='ltr' id='par_1_24' title="bbox 2098 1186 3740 1271">
     <span class='ocr_line' id='line_1_24' title="bbox 2098 1186 3740 1271; baseline -0.005 -16"><span class='ocrx_word' id='word_1_143' title='bbox 2098 1203 2325 1256; x_wconf 85' lang='lat' dir='ltr'><strong>tantum</strong></span> <span class='ocrx_word' id='word_1_144' title='bbox 2355 1194 2611 1256; x_wconf 84' lang='lat' dir='ltr'><strong>vicissim</strong></span> <span class='ocrx_word' id='word_1_145' title='bbox 2674 1194 2974 1271; x_wconf 89' lang='lat' dir='ltr'><strong>alimonia,</strong></span> <span class='ocrx_word' id='word_1_146' title='bbox 3019 1189 3538 1265; x_wconf 75' lang='lat' dir='ltr'><strong>consolationeque</strong></span> <span class='ocrx_word' id='word_1_147' title='bbox 3566 1186 3740 1266; x_wconf 84' lang='lat' dir='ltr'><strong>spiri-</strong></span> 
     </span>
    </p>
   </div>
   <div class='ocr_carea' id='block_1_25' title="bbox 2096 1287 2636 1368">
    <p class='ocr_par' dir='ltr' id='par_1_25' title="bbox 2096 1287 2636 1368">
     <span class='ocr_line' id='line_1_25' title="bbox 2096 1287 2636 1368; baseline 0.002 -19"><span class='ocrx_word' id='word_1_148' title='bbox 2096 1289 2236 1350; x_wconf 87' lang='lat' dir='ltr'><strong>tuali</strong></span> <span class='ocrx_word' id='word_1_149' title='bbox 2270 1287 2636 1368; x_wconf 88' lang='lat' dir='ltr'><strong>implebitur.</strong></span> 
     </span>
    </p>
   </div>
   <div class='ocr_carea' id='block_1_26' title="bbox 2171 1374 3737 1458">
    <p class='ocr_par' dir='ltr' id='par_1_26' title="bbox 2171 1374 3737 1458">
     <span class='ocr_line' id='line_1_26' title="bbox 2171 1374 3737 1458; baseline -0.005 -21"><span class='ocrx_word' id='word_1_150' title='bbox 2171 1377 2272 1439; x_wconf 75' lang='grc'><strong>27.</strong></span> <span class='ocrx_word' id='word_1_151' title='bbox 2304 1376 2520 1441; x_wconf 86' lang='lat' dir='ltr'><strong>Omnia</strong></span> <span class='ocrx_word' id='word_1_152' title='bbox 2550 1395 2681 1458; x_wconf 68' lang='lat' dir='ltr'><strong>quae</strong></span> <span class='ocrx_word' id='word_1_153' title='bbox 2710 1376 2770 1437; x_wconf 90' lang='lat' dir='ltr'><strong>in</strong></span> <span class='ocrx_word' id='word_1_154' title='bbox 2803 1376 2978 1438; x_wconf 86' lang='lat' dir='ltr'><strong>terris</strong></span> <span class='ocrx_word' id='word_1_155' title='bbox 3007 1385 3166 1450; x_wconf 91' lang='lat' dir='ltr'><strong>sunt,</strong></span> <span class='ocrx_word' id='word_1_156' title='bbox 3200 1374 3455 1445; x_wconf 70' lang='lat' dir='ltr'><strong>divitias,</strong></span> <span class='ocrx_word' id='word_1_157' title='bbox 3488 1388 3737 1441; x_wconf 87' lang='lat' dir='ltr'><strong>aurum,</strong></span> 
     </span>
    </p>
   </div>
   <div class='ocr_carea' id='block_1_27' title="bbox 2095 1459 3734 1546">
    <p class='ocr_par' dir='ltr' id='par_1_27' title="bbox 2095 1459 3734 1546">
     <span class='ocr_line' id='line_1_27' title="bbox 2095 1459 3734 1546; baseline -0.004 -19"><span class='ocrx_word' id='word_1_158' title='bbox 2095 1474 2153 1528; x_wconf 93' lang='lat' dir='ltr'><strong>et</strong></span> <span class='ocrx_word' id='word_1_159' title='bbox 2182 1466 2326 1527; x_wconf 90' lang='lat' dir='ltr'><strong>alias</strong></span> <span class='ocrx_word' id='word_1_160' title='bbox 2384 1466 2514 1527; x_wconf 60' lang='lat' dir='ltr'><strong>vitai</strong></span> <span class='ocrx_word' id='word_1_161' title='bbox 2568 1484 2687 1546; x_wconf 88' lang='lat' dir='ltr'><strong>res,</strong></span> <span class='ocrx_word' id='word_1_162' title='bbox 2754 1484 2869 1526; x_wconf 90' lang='lat' dir='ltr'><strong>non</strong></span> <span class='ocrx_word' id='word_1_163' title='bbox 2914 1464 3323 1543; x_wconf 84' lang='lat' dir='ltr'><strong>relinquamus</strong></span> <span class='ocrx_word' id='word_1_164' title='bbox 3380 1462 3594 1533; x_wconf 75' lang='lat' dir='ltr'><strong>solum,</strong></span> <span class='ocrx_word' id='word_1_165' title='bbox 3628 1459 3734 1521; x_wconf 89' lang='lat' dir='ltr'><strong>sed</strong></span> 
     </span>
    </p>
   </div>
   <div class='ocr_carea' id='block_1_28' title="bbox 2093 1550 3737 1634">
    <p class='ocr_par' dir='ltr' id='par_1_28' title="bbox 2093 1550 3737 1634">
     <span class='ocr_line' id='line_1_28' title="bbox 2093 1550 3737 1634; baseline -0.004 -19"><span class='ocrx_word' id='word_1_166' title='bbox 2093 1554 2272 1616; x_wconf 90' lang='lat' dir='ltr'><strong>etiam</strong></span> <span class='ocrx_word' id='word_1_167' title='bbox 2305 1555 2540 1616; x_wconf 86' lang='lat' dir='ltr'><strong>illorum</strong></span> <span class='ocrx_word' id='word_1_168' title='bbox 2575 1554 2962 1634; x_wconf 73' lang='lat' dir='ltr'><strong>cupiditatem</strong></span> <span class='ocrx_word' id='word_1_169' title='bbox 2995 1556 3070 1615; x_wconf 70' lang='lat' dir='ltr'><strong>ali</strong></span> <span class='ocrx_word' id='word_1_170' title='bbox 3102 1552 3317 1614; x_wconf 90' lang='lat' dir='ltr'><strong>animis</strong></span> <span class='ocrx_word' id='word_1_171' title='bbox 3346 1550 3564 1612; x_wconf 85' lang='lat' dir='ltr'><strong>nostris</strong></span> <span class='ocrx_word' id='word_1_172' title='bbox 3594 1566 3737 1630; x_wconf 89' lang='lat' dir='ltr'><strong>per-</strong></span> 
     </span>
    </p>
   </div>
   <div class='ocr_carea' id='block_1_29' title="bbox 360 1638 2015 1726">
    <p class='ocr_par' dir='ltr' id='par_1_29' title="bbox 360 1644 2015 1726">
     <span class='ocr_line' id='line_1_29' title="bbox 360 1644 2015 1726; baseline -0.005 -19"><span class='ocrx_word' id='word_1_173' title='bbox 360 1649 488 1709; x_wconf 56' lang='lat' dir='ltr'><strong>}nv</strong></span> <span class='ocrx_word' id='word_1_174' title='bbox 752 1653 867 1706; x_wconf 57' lang='grc' dir='ltr'><strong>’.ἵν</strong></span> <span class='ocrx_word' id='word_1_175' title='bbox 950 1652 1141 1726; x_wconf 76' lang='grc' dir='ltr'>ψυχῶν</span> <span class='ocrx_word' id='word_1_176' title='bbox 1224 1648 1377 1721; x_wconf 76' lang='grc' dir='ltr'>ἡμῶν</span> <span class='ocrx_word' id='word_1_177' title='bbox 1460 1644 1832 1720; x_wconf 79' lang='grc' dir='ltr'>ἀπελάσωμεν.</span> <span class='ocrx_word' id='word_1_178' title='bbox 1920 1650 2015 1700; x_wconf 85' lang='grc' dir='ltr'><strong>Μι-</strong></span> 
     </span>
    </p>
   </div>
   <div class='ocr_carea' id='block_1_30' title="bbox 2114 1638 3736 1726">
    <p class='ocr_par' dir='ltr' id='par_1_30' title="bbox 2114 1638 3736 1722">
     <span class='ocr_line' id='line_1_30' title="bbox 2114 1638 3736 1722; baseline -0.004 -19"><span class='ocrx_word' id='word_1_179' title='bbox 2114 1644 2642 1722; x_wconf 74' lang='lat' dir='ltr'><strong>:‘ecterepellamus.</strong></span> <span class='ocrx_word' id='word_1_180' title='bbox 2668 1640 2988 1705; x_wconf 89' lang='lat' dir='ltr'><strong>Oderimus</strong></span> <span class='ocrx_word' id='word_1_181' title='bbox 3013 1642 3342 1721; x_wconf 76' lang='lat' dir='ltr'><strong>voluptates</strong></span> <span class='ocrx_word' id='word_1_182' title='bbox 3362 1638 3654 1720; x_wconf 86' lang='lat' dir='ltr'><strong>corporis,</strong></span> <span class='ocrx_word' id='word_1_183' title='bbox 3677 1646 3736 1697; x_wconf 91' lang='lat' dir='ltr'><strong>et</strong></span> 
     </span>
    </p>
   </div>
   <div class='ocr_carea' id='block_1_31' title="bbox 363 1732 2015 1813">
    <p class='ocr_par' dir='ltr' id='par_1_31' title="bbox 363 1732 2015 1813">
     <span class='ocr_line' id='line_1_31' title="bbox 363 1732 2015 1813; baseline -0.003 -19"><span class='ocrx_word' id='word_1_184' title='bbox 363 1740 615 1813; x_wconf 81' lang='grc' dir='ltr'>σήσωμεν</span> <span class='ocrx_word' id='word_1_185' title='bbox 675 1737 753 1812; x_wconf 78' lang='grc' dir='ltr'>μὴ</span> <span class='ocrx_word' id='word_1_186' title='bbox 811 1735 972 1812; x_wconf 88' lang='grc' dir='ltr'>μόνον</span> <span class='ocrx_word' id='word_1_187' title='bbox 1014 1738 1109 1800; x_wconf 81' lang='grc' dir='ltr'><strong>τὰς</strong></span> <span class='ocrx_word' id='word_1_188' title='bbox 1160 1734 1354 1803; x_wconf 80' lang='grc' dir='ltr'>ἡδονάς</span> <span class='ocrx_word' id='word_1_189' title='bbox 1403 1742 1494 1790; x_wconf 78' lang='grc' dir='ltr'>τοῦ</span> <span class='ocrx_word' id='word_1_190' title='bbox 1550 1737 1821 1811; x_wconf 85' lang='grc' dir='ltr'>σώματος,</span> <span class='ocrx_word' id='word_1_191' title='bbox 1880 1732 2015 1789; x_wconf 86' lang='grc' dir='ltr'><strong>ἀλλά</strong></span> 
     </span>
    </p>
   </div>
   <div class='ocr_carea' id='block_1_32' title="bbox 362 1824 2014 1904">
    <p class='ocr_par' dir='ltr' id='par_1_32' title="bbox 362 1824 2014 1904">
     <span class='ocr_line' id='line_1_32' title="bbox 362 1824 2014 1904; baseline -0.002 -22"><span class='ocrx_word' id='word_1_192' title='bbox 362 1827 570 1887; x_wconf 75' lang='grc' dir='ltr'>καὶτὰς</span> <span class='ocrx_word' id='word_1_193' title='bbox 613 1824 838 1903; x_wconf 79' lang='grc' dir='ltr'>ἀλόγους</span> <span class='ocrx_word' id='word_1_194' title='bbox 897 1826 1132 1895; x_wconf 80' lang='grc' dir='ltr'>κινήσεις</span> <span class='ocrx_word' id='word_1_195' title='bbox 1181 1824 1360 1897; x_wconf 71' lang='grc' dir='ltr'>αὑτοῦ,</span> <span class='ocrx_word' id='word_1_196' title='bbox 1407 1826 1494 1880; x_wconf 89' lang='grc' dir='ltr'>καὶ</span> <span class='ocrx_word' id='word_1_197' title='bbox 1549 1824 1807 1904; x_wconf 81' lang='grc' dir='ltr'>νεκρῶσαι</span> <span class='ocrx_word' id='word_1_198' title='bbox 1863 1831 2014 1881; x_wconf 79' lang='grc' dir='ltr'>τοῦτο</span> 
     </span>
    </p>
   </div>
   <div class='ocr_carea' id='block_1_33' title="bbox 362 1910 2009 1991">
    <p class='ocr_par' dir='ltr' id='par_1_33' title="bbox 362 1910 2009 1991">
     <span class='ocr_line' id='line_1_33' title="bbox 362 1910 2009 1991; baseline -0.003 -22"><span class='ocrx_word' id='word_1_199' title='bbox 362 1912 444 1972; x_wconf 79' lang='grc' dir='ltr'><strong>διὰ</strong></span> <span class='ocrx_word' id='word_1_200' title='bbox 501 1913 677 1970; x_wconf 90' lang='grc' dir='ltr'>πόνων</span> <span class='ocrx_word' id='word_1_201' title='bbox 734 1911 1118 1988; x_wconf 78' lang='grc' dir='ltr'>σπουδάσωμεν</span> <span class='ocrx_word' id='word_1_202' title='bbox 1154 1932 1168 1947; x_wconf 80' lang='grc'><strong><em>⁸</em></strong></span> <span class='ocrx_word' id='word_1_203' title='bbox 1204 1910 1287 1968; x_wconf 79' lang='grc' dir='ltr'><strong>διὰ</strong></span> <span class='ocrx_word' id='word_1_204' title='bbox 1342 1913 1527 1969; x_wconf 88' lang='grc' dir='ltr'>τούτου</span> <span class='ocrx_word' id='word_1_205' title='bbox 1583 1913 1683 1991; x_wconf 77' lang='grc' dir='ltr'><strong>γὰρ</strong></span> <span class='ocrx_word' id='word_1_206' title='bbox 1734 1910 2009 1990; x_wconf 80' lang='grc' dir='ltr'>ἐνεργοῦν-</span> 
     </span>
    </p>
   </div>
   <div class='ocr_carea' id='block_1_34' title="bbox 360 2000 2014 2080">
    <p class='ocr_par' dir='ltr' id='par_1_34' title="bbox 360 2000 2014 2080">
     <span class='ocr_line' id='line_1_34' title="bbox 360 2000 2014 2080; baseline -0.003 -20"><span class='ocrx_word' id='word_1_207' title='bbox 360 2024 448 2060; x_wconf 85' lang='grc' dir='ltr'><strong>ται</strong></span> <span class='ocrx_word' id='word_1_208' title='bbox 477 2003 544 2061; x_wconf 77' lang='grc' dir='ltr'>τὰ</span> <span class='ocrx_word' id='word_1_209' title='bbox 591 2007 689 2068; x_wconf 80' lang='grc' dir='ltr'>τῆς</span> <span class='ocrx_word' id='word_1_210' title='bbox 743 2002 1043 2078; x_wconf 78' lang='grc' dir='ltr'><strong>ἐπιθυμίας,</strong></span> <span class='ocrx_word' id='word_1_211' title='bbox 1102 2004 1190 2059; x_wconf 88' lang='grc' dir='ltr'>καὶ</span> <span class='ocrx_word' id='word_1_212' title='bbox 1245 2003 1319 2064; x_wconf 81' lang='grc' dir='ltr'><strong>εἰς</strong></span> <span class='ocrx_word' id='word_1_213' title='bbox 1378 2000 1528 2080; x_wconf 75' lang='grc' dir='ltr'>ἔργον</span> <span class='ocrx_word' id='word_1_214' title='bbox 1573 2001 1866 2080; x_wconf 78' lang='grc' dir='ltr'>ἐξάγονται.</span> <span class='ocrx_word' id='word_1_215' title='bbox 1916 2001 2014 2056; x_wconf 82' lang='grc' dir='ltr'>Καὶ</span> 
     </span>
    </p>
   </div>
   <div class='ocr_carea' id='block_1_35' title="bbox 366 2089 2015 2170">
    <p class='ocr_par' dir='ltr' id='par_1_35' title="bbox 366 2089 2015 2170">
     <span class='ocr_line' id='line_1_35' title="bbox 366 2089 2015 2170; baseline -0.002 -23"><span class='ocrx_word' id='word_1_216' title='bbox 366 2098 559 2163; x_wconf 77' lang='grc' dir='ltr'>ζῶντος</span> <span class='ocrx_word' id='word_1_217' title='bbox 592 2092 767 2170; x_wconf 74' lang='grc' dir='ltr'>αὑτοῦ,</span> <span class='ocrx_word' id='word_1_218' title='bbox 813 2090 1021 2169; x_wconf 77' lang='grc' dir='ltr'>ἀνάγκη</span> <span class='ocrx_word' id='word_1_219' title='bbox 1071 2097 1217 2147; x_wconf 81' lang='grc' dir='ltr'>πᾶσα</span> <span class='ocrx_word' id='word_1_220' title='bbox 1258 2092 1357 2157; x_wconf 75' lang='grc' dir='ltr'>τὴν</span> <span class='ocrx_word' id='word_1_221' title='bbox 1408 2091 1592 2170; x_wconf 75' lang='grc' dir='ltr'>ψυχὴν</span> <span class='ocrx_word' id='word_1_222' title='bbox 1648 2092 1801 2165; x_wconf 72' lang='grc' dir='ltr'>ἡμῶν</span> <span class='ocrx_word' id='word_1_223' title='bbox 1831 2089 2015 2166; x_wconf 77' lang='grc' dir='ltr'>νεκρὰν</span> 
     </span>
    </p>
   </div>
   <div class='ocr_carea' id='block_1_36' title="bbox 365 2176 2014 2260">
    <p class='ocr_par' dir='ltr' id='par_1_36' title="bbox 365 2176 2014 2260">
     <span class='ocr_line' id='line_1_36' title="bbox 365 2176 2014 2260; baseline -0.001 -23"><span class='ocrx_word' id='word_1_224' title='bbox 365 2181 529 2260; x_wconf 76' lang='grc' dir='ltr'>εἶναι,</span> <span class='ocrx_word' id='word_1_225' title='bbox 580 2182 666 2239; x_wconf 80' lang='grc' dir='ltr'><strong>καὶ</strong></span> <span class='ocrx_word' id='word_1_226' title='bbox 727 2178 1033 2247; x_wconf 79' lang='grc' dir='ltr'>δυσκίνητον</span> <span class='ocrx_word' id='word_1_227' title='bbox 1089 2181 1220 2258; x_wconf 81' lang='grc' dir='ltr'>πρὸς</span> <span class='ocrx_word' id='word_1_228' title='bbox 1277 2184 1451 2235; x_wconf 80' lang='grc' dir='ltr'>πᾶσαν</span> <span class='ocrx_word' id='word_1_229' title='bbox 1503 2179 1644 2236; x_wconf 83' lang='grc' dir='ltr'>θείαν</span> <span class='ocrx_word' id='word_1_230' title='bbox 1686 2176 1928 2256; x_wconf 75' lang='grc' dir='ltr'>ἐντολὴν,</span> <span class='ocrx_word' id='word_1_231' title='bbox 1978 2176 2014 2244; x_wconf 73' lang='grc' dir='ltr'>ἢ</span> 
     </span>
    </p>
   </div>
   <div class='ocr_carea' id='block_1_37' title="bbox 366 2267 1049 2335">
    <p class='ocr_par' dir='ltr' id='par_1_37' title="bbox 366 2267 1049 2335">
     <span class='ocr_line' id='line_1_37' title="bbox 366 2267 1049 2335; baseline -0.009 -6"><span class='ocrx_word' id='word_1_232' title='bbox 366 2271 452 2329; x_wconf 76' lang='grc' dir='ltr'><strong>καὶ</strong></span> <span class='ocrx_word' id='word_1_233' title='bbox 472 2267 747 2332; x_wconf 80' lang='grc' dir='ltr'>παντελῶς</span> <span class='ocrx_word' id='word_1_234' title='bbox 777 2267 1024 2335; x_wconf 89' lang='grc' dir='ltr'>ἀκίνητον</span> <span class='ocrx_word' id='word_1_235' title='bbox 1035 2316 1049 2329; x_wconf 91' lang='grc'><strong>,</strong></span> 
     </span>
    </p>
   </div>
   <div class='ocr_carea' id='block_1_38' title="bbox 443 2347 2016 2437">
    <p class='ocr_par' dir='ltr' id='par_1_38' title="bbox 443 2347 2016 2437">
     <span class='ocr_line' id='line_1_38' title="bbox 443 2347 2016 2437; baseline -0.004 -24"><span class='ocrx_word' id='word_1_236' title='bbox 443 2347 556 2422; x_wconf 80' lang='grc' dir='ltr'>κη’.</span> <span class='ocrx_word' id='word_1_237' title='bbox 586 2357 829 2435; x_wconf 77' lang='grc' dir='ltr'>Καθάπερ</span> <span class='ocrx_word' id='word_1_238' title='bbox 865 2357 900 2424; x_wconf 80' lang='grc' dir='ltr'><strong>ἡ</strong></span> <span class='ocrx_word' id='word_1_239' title='bbox 947 2353 1076 2437; x_wconf 76' lang='grc' dir='ltr'>φλὸξ</span> <span class='ocrx_word' id='word_1_240' title='bbox 1103 2361 1196 2410; x_wconf 77' lang='grc' dir='ltr'>τοῦ</span> <span class='ocrx_word' id='word_1_241' title='bbox 1266 2356 1427 2434; x_wconf 66' lang='grc' dir='ltr'>πυρὸς</span> <span class='ocrx_word' id='word_1_242' title='bbox 1486 2357 1558 2420; x_wconf 79' lang='grc' dir='ltr'>εἷς</span> <span class='ocrx_word' id='word_1_243' title='bbox 1602 2355 1735 2430; x_wconf 67' lang='grc' dir='ltr'>ὕψος</span> <span class='ocrx_word' id='word_1_244' title='bbox 1780 2355 1859 2410; x_wconf 86' lang='grc' dir='ltr'><strong>ἀεὶ</strong></span> <span class='ocrx_word' id='word_1_245' title='bbox 1918 2351 2016 2409; x_wconf 76' lang='grc' dir='ltr'><strong>αἶ’-</strong></span> 
     </span>
    </p>
   </div>
   <div class='ocr_carea' id='block_1_39' title="bbox 367 2440 2014 2523">
    <p class='ocr_par' dir='ltr' id='par_1_39' title="bbox 367 2440 2014 2523">
     <span class='ocr_line' id='line_1_39' title="bbox 367 2440 2014 2523; baseline -0.002 -21"><span class='ocrx_word' id='word_1_246' title='bbox 367 2465 535 2523; x_wconf 88' lang='grc' dir='ltr'>ρεται,</span> <span class='ocrx_word' id='word_1_247' title='bbox 578 2447 667 2500; x_wconf 84' lang='grc' dir='ltr'>καὶ</span> <span class='ocrx_word' id='word_1_248' title='bbox 699 2442 902 2520; x_wconf 81' lang='grc' dir='ltr'>μᾶλλον</span> <span class='ocrx_word' id='word_1_249' title='bbox 931 2442 1021 2502; x_wconf 74' lang='grc' dir='ltr'><strong>ἐὰν</strong></span> <span class='ocrx_word' id='word_1_250' title='bbox 1053 2443 1286 2523; x_wconf 79' lang='grc' dir='ltr'>στρέψῃς</span> <span class='ocrx_word' id='word_1_251' title='bbox 1344 2444 1441 2511; x_wconf 75' lang='grc' dir='ltr'><strong>τὴν</strong></span> <span class='ocrx_word' id='word_1_252' title='bbox 1498 2442 1631 2510; x_wconf 77' lang='grc' dir='ltr'>ὕλην</span> <span class='ocrx_word' id='word_1_253' title='bbox 1663 2440 1751 2523; x_wconf 79' lang='grc' dir='ltr'>ἀφ’</span> <span class='ocrx_word' id='word_1_254' title='bbox 1781 2444 1849 2509; x_wconf 78' lang='grc' dir='ltr'><strong>ἧς</strong></span> <span class='ocrx_word' id='word_1_255' title='bbox 1880 2442 2014 2499; x_wconf 87' lang='grc' dir='ltr'>ἀνά-</span> 
     </span>
    </p>
   </div>
   <div class='ocr_carea' id='block_1_40' title="bbox 371 2529 2018 2613">
    <p class='ocr_par' dir='ltr' id='par_1_40' title="bbox 371 2529 2018 2613">
     <span class='ocr_line' id='line_1_40' title="bbox 371 2529 2018 2613; baseline -0.002 -23"><span class='ocrx_word' id='word_1_256' title='bbox 371 2555 557 2590; x_wconf 85' lang='grc' dir='ltr'>πτεται</span> <span class='ocrx_word' id='word_1_257' title='bbox 592 2549 605 2563; x_wconf 78' lang='grc'><em>⁸</em></span> <span class='ocrx_word' id='word_1_258' title='bbox 638 2531 775 2589; x_wconf 75' lang='grc' dir='ltr'>οὕτω</span> <span class='ocrx_word' id='word_1_259' title='bbox 816 2534 904 2589; x_wconf 88' lang='grc' dir='ltr'><strong>καὶ</strong></span> <span class='ocrx_word' id='word_1_260' title='bbox 950 2533 986 2601; x_wconf 79' lang='grc' dir='ltr'><strong>ἡ</strong></span> <span class='ocrx_word' id='word_1_261' title='bbox 1038 2538 1132 2588; x_wconf 79' lang='grc' dir='ltr'>τοῦ</span> <span class='ocrx_word' id='word_1_262' title='bbox 1188 2531 1459 2598; x_wconf 81' lang='grc' dir='ltr'>κενοδόξου</span> <span class='ocrx_word' id='word_1_263' title='bbox 1514 2529 1698 2613; x_wconf 78' lang='grc' dir='ltr'>καρδία</span> <span class='ocrx_word' id='word_1_264' title='bbox 1751 2552 2018 2590; x_wconf 85' lang='grc' dir='ltr'>ταπεινω-</span> 
     </span>
    </p>
   </div>
   <div class='ocr_carea' id='block_1_41' title="bbox 369 2618 2017 2698">
    <p class='ocr_par' dir='ltr' id='par_1_41' title="bbox 369 2618 2017 2698">
     <span class='ocr_line' id='line_1_41' title="bbox 369 2618 2017 2698; baseline -0.001 -22"><span class='ocrx_word' id='word_1_265' title='bbox 369 2626 523 2689; x_wconf 79' lang='grc' dir='ltr'>θῆναι</span> <span class='ocrx_word' id='word_1_266' title='bbox 555 2623 615 2677; x_wconf 71' lang='grc' dir='ltr'>οὔ</span> <span class='ocrx_word' id='word_1_267' title='bbox 662 2618 872 2677; x_wconf 86' lang='grc' dir='ltr'>δύναται</span> <span class='ocrx_word' id='word_1_268' title='bbox 906 2638 925 2657; x_wconf 80' lang='grc' dir='ltr'><strong>ο</strong></span> <span class='ocrx_word' id='word_1_269' title='bbox 970 2619 1088 2676; x_wconf 84' lang='grc' dir='ltr'>ἀλλ’</span> <span class='ocrx_word' id='word_1_270' title='bbox 1144 2622 1216 2683; x_wconf 82' lang='grc' dir='ltr'>ὡς</span> <span class='ocrx_word' id='word_1_271' title='bbox 1276 2621 1338 2675; x_wconf 84' lang='grc' dir='ltr'><strong>ἃν</strong></span> <span class='ocrx_word' id='word_1_272' title='bbox 1398 2620 1560 2698; x_wconf 73' lang='grc' dir='ltr'>εἴπῃς</span> <span class='ocrx_word' id='word_1_273' title='bbox 1614 2624 1755 2695; x_wconf 75' lang='grc' dir='ltr'>αὖτῴ</span> <span class='ocrx_word' id='word_1_274' title='bbox 1814 2620 1878 2676; x_wconf 82' lang='grc' dir='ltr'><strong>τὰ</strong></span> <span class='ocrx_word' id='word_1_275' title='bbox 1919 2623 2017 2685; x_wconf 76' lang='grc' dir='ltr'>τῆς</span> 
     </span>
    </p>
   </div>
   <div class='ocr_carea' id='block_1_42' title="bbox 374 2707 2018 2790">
    <p class='ocr_par' dir='ltr' id='par_1_42' title="bbox 374 2707 2018 2790">
     <span class='ocr_line' id='line_1_42' title="bbox 374 2707 2018 2790; baseline 0.001 -24"><span class='ocrx_word' id='word_1_276' title='bbox 374 2708 630 2790; x_wconf 73' lang='grc' dir='ltr'>ὠφελείας</span> <span class='ocrx_word' id='word_1_277' title='bbox 713 2711 895 2782; x_wconf 76' lang='grc' dir='ltr'>αὑτοῦ,</span> <span class='ocrx_word' id='word_1_278' title='bbox 997 2707 1199 2784; x_wconf 84' lang='grc' dir='ltr'>μᾶλλον</span> <span class='ocrx_word' id='word_1_279' title='bbox 1296 2712 1383 2765; x_wconf 84' lang='grc' dir='ltr'><strong>καὶ</strong></span> <span class='ocrx_word' id='word_1_280' title='bbox 1468 2707 1672 2785; x_wconf 81' lang='grc' dir='ltr'>μᾶλλον</span> <span class='ocrx_word' id='word_1_281' title='bbox 1728 2708 2018 2787; x_wconf 78' lang='grc' dir='ltr'>ἐπαίρεται.</span> 
     </span>
    </p>
   </div>
   <div class='ocr_carea' id='block_1_43' title="bbox 2098 1728 3742 1811">
    <p class='ocr_par' dir='ltr' id='par_1_43' title="bbox 2098 1728 3742 1811">
     <span class='ocr_line' id='line_1_43' title="bbox 2098 1728 3742 1811; baseline -0.005 -18"><span class='ocrx_word' id='word_1_282' title='bbox 2098 1751 2308 1794; x_wconf 89' lang='lat' dir='ltr'><strong>omnes</strong></span> <span class='ocrx_word' id='word_1_283' title='bbox 2342 1731 2630 1793; x_wconf 88' lang='lat' dir='ltr'><strong>motiones</strong></span> <span class='ocrx_word' id='word_1_284' title='bbox 2661 1731 2787 1811; x_wconf 85' lang='lat' dir='ltr'><strong>ejus</strong></span> <span class='ocrx_word' id='word_1_285' title='bbox 2817 1749 2851 1791; x_wconf 89' lang='lat' dir='ltr'><strong>a</strong></span> <span class='ocrx_word' id='word_1_286' title='bbox 2881 1731 3108 1792; x_wconf 86' lang='lat' dir='ltr'><strong>ratione</strong></span> <span class='ocrx_word' id='word_1_287' title='bbox 3137 1729 3378 1797; x_wconf 85' lang='lat' dir='ltr'><strong>alienas,</strong></span> <span class='ocrx_word' id='word_1_288' title='bbox 3426 1728 3742 1808; x_wconf 90' lang='lat' dir='ltr'><strong>ipsumque</strong></span> 
     </span>
    </p>
   </div>
   <div class='ocr_carea' id='block_1_44' title="bbox 2096 1815 3737 1883">
    <p class='ocr_par' dir='ltr' id='par_1_44' title="bbox 2096 1815 3737 1883">
     <span class='ocr_line' id='line_1_44' title="bbox 2096 1815 3737 1883; baseline -0.005 -1"><span class='ocrx_word' id='word_1_289' title='bbox 2096 1820 2402 1883; x_wconf 88' lang='lat' dir='ltr'><strong>laboribus</strong></span> <span class='ocrx_word' id='word_1_290' title='bbox 2446 1820 2804 1882; x_wconf 83' lang='lat' dir='ltr'><strong>mortiﬁcare</strong></span> <span class='ocrx_word' id='word_1_291' title='bbox 2851 1819 3216 1881; x_wconf 88' lang='lat' dir='ltr'><strong>studeamus.</strong></span> <span class='ocrx_word' id='word_1_292' title='bbox 3260 1817 3374 1881; x_wconf 87' lang='lat' dir='ltr'><strong>Per</strong></span> <span class='ocrx_word' id='word_1_293' title='bbox 3419 1818 3531 1878; x_wconf 87' lang='lat' dir='ltr'><strong>hoc</strong></span> <span class='ocrx_word' id='word_1_294' title='bbox 3579 1815 3737 1877; x_wconf 89' lang='lat' dir='ltr'><strong>enim</strong></span> 
     </span>
    </p>
   </div>
   <div class='ocr_carea' id='block_1_45' title="bbox 2096 1909 3742 1991">
    <p class='ocr_par' dir='ltr' id='par_1_45' title="bbox 2096 1909 3742 1991">
     <span class='ocr_line' id='line_1_45' title="bbox 2096 1909 3742 1991; baseline -0.004 -20"><span class='ocrx_word' id='word_1_295' title='bbox 2096 1910 2599 1991; x_wconf 68' lang='lat' dir='ltr'><strong>concupiscentiae</strong></span> <span class='ocrx_word' id='word_1_296' title='bbox 2656 1909 2873 1988; x_wconf 78' lang='lat' dir='ltr'><strong>vigent,</strong></span> <span class='ocrx_word' id='word_1_297' title='bbox 2934 1909 3083 1970; x_wconf 86' lang='lat' dir='ltr'><strong>etin</strong></span> <span class='ocrx_word' id='word_1_298' title='bbox 3131 1927 3281 1988; x_wconf 85' lang='lat' dir='ltr'><strong>opus</strong></span> <span class='ocrx_word' id='word_1_299' title='bbox 3337 1916 3591 1968; x_wconf 83' lang='lat' dir='ltr'><strong>exeunt:</strong></span> <span class='ocrx_word' id='word_1_300' title='bbox 3625 1923 3742 1985; x_wconf 88' lang='lat' dir='ltr'><strong>quo</strong></span> 
     </span>
    </p>
   </div>
   <div class='ocr_carea' id='block_1_46' title="bbox 2098 1992 3748 2079">
    <p class='ocr_par' dir='ltr' id='par_1_46' title="bbox 2098 1992 3748 2079">
     <span class='ocr_line' id='line_1_46' title="bbox 2098 1992 3748 2079; baseline -0.004 -21"><span class='ocrx_word' id='word_1_301' title='bbox 2098 1998 2316 2072; x_wconf 80' lang='lat' dir='ltr'><strong>vivido,</strong></span> <span class='ocrx_word' id='word_1_302' title='bbox 2349 2008 2409 2060; x_wconf 90' lang='lat' dir='ltr'><strong>et</strong></span> <span class='ocrx_word' id='word_1_303' title='bbox 2435 2000 2693 2079; x_wconf 85' lang='lat' dir='ltr'><strong>vigente,</strong></span> <span class='ocrx_word' id='word_1_304' title='bbox 2729 1998 2987 2059; x_wconf 84' lang='lat' dir='ltr'><strong>animam</strong></span> <span class='ocrx_word' id='word_1_305' title='bbox 3030 2003 3288 2061; x_wconf 89' lang='lat' dir='ltr'><strong>nostram</strong></span> <span class='ocrx_word' id='word_1_306' title='bbox 3329 2003 3509 2057; x_wconf 81' lang='lat' dir='ltr'><strong>totam</strong></span> <span class='ocrx_word' id='word_1_307' title='bbox 3545 1992 3748 2055; x_wconf 81' lang='lat' dir='ltr'><strong>exani—</strong></span> 
     </span>
    </p>
   </div>
   <div class='ocr_carea' id='block_1_47' title="bbox 2100 2083 3741 2166">
    <p class='ocr_par' dir='ltr' id='par_1_47' title="bbox 2100 2083 3741 2166">
     <span class='ocr_line' id='line_1_47' title="bbox 2100 2083 3741 2166; baseline -0.004 -18"><span class='ocrx_word' id='word_1_308' title='bbox 2100 2107 2281 2161; x_wconf 89' lang='lat' dir='ltr'><strong>mem,</strong></span> <span class='ocrx_word' id='word_1_309' title='bbox 2314 2089 2385 2148; x_wconf 88' lang='lat' dir='ltr'><strong>ad</strong></span> <span class='ocrx_word' id='word_1_310' title='bbox 2417 2107 2594 2149; x_wconf 91' lang='lat' dir='ltr'><strong>omne</strong></span> <span class='ocrx_word' id='word_1_311' title='bbox 2629 2087 2733 2149; x_wconf 92' lang='lat' dir='ltr'><strong>Dei</strong></span> <span class='ocrx_word' id='word_1_312' title='bbox 2767 2086 3107 2149; x_wconf 87' lang='lat' dir='ltr'><strong>mandatum</strong></span> <span class='ocrx_word' id='word_1_313' title='bbox 3140 2083 3582 2166; x_wconf 85' lang='lat' dir='ltr'><strong>exsequendum</strong></span> <span class='ocrx_word' id='word_1_314' title='bbox 3616 2090 3741 2142; x_wconf 89' lang='lat' dir='ltr'><strong>tar-</strong></span> 
     </span>
    </p>
   </div>
   <div class='ocr_carea' id='block_1_48' title="bbox 2098 2170 3739 2250">
    <p class='ocr_par' dir='ltr' id='par_1_48' title="bbox 2098 2170 3739 2250">
     <span class='ocr_line' id='line_1_48' title="bbox 2098 2170 3739 2250; baseline -0.004 -13"><span class='ocrx_word' id='word_1_315' title='bbox 2098 2176 2257 2248; x_wconf 86' lang='lat' dir='ltr'><strong>dam,</strong></span> <span class='ocrx_word' id='word_1_316' title='bbox 2290 2195 2358 2237; x_wconf 89' lang='lat' dir='ltr'><strong>ac</strong></span> <span class='ocrx_word' id='word_1_317' title='bbox 2390 2176 2721 2250; x_wconf 85' lang='lat' dir='ltr'><strong>difﬁcilem,</strong></span> <span class='ocrx_word' id='word_1_318' title='bbox 2754 2184 2852 2237; x_wconf 90' lang='lat' dir='ltr'><strong>aut</strong></span> <span class='ocrx_word' id='word_1_319' title='bbox 2877 2175 3052 2239; x_wconf 87' lang='lat' dir='ltr'><strong>etiam</strong></span> <span class='ocrx_word' id='word_1_320' title='bbox 3097 2174 3337 2236; x_wconf 88' lang='lat' dir='ltr'><strong>omnino</strong></span> <span class='ocrx_word' id='word_1_321' title='bbox 3369 2170 3739 2234; x_wconf 89' lang='lat' dir='ltr'><strong>immobilem</strong></span> 
     </span>
    </p>
   </div>
   <div class='ocr_carea' id='block_1_49' title="bbox 2099 2274 2651 2327">
    <p class='ocr_par' dir='ltr' id='par_1_49' title="bbox 2099 2274 2651 2327">
     <span class='ocr_line' id='line_1_49' title="bbox 2099 2274 2651 2327; baseline 0 -1"><span class='ocrx_word' id='word_1_322' title='bbox 2099 2283 2230 2326; x_wconf 89' lang='lat' dir='ltr'><strong>esse</strong></span> <span class='ocrx_word' id='word_1_323' title='bbox 2263 2282 2508 2327; x_wconf 87' lang='lat' dir='ltr'><strong>necesse</strong></span> <span class='ocrx_word' id='word_1_324' title='bbox 2540 2274 2651 2326; x_wconf 71' lang='lat' dir='ltr'><strong>88L</strong></span> 
     </span>
    </p>
   </div>
   <div class='ocr_carea' id='block_1_50' title="bbox 2181 2350 3747 2431">
    <p class='ocr_par' dir='ltr' id='par_1_50' title="bbox 2181 2350 3747 2431">
     <span class='ocr_line' id='line_1_50' title="bbox 2181 2350 3747 2431; baseline -0.004 -17"><span class='ocrx_word' id='word_1_325' title='bbox 2181 2355 2276 2417; x_wconf 66' lang='lat'><strong>98.</strong></span> <span class='ocrx_word' id='word_1_326' title='bbox 2311 2352 2620 2426; x_wconf 89' lang='lat' dir='ltr'><strong>Quomodo</strong></span> <span class='ocrx_word' id='word_1_327' title='bbox 2654 2355 2893 2415; x_wconf 84' lang='lat' dir='ltr'><strong>ﬂamma</strong></span> <span class='ocrx_word' id='word_1_328' title='bbox 2947 2350 3101 2431; x_wconf 78' lang='lat' dir='ltr'><strong>ignis</strong></span> <span class='ocrx_word' id='word_1_329' title='bbox 3150 2350 3461 2431; x_wconf 85' lang='lat' dir='ltr'><strong>superiora</strong></span> <span class='ocrx_word' id='word_1_330' title='bbox 3508 2366 3747 2428; x_wconf 86' lang='lat' dir='ltr'><strong>semper</strong></span> 
     </span>
    </p>
   </div>
   <div class='ocr_carea' id='block_1_51' title="bbox 2098 2439 3745 2524">
    <p class='ocr_par' dir='ltr' id='par_1_51' title="bbox 2098 2439 3745 2524">
     <span class='ocr_line' id='line_1_51' title="bbox 2098 2439 3745 2524; baseline -0.005 -19"><span class='ocrx_word' id='word_1_331' title='bbox 2098 2442 2342 2524; x_wconf 87' lang='lat' dir='ltr'><strong>appetit,</strong></span> <span class='ocrx_word' id='word_1_332' title='bbox 2379 2442 2919 2523; x_wconf 89' lang='lat' dir='ltr'><strong>quomodocunque</strong></span> <span class='ocrx_word' id='word_1_333' title='bbox 2945 2439 3160 2502; x_wconf 90' lang='lat' dir='ltr'><strong>veteris</strong></span> <span class='ocrx_word' id='word_1_334' title='bbox 3214 2439 3518 2501; x_wconf 85' lang='lat' dir='ltr'><strong>materiam</strong></span> <span class='ocrx_word' id='word_1_335' title='bbox 3551 2440 3745 2499; x_wconf 91' lang='lat' dir='ltr'><strong>unde-</strong></span> 
     </span>
    </p>
   </div>
   <div class='ocr_carea' id='block_1_52' title="bbox 2101 2527 3746 2609">
    <p class='ocr_par' dir='ltr' id='par_1_52' title="bbox 2101 2527 3746 2609">
     <span class='ocr_line' id='line_1_52' title="bbox 2101 2527 3746 2609; baseline -0.004 -17"><span class='ocrx_word' id='word_1_336' title='bbox 2101 2531 2449 2593; x_wconf 89' lang='lat' dir='ltr'><strong>accenditur</strong></span> <span class='ocrx_word' id='word_1_337' title='bbox 2481 2550 2493 2591; x_wconf 91' lang='lat'>:</span> <span class='ocrx_word' id='word_1_338' title='bbox 2525 2530 2609 2591; x_wconf 93' lang='lat' dir='ltr'><strong>sic</strong></span> <span class='ocrx_word' id='word_1_339' title='bbox 2627 2549 2729 2591; x_wconf 92' lang='lat' dir='ltr'><strong>cor</strong></span> <span class='ocrx_word' id='word_1_340' title='bbox 2759 2548 2921 2591; x_wconf 51' lang='lat' dir='ltr'><strong>vana).</strong></span> <span class='ocrx_word' id='word_1_341' title='bbox 2951 2530 3154 2609; x_wconf 64' lang='lat' dir='ltr'><strong>gloriae</strong></span> <span class='ocrx_word' id='word_1_342' title='bbox 3176 2527 3425 2590; x_wconf 86' lang='lat' dir='ltr'><strong>studiosi</strong></span> <span class='ocrx_word' id='word_1_343' title='bbox 3443 2527 3746 2589; x_wconf 87' lang='lat' dir='ltr'><strong>humiliari</strong></span> 
     </span>
    </p>
   </div>
   <div class='ocr_carea' id='block_1_53' title="bbox 2104 2616 3747 2701">
    <p class='ocr_par' dir='ltr' id='par_1_53' title="bbox 2104 2616 3747 2701">
     <span class='ocr_line' id='line_1_53' title="bbox 2104 2616 3747 2701; baseline -0.004 -20"><span class='ocrx_word' id='word_1_344' title='bbox 2104 2619 2344 2701; x_wconf 87' lang='lat' dir='ltr'><strong>nequit;</strong></span> <span class='ocrx_word' id='word_1_345' title='bbox 2378 2620 2479 2681; x_wconf 88' lang='lat' dir='ltr'><strong>sed</strong></span> <span class='ocrx_word' id='word_1_346' title='bbox 2514 2628 2815 2696; x_wconf 88' lang='lat' dir='ltr'><strong>utcunque</strong></span> <span class='ocrx_word' id='word_1_347' title='bbox 2845 2619 3011 2680; x_wconf 85' lang='lat' dir='ltr'><strong>utilia</strong></span> <span class='ocrx_word' id='word_1_348' title='bbox 3033 2618 3088 2679; x_wconf 90' lang='lat' dir='ltr'><strong>ei</strong></span> <span class='ocrx_word' id='word_1_349' title='bbox 3113 2616 3358 2689; x_wconf 87' lang='lat' dir='ltr'><strong>dixeris,</strong></span> <span class='ocrx_word' id='word_1_350' title='bbox 3397 2617 3583 2694; x_wconf 84' lang='lat' dir='ltr'><strong>magis</strong></span> <span class='ocrx_word' id='word_1_351' title='bbox 3614 2633 3747 2676; x_wconf 88' lang='lat' dir='ltr'><strong>ma-</strong></span> 
     </span>
    </p>
   </div>
   <div class='ocr_carea' id='block_1_54' title="bbox 2105 2704 3745 2789">
    <p class='ocr_par' dir='ltr' id='par_1_54' title="bbox 2105 2704 3745 2789">
     <span class='ocr_line' id='line_1_54' title="bbox 2105 2704 3745 2789; baseline -0.004 -19"><span class='ocrx_word' id='word_1_352' title='bbox 2105 2710 2310 2789; x_wconf 85' lang='lat' dir='ltr'><strong>gisque</strong></span> <span class='ocrx_word' id='word_1_353' title='bbox 2340 2709 2632 2769; x_wconf 64' lang='lat' dir='ltr'><strong>elexatur.</strong></span> <span class='ocrx_word' id='word_1_354' title='bbox 2666 2708 3086 2787; x_wconf 72' lang='lat' dir='ltr'><strong>lteprebensus</strong></span> <span class='ocrx_word' id='word_1_355' title='bbox 3116 2706 3299 2781; x_wconf 90' lang='lat' dir='ltr'><strong>enim,</strong></span> <span class='ocrx_word' id='word_1_356' title='bbox 3353 2714 3451 2767; x_wconf 85' lang='lat' dir='ltr'><strong>aut</strong></span> <span class='ocrx_word' id='word_1_357' title='bbox 3479 2704 3745 2767; x_wconf 88' lang='lat' dir='ltr'><strong>admoni-</strong></span> 
     </span>
    </p>
   </div>
   <div class='ocr_carea' id='block_1_55' title="bbox 372 2793 2015 2875">
    <p class='ocr_par' dir='ltr' id='par_1_55' title="bbox 372 2793 2015 2875">
     <span class='ocr_line' id='line_1_55' title="bbox 372 2793 2015 2875; baseline -0.002 -23"><span class='ocrx_word' id='word_1_358' title='bbox 372 2795 768 2875; x_wconf 73' lang='grc' dir='ltr'>Ἐλεγχόμενος</span> <span class='ocrx_word' id='word_1_359' title='bbox 829 2796 953 2874; x_wconf 78' lang='grc' dir='ltr'>γὰρ,</span> <span class='ocrx_word' id='word_1_360' title='bbox 1013 2795 1049 2862; x_wconf 77' lang='grc' dir='ltr'><strong>ἢ</strong></span> <span class='ocrx_word' id='word_1_361' title='bbox 1103 2796 1192 2852; x_wconf 86' lang='grc' dir='ltr'><strong>καὶ</strong></span> <span class='ocrx_word' id='word_1_362' title='bbox 1277 2798 1702 2873; x_wconf 73' lang='grc' dir='ltr'>νουθετούμενος,</span> <span class='ocrx_word' id='word_1_363' title='bbox 1761 2793 2015 2872; x_wconf 76' lang='grc' dir='ltr'>ἀντιλέγει</span> 
     </span>
    </p>
   </div>
   <div class='ocr_carea' id='block_1_56' title="bbox 2114 2793 3746 2875">
    <p class='ocr_par' dir='ltr' id='par_1_56' title="bbox 2114 2793 3746 2875">
     <span class='ocr_line' id='line_1_56' title="bbox 2114 2793 3746 2875; baseline -0.002 -18"><span class='ocrx_word' id='word_1_364' title='bbox 2114 2805 2224 2872; x_wconf 90' lang='lat' dir='ltr'><strong>tus,</strong></span> <span class='ocrx_word' id='word_1_365' title='bbox 2260 2797 2645 2856; x_wconf 83' lang='lat' dir='ltr'><strong>vehementer</strong></span> <span class='ocrx_word' id='word_1_366' title='bbox 2673 2796 3044 2857; x_wconf 85' lang='lat' dir='ltr'><strong>contradicit.</strong></span> <span class='ocrx_word' id='word_1_367' title='bbox 3069 2793 3363 2858; x_wconf 85' lang='lat' dir='ltr'><strong>Laudatus</strong></span> <span class='ocrx_word' id='word_1_368' title='bbox 3392 2803 3611 2875; x_wconf 87' lang='lat' dir='ltr'><strong>autem,</strong></span> <span class='ocrx_word' id='word_1_369' title='bbox 3642 2802 3746 2856; x_wconf 87' lang='lat' dir='ltr'><strong>aut</strong></span> 
     </span>
    </p>
   </div>
   <div class='ocr_carea' id='block_1_57' title="bbox 371 2881 2015 2966">
    <p class='ocr_par' dir='ltr' id='par_1_57' title="bbox 371 2881 2015 2964">
     <span class='ocr_line' id='line_1_57' title="bbox 371 2881 2015 2964; baseline 0 -25"><span class='ocrx_word' id='word_1_370' title='bbox 371 2882 604 2964; x_wconf 78' lang='grc' dir='ltr'>σφοδρῶς</span> <span class='ocrx_word' id='word_1_371' title='bbox 638 2899 652 2913; x_wconf 80' lang='grc'><strong>⁸</strong></span> <span class='ocrx_word' id='word_1_372' title='bbox 718 2884 1090 2959; x_wconf 81' lang='grc' dir='ltr'>ἐπαινούμενος</span> <span class='ocrx_word' id='word_1_373' title='bbox 1148 2881 1226 2963; x_wconf 75' lang='grc' dir='ltr'>δὲ,</span> <span class='ocrx_word' id='word_1_374' title='bbox 1288 2885 1328 2950; x_wconf 62' lang='grc' dir='ltr'>ἦ</span> <span class='ocrx_word' id='word_1_375' title='bbox 1400 2887 1486 2941; x_wconf 89' lang='grc' dir='ltr'><strong>καὶ</strong></span> <span class='ocrx_word' id='word_1_376' title='bbox 1562 2883 2015 2964; x_wconf 70' lang='grc' dir='ltr'>παρακαλούμενος</span> 
     </span>
    </p>
   </div>
   <div class='ocr_carea' id='block_1_58' title="bbox 2114 2881 3028 2966">
    <p class='ocr_par' dir='ltr' id='par_1_58' title="bbox 2114 2883 3028 2966">
     <span class='ocr_line' id='line_1_58' title="bbox 2114 2883 3028 2966; baseline 0 -18"><span class='ocrx_word' id='word_1_377' title='bbox 2114 2894 2369 2966; x_wconf 82' lang='lat' dir='ltr'><strong>rogatus,</strong></span> <span class='ocrx_word' id='word_1_378' title='bbox 2403 2883 2646 2965; x_wconf 89' lang='lat' dir='ltr'><strong>spiritus</strong></span> <span class='ocrx_word' id='word_1_379' title='bbox 2671 2885 2827 2947; x_wconf 86' lang='lat' dir='ltr'><strong>male</strong></span> <span class='ocrx_word' id='word_1_380' title='bbox 2857 2884 3028 2948; x_wconf 89' lang='lat' dir='ltr'><strong>tollit.</strong></span> 
     </span>
    </p>
   </div>
   <div class='ocr_carea' id='block_1_59' title="bbox 373 2972 893 3047">
    <p class='ocr_par' dir='ltr' id='par_1_59' title="bbox 373 2972 893 3047">
     <span class='ocr_line' id='line_1_59' title="bbox 373 2972 893 3047; baseline 0 -19"><span class='ocrx_word' id='word_1_381' title='bbox 373 2972 661 3047; x_wconf 79' lang='grc' dir='ltr'>ἀνυψοῦται</span> <span class='ocrx_word' id='word_1_382' title='bbox 689 2978 893 3036; x_wconf 75' lang='grc' dir='ltr'>κακῶς.</span> 
     </span>
    </p>
   </div>
   <div class='ocr_carea' id='block_1_60' title="bbox 454 3041 2019 3141">
    <p class='ocr_par' dir='ltr' id='par_1_60' title="bbox 454 3041 2019 3141">
     <span class='ocr_line' id='line_1_60' title="bbox 454 3041 2019 3141; baseline -0.001 -24"><span class='ocrx_word' id='word_1_383' title='bbox 454 3041 557 3124; x_wconf 76' lang='grc' dir='ltr'>κθ’.</span> <span class='ocrx_word' id='word_1_384' title='bbox 630 3041 947 3139; x_wconf 51' lang='grc' dir='ltr'>νΑνδρωπως</span> <span class='ocrx_word' id='word_1_385' title='bbox 1033 3060 1415 3138; x_wconf 86' lang='grc' dir='ltr'>μεμελετηκὼς</span> <span class='ocrx_word' id='word_1_386' title='bbox 1500 3060 1815 3141; x_wconf 74' lang='grc' dir='ltr'>ἀντιλέγειν,</span> <span class='ocrx_word' id='word_1_387' title='bbox 1902 3064 2019 3117; x_wconf 80' lang='grc' dir='ltr'>ἐαυ-</span> 
     </span>
    </p>
   </div>
   <div class='ocr_carea' id='block_1_61' title="bbox 374 3149 2019 3231">
    <p class='ocr_par' dir='ltr' id='par_1_61' title="bbox 374 3149 2019 3231">
     <span class='ocr_line' id='line_1_61' title="bbox 374 3149 2019 3231; baseline -0.001 -24"><span class='ocrx_word' id='word_1_388' title='bbox 374 3158 453 3226; x_wconf 82' lang='grc' dir='ltr'>τῷ</span> <span class='ocrx_word' id='word_1_389' title='bbox 509 3149 754 3226; x_wconf 87' lang='grc' dir='ltr'>δίστομός</span> <span class='ocrx_word' id='word_1_390' title='bbox 798 3149 907 3205; x_wconf 84' lang='grc' dir='ltr'>ἐστι</span> <span class='ocrx_word' id='word_1_391' title='bbox 951 3150 1216 3231; x_wconf 78' lang='grc' dir='ltr'>μάχαιρα,</span> <span class='ocrx_word' id='word_1_392' title='bbox 1290 3150 1515 3229; x_wconf 71' lang='grc' dir='ltr'>ἀναιρῶν</span> <span class='ocrx_word' id='word_1_393' title='bbox 1569 3150 1854 3229; x_wconf 89' lang='grc' dir='ltr'>ἀγνώστως</span> <span class='ocrx_word' id='word_1_394' title='bbox 1918 3151 2019 3218; x_wconf 78' lang='grc' dir='ltr'>τὴν</span> 
     </span>
    </p>
   </div>
   <div class='ocr_carea' id='block_1_62' title="bbox 371 3237 2020 3320">
    <p class='ocr_par' dir='ltr' id='par_1_62' title="bbox 371 3237 2020 3320">
     <span class='ocr_line' id='line_1_62' title="bbox 371 3237 2020 3320; baseline -0.001 -25"><span class='ocrx_word' id='word_1_395' title='bbox 371 3237 501 3296; x_wconf 80' lang='grc' dir='ltr'>ἰδίαν</span> <span class='ocrx_word' id='word_1_396' title='bbox 532 3239 740 3320; x_wconf 77' lang='grc' dir='ltr'>ψυχὴν,</span> <span class='ocrx_word' id='word_1_397' title='bbox 796 3240 884 3294; x_wconf 84' lang='grc' dir='ltr'>καὶ</span> <span class='ocrx_word' id='word_1_398' title='bbox 939 3244 1035 3306; x_wconf 77' lang='grc' dir='ltr'>τῆς</span> <span class='ocrx_word' id='word_1_399' title='bbox 1090 3240 1301 3296; x_wconf 76' lang='grc' dir='ltr'>αἰωνίου</span> <span class='ocrx_word' id='word_1_400' title='bbox 1359 3245 1502 3311; x_wconf 78' lang='grc' dir='ltr'>ζωῆς</span> <span class='ocrx_word' id='word_1_401' title='bbox 1533 3238 1810 3320; x_wconf 87' lang='grc' dir='ltr'>ἀλλότριον</span> <span class='ocrx_word' id='word_1_402' title='bbox 1855 3240 2020 3306; x_wconf 76' lang='grc' dir='ltr'>αὑτὴν</span> 
     </span>
    </p>
   </div>
   <div class='ocr_carea' id='block_1_63' title="bbox 374 3330 734 3410">
    <p class='ocr_par' dir='ltr' id='par_1_63' title="bbox 374 3330 734 3410">
     <span class='ocr_line' id='line_1_63' title="bbox 374 3330 734 3410; baseline 0 -23"><span class='ocrx_word' id='word_1_403' title='bbox 374 3330 734 3410; x_wconf 78' lang='grc' dir='ltr'>ἐργαζόκενος.</span> 
     </span>
    </p>
   </div>
   <div class='ocr_carea' id='block_1_64' title="bbox 452 3409 2018 3494">
    <p class='ocr_par' dir='ltr' id='par_1_64' title="bbox 452 3409 2018 3494">
     <span class='ocr_line' id='line_1_64' title="bbox 452 3409 2018 3494; baseline 0.001 -19"><span class='ocrx_word' id='word_1_404' title='bbox 452 3409 526 3478; x_wconf 70' lang='grc' dir='ltr'><strong>λ’.</strong></span> <span class='ocrx_word' id='word_1_405' title='bbox 577 3410 634 3477; x_wconf 43' lang='grc' dir='ltr'><strong>(Ο</strong></span> <span class='ocrx_word' id='word_1_406' title='bbox 663 3417 976 3492; x_wconf 77' lang='grc' dir='ltr'>ἀντιλέγων,</span> <span class='ocrx_word' id='word_1_407' title='bbox 1011 3418 1194 3494; x_wconf 74' lang='grc' dir='ltr'>ὅμοιός</span> <span class='ocrx_word' id='word_1_408' title='bbox 1224 3418 1333 3476; x_wconf 82' lang='grc' dir='ltr'>ἐστι</span> <span class='ocrx_word' id='word_1_409' title='bbox 1390 3427 1468 3494; x_wconf 80' lang='grc' dir='ltr'>τῷ</span> <span class='ocrx_word' id='word_1_410' title='bbox 1517 3421 1767 3484; x_wconf 73' lang='grc' dir='ltr'>ἑκουσίως</span> <span class='ocrx_word' id='word_1_411' title='bbox 1809 3417 2018 3477; x_wconf 72' lang='grc' dir='ltr'>ἔκδοτον</span> 
     </span>
    </p>
   </div>
   <div class='ocr_carea' id='block_1_65' title="bbox 372 3506 2020 3589">
    <p class='ocr_par' dir='ltr' id='par_1_65' title="bbox 372 3506 2020 3589">
     <span class='ocr_line' id='line_1_65' title="bbox 372 3506 2020 3589; baseline -0.001 -25"><span class='ocrx_word' id='word_1_412' title='bbox 372 3509 556 3567; x_wconf 77' lang='grc' dir='ltr'>ἑαυτὸν</span> <span class='ocrx_word' id='word_1_413' title='bbox 613 3517 847 3567; x_wconf 80' lang='grc' dir='ltr'>ποιοῦντι</span> <span class='ocrx_word' id='word_1_414' title='bbox 902 3519 1020 3571; x_wconf 79' lang='grc' dir='ltr'>τοῖς</span> <span class='ocrx_word' id='word_1_415' title='bbox 1075 3508 1402 3572; x_wconf 81' lang='grc' dir='ltr'>ὑπεναντίοις</span> <span class='ocrx_word' id='word_1_416' title='bbox 1453 3515 1547 3566; x_wconf 81' lang='grc' dir='ltr'><strong>τοῦ</strong></span> <span class='ocrx_word' id='word_1_417' title='bbox 1611 3506 1869 3585; x_wconf 84' lang='grc' dir='ltr'>βασιλέως</span> <span class='ocrx_word' id='word_1_418' title='bbox 1925 3509 2020 3589; x_wconf 80' lang='grc' dir='ltr'><strong>έχ-</strong></span> 
     </span>
    </p>
   </div>
   <div class='ocr_carea' id='block_1_66' title="bbox 2179 3058 3735 3136">
    <p class='ocr_par' dir='ltr' id='par_1_66' title="bbox 2179 3058 3735 3136">
     <span class='ocr_line' id='line_1_66' title="bbox 2179 3058 3735 3136; baseline -0.003 -13"><span class='ocrx_word' id='word_1_419' title='bbox 2179 3062 2278 3125; x_wconf 73' lang='lat'><strong>29.</strong></span> <span class='ocrx_word' id='word_1_420' title='bbox 2315 3061 2504 3124; x_wconf 88' lang='lat' dir='ltr'><strong>Homo</strong></span> <span class='ocrx_word' id='word_1_421' title='bbox 2526 3061 2582 3122; x_wconf 89' lang='lat' dir='ltr'><strong>in</strong></span> <span class='ocrx_word' id='word_1_422' title='bbox 2607 3061 3069 3124; x_wconf 87' lang='lat' dir='ltr'><strong>contradicendo</strong></span> <span class='ocrx_word' id='word_1_423' title='bbox 3097 3061 3466 3136; x_wconf 82' lang='lat' dir='ltr'><strong>exercitatus,</strong></span> <span class='ocrx_word' id='word_1_424' title='bbox 3500 3058 3735 3120; x_wconf 86' lang='lat' dir='ltr'><strong>sibimet</strong></span> 
     </span>
    </p>
   </div>
   <div class='ocr_carea' id='block_1_67' title="bbox 2101 3147 3710 3233">
    <p class='ocr_par' dir='ltr' id='par_1_67' title="bbox 2101 3147 3710 3233">
     <span class='ocr_line' id='line_1_67' title="bbox 2101 3147 3710 3233; baseline -0.002 -20"><span class='ocrx_word' id='word_1_425' title='bbox 2101 3170 2322 3233; x_wconf 91' lang='lat' dir='ltr'><strong>anceps</strong></span> <span class='ocrx_word' id='word_1_426' title='bbox 2349 3150 2578 3229; x_wconf 82' lang='lat' dir='ltr'><strong>gladius</strong></span> <span class='ocrx_word' id='word_1_427' title='bbox 2631 3160 2739 3227; x_wconf 91' lang='lat' dir='ltr'><strong>est,</strong></span> <span class='ocrx_word' id='word_1_428' title='bbox 2775 3151 3102 3215; x_wconf 89' lang='lat' dir='ltr'><strong>inscienter</strong></span> <span class='ocrx_word' id='word_1_429' title='bbox 3156 3154 3406 3214; x_wconf 91' lang='lat' dir='ltr'><strong>animam</strong></span> <span class='ocrx_word' id='word_1_430' title='bbox 3456 3167 3620 3212; x_wconf 90' lang='lat' dir='ltr'><strong>suam</strong></span> <span class='ocrx_word' id='word_1_431' title='bbox 3647 3147 3710 3209; x_wconf 91' lang='lat' dir='ltr'><strong>in</strong></span> 
     </span>
    </p>
   </div>
   <div class='ocr_carea' id='block_1_68' title="bbox 2100 3239 3557 3315">
    <p class='ocr_par' dir='ltr' id='par_1_68' title="bbox 2100 3239 3557 3315">
     <span class='ocr_line' id='line_1_68' title="bbox 2100 3239 3557 3315; baseline -0.001 -14"><span class='ocrx_word' id='word_1_432' title='bbox 2100 3240 2426 3315; x_wconf 83' lang='lat' dir='ltr'><strong>terﬁciens,</strong></span> <span class='ocrx_word' id='word_1_433' title='bbox 2458 3248 2516 3302; x_wconf 87' lang='lat' dir='ltr'><strong>et</strong></span> <span class='ocrx_word' id='word_1_434' title='bbox 2542 3258 2575 3301; x_wconf 89' lang='lat' dir='ltr'><strong>a</strong></span> <span class='ocrx_word' id='word_1_435' title='bbox 2603 3241 2718 3302; x_wconf 90' lang='lat' dir='ltr'><strong>vita</strong></span> <span class='ocrx_word' id='word_1_436' title='bbox 2749 3250 2969 3303; x_wconf 63' lang='lat' dir='ltr'><strong>aeterna</strong></span> <span class='ocrx_word' id='word_1_437' title='bbox 2997 3242 3249 3305; x_wconf 88' lang='lat' dir='ltr'><strong>alienam</strong></span> <span class='ocrx_word' id='word_1_438' title='bbox 3274 3239 3557 3303; x_wconf 83' lang='lat' dir='ltr'><strong>efﬁciens.</strong></span> 
     </span>
    </p>
   </div>
   <div class='ocr_carea' id='block_1_69' title="bbox 2182 3414 3744 3499">
    <p class='ocr_par' dir='ltr' id='par_1_69' title="bbox 2182 3414 3744 3499">
     <span class='ocr_line' id='line_1_69' title="bbox 2182 3414 3744 3499; baseline -0.003 -20"><span class='ocrx_word' id='word_1_439' title='bbox 2182 3419 2281 3481; x_wconf 89' lang='lat'><strong>30.</strong></span> <span class='ocrx_word' id='word_1_440' title='bbox 2314 3416 2426 3490; x_wconf 87' lang='lat' dir='ltr'><strong>Qui</strong></span> <span class='ocrx_word' id='word_1_441' title='bbox 2453 3419 2821 3494; x_wconf 87' lang='lat' dir='ltr'><strong>contradicit,</strong></span> <span class='ocrx_word' id='word_1_442' title='bbox 2855 3418 3066 3481; x_wconf 89' lang='lat' dir='ltr'><strong>similis</strong></span> <span class='ocrx_word' id='word_1_443' title='bbox 3098 3419 3183 3481; x_wconf 91' lang='lat' dir='ltr'><strong>illi</strong></span> <span class='ocrx_word' id='word_1_444' title='bbox 3216 3430 3330 3493; x_wconf 85' lang='lat' dir='ltr'><strong>est,</strong></span> <span class='ocrx_word' id='word_1_445' title='bbox 3364 3417 3464 3499; x_wconf 89' lang='lat' dir='ltr'><strong>qui</strong></span> <span class='ocrx_word' id='word_1_446' title='bbox 3497 3435 3560 3479; x_wconf 91' lang='lat' dir='ltr'><strong>se</strong></span> <span class='ocrx_word' id='word_1_447' title='bbox 3589 3414 3744 3495; x_wconf 87' lang='lat' dir='ltr'><strong>regis</strong></span> 
     </span>
    </p>
   </div>
   <div class='ocr_carea' id='block_1_70' title="bbox 2103 3504 3742 3590">
    <p class='ocr_par' dir='ltr' id='par_1_70' title="bbox 2103 3504 3742 3590">
     <span class='ocr_line' id='line_1_70' title="bbox 2103 3504 3742 3590; baseline 0.001 -23"><span class='ocrx_word' id='word_1_448' title='bbox 2103 3504 2383 3587; x_wconf 86' lang='lat' dir='ltr'><strong>inimicis,</strong></span> <span class='ocrx_word' id='word_1_449' title='bbox 2419 3514 2477 3568; x_wconf 90' lang='lat' dir='ltr'><strong>et</strong></span> <span class='ocrx_word' id='word_1_450' title='bbox 2507 3506 2862 3570; x_wconf 88' lang='lat' dir='ltr'><strong>adversariis</strong></span> <span class='ocrx_word' id='word_1_451' title='bbox 2891 3516 3103 3590; x_wconf 80' lang='lat' dir='ltr'><strong>spOnte</strong></span> <span class='ocrx_word' id='word_1_452' title='bbox 3149 3508 3211 3569; x_wconf 91' lang='lat' dir='ltr'><strong>in</strong></span> <span class='ocrx_word' id='word_1_453' title='bbox 3259 3514 3602 3570; x_wconf 56' lang='lat' dir='ltr'><strong>servitutem</strong></span> <span class='ocrx_word' id='word_1_454' title='bbox 3634 3506 3742 3568; x_wconf 85' lang='lat' dir='ltr'><strong>ad-</strong></span> 
     </span>
    </p>
   </div>
   <div class='ocr_carea' id='block_1_71' title="bbox 371 3593 2015 3677">
    <p class='ocr_par' dir='ltr' id='par_1_71' title="bbox 371 3593 2015 3677">
     <span class='ocr_line' id='line_1_71' title="bbox 371 3593 2015 3677; baseline -0.001 -24"><span class='ocrx_word' id='word_1_455' title='bbox 371 3599 519 3676; x_wconf 78' lang='grc' dir='ltr'><strong>θροῖς</strong></span> <span class='ocrx_word' id='word_1_456' title='bbox 552 3615 567 3630; x_wconf 78' lang='grc'><strong><em>⁸</em></strong></span> <span class='ocrx_word' id='word_1_457' title='bbox 600 3598 635 3664; x_wconf 81' lang='grc' dir='ltr'>ἡ</span> <span class='ocrx_word' id='word_1_458' title='bbox 681 3596 780 3676; x_wconf 78' lang='grc' dir='ltr'><strong>γὰρ</strong></span> <span class='ocrx_word' id='word_1_459' title='bbox 836 3594 1109 3674; x_wconf 80' lang='grc' dir='ltr'>ἀντιλογία</span> <span class='ocrx_word' id='word_1_460' title='bbox 1171 3597 1424 3675; x_wconf 79' lang='grc' dir='ltr'>ἁρπάγιόν</span> <span class='ocrx_word' id='word_1_461' title='bbox 1495 3596 1630 3670; x_wconf 82' lang='grc' dir='ltr'>ἐστι,</span> <span class='ocrx_word' id='word_1_462' title='bbox 1681 3593 1865 3675; x_wconf 84' lang='grc' dir='ltr'>δέλεαρ</span> <span class='ocrx_word' id='word_1_463' title='bbox 1894 3595 2015 3677; x_wconf 65' lang='grc' dir='ltr'>’έχον</span> 
     </span>
    </p>
   </div>
   <div class='ocr_carea' id='block_1_72' title="bbox 2114 3593 3748 3677">
    <p class='ocr_par' dir='ltr' id='par_1_72' title="bbox 2114 3593 3748 3677">
     <span class='ocr_line' id='line_1_72' title="bbox 2114 3593 3748 3677; baseline -0.001 -21"><span class='ocrx_word' id='word_1_464' title='bbox 2114 3594 2272 3657; x_wconf 89' lang='lat' dir='ltr'><strong>dicit.</strong></span> <span class='ocrx_word' id='word_1_465' title='bbox 2303 3595 2707 3659; x_wconf 87' lang='lat' dir='ltr'><strong>Contradictio</strong></span> <span class='ocrx_word' id='word_1_466' title='bbox 2765 3597 2926 3659; x_wconf 91' lang='lat' dir='ltr'><strong>enim</strong></span> <span class='ocrx_word' id='word_1_467' title='bbox 2960 3615 3096 3660; x_wconf 80' lang='lat' dir='ltr'><strong>esca</strong></span> <span class='ocrx_word' id='word_1_468' title='bbox 3142 3604 3228 3659; x_wconf 67' lang='lat' dir='ltr'><strong>e~t</strong></span> <span class='ocrx_word' id='word_1_469' title='bbox 3269 3615 3473 3677; x_wconf 82' lang='lat' dir='ltr'><strong>rapax,</strong></span> <span class='ocrx_word' id='word_1_470' title='bbox 3521 3593 3748 3657; x_wconf 87' lang='lat' dir='ltr'><strong>habens</strong></span> 
     </span>
    </p>
   </div>
   <div class='ocr_carea' id='block_1_73' title="bbox 372 3683 2015 3768">
    <p class='ocr_par' dir='ltr' id='par_1_73' title="bbox 372 3683 2015 3766">
     <span class='ocr_line' id='line_1_73' title="bbox 372 3683 2015 3766; baseline 0 -23"><span class='ocrx_word' id='word_1_471' title='bbox 372 3686 470 3755; x_wconf 82' lang='grc' dir='ltr'><strong>τὴν</strong></span> <span class='ocrx_word' id='word_1_472' title='bbox 525 3684 906 3764; x_wconf 83' lang='grc' dir='ltr'>δικαιολογίαν.</span> <span class='ocrx_word' id='word_1_473' title='bbox 968 3683 1047 3741; x_wconf 83' lang='grc' dir='ltr'>Δι’</span> <span class='ocrx_word' id='word_1_474' title='bbox 1091 3686 1159 3753; x_wconf 73' lang='grc' dir='ltr'><strong>ἧς</strong></span> <span class='ocrx_word' id='word_1_475' title='bbox 1203 3686 1571 3763; x_wconf 84' lang='grc' dir='ltr'>ἀπατώμενοι,</span> <span class='ocrx_word' id='word_1_476' title='bbox 1629 3687 1688 3742; x_wconf 83' lang='grc' dir='ltr'>τὸ</span> <span class='ocrx_word' id='word_1_477' title='bbox 1746 3685 2015 3766; x_wconf 60' lang='grc' dir='ltr'>ἄγκιστρον</span> 
     </span>
    </p>
   </div>
   <div class='ocr_carea' id='block_1_74' title="bbox 2114 3683 3743 3768">
    <p class='ocr_par' dir='ltr' id='par_1_74' title="bbox 2114 3684 3743 3768">
     <span class='ocr_line' id='line_1_74' title="bbox 2114 3684 3743 3768; baseline -0.001 -23"><span class='ocrx_word' id='word_1_478' title='bbox 2114 3684 2404 3764; x_wconf 86' lang='lat' dir='ltr'><strong>quandam</strong></span> <span class='ocrx_word' id='word_1_479' title='bbox 2436 3702 2633 3747; x_wconf 64' lang='lat' dir='ltr'><strong>causa:</strong></span> <span class='ocrx_word' id='word_1_480' title='bbox 2681 3704 2805 3747; x_wconf 73' lang='lat' dir='ltr'><strong>suae</strong></span> <span class='ocrx_word' id='word_1_481' title='bbox 2851 3685 3284 3762; x_wconf 90' lang='lat' dir='ltr'><strong>defensienem,</strong></span> <span class='ocrx_word' id='word_1_482' title='bbox 3340 3705 3452 3768; x_wconf 84' lang='lat' dir='ltr'><strong>qua</strong></span> <span class='ocrx_word' id='word_1_483' title='bbox 3484 3684 3743 3765; x_wconf 85' lang='lat' dir='ltr'><strong>decepti,</strong></span> 
     </span>
    </p>
   </div>
   <div class='ocr_carea' id='block_1_75' title="bbox 373 3772 2015 3859">
    <p class='ocr_par' dir='ltr' id='par_1_75' title="bbox 373 3772 2015 3854">
     <span class='ocr_line' id='line_1_75' title="bbox 373 3772 2015 3854; baseline -0.001 -23"><span class='ocrx_word' id='word_1_484' title='bbox 373 3776 726 3850; x_wconf 79' lang='grc' dir='ltr'>καταπίνομεν</span> <span class='ocrx_word' id='word_1_485' title='bbox 783 3773 879 3842; x_wconf 76' lang='grc' dir='ltr'><strong>τῆς</strong></span> <span class='ocrx_word' id='word_1_486' title='bbox 924 3774 1181 3854; x_wconf 83' lang='grc' dir='ltr'>ἁμαρτίας</span> <span class='ocrx_word' id='word_1_487' title='bbox 1217 3794 1231 3809; x_wconf 78' lang='grc'><strong><em>⁸</em></strong></span> <span class='ocrx_word' id='word_1_488' title='bbox 1290 3772 1374 3854; x_wconf 75' lang='grc' dir='ltr'>ὑφ’</span> <span class='ocrx_word' id='word_1_489' title='bbox 1440 3777 1499 3831; x_wconf 78' lang='grc' dir='ltr'>οὗ</span> <span class='ocrx_word' id='word_1_490' title='bbox 1553 3776 1641 3830; x_wconf 86' lang='grc' dir='ltr'>καὶ</span> <span class='ocrx_word' id='word_1_491' title='bbox 1708 3774 2015 3852; x_wconf 75' lang='grc' dir='ltr'>ἁρπάζεσθαι</span> 
     </span>
    </p>
   </div>
   <div class='ocr_carea' id='block_1_76' title="bbox 2114 3772 3747 3859">
    <p class='ocr_par' dir='ltr' id='par_1_76' title="bbox 2114 3777 3747 3859">
     <span class='ocr_line' id='line_1_76' title="bbox 2114 3777 3747 3859; baseline 0.001 -22"><span class='ocrx_word' id='word_1_492' title='bbox 2114 3777 2345 3838; x_wconf 90' lang='lat' dir='ltr'><strong>hamum</strong></span> <span class='ocrx_word' id='word_1_493' title='bbox 2380 3784 2759 3856; x_wconf 86' lang='lat' dir='ltr'><strong>peccatorum</strong></span> <span class='ocrx_word' id='word_1_494' title='bbox 2791 3777 3163 3855; x_wconf 86' lang='lat' dir='ltr'><strong>devoramus,</strong></span> <span class='ocrx_word' id='word_1_495' title='bbox 3209 3796 3243 3841; x_wconf 89' lang='lat' dir='ltr'><strong>a</strong></span> <span class='ocrx_word' id='word_1_496' title='bbox 3291 3797 3407 3859; x_wconf 90' lang='lat' dir='ltr'><strong>quo</strong></span> <span class='ocrx_word' id='word_1_497' title='bbox 3442 3785 3500 3838; x_wconf 91' lang='lat' dir='ltr'><strong>et</strong></span> <span class='ocrx_word' id='word_1_498' title='bbox 3530 3777 3747 3838; x_wconf 86' lang='lat' dir='ltr'><strong>misera</strong></span> 
     </span>
    </p>
   </div>
   <div class='ocr_carea' id='block_1_77' title="bbox 373 3860 2015 3947">
    <p class='ocr_par' dir='ltr' id='par_1_77' title="bbox 373 3860 2015 3943">
     <span class='ocr_line' id='line_1_77' title="bbox 373 3860 2015 3943; baseline -0.002 -23"><span class='ocrx_word' id='word_1_499' title='bbox 373 3862 561 3920; x_wconf 62' lang='grc' dir='ltr'>εῗωθεν</span> <span class='ocrx_word' id='word_1_500' title='bbox 602 3865 638 3931; x_wconf 73' lang='grc' dir='ltr'>ἡ</span> <span class='ocrx_word' id='word_1_501' title='bbox 669 3861 819 3919; x_wconf 86' lang='grc' dir='ltr'>ἀθλία</span> <span class='ocrx_word' id='word_1_502' title='bbox 850 3863 1029 3943; x_wconf 77' lang='grc' dir='ltr'>ψυχὴ,</span> <span class='ocrx_word' id='word_1_503' title='bbox 1075 3862 1181 3919; x_wconf 83' lang='grc' dir='ltr'>ἀπὸ</span> <span class='ocrx_word' id='word_1_504' title='bbox 1227 3868 1325 3932; x_wconf 77' lang='grc' dir='ltr'>τῆς</span> <span class='ocrx_word' id='word_1_505' title='bbox 1376 3860 1621 3941; x_wconf 80' lang='grc' dir='ltr'>γλώττης</span> <span class='ocrx_word' id='word_1_506' title='bbox 1663 3864 1751 3919; x_wconf 86' lang='grc' dir='ltr'><strong>καὶ</strong></span> <span class='ocrx_word' id='word_1_507' title='bbox 1780 3869 1872 3918; x_wconf 81' lang='grc' dir='ltr'>τοῦ</span> <span class='ocrx_word' id='word_1_508' title='bbox 1898 3860 2015 3919; x_wconf 91' lang='grc' dir='ltr'>λαι-</span> 
     </span>
    </p>
   </div>
   <div class='ocr_carea' id='block_1_78' title="bbox 2114 3860 3746 3947">
    <p class='ocr_par' dir='ltr' id='par_1_78' title="bbox 2114 3864 3746 3947">
     <span class='ocr_line' id='line_1_78' title="bbox 2114 3864 3746 3947; baseline 0.001 -22"><span class='ocrx_word' id='word_1_509' title='bbox 2114 3865 2323 3940; x_wconf 87' lang='lat' dir='ltr'><strong>anima,</strong></span> <span class='ocrx_word' id='word_1_510' title='bbox 2358 3866 2524 3946; x_wconf 89' lang='lat' dir='ltr'><strong>quasi</strong></span> <span class='ocrx_word' id='word_1_511' title='bbox 2557 3884 2663 3945; x_wconf 92' lang='lat' dir='ltr'><strong>per</strong></span> <span class='ocrx_word' id='word_1_512' title='bbox 2718 3866 2981 3946; x_wconf 76' lang='lat' dir='ltr'><strong>linguam</strong></span> <span class='ocrx_word' id='word_1_513' title='bbox 3030 3875 3087 3929; x_wconf 91' lang='lat' dir='ltr'><strong>et</strong></span> <span class='ocrx_word' id='word_1_514' title='bbox 3128 3867 3321 3947; x_wconf 82' lang='lat' dir='ltr'><strong>gulam</strong></span> <span class='ocrx_word' id='word_1_515' title='bbox 3373 3884 3408 3926; x_wconf 89' lang='lat' dir='ltr'><strong>a</strong></span> <span class='ocrx_word' id='word_1_516' title='bbox 3438 3864 3746 3946; x_wconf 86' lang='lat' dir='ltr'><strong>spiritibus</strong></span> 
     </span>
    </p>
   </div>
   <div class='ocr_carea' id='block_1_79' title="bbox 373 3951 2015 4035">
    <p class='ocr_par' dir='ltr' id='par_1_79' title="bbox 373 3951 2015 4031">
     <span class='ocr_line' id='line_1_79' title="bbox 373 3951 2015 4031; baseline 0 -24"><span class='ocrx_word' id='word_1_517' title='bbox 373 3961 475 4027; x_wconf 76' lang='grc' dir='ltr'>μοῦ</span> <span class='ocrx_word' id='word_1_518' title='bbox 525 3953 626 4008; x_wconf 84' lang='grc' dir='ltr'><strong>ὑπὸ</strong></span> <span class='ocrx_word' id='word_1_519' title='bbox 680 3958 784 4008; x_wconf 82' lang='grc' dir='ltr'>τῶν</span> <span class='ocrx_word' id='word_1_520' title='bbox 835 3951 1148 4027; x_wconf 83' lang='grc' dir='ltr'>πνευμάτων</span> <span class='ocrx_word' id='word_1_521' title='bbox 1203 3956 1304 4019; x_wconf 79' lang='grc' dir='ltr'>τῆς</span> <span class='ocrx_word' id='word_1_522' title='bbox 1377 3951 1633 4031; x_wconf 86' lang='grc' dir='ltr'>πονηρίας</span> <span class='ocrx_word' id='word_1_523' title='bbox 1669 3967 1682 3980; x_wconf 93' lang='grc'>·</span> <span class='ocrx_word' id='word_1_524' title='bbox 1744 3952 1833 4007; x_wconf 82' lang='grc' dir='ltr'>καὶ</span> <span class='ocrx_word' id='word_1_525' title='bbox 1889 3952 2015 4007; x_wconf 85' lang='grc' dir='ltr'>ποτὲ</span> 
     </span>
    </p>
   </div>
   <div class='ocr_carea' id='block_1_80' title="bbox 2114 3951 3743 4035">
    <p class='ocr_par' dir='ltr' id='par_1_80' title="bbox 2114 3953 3743 4035">
     <span class='ocr_line' id='line_1_80' title="bbox 2114 3953 3743 4035; baseline 0.001 -23"><span class='ocrx_word' id='word_1_526' title='bbox 2114 3953 2388 4034; x_wconf 72' lang='lat' dir='ltr'><strong>nequitiae</strong></span> <span class='ocrx_word' id='word_1_527' title='bbox 2417 3953 2544 4032; x_wconf 86' lang='lat' dir='ltr'><strong>rapi</strong></span> <span class='ocrx_word' id='word_1_528' title='bbox 2573 3955 2882 4017; x_wconf 85' lang='lat' dir='ltr'><strong>consuevit</strong></span> <span class='ocrx_word' id='word_1_529' title='bbox 2907 3975 2920 4019; x_wconf 88' lang='lat'>:</span> <span class='ocrx_word' id='word_1_530' title='bbox 2957 3964 3015 4017; x_wconf 91' lang='lat' dir='ltr'><strong>et</strong></span> <span class='ocrx_word' id='word_1_531' title='bbox 3042 3955 3360 4035; x_wconf 88' lang='lat' dir='ltr'><strong>aliquando</strong></span> <span class='ocrx_word' id='word_1_532' title='bbox 3389 3954 3453 4015; x_wconf 90' lang='lat' dir='ltr'><strong>in</strong></span> <span class='ocrx_word' id='word_1_533' title='bbox 3481 3953 3743 4015; x_wconf 85' lang='lat' dir='ltr'><strong>altitudi—</strong></span> 
     </span>
    </p>
   </div>
   <div class='ocr_carea' id='block_1_81' title="bbox 373 4038 2018 4121">
    <p class='ocr_par' dir='ltr' id='par_1_81' title="bbox 373 4038 2018 4121">
     <span class='ocr_line' id='line_1_81' title="bbox 373 4038 2018 4121; baseline 0 -26"><span class='ocrx_word' id='word_1_534' title='bbox 373 4041 470 4115; x_wconf 80' lang='grc' dir='ltr'>μὲν</span> <span class='ocrx_word' id='word_1_535' title='bbox 528 4042 597 4106; x_wconf 79' lang='grc' dir='ltr'>εἷς</span> <span class='ocrx_word' id='word_1_536' title='bbox 651 4038 783 4116; x_wconf 71' lang='grc' dir='ltr'>ὕψος</span> <span class='ocrx_word' id='word_1_537' title='bbox 826 4042 1182 4121; x_wconf 77' lang='grc' dir='ltr'>ὑπερηφανίας</span> <span class='ocrx_word' id='word_1_538' title='bbox 1239 4040 1520 4119; x_wconf 75' lang='grc' dir='ltr'>ἀνάγεσθαι</span> <span class='ocrx_word' id='word_1_539' title='bbox 1556 4057 1569 4072; x_wconf 81' lang='grc'><strong><em>⁸</em></strong></span> <span class='ocrx_word' id='word_1_540' title='bbox 1632 4039 1763 4096; x_wconf 79' lang='grc' dir='ltr'>ποτὲ</span> <span class='ocrx_word' id='word_1_541' title='bbox 1818 4038 1874 4095; x_wconf 80' lang='grc' dir='ltr'>δὲ</span> <span class='ocrx_word' id='word_1_542' title='bbox 1945 4041 2018 4103; x_wconf 87' lang='grc' dir='ltr'><strong>εἰς</strong></span> 
     </span>
    </p>
   </div>
   <div class='ocr_carea' id='block_1_82' title="bbox 372 4125 2019 4208">
    <p class='ocr_par' dir='ltr' id='par_1_82' title="bbox 372 4125 2019 4208">
     <span class='ocr_line' id='line_1_82' title="bbox 372 4125 2019 4208; baseline 0 -24"><span class='ocrx_word' id='word_1_543' title='bbox 372 4129 507 4208; x_wconf 83' lang='grc' dir='ltr'>χάος</span> <span class='ocrx_word' id='word_1_544' title='bbox 576 4125 800 4186; x_wconf 75' lang='grc' dir='ltr'>ἀϐύσσου</span> <span class='ocrx_word' id='word_1_545' title='bbox 854 4130 1110 4208; x_wconf 81' lang='grc' dir='ltr'>ἁμαρτίας</span> <span class='ocrx_word' id='word_1_546' title='bbox 1195 4126 1642 4204; x_wconf 75' lang='grc' dir='ltr'>καταϐνιθίζεσθαι,</span> <span class='ocrx_word' id='word_1_547' title='bbox 1725 4129 1813 4184; x_wconf 85' lang='grc' dir='ltr'><strong>καὶ</strong></span> <span class='ocrx_word' id='word_1_548' title='bbox 1884 4129 2019 4202; x_wconf 88' lang='grc' dir='ltr'><strong>μετά</strong></span> 
     </span>
    </p>
   </div>
   <div class='ocr_carea' id='block_1_83' title="bbox 370 4214 1730 4295">
    <p class='ocr_par' dir='ltr' id='par_1_83' title="bbox 370 4214 1730 4295">
     <span class='ocr_line' id='line_1_83' title="bbox 370 4214 1730 4295; baseline 0.002 -23"><span class='ocrx_word' id='word_1_549' title='bbox 370 4223 476 4272; x_wconf 83' lang='grc' dir='ltr'><strong>τῶν</strong></span> <span class='ocrx_word' id='word_1_550' title='bbox 506 4215 560 4295; x_wconf 70' lang='grc' dir='ltr'><strong>ἐξ</strong></span> <span class='ocrx_word' id='word_1_551' title='bbox 583 4218 799 4295; x_wconf 73' lang='grc' dir='ltr'>οὖρανοῦ</span> <span class='ocrx_word' id='word_1_552' title='bbox 826 4216 1248 4273; x_wconf 81' lang='grc' dir='ltr'>ἐκπεπτωκότων</span> <span class='ocrx_word' id='word_1_553' title='bbox 1274 4214 1730 4288; x_wconf 77' lang='grc' dir='ltr'>καταδικάζεσθαι.</span> 
     </span>
    </p>
   </div>
   <div class='ocr_carea' id='block_1_84' title="bbox 452 4294 2018 4384">
    <p class='ocr_par' dir='ltr' id='par_1_84' title="bbox 452 4294 2018 4384">
     <span class='ocr_line' id='line_1_84' title="bbox 452 4294 2018 4384; baseline -0.001 -24"><span class='ocrx_word' id='word_1_554' title='bbox 452 4294 561 4364; x_wconf 76' lang='grc' dir='ltr'>λα’.</span> <span class='ocrx_word' id='word_1_555' title='bbox 628 4294 684 4361; x_wconf 66' lang='grc' dir='ltr'>Ὀ</span> <span class='ocrx_word' id='word_1_556' title='bbox 728 4304 1112 4379; x_wconf 77' lang='grc' dir='ltr'>ἀτιμαζόμενος</span> <span class='ocrx_word' id='word_1_557' title='bbox 1170 4304 1205 4372; x_wconf 76' lang='grc' dir='ltr'>ἣ</span> <span class='ocrx_word' id='word_1_558' title='bbox 1254 4301 1611 4382; x_wconf 83' lang='grc' dir='ltr'>ὑϐριζόμενος,</span> <span class='ocrx_word' id='word_1_559' title='bbox 1686 4306 1773 4361; x_wconf 87' lang='grc' dir='ltr'><strong>καὶ</strong></span> <span class='ocrx_word' id='word_1_560' title='bbox 1824 4302 2018 4384; x_wconf 77' lang='grc' dir='ltr'>σφόδρα</span> 
     </span>
    </p>
   </div>
   <div class='ocr_carea' id='block_1_85' title="bbox 372 4390 2021 4472">
    <p class='ocr_par' dir='ltr' id='par_1_85' title="bbox 372 4390 2021 4472">
     <span class='ocr_line' id='line_1_85' title="bbox 372 4390 2021 4472; baseline 0.001 -23"><span class='ocrx_word' id='word_1_561' title='bbox 372 4392 552 4470; x_wconf 80' lang='grc' dir='ltr'>ἀλγῶν</span> <span class='ocrx_word' id='word_1_562' title='bbox 607 4394 707 4458; x_wconf 78' lang='grc' dir='ltr'>τὴν</span> <span class='ocrx_word' id='word_1_563' title='bbox 767 4390 1001 4472; x_wconf 83' lang='grc' dir='ltr'>καρδίαν,</span> <span class='ocrx_word' id='word_1_564' title='bbox 1068 4392 1373 4471; x_wconf 85' lang='grc' dir='ltr'>γινωσκέτω</span> <span class='ocrx_word' id='word_1_565' title='bbox 1427 4392 1487 4449; x_wconf 77' lang='grc' dir='ltr'>ἐκ</span> <span class='ocrx_word' id='word_1_566' title='bbox 1541 4393 1727 4449; x_wconf 66' lang='grc' dir='ltr'>τούτου</span> <span class='ocrx_word' id='word_1_567' title='bbox 1783 4391 1863 4449; x_wconf 82' lang='grc' dir='ltr'><strong>ὅτι</strong></span> <span class='ocrx_word' id='word_1_568' title='bbox 1919 4414 2021 4450; x_wconf 88' lang='grc' dir='ltr'>πα-</span> 
     </span>
    </p>
   </div>
   <div class='ocr_carea' id='block_1_86' title="bbox 373 4481 2021 4563">
    <p class='ocr_par' dir='ltr' id='par_1_86' title="bbox 373 4481 2021 4563">
     <span class='ocr_line' id='line_1_86' title="bbox 373 4481 2021 4563; baseline 0.001 -24"><span class='ocrx_word' id='word_1_569' title='bbox 373 4482 523 4539; x_wconf 83' lang='grc' dir='ltr'>λαιὸν</span> <span class='ocrx_word' id='word_1_570' title='bbox 574 4481 691 4563; x_wconf 76' lang='grc' dir='ltr'>ὄφιν</span> <span class='ocrx_word' id='word_1_571' title='bbox 735 4484 999 4562; x_wconf 73' lang='grc' dir='ltr'>περιφέρει</span> <span class='ocrx_word' id='word_1_572' title='bbox 1056 4481 1364 4560; x_wconf 84' lang='grc' dir='ltr'>ἐγκόλπιον,</span> <span class='ocrx_word' id='word_1_573' title='bbox 1443 4485 1503 4540; x_wconf 78' lang='grc' dir='ltr'><strong>Εἰ</strong></span> <span class='ocrx_word' id='word_1_574' title='bbox 1571 4485 1668 4559; x_wconf 78' lang='grc' dir='ltr'>μὲν</span> <span class='ocrx_word' id='word_1_575' title='bbox 1727 4484 1816 4541; x_wconf 80' lang='grc' dir='ltr'>οὖν</span> <span class='ocrx_word' id='word_1_576' title='bbox 1887 4485 2021 4559; x_wconf 86' lang='grc' dir='ltr'><strong>μετά</strong></span> 
     </span>
    </p>
   </div>
   <div class='ocr_carea' id='block_1_87' title="bbox 373 4569 2018 4651">
    <p class='ocr_par' dir='ltr' id='par_1_87' title="bbox 373 4569 2018 4651">
     <span class='ocr_line' id='line_1_87' title="bbox 373 4569 2018 4651; baseline 0.002 -25"><span class='ocrx_word' id='word_1_577' title='bbox 373 4574 582 4637; x_wconf 76' lang='grc' dir='ltr'>σιωπῆς</span> <span class='ocrx_word' id='word_1_578' title='bbox 633 4571 915 4651; x_wconf 77' lang='grc' dir='ltr'>ὑπομείνῃ,</span> <span class='ocrx_word' id='word_1_579' title='bbox 969 4571 1006 4638; x_wconf 79' lang='grc' dir='ltr'>ἢ</span> <span class='ocrx_word' id='word_1_580' title='bbox 1069 4572 1204 4645; x_wconf 85' lang='grc' dir='ltr'><strong>μετά</strong></span> <span class='ocrx_word' id='word_1_581' title='bbox 1245 4569 1449 4639; x_wconf 73' lang='grc' dir='ltr'>πολλῆς</span> <span class='ocrx_word' id='word_1_582' title='bbox 1479 4573 1851 4636; x_wconf 86' lang='grc' dir='ltr'>ταπεινώσεως</span> <span class='ocrx_word' id='word_1_583' title='bbox 1877 4572 2018 4630; x_wconf 89' lang='grc' dir='ltr'>ἀπο-</span> 
     </span>
    </p>
   </div>
   <div class='ocr_carea' id='block_1_88' title="bbox 373 4659 2019 4740">
    <p class='ocr_par' dir='ltr' id='par_1_88' title="bbox 373 4659 2019 4740">
     <span class='ocr_line' id='line_1_88' title="bbox 373 4659 2019 4740; baseline 0.001 -25"><span class='ocrx_word' id='word_1_584' title='bbox 373 4661 698 4739; x_wconf 77' lang='grc' dir='ltr'>κριθήσεται,</span> <span class='ocrx_word' id='word_1_585' title='bbox 775 4659 966 4726; x_wconf 81' lang='grc' dir='ltr'>ἀσθενῆ</span> <span class='ocrx_word' id='word_1_586' title='bbox 1021 4665 1207 4715; x_wconf 85' lang='grc' dir='ltr'>τοῦτον</span> <span class='ocrx_word' id='word_1_587' title='bbox 1268 4661 1355 4715; x_wconf 85' lang='grc' dir='ltr'><strong>καὶ</strong></span> <span class='ocrx_word' id='word_1_588' title='bbox 1436 4659 1783 4737; x_wconf 79' lang='grc' dir='ltr'>ἐκλελυμένον</span> <span class='ocrx_word' id='word_1_589' title='bbox 1838 4662 2019 4740; x_wconf 73' lang='grc' dir='ltr'>εἰργάο</span> 
     </span>
    </p>
   </div>
   <div class='ocr_carea' id='block_1_89' title="bbox 372 4746 2019 4826">
    <p class='ocr_par' dir='ltr' id='par_1_89' title="bbox 372 4746 2019 4826">
     <span class='ocr_line' id='line_1_89' title="bbox 372 4746 2019 4826; baseline 0.002 -22"><span class='ocrx_word' id='word_1_590' title='bbox 372 4770 503 4805; x_wconf 88' lang='grc' dir='ltr'>σατο</span> <span class='ocrx_word' id='word_1_591' title='bbox 540 4766 556 4784; x_wconf 78' lang='grc'><strong><em>⁸</em></strong></span> <span class='ocrx_word' id='word_1_592' title='bbox 616 4750 660 4805; x_wconf 79' lang='grc' dir='ltr'>εἰ</span> <span class='ocrx_word' id='word_1_593' title='bbox 701 4746 756 4804; x_wconf 82' lang='grc' dir='ltr'>δὲ</span> <span class='ocrx_word' id='word_1_594' title='bbox 813 4748 948 4823; x_wconf 86' lang='grc' dir='ltr'><strong>μετά</strong></span> <span class='ocrx_word' id='word_1_595' title='bbox 998 4748 1206 4826; x_wconf 88' lang='grc' dir='ltr'>πικρίας</span> <span class='ocrx_word' id='word_1_596' title='bbox 1250 4747 1491 4825; x_wconf 76' lang='grc' dir='ltr'>ἀντείπῃ,</span> <span class='ocrx_word' id='word_1_597' title='bbox 1563 4749 1599 4815; x_wconf 70' lang='grc' dir='ltr'><strong>ἢ</strong></span> <span class='ocrx_word' id='word_1_598' title='bbox 1654 4752 1740 4806; x_wconf 84' lang='grc' dir='ltr'>καί</span> <span class='ocrx_word' id='word_1_599' title='bbox 1797 4749 2019 4821; x_wconf 80' lang='grc' dir='ltr'>λαλήσει</span> 
     </span>
    </p>
   </div>
   <div class='ocr_carea' id='block_1_90' title="bbox 375 4832 2019 4919">
    <p class='ocr_par' dir='ltr' id='par_1_90' title="bbox 375 4832 2019 4919">
     <span class='ocr_line' id='line_1_90' title="bbox 375 4832 2019 4919; baseline 0.002 -26"><span class='ocrx_word' id='word_1_600' title='bbox 375 4838 511 4914; x_wconf 84' lang='grc' dir='ltr'><strong>μετά</strong></span> <span class='ocrx_word' id='word_1_601' title='bbox 560 4837 905 4916; x_wconf 76' lang='grc' dir='ltr'>θρασύτητος,</span> <span class='ocrx_word' id='word_1_602' title='bbox 970 4832 1192 4891; x_wconf 87' lang='grc' dir='ltr'>δέδωκεν</span> <span class='ocrx_word' id='word_1_603' title='bbox 1273 4837 1429 4915; x_wconf 77' lang='grc' dir='ltr'>ἰσχὺν</span> <span class='ocrx_word' id='word_1_604' title='bbox 1484 4844 1560 4911; x_wconf 81' lang='grc' dir='ltr'>τῷ</span> <span class='ocrx_word' id='word_1_605' title='bbox 1615 4836 1752 4919; x_wconf 58' lang='grc' dir='ltr'>ὀέρει,</span> <span class='ocrx_word' id='word_1_606' title='bbox 1799 4841 1888 4894; x_wconf 81' lang='grc' dir='ltr'>τὸν</span> <span class='ocrx_word' id='word_1_607' title='bbox 1942 4841 2019 4896; x_wconf 80' lang='grc' dir='ltr'><strong>ἱὸν</strong></span> 
     </span>
    </p>
   </div>
   <div class='ocr_carea' id='block_1_91' title="bbox 372 4923 2021 5006">
    <p class='ocr_par' dir='ltr' id='par_1_91' title="bbox 372 4923 2021 5006">
     <span class='ocr_line' id='line_1_91' title="bbox 372 4923 2021 5006; baseline -0.001 -24"><span class='ocrx_word' id='word_1_608' title='bbox 372 4926 560 5006; x_wconf 73' lang='grc' dir='ltr'>ἐκχέαι</span> <span class='ocrx_word' id='word_1_609' title='bbox 590 4926 643 4983; x_wconf 78' lang='grc' dir='ltr'>ἐν</span> <span class='ocrx_word' id='word_1_610' title='bbox 682 4933 751 5004; x_wconf 78' lang='grc' dir='ltr'>τῇ</span> <span class='ocrx_word' id='word_1_611' title='bbox 780 4923 962 5004; x_wconf 81' lang='grc' dir='ltr'>καρδίᾳ</span> <span class='ocrx_word' id='word_1_612' title='bbox 1021 4923 1199 4990; x_wconf 79' lang='grc' dir='ltr'>αὑτοῦ,</span> <span class='ocrx_word' id='word_1_613' title='bbox 1259 4925 1347 4979; x_wconf 83' lang='grc' dir='ltr'><strong>καὶ</strong></span> <span class='ocrx_word' id='word_1_614' title='bbox 1401 4924 1679 5003; x_wconf 80' lang='grc' dir='ltr'>ἀνημέρως</span> <span class='ocrx_word' id='word_1_615' title='bbox 1735 4927 2021 4983; x_wconf 87' lang='grc' dir='ltr'>κατεσθίειν</span> 
     </span>
    </p>
   </div>
   <div class='ocr_carea' id='block_1_92' title="bbox 371 5011 2019 5082">
    <p class='ocr_par' dir='ltr' id='par_1_92' title="bbox 371 5011 2019 5082">
     <span class='ocr_line' id='line_1_92' title="bbox 371 5011 2019 5082; baseline 0.001 -10"><span class='ocrx_word' id='word_1_616' title='bbox 371 5017 439 5074; x_wconf 77' lang='grc' dir='ltr'><strong>τὰ</strong></span> <span class='ocrx_word' id='word_1_617' title='bbox 481 5016 626 5081; x_wconf 78' lang='grc' dir='ltr'>ἐντὸς</span> <span class='ocrx_word' id='word_1_618' title='bbox 680 5016 842 5073; x_wconf 73' lang='grc' dir='ltr'>αὑτοῦ</span> <span class='ocrx_word' id='word_1_619' title='bbox 870 5035 884 5049; x_wconf 88' lang='grc'><strong>·</strong></span> <span class='ocrx_word' id='word_1_620' title='bbox 943 5016 1046 5078; x_wconf 86' lang='grc' dir='ltr'><strong>ὡς’</strong></span> <span class='ocrx_word' id='word_1_621' title='bbox 1073 5012 1301 5072; x_wconf 77' lang='grc' dir='ltr'>ἐντεῦθεν</span> <span class='ocrx_word' id='word_1_622' title='bbox 1359 5011 1475 5069; x_wconf 87' lang='grc' dir='ltr'>καθ’</span> <span class='ocrx_word' id='word_1_623' title='bbox 1533 5014 1759 5082; x_wconf 79' lang='grc' dir='ltr'>ἑκάστην</span> <span class='ocrx_word' id='word_1_624' title='bbox 1817 5014 2019 5073; x_wconf 69' lang='grc' dir='ltr'><strong>ἔῖνδυναι⁶</strong></span> 
     </span>
    </p>
   </div>
   <div class='ocr_carea' id='block_1_93' title="bbox 371 5098 2016 5185">
    <p class='ocr_par' dir='ltr' id='par_1_93' title="bbox 371 5098 2016 5185">
     <span class='ocr_line' id='line_1_93' title="bbox 371 5098 2016 5185; baseline -0.001 -24"><span class='ocrx_word' id='word_1_625' title='bbox 371 5105 634 5181; x_wconf 89' lang='grc' dir='ltr'>μούμενον</span> <span class='ocrx_word' id='word_1_626' title='bbox 668 5105 848 5185; x_wconf 76' lang='grc' dir='ltr'>αὑτὸν,</span> <span class='ocrx_word' id='word_1_627' title='bbox 906 5098 1231 5179; x_wconf 69' lang='grc' dir='ltr'>κατέϐρωμα</span> <span class='ocrx_word' id='word_1_628' title='bbox 1291 5103 1556 5158; x_wconf 80' lang='grc' dir='ltr'>ποιεῖσθαι</span> <span class='ocrx_word' id='word_1_629' title='bbox 1613 5103 1709 5169; x_wconf 78' lang='grc' dir='ltr'><strong>τὴν</strong></span> <span class='ocrx_word' id='word_1_630' title='bbox 1766 5101 1848 5160; x_wconf 78' lang='grc' dir='ltr'><strong>ἐπ’</strong></span> <span class='ocrx_word' id='word_1_631' title='bbox 1880 5103 2016 5182; x_wconf 86' lang='grc' dir='ltr'>ἀγα-</span> 
     </span>
    </p>
   </div>
   <div class='ocr_carea' id='block_1_94' title="bbox 371 5189 2011 5272">
    <p class='ocr_par' dir='ltr' id='par_1_94' title="bbox 371 5189 2011 5272">
     <span class='ocr_line' id='line_1_94' title="bbox 371 5189 2011 5272; baseline -0.001 -21"><span class='ocrx_word' id='word_1_632' title='bbox 371 5200 487 5258; x_wconf 85' lang='grc' dir='ltr'>θοῖς</span> <span class='ocrx_word' id='word_1_633' title='bbox 517 5192 794 5268; x_wconf 85' lang='grc' dir='ltr'>διόρθωσεν</span> <span class='ocrx_word' id='word_1_634' title='bbox 833 5195 920 5250; x_wconf 85' lang='grc' dir='ltr'><strong>καὶ</strong></span> <span class='ocrx_word' id='word_1_635' title='bbox 976 5193 1132 5272; x_wconf 82' lang='grc' dir='ltr'>ισχὺν</span> <span class='ocrx_word' id='word_1_636' title='bbox 1187 5196 1286 5258; x_wconf 79' lang='grc' dir='ltr'>τῆς</span> <span class='ocrx_word' id='word_1_637' title='bbox 1329 5189 1506 5254; x_wconf 84' lang='grc' dir='ltr'>ἀθλίας</span> <span class='ocrx_word' id='word_1_638' title='bbox 1565 5190 1722 5251; x_wconf 77' lang='grc' dir='ltr'>αὑτοῦ</span> <span class='ocrx_word' id='word_1_639' title='bbox 1778 5197 1960 5272; x_wconf 76' lang='grc' dir='ltr'>ψυχῆς</span> <span class='ocrx_word' id='word_1_640' title='bbox 1998 5212 2011 5225; x_wconf 84' lang='grc'>⁶</span> 
     </span>
    </p>
   </div>
   <div class='ocr_carea' id='block_1_95' title="bbox 371 5278 2016 5360">
    <p class='ocr_par' dir='ltr' id='par_1_95' title="bbox 371 5278 2016 5360">
     <span class='ocr_line' id='line_1_95' title="bbox 371 5278 2016 5360; baseline -0.002 -20"><span class='ocrx_word' id='word_1_641' title='bbox 371 5284 458 5340; x_wconf 88' lang='grc' dir='ltr'><strong>καὶ</strong></span> <span class='ocrx_word' id='word_1_642' title='bbox 515 5289 612 5360; x_wconf 77' lang='grc' dir='ltr'><strong>ζῇν</strong></span> <span class='ocrx_word' id='word_1_643' title='bbox 669 5283 765 5358; x_wconf 74' lang='grc' dir='ltr'>μὲν</span> <span class='ocrx_word' id='word_1_644' title='bbox 806 5283 960 5339; x_wconf 72' lang='grc' dir='ltr'>αὑτὸν</span> <span class='ocrx_word' id='word_1_645' title='bbox 1019 5280 1198 5337; x_wconf 76' lang='grc' dir='ltr'>ἔκτοτε</span> <span class='ocrx_word' id='word_1_646' title='bbox 1257 5284 1325 5355; x_wconf 79' lang='grc' dir='ltr'><strong>τῇ</strong></span> <span class='ocrx_word' id='word_1_647' title='bbox 1398 5278 1649 5357; x_wconf 81' lang='grc' dir='ltr'>ἁμαρτίᾳ,</span> <span class='ocrx_word' id='word_1_648' title='bbox 1712 5282 1891 5360; x_wconf 84' lang='grc' dir='ltr'>νεκρὸν</span> <span class='ocrx_word' id='word_1_649' title='bbox 1961 5279 2016 5336; x_wconf 78' lang='grc' dir='ltr'>δὲ</span> 
     </span>
    </p>
   </div>
   <div class='ocr_carea' id='block_1_96' title="bbox 368 5368 1274 5448">
    <p class='ocr_par' dir='ltr' id='par_1_96' title="bbox 368 5368 1274 5448">
     <span class='ocr_line' id='line_1_96' title="bbox 368 5368 1274 5448; baseline -0.003 -18"><span class='ocrx_word' id='word_1_650' title='bbox 368 5370 633 5436; x_wconf 85' lang='grc' dir='ltr'>ταντελῶς</span> <span class='ocrx_word' id='word_1_651' title='bbox 666 5372 807 5428; x_wconf 72' lang='grc' dir='ltr'>εἶναι</span> <span class='ocrx_word' id='word_1_652' title='bbox 838 5377 907 5448; x_wconf 81' lang='grc' dir='ltr'><strong>τῇ</strong></span> <span class='ocrx_word' id='word_1_653' title='bbox 948 5368 1274 5446; x_wconf 81' lang='grc' dir='ltr'>δικαιοσύνῃ.</span> 
     </span>
    </p>
   </div>
   <div class='ocr_carea' id='block_1_97' title="bbox 450 5450 2018 5539">
    <p class='ocr_par' dir='ltr' id='par_1_97' title="bbox 450 5450 2018 5539">
     <span class='ocr_line' id='line_1_97' title="bbox 450 5450 2018 5539; baseline -0.001 -22"><span class='ocrx_word' id='word_1_654' title='bbox 450 5460 516 5538; x_wconf 83' lang='grc' dir='ltr'>λβ</span> <span class='ocrx_word' id='word_1_655' title='bbox 529 5450 560 5522; x_wconf 81' lang='grc'><strong>’.</strong></span> <span class='ocrx_word' id='word_1_656' title='bbox 591 5459 717 5517; x_wconf 80' lang='grc' dir='ltr'>Ἐὰν</span> <span class='ocrx_word' id='word_1_657' title='bbox 768 5457 1122 5525; x_wconf 78' lang='grc' dir='ltr'>ἀποτάξασθαι</span> <span class='ocrx_word' id='word_1_658' title='bbox 1178 5457 1471 5539; x_wconf 80' lang='grc' dir='ltr'>βουληθῆς,</span> <span class='ocrx_word' id='word_1_659' title='bbox 1517 5461 1605 5515; x_wconf 84' lang='grc' dir='ltr'><strong>καὶ</strong></span> <span class='ocrx_word' id='word_1_660' title='bbox 1659 5459 1757 5527; x_wconf 75' lang='grc' dir='ltr'><strong>τὴν</strong></span> <span class='ocrx_word' id='word_1_661' title='bbox 1803 5458 2018 5537; x_wconf 75' lang='grc' dir='ltr'>εὐαγγε-</span> 
     </span>
    </p>
   </div>
   <div class='ocr_carea' id='block_1_98' title="bbox 370 5544 2018 5629">
    <p class='ocr_par' dir='ltr' id='par_1_98' title="bbox 370 5544 2018 5629">
     <span class='ocr_line' id='line_1_98' title="bbox 370 5544 2018 5629; baseline 0 -23"><span class='ocrx_word' id='word_1_662' title='bbox 370 5548 527 5617; x_wconf 74' lang='grc' dir='ltr'>λικὴν</span> <span class='ocrx_word' id='word_1_663' title='bbox 559 5546 829 5607; x_wconf 78' lang='grc' dir='ltr'>πολιτειαν</span> <span class='ocrx_word' id='word_1_664' title='bbox 861 5544 1258 5629; x_wconf 68' lang='grc' dir='ltr'>ἐκδιδαχθῆναι,</span> <span class='ocrx_word' id='word_1_665' title='bbox 1289 5548 1367 5624; x_wconf 79' lang='grc' dir='ltr'><strong>μὴ</strong></span> <span class='ocrx_word' id='word_1_666' title='bbox 1399 5547 1621 5627; x_wconf 85' lang='grc' dir='ltr'>ἀπείρῷ,</span> <span class='ocrx_word' id='word_1_667' title='bbox 1681 5545 1817 5623; x_wconf 81' lang='grc' dir='ltr'>μηδὲ</span> <span class='ocrx_word' id='word_1_668' title='bbox 1849 5545 2018 5627; x_wconf 70' lang='grc' dir='ltr'>ἔμπα-</span> 
     </span>
    </p>
   </div>
   <div class='ocr_carea' id='block_1_99' title="bbox 2100 4042 3738 4125">
    <p class='ocr_par' dir='ltr' id='par_1_99' title="bbox 2100 4042 3738 4125">
     <span class='ocr_line' id='line_1_99' title="bbox 2100 4042 3738 4125; baseline 0.001 -22"><span class='ocrx_word' id='word_1_669' title='bbox 2100 4060 2235 4104; x_wconf 90' lang='lat' dir='ltr'><strong>nem</strong></span> <span class='ocrx_word' id='word_1_670' title='bbox 2261 4043 2553 4123; x_wconf 67' lang='lat' dir='ltr'><strong>superbiae</strong></span> <span class='ocrx_word' id='word_1_671' title='bbox 2584 4044 2784 4105; x_wconf 84' lang='lat' dir='ltr'><strong>extolli</strong></span> <span class='ocrx_word' id='word_1_672' title='bbox 2811 4063 2825 4108; x_wconf 91' lang='lat'>:</span> <span class='ocrx_word' id='word_1_673' title='bbox 2859 4045 3176 4125; x_wconf 84' lang='lat' dir='ltr'><strong>aliquando</strong></span> <span class='ocrx_word' id='word_1_674' title='bbox 3234 4043 3298 4105; x_wconf 91' lang='lat' dir='ltr'><strong>in</strong></span> <span class='ocrx_word' id='word_1_675' title='bbox 3328 4044 3510 4106; x_wconf 87' lang='lat' dir='ltr'><strong>chaos</strong></span> <span class='ocrx_word' id='word_1_676' title='bbox 3532 4042 3738 4125; x_wconf 80' lang='lat' dir='ltr'><strong>abyssi</strong></span> 
     </span>
    </p>
   </div>
   <div class='ocr_carea' id='block_1_100' title="bbox 2100 4131 3746 4214">
    <p class='ocr_par' dir='ltr' id='par_1_100' title="bbox 2100 4131 3746 4214">
     <span class='ocr_line' id='line_1_100' title="bbox 2100 4131 3746 4214; baseline -0.001 -20"><span class='ocrx_word' id='word_1_677' title='bbox 2100 4140 2474 4211; x_wconf 87' lang='lat' dir='ltr'><strong>peccatorum</strong></span> <span class='ocrx_word' id='word_1_678' title='bbox 2500 4131 2788 4212; x_wconf 87' lang='lat' dir='ltr'><strong>demergi,</strong></span> <span class='ocrx_word' id='word_1_679' title='bbox 2823 4141 2880 4195; x_wconf 91' lang='lat' dir='ltr'><strong>et</strong></span> <span class='ocrx_word' id='word_1_680' title='bbox 2908 4152 3042 4194; x_wconf 90' lang='lat' dir='ltr'><strong>cum</strong></span> <span class='ocrx_word' id='word_1_681' title='bbox 3065 4132 3159 4194; x_wconf 87' lang='lat' dir='ltr'><strong>his</strong></span> <span class='ocrx_word' id='word_1_682' title='bbox 3189 4134 3289 4214; x_wconf 90' lang='lat' dir='ltr'><strong>qui</strong></span> <span class='ocrx_word' id='word_1_683' title='bbox 3320 4133 3394 4194; x_wconf 91' lang='lat' dir='ltr'><strong>de</strong></span> <span class='ocrx_word' id='word_1_684' title='bbox 3424 4132 3565 4194; x_wconf 70' lang='lat' dir='ltr'><strong>caelo</strong></span> <span class='ocrx_word' id='word_1_685' title='bbox 3588 4131 3746 4194; x_wconf 87' lang='lat' dir='ltr'><strong>ceci-</strong></span> 
     </span>
    </p>
   </div>
   <div class='ocr_carea' id='block_1_101' title="bbox 2039 4219 3230 4302">
    <p class='ocr_par' dir='ltr' id='par_1_101' title="bbox 2039 4219 3230 4302">
     <span class='ocr_line' id='line_1_101' title="bbox 2039 4219 3230 4302; baseline -0.001 -22"><span class='ocrx_word' id='word_1_686' title='bbox 2039 4219 2337 4302; x_wconf 76' lang='lat' dir='ltr'><strong>Dderunt,</strong></span> <span class='ocrx_word' id='word_1_687' title='bbox 2382 4219 2534 4301; x_wconf 86' lang='lat' dir='ltr'><strong>apud</strong></span> <span class='ocrx_word' id='word_1_688' title='bbox 2568 4221 2790 4283; x_wconf 84' lang='lat' dir='ltr'><strong>inferos</strong></span> <span class='ocrx_word' id='word_1_689' title='bbox 2823 4221 3230 4284; x_wconf 88' lang='lat' dir='ltr'><strong>condemnari.</strong></span> 
     </span>
    </p>
   </div>
   <div class='ocr_carea' id='block_1_102' title="bbox 2181 4307 3747 4392">
    <p class='ocr_par' dir='ltr' id='par_1_102' title="bbox 2181 4307 3747 4392">
     <span class='ocr_line' id='line_1_102' title="bbox 2181 4307 3747 4392; baseline 0.003 -23"><span class='ocrx_word' id='word_1_690' title='bbox 2181 4308 2279 4372; x_wconf 89' lang='lat' dir='ltr'><strong>3t.</strong></span> <span class='ocrx_word' id='word_1_691' title='bbox 2314 4307 2425 4382; x_wconf 88' lang='lat' dir='ltr'><strong>Qui</strong></span> <span class='ocrx_word' id='word_1_692' title='bbox 2456 4308 2801 4388; x_wconf 82' lang='lat' dir='ltr'><strong>ignominia,</strong></span> <span class='ocrx_word' id='word_1_693' title='bbox 2829 4320 2888 4373; x_wconf 92' lang='lat' dir='ltr'><strong>et</strong></span> <span class='ocrx_word' id='word_1_694' title='bbox 2906 4310 3145 4391; x_wconf 86' lang='lat' dir='ltr'><strong>injuriis</strong></span> <span class='ocrx_word' id='word_1_695' title='bbox 3167 4310 3441 4386; x_wconf 76' lang='lat' dir='ltr'><strong>afﬁcitur,</strong></span> <span class='ocrx_word' id='word_1_696' title='bbox 3467 4327 3747 4392; x_wconf 81' lang='lat' dir='ltr'><strong>exeoque</strong></span> 
     </span>
    </p>
   </div>
   <div class='ocr_carea' id='block_1_103' title="bbox 2104 4398 3752 4480">
    <p class='ocr_par' dir='ltr' id='par_1_103' title="bbox 2104 4398 3752 4480">
     <span class='ocr_line' id='line_1_103' title="bbox 2104 4398 3752 4480; baseline 0.002 -22"><span class='ocrx_word' id='word_1_697' title='bbox 2104 4414 2380 4476; x_wconf 84' lang='lat' dir='ltr'><strong>magnum</strong></span> <span class='ocrx_word' id='word_1_698' title='bbox 2411 4398 2596 4459; x_wconf 88' lang='lat' dir='ltr'><strong>animi</strong></span> <span class='ocrx_word' id='word_1_699' title='bbox 2641 4399 2909 4461; x_wconf 88' lang='lat' dir='ltr'><strong>dolorem</strong></span> <span class='ocrx_word' id='word_1_700' title='bbox 2966 4400 3144 4480; x_wconf 89' lang='lat' dir='ltr'><strong>capit,</strong></span> <span class='ocrx_word' id='word_1_701' title='bbox 3193 4400 3332 4461; x_wconf 88' lang='lat' dir='ltr'><strong>inde</strong></span> <span class='ocrx_word' id='word_1_702' title='bbox 3385 4400 3641 4479; x_wconf 88' lang='lat' dir='ltr'><strong>colligat,</strong></span> <span class='ocrx_word' id='word_1_703' title='bbox 3678 4417 3752 4462; x_wconf 84' lang='lat' dir='ltr'><strong>se</strong></span> 
     </span>
    </p>
   </div>
   <div class='ocr_carea' id='block_1_104' title="bbox 2101 4485 3750 4567">
    <p class='ocr_par' dir='ltr' id='par_1_104' title="bbox 2101 4485 3750 4567">
     <span class='ocr_line' id='line_1_104' title="bbox 2101 4485 3750 4567; baseline 0.004 -21"><span class='ocrx_word' id='word_1_704' title='bbox 2101 4485 2406 4567; x_wconf 85' lang='lat' dir='ltr'><strong>antiquum</strong></span> <span class='ocrx_word' id='word_1_705' title='bbox 2440 4495 2779 4567; x_wconf 88' lang='lat' dir='ltr'><strong>serpentem</strong></span> <span class='ocrx_word' id='word_1_706' title='bbox 2810 4489 2871 4549; x_wconf 93' lang='lat' dir='ltr'><strong>in</strong></span> <span class='ocrx_word' id='word_1_707' title='bbox 2902 4489 3036 4550; x_wconf 91' lang='lat' dir='ltr'><strong>sinu</strong></span> <span class='ocrx_word' id='word_1_708' title='bbox 3066 4489 3472 4552; x_wconf 84' lang='lat' dir='ltr'><strong>circumferre.</strong></span> <span class='ocrx_word' id='word_1_709' title='bbox 3506 4488 3576 4551; x_wconf 90' lang='lat' dir='ltr'><strong>Et</strong></span> <span class='ocrx_word' id='word_1_710' title='bbox 3604 4506 3750 4552; x_wconf 88' lang='lat' dir='ltr'><strong>vero</strong></span> 
     </span>
    </p>
   </div>
   <div class='ocr_carea' id='block_1_105' title="bbox 2103 4574 3751 4658">
    <p class='ocr_par' dir='ltr' id='par_1_105' title="bbox 2103 4574 3751 4658">
     <span class='ocr_line' id='line_1_105' title="bbox 2103 4574 3751 4658; baseline 0.002 -23"><span class='ocrx_word' id='word_1_711' title='bbox 2103 4574 2152 4635; x_wconf 90' lang='lat' dir='ltr'><strong>si</strong></span> <span class='ocrx_word' id='word_1_712' title='bbox 2183 4593 2316 4636; x_wconf 92' lang='lat' dir='ltr'><strong>cum</strong></span> <span class='ocrx_word' id='word_1_713' title='bbox 2369 4574 2606 4637; x_wconf 89' lang='lat' dir='ltr'><strong>silentio</strong></span> <span class='ocrx_word' id='word_1_714' title='bbox 2629 4577 3000 4658; x_wconf 91' lang='lat' dir='ltr'><strong>sustinuerit,</strong></span> <span class='ocrx_word' id='word_1_715' title='bbox 3022 4585 3122 4639; x_wconf 90' lang='lat' dir='ltr'><strong>aut</strong></span> <span class='ocrx_word' id='word_1_716' title='bbox 3148 4594 3360 4657; x_wconf 81' lang='lat' dir='ltr'><strong>magna</strong></span> <span class='ocrx_word' id='word_1_717' title='bbox 3387 4595 3525 4639; x_wconf 90' lang='lat' dir='ltr'><strong>cum</strong></span> <span class='ocrx_word' id='word_1_718' title='bbox 3553 4577 3751 4639; x_wconf 86' lang='lat' dir='ltr'><strong>humi-</strong></span> 
     </span>
    </p>
   </div>
   <div class='ocr_carea' id='block_1_106' title="bbox 2103 4662 3750 4744">
    <p class='ocr_par' dir='ltr' id='par_1_106' title="bbox 2103 4662 3750 4744">
     <span class='ocr_line' id='line_1_106' title="bbox 2103 4662 3750 4744; baseline 0.004 -22"><span class='ocrx_word' id='word_1_719' title='bbox 2103 4662 2266 4725; x_wconf 90' lang='lat' dir='ltr'><strong>litate</strong></span> <span class='ocrx_word' id='word_1_720' title='bbox 2293 4664 2692 4744; x_wconf 89' lang='lat' dir='ltr'><strong>responderit,</strong></span> <span class='ocrx_word' id='word_1_721' title='bbox 2726 4666 2891 4727; x_wconf 91' lang='lat' dir='ltr'><strong>illum</strong></span> <span class='ocrx_word' id='word_1_722' title='bbox 2955 4665 3299 4742; x_wconf 79' lang='lat' dir='ltr'><strong>infirmabit,</strong></span> <span class='ocrx_word' id='word_1_723' title='bbox 3333 4674 3392 4728; x_wconf 91' lang='lat' dir='ltr'><strong>et</strong></span> <span class='ocrx_word' id='word_1_724' title='bbox 3420 4666 3750 4729; x_wconf 87' lang='lat' dir='ltr'><strong>invalidum</strong></span> 
     </span>
    </p>
   </div>
   <div class='ocr_carea' id='block_1_107' title="bbox 2104 4750 3748 4832">
    <p class='ocr_par' dir='ltr' id='par_1_107' title="bbox 2104 4750 3748 4832">
     <span class='ocr_line' id='line_1_107' title="bbox 2104 4750 3748 4832; baseline 0.003 -20"><span class='ocrx_word' id='word_1_725' title='bbox 2104 4751 2334 4814; x_wconf 88' lang='lat' dir='ltr'><strong>reddet.</strong></span> <span class='ocrx_word' id='word_1_726' title='bbox 2370 4750 2474 4815; x_wconf 92' lang='lat' dir='ltr'><strong>Sin</strong></span> <span class='ocrx_word' id='word_1_727' title='bbox 2505 4772 2640 4815; x_wconf 90' lang='lat' dir='ltr'><strong>cum</strong></span> <span class='ocrx_word' id='word_1_728' title='bbox 2691 4754 3014 4818; x_wconf 85' lang='lat' dir='ltr'><strong>acerbitate</strong></span> <span class='ocrx_word' id='word_1_729' title='bbox 3057 4755 3446 4832; x_wconf 87' lang='lat' dir='ltr'><strong>contradicat,</strong></span> <span class='ocrx_word' id='word_1_730' title='bbox 3480 4763 3579 4817; x_wconf 90' lang='lat' dir='ltr'><strong>aut</strong></span> <span class='ocrx_word' id='word_1_731' title='bbox 3605 4774 3748 4818; x_wconf 86' lang='lat' dir='ltr'><strong>cum</strong></span> 
     </span>
    </p>
   </div>
   <div class='ocr_carea' id='block_1_108' title="bbox 2103 4839 3747 4925">
    <p class='ocr_par' dir='ltr' id='par_1_108' title="bbox 2103 4839 3747 4925">
     <span class='ocr_line' id='line_1_108' title="bbox 2103 4839 3747 4925; baseline 0.003 -25"><span class='ocrx_word' id='word_1_732' title='bbox 2103 4839 2368 4916; x_wconf 82' lang='lat' dir='ltr'><strong>audacia,</strong></span> <span class='ocrx_word' id='word_1_733' title='bbox 2404 4848 2463 4902; x_wconf 86' lang='lat' dir='ltr'><strong>et</strong></span> <span class='ocrx_word' id='word_1_734' title='bbox 2513 4844 2840 4905; x_wconf 86' lang='lat' dir='ltr'><strong>temeritate</strong></span> <span class='ocrx_word' id='word_1_735' title='bbox 2886 4844 3181 4925; x_wconf 84' lang='lat' dir='ltr'><strong>loquatur,</strong></span> <span class='ocrx_word' id='word_1_736' title='bbox 3227 4846 3347 4923; x_wconf 86' lang='lat' dir='ltr'><strong>jam</strong></span> <span class='ocrx_word' id='word_1_737' title='bbox 3375 4845 3641 4925; x_wconf 86' lang='lat' dir='ltr'><strong>serpenti</strong></span> <span class='ocrx_word' id='word_1_738' title='bbox 3666 4846 3747 4905; x_wconf 82' lang='lat' dir='ltr'><strong>ad</strong></span> 
     </span>
    </p>
   </div>
   <div class='ocr_carea' id='block_1_109' title="bbox 2104 4928 3749 5008">
    <p class='ocr_par' dir='ltr' id='par_1_109' title="bbox 2104 4928 3749 5008">
     <span class='ocr_line' id='line_1_109' title="bbox 2104 4928 3749 5008; baseline 0.003 -19"><span class='ocrx_word' id='word_1_739' title='bbox 2104 4945 2395 4991; x_wconf 87' lang='lat' dir='ltr'><strong>venenum</strong></span> <span class='ocrx_word' id='word_1_740' title='bbox 2424 4928 2485 4991; x_wconf 92' lang='lat' dir='ltr'><strong>in</strong></span> <span class='ocrx_word' id='word_1_741' title='bbox 2516 4931 2697 4993; x_wconf 91' lang='lat' dir='ltr'><strong>corde</strong></span> <span class='ocrx_word' id='word_1_742' title='bbox 2726 4950 2833 4994; x_wconf 89' lang='lat' dir='ltr'><strong>suo</strong></span> <span class='ocrx_word' id='word_1_743' title='bbox 2864 4930 3343 5008; x_wconf 75' lang='lat' dir='ltr'><strong>diffundendum,</strong></span> <span class='ocrx_word' id='word_1_744' title='bbox 3377 4940 3437 4994; x_wconf 90' lang='lat' dir='ltr'><strong>et</strong></span> <span class='ocrx_word' id='word_1_745' title='bbox 3463 4933 3536 4994; x_wconf 88' lang='lat' dir='ltr'><strong>ad</strong></span> <span class='ocrx_word' id='word_1_746' title='bbox 3582 4933 3749 4994; x_wconf 80' lang='lat' dir='ltr'><strong>inte-</strong></span> 
     </span>
    </p>
   </div>
   <div class='ocr_carea' id='block_1_110' title="bbox 2104 5018 3754 5101">
    <p class='ocr_par' dir='ltr' id='par_1_110' title="bbox 2104 5018 3754 5101">
     <span class='ocr_line' id='line_1_110' title="bbox 2104 5018 3754 5101; baseline 0.004 -25"><span class='ocrx_word' id='word_1_747' title='bbox 2104 5018 2260 5078; x_wconf 88' lang='lat' dir='ltr'><strong>riora</strong></span> <span class='ocrx_word' id='word_1_748' title='bbox 2283 5018 2611 5081; x_wconf 83' lang='lat' dir='ltr'><strong>crudeliter</strong></span> <span class='ocrx_word' id='word_1_749' title='bbox 2638 5020 3018 5101; x_wconf 89' lang='lat' dir='ltr'><strong>depascenda</strong></span> <span class='ocrx_word' id='word_1_750' title='bbox 3047 5021 3201 5083; x_wconf 88' lang='lat' dir='ltr'><strong>vires</strong></span> <span class='ocrx_word' id='word_1_751' title='bbox 3257 5020 3461 5083; x_wconf 86' lang='lat' dir='ltr'><strong>addit:</strong></span> <span class='ocrx_word' id='word_1_752' title='bbox 3511 5028 3578 5082; x_wconf 90' lang='lat' dir='ltr'><strong>ut</strong></span> <span class='ocrx_word' id='word_1_753' title='bbox 3604 5020 3754 5082; x_wconf 87' lang='lat' dir='ltr'><strong>hinc</strong></span> 
     </span>
    </p>
   </div>
   <div class='ocr_carea' id='block_1_111' title="bbox 2102 5106 3751 5190">
    <p class='ocr_par' dir='ltr' id='par_1_111' title="bbox 2102 5106 3751 5190">
     <span class='ocr_line' id='line_1_111' title="bbox 2102 5106 3751 5190; baseline 0.004 -24"><span class='ocrx_word' id='word_1_754' title='bbox 2102 5106 2368 5185; x_wconf 90' lang='lat' dir='ltr'><strong>quotidie</strong></span> <span class='ocrx_word' id='word_1_755' title='bbox 2397 5108 2704 5183; x_wconf 84' lang='lat' dir='ltr'><strong>valentior,</strong></span> <span class='ocrx_word' id='word_1_756' title='bbox 2725 5110 2879 5190; x_wconf 89' lang='lat' dir='ltr'><strong>quod</strong></span> <span class='ocrx_word' id='word_1_757' title='bbox 2903 5109 3056 5171; x_wconf 88' lang='lat' dir='ltr'><strong>bene</strong></span> <span class='ocrx_word' id='word_1_758' title='bbox 3081 5109 3338 5172; x_wconf 84' lang='lat' dir='ltr'><strong>correxit</strong></span> <span class='ocrx_word' id='word_1_759' title='bbox 3360 5109 3420 5170; x_wconf 93' lang='lat' dir='ltr'><strong>in</strong></span> <span class='ocrx_word' id='word_1_760' title='bbox 3453 5110 3751 5184; x_wconf 83' lang='lat' dir='ltr'><strong>moribus,</strong></span> 
     </span>
    </p>
   </div>
   <div class='ocr_carea' id='block_1_112' title="bbox 2101 5194 3755 5278">
    <p class='ocr_par' dir='ltr' id='par_1_112' title="bbox 2101 5194 3755 5278">
     <span class='ocr_line' id='line_1_112' title="bbox 2101 5194 3755 5278; baseline 0.003 -22"><span class='ocrx_word' id='word_1_761' title='bbox 2101 5202 2158 5256; x_wconf 89' lang='lat' dir='ltr'><strong>et</strong></span> <span class='ocrx_word' id='word_1_762' title='bbox 2186 5194 2371 5256; x_wconf 91' lang='lat' dir='ltr'><strong>robur</strong></span> <span class='ocrx_word' id='word_1_763' title='bbox 2402 5197 2647 5259; x_wconf 76' lang='lat' dir='ltr'><strong>misellae</strong></span> <span class='ocrx_word' id='word_1_764' title='bbox 2674 5199 2806 5277; x_wconf 86' lang='lat' dir='ltr'><strong>ejus</strong></span> <span class='ocrx_word' id='word_1_765' title='bbox 2851 5198 3063 5261; x_wconf 71' lang='lat' dir='ltr'><strong>animm</strong></span> <span class='ocrx_word' id='word_1_766' title='bbox 3110 5199 3393 5260; x_wconf 84' lang='lat' dir='ltr'><strong>devoret:</strong></span> <span class='ocrx_word' id='word_1_767' title='bbox 3429 5205 3489 5260; x_wconf 87' lang='lat' dir='ltr'><strong>et</strong></span> <span class='ocrx_word' id='word_1_768' title='bbox 3516 5197 3644 5278; x_wconf 86' lang='lat' dir='ltr'><strong>ipse</strong></span> <span class='ocrx_word' id='word_1_769' title='bbox 3669 5199 3755 5261; x_wconf 90' lang='lat' dir='ltr'><strong>de</strong></span> 
     </span>
    </p>
   </div>
   <div class='ocr_carea' id='block_1_113' title="bbox 2098 5284 3578 5368">
    <p class='ocr_par' dir='ltr' id='par_1_113' title="bbox 2098 5284 3578 5368">
     <span class='ocr_line' id='line_1_113' title="bbox 2098 5284 3578 5368; baseline 0.005 -26"><span class='ocrx_word' id='word_1_770' title='bbox 2098 5292 2309 5347; x_wconf 55' lang='lat' dir='ltr'><strong>caetero</strong></span> <span class='ocrx_word' id='word_1_771' title='bbox 2333 5284 2580 5365; x_wconf 67' lang='lat' dir='ltr'><strong>jusutim</strong></span> <span class='ocrx_word' id='word_1_772' title='bbox 2608 5287 2785 5368; x_wconf 87' lang='lat' dir='ltr'><strong>plane</strong></span> <span class='ocrx_word' id='word_1_773' title='bbox 2817 5296 3106 5351; x_wconf 86' lang='lat' dir='ltr'><strong>mortuus.</strong></span> <span class='ocrx_word' id='word_1_774' title='bbox 3142 5294 3383 5368; x_wconf 88' lang='lat' dir='ltr'><strong>peccato</strong></span> <span class='ocrx_word' id='word_1_775' title='bbox 3407 5287 3578 5350; x_wconf 83' lang='lat' dir='ltr'><strong>vivat.</strong></span> 
     </span>
    </p>
   </div>
   <div class='ocr_carea' id='block_1_114' title="bbox 2179 5449 3750 5543">
    <p class='ocr_par' dir='ltr' id='par_1_114' title="bbox 2179 5449 3750 5543">
     <span class='ocr_line' id='line_1_114' title="bbox 2179 5449 3750 5543; baseline 0.005 -20"><span class='ocrx_word' id='word_1_776' title='bbox 2179 5460 2280 5525; x_wconf 84' lang='lat'><strong>32.</strong></span> <span class='ocrx_word' id='word_1_777' title='bbox 2314 5460 2377 5525; x_wconf 91' lang='lat' dir='ltr'><strong>Si</strong></span> <span class='ocrx_word' id='word_1_778' title='bbox 2408 5449 2630 5527; x_wconf 82' lang='lat' dir='ltr'><strong>mundo</strong></span> <span class='ocrx_word' id='word_1_779' title='bbox 2663 5466 2932 5529; x_wconf 89' lang='lat' dir='ltr'><strong>nuntium</strong></span> <span class='ocrx_word' id='word_1_780' title='bbox 2982 5466 3313 5543; x_wconf 81' lang='lat' dir='ltr'><strong>remittere,</strong></span> <span class='ocrx_word' id='word_1_781' title='bbox 3349 5474 3409 5529; x_wconf 89' lang='lat' dir='ltr'><strong>et</strong></span> <span class='ocrx_word' id='word_1_782' title='bbox 3437 5465 3750 5543; x_wconf 73' lang='lat' dir='ltr'><strong>evangeli-</strong></span> 
     </span>
    </p>
   </div>
   <div class='ocr_carea' id='block_1_115' title="bbox 2100 5550 3751 5638">
    <p class='ocr_par' dir='ltr' id='par_1_115' title="bbox 2100 5550 3751 5638">
     <span class='ocr_line' id='line_1_115' title="bbox 2100 5550 3751 5638; baseline 0.003 -25"><span class='ocrx_word' id='word_1_783' title='bbox 2100 5566 2233 5613; x_wconf 74' lang='lat' dir='ltr'><strong>cum</strong></span> <span class='ocrx_word' id='word_1_784' title='bbox 2263 5550 2497 5616; x_wconf 83' lang='lat' dir='ltr'><strong>vivendi</strong></span> <span class='ocrx_word' id='word_1_785' title='bbox 2526 5571 2795 5617; x_wconf 82' lang='lat' dir='ltr'><strong>normam</strong></span> <span class='ocrx_word' id='word_1_786' title='bbox 2818 5554 3020 5619; x_wconf 86' lang='lat' dir='ltr'><strong>doceri</strong></span> <span class='ocrx_word' id='word_1_787' title='bbox 3046 5556 3156 5637; x_wconf 79' lang='lat' dir='ltr'><strong>vis,</strong></span> <span class='ocrx_word' id='word_1_788' title='bbox 3180 5574 3324 5620; x_wconf 86' lang='lat' dir='ltr'><strong>cave</strong></span> <span class='ocrx_word' id='word_1_789' title='bbox 3357 5565 3417 5621; x_wconf 72' lang='lat' dir='ltr'><strong>to</strong></span> <span class='ocrx_word' id='word_1_790' title='bbox 3444 5553 3751 5638; x_wconf 78' lang='lat' dir='ltr'><strong>imperito,</strong></span> 
     </span>
    </p>
   </div>
  </div>
