4054 6114
276 336 398 404 617

810 402 841 411 κ
1557 344 1937 410 CAPITULA
1979 343 2352 411 PRACTICA

3510 350 3631 419 618

254 488 338 543 θεϊ
364 483 661 576 διδασκάλῳ
688 487 871 547 ἑαυτὸν
899 487 1061 564 ἐκδῷς
1096 504 1111 519 ·
1168 487 1264 545 ’ίνα
1303 487 1380 565 μελ
1438 488 1552 546 ἀντὶ
1605 487 1887 569 εὖαγγελι-

1980 493 2031 548 et
2052 488 2593 568 perturbationibus
2613 490 2827 570 agitato
2850 489 3129 571 magistro
3151 490 3214 553 in
3238 490 3625 576 disciplinam

257 580 358 642 κῆς
431 572 735 645 διαϐολικὴν
803 576 1069 635 πολιτείαν
1125 575 1466 659 ἐκδιδαχθῇς.
1523 576 1742 647 Ἐπειδὴ
1800 601 1895 638 κα-

257 662 365 720 λῶν
442 662 788 743 διδασκάλων,
847 666 982 729 κατὰ
1029 667 1095 723 τὰ
1164 669 1451 744 μαθήματα
1485 687 1503 705 ο
1562 676 1740 726 κακῶν
1813 666 1891 750 δὲ,

257 754 397 811 κακά
442 773 456 789 ⁸
544 756 631 813 καὶ
711 757 1026 837 σπερμάτων
1081 760 1350 840 πονηρῶν,
1409 757 1621 823 πάντως
1689 759 1895 836 πονηρὰ

258 843 324 899 τὰ
352 843 603 924 γεώργια.

338 1010 449 1102 λγ’.
510 1020 715 1102 Εὒχαϊς
771 1023 858 1079 καὶ
912 1020 1124 1103 δάκρυσι
1165 1024 1256 1081 τὸν
1315 1024 1445 1081 Θεὸν
1500 1023 1890 1102 καθικέτευσον,

257 1109 466 1188 πέμψαι
536 1132 619 1167 σοι
677 1108 871 1189 ὁδηγὸν
913 1111 1091 1180 ἀπαθῆ
1134 1134 1191 1170 τε
1222 1114 1311 1170 καὶ
1367 1113 1539 1192 ἅγιον,
1589 1112 1801 1193 Ἐρεύνα
1842 1110 1897 1167 δὲ

254 1200 345 1256 καὶ
398 1199 553 1264 αὐτὸς
608 1203 702 1265 τὰς
755 1202 896 1264 θείας
949 1203 1178 1282 Γραφὰς,
1224 1204 1313 1258 καὶ
1370 1201 1599 1279 μάλιστα
1656 1204 1749 1268 τὰς
1792 1207 1896 1259 τῶν

252 1289 417 1367 ἁγίων
461 1290 705 1370 Πατέρων
765 1293 1058 1370 πρακτικὰς
1111 1293 1411 1372 συγγραφάς
1448 1311 1463 1326 ⁶
1532 1292 1627 1349 ἵνα
1683 1293 1896 1356 ταύταις

250 1378 669 1459 ἀντιπαρατιθεὶς
698 1381 764 1436 τὰ
792 1381 933 1459 παρὰ
975 1387 1066 1437 τοῦ
1121 1379 1437 1440 διδασκάλου
1479 1382 1567 1437 καὶ
1618 1386 1896 1461 προεστῶ-

250 1466 344 1529 τός
411 1490 492 1524 σοι
562 1466 909 1544 διδασκόμενα
971 1470 1057 1525 καὶ
1109 1470 1468 1551 πραττόμενα,
1527 1472 1600 1534 ὡς
1650 1470 1703 1526 ἐν
1757 1492 1894 1526 κατ-

251 1555 434 1635 όπτρῳ
463 1555 675 1614 δύνασαι
723 1556 937 1634 βλέπειν
977 1567 1138 1617 ταῦτα
1182 1559 1267 1615 καὶ
1297 1559 1711 1635 καταμανθάνειν
1746 1574 1759 1588 ‘
1808 1560 1894 1615 καὶ

246 1646 315 1703 τὰ
374 1645 471 1722 μὲν
530 1644 813 1719 συνᾴδοντα
884 1660 1005 1710 ταῖς
1062 1653 1322 1728 Γραφαϊς,
1384 1646 1765 1727 ἐγκολποῦσθαι
1805 1650 1893 1704 καὶ

246 1733 504 1814 κατέχειν
545 1741 613 1813 τῇ
638 1733 839 1809 διανοίᾳ
872 1755 886 1771 ⁸
939 1737 1005 1792 τὰ
1034 1734 1088 1791 δὲ
1136 1737 1258 1793 νόθα
1317 1738 1404 1793 καὶ
1460 1736 1732 1817 ἀλλότρια,
1784 1736 1893 1793 δια-

1976 577 2176 641 tradas
2227 603 2238 638 :
2301 599 2376 642 ne
2429 598 2535 661 pro
2588 580 2928 661 evangelica
2980 581 3211 644 ratione
3262 582 3624 651 diabolicam

1977 666 2191 732 discas.
2264 671 2425 732 Bona
2481 670 2774 751 siquidem
2832 669 3122 733 bonorum
3204 672 3622 751 magistrorum

1973 768 2286 841 praecepta,
2341 762 2627 824 malorum
2687 761 2974 823 malazet
3023 762 3367 825 vitiosarum
3429 770 3620 831 semi-

1976 867 2118 909 num
2162 849 2292 930 ipsa
2320 870 2557 932 quoque
2595 852 2829 914 cultura
2870 869 3112 932 prorsus
3163 851 3374 914 vitiosa
3409 862 3468 916 et
3496 855 3616 918 im-

1978 935 2164 1016 proba
2197 946 2307 1002 est.

2059 1027 2157 1088 33.
2204 1027 2486 1091 Precibus
2515 1036 2574 1090 et
2602 1028 2874 1109 lacrymis
2911 1026 3102 1091 Deum
3150 1027 3347 1107 fatiga,
3404 1039 3470 1093 ut
3517 1032 3626 1098 tibi

1981 1114 2187 1177 ducem
2247 1127 2534 1192 sanctum,
2571 1127 2629 1179 et
2657 1137 2691 1178 a
2723 1117 2986 1179 moribus
3033 1117 3250 1179 rationi
3298 1118 3623 1185 adversan-

1981 1202 2136 1265 tibus
2165 1205 2488 1297 sin_cerum,
2525 1206 2938 1297 integrumque
2990 1207 3223 1297 mittatr
3251 1206 3340 1269 Tu
3391 1229 3623 1293 quoque

1979 1300 2208 1355 sanctas
2240 1293 2593 1375 Scripturas,
2631 1303 2689 1356 et
2719 1294 3014 1375 praecipue
3045 1296 3335 1375 practicos
3376 1309 3621 1362 sancto-

1978 1398 2109 1441 rum
2160 1381 2395 1443 Patrum
2449 1382 2916 1444 Commentarios
2963 1391 3257 1459 scrutare,
3293 1392 3516 1448 etcum
3548 1388 3624 1452 iis

1979 1489 2328 1551 comparans
2378 1490 2507 1551 quae
2534 1490 2567 1533 a
2600 1472 2876 1552 magistro
2922 1483 2983 1534 et
3025 1472 3305 1553 praefecto
3360 1474 3618 1557 deceris,

1980 1559 2132 1620 velut
2160 1559 2222 1620 in
2252 1560 2492 1641 speculo
2523 1561 2720 1641 qualia
2752 1561 2869 1621 sint
2898 1560 3099 1623 videre
3145 1568 3206 1625 et
3258 1579 3621 1642 pernoscere

1976 1666 2195 1728 queas:
2224 1656 2281 1710 et
2314 1668 2447 1710 cum
2503 1648 2823 1729 Scripturis
2853 1649 3090 1729 quidem
3116 1649 3330 1711 divinis
3359 1670 3619 1716 consen-

1977 1736 2181 1798 tientia
2228 1737 2289 1798 in
2339 1737 2535 1800 sinum
2586 1737 2930 1812 immittere,
2965 1746 3026 1798 et
3070 1739 3269 1799 animo
3319 1741 3614 1820 inﬁgere:

247 1825 441 1903 κρίνειν
500 1828 585 1881 καὶ
641 1825 1070 1901 ἀποπέμπεσθαι,
1132 1825 1225 1909 ἵνα
1271 1827 1349 1901 μὴ
1392 1824 1687 1902 πλανηθῇς.
1746 1824 1888 1882 ῐΙολ-

1980 1826 2176 1905 Spuria
2220 1836 2439 1897 autem,
2493 1835 2549 1887 et
2595 1826 2790 1887 aliena
2819 1825 3184 1902 discernere,
3220 1836 3279 1889 et
3306 1828 3612 1909 detestari,

249 1912 333 1970 λοὶ
356 1922 479 1993 γὰρ,
508 1911 636 1990 ἴσθι,
686 1913 875 1971 πλάνοι
904 1917 993 1971 καὶ
1024 1908 1481 1991 ψευδοδιδάσκαλοι
1512 1915 1565 1971 ἐν
1596 1929 1718 1978 ταῖς
1745 1914 1888 1992 ὴμέ-

248 2024 365 2081 ραις
393 2003 611 2082 ταύταις
642 2004 944 2082 γεγόνασιν.
1878 2004 1882 2008 Δ

327 2080 436 2153 λδ’,
498 2097 605 2155 [Ῑᾶς
658 2080 823 2169 ὁμὴ
878 2092 1115 2175 βλέπων,
1166 2090 1356 2159 ἄλλους
1413 2093 1467 2151 δὲ
1524 2093 1743 2175 ὁδηγεῖν
1784 2097 1889 2152 ὓπ-

247 2180 620 2261 ισχνούμενος,
656 2179 854 2245 πλάνος
909 2181 1037 2263 ἐστὶ,
1098 2170 1185 2240 καὶ
1226 2185 1345 2248 τοὺς
1408 2170 1695 2260 ἑπομένους
1748 2187 1889 2260 αὒτῷ

244 2270 319 2332 εἰς
377 2268 532 2346 βυθὸν
594 2268 862 2334 ἀπωλείας
906 2270 1191 2343 ἐντίθησιν,
1246 2274 1383 2330 κατὰ
1436 2274 1534 2342 τὴν
1579 2283 1671 2333 τοῦ
1702 2274 1888 2353 Κυρίου

240 2358 426 2437 φωνήν
462 2375 476 2390 ⁸
546 2377 576 2419 (
631 2358 835 2439 Τυφλὸς
890 2359 1083 2441 τυφλὸν
1125 2360 1213 2419 ἐὰν
1270 2360 1464 2443 ὁδηγῇ,
1499 2362 1784 2442 ἀμφότεροι
1816 2364 1888 2428 εἷς

239 2448 458 2524 βόθυνον
487 2446 860 2523 ἐμπεσοῦνται,
900 2473 925 2509 ι

320 2526 428 2595 λε’.
465 2526 523 2595 Ὀ
550 2536 744 2621 τυφλὸς
768 2539 900 2617 πρὸς
954 2540 1016 2595 τὸ
1059 2538 1138 2620 ἓν,
1200 2538 1392 2621 τυφλὸς
1422 2538 1547 2605 ὅλος
1576 2543 1706 2621 πρὸς
1748 2541 1890 2597 πάν-

239 2647 307 2682 τα
339 2624 502 2687 ἐστίν.
564 2617 637 2684 ’οῨ
674 2623 727 2682 δὲ
799 2626 1010 2704 βλέπων
1070 2617 1133 2684 ἐν’
1175 2631 1253 2704 τῷ
1279 2617 1402 2711 Ἑνὶ,
1462 2630 1516 2687 ἐν
1569 2617 1756 2710 θεωρίᾳ
1785 2636 1891 2686 τῶν

239 2716 457 2772 πάντων
499 2715 648 2772 ἐστί’
695 2722 795 2784 τῆς
842 2717 1057 2797 θεωρίας
1105 2739 1164 2774 τε
1212 2725 1317 2776 τῶν
1347 2719 1560 2775 πάντων
1602 2718 1888 2799 ἀπέχεται,

237 2806 331 2861 καὶ
365 2804 420 2861 ἐν
448 2810 516 2883 τῇ
544 2807 731 2886 θεωρίᾳ
759 2813 865 2863 τῶν
920 2807 1134 2865 πάντων
1187 2808 1406 2887 γίνεται,
1465 2810 1552 2865 καὶ
1605 2815 1712 2865 τῶν
1753 2812 1891 2865 θεω-

239 2895 508 2974 ρουμένων
532 2894 630 2960 ἔξω
659 2895 820 2959 ἐστίν.
868 2894 959 2954 Ἐν
1015 2904 1093 2973 τῷ
1142 2897 1215 2952 ἐνὶ
1270 2897 1435 2961 οὕτως
1485 2896 1580 2973 ὢν,
1626 2899 1693 2955 τὰ
1721 2898 1891 2953 πάντα

302 2989 334 3000 ,,
749 2989 777 3003 ν
941 2986 952 3002 .
1303 2992 1330 3004 ,,
1718 2992 1746 3003 ,,
1828 2977 1842 2997 ‹

236 2985 337 3062 ὁρᾳ
372 3002 386 3016 ’
458 2987 547 3041 καὶ
601 2984 657 3040 ἐν
703 3007 864 3042 πασιν
918 2990 1017 3062 ὼν,
1075 2983 1221 3044 οὐδὲν
1263 3012 1367 3045 των
1398 2986 1609 3044 πάντων
1653 2989 1770 3065 ὁρᾳ.
1845 2995 1885 3043 Ο

1974 1933 2050 1976 ne
2079 1933 2281 1976 errore
2312 1915 2621 1977 auferaris.
2646 1913 2789 1976 Nam
2825 1914 2916 1976 his
2947 1915 3315 1995 temporibus
3344 1918 3614 1983 seducto-

1972 2021 2090 2080 res,
2106 2006 2494 2068 etmendaces
2508 2025 2624 2066 non
2640 2021 2894 2085 paucaus
2914 2004 3190 2082 reperiri,
3214 2006 3386 2082 scias,
3410 2008 3614 2071 velim.

2054 2092 2151 2156 34.
2186 2092 2536 2176 Quicunque
2588 2094 2719 2175 ipse
2776 2112 2896 2154 non
2949 2094 3125 2170 videt,
3179 2102 3237 2155 et
3283 2095 3415 2157 aliis
3459 2096 3610 2160 viam

1974 2180 2314 2261 przeiturum
2347 2184 2682 2264 pollicetur,
2716 2182 2997 2244 seductor
3046 2191 3157 2258 est,
3203 2191 3262 2244 et
3296 2198 3616 2265 sequentes

1973 2287 2038 2330 se
2087 2270 2146 2331 in
2194 2271 2417 2333 foveam
2452 2272 2801 2352 perditionis
2848 2270 3099 2346 inducit,
3149 2273 3318 2352 juxta
3366 2273 3610 2337 verbum

1973 2356 2209 2420 Domini
2243 2377 2256 2422 :
2300 2385 2326 2416 α
2354 2359 2556 2422 Caecus
2576 2359 2626 2421 si
2644 2378 2798 2421 caaco
2830 2358 3107 2422 ducatum
3136 2369 3394 2443 prastet,
3416 2382 3615 2427 nonne

1973 2447 2146 2509 ambo
2175 2449 2237 2509 in
2269 2450 2494 2511 foveam
2528 2449 2743 2510 cadent
2771 2447 2845 2507 3?
2880 2471 2902 2506 ν

2054 2535 2153 2600 35.
2186 2537 2297 2610 Qui
2327 2537 2388 2599 in
2429 2556 2548 2599 uno
2590 2556 2780 2600 caecus
2825 2544 2940 2611 est,
2983 2543 3140 2599 totus
3184 2556 3380 2602 caecus
3432 2548 3521 2602 est
3550 2540 3614 2605 in

1974 2624 2250 2688 omnibus
2283 2647 2296 2687 :
2331 2635 2556 2696 contra,
2611 2625 2712 2707 qui
2743 2625 2898 2687 videt
2926 2626 2988 2687 in
3019 2645 3161 2702 uno,
3196 2627 3353 2690 videt
3382 2629 3446 2690 in
3476 2649 3609 2693 om-

1975 2715 2166 2776 nibus.
2205 2715 2348 2777 Cum
2367 2735 2400 2777 a
2419 2715 2547 2776 visu
2574 2715 2841 2777 omnium
2873 2714 3188 2791 abstineat,
3224 2716 3615 2782 nihilominus

1974 2803 2175 2865 omnia
2197 2804 2374 2881 videt,
2399 2811 2456 2865 et
2481 2812 2645 2865 extra
2666 2804 2789 2865 visa
2808 2812 2920 2866 est.
2942 2803 3037 2866 Sic
3062 2822 3196 2865 cum
3224 2806 3282 2867 in
3307 2823 3422 2867 uno
3441 2810 3612 2886 (Deo)

1974 2892 2068 2968 sit,
2124 2894 2316 2955 cernit
2362 2892 2681 2955 universa:
2718 2902 2776 2954 et
2818 2892 2973 2954 inter
3025 2893 3300 2955 universa
3343 2914 3476 2956 cum
3509 2896 3607 2973 sit,

1973 2980 2117 3043 nihil
2151 3000 2219 3043 ex
2262 2982 2538 3044 omnibus
2590 2981 2801 3044 cernit.
2855 2980 2966 3053 Qui
3016 2985 3075 3042 in
3128 2999 3244 3043 uno
3294 3001 3401 3063 per
3432 3003 3611 3045 unum

233 3070 449 3148 βλέπων
478 3073 532 3131 ἐν
573 3082 649 3150 τῷ
690 3075 784 3147 ἑνὶ,
819 3073 902 3132 διὰ
942 3085 1034 3136 τοῦ
1062 3077 1175 3141 ἐνος
1218 3077 1307 3134 καὶ
1337 3077 1543 3153 ἑαυτὸν,
1590 3063 1882 3133 καὶ-ἅπαν-

1980 3070 2144 3149 videt;
2175 3079 2233 3133 et
2260 3071 2543 3153 seipsum,
2573 3078 2631 3132 et
2651 3070 2851 3132 omnia
2872 3071 3052 3146 videt,
3080 3077 3138 3131 et
3166 3069 3228 3131 in
3260 3086 3330 3134 eo
3362 3071 3616 3136 abscon-

230 3183 327 3238 τα,
399 3164 487 3220 καὶ
557 3165 758 3229 πάντας
823 3167 1017 3244 καθορᾷ
1051 3182 1065 3196 ⁶
1126 3168 1213 3223 καὶ
1281 3164 1640 3246 κεκρυμμένος
1698 3164 1770 3222 ὢν
1828 3163 1884 3219 ἐν

229 3254 402 3326 αὐτῷ,
423 3250 593 3335 ὀῦδὲν
622 3258 726 3310 τῶν
757 3253 1002 3314 ἁπάντων
1033 3257 1150 3335 ὁρᾷ.

315 3330 455 3415 λς’.
489 3333 548 3400 Ὀ
604 3342 681 3420 μὴ
722 3345 824 3412 τὴν
868 3330 1191 3401 εἰκόναποῦ
1248 3345 1436 3424 Κυρίου
1492 3345 1646 3420 ἡμῶν
1707 3341 1884 3410 Ἰησοῦ

228 3436 481 3509 Χριστοῦ,
527 3438 620 3489 τοῦ
677 3433 983 3514 ἐπουρανίου
1040 3433 1311 3515 ἀνθρώπου
1362 3456 1419 3491 τε
1472 3435 1560 3490 καὶ
1616 3438 1770 3507 Θεοῦ,
1830 3431 1884 3489 ἐν

227 3528 315 3596 τῷ
374 3519 578 3599 λογικῷ
642 3527 731 3581 καὶ
814 3531 978 3603 νοερῷ
1055 3524 1314 3604 ἀνθρώπῳ
1395 3524 1716 3593 εὐαισθήτως
1796 3524 1884 3579 καὶ

228 3614 488 3688 γνωστῶς
547 3609 910 3688 ἐνδυσάμενος,
979 3616 1120 3689 αἷμα
1190 3613 1349 3688 μόνον
1414 3612 1521 3668 ἐστὶ
1575 3613 1663 3669 καὶ
1731 3610 1877 3691 σὰρξ,

232 3704 599 3775 πνευματικῆς
657 3698 810 3769 δόξης
869 3699 1120 3769 αἴσθησιν
1178 3702 1255 3776 μὴ
1311 3699 1592 3778 δυνάμενος
1650 3697 1735 3757 διὰ
1790 3706 1881 3756 τοῦ

232 3787 398 3867 λόγου
452 3787 635 3846 λαϐεῖν
668 3806 683 3822 ⁹
745 3791 978 3869 καθάπερ
1032 3791 1120 3846 καὶ
1177 3792 1223 3845 οἱ
1279 3788 1340 3845 ἐκ
1393 3794 1613 3868 γενετῆς
1671 3787 1875 3869 τυφλοὶ,

232 3876 324 3933 διὰ
375 3884 468 3934 τοῦ
520 3877 677 3959 λόγου
735 3880 897 3957 μόνου
949 3881 1011 3936 τὸ
1063 3887 1153 3937 τοῦ
1206 3876 1359 3946 ἡλίου
1415 3885 1527 3959 φῶς
1568 3883 1763 3958 γνῶναι
1822 3876 1881 3934 οὗ

230 3964 497 4026 δύνανται.

311 4045 415 4127 λζ’.
449 4048 507 4115 Ὀ
538 4058 743 4116 ἀκούων
785 4059 873 4115 καὶ
902 4056 1068 4122 οὕτως
1097 4055 1306 4135 βλέπων
1354 4056 1442 4113 καὶ
1478 4056 1879 4137 αἰσθανόμενος,

224 4141 347 4202 οἵδε
373 4151 480 4201 τῶν
511 4145 814 4226 λεγομένων
869 4147 966 4213 τὴν
1019 4144 1256 4222 δύναμιν,
1306 4147 1378 4208 ὡς
1435 4140 1538 4213 ἤδη
1570 4144 1669 4213 τὴν
1703 4145 1881 4202 εἰκόνα

223 4232 455 4314 φορέσας
511 4242 604 4292 τοῦ
664 4236 991 4316 ἐπουρανίου,
1052 4236 1139 4292 καὶ
1194 4235 1267 4297 εἷς
1325 4231 1483 4314 ἄνδρα
1539 4233 1740 4291 τέλειον
1798 4232 1882 4291 ἐλ-

219 4324 333 4379 θὼν
373 4334 464 4383 τοῦ
492 4323 853 4406 πληρώματος
905 4331 997 4382 τοῦ
1042 4328 1269 4404 Χριστοῦ
1305 4340 1320 4358 ⁸
1368 4325 1457 4380 καὶ
1513 4321 1677 4388 οὕτως
1709 4321 1876 4404 ἔχων,

1967 3160 2146 3238 ditus,
2180 3160 2329 3221 nihil
2360 3160 2623 3221 omnium
2656 3158 2834 3223 videt.

2046 3339 2144 3404 36.
2179 3338 2292 3411 Qui
2320 3339 2640 3416 imaginem
2673 3337 2910 3401 Domini
2953 3335 3144 3398 nostri
3181 3338 3321 3400 Jesu
3359 3336 3603 3418 Christi,

1967 3428 2223 3490 cmlestis
2272 3429 2532 3490 hominis
2577 3440 2657 3490 ac=
2697 3426 2807 3490 Dei
2857 3425 2919 3487 in
2947 3426 3189 3487 homine
3219 3425 3507 3491 interiore
3536 3447 3606 3489 ac

1964 3519 2239 3582 rationali
2270 3537 2673 3596 .cognoscens,
2708 3526 2766 3580 et
2807 3516 3073 3579 sentiens
3101 3516 3355 3577 necdum
3389 3517 3603 3597 induit,

1967 3608 2294 3669 etiamnum
2324 3625 2458 3668 caro
2490 3614 2742 3681 tantum,
2771 3614 2828 3668 et
2857 3604 3092 3683 sanguis
3114 3612 3204 3666 est
3236 3626 3249 3669 :
3284 3623 3395 3667 nec
3412 3613 3607 3687 potest

1966 3696 2289 3777 spiritualis
2333 3697 2533 3774 gloriae
2583 3694 2850 3757 notitiam
2892 3711 2999 3775 per
3028 3693 3136 3756 Dei
3167 3692 3409 3754 verbum
3442 3694 3606 3756 acci-

1966 3804 2128 3865 pere,
2162 3784 2663 3865 quemadmodum
2705 3783 2892 3845 oculis
2946 3781 3019 3843 ab
3068 3781 3197 3862 ipsa
3237 3782 3467 3861 origine
3500 3799 3607 3845 sua

1966 3873 2179 3948 orbati,
2242 3873 2380 3934 solis
2428 3873 2627 3934 lumen
2678 3892 2784 3954 per
2823 3871 3065 3936 alterius
3120 3889 3458 3935 sermonem
3501 3890 3611 3934 ne-

1965 3969 2191 4043 queunt
2224 3980 2607 4041 cognoscere.
3506 4004 3509 4005 ί

2043 4053 2142 4114 37.
2179 4049 2290 4124 Qui
2323 4050 2406 4112 sic
2435 4051 2623 4132 audit,
2656 4049 2849 4111 cernit
2876 4056 2936 4111 et
2965 4048 3262 4127 intelligit,
3294 4048 3448 4110 haud
3495 4066 3606 4111 ne-

1964 4140 2075 4201 scit
2104 4138 2246 4221 quid
2278 4139 2389 4201 sibi
2418 4139 2597 4202 verba
2619 4146 2822 4201 nostra
2854 4138 3040 4201 velint
3066 4159 3079 4201 :
3108 4137 3286 4219 utqui
3309 4138 3434 4218 jam
3464 4137 3612 4200 ima-

1963 4230 2159 4309 ginem
2193 4228 2448 4291 caalestis
2465 4237 2698 4309 portare
2729 4227 2974 4309 coeperit
2996 4228 3048 4303 4,
3076 4233 3134 4288 et
3165 4226 3226 4287 in
3254 4228 3443 4309 virum
3476 4244 3606 4307 per-

1962 4320 2178 4381 fectum
2227 4317 2618 4400 plenitudinis
2646 4317 2862 4381 Christi
2892 4316 3143 4379 evaserit
3167 4317 3221 4377 5.
3255 4314 3366 4388 Qui
3397 4315 3457 4375 in
3489 4315 3605 4376 hoc

222 4409 439 4469 δύναται
481 4416 569 4470 καὶ
608 4404 787 4480 καλῶς
831 4413 1050 4495 ὁδηγεῖν
1092 4413 1146 4470 ἐν
1197 4419 1275 4487 τῷ
1317 4411 1422 4488 ὁδῷ
1462 4416 1568 4469 τῶν
1610 4419 1702 4470 τοῦ
1749 4420 1880 4469 Θεοῦ

1980 4417 2115 4472 statu
2146 4416 2256 4484 est,
2281 4407 2333 4469 is
2362 4408 2525 4489 gregi
2557 4407 2764 4470 christi
2814 4407 2875 4468 in
2921 4406 3012 4467 via
3047 4405 3458 4495 mandatorum
3497 4404 3608 4466 Dei

223 4499 458 4559 ἐντολῶν
487 4504 548 4559 τὸ
594 4505 837 4581 ποίμνιον
886 4510 978 4561 τοῦ
1035 4507 1190 4563 Θεοῦ.
1239 4495 1298 4560 Ὀ
1353 4500 1408 4557 δὲ
1463 4502 1542 4578 μὴ
1593 4499 1769 4579 εἰδὼς,
1796 4507 1887 4563 καὶ

223 4586 407 4656 ἄλλως
434 4590 602 4673 ἔχων,
648 4592 912 4674 πρόδηλός
968 4592 1133 4669 ἐστιν,
1186 4591 1268 4650 ὅτι
1328 4589 1443 4649 οὐδὲ
1471 4592 1538 4648 τὰ
1565 4593 1885 4674 αἰσθητήρια

219 4684 327 4747 τῆς
585 4665 968 4762 ⁷τετρανωμὲνα
1022 4665 1127 4739 καὶ*
1164 4683 1291 4762 ὑγιῆ
1331 4679 1654 4761 ἐπιφέρεται,
1698 4665 1756 4761 ᾯ
1791 4665 1882 4736 καὶ

218 4766 431 4845 μᾶλλον
484 4768 661 4836 καλῶς
706 4769 807 4838 ἔξει
863 4772 925 4829 τὸ
967 4767 1209 4852 ἄγεσθαι,
1266 4769 1303 4840 ἢ
1357 4771 1418 4826 τὸ
1461 4766 1609 4849 ἄγειν
1664 4769 1875 4827 ἐπικιν-

226 4855 422 4923 δύνως.

303 4935 417 5015 λη’.
454 4938 513 5008 ιΟ
560 4956 638 5026 τῷ
671 4947 971 5025 διδασκάλῳ
1020 4951 1109 5006 καὶ
1164 4945 1345 5028 ὁδηγῷ
1396 4950 1576 5025 αὐτοϋ,
1640 4950 1714 5013 ὡς
1761 4954 1877 5023 Θεῷ

208 5036 488 5113 ἀτενίζων,
551 5038 849 5119 ἀντιλέγειν
906 5043 966 5099 οὗ
1020 5036 1255 5099 δύναται.
1330 5039 1388 5094 Εἰ
1447 5035 1502 5093 δὲ
1564 5036 1736 5119 οἴεται
1784 5036 1873 5095 καὶ

202 5124 363 5204 λέγει
434 5124 706 5210 ἀμφότερα
754 5116 936 5209 ἔχειν,
997 5125 1157 5201 ἴστω,
1216 5122 1578 5194 πεπλάνηται.
1655 5116 1869 5184 Ὀποίαν

203 5235 322 5299 γηρ
364 5217 532 5299 οἱντοῦ
560 5224 691 5275 Θεοῦ
748 5219 878 5299 πρὸς
936 5218 1027 5275 τὸν
1072 5217 1200 5274 Θεὸν
1256 5214 1441 5296 ἔχουσι
1499 5215 1597 5284 τὴν
1641 5212 1866 5273 διάθεσιν

207 5319 244 5361 α
286 5298 358 5377 [ἐν
391 5298 515 5363 ἀλλδ
553 5323 580 5363 ι
630 5298 884 5387 διάνοιαν]
914 5304 1123 5385 ἆγνοεϊ.

1969 4516 2102 4561 cum
2132 4496 2305 4558 laude
2335 4514 2521 4577 praare
2553 4496 2787 4578 poterit.
2828 4496 2937 4569 Qui
2968 4496 3222 4576 ignorat,
3257 4500 3316 4555 et
3343 4494 3515 4556 aliter
3543 4512 3608 4555 se

1966 4586 2165 4659 habet,
2200 4604 2335 4648 eum
2368 4605 2479 4647 nec
2503 4604 2713 4647 sensus
2742 4585 2959 4647 animae
2991 4584 3315 4645 illustratos
3345 4591 3404 4645 et
3430 4600 3608 4645 sanos

1965 4676 2190 4739 habere
2220 4686 2470 4737 constat.
2522 4673 2919 4747 Quamobrem
2951 4672 3038 4735 illi
3074 4672 3258 4752 magis
3287 4672 3604 4747 conducet,

1964 4766 2018 4829 si
2044 4771 2307 4845 regatur,
2341 4782 2514 4845 quam
2547 4764 2598 4825 si
2625 4762 2960 4845 periculose
2990 4770 3176 4843 regat.

2041 4939 2141 5007 38.
2176 4938 2286 5013 Qui
2319 4939 2669 5019 magistrum
2701 4959 2769 5003 ac
2799 4940 3014 5004 ducem
3060 4957 3231 5001 suum
3267 4954 3388 4999 non
3428 4953 3607 4999 secus

1960 5048 2134 5112 quam
2177 5028 2365 5091 Deum
2399 5029 2708 5105 auscultat,
2747 5037 2806 5091 et
2848 5029 2908 5091 in
2941 5047 3011 5091 eo
3042 5027 3267 5089 deﬁxus
3316 5032 3425 5099 est,
3456 5042 3606 5086 con-

1954 5119 2258 5182 tradicere
2316 5136 2434 5178 non
2496 5128 2710 5198 potest.
2774 5117 2878 5180 Sin
2933 5124 3127 5178 autem
3179 5112 3499 5175 arbitratur
3543 5113 3605 5174 in

1950 5216 2272 5289 utramque
2302 5214 2529 5287 partem
2573 5206 2694 5268 dici
2743 5224 2919 5287 posse
2948 5224 3012 5268 se
3043 5218 3250 5266 errare
3272 5200 3442 5263 sciat.
3479 5200 3606 5274 Quo

1956 5296 2137 5361 modo
2169 5295 2331 5359 enim
2360 5294 2461 5376 qui
2492 5293 2597 5356 Dei
2628 5303 2763 5357 sunt
2811 5311 2954 5373 erga
3002 5293 3190 5356 Deum
3241 5289 3601 5366 afﬁciantur,

1947 5393 2326 5470 compertum
2365 5402 2484 5446 non
2516 5382 2718 5447 habet.

288 5566 324 5621 3
357 5568 566 5634 Matth.
600 5590 698 5653 xv,
730 5574 830 5640 14.
915 5572 1000 5636 41
1029 5567 1161 5633 Cor.
1202 5582 1303 5649 xv,
1336 5571 1436 5635 49.
1518 5571 1551 5624 5
1576 5567 1799 5653 Ephes.
1831 5583 1913 5648 ιν,
1948 5565 2049 5632 43.

542 5754 809 5821 ΡΑΤιιοΙ..
843 5752 1025 5823 CXX.
