4054 6114
460 278 579 343 619

447 503 698 585 pastoris
714 503 806 564 sui
831 506 1090 584 positum
1112 523 1246 567 esse
1279 505 1489 579 credit,
1527 522 1825 584 nunquam
1857 513 2086 564 contra-

445 591 625 654 dicet.
675 594 870 673 Atque
901 593 1075 672 hujus
1123 593 1212 655 rei
1257 593 1493 655 inscitia
1551 592 2082 654 contradictionem

445 691 736 760 generat:
772 677 1161 744 contradictio
1215 683 1423 744 mortis
1473 681 1582 743 sub
1634 679 2083 760 intelligentiam

446 770 736 846 cadentis,
768 789 836 832 ac
865 771 1249 851 sempiternae
1277 771 1539 833 effectrix
1573 778 1684 832 est.

525 859 626 922 40.
649 857 995 940 Priusquam
1019 861 1236 940 aliquis
1267 861 1665 922 damnationis
1693 859 1988 921 sententia
2009 857 2089 918 fe-

445 950 654 1021 riatur,
690 948 862 1010 datur
891 950 1056 1010 locus
1087 949 1234 1010 facta
1267 968 1372 1010 sua
1411 949 1775 1011 defendendi
1804 947 1957 1028 apud
1985 946 2086 1024 ju-

447 1037 666 1099 dicem.
701 1039 897 1100 Factis
926 1047 1121 1100 autem
1173 1039 1344 1119 plane
1385 1039 1508 1118 jam
1558 1036 1983 1110 constantibus,
2034 1041 2091 1094 et

447 1126 800 1207 manifestis,
833 1136 894 1189 et
924 1129 1220 1191 sententia
1243 1125 1466 1208 judicis
1498 1128 1742 1208 prolata,
1769 1124 2089 1187 tortoribus

448 1233 560 1279 nec
588 1216 860 1293 multum,
911 1236 1022 1280 nec
1079 1237 1286 1300 parum
1341 1217 1749 1280 contradicere
1791 1235 1859 1278 ac
1903 1233 2085 1296 repu—

447 1323 628 1385 gnare
653 1305 738 1368 fas
767 1314 879 1369 est.

528 1396 630 1457 41.
676 1396 964 1476 Atequam
1014 1395 1087 1456 ad
1137 1395 1288 1457 istud
1321 1394 1573 1457 tribunal
1604 1395 1843 1457 accedat
1875 1412 2084 1455 mona-

449 1483 618 1558 chus,
654 1493 713 1559 et
742 1493 945 1566 aperta
992 1485 1136 1546 fiant
1189 1504 1318 1566 quae
1372 1485 1563 1548 latent
1613 1484 1676 1546 in
1716 1484 1896 1546 corde
1928 1483 2082 1563 ejus,

450 1571 715 1634 fortassis
739 1572 794 1634 ei
815 1572 1226 1634 contradicere
1247 1572 1409 1646 licet,
1435 1571 1644 1652 partim
1673 1571 2089 1652 propterigno-

449 1660 743 1737 rantiam;
778 1662 990 1742 partim
1030 1662 1169 1742 quia
1200 1680 1304 1723 sua
1339 1681 1402 1723 se
1434 1661 1730 1722 occultare
1761 1679 1935 1742 posse
1964 1661 2088 1740 opi-

1752 277 2059 343 SYMEON
2065 273 2134 338 IS
2172 274 2526 340 JUNIORIS

525 414 626 476 39.
659 413 771 487 Qui
801 413 977 477 vitam
985 415 1153 494 juxta
1181 432 1250 476 ac
1277 414 1584 476 interitum
1612 431 1784 476 suum
1815 413 1877 474 in
1906 429 2084 473 manu
2105 418 2146 465 Α

3696 275 3820 342 620

2248 402 2353 471 λθ’.
2391 403 2446 468 Ὀ
2480 412 2737 468 πιστεύων
2788 411 2842 468 ἐν
2885 417 2954 488 τῇ
3011 414 3152 492 χειρὶ
3211 419 3302 469 τοῦ
3348 411 3601 488 ποιμένος
3631 414 3813 485 αὐτοῦ,

2170 499 2268 566 τὴν
2298 501 2481 558 ἑαυτοῦ
2524 501 2782 580 ὑπάρχειν
2836 501 2978 570 ζωὴν
3025 502 3112 557 καὶ
3163 503 3252 558 τὸν
3281 503 3527 576 θάνατον,
3562 503 3658 558 οὐκ
3686 500 3816 556 ἀντ-

2171 589 2306 644 είποι
2349 588 2501 651 ποτέ,
2539 581 2601 644 Ἡ
2632 587 2685 644 δέ
2727 589 2923 645 τούτων
2956 586 3140 668 ἄγνοια
3171 590 3469 670 ἀντιλογίαν
3499 595 3677 669 γεννᾷ,
3713 589 3813 655 τῆν

2169 675 2414 756 πρόξενον
2443 685 2534 734 τοῦ
2561 687 2751 744 νοητοῦ
2789 680 2875 734 καὶ
2907 680 3116 735 αἰωνίου
3143 681 3386 743 θανάτου,

2303 845 2314 864 ο

2253 880 2292 930 μ
2320 901 2331 914 .
2368 857 2472 934 Πρὸ
2518 861 2610 912 τοῦ
2651 853 2837 913 λαϐεῖν
2885 857 2984 924 τὴν
3039 857 3301 938 ἀπόφασιν
3357 859 3449 914 τὸν
3505 855 3809 936 κατάδικον,

2169 945 2330 1007 τόπος
2389 943 2580 1000 δίδοται
2634 943 2922 1022 ἀπολογίας
2987 947 3153 1021 αὐτῷ,
3216 954 3293 1022 τῷ
3349 945 3570 1023 δικαστῇ
3626 944 3812 1002 λαλεῖν

2171 1035 2287 1110 περὶ
2315 1035 2387 1089 ὧν
2421 1031 2606 1112 ἔπραξε
2634 1049 2646 1061 ⁸
2684 1035 2817 1108 μετὰ
2848 1033 2902 1089 δὲ
2930 1035 3026 1102 τὴν
3056 1041 3160 1092 τῶν
3193 1035 3466 1114 πρακτέων
3499 1034 3814 1115 φανέρωσιν,

2171 1124 2260 1177 καὶ
2288 1123 2384 1188 τὴν
2413 1129 2505 1178 τοῦ
2534 1121 2780 1180 δικαστοῦ
2810 1123 3098 1203 ἀπόφασιν,
3133 1123 3276 1181 οὐδὲν
3304 1124 3340 1192 ἢ
3369 1125 3579 1205 μικρὸν,
3612 1127 3647 1191 ἢ
3676 1122 3818 1200 μέγα

2169 1224 2286 1273 τοῖς
2316 1211 2680 1286 βασανίζουσιν
2723 1210 3009 1290 ἀντιλέγει,

2251 1389 2364 1461 μα’.
2425 1389 2530 1465 Πρὸ
2587 1396 2678 1444 του
2734 1389 2987 1446 εἰσελθεῖν
3043 1392 3116 1454 εἷς
3160 1397 3316 1448 τοῦτο
3368 1393 3428 1446 τὸ
3471 1389 3811 1468 δικαστήριον

2167 1478 2257 1532 τὸν
2315 1478 2582 1556 μοναχὸν,
2645 1480 2730 1533 καὶ
2814 1484 3109 1557 φανερῶσαι
3185 1481 3343 1537 αὑτοῦ
3408 1481 3475 1536 τὰ
3543 1476 3815 1557 ὲγκάρδια,

2174 1565 2306 1628 ἴσως
2352 1565 2642 1644 ἀντιλέγειν
2674 1566 2868 1632 ἔξεστιν
2911 1568 3052 1643 αὒτῷ
3086 1585 3099 1600 ⁶
3146 1569 3212 1625 τὰ
3263 1570 3352 1625 τὲν
3404 1570 3542 1626 κατὰ
3571 1565 3815 1646 ἄγνοιαν,

2171 1656 2220 1690 ,κ
2272 1653 2316 1684 ‘1
2419 1656 2432 1675 κ
2491 1657 2502 1671 ο
2623 1657 2636 1676 θ
2729 1656 2738 1674 ν
2784 1663 2806 1673 ~
2947 1657 2958 1678 ι
3206 1658 3220 1675 ε
3448 1667 3470 1676 ν
3639 1656 3690 1690 ..κ
3792 1656 3813 1684 1

2182 1677 2236 1710 ια
2266 1671 2318 1708 οε
2347 1677 2435 1710 και
2478 1677 2550 1718 ως
2595 1677 2817 1731 οιομενῳ
2867 1679 3112 1736 κρύπτειν
3167 1679 3233 1713 τα
3289 1659 3498 1720 ἑαυτου.
3559 1661 3704 1712 Mea
3758 1652 3816 1709 δέ

451 1756 644 1811 natur.
683 1749 799 1812 Sed
834 1757 964 1830 post
1011 1751 1438 1827 cogitationum
1476 1751 1921 1824 revelationem,
1961 1749 2086 1810 sin-

2183 1745 2269 1811 τῆν
2299 1751 2402 1800 τῶν
2433 1743 2703 1823 λογισμῶν
2764 1746 3124 1822 ἀποκάλυψιν,
3183 1751 3270 1804 καὶ
3324 1748 3577 1826 εἰλικρινῆ
3625 1744 3818 1822 ἐξαγό-

451 1855 770 1918 ceramque
800 1839 1242 1900 confessionem
1277 1859 1395 1907 non
1428 1838 1567 1915 licet
1598 1858 1878 1920 unquam,
1905 1858 2090 1919 usque

2183 1855 2370 1911 ρευσιν,
2431 1836 2523 1890 οὒκ
2567 1833 2764 1898 ἔξεστιν
2819 1835 3110 1915 ἀντιλέγειν
3155 1840 3232 1911 τῷ
3288 1839 3420 1913 μετά
3477 1838 3604 1892 Θεὸν
3660 1833 3818 1890 δικα-

449 1926 522 1986 ad
555 1937 802 1988 mortem
821 1928 1012 2007 judici
1043 1928 1371 1990 secundum
1402 1927 1614 2001 Deum,
1639 1936 1696 1989 et
1718 1928 1934 1988 vicario
1963 1926 2094 2006 ejus

451 2033 586 2077 sese
617 2016 791 2078 dictis
821 2037 1152 2098 opponere.
1189 2018 1516 2080 Monachus
1546 2018 1764 2098 quippe
1809 2017 1881 2078 ab
1924 2016 2092 2078 initio

449 2103 523 2166 ad
547 2105 660 2166 hoc
681 2105 936 2167 tribunal
968 2108 1293 2184 ingressus,
1321 2107 1518 2168 cordis
1549 2107 1641 2167 sui
1667 2108 1906 2168 retectis
1934 2125 2097 2167 arca-

450 2195 542 2256 nis
562 2194 686 2274 jam
717 2195 857 2257 inde
887 2196 998 2258 sibi
1032 2195 1344 2276 persuasit,
1372 2197 1422 2256 si
1442 2198 1527 2255 vel
1569 2195 1861 2258 modicam
1894 2195 2092 2272 cogni-

451 2282 673 2344 tionem
703 2285 1064 2365 acquisierit,
1105 2284 1266 2345 mille
1291 2292 1512 2346 mortes
1543 2303 1606 2346 se
1627 2285 2084 2347 commeruisse:

451 2378 510 2434 et
539 2391 646 2452 per
673 2372 1098 2447 obedientiam,
1125 2373 1634 2455 humilitatemque
1664 2393 1826 2436 suam
1858 2374 1931 2455 (si
1954 2393 2090 2435 vere

451 2461 653 2541 utique
683 2463 944 2543 mysterii
976 2463 1213 2524 modum
1247 2461 1378 2543 scit)
1413 2465 1575 2525 omni
1608 2463 1833 2525 ultione
1864 2464 2092 2545 suppli-

452 2548 665 2631 cioque
693 2551 1006 2614 liberatum
1038 2552 1246 2615 credit.

528 2728 628 2791 42.
665 2729 775 2802 Qui
807 2731 931 2792 haec
960 2730 1310 2794 indelebilia
1337 2732 1399 2793 in
1430 2732 1626 2794 animo
1659 2751 1762 2793 suo
1803 2731 2086 2810 custodit,

450 2816 683 2893 doctus,
715 2818 1072 2896 admonitus,
1095 2821 1412 2898 castigatus
1430 2839 1728 2902 nunquam
1757 2821 1933 2881 corde
1959 2839 2089 2879 mo-

449 2907 708 2970 vebitur.
743 2909 1029 2981 Quoniam
1062 2911 1163 2987 qui
1194 2911 1254 2971 in
1278 2911 1402 2972 haec
1431 2911 1578 2972 mala
1611 2909 1842 2982 incidit,
1869 2909 1928 2970 in
1952 2929 2091 2971 con-

450 2998 890 3075 tradictionem,
905 2999 1172 3081 inquam,
1191 3008 1248 3061 et
1267 2999 1679 3061 infidelitatem
1696 3017 1834 3078 erga
1858 3001 2090 3061 Patrem

449 3087 819 3167 spiritualem
853 3095 910 3149 et
939 3091 1280 3168 magistrum
1307 3107 1502 3168 suum,
1534 3089 1595 3149 in
1622 3107 1818 3150 casses
1851 3096 1909 3148 et
1948 3107 2084 3168 pro-
2109 3117 2147 3167 ρ

449 3177 634 3239 funda
687 3176 1013 3238 inferorum
1071 3178 1262 3240 adhuc
1307 3178 1512 3239 vivens
1572 3177 1970 3240 miserandum
2026 3177 2088 3238 in

451 3266 694 3328 modum
725 3265 1070 3328 deturbatur
1101 3285 1114 3328 :
1151 3275 1211 3328 et
1234 3275 1296 3328 ut
1326 3266 1745 3328 inobedientiae
1783 3285 1851 3328 ac
1883 3265 2087 3346 perdi-

449 3353 628 3416 tionis
649 3355 828 3428 fllius,
863 3354 1232 3416 domicilium
1279 3353 1508 3418 Satanae
1537 3356 1620 3430 fit,
1651 3364 1708 3417 et
1736 3355 1932 3417 omnis
1973 3355 2085 3417 im-

450 3444 686 3506 munda;
716 3442 1018 3524 potestatis
1050 3445 1204 3524 ejus.

528 3531 626 3595 43.
660 3531 963 3594 Adhortor
992 3538 1071 3606 te,
1107 3532 1190 3592 fili
1217 3530 1594 3605 obedientiae,
1631 3538 1696 3592 ut
1726 3532 1851 3594 haec
1872 3531 1932 3592 in
1957 3551 2092 3612 pec-

451 3629 578 3682 tore
607 3633 709 3682 tuo
739 3622 965 3682 volutes
989 3620 1338 3692 identidem,
1365 3639 1724 3700 omnemque
1750 3623 2088 3682 contentio-

449 3729 586 3772 nem
613 3709 918 3784 adhibeas,
935 3729 1008 3771 ne
1025 3710 1082 3772 in
1105 3710 1258 3772 mala
1279 3710 1518 3783 inferni,
1535 3710 1610 3771 de
1631 3709 1846 3789 quibus
1867 3710 2090 3771 dictum

451 3806 541 3860 est
569 3817 604 3860 a
632 3798 830 3874 nobis,
859 3799 1215 3880 praecipites,
1247 3801 1346 3861 sed
1367 3799 1425 3858 in
1458 3798 1586 3859 dies
1611 3797 1872 3877 singulos
1904 3799 2090 3860 Deum

449 3889 530 3950 ita
561 3905 738 3969 roges
765 3895 821 3949 et
849 3888 1050 3949 dicas:
1090 3890 1267 3964 Deus,
1304 3896 1360 3949 et
1381 3887 1634 3948 Domine
1653 3887 2086 3962 universorum,

450 3995 624 4058 quem
659 3995 844 4057 penes
873 3978 1170 4038 estomnis
1200 3977 1466 4057 spiritus,
1489 3985 1546 4037 et
1565 3976 1778 4037 anima;
1808 3984 2086 4056 potestas,

452 4067 554 4148 qui
584 4067 744 4128 solus
775 4085 987 4128 sanare
1011 4085 1105 4128 me
1136 4074 1321 4146 potes,
1360 4065 1571 4127 exaudi
1621 4084 1715 4126 me
1760 4064 2087 4141 infelicem,

451 4163 511 4218 et
537 4157 599 4217 in
630 4174 725 4216 me
746 4156 1192 4218 delitescentem
1217 4156 1536 4216 draconem
1568 4153 1929 4215 sanctissimi
1949 4153 2088 4234 Spi-

448 4244 598 4306 ritus
631 4245 712 4304 tui
751 4245 1004 4306 adventu
1034 4245 1451 4324 interemptum
1487 4243 1659 4316 dele;
1689 4261 1899 4322 meque
1915 4261 2089 4304 men-

453 4333 679 4414 dicum,
713 4343 773 4394 et
799 4334 871 4396 ab
905 4335 1065 4395 omni
1113 4335 1322 4395 virtute
1377 4333 1622 4402 nudum,
1676 4332 1861 4394 sancti
1901 4332 2093 4394 Patris

2175 1929 2299 1998 στῇ,
2351 1925 2438 1978 καὶ
2482 1922 2791 2000 ἐξουσιαστῇ
2835 1925 3015 2000 αὑτοῦ,
3076 1925 3239 2005 μέχρι
3280 1927 3501 1985 θανάτου
3556 1923 3706 1982 ποτέ.
3758 1913 3818 1978 Ὀ

2175 2013 2274 2090 γὰρ
2305 2013 2544 2091 μοναχὶς
2597 2012 2650 2067 ἐν
2695 2015 2866 2088 ’τούτῳ
2909 2012 3027 2070 κατ’
3085 2015 3258 2094 ἀρχὰς
3304 2014 3547 2071 εἰσελθὼν
3598 2017 3676 2087 τῷ
3729 2009 3820 2066 δι-

2175 2101 2464 2180 καστηρίῳ,
2501 2103 2586 2157 καὶ
2635 2102 3024 2180 ἀπογυμνώσας
3082 2106 3148 2160 τὰ
3202 2106 3405 2183 κρυπτὰ
3447 2109 3545 2171 τῆς
3602 2099 3818 2181 καρδίας

2173 2189 2350 2265 αὑτοῦ,
2414 2190 2692 2247 πέπεισται
2749 2191 2810 2247 ἐκ
2873 2196 3186 2273 προοιμίων,
3259 2193 3375 2271 εἴγε
3431 2196 3518 2249 καὶ
3575 2191 3820 2248 ὁπωσοῦν

2171 2283 2364 2354 γνῶσιν
2449 2278 2724 2353 κέκτηται,
2823 2279 2903 2337 ὅτι
2986 2281 3180 2360 μυρίων
3262 2283 3489 2362 ὑπάρχει
3581 2281 3818 2338 θανάτων

2174 2364 2314 2430 ἄξιος
2349 2383 2363 2398 ⁸
2418 2369 2503 2423 καὶ
2553 2367 2636 2423 διὰ
2681 2374 2776 2435 τῆς
2808 2370 3047 2437 ὑπακοῆς
3107 2373 3262 2429 αὑτοῦ
3303 2373 3390 2426 καὶ
3420 2370 3814 2443 ταπεινώσεως,

2172 2455 2347 2522 πάσης
2400 2457 2652 2535 τιμωρίας
2713 2459 2798 2514 καὶ
2870 2457 3140 2522 κολάσεως
3183 2458 3534 2538 λυτρωθῆναικ
3554 2459 3810 2533 πιστεύει,

2173 2545 2215 2599 εί
2259 2547 2330 2608 ὡς
2375 2543 2584 2611 ἀληθῶς
2641 2544 2737 2624 ἄρα
2795 2548 2885 2604 τὸν
2941 2549 3132 2626 τρόπον
3191 2556 3282 2605 τοῦ
3339 2549 3630 2628 μυστηρίου
3695 2547 3816 2604 ἐπί-

2173 2655 2383 2691 σταται.

2255 2713 2368 2798 μβ’.
2410 2714 2465 2780 Ὀ
2510 2721 2855 2788 ἀνεξάλειπτα
2885 2733 3048 2782 ταῦτα
3087 2724 3360 2806 φυλάττων
3404 2727 3458 2782 ἐν
3513 2733 3582 2804 τῇ
3635 2728 3822 2784 ἑαυτοῦ

2175 2808 2391 2890 διανοίᾳ,
2476 2813 2575 2877 τὴν
2649 2811 2861 2892 καρδίαν
2942 2812 3189 2871 οὑδέποτε
3259 2817 3624 2894 κινηθήσεται,
3697 2837 3821 2871 παι-

2175 2897 2476 2976 δευόμενος,
2513 2901 2548 2968 ἣ
2592 2905 3016 2979 νουθετούμενος,
3067 2904 3103 2971 ἢ
3153 2903 3527 2984 ἐλεγχόμενος.
3595 2901 3812 2968 Ἐπειδὴ

2176 2991 2203 3044 ὁ
2235 2988 2508 3064 ἐμπίπτων
2570 3004 2688 3054 τοῖς
2731 2993 2986 3055 τοιούτοις
3043 3006 3260 3068 κακοῖς,
3292 2993 3427 3070 λέγω
3454 2991 3516 3058 δὴ
3561 2997 3628 3067 τῇ
3659 2991 3808 3047 ἀντι-

2174 3077 2328 3156 λογίᾳ
2382 3083 2470 3135 καὶ
2513 3079 2748 3154 ἀπιστίᾳ,
2898 3083 3028 3160 πρὸς
3079 3085 3171 3138 τὸν
3214 3083 3558 3156 πνευματικὸν
3607 3080 3817 3159 πατέρα

2173 3167 2327 3222 αὑτοῦ
2357 3170 2444 3224 καὶ
2473 3166 2806 3248 διδάσκαλον,
2840 3171 2912 3232 εἷς
2939 3170 3196 3250 πέταυρον
3245 3171 3331 3227 καὶ
3378 3171 3529 3246 βυθὸν
3568 3169 3692 3243 ᾅδου
3735 3170 3820 3227 ἔτι

2170 3262 2272 3326 ζῶν
2303 3255 2542 3321 ἐλεεινῶς
2574 3257 2946 3339 καταφέρεται,
2999 3261 3086 3316 καὶ
3128 3261 3282 3322 οἶκος
3329 3266 3421 3316 τοῦ
3477 3265 3690 3316 Σατανᾶ
3730 3261 3820 3316 καὶ

2169 3346 2344 3411 πάσης
2413 3347 2570 3402 αὐτοῦ
2625 3352 2721 3413 τῆς
2781 3347 3071 3427 ἀκαθάρτου
3129 3347 3399 3425 δυνάμεως
3466 3349 3684 3427 γίνεται,
3741 3351 3816 3412 ὡς

2172 3434 2391 3502 ἀπειθὴς
2418 3437 2508 3491 καὶ
2536 3434 2802 3500 ἀπωλείας
2847 3437 2980 3502 υἱός.

2254 3515 2369 3603 μγ’.
2405 3525 2702 3603 Παρακαλῶ
2731 3548 2790 3581 σε
2821 3527 2909 3584 τὸν
2940 3534 3038 3596 τῆς
3071 3530 3334 3602 ὑπακοῆς,
3359 3529 3452 3585 ’ίνα
3482 3535 3646 3584 ταῦτα
3670 3528 3825 3607 στρέ-

2174 3637 2277 3694 φης
2324 3621 2560 3694 συνεχῶς
2618 3615 2670 3672 ἐν
2722 3621 2789 3692 τῇ
2832 3613 3030 3690 διανοίᾳ
3089 3640 3182 3675 σου
3217 3635 3231 3650 ·
3291 3620 3379 3674 καὶ
3439 3619 3586 3694 πάσῃ
3619 3616 3818 3693 σπουδῇ

2173 3702 2544 3780 ἀγωνίσασθαι,
2607 3713 2698 3762 τοῦ
2751 3704 2828 3779 μὴ
2887 3705 3160 3762 κατελθεῖν
3220 3705 3273 3763 ἐν
3343 3718 3462 3769 τοῖς
3521 3707 3818 3785 εἰρημένοις

2238 3797 2258 3806 ς.
2303 3789 2353 3809 om
2746 3793 2758 3810 ς
2842 3791 2854 3812 ς
2920 3794 2945 3815 η
3059 3793 3105 3812 ιν
3455 3800 3481 3809 ρ.-
3617 3802 3637 3811 ..
3793 3801 3814 3809 ..

2172 3813 2263 3846 του
2291 3809 2414 3862 ᾳοου
2441 3805 2633 3856 κακοῖς
2667 3810 2682 3824 ⁸
2737 3791 2836 3848 αλλ
2889 3817 3026 3851 ουτω
3055 3798 3256 3851 οεεσθαι
3314 3799 3519 3874 θερμως
3551 3817 3640 3851 του
3687 3803 3817 3851 Θεου

2242 3877 2288 3935 θ’
2322 3879 2334 3898 τ
2395 3881 2406 3900 Ι
2451 3903 2477 3912 -
2669 3883 2684 3904 κ
2731 3880 2785 3936 λθ
2940 3902 2953 3917 ο
3092 3884 3111 3916 1
3317 3894 3332 3904 ρ
3354 3886 3364 3902 r
3531 3891 3555 3900 η-
3647 3884 3660 3900 Ἷ
3732 3885 3744 3901 Ι

2171 3902 2239 3936 κα
2318 3901 2570 3960 εκασιην,
2601 3903 2687 3937 και
2766 3903 2905 3960 εγειν
3018 3891 3114 3940 Θεέ
3157 3885 3244 3939 καὶ
3296 3895 3447 3963 Rupta
3491 3907 3594 3940 των
3637 3905 3816 3939 απαν-

2174 3989 2302 4044 των,
2337 3971 2364 4024 ὁ
2397 3969 2574 4036 πάσης
2618 3976 2786 4037 πνοῆς
2816 3973 2903 4028 καὶ
2935 3977 3117 4052 ψυχῆς
3167 3971 3310 4052 ἔχων
3354 3974 3452 4040 τὴν
3485 3971 3738 4047 ἐξουσίαν,
3790 3974 3818 4027 ὁ

2175 4058 2333 4132 μόνος
2399 4059 2638 4117 ἰάσασθαι
2711 4082 2777 4136 με
2846 4059 3150 4142 δυνάμενος,
3217 4061 3512 4118 ἐπάκουσόν
3563 4084 3666 4138 μου
3717 4067 3820 4128 τῆς

2173 4143 2403 4216 δεήσεως
2433 4155 2523 4203 τοῦ
2552 4147 2906 4229 ταλαιπώρου,
2943 4153 3029 4208 καὶ
3054 4152 3144 4206 τὸν
3174 4151 3228 4206 ἐν
3272 4151 3389 4227 ἐμοὶ
3446 4149 3824 4229 ἐμφωλεύοντα

2174 4233 2448 4313 δράκοντα,
2510 4243 2576 4312 τῇ
2630 4249 2723 4298 τοῖ’)
2791 4241 3047 4318 παναγίου
3101 4262 3193 4296 σου
3251 4241 3551 4316 Πνεύματος
3607 4239 3827 4318 ἐπιφοι-

2174 4325 2322 4393 τήσει
2381 4327 2687 4390 θανατώσας
2747 4329 2998 4409 ἀφάνισον
3035 4345 3048 4359 ⁸
3110 4330 3247 4406 κάμὲ
3292 4332 3511 4410 πτωχὸν
3568 4331 3655 4385 καὶ
3713 4352 3821 4408 γυ-

452 4423 573 4484 mei
595 4422 847 4503 pedibus
879 4423 1191 4503 procidere
1221 4423 1394 4498 velis,
1424 4431 1481 4485 et
1504 4431 1766 4484 sanctam
1797 4423 1928 4501 ejus
1957 4421 2090 4482 ani-

2183 4415 2304 4488 μνὸν
2336 4415 2511 4482 πάσης
2565 4416 2756 4495 ἀρετῆς
2815 4419 3144 4498 ὑπάρχοντα,
3204 4432 3323 4482 τοῖς
3380 4429 3473 4478 τοῦ
3525 4419 3673 4495 ἁγίου
3719 4440 3828 4493 μου

452 4529 611 4574 mam
640 4514 715 4574 ad
745 4511 1060 4574 dolendam
1093 4512 1280 4573 vicem
1310 4531 1526 4592 meam,
1560 4519 1617 4572 et
1641 4511 1711 4572 ad
1746 4509 2090 4571 misericor-

449 4600 607 4662 diam
636 4600 784 4661 mihi
804 4601 944 4662 inde
968 4600 1343 4663 tribuendam
1374 4601 1649 4662 adducito
1679 4620 1694 4675 ;
1728 4607 1784 4660 et
1805 4600 1879 4662 da
1895 4600 2092 4660 humi-

451 4688 682 4753 litatem
717 4689 882 4751 cordi
915 4709 1070 4766 meo,
1105 4699 1162 4750 et
1193 4689 1604 4771 cogitationes,
1630 4688 1915 4750 decentes
1945 4706 2091 4768 pec-

450 4780 657 4854 catori,
693 4779 794 4859 qui
831 4779 1052 4860 pepigit
1073 4787 1290 4853 tecum,
1322 4785 1383 4838 ut
1413 4777 1816 4856 paenitentiam
1847 4785 2044 4856 ageret
2073 4797 2085 4838 :

453 4875 512 4930 et
561 4888 637 4930 ne
691 4869 751 4930 in
782 4869 960 4929 tinem
997 4868 1374 4948 derelinquas
1405 4866 1694 4940 animam,
1749 4884 1878 4946 qua:
1908 4867 2092 4928 semel

455 4958 560 5020 tibi
587 4977 650 5020 se
671 4959 1024 5038 aggravevit,
1055 4967 1112 5020 et
1141 4967 1194 5018 te
1213 4959 1480 5019 confessa
1503 4965 1612 5030 est,
1633 4955 1855 5035 totique
1873 4956 2093 5016 mundo

451 5053 813 5129 przeoptavit,
839 5067 908 5112 ac
930 5049 1185 5130 praetulit
1211 5056 1286 5111 te.
1321 5046 1407 5108 Tu
1440 5044 1598 5107 enim
1624 5045 1799 5120 nosti,
1819 5043 2091 5121 Domine,

452 5138 603 5200 velle
625 5157 722 5200 me
751 5137 982 5214 salvari,
1000 5137 1234 5201 tametsi
1262 5137 1416 5198 mala
1445 5133 1878 5196 consuetudine
1902 5141 2096 5194 retar-

453 5226 566 5288 dor
595 5234 652 5288 et
681 5227 999 5308 impedior.
1033 5229 1460 5289 Verumtamen
1493 5223 1690 5284 omnia
1719 5221 1825 5283 tibi
1853 5221 2100 5302 possibi-

452 5312 532 5375 lia
559 5323 719 5391 sunt,
749 5334 880 5397 quae
899 5315 1056 5397 apud
1087 5314 1361 5378 homines
1391 5310 1807 5393 impossibilia.

530 5493 633 5555 44.
667 5493 779 5566 Qui
811 5495 1156 5574 praeclarum
1198 5494 1337 5557 fidei
1367 5512 1434 5555 ac
1464 5491 1592 5574 spei
1642 5488 2094 5552 fundamentum

454 5583 603 5643 aulae
631 5602 700 5644 ac
730 5585 928 5664 palatii
953 5585 1192 5665 pietatis
1214 5590 1559 5666 posuerunt,
1585 5589 1644 5643 et
1663 5598 1840 5661 supra
1870 5587 2094 5659 petram

457 5668 813 5732 obedientiae
836 5672 1101 5735 Patribus
1121 5673 1531 5754 spiritualibus
1549 5667 1899 5735 exhibendae
1913 5666 2096 5748 pedes

2178 4505 2378 4582 Πατρὸς
2454 4508 2576 4561 ποσὶ
2659 4508 2792 4583 μετὰ
2875 4507 3102 4588 δοκρύων
3178 4521 3500 4589 προσπεσεῖν
3571 4506 3827 4583 ἀξίωσον,

2174 4593 2262 4646 καὶ
2303 4592 2400 4659 τὴν
2461 4594 2611 4671 ἁγίαν
2644 4598 2801 4653 αὑτοῦ
2843 4598 3028 4677 ψυχὴν
3059 4600 3130 4661 εἷς
3163 4597 3486 4673 συμπάθειαν
3528 4603 3626 4653 ταῦ
3657 4596 3829 4664 ἐλεῆ-

2177 4682 2262 4735 σαί
2293 4702 2357 4756 με
2387 4681 2602 4740 ἕλκυσον
2638 4701 2652 4716 °
2705 4688 2793 4742 καὶ
2848 4685 2956 4760 δὸς,
3019 4688 3194 4766 Κύριε,
3241 4687 3556 4744 ταπείνωσιν
3584 4692 3654 4763 τῇ
3682 4710 3829 4764 καρ-

2175 4767 2256 4842 δία
2322 4793 2442 4846 μου,
2517 4775 2603 4828 καὶ
2659 4773 2946 4853 λογισμοὺς
2995 4776 3290 4855 πρέποντας
3344 4774 3649 4854 ἅμαρτωλῷ
3706 4798 3836 4837 συν-

2175 4859 2378 4934 θεμένῳ
2432 4883 2511 4917 σοι
2572 4879 2851 4938 μετανοεῖν
2883 4885 2896 4901 ·
2966 4868 3054 4923 καὶ
3111 4866 3187 4941 μὴ
3259 4867 3329 4928 εἷς
3388 4864 3540 4929 τέλος
3596 4865 3836 4944 ἐγκατα-

2175 4945 2365 5024 λείψῃς
2448 4953 2632 5030 ψυχὴν
2717 4955 2854 5020 ἅπαξ
2885 5031 2900 5039 Α
2929 4955 3337 5030 συνταξαμένην,
3399 4957 3486 5011 καὶ
3557 4955 3839 5036 ὁμολογῆ-

2179 5059 2366 5111 σασαν,
2414 5041 2500 5094 καὶ
2531 5041 2643 5096 ἀντὶ
2686 5047 2881 5107 παντὸς
2931 5051 3021 5099 τοῦ
3076 5044 3278 5118 κόσμου
3334 5041 3692 5120 ἐκλεξαμένην
3741 5049 3839 5103 καὶ

2178 5129 2654 5204 προτιμησαμένην
2689 5153 2770 5192 σε.
2804 5131 2970 5198 Οἶδας
3002 5134 3123 5211 γὰρ,
3173 5134 3348 5209 Κύριε,
3381 5131 3460 5187 δτι
3490 5132 3627 5188 θέλω
3648 5140 3840 5204 σωθῆ-

2178 5237 2287 5289 ναι,
2323 5217 2365 5271 εἰ
2395 5218 2481 5273 καὶ
2512 5219 2546 5285 ἡ
2582 5223 2788 5300 πονηρά
2832 5245 2930 5299 μου
2963 5224 3209 5292 συνήθεια
3239 5220 3488 5296 ἐμπόδιόν
3523 5245 3627 5298 μου
3669 5229 3840 5283 καθί-

2179 5325 2363 5361 σταται
2402 5323 2414 5336 ’
2451 5305 2588 5363 ἀλλά
2617 5307 2806 5368 δυνατά
2863 5335 2967 5370 σοι.
3031 5311 3293 5390 Δέσποτα,
3352 5311 3523 5367 πάντα
3554 5310 3651 5368 ὅσα
3682 5319 3842 5396 παρά

2179 5391 2470 5471 ἀνθρώποις
2515 5395 2762 5461 ἀδύνατα.

2259 5474 2368 5557 μδ’.
2403 5488 2462 5542 Οἱ
2493 5486 2654 5543 καλὸν
2685 5491 2772 5546 τὸν
2831 5489 3073 5566 θεμέλιον
3120 5494 3218 5556 τῆς
3265 5489 3492 5552 πίστεως
3533 5492 3626 5547 καὶ
3668 5492 3838 5552 ἐλπί-

2178 5569 2289 5648 δος,
2337 5571 2390 5629 ἐν
2442 5580 2509 5651 τῇ
2570 5576 2705 5654 αὐλῇ
2755 5577 3140 5643 καταϐαλόντες
3191 5584 3292 5646 τῆς
3350 5576 3640 5656 εὐσεϐείας,
3696 5589 3842 5659 μετὰ

2179 5660 2342 5740 φόϐου
2390 5665 2475 5719 καὶ
2533 5668 2753 5745 τρόμου,
2798 5671 2885 5726 καὶ
2930 5670 3014 5725 ἐπὶ
3066 5670 3164 5736 τῆν
3209 5669 3404 5748 πέτραν
3445 5675 3542 5738 τῆς
3585 5673 3846 5744 ὕπακοῆς
