4054 6114
314 312 425 379 621

1597 314 1977 384 CAPITULA
2018 314 2389 392 PRACTICA

3561 331 3678 398 622

314 463 424 515 τῶν
479 466 847 537 πνευματικῶν
917 459 1161 540 Πατέρων
1239 461 1360 526 τοὺς
1415 461 1580 528 πόδας
1635 462 1924 520 ἀσαλεύτου

2036 458 2422 525 inconcussos
2452 462 2851 535 ﬁrmaverunt,
2872 480 3196 544 eorumque
3209 463 3380 543 jussa
3396 471 3673 548 tanquam

314 546 630 627 ἐρείσαντες,
663 549 750 606 καὶ
775 551 848 612 ὡς
892 549 952 605 ἐκ
993 557 1125 609 Θεοῦ
1169 550 1431 625 πόματος
1479 552 1546 608 τὰ
1586 550 1710 630 παρ’
1742 552 1925 608 ἐκείνω

2039 569 2072 612 e
2102 551 2300 612 divino
2331 569 2434 612 ore
2461 552 2723 631 profecta
2750 550 3085 628 audientes,
3120 559 3178 613 et
3208 552 3349 616 huic
3377 546 3676 617 obedien-

310 637 665 713 ἐντελλόμενοι
720 638 1020 719 ἀκούοντες,
1077 640 1166 695 καὶ
1219 646 1298 713 τῷ
1351 638 1576 715 θεμελίῳ
1634 641 1803 714 τούτῳ
1856 645 1924 707 τῆ

2038 639 2131 700 tiae
2156 640 2537 702 fundamento
2561 643 2707 701 citra
2736 640 3168 703 dubitationem
3200 643 3677 722 supermdifican-

312 727 556 794 ὑπακοῆς
599 725 923 792 ἀδιστάκτως
970 726 1437 804 ἐποικοδομοῦντες
1476 730 1609 789 αὐτὰ
1656 729 1711 786 ἐν
1767 751 1926 786 ταπειη

2039 734 2149 803 tes,
2179 746 2248 790 ea
2269 728 2330 789 in
2362 729 2690 790 humilitate
2720 729 2936 790 animae
2960 730 3227 809 protinus
3242 739 3404 792 recte
3428 732 3671 807 obeunt,

309 816 469 872 νώσει
539 820 744 896 ψυχῆς,
806 816 952 880 εὐθὺς
1007 821 1312 897 κατορθοῦσι
1345 836 1363 854 ⁶
1446 821 1535 876 καὶ
1611 822 1951 898 κατορθοῦται

308 904 496 968 αὐτοῖς
549 906 610 961 τὸ
669 904 807 984 μέγα
860 915 1015 965 τοῦτο
1069 908 1158 963 καὶ
1217 912 1424 985 πρῶτον
1481 906 1820 986 κατόρθωμα,
1888 907 1949 964 τὸ

310 994 527 1058 ἑαυτοὺς
596 994 1039 1074 ἀπαρνήσασθαι·
1100 997 1162 1051 τὸ
1216 996 1315 1076 γὰρ
1383 995 1620 1075 πληροῦν
1677 995 1950 1076 ἀλλότριον

309 1080 541 1159 θέλημα,
572 1084 660 1139 καὶ
691 1084 768 1155 μὴ
794 1085 855 1140 τὸ
910 1085 1120 1143 ἑαυτοῦ.
1167 1087 1227 1143 οὗ
1285 1084 1446 1161 μόνον
1502 1084 1794 1160 ἀπάρνησιν
1845 1089 1948 1151 τῆς

309 1169 440 1235 ἰδίας
469 1176 676 1252 ψυχῆς,
708 1171 845 1230 ἀλλὰ
872 1174 960 1229 καὶ
1005 1173 1258 1254 νέκρωσιν
1312 1174 1411 1242 τὴν
1468 1175 1599 1252 πρὸς
1629 1175 1720 1230 τὸν
1747 1173 1950 1248 κόσμον

307 1260 517 1318 ἅπαντα
545 1261 782 1336 ἐμποιεῖ.

388 1341 499 1425 με’.
536 1357 623 1425 Τῷ
650 1354 727 1426 τῷ
778 1351 966 1409 ἑαυτοῦ
1012 1353 1174 1432 Πατρὶ
1229 1351 1554 1432 ἀντιλέγοντι
1606 1352 1948 1432 συγχαίρουσι

304 1436 572 1515 δαίμονες,
624 1440 714 1497 τὸν
761 1438 815 1495 δὲ
871 1440 1038 1521 μὲχκι
1095 1442 1317 1499 θανάτου
1370 1441 1778 1517 ταπεινούμενον
1819 1445 1947 1498 θαυ-

2039 834 2369 898 magnoque
2412 816 2512 878 illo
2543 836 2611 878 ac
2636 817 2825 897 primo
2857 817 3072 892 ofﬁcio,
3101 819 3256 898 quod
3290 828 3379 881 est
3409 818 3674 899 seipsum

2034 905 2348 985 abnegare,
2385 906 2536 968 bene
2565 906 3062 986 funguntur.Nam
3096 925 3162 968 ex
3193 907 3410 984 aliena,
3456 928 3572 970 non
3603 928 3675 977 ex

2031 1011 2137 1055 sua
2158 997 2453 1057 voluntate
2484 995 2770 1075 pendere,
2824 1015 2943 1056 non
2989 995 3182 1056 solum
3213 995 3671 1076 abnegatiouem

2033 1081 2242 1145 animae
2272 1102 2392 1145 suae
2422 1084 2687 1146 continet
2717 1102 2730 1146 :
2765 1084 2872 1146 sed
2903 1086 3075 1146 etiam
3111 1084 3220 1147 toti
3246 1086 3467 1148 mundo
3507 1104 3677 1148 mor-

2032 1177 2198 1233 tuum
2227 1191 2359 1236 esse
2386 1173 2543 1234 facit.

2112 1350 2210 1412 45.
2245 1349 2699 1414 Contradicente
2730 1352 3004 1433 quopiam
3041 1352 3197 1414 Patri
3227 1371 3355 1434 suo,
3389 1353 3670 1416 laetantur

2031 1436 2329 1500 daemones
2360 1461 2373 1502 :
2404 1440 2813 1503 humiliantem
2865 1460 3000 1501 vero
3047 1459 3133 1515 se,
3168 1459 3355 1522 usque
3389 1442 3461 1504 ad
3496 1462 3667 1505 mor-

304 1528 525 1604 μάζουσι
581 1525 842 1607 ἄγγελοι·
906 1528 1058 1609 ἔργον
1118 1531 1217 1610 γὰρ
1273 1539 1404 1590 Θεοῦ
1446 1534 1475 1587 ὸ
1516 1530 1752 1595 τοιοῦτος
1778 1530 1926 1610 ιέργά

2030 1532 2171 1599 tem,
2202 1527 2570 1589 admirantur
2597 1528 2814 1607 angeli.
2847 1527 3008 1589 Talis
3037 1529 3195 1590 enim
3225 1548 3374 1611 opus
3398 1530 3507 1593 Dei
3530 1551 3668 1613 ope-

302 1623 474 1696 ζεται,
505 1615 903 1693 ἐξομοιούμενος
946 1626 1023 1692 τῷ
1071 1622 1177 1693 Υἱῷ
1218 1625 1312 1676 τοῦ
1365 1625 1520 1695 Θεοῦ,
1564 1625 1643 1694 τῷ
1696 1619 1796 1686 τὴν
1850 1623 1926 1678 ὒπε

2027 1622 2228 1689 ratur;
2275 1616 2489 1677 similis
2534 1617 2682 1678 Filio
2730 1616 2857 1683 Dei.
2901 1616 3002 1697 qui
3031 1618 3222 1679 factus
3253 1625 3341 1679 est
3371 1619 3527 1680 Patri
3558 1638 3665 1682 suo

302 1706 473 1773 ακοὴν
542 1705 918 1786 πεπληρωκότι
978 1714 1055 1782 τῷ
1094 1706 1206 1782 ἰδίῳ
1256 1708 1418 1787 Πατρὶ
1477 1707 1638 1788 μέχρι
1695 1709 1926 1785 θανάτου,

2025 1702 2386 1765 οωηυῖθιεει
2420 1705 2709 1768 obediens
2757 1724 2943 1785 usque
2970 1706 3042 1767 ad
3076 1713 3325 1768 mortem
3361 1725 3374 1768 :
3412 1716 3659 1769 mortem

300 1793 526 1874 θανάτου
554 1791 609 1874 δὲ
638 1784 883 1874 σταυροῦ.
1287 1821 1291 1824 '
1372 1784 1380 1787 ν
1920 1784 1923 1785 ν

2023 1799 2221 1853 autem
2253 1796 2445 1856 crucis
2484 1795 2600 1855 610.
2631 1820 2659 1852 »

382 1872 527 1958 μς’.
564 1873 622 1941 Ὀ
651 1872 815 1946 πολὸς
868 1884 955 1940 καὶ
997 1882 1208 1962 ἄκαιρος
1239 1886 1556 1965 συντριμμὸς
1600 1891 1699 1952 τῆς
1728 1884 1926 1965 καρδίας

2100 1882 2199 1945 46.
2235 1884 2432 1960 Multa,
2454 1892 2512 1946 et
2532 1884 2948 1965 intempestiva
2979 1885 3175 1947 cordis
3193 1885 3467 1947 contritio
3492 1906 3657 1949 men-

303 1970 529 2042 σκοτίζει
559 1973 648 2028 καὶ
673 1969 954 2049 θολοϊπήν
1010 1970 1265 2048 διάνοιαν,
1325 1976 1412 2031 καὶ
1466 1975 1564 2040 τὴν
1619 1975 1718 2049 μὲν
1772 1977 1926 2029 καθα-

2021 1980 2141 2032 tem
2179 1970 2472 2033 turbidam
2503 1973 2720 2050 reddit,
2767 1974 2944 2054 eique
2994 1974 3270 2036 tenebras
3296 1975 3570 2046 offundit,
3606 1984 3665 2038 et

299 2059 396 2137 ράν
465 2058 632 2139 εὐχὴν
694 2060 782 2116 καὶ
848 2057 1119 2125 κατάνυξιν
1172 2060 1279 2117 ἀπὸ
1321 2062 1418 2127 τῆς
1463 2066 1647 2140 ψυχῆς
1690 2058 1926 2141 ἐξαφανί-

2021 2078 2226 2140 puram
2274 2063 2601 2124 orationem
2652 2070 2828 2143 atque
2880 2062 3271 2124 humilitatem
3329 2062 3402 2124 ab
3458 2068 3660 2126 anima

294 2154 373 2218 ζει
408 2163 422 2178 ⁸
478 2147 639 2205 πόνον
681 2146 736 2202 δὲ
764 2146 1042 2226 καρδιακὸν
1087 2148 1324 2224 ἐμποιεῖ.
1357 2147 1621 2208 Ἐντεῦθεν
1664 2147 1720 2205 δὲ
1763 2147 1926 2216 σκλη-

2020 2149 2177 2210 tollit
2205 2168 2218 2208 :
2256 2150 2521 2211 dolorem
2547 2159 2741 2212 autem
2773 2151 3299 2229 cordisingenerat
3333 2173 3345 2213 :
3383 2152 3523 2214 inde
3554 2153 3661 2213 du-

295 2234 497 2314 ρότητα
551 2236 641 2291 καὶ
695 2234 942 2313 πώρωσιν
1001 2232 1213 2317 ἄπειρον
1246 2255 1265 2275 ο
1322 2236 1406 2295 διὰ
1472 2234 1527 2291 δὲ
1581 2237 1779 2293 τούτων
1820 2249 1926 2300 τοῖς

2020 2236 2214 2299 ritiem
2246 2246 2304 2299 et
2335 2239 2657 2302 caecitatem
2690 2241 3063 2315 immensam,
3118 2257 3224 2320 per
3271 2259 3399 2320 qua;
3430 2241 3656 2304 daemo-

295 2339 678 2402 πνευματικοῖς
735 2329 782 2383 οἱ
835 2324 1077 2402 δαίμονες
1145 2329 1242 2396 τὴν
1321 2327 1623 2406 ἀπόγνωσιν
1693 2348 1926 2407 πραγμα-

2020 2343 2126 2388 nes
2154 2327 2285 2389 vitae
2305 2328 2625 2409 spiritualis
2656 2328 3130 2410 desperationem
3162 2329 3510 2393 moliuntur.

292 2416 552 2475 τεύονται.

376 2493 489 2579 μζ’.
564 2494 822 2571 Ὂπηνίκα
893 2526 976 2562 σοι
1030 2512 1192 2562 ταῦτα
1255 2506 1666 2587 ὑπαντήσουσι,”
1698 2506 1926 2586 μοναχὲ,

2095 2505 2196 2567 47.
2219 2504 2465 2578 Quando
2487 2507 2614 2568 hzec
2641 2506 2747 2570 tibi
2771 2505 3163 2579 occurrerint,
3181 2507 3495 2583 monache,
3521 2518 3578 2571 et
3594 2509 3657 2570 in

294 2591 448 2672 εὕρῃς
498 2590 554 2648 δὲ
594 2591 756 2663 ζῆλον
812 2594 900 2649 καὶ
954 2594 1114 2652 πόθον
1164 2593 1499 2663 τελειότητος
1557 2594 1611 2652 ἐν
1665 2602 1733 2672 τῇ
1777 2600 1926 2675 ψυχῇ

2020 2593 2213 2655 anima
2242 2602 2339 2656 tua
2367 2595 2747 2675 perfectionis
2775 2595 2990 2669 zelum,
3018 2594 3504 2677 desideriumque
3533 2617 3652 2660 non

289 2702 386 2739 σου
415 2680 602 2758 πολὺν,
648 2683 722 2745 ὡς
766 2681 1082 2759 ἐπιθυμῆσαι
1133 2689 1305 2743 πᾶσαν
1361 2684 1456 2759 μὲν
1515 2683 1739 2753 ἐντολὴν
1794 2683 1926 2751 πλη-

2020 2682 2254 2761 vulgare
2285 2684 2676 2763 perspexeris,
2700 2690 2764 2744 ut
2786 2681 3061 2744 omnibus
3094 2685 3197 2743 Dei
3232 2683 3522 2745 mandatis
3542 2685 3654 2747 ob-

289 2777 455 2849 ρῶσαι
510 2778 664 2846 Θεοῦ,
722 2772 810 2827 καὶ
847 2769 983 2847 μηδὲ
1038 2771 1229 2851 μέχρις
1273 2773 1434 2852 ἀργοῦ
1488 2771 1648 2852 λόγου
1694 2774 1926 2853 παραπί-

2020 2777 2453 2852 lemperare,ac
2472 2792 2547 2834 ne
2575 2772 2754 2834 verbo
2785 2773 3023 2852 quidem
3055 2771 3243 2834 otioso
3273 2772 3652 2854 delinquere,

290 2861 572 2929 πτεινἺκαὶ
628 2861 946 2936 ἁμαρτάνειν
979 2880 992 2894 ·
1046 2859 1272 2937 μηδενὸς
1318 2861 1372 2918 δὲ
1415 2869 1521 2919 τῶν
1574 2862 1741 2924 πάλαι
1799 2863 1926 2920 ἀπο-

2020 2861 2385 2943 actioneque,
2409 2860 2764 2940 cognitione,
2792 2861 3291 2940 contemplatione
3332 2862 3476 2922 nulli
3498 2871 3656 2926 vete-

288 2946 565 3029 λειφθῆναι
598 2949 760 3027 ἁγίων
804 2951 941 3007 κατά
987 2948 1195 3030 πρᾶξιν,
1255 2952 1344 3008 καὶ
1403 2957 1619 3032 γνῶσιν,
1676 2952 1765 3008 καὶ
1792 2954 1926 3008 θεω-

2020 2967 2141 3010 rum
2168 2961 2511 3012 sanctorum
2539 2949 2753 3011 cedere
2783 2949 3188 3029 concupiscas.
3223 2950 3420 3011 cernis
3454 2960 3649 3013 autem

285 3038 400 3115 ρίαν
434 3053 448 3069 ’
510 3040 634 3116 ὁρᾷς
702 3036 758 3093 δὲ
814 3037 1150 3115 κωλυόμενον
1206 3042 1395 3096 σαυτὸν
1450 3041 1592 3119 παρὰ
1646 3047 1739 3098 τοῦ
1792 3041 1926 3097 ὑπο-

2020 3036 2292 3119 impediri
2325 3048 2382 3101 te
2410 3039 2482 3100 ab
2510 3058 2580 3101 eo
2609 3038 2711 3120 qui
2742 3038 2963 3099 zizania
2991 3038 3430 3120 desperationis
3458 3039 3650 3102 inter-

285 3127 591 3206 πείροντος
638 3127 704 3182 τὰ
755 3129 854 3194 τῆς
907 3129 1126 3204 ἀθυμίας
1180 3130 1403 3202 ζιζάνια,
1464 3131 1553 3186 καὶ
1608 3129 1685 3205 μὴ
1736 3128 1928 3193 ἐῶντός

287 3237 353 3281 σε
391 3217 465 3280 εἷς
495 3225 740 3275 τοσοῦτον
787 3215 920 3291 ὕψος
968 3217 1265 3295 ἁγιωσύνης
1322 3217 1528 3290 ἐλάσαι,
1590 3218 1645 3274 ἐν
1685 3220 1763 3293 τῷ
1789 3221 1927 3276 ὑπο-

281 3300 500 3361 ϐάλλειν
530 3306 686 3362 αὐτὸν
731 3303 1018 3384 λογισμοὺς
1076 3305 1293 3382 ἀθυμίας
1348 3308 1435 3363 καὶ
1487 3305 1659 3385 λέγειν
1695 3324 1708 3338 ⁸
1768 3305 1924 3364 Ἀδύ-

282 3393 443 3449 νατόν
498 3415 579 3449 σοι
624 3392 787 3468 μέσον
838 3401 932 3450 τοῦ
985 3394 1188 3469 κόσμου
1238 3399 1470 3462 σωθῆναι
1506 3415 1518 3428 ·
1579 3398 1667 3452 καὶ
1708 3394 1926 3477 φυλάξαι

281 3480 460 3545 πάσας
489 3481 581 3544 τάς
613 3480 826 3546 ἐντολὰς
875 3480 1172 3547 ἀνελλιπῶς
1228 3491 1321 3539 τοῦ
1359 3490 1489 3542 Θεοῦ
1521 3500 1534 3514 ·
1590 3484 1711 3541 τότε
1769 3485 1830 3540 σὺ
1873 3484 1927 3541 ἐν

283 3575 383 3646 μιᾷ
431 3569 646 3635 καθίσας
719 3572 1023 3647 καταμόνας
1102 3573 1288 3651 γωνίᾳ,
1360 3573 1626 3631 σύστειλον
1684 3577 1922 3654 σεαυτὸν,

282 3661 373 3715 καὶ
427 3656 733 3724 ἐπισύναξόν
791 3682 884 3716 σου
955 3662 1045 3717 τὸν
1117 3660 1372 3741 λογισμὸν
1433 3664 1521 3719 καὶ
1577 3661 1662 3726 δὸς
1719 3663 1925 3741 ἀγαθὴν

282 3745 483 3825 βουλὴν
511 3752 581 3823 τῇ
605 3751 674 3823 σῇ
717 3751 891 3827 ψυχῇ,
938 3751 1029 3831 καὶ
1054 3748 1167 3805 εἰπέ
1194 3732 1209 3784 λ
1252 3732 1283 3806 α’
1318 3732 1416 3807 είνα
1445 3750 1494 3805 τί
1528 3732 1811 3829 περίλυπός
1842 3752 1922 3831 εἴ,

279 3821 315 3905 ἦ
346 3837 501 3916 ψυχή
536 3821 687 3916 μουνς
725 3821 753 3891 ᾗ
787 3821 899 3917 καὶ,
938 3861 960 3892 ι
1002 3821 1104 3895 Ἵνα
1131 3840 1182 3894 τί
1209 3821 1684 3919 συνταράσσεις-με
1713 3859 1727 3874 ·
1767 3863 1790 3897 ι)
1828 3821 1922 3896 ’έλλ

280 3947 437 3982 πισον
468 3924 553 3981 ἐπὶ
600 3927 689 3981 τὸν
747 3928 900 4002 Θεὸν,
959 3926 1040 3983 ὅτι
1096 3925 1553 4006 ἐξομολογήσομαι
1611 3928 1773 4003 αὐτῷ,
1809 3950 1922 3984 σω-

279 4014 466 4092 τήριον
497 4023 590 4073 τοῦ
617 4014 902 4092 προσώπου
950 4038 1073 4095 μου,
1134 4016 1259 4095 οὒχὶ
1313 4017 1380 4071 τὰ
1422 4016 1547 4096 ἔργα
1578 4038 1701 4092 μου,
1735 4015 1853 4073 ἀλλ’
1896 4020 1925 4073 ὁ

283 4101 415 4165 Θεός
461 4102 563 4178 μού
591 4101 701 4158 ἐστι
736 4122 750 4137 ·
810 4103 891 4167 τίς
942 4105 1041 4182 γὰρ
1088 4106 1173 4160 καὶ
1220 4103 1272 4170 ἐξ
1315 4104 1482 4185 ἔργων
1512 4106 1672 4181 νόμου
1701 4103 1922 4163 δικαιω-

277 4191 548 4271 Macran;
620 4191 692 4250 Οὐ
765 4191 1164 4263 ἔικαιωθήσεται
1234 4196 1333 4273 γὰρ
1408 4194 1631 4252 ἐνώπιόν
1685 4217 1779 4250 σου
1820 4202 1926 4260 πᾶς

276 4285 383 4349 ζῶν
416 4296 430 4308 '
501 4277 621 4336 ἀλλ’
689 4279 751 4335 ἐκ
802 4281 1030 4345 πίστεως
1079 4287 1179 4349 τῆς
1227 4285 1299 4346 εἷς
1334 4285 1488 4342 αὐτὸν
1516 4286 1607 4341 τὸν
1638 4284 1768 4341 Θεόν
1797 4306 1921 4361 μου,

2012 3128 2348 3205 seminat“,
2372 3147 2447 3190 ne
2467 3128 2538 3188 ad
2559 3137 2777 3189 tantam
2796 3127 3203 3189 sanctimonia;
3234 3128 3648 3191 celsitudinem

2012 3218 2343 3298 pervenias,
2364 3217 2502 3278 dum
2532 3216 2635 3277 tibi
2660 3216 3047 3293 cogitationes
3065 3217 3350 3298 suggerit,
3370 3236 3438 3279 ac
3463 3217 3606 3280 dicit
3631 3240 3645 3283 :

2007 3304 2136 3367 Non
2172 3313 2336 3385 potes
2367 3307 2488 3367 ullo
2519 3306 2694 3367 modo
2734 3306 2796 3366 in
2828 3306 2942 3366 hoc
2974 3306 3192 3366 mundo
3225 3307 3457 3381 salvari,
3487 3318 3546 3371 et
3575 3309 3648 3371 ad

2009 3412 2263 3473 unguem
2314 3394 2513 3456 omnia
2563 3395 2835 3455 mandata
2874 3393 2981 3455 Dei
3011 3412 3256 3455 servare
3291 3412 3304 3456 :
3342 3403 3462 3457 tum
3499 3405 3556 3458 tu
3587 3397 3650 3459 in

2008 3482 2204 3563 aliquo
2234 3483 2454 3563 angulo
2484 3482 2780 3543 solitarius
2829 3482 3146 3544 considens
3188 3490 3369 3544 temet
3413 3485 3644 3565 collige,

2009 3572 2199 3652 daque
2229 3570 2472 3645 bonum,
2502 3578 2559 3632 et
2582 3570 2891 3651 probatum
2926 3571 3139 3632 animae
3169 3578 3283 3632 tua;
3305 3572 3644 3652 consilium,

2007 3660 2069 3721 in
2100 3662 2226 3722 haec
2254 3659 2433 3721 verba
2464 3677 2477 3722 :
2520 3684 2547 3715 α
2584 3658 2777 3731 Quare
2808 3658 2993 3720 tristis
3032 3678 3117 3734 es,
3172 3658 3373 3720 anima
3404 3679 3556 3735 mea,
3589 3673 3649 3725 et

2005 3767 2187 3830 quare
2218 3746 2533 3811 conturbas
2568 3748 2695 3810 me?
2717 3751 2901 3828 Spera
2925 3747 2984 3807 in
3007 3747 3129 3808 Deo
3151 3747 3432 3828 quoniam
3453 3750 3647 3812 adhuc

2006 3837 2334 3900 conﬁtebor
2361 3836 2502 3898 ei”.
2545 3861 2568 3894 ι)
2608 3835 2878 3899 Salutare
2910 3836 3065 3896 enim
3115 3836 3308 3897 vultus
3359 3837 3476 3898 mei
3528 3858 3646 3900 non

2005 3927 2311 3988 benefacta
2340 3943 2497 4005 mea,
2534 3926 2638 3986 sed
2668 3924 2829 3986 Deus
2850 3932 2960 3986 est.
2994 3922 3138 3985 Nam
3170 3924 3304 4005 quis
3337 3943 3407 3986 ex
3438 3926 3646 4004 operi-

2004 4013 2116 4076 bus
2148 4013 2294 4093 legis
2324 4013 2498 4074 etiam
2522 4011 2976 4092 justiﬁcabitur‘?
3021 4036 3047 4067 α
3071 4012 3199 4073 Non
3220 4011 3650 4091 justiﬁcabitur

2005 4104 2163 4165 enim
2196 4103 2257 4164 in
2287 4110 2609 4183 conspectu
2636 4109 2695 4162 tu
2723 4109 2822 4161 tuo
2844 4101 3036 4161 omnis
3066 4098 3262 4161 vivens
3285 4100 3356 4174 13,
3388 4122 3412 4160 ι
3447 4103 3547 4164 sed
3575 4121 3648 4164 ex

2009 4192 2126 4254 ﬁde
2145 4191 2416 4272 inipsum
2447 4192 2632 4253 Deum
2658 4207 2853 4251 meum
2872 4189 3154 4250 salvatum
3182 4208 3277 4251 me
3305 4191 3377 4251 iri
3406 4192 3644 4253 confido

2006 4281 2213 4361 gratis,
2265 4286 2506 4361 propter
2554 4276 3021 4340 misericordiam
3055 4278 3185 4357 ejus
3225 4276 3591 4341 inetfabilem
3627 4297 3641 4342 :

278 4365 476 4437 ἐλπίζω
533 4371 764 4451 σωθῆναι
832 4367 917 4430 διὰ
968 4371 1069 4435 τῆς
1124 4369 1325 4449 ἀφάτου
1389 4370 1781 4451 εὐσπλαγχνίας
1836 4376 1926 4431 αὖ·

2020 4393 2038 4427 κ
2072 4369 2235 4433 Vade
2264 4377 2422 4430 retro
2454 4386 2573 4443 me,
2592 4367 2825 4443 Satana,
2856 4367 3171 4427 Dominum
3207 4384 3406 4429 meum
3434 4369 3640 4443 adoro,

278 4454 374 4512 τοῦ
400 4452 620 4533 δωρεάν.
679 4442 875 4535 εῨποιγε
926 4458 1095 4514 ὁπίσω
1154 4442 1277 4540 μου,
1339 4466 1551 4517 Σατανᾶ
1585 4442 1820 4539 Ἠίίυρίῳ
1849 4468 1926 4537 τῷ

2020 4470 2067 4522 et
2096 4459 2151 4521 ei
2181 4457 2372 4520 servio
2405 4456 2455 4498 14
2489 4482 2512 4513 η
2547 4476 2581 4518 a
2603 4457 2914 4537 juventute
2947 4474 3100 4533 mea,
3144 4455 3244 4536 qui
3277 4475 3370 4518 me
3415 4457 3476 4519 in
3524 4442 3651 4520 sola

277 4551 396 4619 Θεῷ
424 4567 525 4621 μου
570 4554 870 4626 προσκυνῶ,
925 4549 1013 4604 καὶ
1058 4552 1199 4624 αὖτῷ
1254 4550 1315 4607 ἐκ
1369 4551 1618 4618 νεότητός
1677 4574 1777 4628 μου
1819 4550 1922 4608 λα-

275 4634 469 4714 τρεύῳ,
514 4643 592 4710 τῷ
620 4634 892 4712 δυναμένῳ
923 4659 988 4713 με
1046 4643 1213 4695 σῶσαι
1270 4639 1325 4695 ἐν
1380 4640 1527 4715 μόνῳ
1553 4647 1630 4714 τῷ
1657 4639 1790 4697 ἐλέει
1821 4642 1920 4698 αὒ-

272 4728 391 4785 τοῦ.
425 4720 714 4793 Ἀπόστηθι
744 4725 832 4781 οὖν
862 4724 956 4782 ἀπ’
1004 4726 1156 4802 ἐμοῦ.
1217 4717 1275 4784 Ὀ
1333 4729 1462 4791 Θεὸς
1521 4731 1549 4785 ὁ
1598 4731 1828 4800 ποιήσας
1854 4753 1922 4807 με

272 4807 396 4873 κατ’
440 4812 615 4897 εἰκόνα
641 4815 731 4870 καὶ
760 4814 877 4872 καθ’
909 4815 1161 4891 ὁμοίωσιν
1191 4815 1352 4873 αὐτοῦ
1379 4819 1701 4897 καταργήσει
1732 4840 1814 4881 σε,

359 4889 482 4975 μηδ’.
519 4892 575 4959 Ὀ
620 4905 750 4967 Θεὸς
777 4901 830 4968 ἐξ
884 4889 1041 4980 ἡμῶν
1098 4902 1243 4963 οῦδὲν
1300 4904 1477 4985 ἕτερον
1518 4889 1778 4978 ’ἐπιζητεῖ
1817 4914 1923 4964 τῶν

271 4989 584 5071 ἀνθρώπων,
632 4990 751 5048 ἀλλ’
806 4991 843 5060 ἢ
886 4994 947 5049 τὸ
981 4993 1060 5069 μὴ
1092 4993 1412 5073 ἁμαρτάνειν
1443 4996 1531 5051 καὶ
1567 4996 1751 5071 μόνον.
1782 5002 1922 5054 Τοῦ-

362 5146 395 5197 ϐ
423 5149 481 5200 to
509 5149 773 5232 Philipp.
805 5166 872 5229 Il,
904 5151 964 5216 8.
1049 5150 1099 5203 it
1134 5151 1339 5251 Matth.
1374 5169 1501 5231 xm,
1533 5154 1636 5218 25.

1742 5155 1796 5199 η
1822 5154 1978 5223 Psal.
2011 5174 2138 5233 XLI,
2173 5156 2272 5236 15,
2309 5154 2408 5218 16.
2492 5153 2545 5197 13
2577 5152 2726 5214 Psal.
2760 5167 2908 5227 cxu,
2942 5151 3001 5212 2.

2010 4546 2420 4610 misericordia
2466 4565 2571 4607 sua
2616 4545 2841 4607 salvare
2898 4551 3086 4624 potest
3155 4545 3354 4625 Apage
3407 4547 3641 4627 igitur:

2010 4640 2166 4701 Deus
2199 4635 2298 4717 qui
2323 4654 2419 4696 me
2438 4635 2512 4696 ad
2543 4633 2994 4696 similitudinem
3046 4641 3106 4695 et
3134 4633 3458 4715 imaginem
3481 4656 3648 4699 suam

2005 4727 2170 4803 fecit,
2202 4725 2334 4807 ipse
2369 4732 2424 4785 te
2445 4723 2734 4786 destruet.

2087 4906 2187 4969 48.
2219 4903 2344 4969 Hoc
2378 4902 2569 4964 solum
2587 4904 2744 4963 Deus
2771 4899 2845 4962 ab
2876 4899 3220 4962 hominibus
3249 4900 3423 4962 nobis
3452 4903 3650 4983 requi-

2004 4998 2103 5073 rit,
2138 5013 2214 5056 ne
2243 5009 2560 5075 peccemus
2591 4990 2675 5072 (a)
2708 4997 2994 5072 praeterea
3039 4989 3213 5050 nihil.
3267 4988 3430 5052 Istud
3472 5010 3650 5071 porro

3108 5150 3171 5199 14
3197 5148 3399 5211 Matth.
3436 5167 3514 5226 1v,
3548 5151 3646 5215 10.

359 5320 438 5392 (ιι)
473 5319 757 5408 Requirit
786 5339 822 5383 a
852 5320 1027 5408 nobis
1056 5321 1240 5408 Deus,
1270 5329 1336 5385 ut
1364 5340 1681 5408 servemus
1695 5327 1983 5408 mandata
2011 5328 2163 5408 ejus.
2202 5325 2441 5407 (Matth.
2473 5341 2594 5394 χιχ,
2630 5322 2722 5396 l7)
2756 5339 2769 5382 :
2804 5346 2827 5376 «
2865 5319 2926 5382 Si
2958 5318 3046 5397 vis
3073 5316 3145 5408 ad
3178 5316 3357 5380 vitam
3388 5317 3648 5397 ingredi,

277 5414 458 5489 serva
484 5396 760 5489 mandata
790 5421 805 5461 :
844 5426 872 5457 π
908 5402 1107 5489 at_hoc
1135 5396 1334 5489 reipsa
1364 5423 1483 5465 non
1515 5412 1605 5465 est
1631 5403 1814 5483 aliud,
1848 5426 2024 5489 quam
2041 5396 2124 5467 ἰιι
2155 5396 2271 5489 non
2302 5421 2618 5484 peccemus
2648 5420 2664 5463 :
2698 5420 2833 5489 nam
2868 5396 3166 5481 peccando
3198 5416 3317 5457 non
3348 5396 3653 5489 servamus

276 5477 609 5569 mandata:
646 5488 705 5569 et
737 5480 1026 5569 servando
1055 5477 1354 5569 mandata,
1391 5503 1512 5546 non
1541 5477 1883 5569 peccamus:
1910 5487 2115 5569 Itaque
2149 5487 2248 5567 qui
2280 5477 2521 5569 tantum
2559 5477 2953 5569 praecipiunt
2996 5495 3298 5540 servemus
3334 5481 3648 5569 mandata;

277 5555 335 5619 is
356 5557 535 5643 etiam
567 5567 797 5623 tantum
828 5561 1117 5643 praecipit,
1150 5571 1212 5643 ut
1245 5555 1363 5625 non

275 5637 571 5719 praecipit,
602 5648 669 5704 ut
697 5637 1330 5708 serviamus'mandata.

1413 5558 1752 5646 peccemus.
1793 5566 1869 5632 Ut
1918 5558 2036 5649 qui.
2072 5558 2296 5629 tantum
2350 5558 2639 5647 praecipit,
2671 5558 2903 5622 ut‘non
2947 5575 3300 5641 peccemus;
3333 5558 3385 5620 is
3420 5566 3650 5623 tantum
