4054 6114
315 235 435 302 695

1587 239 1966 304 CAPITULA
2007 238 2385 305 PRAGTICA

3564 235 3684 301 696

384 356 492 446 νγ’.
538 372 656 449 Οὐχ
684 371 713 425 6
742 369 1029 449 ἡσυχάζων
1084 370 1269 450 μόνος,
1329 371 1367 439 ἢ
1423 373 1452 428 6
1493 369 1944 450 ὑποτασσόμενος,

2109 369 2208 433 53.
2233 368 2365 431 Non
2392 369 2587 431 solum
2606 369 2944 449 quiescens,
2972 375 3032 429 et
3055 367 3546 449 contemplationi
3577 367 3687 453 des

299 454 440 513 ἀλλὰ
479 457 569 513 καὶ
620 460 648 513 6
698 457 1093 535 ἡγουμενεύων,
1137 460 1225 515 καὶ
1278 460 1307 515 6
1350 458 1564 516 πολλῶν
1613 459 1944 538 προϊστάμε-

2038 456 2218 540 ditus,
2246 468 2346 522 aut
2373 459 2698 540 subjectus,
2730 456 2836 520 sed
2867 455 3042 519 etiam
3064 457 3433 538 prapositus,
3468 456 3689 539 quique

298 587 485 663 cendo
532 590 853 663 insurgere.
913 589 1140 648 Animae
1193 590 1475 663 siquidem
1518 590 1834 663 trementis.
1886 597 1943 663 ct

298 659 965 734 tumultuosius'agitatm
1019 663 1189 721 verba
1240 659 1356 721 non
1409 663 1727 734 proficient.
1759 661 1941 718 Missis

297 740 491 789 autem
521 732 632 794 his.
658 732 941 806 quaetum
973 742 1136 806 potes
1193 732 1452 792 animum
1483 745 1643 792 tuum
1674 734 1939 804 humilia,

298 811 356 860 et
388 818 517 877 mos
550 804 913 877 timiditatem
937 804 1293 877 profligatam
1323 820 1653 877 cognosces.

383 894 405 924 ε
436 874 523 931 Ab
569 875 762 931 ac-sdia
810 874 1131 948 iquispiam'
1161 874 1492 948 oppressus,
1549 885 1793 935 mentem
1840 890 1943 948 re-

300 944 561 1017 missam,
594 954 647 1002 et
674 944 929 1004 tenebris
957 944 1255 1017 'oﬂ’usam,
1274 956 1328 1005 et
1355 951 1606 1004 animam
1628 962 1791 1005 suam
1823 945 1946 1001 dis-

298 1014 544 1089 solutam
576 1018 766 1083 habet,
825 1027 888 1076 ut
940 1031 1035 1089 ex,
1069 1020 1177 1075 hoc
1223 1014 1639 1089 propemodum
1699 1020 1880 1089 luctus
1911 1032 1941 1073 a

296 1086 476 1143 corde
501 1089 625 1161 ejus
655 1089 898 1161 diﬁciat,
932 1098 986 1145 et
1013 1086 1243 1146 ﬂamma
1267 1086 1505 1160 spiritus
1535 1092 1592 1146 in
1626 1105 1694 1147 co
1722 1088 1944 1161 exstin-

297 1168 790 1233 guatur._totaque
818 1160 1022 1233 domus
1075 1162 1333 1232 corporis
1360 1161 1668 1233 ejusfumo
1701 1160 1941 1233 implea-

296 1236 413 1285 tur.
447 1228 595 1298 Quin
624 1228 793 1288 etiam
827 1228 1212 1288 membrorum
1265 1228 1458 1301 torpbr
1488 1232 1544 1287 in
1570 1232 1694 1302 ipso
1725 1228 1943 1288 excita-

297 1309 413 1380 tns,
444 1315 514 1357 ex
547 1302 769 1372 pigritia
796 1316 929 1380 eum
959 1302 1017 1359 in
1050 1302 1394 1360 altissimum
1422 1317 1689 1380 somnum
1720 1303 1943 1380 demer-

297 1373 401 1439 git.
434 1380 497 1429 ut
522 1373 849 1430 necessario
906 1389 936 1430 a
983 1382 1258 1431 conrueta
1314 1374 1621 1442 acoluthia,
1653 1388 1754 1430 seu
1785 1373 1946 1430 ordi-

297 1450 433 1516 nata
462 1444 752 1516 {unctione
793 1460 895 1501 sua
946 1454 1148 1503 cesset.
1200 1445 1300 1502 His
1358 1460 1459 1516 per
1509 1446 1940 1511 continentiam,

2023 590 2299 649 devorare
2340 590 2675 649 nitentibus.
2734 589 2998 661 Dumque
3048 594 3269 661 aestuat,
3328 595 3382 645 et
3440 601 3556 661 quo
3616 605 3680 649 se

2024 671 2201 742 vertat
2229 665 2430 728 nescit,
2463 676 2572 720 nec
2624 661 2796 742 habet
2849 660 2964 733 quo
3015 660 3331 742 confugiat,
3374 660 3473 742 ,οἵ
3502 675 3533 742 a
3567 675 3685 732 quo

2024 734 2290 803 salutem,
2348 730 2958 804 conservationemque
3018 730 3217 802 petat,’
3249 730 3322 787 ad
3372 730 3679 790 Dominum

2024 806 2265 877 tandem,
2288 805 2564 877 confugit,
2597 805 2695 875 qui
2726 803 3104 877 eam’salvare
3134 810 3334 877 potest.

2107 897 2129 926 ε
2163 876 2269 945 Qui
2298 893 2328 934 e
2360 871 2573 933 mundo
2614 871 2745 933 'toto
2776 890 2838 932 se
2889 871 3152 938 removit,
3205 872 3360 929 velut
3381 872 3449 945 in
3482 871 3683 931 solitu-

2025 945 2162 1003 dine
2187 943 2367 1012 invia,
2399 955 2455 1004 et
2483 948 2732 1003 ferarum
2765 947 2933 1017 plena
2963 960 3025 1002 se
3053 958 3180 1017 esse
3202 943 3502 1017 perspicit:
3528 944 3681 1003 unde

2025 1018 2232 1076 timore
2260 1017 2613 1088 incredibili,
2644 1025 2700 1075 et
2755 1015 3006 1074 tremore
3063 1015 3234 1088 longe
3263 1015 3518 1072 maximo
3548 1029 3681 1074 eum

2024 1091 2348 1148 incessente
2376 1086 2682 1147 clamatad
2711 1089 3042 1153 Dominum,
3091 1086 3382 1145 ut’Jonas
3412 1088 3561 1156 (Ion.
3611 1099 3678 1154 tt,

2026 1162 2050 1233 i
2087 1163 2268 1233 seqq.)
2290 1161 2530 1233 quidem
2582 1174 2621 1233 re
2676 1168 2821 1225 ceto,
2881 1168 2936 1215 et
2994 1157 3137 1233 mari
3196 1158 3325 1233 vitae
3358 1157 3576 1230 hujus:
3617 1168 3679 1217 ut

2024 1228 2226 1304 Daniel
2253 1228 2422 1298 '(D'an.
2454 1243 2534 1297 Vl,
2568 1232 2592 1286 1
2628 1246 2829 1304 seqq;
2888 1242 3007 1293 xw,
3056 1228 3157 1304 Δ28,
3213 1231 3234 1284 1
3272 1228 3454 1300 seqq.)
3488 1236 3676 1304 autem

2025 1317 2057 1359 e
2089 1302 2215 1359 lacu
2245 1304 2600 1373 passionum,
2634 1301 2960 1359 ut'leonum
2989 1301 3245 1367 scilicet;
3280 1308 3343 1357 ut
3366 1310 3481 1357 tres
3510 1302 3675 1371 pueri

2026 1387 2099 1430 ex
2129 1376 2358 1431 camino
2388 1374 2539 1445 ignis
2589 1373 2774 1431 insitae
2819 1374 2990 1435 tDan.
3051 1384 3136 1439 ut,
3195 1373 3227 1445 l_
3282 1373 3466 1442 seqq.)
3485 1378 3556 1445 _et
3584 1373 3679 1429 in-

2029 1454 2177 1503 natae
2207 1445 2372 1501 nobis
2406 1442 2907 1514 concupiscentiae,
2939 1452 2993 1501 et
3040 1442 3262 1501 urentis
3296 1459 3313 1514 :7
3361 1450 3425 1499 ut
3456 1443 3674 1514 Manas-

296 1522 355 1570 et
386 1514 607 1588 vigilias
635 1516 929 1588 resistens,
962 1517 1110 1588 victo
1167 1513 1376 1574 somno
1399 1516 1586 1573 statim
1617 1516 1947 1588 arrogantia
2029 1531 2119 1572 ses
2150 1514 2232 1586 (II
2256 1516 2433 1573 Paral
2483 1513 2685 1588 xxxiii,
2722 1518 2746 1571 1
2781 1518 2964 1588 seqq.)
3008 1530 3078 1588 ex
3135 1513 3352 1571 catenis
3382 1513 3555 1588 hujus
3585 1514 3678 1572 lu-

296 1599 403 1658 cor
431 1584 752 1658 induratur,
785 1596 838 1643 et
885 1585 1184 1644 deﬁciente
1228 1588 1404 1651 luctu.
1434 1587 1734 1644 timiditate
1759 1584 1942 1643 Eorri-
1963 1592 2002 1641 B
2024 1588 2119 1653 tei,
2154 1584 2209 1644 et
2239 1588 2491 1644 interitui
2523 1587 2763 1658 subjecti
2794 1584 3091 1658 corporis:
3124 1598 3295 1655 quem
3319 1593 3375 1658 et
3395 1584 3674 1658 Deminus

300 1656 475 1724 pitur.
528 1657 708 1729 Quam
738 1666 799 1715 ut
828 1670 1029 1715 rursus
1059 1658 1115 1714 in
1148 1672 1210 1715 se
1239 1659 1551 1729 experitur,
1585 1659 1767 1714 alieno
1799 1667 1941 1714 tem-

299 1741 442 1796 pore
463 1728 672 1801 cellam
705 1730 921 1801 exiens,
956 1738 1011 1786 et
1039 1730 1096 1785 in
1156 1728 1525 1801 caliginosum
1576 1745 1641 1784 ac
1672 1729 1941 1801 tenebro-

297 1812 429 1872 sum
462 1798 651 1872 locum
681 1815 742 1857 se
771 1800 1091 1869 conferens,
1114 1798 1382 1872 stansque
1402 1802 1462 1857 in
1494 1815 1562 1858 eo
1592 1800 1858 1857 manibus
1881 1801 1940 1856 in

300 1869 510 1942 cretum
567 1871 785 1942 levatis,
841 1880 898 1929 et
952 1873 1117 1942 signo
1174 1869 1363 1928 crucis
1418 1873 1476 1928 in
1525 1887 1586 1928 se
1642 1885 1937 1941 expresso,

300 1940 544 1998 sublatis
570 1941 642 1999 ad
699 1942 880 1999 Deum
933 1940 1137 2008 oculis,
1197 1942 1294 2000 ubi
1355 1942 1587 2013 paulum
1623 1940 1940 1998 humiliavit

272 2014 580 2075 .animum.
611 2014 794 2070 statim
827 2014 1143 2071 timiditatis
1199 2015 1418 2070 daemon
1479 2015 1549 2070 ah
1580 2028 1647 2071 ei)
1677 2013 1939 2083 aliquan-

300 2092 422 2140 tum
456 2084 687 2141 recedit.
740 2086 814 2141 Eo
852 2094 1046 2155 autem
1103 2090 1406 2155 potentior,
1466 2094 1521 2143 et
1548 2084 1940 2142 formidandus

301 2155 404 2212 ille
433 2156 635 2227 hostis,
668 2157 765 2227 qui
798 2154 869 2213 ad
896 2154 1119 2227 vanam
1152 2155 1393 2226 gloriam
1439 2156 1721 2216 sollicitat.
1784 2156 1943 2225 cogi-

300 2227 583 2284 tarionem
614 2226 780 2284 istam
810 2226 1114 2287 suﬁurans.
1144 2226 1421 2284 dilaniare
1440 2242 1595 2297 eum,
1622 2228 1942 2297 iterumque

303 2297 811 2368 pusillanimitatis.
874 2313 974 2355 seu
1027 2297 1348 2355 timiditatis
1419 2296 1662 2355 daemoni
1719 2296 1943 2354 tradere

302 2370 444 2425 vult.
477 2368 637 2437 Quod
671 2370 767 2425 ubi
798 2368 1080 2440 intelligit,
1115 2371 1376 2438 miratur,
1400 2369 1694 2440 Deumque
1724 2368 1941 2440 ferven-

302 2446 561 2512 tereret,
593 2440 672 2498 uti
702 2442 951 2498 animam
982 2439 1144 2497 Suam
1174 2440 1247 2498 ab
1293 2439 1690 2512 hujuscembdi
1723 2439 1943 2510 laqueis

304 2511 515 2567 diaboli
541 2521 783 2569 tueatur.

378 2602 403 2634 ι
438 2582 641 2649 Multis,
700 2591 753 2641 et
809 2591 870 2640 ut
924 2598 1029 2655 ego
1087 2581 1318 2654 quidem
1371 2582 1594 2654 opinor,
1646 2580 1943 2647 omnibus,

302 2652 512 2710 horum
541 2655 862 2711 daemonum
895 2652 1214 2725 co'nﬂicius,
1260 2652 1843 2725 nequitiaqueictvia,
1878 2666 1945 2707 ac

302 2726 473 2796 ratio,
504 2739 612 2796 qua
646 2734 901 2789 utuntur,
954 2726 1025 2782 ad
1080 2724 1513 2795 intelligendum
1562 2724 1807 2779 diﬁlcilis
1836 2731 1942 2796 est.

302 2793 536 2867 bierunt
558 2797 709 2852 enim
732 2796 1215 2867 pusillanimitatis
1237 2793 1554 2853 daemonem
1575 2809 1715 2867 cum
1734 2793 1944 2867 acediaa

302 2865 562 2938 daemone
592 2865 805 2926 venire.
838 2877 891 2923 et
921 2869 1268 2938 conspirare,
1325 2876 1381 2924 et
1425 2867 1581 2923 hunc
1640 2866 1719 2920 illi
1776 2866 1945 2921 auxi-

2024 1658 2339 1715 exaudiens
2369 1659 2557 1728 ipsum
2616 1656 2646 1728 e
2702 1657 2986 1728 profundo
3044 1656 3402 1728 ignorantia),
3443 1657 3673 1713 utami—

2022 1729 2153 1786 citia
2186 1730 2358 1800 hujus
2395 1725 2596 1785 mundi
2626 1725 2848 1800 liberat,
2908 1725 3392 1800 quemadmodum
3424 1727 3673 1800 prpphe-

2020 1809 2136 1857 tam
2168 1796 2333 1857 illum
2361 1815 2392 1857 a
2425 1809 2573 1862 ceto.
2596 1809 2658 1857 ut
2691 1799 2763 1856 ad
2783 1801 2903 1856 haec
2926 1796 3044 1856 non
3068 1796 3413 1855 revolvatur.
3448 1796 3672 1856 Liberat

2022 1871 2168 1928 sicut
2196 1871 2489 1928 Danielem
2521 1886 2550 1927 a
2600 1871 2725 1927 lacu
2777 1870 3058 1929 malarum
3089 1867 3497 1939 cogitationum
3528 1883 3673 1925 con-

2021 1943 2405 2012 cupiscentiis,
2472 1941 2838 2012 rapientium,
2890 1951 2943 1997 et
3001 1939 3398 2012 devorantium
3449 1939 3671 1997 animas

2020 2010 2341 2071 hominum.
2376 2014 2462 2071 Ab
2493 2010 2654 2070 antea
2687 2014 2974 2082 conceptis
3002 2010 3392 2082 opinionibus,
3428 2011 3670 2082 vitioso-

2022 2099 2150 2141 rum
2182 2084 2488 2142 aﬂectuum
2519 2084 2723 2154 plenis,
2759 2079 2917 2141 illius
2948 2079 3124 2153 ign—is,
3171 2081 3270 2151 qui
3302 2079 3595 2154 comburit
3618 2096 3651 2138 e

2018 2157 2385 2233 vastat__ejus
2428 2153 2698 2233 animam,
2760 2164 2930 2233 atque
2983 2154 3054 2210 ad
3111 2153 3675 2233 actionestnefarias

2020 2222 2310 2297 compellit
2339 2236 2391 2284 et
2422 2228 2615 2290 trahit,
2677 2222 3105 2283 incombustum
3163 2222 3427 2297 custodit,
3465 2232 3519 2280 et
3546 2223 3675 2297 Spi-

2022 2298 2137 2355 ritu
2155 2293 2363 2355 sancto
2395 2298 2650 2354 irrorans
2679 2297 2801 2369 ejus
2837 2298 3109 2369 animam,
3143 2303 3205 2352 ut
3233 2293 3516 2369 Israelitas
3544 2293 3673 2352 illos

2025 2383 2253 2440 pueros,
2283 2377 2339 2426 et
2391 2385 2422 2426 a
2480 2366 2722 2425 terrena'
2759 2368 2867 2423 hac
2898 2368 3213 2440 gravique,
3273 2373 3331 2423 et
3359 2366 3610 2440 motibus
3643 2381 3674 2422 a

2023 2438 2244 2496 ratione
2274 2440 2487 2497 aversis
2517 2440 2831 2509 plurimum
2860 2439 3107 2497 obnoxia
3130 2451 3303 2509 carne
3321 2438 3669 2509 neutiquam

2025 2510 2407 2579 humiliatam,
2438 2518 2492 2566 et
2520 2507 2645 2567 sine
2674 2513 2839 2582 lapsu
2868 2523 3243 2576 conservans,
3274 2507 3456 2563 ﬁlium
3497 2507 3674 2582 lucis,

2027 2591 2080 2639 et
2114 2582 2238 2653 diei
2272 2583 2461 2652 ipsum
2494 2582 2645 2647 facit,
2677 2579 2895 2640 et'hinc
2920 2582 3040 2653 jam
3072 2589 3298 2652 gustum
3332 2579 3672 2637 immortali-

2027 2652 2157 2710 tatis
2187 2653 2238 2708 ei
2271 2654 2505 2723 praebet.

2108 2744 2130 2773 σ
2161 2722 2365 2781 Anima
2396 2723 2480 2779 sic
2508 2722 2772 2780 habitans
2799 2724 2860 2781 in
2908 2724 3017 2781 i»to
3064 2722 3287 2794 abjecto
3317 2735 3580 2794 corpore.
3610 2729 3674 2780 ut

2027 2809 2096 2852 eo
2122 2804 2313 2852 utatur
2342 2794 2712 2856 familiariter,
2764 2803 2817 2851 et
2871 2793 3188 2865 voluptates
3218 2793 3343 2863 ejus
3374 2793 3668 2865 affectans,

2028 2866 2354 2937 gloriaeque;
2383 2868 2647 2923 humanae
2677 2866 2862 2922 dedita
2888 2888 2901 2921 :
2937 2862 3034 2923 aut
3056 2862 3260 2923 horum
3280 2862 3518 2937 quidem
3540 2866 3676 2937 nul-

305 2936 449 3020 lium
501 2937 672 2995 ferre.
729 2939 812 3020 ᾼρ
853 2936 1098 3020 priorem
1130 2938 1358 3020 quidem
1399 2936 2001 3020 illumitimoremm“
2029 2939 2139 3019 lam
2171 2936 2449 3020 rationem
2481 2937 2716 3020 ducens,
2767 2937 2914 3020 lu‘cis
2964 2945 3174 3018 autem.
3210 2950 3311 3020 seu
3344 2937 3481 3020 vitae.
3501 2936 3691 3008 hujus‘

301 3010 497 3064 anima
530 3024 659 3065 cum
688 3008 1084 3067 obﬁrmatione
1115 3008 1349 3080 gignere
1385 3025 1398 3065 :
1463 3008 1831 3078 posteriorem
1860 3014 1948 3064 te-

301 3080 529 3143 nebras,
567 3087 619 3137 et
650 3082 1068 3145 remissionem,
1092 3089 1365 3150 praeterea
1389 3081 1693 3136 caecitatem
1718 3082 1942 3150 animae,

302 3150 726 3224 etintellectus,
760 3160 815 3210 et
872 3148 1325 3224 desperationem
1383 3151 1768 3224 introducere.
1811 3148 1947 3205 Cer-

305 3222 561 3278 tantibus
589 3232 776 3279 autem
807 3220 998 3281 acedia
1032 3222 1305 3292 probatio,
1355 3230 1411 3278 et
1444 3220 1760 3291 exploratio
1790 3234 1947 3291 quae-

307 3292 440 3351 dam
460 3302 557 3365 est
578 3293 1067 3365 humilitatemque
1096 3294 1297 3350 iisdem
1327 3294 1607 3350 conciliat.

388 3383 409 3413 ι
445 3363 550 3431 Qui
584 3365 640 3421 in
674 3366 931 3423 oratione
975 3363 1325 3435 progressus
1383 3366 1613 3423 habent.
1671 3370 1770 3435 aut
1824 3363 1947 3434 ejus

306 3435 499 3505 studio
530 3436 839 3502 ducuntur,
872 3451 968 3493 eos
992 3434 1207 3493 ’acediae
1237 3434 1457 3492 daemon
1489 3434 1949 3505 frequentismme

307 3504 606 3579 lacessere,
639 3515 695 3564 et
723 3520 1053 3579 oppugnare
1082 3508 1391 3579 consuevit,
1422 3505 1563 3563 Nam
1595 3504 1948 3579 reliquorum

305 3576 633 3648 daemonum
664 3576 859 3635 nullus
885 3576 1084 3634 eontra
1127 3579 1230 3634 hos
1260 3577 1571 3648 quidquam
1603 3577 1748 3632 valet
1782 3598 1794 3631 :
1829 3576 1947 3631 sive

304 3646 402 3703 ille
457 3648 605 3705 alius
659 3648 1003 3706 oeconomica
1090 3646 1334 3720 quadam
1409 3646 1511 3720 Dei
1570 3650 1811 3720 t‘ermiss
1837 3661 1948 3720 one

305 3726 505 3774 contra
536 3721 689 3789 ipsos
718 3720 900 3777 valet:
945 3721 1061 3776 sive
1091 3718 1263 3790 (quod
1301 3734 1406 3789 ego
1455 3719 1724 3775 libentius
1752 3718 1946 3790 credo)

306 3803 377 3844 ex
444 3790 844 3862 inaequalitate,
909 3800 964 3847 et
1024 3789 1448 3861 perturbatione
1501 3789 1945 3862 temperamenti

306 3859 887 3931 corporis'adversum
920 3859 1035 3918 nos
1054 3863 1201 3918 vires
1258 3863 1451 3917 sumit.
1484 3861 1646 3927 Quod
1676 3859 1825 3924 dico,
1857 3867 1941 3916 est

307 3931 652 4009 hujusmodi.
688 3932 740 3989 Si
790 3933 966 4009 multo
1021 3934 1149 3990 cibo
1205 3933 1562 3989 stomachum
1597 3933 1858 4009 _grava_vi,
1887 3938 1943 4009 et

306 4002 704 4060 ex’saturitate
754 4007 929 4061 nimia
988 4016 1317 4061 somnosuui
1376 4003 1723 4072 consopitus,
1754 4002 1933 4057 domi-

305 4082 436 4129 nata
468 4082 553 4131 est
581 4076 757 4132 menti
782 4090 921 4131 meae
974 4074 1342 4145 vituperanda
1399 4073 1641 4137 affectio,
1674 4085 1728 4145 et
1758 4074 1938 4145 victus

306 4158 459 4200 sum.
492 4145 710 4202 Deinde
737 4161 957 4211 rursus,
989 4147 1034 4201 si
1098 4145 1466 4202 immoderate
1496 4145 1639 4200 cibis
1669 4144 1936 4208 abstinui,

306 4224 554 4286 mentem
585 4231 767 4273 meam
798 4218 870 4275 ob
904 4217 1117 4281 curavi,
1150 4226 1205 4274 et
1262 4231 1403 4286 pene
1435 4216 1780 4271 immob'lem
1812 4214 1941 4270 red—

307 4285 448 4358 didi,
478 4287 797 4358 iterumque
827 4299 1013 4357 pnstea
1070 4287 1130 4344 in
1189 4285 1447 4344 eamdem
1475 4286 1829 4343 affectionem
1863 4287 1945 4358 in-

308 4356 442 4411 cidi.
483 4356 772 4415 Interdum
802 4356 871 4415 ex
928 4359 1053 4417 caeli
1115 4359 1388 4428 temperie
1414 4360 1606 4414 nescio
1638 4356 1943 4427 quomodo,

308 4436 366 4484 et
391 4429 665 4487 nebulosa
696 4431 950 4489 crassitie
1001 4430 1148 4487 venti
1199 4429 1419 4486 humidi
1452 4430 1576 4485 talia
1607 4428 1949 4485 certantibus

304 4502 602 4556 eveniunt.

386 4588 411 4622 ε
448 4572 653 4627 Acedia
716 4571 918 4630 mentis
964 4581 1018 4628 et
1065 4573 1271 4629 animae
1302 4585 1457 4629 mors
1512 4580 1640 4627 est:
1698 4583 1871 4640 quam
1902 4570 1949 4626 si

306 4639 458 4698 Deus
486 4643 838 4712 permisisset
868 4646 922 4700 in
956 4659 1060 4699 nos
1111 4644 1377 4715 grassari,
1432 4639 1947 4715 quantum’petest,

303 4726 480 4785 nemo
536 4728 789 4785 unquam
870 4713 1167 4783 spirituaie
1236 4725 1524 4771 certamen
1608 4713 1949 4785 certantium

305 4782 553 4841 salutem
585 4782 782 4842 fuisset
811 4782 1171 4843 consecutus.
1230 4787 1497 4844 Mumeris
1552 4791 1741 4840 autem
1774 4783 1952 4840 nostri

306 4863 420 4920 est,
452 4869 554 4924 pro
583 4856 732 4912 virili
765 4867 921 4927 parte
952 4857 1135 4914 eidem
1192 4858 1476 4922 resistere,
1523 4854 1639 4916 Dei,
1677 4869 1829 4927 vero,
1862 4868 1954 4910 ar-

306 4939 452 4981 cana
484 4927 728 4996 quadam
761 4930 982 4985 ratione
1012 4942 1115 4984 nos
1165 4929 1435 4992 excitare.
1460 4927 1761 4995 palamque
1784 4926 1951 4981 victo-

307 5010 403 5052 res
459 5009 746 5067 praestare.
796 4996 891 5056 Est
948 5013 1117 5069 porro
1172 4999 1950 5069 impossibile,rquemquam

310 5074 600 5150 mortuum
630 5069 797 5126 vitale
829 5068 1020 5150 lumen
1080 5075 1334 5150 recipere
1368 5072 1515 5150 _sine
1544 5068 1663 5139 t'jUS
1695 5082 1821 5137 ope,
1854 5068 1951 5138 qui

307 5142 680 5208 semetipsum
711 5156 740 5196 a
775 5142 1014 5196 mortuis
1041 5144 1425 5198 resuscitavit.

390 5229 412 5260 ι
446 5210 502 5266 Si
533 5215 682 5268 lurto
712 5212 980 5281 quodam,
1030 5227 1127 5269 sru
1184 5226 1283 5283 per
1336 5212 1953 5283 subreptiunemmens

309 5279 370 5354 i_n
402 5279 809 5353 arrogantiam,
865 5291 919 5339 et
965 5279 1323 5354 magniﬁcam
1380 5284 1449 5339 de
1505 5279 1566 5338 se
1623 5281 1951 5354 opinionem

309 5352 626 5426 devenerit,
682 5363 736 5410 ct
789 5354 843 5410 in
873 5370 935 5426 ea
993 5352 1221 5426 longius
1277 5354 1642 5426 processerit,
1696 5360 1757 5409 ut
1803 5367 1863 5408 se
1892 5353 1951 5409 in

310 5425 622 5506 certamine
678 5425 1411 5506 spiritualinaliquid‘csse
1467 5425 1774 5506 existimet,
1830 5432 1951 5506 tum

311 5505 515 5565 gratia,

424 5497 515 5560 tia,
546 5509 675 5621 gnat
740 5498 923 5566 ipsam
981 5497 1361 5557 illuminabat.
1424 5510 1531 5552 uec
1587 5497 1948 5561 cernebatur,

424 5566 508 5623 lat.
590 5576 764 5623 tcum
795 5582 921 5623 eam
972 5568 1120 5623 brevi
1178 5569 1406 5623 inanem
1466 5566 1803 5623 deseruerit.
1837 5575 1948 5623 sta-

311 5579 508 5621 evniat.

590 5576 764 5624 tcum
795 5582 921 5623 eam
972 5568 1120 5625 brevi
1178 5569 1406 5624 inanem
1466 5566 1803 5627 deseruerit.
1837 5575 1954 5624 sta-

313 5636 416 5710 tim
445 5638 505 5694 in
534 5647 731 5709 aperto
794 5648 879 5695 est
936 5638 1057 5710 ejus
1109 5639 1494 5704 imbecillitas,
1526 5637 1955 5697 incursantibus

313 5705 472 5765 illam
501 5705 1026 5781 perturbationibes
1067 5710 1248 5769 instar
1303 5724 1513 5770 canum
1562 5712 1862 5779 atrocium,
1890 5724 1954 5768 ac

2024 3008 2442 3079 jucunditatem
2471 3007 2743 3073 sentiens,
2766 3009 2838 3066 ad
2860 3023 3089 3066 omnem
3118 3010 3409 3079 virtutem,
3433 3014 3487 3062 et
3510 3007 3677 3064 man-

2028 3077 2221 3135 datum
2254 3079 2352 3136 Dei
2384 3088 2571 3149 torpet
2611 3079 2798 3148 plane,
2860 3082 3212 3149 minimeque
3269 3077 3478 3134 alacris
3501 3086 3609 3143 est,
3641 3094 3671 3137 a

2030 3152 2195 3223 malis
2222 3150 2341 3221 jam
2388 3150 2553 3223 dictis
2582 3151 2755 3223 quasi
2774 3155 2944 3223 arctis
2991 3159 3222 3223 gravata
3278 3149 3670 3223 compedibus.

2028 3221 2169 3278 Cum
2195 3220 2385 3279 autem
2416 3222 2652 3279 excitata
2689 3220 3370 3285 laboribus'aﬂlimionis,
3402 3227 3457 3276 et
3487 3220 3674 3292 lacry-

2030 3294 2139 3349 mis
2171 3294 2539 3362 paenitentiae,
2572 3292 2795 3362 pondus
2838 3296 3029 3351 carnis
3059 3308 3088 3349 a
3148 3308 3209 3349 se
3256 3291 3524 3362 excussit,
3558 3291 3674 3349 sal-

2030 3361 2291 3435 suginem
2314 3365 2525 3420 terreni
2558 3361 2762 3420 Sensus
2792 3363 3018 3421 ﬂetibus
3042 3364 3262 3435 magnis
3293 3361 3450 3427 eluit,
3482 3362 3674 3435 humi-

2031 3434 2361 3506 litatemque
2414 3448 2607 3491 rerum
2670 3450 2797 3506 quae
2855 3434 3153 3500 videntur,
3198 3434 3567 3506 transcendit,
3620 3442 3675 3492 et

2033 3520 2177 3575 puro
2210 3505 2425 3563 lumine
2451 3505 2755 3574 fruitur,’et
2776 3523 2804 3563 a
2829 3506 3218 3564 dominatione
3250 3505 3674 3575 tyrannicarum

2030 3577 2206 3633 animi
2234 3579 2565 3648 passionum
2620 3578 2796 3634 asseri
2856 3580 3083 3642 meruit,
3145 3590 3273 3632 mox
3305 3583 3359 3630 et
3388 3576 3508 3645 ipsa
3541 3590 3674 3634 cum

2027 3647 2305 3718 Propheta
2340 3648 2671 3705 exclamat:
2735 3668 2759 3701 ι
2816 3647 3154 3705 Conscidisti
3211 3660 3441 3718 saccum
3481 3660 3673 3718 meum

2030 3727 2085 3776 et
2113 3717 2536 3776 circumdedisti
2589 3733 2678 3775 me
2732 3719 2936 3778 laetitia.
3002 3728 3063 3776 ut
3120 3724 3304 3789 cantet
3357 3717 3459 3773 tibi
3490 3717 3672 3789 gloria

2028 3800 2264 3869 mea,_et
2294 3806 2406 3869 non
2438 3805 2798 3862 compungar
2829 3791 3003 3869 (Paul.
3034 3787 3333 3869 χξηῐεη).
3373 3857 3385 3869 ο

2107 3880 2132 3913 ι
2162 3862 2301 3919 Tres
2338 3863 2491 3918 locos
2547 3857 2725 3918 sacra'
2767 3857 3050 3932 scriptura
3101 3860 3333 3932 indicat,
3371 3857 3430 3913 in
3463 3857 3675 3932 quibus

2022 3945 2185 3988 mens
2216 3932 2458 3990 libenter
2506 3933 2764 3990 habitare
2814 3929 3132 3990 consuevit.
3186 3929 3301 4001 Ego
3360 3943 3494 3986 vero
3525 3930 3671 3987 duos

2023 4005 2211 4072 potius
2249 4019 2374 4060 esse
2404 4005 2515 4068 aio,
2548 4018 2666 4059 non
2717 4013 2776 4061 ut
2826 4004 3060 4059 doceam
3110 4001 3418 4071 Scripturas
3447 4011 3670 4059 contra-

2025 4075 2129 4145 ria.
2161 4074 2315 4145 quod
2344 4075 2492 4131 absit
2523 4075 2536 4130 l
2589 4076 2689 4131 sed
2746 4074 2996 4131 medium
3054 4074 3201 4129 inter
3234 4072 3671 4145 principiumget

2026 4142 2199 4201 tinem
2233 4146 2383 4202 haud
2414 4159 2743 4202 numerans.
2777 4145 3037 4216 Exempli
3069 4159 3259 4208 causa,
3293 4142 3391 4214 qui
3423 4157 3490 4199 ex
3524 4142 3670 4201 urbe

2028 4217 2085 4272 in
2118 4218 2343 4285 urbem,
2373 4225 2429 4273 et
2458 4232 2488 4273 e
2516 4217 2752 4289 regione
2781 4218 2839 4273 in
2892 4216 3061 4289 aliam
3095 4216 3385 4286 regionem
3414 4216 3670 4289 transiit,

2028 4301 2144 4344 non
2175 4289 2346 4345 etiam
2374 4290 2480 4344 iter
2509 4286 2696 4357 ipsum
2729 4303 2841 4359 quo
2874 4287 3161 4357 profectus
3203 4286 3672 4359 est,_urbem_aut

1969 4356 2677 4443 Dmgipnerppppeliﬂbit,
2709 4356 2970 4441 quamvis
3000 4359 3059 4414 in
3102 4373 3182 4443 eo
3214 4356 3387 4443 multa
3420 4365 3476 4443 et
3498 4357 3673 4414 admi-

2033 4431 2233 4487 rabilia
2263 4428 2481 4487 viderit.
2513 4428 2742 4487 Etenim
2791 4431 2887 4502 qui
2951 4444 3024 4486 ex
3080 4430 3321 4501 [Egypto
3370 4428 3428 4484 in
3462 4436 3670 4486 terram

2033 4502 2429 4570 promissionis
2461 4502 2743 4573 migravit,
2794 4501 2848 4559 et
2878 4503 2933 4557 in
2968 4516 3030 4557 ea
3079 4507 3271 4557 sedem
3296 4501 3526 4573 posuit,
3559 4515 3676 4558 om-

2032 4574 2192 4628 nium
2221 4574 2451 4644 quidem
2483 4572 2594 4629 reci
2620 4573 2837 4639 rdatur,
2887 4587 3015 4645 quas
3065 4574 3124 4629 in
3184 4572 3373 4628 medio
3404 4585 3677 4645 occurre-

2031 4652 2186 4704 runt.
2219 4658 2395 4715 eaque
2426 4652 2622 4701 narrat
2651 4644 2920 4701 omnibus
2954 4660 2967 4701 :
3026 4658 3142 4701 non
3188 4652 3376 4700 tamen
3410 4658 3438 4698 a
3489 4644 3673 4715 prima

2033 4715 2103 4769 ad
2130 4715 2461 4781 secundam,
2495 4724 2550 4771 et
2580 4731 2610 4773 a
2667 4718 2916 4773 secunda
2963 4717 3025 4773 in
3073 4715 3297 4773 tertiam
3327 4715 3550 4780 urbem,
3583 4721 3682 4771 aut

2036 4787 2327 4855 regionem
2360 4801 2419 4842 se
2451 4787 2777 4844 ambulasse
2803 4788 2939 4843 dicit
2972 4803 2986 4843 :
3042 4790 3142 4844 sed
3172 4785 3460 4857 quomodo
3488 4801 3519 4842 a
3549 4799 3676 4857 ser-

2036 4860 2211 4914 vitute
2242 4857 2312 4914 ad
2344 4857 2684 4925 libertatem,
2717 4874 2747 4915 a
2780 4860 3031 4916 tenebris
3080 4858 3151 4916 ad
3181 4856 3385 4921 lucem,
3418 4872 3448 4912 a
3476 4856 3681 4913 condi-

2035 4928 2185 5000 tione
2218 4929 2417 5000 captivi
2448 4930 2519 4986 ad
2576 4930 2817 5000 patriam
2852 4947 2864 4987 :
2923 4931 3006 4986 sic
3062 4930 3230 4988 etiam
3261 4930 3332 4987 ab
3362 4928 3679 5000 aﬂectionif

2038 4997 2143 5054 bus
2171 4999 2243 5056 ad
2272 4997 2467 5057 earum
2500 4997 2864 5067 vacuitatem,
2923 5001 2989 5057 ab
3046 5013 3244 5058 earum
3302 5001 3574 5056 servitute
3603 4997 3676 5054 ad

2038 5068 2354 5127 libertatem
2408 5072 2644 5143 spiritus
2680 5096 2691 5128 :
2748 5082 2803 5131 et
2829 5074 2900 5130 ab
2928 5072 3253 5143 anticipatis
3282 5079 3678 5143 contranatu-

2035 5156 2160 5197 ram
2189 5141 2785 5214 animiio'pinionibus
2844 5147 3039 5214 (quam
3097 5141 3252 5199 velut
3296 5142 3679 5211 captivitatem

2036 5213 2351 5285 spiritualis
2382 5213 2476 5271 lex
2504 5216 2782 5284 nominat)
2812 5213 2899 5271 ad’
2914 5215 3158 5273 reditum
3174 5226 3347 5285 supra
3376 5219 3676 5271 naturam:

2036 5302 2067 5340 a
2099 5287 2223 5357 vitae
2254 5284 2425 5357 hujus
2455 5287 2678 5357 pelago,
2709 5295 2764 5343 et
2814 5286 3084 5343 ﬂuctibus
3141 5287 3213 5357 ad
3254 5284 3477 5357 statum
3523 5292 3682 5341 tran-

2037 5354 2343 5429 quiliitatis'
2360 5354 2557 5414 eorum
2589 5354 2799 5429 quibus
2827 5373 2955 5414 cum
3018 5356 3231 5429 mundo
3286 5356 3432 5413 nihil
3464 5364 3551 5429 est
3578 5369 3682 5429 ne-

2035 5425 2173 5497 gotii
2211 5449 2222 5481 :
2281 5428 2353 5485 ab‘
2387 5425 2765 5487 amaritudine
2795 5428 3248 5487 sollicitudinum
3281 5436 3335 5485 et
3366 5426 3683 5485 tribulatio-

2033 5513 2175 5555 num
2206 5509 2438 5570 propter
2483 5514 2577 5558 res
2634 5502 2876 5557 caducas
2933 5501 3004 5558 ad
3062 5497 3408 5557 ineffabilem
3443 5501 3685 5558 suavita-

2036 5578 2168 5635 tem,
2203 5578 2257 5626 et
2294 5573 2474 5629 otium
2506 5588 2536 5629 a
2567 5573 2723 5629 curis
2754 5586 2948 5630 rerum
2978 5582 3342 5630 terrenarum
3370 5573 3680 5631 universe:

2034 5640 2405 5715 acupiditate
2434 5643 2758 5715 multiplici,
2791 5653 2847 5703 et
2875 5644 3265 5711 distractione,
3324 5651 3379 5702 et
3434 5643 3684 5703 tumultu

2035 5713 2110 5772 ad
2160 5725 2342 5771 unum
2399 5713 2620 5781 solum;
2675 5723 2731 5775 et
2784 5716 3172 5777 univorsalem
3225 5716 3684 5778 convenientiam
