  <div class='ocr_page' id='page_1' title='image "/cluster/home/n/w/nwhite01/storage/ocr_20150623/120/mdp.39015008866736/319.png"; bbox 0 0 4054 6114; ppageno 0'>
   <div class='ocr_carea' id='block_1_1' title="bbox 393 228 3765 304">
    <p class='ocr_par' dir='ltr' id='par_1_1' title="bbox 393 228 3765 304">
     <span class='ocr_line' id='line_1_1' title="bbox 393 228 3765 304; baseline -0.006 0"><span class='ocrx_word' id='word_1_1' title='bbox 393 237 510 304; x_wconf 76' lang='lat'><strong>627</strong></span> <span class='ocrx_word' id='word_1_2' title='bbox 1687 228 2071 298; x_wconf 86' lang='lat' dir='ltr'><strong>SYMEONIS</strong></span> <span class='ocrx_word' id='word_1_3' title='bbox 2109 230 2461 295; x_wconf 81' lang='lat' dir='ltr'><strong>JUNIORIS</strong></span> <span class='ocrx_word' id='word_1_4' title='bbox 3648 230 3765 296; x_wconf 74' lang='lat'><strong>628</strong></span> 
     </span>
    </p>
   </div>
   <div class='ocr_carea' id='block_1_2' title="bbox 393 346 2032 454">
    <p class='ocr_par' dir='ltr' id='par_1_2' title="bbox 393 363 2032 454">
     <span class='ocr_line' id='line_1_2' title="bbox 393 363 2032 454; baseline -0.005 -18"><span class='ocrx_word' id='word_1_5' title='bbox 393 372 597 436; x_wconf 87' lang='lat' dir='ltr'><strong>multis</strong></span> <span class='ocrx_word' id='word_1_6' title='bbox 620 378 854 454; x_wconf 77' lang='lat' dir='ltr'><strong>praeest,</strong></span> <span class='ocrx_word' id='word_1_7' title='bbox 879 370 1081 451; x_wconf 90' lang='lat' dir='ltr'><strong>etipse</strong></span> <span class='ocrx_word' id='word_1_8' title='bbox 1106 368 1401 440; x_wconf 82' lang='lat' dir='ltr'><strong>minister,</strong></span> <span class='ocrx_word' id='word_1_9' title='bbox 1427 384 1570 428; x_wconf 89' lang='lat' dir='ltr'><strong>cura</strong></span> <span class='ocrx_word' id='word_1_10' title='bbox 1584 383 1801 454; x_wconf 13' lang='lat' dir='ltr'><strong>vacare,</strong></span> <span class='ocrx_word' id='word_1_11' title='bbox 1819 363 2032 454; x_wconf 83' lang='lat' dir='ltr'><strong>debet:</strong></span> 
     </span>
    </p>
   </div>
   <div class='ocr_carea' id='block_1_3' title="bbox 2119 346 3764 454">
    <p class='ocr_par' dir='ltr' id='par_1_3' title="bbox 2120 363 3764 446">
     <span class='ocr_line' id='line_1_3' title="bbox 2120 363 3764 446; baseline 0.001 -25"><span class='ocrx_word' id='word_1_12' title='bbox 2120 388 2234 440; x_wconf 90' lang='grc' dir='ltr'>νος,</span> <span class='ocrx_word' id='word_1_13' title='bbox 2266 366 2355 421; x_wconf 85' lang='grc' dir='ltr'><strong>καὶ</strong></span> <span class='ocrx_word' id='word_1_14' title='bbox 2384 363 2540 429; x_wconf 74' lang='grc' dir='ltr'>αύτὸς</span> <span class='ocrx_word' id='word_1_15' title='bbox 2598 366 2626 420; x_wconf 87' lang='grc' dir='ltr'>ὁ</span> <span class='ocrx_word' id='word_1_16' title='bbox 2681 363 2960 439; x_wconf 82' lang='grc' dir='ltr'>διακονῶν,</span> <span class='ocrx_word' id='word_1_17' title='bbox 3018 364 3302 445; x_wconf 82' lang='grc' dir='ltr'>ἆμέριμνος</span> <span class='ocrx_word' id='word_1_18' title='bbox 3347 365 3538 446; x_wconf 76' lang='grc' dir='ltr'>ὀφείδει</span> <span class='ocrx_word' id='word_1_19' title='bbox 3596 367 3764 441; x_wconf 72' lang='grc' dir='ltr'>εἶναι,</span> 
     </span>
    </p>
   </div>
   <div class='ocr_carea' id='block_1_4' title="bbox 390 452 2032 537">
    <p class='ocr_par' dir='ltr' id='par_1_4' title="bbox 390 452 2031 537">
     <span class='ocr_line' id='line_1_4' title="bbox 390 452 2031 537; baseline -0.007 -11"><span class='ocrx_word' id='word_1_20' title='bbox 390 463 506 525; x_wconf 89' lang='lat' dir='ltr'><strong>hoc</strong></span> <span class='ocrx_word' id='word_1_21' title='bbox 539 452 648 537; x_wconf 73' lang='lat' dir='ltr'><strong>est,</strong></span> <span class='ocrx_word' id='word_1_22' title='bbox 679 461 758 521; x_wconf 91' lang='lat' dir='ltr'><strong>ab</strong></span> <span class='ocrx_word' id='word_1_23' title='bbox 784 458 1061 522; x_wconf 91' lang='lat' dir='ltr'><strong>omnibus</strong></span> <span class='ocrx_word' id='word_1_24' title='bbox 1088 457 1219 519; x_wconf 62' lang='lat' dir='ltr'><strong>vita;</strong></span> <span class='ocrx_word' id='word_1_25' title='bbox 1248 454 1503 535; x_wconf 86' lang='lat' dir='ltr'><strong>negotiis</strong></span> <span class='ocrx_word' id='word_1_26' title='bbox 1531 455 1681 517; x_wconf 88' lang='lat' dir='ltr'><strong>citra</strong></span> <span class='ocrx_word' id='word_1_27' title='bbox 1709 453 2031 515; x_wconf 83' lang='lat' dir='ltr'><strong>dubitatio—</strong></span> 
     </span>
    </p>
   </div>
   <div class='ocr_carea' id='block_1_5' title="bbox 2119 452 3764 537">
    <p class='ocr_par' dir='ltr' id='par_1_5' title="bbox 2119 452 3764 536">
     <span class='ocr_line' id='line_1_5' title="bbox 2119 452 3764 536; baseline 0.005 -27"><span class='ocrx_word' id='word_1_28' title='bbox 2119 452 2281 533; x_wconf 74' lang='grc' dir='ltr'>ἤγουν</span> <span class='ocrx_word' id='word_1_29' title='bbox 2314 452 2579 533; x_wconf 74' lang='grc' dir='ltr'>ἐλεύθερος</span> <span class='ocrx_word' id='word_1_30' title='bbox 2641 453 2747 510; x_wconf 78' lang='grc' dir='ltr'>ἀπὸ</span> <span class='ocrx_word' id='word_1_31' title='bbox 2788 455 2999 511; x_wconf 83' lang='grc' dir='ltr'>πάντων</span> <span class='ocrx_word' id='word_1_32' title='bbox 3053 460 3159 511; x_wconf 78' lang='grc' dir='ltr'>τῶν</span> <span class='ocrx_word' id='word_1_33' title='bbox 3213 456 3477 513; x_wconf 78' lang='grc' dir='ltr'>Βιωτικῶν</span> <span class='ocrx_word' id='word_1_34' title='bbox 3507 456 3764 536; x_wconf 80' lang='grc' dir='ltr'>πραγμά-</span> 
     </span>
    </p>
   </div>
   <div class='ocr_carea' id='block_1_6' title="bbox 392 539 2032 628">
    <p class='ocr_par' dir='ltr' id='par_1_6' title="bbox 392 541 2032 628">
     <span class='ocr_line' id='line_1_6' title="bbox 392 541 2032 628; baseline -0.007 -14"><span class='ocrx_word' id='word_1_35' title='bbox 392 570 530 614; x_wconf 91' lang='lat' dir='ltr'><strong>nem</strong></span> <span class='ocrx_word' id='word_1_36' title='bbox 563 550 738 626; x_wconf 91' lang='lat' dir='ltr'><strong>liber,</strong></span> <span class='ocrx_word' id='word_1_37' title='bbox 772 555 831 612; x_wconf 91' lang='lat' dir='ltr'><strong>et</strong></span> <span class='ocrx_word' id='word_1_38' title='bbox 860 546 1172 628; x_wconf 88' lang='lat' dir='ltr'><strong>expeditus</strong></span> <span class='ocrx_word' id='word_1_39' title='bbox 1193 563 1348 607; x_wconf 90' lang='lat' dir='ltr'><strong>esse.</strong></span> <span class='ocrx_word' id='word_1_40' title='bbox 1371 543 1516 605; x_wconf 88' lang='lat' dir='ltr'><strong>Nam</strong></span> <span class='ocrx_word' id='word_1_41' title='bbox 1542 543 1594 605; x_wconf 91' lang='lat' dir='ltr'><strong>si</strong></span> <span class='ocrx_word' id='word_1_42' title='bbox 1621 541 2032 605; x_wconf 90' lang='lat' dir='ltr'><strong>sollicitudini-</strong></span> 
     </span>
    </p>
   </div>
   <div class='ocr_carea' id='block_1_7' title="bbox 2119 539 3766 628">
    <p class='ocr_par' dir='ltr' id='par_1_7' title="bbox 2119 539 3766 624">
     <span class='ocr_line' id='line_1_7' title="bbox 2119 539 3766 624; baseline 0.001 -26"><span class='ocrx_word' id='word_1_43' title='bbox 2119 564 2222 599; x_wconf 90' lang='grc' dir='ltr'><strong>των</strong></span> <span class='ocrx_word' id='word_1_44' title='bbox 2296 539 2694 623; x_wconf 73' lang='grc' dir='ltr'>ἀναμφιϐόλως.</span> <span class='ocrx_word' id='word_1_45' title='bbox 2776 544 2835 600; x_wconf 82' lang='grc' dir='ltr'>Εἰ</span> <span class='ocrx_word' id='word_1_46' title='bbox 2890 543 2990 623; x_wconf 80' lang='grc' dir='ltr'><strong>γὰρ</strong></span> <span class='ocrx_word' id='word_1_47' title='bbox 3047 549 3411 623; x_wconf 83' lang='grc' dir='ltr'>μεριμνῶμεν,</span> <span class='ocrx_word' id='word_1_48' title='bbox 3468 543 3766 624; x_wconf 80' lang='grc' dir='ltr'>παραϐάται</span> 
     </span>
    </p>
   </div>
   <div class='ocr_carea' id='block_1_8' title="bbox 391 632 2033 719">
    <p class='ocr_par' dir='ltr' id='par_1_8' title="bbox 391 632 2033 719">
     <span class='ocr_line' id='line_1_8' title="bbox 391 632 2033 719; baseline -0.007 -16"><span class='ocrx_word' id='word_1_49' title='bbox 391 640 503 703; x_wconf 90' lang='lat' dir='ltr'><strong>bus</strong></span> <span class='ocrx_word' id='word_1_50' title='bbox 519 639 828 719; x_wconf 77' lang='lat' dir='ltr'><strong>agitamu‘r,</strong></span> <span class='ocrx_word' id='word_1_51' title='bbox 847 635 1326 716; x_wconf 68' lang='lat' dir='ltr'><strong>praevaricatores</strong></span> <span class='ocrx_word' id='word_1_52' title='bbox 1346 633 1684 695; x_wconf 88' lang='lat' dir='ltr'><strong>invenimur</strong></span> <span class='ocrx_word' id='word_1_53' title='bbox 1695 632 1854 693; x_wconf 89' lang='lat' dir='ltr'><strong>illius</strong></span> <span class='ocrx_word' id='word_1_54' title='bbox 1873 649 2033 692; x_wconf 87' lang='lat' dir='ltr'><strong>man-</strong></span> 
     </span>
    </p>
   </div>
   <div class='ocr_carea' id='block_1_9' title="bbox 393 720 2030 801">
    <p class='ocr_par' dir='ltr' id='par_1_9' title="bbox 393 720 2030 801">
     <span class='ocr_line' id='line_1_9' title="bbox 393 720 2030 801; baseline -0.006 -10"><span class='ocrx_word' id='word_1_55' title='bbox 393 729 533 791; x_wconf 91' lang='lat' dir='ltr'><strong>dati:</strong></span> <span class='ocrx_word' id='word_1_56' title='bbox 549 725 668 789; x_wconf 78' lang='lat' dir='ltr'><strong>«Ne</strong></span> <span class='ocrx_word' id='word_1_57' title='bbox 679 724 1056 787; x_wconf 87' lang='lat' dir='ltr'><strong>sollicitisitis</strong></span> <span class='ocrx_word' id='word_1_58' title='bbox 1084 723 1299 784; x_wconf 72' lang='lat' dir='ltr'><strong>animae</strong></span> <span class='ocrx_word' id='word_1_59' title='bbox 1314 728 1528 784; x_wconf 77' lang='lat' dir='ltr'><strong>vestrae</strong></span> <span class='ocrx_word' id='word_1_60' title='bbox 1539 720 1680 801; x_wconf 91' lang='lat' dir='ltr'><strong>quid</strong></span> <span class='ocrx_word' id='word_1_61' title='bbox 1703 720 2030 782; x_wconf 89' lang='lat' dir='ltr'><strong>manduce-</strong></span> 
     </span>
    </p>
   </div>
   <div class='ocr_carea' id='block_1_10' title="bbox 393 808 2029 898">
    <p class='ocr_par' dir='ltr' id='par_1_10' title="bbox 393 808 2029 898">
     <span class='ocr_line' id='line_1_10' title="bbox 393 808 2029 898; baseline -0.006 -19"><span class='ocrx_word' id='word_1_62' title='bbox 393 818 491 898; x_wconf 88' lang='lat' dir='ltr'><strong>tis,</strong></span> <span class='ocrx_word' id='word_1_63' title='bbox 514 822 615 877; x_wconf 90' lang='lat' dir='ltr'><strong>aut</strong></span> <span class='ocrx_word' id='word_1_64' title='bbox 643 815 781 896; x_wconf 91' lang='lat' dir='ltr'><strong>quid</strong></span> <span class='ocrx_word' id='word_1_65' title='bbox 803 813 1044 888; x_wconf 86' lang='lat' dir='ltr'><strong>bibatis;</strong></span> <span class='ocrx_word' id='word_1_66' title='bbox 1067 830 1262 893; x_wconf 80' lang='lat' dir='ltr'><strong>neque</strong></span> <span class='ocrx_word' id='word_1_67' title='bbox 1297 811 1532 891; x_wconf 82' lang='lat' dir='ltr'><strong>corpori</strong></span> <span class='ocrx_word' id='word_1_68' title='bbox 1552 817 1748 872; x_wconf 86' lang='lat' dir='ltr'><strong>vestro</strong></span> <span class='ocrx_word' id='word_1_69' title='bbox 1768 808 1909 898; x_wconf 62' lang='lat' dir='ltr'><strong>quid</strong></span> <span class='ocrx_word' id='word_1_70' title='bbox 1932 808 2029 898; x_wconf 80' lang='lat' dir='ltr'><strong>in-</strong></span> 
     </span>
    </p>
   </div>
   <div class='ocr_carea' id='block_1_11' title="bbox 393 896 2033 981">
    <p class='ocr_par' dir='ltr' id='par_1_11' title="bbox 393 896 2033 981">
     <span class='ocr_line' id='line_1_11' title="bbox 393 896 2033 981; baseline -0.005 -13"><span class='ocrx_word' id='word_1_71' title='bbox 393 896 658 968; x_wconf 87' lang='lat' dir='ltr'><strong>duamini</strong></span> <span class='ocrx_word' id='word_1_72' title='bbox 675 925 688 967; x_wconf 87' lang='lat'>:</span> <span class='ocrx_word' id='word_1_73' title='bbox 705 905 832 965; x_wconf 62' lang='lat' dir='ltr'><strong>haec</strong></span> <span class='ocrx_word' id='word_1_74' title='bbox 846 903 1002 964; x_wconf 90' lang='lat' dir='ltr'><strong>enim</strong></span> <span class='ocrx_word' id='word_1_75' title='bbox 1017 901 1217 963; x_wconf 86' lang='lat' dir='ltr'><strong>omnia</strong></span> <span class='ocrx_word' id='word_1_76' title='bbox 1235 909 1442 981; x_wconf 84' lang='lat' dir='ltr'><strong>gentes</strong></span> <span class='ocrx_word' id='word_1_77' title='bbox 1460 896 2033 979; x_wconf 65' lang='lat' dir='ltr'><strong>inquirunt‘GEtite-</strong></span> 
     </span>
    </p>
   </div>
   <div class='ocr_carea' id='block_1_12' title="bbox 391 987 2034 1070">
    <p class='ocr_par' dir='ltr' id='par_1_12' title="bbox 391 987 2034 1070">
     <span class='ocr_line' id='line_1_12' title="bbox 391 987 2034 1070; baseline -0.005 -14"><span class='ocrx_word' id='word_1_78' title='bbox 391 1013 548 1056; x_wconf 89' lang='lat' dir='ltr'><strong>rum:</strong></span> <span class='ocrx_word' id='word_1_79' title='bbox 562 992 830 1067; x_wconf 73' lang='lat' dir='ltr'><strong>«Cavete,</strong></span> <span class='ocrx_word' id='word_1_80' title='bbox 847 989 1159 1070; x_wconf 89' lang='lat' dir='ltr'><strong>nequando</strong></span> <span class='ocrx_word' id='word_1_81' title='bbox 1181 996 1495 1067; x_wconf 84' lang='lat' dir='ltr'><strong>graventur</strong></span> <span class='ocrx_word' id='word_1_82' title='bbox 1507 987 1687 1049; x_wconf 91' lang='lat' dir='ltr'><strong>corda</strong></span> <span class='ocrx_word' id='word_1_83' title='bbox 1702 993 1891 1048; x_wconf 87' lang='lat' dir='ltr'><strong>vestra</strong></span> <span class='ocrx_word' id='word_1_84' title='bbox 1909 1004 2034 1048; x_wconf 88' lang='lat' dir='ltr'><strong>cra-</strong></span> 
     </span>
    </p>
   </div>
   <div class='ocr_carea' id='block_1_13' title="bbox 393 1075 2026 1164">
    <p class='ocr_par' dir='ltr' id='par_1_13' title="bbox 393 1075 2026 1164">
     <span class='ocr_line' id='line_1_13' title="bbox 393 1075 2026 1164; baseline -0.009 -20"><span class='ocrx_word' id='word_1_85' title='bbox 393 1080 1013 1164; x_wconf 87' lang='lat' dir='ltr'><strong>pula,etebrietate,ac</strong></span> <span class='ocrx_word' id='word_1_86' title='bbox 1025 1076 1523 1140; x_wconf 85' lang='lat' dir='ltr'><strong>sollicitudinibus</strong></span> <span class='ocrx_word' id='word_1_87' title='bbox 1534 1077 1633 1156; x_wconf 88' lang='lat' dir='ltr'><strong>huj</strong></span> <span class='ocrx_word' id='word_1_88' title='bbox 1643 1075 2026 1140; x_wconf 67' lang='lat' dir='ltr'><strong>ussaaculi‘7.»</strong></span> 
     </span>
    </p>
   </div>
   <div class='ocr_carea' id='block_1_14' title="bbox 474 1164 2036 1246">
    <p class='ocr_par' dir='ltr' id='par_1_14' title="bbox 474 1164 2036 1246">
     <span class='ocr_line' id='line_1_14' title="bbox 474 1164 2036 1246; baseline -0.005 -14"><span class='ocrx_word' id='word_1_89' title='bbox 474 1171 572 1232; x_wconf 81' lang='grc'><strong>54.</strong></span> <span class='ocrx_word' id='word_1_90' title='bbox 607 1169 794 1242; x_wconf 89' lang='lat' dir='ltr'><strong>Quem</strong></span> <span class='ocrx_word' id='word_1_91' title='bbox 825 1186 924 1230; x_wconf 90' lang='lat' dir='ltr'><strong>res</strong></span> <span class='ocrx_word' id='word_1_92' title='bbox 951 1166 1082 1229; x_wconf 74' lang='lat' dir='ltr'><strong>vitae</strong></span> <span class='ocrx_word' id='word_1_93' title='bbox 1124 1167 1297 1246; x_wconf 88' lang='lat' dir='ltr'><strong>hujus</strong></span> <span class='ocrx_word' id='word_1_94' title='bbox 1345 1165 1659 1228; x_wconf 89' lang='lat' dir='ltr'><strong>sollicitum</strong></span> <span class='ocrx_word' id='word_1_95' title='bbox 1701 1164 1943 1239; x_wconf 89' lang='lat' dir='ltr'><strong>habent,</strong></span> <span class='ocrx_word' id='word_1_96' title='bbox 1976 1170 2036 1225; x_wconf 91' lang='lat' dir='ltr'><strong>et</strong></span> 
     </span>
    </p>
   </div>
   <div class='ocr_carea' id='block_1_15' title="bbox 394 1253 2031 1338">
    <p class='ocr_par' dir='ltr' id='par_1_15' title="bbox 394 1253 2031 1338">
     <span class='ocr_line' id='line_1_15' title="bbox 394 1253 2031 1338; baseline -0.004 -16"><span class='ocrx_word' id='word_1_97' title='bbox 394 1266 635 1338; x_wconf 84' lang='lat' dir='ltr'><strong>angunt,</strong></span> <span class='ocrx_word' id='word_1_98' title='bbox 669 1276 789 1319; x_wconf 90' lang='lat' dir='ltr'><strong>non</strong></span> <span class='ocrx_word' id='word_1_99' title='bbox 819 1263 908 1318; x_wconf 89' lang='lat' dir='ltr'><strong>est</strong></span> <span class='ocrx_word' id='word_1_100' title='bbox 936 1255 1108 1317; x_wconf 91' lang='lat' dir='ltr'><strong>liber.</strong></span> <span class='ocrx_word' id='word_1_101' title='bbox 1137 1254 1383 1335; x_wconf 81' lang='lat' dir='ltr'><strong>PrOpter</strong></span> <span class='ocrx_word' id='word_1_102' title='bbox 1414 1255 1624 1315; x_wconf 90' lang='lat' dir='ltr'><strong>harum</strong></span> <span class='ocrx_word' id='word_1_103' title='bbox 1657 1253 1877 1335; x_wconf 89' lang='lat' dir='ltr'><strong>quippe</strong></span> <span class='ocrx_word' id='word_1_104' title='bbox 1906 1253 2031 1316; x_wconf 90' lang='lat' dir='ltr'><strong>sol-</strong></span> 
     </span>
    </p>
   </div>
   <div class='ocr_carea' id='block_1_16' title="bbox 393 1341 2035 1422">
    <p class='ocr_par' dir='ltr' id='par_1_16' title="bbox 393 1341 2035 1422">
     <span class='ocr_line' id='line_1_16' title="bbox 393 1341 2035 1422; baseline -0.004 -12"><span class='ocrx_word' id='word_1_105' title='bbox 393 1347 791 1422; x_wconf 81' lang='lat' dir='ltr'><strong>licitudinem,</strong></span> <span class='ocrx_word' id='word_1_106' title='bbox 847 1352 906 1407; x_wconf 88' lang='lat' dir='ltr'><strong>et</strong></span> <span class='ocrx_word' id='word_1_107' title='bbox 945 1362 1150 1406; x_wconf 88' lang='lat' dir='ltr'><strong>curam</strong></span> <span class='ocrx_word' id='word_1_108' title='bbox 1210 1343 1443 1404; x_wconf 81' lang='lat' dir='ltr'><strong>anxiam</strong></span> <span class='ocrx_word' id='word_1_109' title='bbox 1485 1361 1616 1404; x_wconf 87' lang='lat' dir='ltr'><strong>sese</strong></span> <span class='ocrx_word' id='word_1_110' title='bbox 1665 1341 1943 1417; x_wconf 87' lang='lat' dir='ltr'><strong>demittit,</strong></span> <span class='ocrx_word' id='word_1_111' title='bbox 1977 1349 2035 1403; x_wconf 90' lang='lat' dir='ltr'><strong>et</strong></span> 
     </span>
    </p>
   </div>
   <div class='ocr_carea' id='block_1_17' title="bbox 395 1429 2030 1514">
    <p class='ocr_par' dir='ltr' id='par_1_17' title="bbox 395 1429 2030 1514">
     <span class='ocr_line' id='line_1_17' title="bbox 395 1429 2030 1514; baseline -0.004 -16"><span class='ocrx_word' id='word_1_112' title='bbox 395 1435 694 1499; x_wconf 86' lang='lat' dir='ltr'><strong>servitutis</strong></span> <span class='ocrx_word' id='word_1_113' title='bbox 736 1435 881 1514; x_wconf 88' lang='lat' dir='ltr'><strong>jugo</strong></span> <span class='ocrx_word' id='word_1_114' title='bbox 930 1432 1244 1505; x_wconf 88' lang='lat' dir='ltr'><strong>submittit,</strong></span> <span class='ocrx_word' id='word_1_115' title='bbox 1295 1433 1419 1493; x_wconf 85' lang='lat' dir='ltr'><strong>sive</strong></span> <span class='ocrx_word' id='word_1_116' title='bbox 1471 1449 1597 1505; x_wconf 89' lang='lat' dir='ltr'><strong>sua,</strong></span> <span class='ocrx_word' id='word_1_117' title='bbox 1633 1431 1756 1492; x_wconf 88' lang='lat' dir='ltr'><strong>sive</strong></span> <span class='ocrx_word' id='word_1_118' title='bbox 1782 1429 2030 1493; x_wconf 86' lang='lat' dir='ltr'><strong>aliorum</strong></span> 
     </span>
    </p>
   </div>
   <div class='ocr_carea' id='block_1_18' title="bbox 396 1519 2034 1601">
    <p class='ocr_par' dir='ltr' id='par_1_18' title="bbox 396 1519 2034 1601">
     <span class='ocr_line' id='line_1_18' title="bbox 396 1519 2034 1601; baseline -0.005 -13"><span class='ocrx_word' id='word_1_119' title='bbox 396 1542 572 1588; x_wconf 90' lang='lat' dir='ltr'><strong>causa</strong></span> <span class='ocrx_word' id='word_1_120' title='bbox 602 1522 892 1585; x_wconf 91' lang='lat' dir='ltr'><strong>sollicitus</strong></span> <span class='ocrx_word' id='word_1_121' title='bbox 922 1522 1017 1583; x_wconf 90' lang='lat' dir='ltr'><strong>sit.</strong></span> <span class='ocrx_word' id='word_1_122' title='bbox 1043 1521 1093 1583; x_wconf 91' lang='lat' dir='ltr'><strong>A</strong></span> <span class='ocrx_word' id='word_1_123' title='bbox 1121 1521 1334 1601; x_wconf 88' lang='lat' dir='ltr'><strong>quibus</strong></span> <span class='ocrx_word' id='word_1_124' title='bbox 1365 1519 1538 1601; x_wconf 89' lang='lat' dir='ltr'><strong>liber,</strong></span> <span class='ocrx_word' id='word_1_125' title='bbox 1573 1538 1681 1581; x_wconf 92' lang='lat' dir='ltr'><strong>nec</strong></span> <span class='ocrx_word' id='word_1_126' title='bbox 1710 1519 1786 1581; x_wconf 89' lang='lat' dir='ltr'><strong>de</strong></span> <span class='ocrx_word' id='word_1_127' title='bbox 1815 1537 2034 1593; x_wconf 89' lang='lat' dir='ltr'><strong>se,nec</strong></span> 
     </span>
    </p>
   </div>
   <div class='ocr_carea' id='block_1_19' title="bbox 2113 629 3762 712">
    <p class='ocr_par' dir='ltr' id='par_1_19' title="bbox 2113 629 3762 712">
     <span class='ocr_line' id='line_1_19' title="bbox 2113 629 3762 712; baseline 0.002 -25"><span class='ocrx_word' id='word_1_128' title='bbox 2113 636 2212 699; x_wconf 79' lang='grc' dir='ltr'>τῆς</span> <span class='ocrx_word' id='word_1_129' title='bbox 2267 638 2360 690; x_wconf 87' lang='grc' dir='ltr'><strong>τοῦ</strong></span> <span class='ocrx_word' id='word_1_130' title='bbox 2419 637 2550 688; x_wconf 83' lang='grc' dir='ltr'><strong>Θεοῦ</strong></span> <span class='ocrx_word' id='word_1_131' title='bbox 2605 629 2824 699; x_wconf 79' lang='grc' dir='ltr'><strong>ἐντολῆς</strong></span> <span class='ocrx_word' id='word_1_132' title='bbox 2881 633 3249 711; x_wconf 73' lang='grc' dir='ltr'><strong>εὑρισκόμεθα,</strong></span> <span class='ocrx_word' id='word_1_133' title='bbox 3308 638 3406 701; x_wconf 78' lang='grc' dir='ltr'>τῆς</span> <span class='ocrx_word' id='word_1_134' title='bbox 3478 631 3762 712; x_wconf 80' lang='grc' dir='ltr'><strong>λεγούσης,</strong></span> 
     </span>
    </p>
   </div>
   <div class='ocr_carea' id='block_1_20' title="bbox 2118 720 3764 802">
    <p class='ocr_par' dir='ltr' id='par_1_20' title="bbox 2118 720 3764 802">
     <span class='ocr_line' id='line_1_20' title="bbox 2118 720 3764 802; baseline 0.002 -28"><span class='ocrx_word' id='word_1_135' title='bbox 2118 742 2145 774; x_wconf 82' lang='grc' dir='ltr'>α</span> <span class='ocrx_word' id='word_1_136' title='bbox 2205 720 2293 787; x_wconf 78' lang='grc' dir='ltr'><strong>Μὴ</strong></span> <span class='ocrx_word' id='word_1_137' title='bbox 2342 721 2704 800; x_wconf 81' lang='grc' dir='ltr'>μεριμνήσητε</span> <span class='ocrx_word' id='word_1_138' title='bbox 2759 725 2828 796; x_wconf 80' lang='grc' dir='ltr'>τῇ</span> <span class='ocrx_word' id='word_1_139' title='bbox 2869 725 3024 800; x_wconf 77' lang='grc' dir='ltr'>ψυχῇ</span> <span class='ocrx_word' id='word_1_140' title='bbox 3067 722 3213 796; x_wconf 77' lang='grc' dir='ltr'>ὑμῶν</span> <span class='ocrx_word' id='word_1_141' title='bbox 3263 721 3315 778; x_wconf 93' lang='grc' dir='ltr'><strong>τί</strong></span> <span class='ocrx_word' id='word_1_142' title='bbox 3370 722 3599 802; x_wconf 76' lang='grc' dir='ltr'>φάγητε,</span> <span class='ocrx_word' id='word_1_143' title='bbox 3644 721 3683 790; x_wconf 76' lang='grc' dir='ltr'><strong>ἢ</strong></span> <span class='ocrx_word' id='word_1_144' title='bbox 3711 723 3764 778; x_wconf 86' lang='grc' dir='ltr'><strong>τί</strong></span> 
     </span>
    </p>
   </div>
   <div class='ocr_carea' id='block_1_21' title="bbox 2112 807 3761 890">
    <p class='ocr_par' dir='ltr' id='par_1_21' title="bbox 2112 807 3761 890">
     <span class='ocr_line' id='line_1_21' title="bbox 2112 807 3761 890; baseline 0.001 -26"><span class='ocrx_word' id='word_1_145' title='bbox 2112 809 2291 883; x_wconf 83' lang='grc' dir='ltr'>πίητε,</span> <span class='ocrx_word' id='word_1_146' title='bbox 2351 809 2387 877; x_wconf 75' lang='grc' dir='ltr'><strong>ἢ</strong></span> <span class='ocrx_word' id='word_1_147' title='bbox 2445 810 2496 864; x_wconf 89' lang='grc' dir='ltr'><strong>τί</strong></span> <span class='ocrx_word' id='word_1_148' title='bbox 2552 807 2830 875; x_wconf 79' lang='grc' dir='ltr'>ἐνδύσησθε</span> <span class='ocrx_word' id='word_1_149' title='bbox 2869 826 2882 841; x_wconf 82' lang='grc'><em>’</em></span> <span class='ocrx_word' id='word_1_150' title='bbox 2945 815 3109 865; x_wconf 86' lang='grc' dir='ltr'>ταῦτα</span> <span class='ocrx_word' id='word_1_151' title='bbox 3151 810 3250 890; x_wconf 83' lang='grc' dir='ltr'>γὰρ</span> <span class='ocrx_word' id='word_1_152' title='bbox 3293 809 3466 871; x_wconf 81' lang='grc' dir='ltr'>πάντα</span> <span class='ocrx_word' id='word_1_153' title='bbox 3520 812 3587 866; x_wconf 76' lang='grc' dir='ltr'><strong>τὰ</strong></span> <span class='ocrx_word' id='word_1_154' title='bbox 3636 809 3761 877; x_wconf 78' lang='grc' dir='ltr'>ἔθνη</span> 
     </span>
    </p>
   </div>
   <div class='ocr_carea' id='block_1_22' title="bbox 2113 895 3764 979">
    <p class='ocr_par' dir='ltr' id='par_1_22' title="bbox 2113 895 3764 979">
     <span class='ocr_line' id='line_1_22' title="bbox 2113 895 3764 979; baseline 0.001 -26"><span class='ocrx_word' id='word_1_155' title='bbox 2113 896 2358 969; x_wconf 74' lang='grc' dir='ltr'>ἐπιζητεῖ</span> <span class='ocrx_word' id='word_1_156' title='bbox 2391 913 2404 928; x_wconf 85' lang='grc'><strong>⁸</strong></span> <span class='ocrx_word' id='word_1_157' title='bbox 2442 920 2474 954; x_wconf 73' lang='grc' dir='ltr'><strong><em>ι</em></strong></span> <span class='ocrx_word' id='word_1_158' title='bbox 2506 899 2595 954; x_wconf 87' lang='grc' dir='ltr'><strong>καὶ</strong></span> <span class='ocrx_word' id='word_1_159' title='bbox 2638 895 2796 955; x_wconf 80' lang='grc' dir='ltr'>πάλιν</span> <span class='ocrx_word' id='word_1_160' title='bbox 2829 915 2841 929; x_wconf 89' lang='grc'>·</span> <span class='ocrx_word' id='word_1_161' title='bbox 2885 918 2912 951; x_wconf 77' lang='grc' dir='ltr'>α</span> <span class='ocrx_word' id='word_1_162' title='bbox 2942 895 3172 954; x_wconf 80' lang='grc' dir='ltr'>Βλέπετε</span> <span class='ocrx_word' id='word_1_163' title='bbox 3205 900 3416 973; x_wconf 90' lang='grc' dir='ltr'>μήποτε</span> <span class='ocrx_word' id='word_1_164' title='bbox 3445 900 3764 979; x_wconf 82' lang='grc' dir='ltr'>βαρυνθῶσιν</span> 
     </span>
    </p>
   </div>
   <div class='ocr_carea' id='block_1_23' title="bbox 2116 984 3767 1068">
    <p class='ocr_par' dir='ltr' id='par_1_23' title="bbox 2116 984 3767 1068">
     <span class='ocr_line' id='line_1_23' title="bbox 2116 984 3767 1068; baseline 0.001 -26"><span class='ocrx_word' id='word_1_165' title='bbox 2116 989 2166 1042; x_wconf 82' lang='grc' dir='ltr'><strong>αἱ</strong></span> <span class='ocrx_word' id='word_1_166' title='bbox 2190 985 2393 1066; x_wconf 76' lang='grc' dir='ltr'>καρδίαι</span> <span class='ocrx_word' id='word_1_167' title='bbox 2436 987 2591 1062; x_wconf 78' lang='grc' dir='ltr'>ἡμῶν</span> <span class='ocrx_word' id='word_1_168' title='bbox 2620 987 2681 1043; x_wconf 85' lang='grc' dir='ltr'><strong>ἐκ</strong></span> <span class='ocrx_word' id='word_1_169' title='bbox 2723 984 3019 1065; x_wconf 77' lang='grc' dir='ltr'>κραιπάλῃ,</span> <span class='ocrx_word' id='word_1_170' title='bbox 3050 988 3139 1043; x_wconf 84' lang='grc' dir='ltr'>καὶ</span> <span class='ocrx_word' id='word_1_171' title='bbox 3169 986 3325 1068; x_wconf 76' lang='grc' dir='ltr'>μέθῃ,</span> <span class='ocrx_word' id='word_1_172' title='bbox 3359 990 3449 1045; x_wconf 86' lang='grc' dir='ltr'>καὶ</span> <span class='ocrx_word' id='word_1_173' title='bbox 3489 996 3767 1068; x_wconf 74' lang='grc' dir='ltr'>μερίμναις</span> 
     </span>
    </p>
   </div>
   <div class='ocr_carea' id='block_1_24' title="bbox 2114 1076 2486 1152">
    <p class='ocr_par' dir='ltr' id='par_1_24' title="bbox 2114 1076 2486 1152">
     <span class='ocr_line' id='line_1_24' title="bbox 2114 1076 2486 1152; baseline 0.003 -21"><span class='ocrx_word' id='word_1_174' title='bbox 2114 1076 2396 1152; x_wconf 68' lang='grc' dir='ltr'>βιωτικαῖς</span> <span class='ocrx_word' id='word_1_175' title='bbox 2407 1123 2421 1137; x_wconf 90' lang='grc'><strong>.</strong></span> <span class='ocrx_word' id='word_1_176' title='bbox 2457 1098 2486 1132; x_wconf 70' lang='grc' dir='ltr'><strong><em>ι</em></strong></span> 
     </span>
    </p>
   </div>
   <div class='ocr_carea' id='block_1_25' title="bbox 2194 1153 3763 1245">
    <p class='ocr_par' dir='ltr' id='par_1_25' title="bbox 2194 1153 3763 1245">
     <span class='ocr_line' id='line_1_25' title="bbox 2194 1153 3763 1245; baseline 0.001 -26"><span class='ocrx_word' id='word_1_177' title='bbox 2194 1153 2292 1222; x_wconf 75' lang='grc' dir='ltr'>νδ’.</span> <span class='ocrx_word' id='word_1_178' title='bbox 2332 1154 2388 1222; x_wconf 60' lang='grc' dir='ltr'><strong>εΟ</strong></span> <span class='ocrx_word' id='word_1_179' title='bbox 2432 1164 2486 1222; x_wconf 79' lang='grc' dir='ltr'><strong>ἒν</strong></span> <span class='ocrx_word' id='word_1_180' title='bbox 2528 1177 2646 1229; x_wconf 83' lang='grc' dir='ltr'>τοϊς</span> <span class='ocrx_word' id='word_1_181' title='bbox 2694 1166 2970 1241; x_wconf 77' lang='grc' dir='ltr'><strong>βιωτικοῖς</strong></span> <span class='ocrx_word' id='word_1_182' title='bbox 3028 1163 3303 1243; x_wconf 81' lang='grc' dir='ltr'>πράγμασι</span> <span class='ocrx_word' id='word_1_183' title='bbox 3357 1167 3446 1222; x_wconf 80' lang='grc' dir='ltr'>τὸν</span> <span class='ocrx_word' id='word_1_184' title='bbox 3504 1165 3763 1245; x_wconf 80' lang='grc' dir='ltr'>λογισμὸν</span> 
     </span>
    </p>
   </div>
   <div class='ocr_carea' id='block_1_26' title="bbox 2114 1250 3762 1334">
    <p class='ocr_par' dir='ltr' id='par_1_26' title="bbox 2114 1250 3762 1334">
     <span class='ocr_line' id='line_1_26' title="bbox 2114 1250 3762 1334; baseline 0.002 -26"><span class='ocrx_word' id='word_1_185' title='bbox 2114 1252 2260 1333; x_wconf 76' lang='grc' dir='ltr'>ἔχων</span> <span class='ocrx_word' id='word_1_186' title='bbox 2291 1258 2652 1331; x_wconf 83' lang='grc' dir='ltr'>μεριμνῶντα,</span> <span class='ocrx_word' id='word_1_187' title='bbox 2684 1252 2778 1310; x_wconf 71' lang='grc' dir='ltr'><strong>οὐκ</strong></span> <span class='ocrx_word' id='word_1_188' title='bbox 2806 1251 2948 1308; x_wconf 74' lang='grc' dir='ltr'>ἔστιν</span> <span class='ocrx_word' id='word_1_189' title='bbox 2992 1250 3258 1333; x_wconf 82' lang='grc' dir='ltr'>ἐλεύθερος</span> <span class='ocrx_word' id='word_1_190' title='bbox 3294 1272 3308 1287; x_wconf 92' lang='grc'><strong>·</strong></span> <span class='ocrx_word' id='word_1_191' title='bbox 3368 1255 3470 1311; x_wconf 73' lang='grc' dir='ltr'>ὑπὸ</span> <span class='ocrx_word' id='word_1_192' title='bbox 3524 1256 3623 1334; x_wconf 78' lang='grc' dir='ltr'>γὰρ</span> <span class='ocrx_word' id='word_1_193' title='bbox 3665 1260 3762 1322; x_wconf 76' lang='grc' dir='ltr'>τῆς</span> 
     </span>
    </p>
   </div>
   <div class='ocr_carea' id='block_1_27' title="bbox 2114 1339 3768 1423">
    <p class='ocr_par' dir='ltr' id='par_1_27' title="bbox 2114 1339 3768 1423">
     <span class='ocr_line' id='line_1_27' title="bbox 2114 1339 3768 1423; baseline 0.001 -25"><span class='ocrx_word' id='word_1_194' title='bbox 2114 1343 2313 1399; x_wconf 81' lang='grc' dir='ltr'>τούτων</span> <span class='ocrx_word' id='word_1_195' title='bbox 2371 1343 2630 1423; x_wconf 85' lang='grc' dir='ltr'>μερίμνης</span> <span class='ocrx_word' id='word_1_196' title='bbox 2674 1341 2964 1421; x_wconf 81' lang='grc' dir='ltr'>κατέχεται</span> <span class='ocrx_word' id='word_1_197' title='bbox 3022 1343 3111 1398; x_wconf 85' lang='grc' dir='ltr'><strong>καὶ</strong></span> <span class='ocrx_word' id='word_1_198' title='bbox 3166 1339 3464 1416; x_wconf 74' lang='grc' dir='ltr'>δουλοῦται,</span> <span class='ocrx_word' id='word_1_199' title='bbox 3511 1343 3607 1400; x_wconf 75' lang='grc' dir='ltr'>κᾶν</span> <span class='ocrx_word' id='word_1_200' title='bbox 3636 1345 3768 1423; x_wconf 79' lang='grc' dir='ltr'>ὑπὲρ</span> 
     </span>
    </p>
   </div>
   <div class='ocr_carea' id='block_1_28' title="bbox 2115 1425 3769 1511">
    <p class='ocr_par' dir='ltr' id='par_1_28' title="bbox 2115 1425 3769 1511">
     <span class='ocr_line' id='line_1_28' title="bbox 2115 1425 3769 1511; baseline 0.002 -25"><span class='ocrx_word' id='word_1_201' title='bbox 2115 1432 2301 1487; x_wconf 76' lang='grc' dir='ltr'>ἑαυτοῦ</span> <span class='ocrx_word' id='word_1_202' title='bbox 2359 1438 2587 1511; x_wconf 85' lang='grc' dir='ltr'>μεριμνᾷ</span> <span class='ocrx_word' id='word_1_203' title='bbox 2627 1437 2814 1505; x_wconf 86' lang='grc' dir='ltr'>ταῦτα,</span> <span class='ocrx_word' id='word_1_204' title='bbox 2879 1429 2977 1487; x_wconf 76' lang='grc' dir='ltr'>κᾶν</span> <span class='ocrx_word' id='word_1_205' title='bbox 3033 1428 3101 1485; x_wconf 87' lang='grc' dir='ltr'><strong>δι’</strong></span> <span class='ocrx_word' id='word_1_206' title='bbox 3159 1430 3390 1511; x_wconf 74' lang='grc' dir='ltr'>ἐτέρους.</span> <span class='ocrx_word' id='word_1_207' title='bbox 3452 1425 3509 1491; x_wconf 70' lang='grc' dir='ltr'>Ὀ</span> <span class='ocrx_word' id='word_1_208' title='bbox 3569 1431 3623 1489; x_wconf 79' lang='grc' dir='ltr'>δὲ</span> <span class='ocrx_word' id='word_1_209' title='bbox 3665 1435 3769 1490; x_wconf 75' lang='grc' dir='ltr'>ὑπὸ</span> 
     </span>
    </p>
   </div>
   <div class='ocr_carea' id='block_1_29' title="bbox 2113 1517 3767 1601">
    <p class='ocr_par' dir='ltr' id='par_1_29' title="bbox 2113 1517 3767 1601">
     <span class='ocr_line' id='line_1_29' title="bbox 2113 1517 3767 1601; baseline 0.002 -26"><span class='ocrx_word' id='word_1_210' title='bbox 2113 1520 2314 1576; x_wconf 88' lang='grc' dir='ltr'>τούτων</span> <span class='ocrx_word' id='word_1_211' title='bbox 2357 1518 2645 1600; x_wconf 76' lang='grc' dir='ltr'>ἐλεύθερος,</span> <span class='ocrx_word' id='word_1_212' title='bbox 2706 1520 2823 1576; x_wconf 71' lang='grc' dir='ltr'>οὔτε</span> <span class='ocrx_word' id='word_1_213' title='bbox 2866 1517 2932 1574; x_wconf 80' lang='grc' dir='ltr'><strong>δι’</strong></span> <span class='ocrx_word' id='word_1_214' title='bbox 2984 1518 3191 1595; x_wconf 78' lang='grc' dir='ltr'>ἑαυτὸν,</span> <span class='ocrx_word' id='word_1_215' title='bbox 3258 1519 3377 1578; x_wconf 78' lang='grc' dir='ltr'>οὔτε</span> <span class='ocrx_word' id='word_1_216' title='bbox 3432 1520 3499 1578; x_wconf 88' lang='grc' dir='ltr'>δι’</span> <span class='ocrx_word' id='word_1_217' title='bbox 3559 1520 3767 1601; x_wconf 79' lang='grc' dir='ltr'>ἑτέρους</span> 
     </span>
    </p>
   </div>
   <div class='ocr_carea' id='block_1_30' title="bbox 397 1605 2032 1697">
    <p class='ocr_par' dir='ltr' id='par_1_30' title="bbox 397 1608 2029 1697">
     <span class='ocr_line' id='line_1_30' title="bbox 397 1608 2029 1697; baseline -0.004 -22"><span class='ocrx_word' id='word_1_218' title='bbox 397 1614 474 1676; x_wconf 92' lang='lat' dir='ltr'><strong>de</strong></span> <span class='ocrx_word' id='word_1_219' title='bbox 501 1612 633 1674; x_wconf 89' lang='lat' dir='ltr'><strong>aliis</strong></span> <span class='ocrx_word' id='word_1_220' title='bbox 655 1610 870 1693; x_wconf 87' lang='lat' dir='ltr'><strong>(quoad</strong></span> <span class='ocrx_word' id='word_1_221' title='bbox 900 1610 1080 1673; x_wconf 89' lang='lat' dir='ltr'><strong>vitam</strong></span> <span class='ocrx_word' id='word_1_222' title='bbox 1110 1608 1528 1688; x_wconf 80' lang='lat' dir='ltr'><strong>hancattinet)</strong></span> <span class='ocrx_word' id='word_1_223' title='bbox 1579 1608 1867 1697; x_wconf 89' lang='lat' dir='ltr'><strong>sollicitus</strong></span> <span class='ocrx_word' id='word_1_224' title='bbox 1897 1608 2029 1683; x_wconf 88' lang='lat' dir='ltr'><strong>erit,</strong></span> 
     </span>
    </p>
   </div>
   <div class='ocr_carea' id='block_1_31' title="bbox 2119 1605 3765 1697">
    <p class='ocr_par' dir='ltr' id='par_1_31' title="bbox 2119 1605 3765 1689">
     <span class='ocr_line' id='line_1_31' title="bbox 2119 1605 3765 1689; baseline 0.004 -27"><span class='ocrx_word' id='word_1_225' title='bbox 2119 1609 2428 1687; x_wconf 79' lang='grc' dir='ltr'>μεριμνήσει</span> <span class='ocrx_word' id='word_1_226' title='bbox 2471 1610 2761 1689; x_wconf 84' lang='grc' dir='ltr'>βιωτικῶς,</span> <span class='ocrx_word' id='word_1_227' title='bbox 2819 1606 2916 1665; x_wconf 75' lang='grc' dir='ltr'>κᾶν</span> <span class='ocrx_word' id='word_1_228' title='bbox 2975 1605 3284 1683; x_wconf 77' lang='grc' dir='ltr'>ἐπίσκοπος,</span> <span class='ocrx_word' id='word_1_229' title='bbox 3344 1609 3441 1667; x_wconf 81' lang='grc' dir='ltr'>κᾶν</span> <span class='ocrx_word' id='word_1_230' title='bbox 3493 1608 3765 1682; x_wconf 84' lang='grc' dir='ltr'>διάκονος,</span> 
     </span>
    </p>
   </div>
   <div class='ocr_carea' id='block_1_32' title="bbox 397 1694 2032 1780">
    <p class='ocr_par' dir='ltr' id='par_1_32' title="bbox 397 1696 2032 1780">
     <span class='ocr_line' id='line_1_32' title="bbox 397 1696 2032 1780; baseline -0.004 -16"><span class='ocrx_word' id='word_1_231' title='bbox 397 1721 503 1764; x_wconf 90' lang='lat' dir='ltr'><strong>seu</strong></span> <span class='ocrx_word' id='word_1_232' title='bbox 533 1703 868 1780; x_wconf 89' lang='lat' dir='ltr'><strong>episcopus,</strong></span> <span class='ocrx_word' id='word_1_233' title='bbox 904 1717 1013 1762; x_wconf 91' lang='lat' dir='ltr'><strong>seu</strong></span> <span class='ocrx_word' id='word_1_234' title='bbox 1042 1698 1411 1778; x_wconf 83' lang='lat' dir='ltr'><strong>praepositus,</strong></span> <span class='ocrx_word' id='word_1_235' title='bbox 1447 1715 1555 1759; x_wconf 89' lang='lat' dir='ltr'><strong>seu</strong></span> <span class='ocrx_word' id='word_1_236' title='bbox 1586 1696 1871 1759; x_wconf 88' lang='lat' dir='ltr'><strong>diaconus</strong></span> <span class='ocrx_word' id='word_1_237' title='bbox 1900 1697 2032 1758; x_wconf 83' lang='lat' dir='ltr'><strong>fue-</strong></span> 
     </span>
    </p>
   </div>
   <div class='ocr_carea' id='block_1_33' title="bbox 2119 1694 3763 1780">
    <p class='ocr_par' dir='ltr' id='par_1_33' title="bbox 2119 1694 3763 1779">
     <span class='ocr_line' id='line_1_33' title="bbox 2119 1694 3763 1779; baseline 0.001 -26"><span class='ocrx_word' id='word_1_238' title='bbox 2119 1696 2216 1753; x_wconf 76' lang='grc' dir='ltr'>κᾶν</span> <span class='ocrx_word' id='word_1_239' title='bbox 2246 1698 2536 1775; x_wconf 76' lang='grc' dir='ltr'>ἡγούμενος</span> <span class='ocrx_word' id='word_1_240' title='bbox 2568 1699 2711 1756; x_wconf 77' lang='grc' dir='ltr'>εἶναι</span> <span class='ocrx_word' id='word_1_241' title='bbox 2758 1697 2902 1777; x_wconf 79' lang='grc' dir='ltr'>τύχῃ</span> <span class='ocrx_word' id='word_1_242' title='bbox 2936 1715 2951 1730; x_wconf 84' lang='grc'><strong><em>⁸</em></strong></span> <span class='ocrx_word' id='word_1_243' title='bbox 2996 1694 3116 1753; x_wconf 81' lang='grc' dir='ltr'>ἀλλ’</span> <span class='ocrx_word' id='word_1_244' title='bbox 3173 1696 3288 1754; x_wconf 75' lang='grc' dir='ltr'>οὐδὲ</span> <span class='ocrx_word' id='word_1_245' title='bbox 3343 1699 3565 1779; x_wconf 81' lang='grc' dir='ltr'>ἀργήσει</span> <span class='ocrx_word' id='word_1_246' title='bbox 3610 1701 3763 1775; x_wconf 75' lang='grc' dir='ltr'>ποτὲ,</span> 
     </span>
    </p>
   </div>
   <div class='ocr_carea' id='block_1_34' title="bbox 395 1785 2032 1869">
    <p class='ocr_par' dir='ltr' id='par_1_34' title="bbox 395 1785 2032 1868">
     <span class='ocr_line' id='line_1_34' title="bbox 395 1785 2032 1868; baseline -0.003 -16"><span class='ocrx_word' id='word_1_247' title='bbox 395 1791 495 1852; x_wconf 91' lang='lat' dir='ltr'><strong>rit.</strong></span> <span class='ocrx_word' id='word_1_248' title='bbox 546 1790 665 1853; x_wconf 92' lang='lat' dir='ltr'><strong>Sed</strong></span> <span class='ocrx_word' id='word_1_249' title='bbox 712 1806 910 1868; x_wconf 89' lang='lat' dir='ltr'><strong>neque</strong></span> <span class='ocrx_word' id='word_1_250' title='bbox 964 1786 1272 1849; x_wconf 82' lang='lat' dir='ltr'><strong>feriabitur</strong></span> <span class='ocrx_word' id='word_1_251' title='bbox 1317 1785 1671 1866; x_wconf 89' lang='lat' dir='ltr'><strong>aliquando;</strong></span> <span class='ocrx_word' id='word_1_252' title='bbox 1715 1793 1815 1846; x_wconf 90' lang='lat' dir='ltr'><strong>aut</strong></span> <span class='ocrx_word' id='word_1_253' title='bbox 1857 1785 2032 1866; x_wconf 93' lang='lat' dir='ltr'><strong>quid-</strong></span> 
     </span>
    </p>
   </div>
   <div class='ocr_carea' id='block_1_35' title="bbox 2119 1785 3767 1869">
    <p class='ocr_par' dir='ltr' id='par_1_35' title="bbox 2119 1785 3767 1869">
     <span class='ocr_line' id='line_1_35' title="bbox 2119 1785 3767 1869; baseline 0.001 -26"><span class='ocrx_word' id='word_1_254' title='bbox 2119 1786 2155 1854; x_wconf 71' lang='grc' dir='ltr'>ἤ</span> <span class='ocrx_word' id='word_1_255' title='bbox 2197 1810 2246 1843; x_wconf 88' lang='grc' dir='ltr'><strong>τι</strong></span> <span class='ocrx_word' id='word_1_256' title='bbox 2262 1809 2338 1853; x_wconf 65' lang='grc' dir='ltr'>θος</span> <span class='ocrx_word' id='word_1_257' title='bbox 2395 1790 2782 1869; x_wconf 76' lang='grc' dir='ltr'>καταφρονήσει</span> <span class='ocrx_word' id='word_1_258' title='bbox 2836 1791 2942 1843; x_wconf 83' lang='grc' dir='ltr'><strong>τῶν</strong></span> <span class='ocrx_word' id='word_1_259' title='bbox 3001 1785 3386 1847; x_wconf 77' lang='grc' dir='ltr'>εὐτελεστάτων</span> <span class='ocrx_word' id='word_1_260' title='bbox 3438 1791 3527 1847; x_wconf 82' lang='grc' dir='ltr'><strong>καὶ</strong></span> <span class='ocrx_word' id='word_1_261' title='bbox 3582 1811 3767 1865; x_wconf 85' lang='grc' dir='ltr'>μικρο-</span> 
     </span>
    </p>
   </div>
   <div class='ocr_carea' id='block_1_36' title="bbox 396 1874 2032 1961">
    <p class='ocr_par' dir='ltr' id='par_1_36' title="bbox 396 1874 2032 1961">
     <span class='ocr_line' id='line_1_36' title="bbox 396 1874 2032 1961; baseline -0.004 -20"><span class='ocrx_word' id='word_1_262' title='bbox 396 1897 596 1961; x_wconf 87' lang='lat' dir='ltr'><strong>quam,</strong></span> <span class='ocrx_word' id='word_1_263' title='bbox 645 1877 819 1938; x_wconf 91' lang='lat' dir='ltr'><strong>etiam</strong></span> <span class='ocrx_word' id='word_1_264' title='bbox 867 1876 1274 1949; x_wconf 91' lang='lat' dir='ltr'><strong>minimorum,</strong></span> <span class='ocrx_word' id='word_1_265' title='bbox 1307 1874 1847 1954; x_wconf 89' lang='lat' dir='ltr'><strong>vilissimorumque</strong></span> <span class='ocrx_word' id='word_1_266' title='bbox 1893 1892 2032 1936; x_wconf 90' lang='lat' dir='ltr'><strong>con-</strong></span> 
     </span>
    </p>
   </div>
   <div class='ocr_carea' id='block_1_37' title="bbox 2119 1874 3757 1961">
    <p class='ocr_par' dir='ltr' id='par_1_37' title="bbox 2119 1874 3757 1957">
     <span class='ocr_line' id='line_1_37' title="bbox 2119 1874 3757 1957; baseline 0 -24"><span class='ocrx_word' id='word_1_267' title='bbox 2119 1877 2289 1933; x_wconf 84' lang='grc' dir='ltr'>τάτων</span> <span class='ocrx_word' id='word_1_268' title='bbox 2323 1893 2336 1906; x_wconf 85' lang='grc'><em>”</em></span> <span class='ocrx_word' id='word_1_269' title='bbox 2405 1878 2696 1957; x_wconf 78' lang='grc' dir='ltr'>θεαρέστως</span> <span class='ocrx_word' id='word_1_270' title='bbox 2747 1874 2802 1932; x_wconf 83' lang='grc' dir='ltr'>δὲ</span> <span class='ocrx_word' id='word_1_271' title='bbox 2872 1875 3081 1933; x_wconf 76' lang='grc' dir='ltr'>ἅπαντα</span> <span class='ocrx_word' id='word_1_272' title='bbox 3140 1884 3307 1934; x_wconf 80' lang='grc' dir='ltr'>ποιῶν</span> <span class='ocrx_word' id='word_1_273' title='bbox 3363 1880 3451 1935; x_wconf 81' lang='grc' dir='ltr'>καὶ</span> <span class='ocrx_word' id='word_1_274' title='bbox 3491 1878 3757 1957; x_wconf 83' lang='grc' dir='ltr'>πράττων,</span> 
     </span>
    </p>
   </div>
   <div class='ocr_carea' id='block_1_38' title="bbox 394 1962 2032 2045">
    <p class='ocr_par' dir='ltr' id='par_1_38' title="bbox 394 1962 2032 2045">
     <span class='ocr_line' id='line_1_38' title="bbox 394 1962 2032 2045; baseline -0.004 -16"><span class='ocrx_word' id='word_1_275' title='bbox 394 1974 642 2030; x_wconf 88' lang='lat' dir='ltr'><strong>temnet.</strong></span> <span class='ocrx_word' id='word_1_276' title='bbox 668 1966 777 2028; x_wconf 90' lang='lat' dir='ltr'><strong>Dei</strong></span> <span class='ocrx_word' id='word_1_277' title='bbox 808 1972 1004 2027; x_wconf 87' lang='lat' dir='ltr'><strong>autem</strong></span> <span class='ocrx_word' id='word_1_278' title='bbox 1033 1963 1404 2045; x_wconf 89' lang='lat' dir='ltr'><strong>beneplacito</strong></span> <span class='ocrx_word' id='word_1_279' title='bbox 1434 1981 1644 2025; x_wconf 88' lang='lat' dir='ltr'><strong>omnes</strong></span> <span class='ocrx_word' id='word_1_280' title='bbox 1672 1962 1959 2036; x_wconf 87' lang='lat' dir='ltr'><strong>actiones,</strong></span> <span class='ocrx_word' id='word_1_281' title='bbox 1981 1968 2032 2024; x_wconf 86' lang='lat' dir='ltr'><strong>et</strong></span> 
     </span>
    </p>
   </div>
   <div class='ocr_carea' id='block_1_39' title="bbox 2119 1962 3638 2045">
    <p class='ocr_par' dir='ltr' id='par_1_39' title="bbox 2120 1963 3638 2044">
     <span class='ocr_line' id='line_1_39' title="bbox 2120 1963 3638 2044; baseline 0.001 -24"><span class='ocrx_word' id='word_1_282' title='bbox 2120 1965 2407 2044; x_wconf 79' lang='grc' dir='ltr'>ἀμέριμνος</span> <span class='ocrx_word' id='word_1_283' title='bbox 2436 1967 2490 2024; x_wconf 82' lang='grc' dir='ltr'>ἐν</span> <span class='ocrx_word' id='word_1_284' title='bbox 2515 1972 2644 2022; x_wconf 79' lang='grc' dir='ltr'>πᾶσι</span> <span class='ocrx_word' id='word_1_285' title='bbox 2675 1963 2985 2039; x_wconf 78' lang='grc' dir='ltr'>διατελέσει,</span> <span class='ocrx_word' id='word_1_286' title='bbox 3018 1965 3106 2021; x_wconf 85' lang='grc' dir='ltr'><strong>καὶ</strong></span> <span class='ocrx_word' id='word_1_287' title='bbox 3135 1963 3189 2020; x_wconf 82' lang='grc' dir='ltr'>ἐν</span> <span class='ocrx_word' id='word_1_288' title='bbox 3233 1973 3309 2042; x_wconf 82' lang='grc' dir='ltr'>τῷ</span> <span class='ocrx_word' id='word_1_289' title='bbox 3335 1967 3433 2044; x_wconf 83' lang='grc' dir='ltr'><strong>βίῳ</strong></span> <span class='ocrx_word' id='word_1_290' title='bbox 3460 1988 3638 2028; x_wconf 87' lang='grc' dir='ltr'>παντι,</span> 
     </span>
    </p>
   </div>
   <div class='ocr_carea' id='block_1_40' title="bbox 394 2052 2041 2137">
    <p class='ocr_par' dir='ltr' id='par_1_40' title="bbox 394 2052 2041 2137">
     <span class='ocr_line' id='line_1_40' title="bbox 394 2052 2041 2137; baseline -0.004 -18"><span class='ocrx_word' id='word_1_291' title='bbox 394 2075 574 2137; x_wconf 87' lang='lat' dir='ltr'><strong>opera</strong></span> <span class='ocrx_word' id='word_1_292' title='bbox 615 2075 722 2118; x_wconf 88' lang='lat' dir='ltr'><strong>sua</strong></span> <span class='ocrx_word' id='word_1_293' title='bbox 772 2054 1047 2130; x_wconf 89' lang='lat' dir='ltr'><strong>metiens,</strong></span> <span class='ocrx_word' id='word_1_294' title='bbox 1100 2054 1161 2114; x_wconf 91' lang='lat' dir='ltr'><strong>in</strong></span> <span class='ocrx_word' id='word_1_295' title='bbox 1212 2052 1376 2115; x_wconf 90' lang='lat' dir='ltr'><strong>omni</strong></span> <span class='ocrx_word' id='word_1_296' title='bbox 1422 2070 1510 2130; x_wconf 89' lang='lat' dir='ltr'><strong>re,</strong></span> <span class='ocrx_word' id='word_1_297' title='bbox 1546 2060 1606 2113; x_wconf 90' lang='lat' dir='ltr'><strong>et</strong></span> <span class='ocrx_word' id='word_1_298' title='bbox 1638 2055 1695 2113; x_wconf 90' lang='lat' dir='ltr'><strong>in</strong></span> <span class='ocrx_word' id='word_1_299' title='bbox 1731 2052 1895 2115; x_wconf 91' lang='lat' dir='ltr'><strong>omni</strong></span> <span class='ocrx_word' id='word_1_300' title='bbox 1928 2052 2041 2114; x_wconf 92' lang='lat' dir='ltr'><strong>vita</strong></span> 
     </span>
    </p>
   </div>
   <div class='ocr_carea' id='block_1_41' title="bbox 395 2141 1188 2222">
    <p class='ocr_par' dir='ltr' id='par_1_41' title="bbox 395 2141 1188 2222">
     <span class='ocr_line' id='line_1_41' title="bbox 395 2141 1188 2222; baseline -0.008 -15"><span class='ocrx_word' id='word_1_301' title='bbox 395 2143 800 2207; x_wconf 84' lang='lat' dir='ltr'><strong>sollicitudine</strong></span> <span class='ocrx_word' id='word_1_302' title='bbox 828 2141 1053 2205; x_wconf 89' lang='lat' dir='ltr'><strong>carebit</strong></span> <span class='ocrx_word' id='word_1_303' title='bbox 1076 2142 1188 2222; x_wconf 83' lang='grc'><strong>(4).</strong></span> 
     </span>
    </p>
   </div>
   <div class='ocr_carea' id='block_1_42' title="bbox 479 2196 2032 2313">
    <p class='ocr_par' dir='ltr' id='par_1_42' title="bbox 479 2196 2032 2313">
     <span class='ocr_line' id='line_1_42' title="bbox 479 2196 2032 2313; baseline -0.004 -14"><span class='ocrx_word' id='word_1_304' title='bbox 479 2236 579 2298; x_wconf 90' lang='grc'><strong>55.</strong></span> <span class='ocrx_word' id='word_1_305' title='bbox 627 2236 779 2294; x_wconf 91' lang='lat' dir='ltr'><strong>Dum</strong></span> <span class='ocrx_word' id='word_1_306' title='bbox 831 2196 1095 2313; x_wconf 64' lang='lat' dir='ltr'><strong>proximi</strong></span> <span class='ocrx_word' id='word_1_307' title='bbox 1143 2196 1363 2292; x_wconf 81' lang='lat' dir='ltr'><strong>bonum</strong></span> <span class='ocrx_word' id='word_1_308' title='bbox 1426 2229 1724 2292; x_wconf 65' lang='lat' dir='ltr'><strong>aediﬁcare</strong></span> <span class='ocrx_word' id='word_1_309' title='bbox 1782 2231 2032 2309; x_wconf 87' lang='lat' dir='ltr'><strong>cogitas,</strong></span> 
     </span>
    </p>
   </div>
   <div class='ocr_carea' id='block_1_43' title="bbox 2119 2196 3768 2313">
    <p class='ocr_par' dir='ltr' id='par_1_43' title="bbox 2203 2221 3768 2310">
     <span class='ocr_line' id='line_1_43' title="bbox 2203 2221 3768 2310; baseline 0.004 -25"><span class='ocrx_word' id='word_1_310' title='bbox 2203 2221 2300 2290; x_wconf 81' lang='grc' dir='ltr'>νε’.</span> <span class='ocrx_word' id='word_1_311' title='bbox 2336 2232 2421 2298; x_wconf 77' lang='grc' dir='ltr'><strong>Μὴ</strong></span> <span class='ocrx_word' id='word_1_312' title='bbox 2450 2230 2749 2308; x_wconf 79' lang='grc' dir='ltr'>καταλύσῃς</span> <span class='ocrx_word' id='word_1_313' title='bbox 2779 2253 2871 2288; x_wconf 83' lang='grc' dir='ltr'><strong>σου</strong></span> <span class='ocrx_word' id='word_1_314' title='bbox 2898 2233 2994 2301; x_wconf 78' lang='grc' dir='ltr'>τὴν</span> <span class='ocrx_word' id='word_1_315' title='bbox 3055 2233 3245 2306; x_wconf 81' lang='grc' dir='ltr'>οὶκίαν,</span> <span class='ocrx_word' id='word_1_316' title='bbox 3300 2231 3354 2289; x_wconf 82' lang='grc' dir='ltr'>ἐν</span> <span class='ocrx_word' id='word_1_317' title='bbox 3381 2239 3460 2308; x_wconf 79' lang='grc' dir='ltr'>τῷ</span> <span class='ocrx_word' id='word_1_318' title='bbox 3488 2231 3768 2310; x_wconf 83' lang='grc' dir='ltr'>βούλεσθαί</span> 
     </span>
    </p>
   </div>
   <div class='ocr_carea' id='block_1_44' title="bbox 399 2319 2034 2402">
    <p class='ocr_par' dir='ltr' id='par_1_44' title="bbox 399 2319 2034 2402">
     <span class='ocr_line' id='line_1_44' title="bbox 399 2319 2034 2402; baseline -0.002 -17"><span class='ocrx_word' id='word_1_319' title='bbox 399 2341 538 2385; x_wconf 88' lang='lat' dir='ltr'><strong>cave</strong></span> <span class='ocrx_word' id='word_1_320' title='bbox 590 2340 666 2384; x_wconf 90' lang='lat' dir='ltr'><strong>ne</strong></span> <span class='ocrx_word' id='word_1_321' title='bbox 723 2329 882 2382; x_wconf 89' lang='lat' dir='ltr'><strong>tuam</strong></span> <span class='ocrx_word' id='word_1_322' title='bbox 940 2319 1188 2383; x_wconf 89' lang='lat' dir='ltr'><strong>diruas.</strong></span> <span class='ocrx_word' id='word_1_323' title='bbox 1262 2319 1562 2400; x_wconf 88' lang='lat' dir='ltr'><strong>Perpinde</strong></span> <span class='ocrx_word' id='word_1_324' title='bbox 1637 2320 1797 2382; x_wconf 91' lang='lat' dir='ltr'><strong>enim</strong></span> <span class='ocrx_word' id='word_1_325' title='bbox 1856 2338 2034 2402; x_wconf 91' lang='lat' dir='ltr'><strong>quam</strong></span> 
     </span>
    </p>
   </div>
   <div class='ocr_carea' id='block_1_45' title="bbox 396 2408 2038 2489">
    <p class='ocr_par' dir='ltr' id='par_1_45' title="bbox 396 2408 2038 2489">
     <span class='ocr_line' id='line_1_45' title="bbox 396 2408 2038 2489; baseline -0.002 -16"><span class='ocrx_word' id='word_1_326' title='bbox 396 2412 760 2475; x_wconf 88' lang='lat' dir='ltr'><strong>laboriosum</strong></span> <span class='ocrx_word' id='word_1_327' title='bbox 792 2428 860 2471; x_wconf 91' lang='lat' dir='ltr'><strong>ac</strong></span> <span class='ocrx_word' id='word_1_328' title='bbox 888 2408 1132 2470; x_wconf 80' lang='lat' dir='ltr'><strong>difﬁcile</strong></span> <span class='ocrx_word' id='word_1_329' title='bbox 1162 2427 1309 2489; x_wconf 90' lang='lat' dir='ltr'><strong>opus</strong></span> <span class='ocrx_word' id='word_1_330' title='bbox 1337 2408 1436 2483; x_wconf 88' lang='lat' dir='ltr'><strong>sit,</strong></span> <span class='ocrx_word' id='word_1_331' title='bbox 1471 2410 1784 2489; x_wconf 87' lang='lat' dir='ltr'><strong>nequando</strong></span> <span class='ocrx_word' id='word_1_332' title='bbox 1839 2410 1953 2471; x_wconf 92' lang='lat' dir='ltr'><strong>hoc</strong></span> <span class='ocrx_word' id='word_1_333' title='bbox 1983 2417 2038 2469; x_wconf 91' lang='lat' dir='ltr'><strong>te</strong></span> 
     </span>
    </p>
   </div>
   <div class='ocr_carea' id='block_1_46' title="bbox 395 2496 2033 2580">
    <p class='ocr_par' dir='ltr' id='par_1_46' title="bbox 395 2496 2033 2580">
     <span class='ocr_line' id='line_1_46' title="bbox 395 2496 2033 2580; baseline -0.002 -18"><span class='ocrx_word' id='word_1_334' title='bbox 395 2500 701 2580; x_wconf 85' lang='lat' dir='ltr'><strong>moliente,</strong></span> <span class='ocrx_word' id='word_1_335' title='bbox 737 2517 806 2560; x_wconf 91' lang='lat' dir='ltr'><strong>ac</strong></span> <span class='ocrx_word' id='word_1_336' title='bbox 834 2497 1223 2560; x_wconf 86' lang='lat' dir='ltr'><strong>deliberatum</strong></span> <span class='ocrx_word' id='word_1_337' title='bbox 1258 2496 1535 2573; x_wconf 87' lang='lat' dir='ltr'><strong>habente,</strong></span> <span class='ocrx_word' id='word_1_338' title='bbox 1572 2506 1630 2559; x_wconf 91' lang='lat' dir='ltr'><strong>et</strong></span> <span class='ocrx_word' id='word_1_339' title='bbox 1675 2505 1834 2560; x_wconf 90' lang='lat' dir='ltr'><strong>tuam</strong></span> <span class='ocrx_word' id='word_1_340' title='bbox 1869 2497 2033 2578; x_wconf 87' lang='lat' dir='ltr'><strong>deji-</strong></span> 
     </span>
    </p>
   </div>
   <div class='ocr_carea' id='block_1_47' title="bbox 395 2585 1810 2668">
    <p class='ocr_par' dir='ltr' id='par_1_47' title="bbox 395 2585 1810 2668">
     <span class='ocr_line' id='line_1_47' title="bbox 395 2585 1810 2668; baseline -0.001 -18"><span class='ocrx_word' id='word_1_341' title='bbox 395 2589 540 2668; x_wconf 89' lang='lat' dir='ltr'><strong>cias,</strong></span> <span class='ocrx_word' id='word_1_342' title='bbox 578 2598 637 2650; x_wconf 88' lang='lat' dir='ltr'><strong>et</strong></span> <span class='ocrx_word' id='word_1_343' title='bbox 666 2587 827 2650; x_wconf 90' lang='lat' dir='ltr'><strong>illius</strong></span> <span class='ocrx_word' id='word_1_344' title='bbox 858 2585 1203 2666; x_wconf 87' lang='lat' dir='ltr'><strong>neutiquam</strong></span> <span class='ocrx_word' id='word_1_345' title='bbox 1241 2585 1573 2647; x_wconf 90' lang='lat' dir='ltr'><strong>instaurare</strong></span> <span class='ocrx_word' id='word_1_346' title='bbox 1603 2605 1810 2667; x_wconf 89' lang='lat' dir='ltr'><strong>queas.</strong></span> 
     </span>
    </p>
   </div>
   <div class='ocr_carea' id='block_1_48' title="bbox 478 2675 2036 2755">
    <p class='ocr_par' dir='ltr' id='par_1_48' title="bbox 478 2675 2036 2755">
     <span class='ocr_line' id='line_1_48' title="bbox 478 2675 2036 2755; baseline -0.002 -15"><span class='ocrx_word' id='word_1_347' title='bbox 478 2677 576 2740; x_wconf 85' lang='lat'><strong>56.</strong></span> <span class='ocrx_word' id='word_1_348' title='bbox 608 2675 732 2738; x_wconf 87' lang='lat' dir='ltr'><strong>Nisi</strong></span> <span class='ocrx_word' id='word_1_349' title='bbox 762 2676 842 2736; x_wconf 90' lang='lat' dir='ltr'><strong>ita</strong></span> <span class='ocrx_word' id='word_1_350' title='bbox 873 2682 1246 2755; x_wconf 88' lang='lat' dir='ltr'><strong>comparatus</strong></span> <span class='ocrx_word' id='word_1_351' title='bbox 1297 2675 1401 2749; x_wconf 89' lang='lat' dir='ltr'><strong>sis,</strong></span> <span class='ocrx_word' id='word_1_352' title='bbox 1452 2683 1517 2737; x_wconf 91' lang='lat' dir='ltr'><strong>ut</strong></span> <span class='ocrx_word' id='word_1_353' title='bbox 1553 2676 1828 2754; x_wconf 86' lang='lat' dir='ltr'><strong>negotiis,</strong></span> <span class='ocrx_word' id='word_1_354' title='bbox 1865 2684 1923 2737; x_wconf 89' lang='lat' dir='ltr'><strong>et</strong></span> <span class='ocrx_word' id='word_1_355' title='bbox 1949 2676 2036 2737; x_wconf 86' lang='lat' dir='ltr'><strong>fa-</strong></span> 
     </span>
    </p>
   </div>
   <div class='ocr_carea' id='block_1_49' title="bbox 2121 2317 3762 2401">
    <p class='ocr_par' dir='ltr' id='par_1_49' title="bbox 2121 2317 3762 2401">
     <span class='ocr_line' id='line_1_49' title="bbox 2121 2317 3762 2401; baseline 0.001 -26"><span class='ocrx_word' id='word_1_356' title='bbox 2121 2340 2178 2375; x_wconf 93' lang='grc' dir='ltr'><strong>σε</strong></span> <span class='ocrx_word' id='word_1_357' title='bbox 2207 2318 2306 2386; x_wconf 81' lang='grc' dir='ltr'>τὴν</span> <span class='ocrx_word' id='word_1_358' title='bbox 2347 2328 2441 2378; x_wconf 88' lang='grc' dir='ltr'><strong>τοῦ</strong></span> <span class='ocrx_word' id='word_1_359' title='bbox 2480 2318 2704 2387; x_wconf 80' lang='grc' dir='ltr'>πλησίον</span> <span class='ocrx_word' id='word_1_360' title='bbox 2734 2318 3077 2396; x_wconf 79' lang='grc' dir='ltr'>οἰκοδομῆσαι</span> <span class='ocrx_word' id='word_1_361' title='bbox 3113 2336 3127 2350; x_wconf 82' lang='grc'><strong>⁸</strong></span> <span class='ocrx_word' id='word_1_362' title='bbox 3161 2319 3257 2399; x_wconf 81' lang='grc' dir='ltr'>ὅρα</span> <span class='ocrx_word' id='word_1_363' title='bbox 3284 2322 3383 2401; x_wconf 76' lang='grc' dir='ltr'><strong>γὰρ</strong></span> <span class='ocrx_word' id='word_1_364' title='bbox 3412 2322 3485 2383; x_wconf 81' lang='grc' dir='ltr'>ὡς</span> <span class='ocrx_word' id='word_1_365' title='bbox 3518 2317 3762 2400; x_wconf 73' lang='grc' dir='ltr'>χαλεπὸν</span> 
     </span>
    </p>
   </div>
   <div class='ocr_carea' id='block_1_50' title="bbox 2119 2405 3760 2488">
    <p class='ocr_par' dir='ltr' id='par_1_50' title="bbox 2119 2405 3760 2488">
     <span class='ocr_line' id='line_1_50' title="bbox 2119 2405 3760 2488; baseline 0.001 -25"><span class='ocrx_word' id='word_1_366' title='bbox 2119 2408 2180 2463; x_wconf 83' lang='grc' dir='ltr'>τὸ</span> <span class='ocrx_word' id='word_1_367' title='bbox 2224 2406 2371 2486; x_wconf 76' lang='grc' dir='ltr'>ἔργον</span> <span class='ocrx_word' id='word_1_368' title='bbox 2401 2408 2488 2463; x_wconf 83' lang='grc' dir='ltr'>καὶ</span> <span class='ocrx_word' id='word_1_369' title='bbox 2540 2405 2793 2464; x_wconf 84' lang='grc' dir='ltr'>δύσκολον</span> <span class='ocrx_word' id='word_1_370' title='bbox 2829 2426 2840 2438; x_wconf 94' lang='grc'>·</span> <span class='ocrx_word' id='word_1_371' title='bbox 2897 2409 3108 2484; x_wconf 84' lang='grc' dir='ltr'>μήποτε</span> <span class='ocrx_word' id='word_1_372' title='bbox 3159 2409 3576 2488; x_wconf 82' lang='grc' dir='ltr'>προαιρούμενος</span> <span class='ocrx_word' id='word_1_373' title='bbox 3632 2415 3760 2464; x_wconf 84' lang='grc' dir='ltr'>τοῦ-</span> 
     </span>
    </p>
   </div>
   <div class='ocr_carea' id='block_1_51' title="bbox 2119 2496 3761 2576">
    <p class='ocr_par' dir='ltr' id='par_1_51' title="bbox 2119 2496 3761 2576">
     <span class='ocr_line' id='line_1_51' title="bbox 2119 2496 3761 2576; baseline 0.002 -26"><span class='ocrx_word' id='word_1_374' title='bbox 2119 2517 2204 2564; x_wconf 86' lang='grc' dir='ltr'><strong>το,</strong></span> <span class='ocrx_word' id='word_1_375' title='bbox 2247 2496 2461 2576; x_wconf 50' lang='grc' dir='ltr'>καὶτην</span> <span class='ocrx_word' id='word_1_376' title='bbox 2516 2496 2617 2563; x_wconf 79' lang='grc' dir='ltr'>σὴν</span> <span class='ocrx_word' id='word_1_377' title='bbox 2671 2498 3022 2576; x_wconf 79' lang='grc' dir='ltr'>καθαιρήσῃς,</span> <span class='ocrx_word' id='word_1_378' title='bbox 3084 2499 3172 2554; x_wconf 89' lang='grc' dir='ltr'>καὶ</span> <span class='ocrx_word' id='word_1_379' title='bbox 3219 2497 3632 2574; x_wconf 79' lang='grc' dir='ltr'>ἀνοικοδομῆσαι</span> <span class='ocrx_word' id='word_1_380' title='bbox 3664 2498 3761 2565; x_wconf 79' lang='grc' dir='ltr'><strong>τὴν</strong></span> 
     </span>
    </p>
   </div>
   <div class='ocr_carea' id='block_1_52' title="bbox 2120 2582 2859 2664">
    <p class='ocr_par' dir='ltr' id='par_1_52' title="bbox 2120 2582 2859 2664">
     <span class='ocr_line' id='line_1_52' title="bbox 2120 2582 2859 2664; baseline 0.004 -24"><span class='ocrx_word' id='word_1_381' title='bbox 2120 2584 2317 2641; x_wconf 81' lang='grc' dir='ltr'>ἐκείνου</span> <span class='ocrx_word' id='word_1_382' title='bbox 2344 2585 2573 2664; x_wconf 77' lang='grc' dir='ltr'>ίσχύσῃς</span> <span class='ocrx_word' id='word_1_383' title='bbox 2605 2582 2833 2649; x_wconf 73' lang='grc' dir='ltr'>οὒδόλως</span> <span class='ocrx_word' id='word_1_384' title='bbox 2845 2628 2859 2644; x_wconf 91' lang='grc'><strong>.</strong></span> 
     </span>
    </p>
   </div>
   <div class='ocr_carea' id='block_1_53' title="bbox 2142 2664 3758 2759">
    <p class='ocr_par' dir='ltr' id='par_1_53' title="bbox 2142 2664 3758 2759">
     <span class='ocr_line' id='line_1_53' title="bbox 2142 2664 3758 2759; baseline 0.001 -29"><span class='ocrx_word' id='word_1_385' title='bbox 2142 2748 2156 2759; x_wconf 31' lang='grc' dir='ltr'>ν</span> <span class='ocrx_word' id='word_1_386' title='bbox 2202 2664 2332 2748; x_wconf 68' lang='grc' dir='ltr'><strong>νς’.</strong></span> <span class='ocrx_word' id='word_1_387' title='bbox 2366 2673 2491 2731; x_wconf 80' lang='grc' dir='ltr'><strong>Ἐὰν</strong></span> <span class='ocrx_word' id='word_1_388' title='bbox 2522 2674 2599 2750; x_wconf 81' lang='grc' dir='ltr'>μὴ</span> <span class='ocrx_word' id='word_1_389' title='bbox 2649 2673 2851 2731; x_wconf 89' lang='grc' dir='ltr'>τελείαν</span> <span class='ocrx_word' id='word_1_390' title='bbox 2907 2675 3294 2756; x_wconf 78' lang='grc' dir='ltr'>ἆπροσπάθειαν</span> <span class='ocrx_word' id='word_1_391' title='bbox 3353 2677 3460 2733; x_wconf 82' lang='grc' dir='ltr'>τῶν</span> <span class='ocrx_word' id='word_1_392' title='bbox 3503 2677 3758 2756; x_wconf 81' lang='grc' dir='ltr'>πραγμά-</span> 
     </span>
    </p>
   </div>
   <div class='ocr_carea' id='block_1_54' title="bbox 398 2763 2032 2844">
    <p class='ocr_par' dir='ltr' id='par_1_54' title="bbox 398 2763 2032 2844">
     <span class='ocr_line' id='line_1_54' title="bbox 398 2763 2032 2844; baseline -0.002 -16"><span class='ocrx_word' id='word_1_393' title='bbox 398 2764 713 2828; x_wconf 90' lang='lat' dir='ltr'><strong>cultatibus</strong></span> <span class='ocrx_word' id='word_1_394' title='bbox 757 2782 958 2826; x_wconf 90' lang='lat' dir='ltr'><strong>rerum</strong></span> <span class='ocrx_word' id='word_1_395' title='bbox 1002 2763 1150 2824; x_wconf 90' lang='lat' dir='ltr'><strong>nihil</strong></span> <span class='ocrx_word' id='word_1_396' title='bbox 1202 2781 1498 2844; x_wconf 84' lang='lat' dir='ltr'><strong>moveare,</strong></span> <span class='ocrx_word' id='word_1_397' title='bbox 1532 2782 1607 2825; x_wconf 90' lang='lat' dir='ltr'><strong>ne</strong></span> <span class='ocrx_word' id='word_1_398' title='bbox 1639 2763 1744 2825; x_wconf 86' lang='lat' dir='ltr'><strong>tibi</strong></span> <span class='ocrx_word' id='word_1_399' title='bbox 1775 2763 2032 2827; x_wconf 90' lang='lat' dir='ltr'><strong>admini-</strong></span> 
     </span>
    </p>
   </div>
   <div class='ocr_carea' id='block_1_55' title="bbox 2119 2763 3763 2844">
    <p class='ocr_par' dir='ltr' id='par_1_55' title="bbox 2119 2763 3763 2843">
     <span class='ocr_line' id='line_1_55' title="bbox 2119 2763 3763 2843; baseline 0.002 -24"><span class='ocrx_word' id='word_1_400' title='bbox 2119 2785 2224 2819; x_wconf 85' lang='grc' dir='ltr'><strong>των</strong></span> <span class='ocrx_word' id='word_1_401' title='bbox 2251 2764 2472 2819; x_wconf 84' lang='grc' dir='ltr'>καὶτῶν</span> <span class='ocrx_word' id='word_1_402' title='bbox 2504 2763 2801 2843; x_wconf 82' lang='grc' dir='ltr'>χρημάτων</span> <span class='ocrx_word' id='word_1_403' title='bbox 2844 2766 3020 2840; x_wconf 80' lang='grc' dir='ltr'>κτήσῃ</span> <span class='ocrx_word' id='word_1_404' title='bbox 3074 2775 3167 2825; x_wconf 87' lang='grc' dir='ltr'><strong>τοῦ</strong></span> <span class='ocrx_word' id='word_1_405' title='bbox 3212 2765 3350 2842; x_wconf 79' lang='grc' dir='ltr'>βίου,</span> <span class='ocrx_word' id='word_1_406' title='bbox 3397 2766 3476 2841; x_wconf 79' lang='grc' dir='ltr'>μὴ</span> <span class='ocrx_word' id='word_1_407' title='bbox 3532 2764 3763 2841; x_wconf 78' lang='grc' dir='ltr'>θελήσῃς</span> 
     </span>
    </p>
   </div>
   <div class='ocr_carea' id='block_1_56' title="bbox 396 2850 2032 2934">
    <p class='ocr_par' dir='ltr' id='par_1_56' title="bbox 396 2850 2031 2932">
     <span class='ocr_line' id='line_1_56' title="bbox 396 2850 2031 2932; baseline -0.002 -16"><span class='ocrx_word' id='word_1_408' title='bbox 396 2853 749 2916; x_wconf 86' lang='lat' dir='ltr'><strong>strationem</strong></span> <span class='ocrx_word' id='word_1_409' title='bbox 779 2851 1070 2913; x_wconf 89' lang='lat' dir='ltr'><strong>committi</strong></span> <span class='ocrx_word' id='word_1_410' title='bbox 1099 2850 1283 2926; x_wconf 79' lang='lat' dir='ltr'><strong>velis;</strong></span> <span class='ocrx_word' id='word_1_411' title='bbox 1312 2870 1388 2912; x_wconf 92' lang='lat' dir='ltr'><strong>ne</strong></span> <span class='ocrx_word' id='word_1_412' title='bbox 1408 2851 1469 2911; x_wconf 92' lang='lat' dir='ltr'><strong>in</strong></span> <span class='ocrx_word' id='word_1_413' title='bbox 1502 2850 1593 2912; x_wconf 90' lang='lat' dir='ltr'><strong>his</strong></span> <span class='ocrx_word' id='word_1_414' title='bbox 1623 2859 1849 2931; x_wconf 84' lang='lat' dir='ltr'><strong>captus,</strong></span> <span class='ocrx_word' id='word_1_415' title='bbox 1886 2870 2031 2932; x_wconf 88' lang='lat' dir='ltr'><strong>pro-</strong></span> 
     </span>
    </p>
   </div>
   <div class='ocr_carea' id='block_1_57' title="bbox 2119 2850 3759 2934">
    <p class='ocr_par' dir='ltr' id='par_1_57' title="bbox 2120 2852 3759 2934">
     <span class='ocr_line' id='line_1_57' title="bbox 2120 2852 3759 2934; baseline 0.001 -25"><span class='ocrx_word' id='word_1_416' title='bbox 2120 2854 2421 2928; x_wconf 77' lang='grc' dir='ltr'>οἰκονομίαν</span> <span class='ocrx_word' id='word_1_417' title='bbox 2452 2852 2848 2934; x_wconf 78' lang='grc' dir='ltr'>ἐγχειρισθῆναι</span> <span class='ocrx_word' id='word_1_418' title='bbox 2879 2856 3226 2934; x_wconf 75' lang='grc' dir='ltr'>πραγμάτων,</span> <span class='ocrx_word' id='word_1_419' title='bbox 3259 2856 3353 2913; x_wconf 72' lang='grc' dir='ltr'>ἵνα</span> <span class='ocrx_word' id='word_1_420' title='bbox 3398 2858 3473 2932; x_wconf 84' lang='grc' dir='ltr'>μὴ</span> <span class='ocrx_word' id='word_1_421' title='bbox 3518 2856 3673 2918; x_wconf 80' lang='grc' dir='ltr'>ἁλοὺς</span> <span class='ocrx_word' id='word_1_422' title='bbox 3705 2855 3759 2911; x_wconf 82' lang='grc' dir='ltr'>ἐν</span> 
     </span>
    </p>
   </div>
   <div class='ocr_carea' id='block_1_58' title="bbox 401 2939 2032 3020">
    <p class='ocr_par' dir='ltr' id='par_1_58' title="bbox 401 2939 2032 3018">
     <span class='ocr_line' id='line_1_58' title="bbox 401 2939 2032 3018; baseline 0 -15"><span class='ocrx_word' id='word_1_423' title='bbox 401 2940 679 3003; x_wconf 84' lang='lat' dir='ltr'><strong>mercede</strong></span> <span class='ocrx_word' id='word_1_424' title='bbox 710 2939 1048 3016; x_wconf 85' lang='lat' dir='ltr'><strong>ministerii,</strong></span> <span class='ocrx_word' id='word_1_425' title='bbox 1081 2939 1247 3013; x_wconf 84' lang='lat' dir='ltr'><strong>furis,</strong></span> <span class='ocrx_word' id='word_1_426' title='bbox 1286 2947 1345 3000; x_wconf 92' lang='lat' dir='ltr'><strong>et</strong></span> <span class='ocrx_word' id='word_1_427' title='bbox 1368 2939 1662 3018; x_wconf 88' lang='lat' dir='ltr'><strong>sacrilegii</strong></span> <span class='ocrx_word' id='word_1_428' title='bbox 1694 2940 2032 3003; x_wconf 91' lang='lat' dir='ltr'><strong>damnatio-</strong></span> 
     </span>
    </p>
   </div>
   <div class='ocr_carea' id='block_1_59' title="bbox 2119 2939 3755 3020">
    <p class='ocr_par' dir='ltr' id='par_1_59' title="bbox 2122 2941 3755 3020">
     <span class='ocr_line' id='line_1_59' title="bbox 2122 2941 3755 3020; baseline 0.002 -23"><span class='ocrx_word' id='word_1_429' title='bbox 2122 2943 2349 3012; x_wconf 86' lang='grc' dir='ltr'>τούτοις,</span> <span class='ocrx_word' id='word_1_430' title='bbox 2396 2941 2509 2998; x_wconf 81' lang='grc' dir='ltr'>ἀντὶ</span> <span class='ocrx_word' id='word_1_431' title='bbox 2538 2949 2629 2998; x_wconf 90' lang='grc' dir='ltr'><strong>τοῦ</strong></span> <span class='ocrx_word' id='word_1_432' title='bbox 2657 2941 2918 3019; x_wconf 78' lang='grc' dir='ltr'>λήψεσθαι</span> <span class='ocrx_word' id='word_1_433' title='bbox 2972 2945 3155 3020; x_wconf 88' lang='grc' dir='ltr'>μισθὸν</span> <span class='ocrx_word' id='word_1_434' title='bbox 3203 2942 3483 3015; x_wconf 84' lang='grc' dir='ltr'>διακονίας,</span> <span class='ocrx_word' id='word_1_435' title='bbox 3528 2943 3755 3000; x_wconf 80' lang='grc' dir='ltr'>κλέπτου</span> 
     </span>
    </p>
   </div>
   <div class='ocr_carea' id='block_1_60' title="bbox 398 3010 2032 3113">
    <p class='ocr_par' dir='ltr' id='par_1_60' title="bbox 398 3010 2032 3109">
     <span class='ocr_line' id='line_1_60' title="bbox 398 3010 2032 3109; baseline -0.001 -15"><span class='ocrx_word' id='word_1_436' title='bbox 398 3050 537 3094; x_wconf 90' lang='lat' dir='ltr'><strong>nem</strong></span> <span class='ocrx_word' id='word_1_437' title='bbox 568 3030 807 3093; x_wconf 78' lang='lat' dir='ltr'><strong>subeas.</strong></span> <span class='ocrx_word' id='word_1_438' title='bbox 843 3030 947 3093; x_wconf 87' lang='lat' dir='ltr'><strong>Sin</strong></span> <span class='ocrx_word' id='word_1_439' title='bbox 977 3010 1171 3092; x_wconf 84' lang='lat' dir='ltr'><strong>autem</strong></span> <span class='ocrx_word' id='word_1_440' title='bbox 1197 3010 1241 3091; x_wconf 15' lang='lat' dir='ltr'><strong>av</strong></span> <span class='ocrx_word' id='word_1_441' title='bbox 1264 3010 1664 3109; x_wconf 71' lang='lat' dir='ltr'><strong>praepositoad</strong></span> <span class='ocrx_word' id='word_1_442' title='bbox 1688 3031 1798 3091; x_wconf 93' lang='lat' dir='ltr'><strong>hoc</strong></span> <span class='ocrx_word' id='word_1_443' title='bbox 1825 3050 2032 3093; x_wconf 88' lang='lat' dir='ltr'><strong>munus</strong></span> 
     </span>
    </p>
   </div>
   <div class='ocr_carea' id='block_1_61' title="bbox 2119 3010 3752 3113">
    <p class='ocr_par' dir='ltr' id='par_1_61' title="bbox 2122 3010 3752 3113">
     <span class='ocr_line' id='line_1_61' title="bbox 2122 3010 3752 3113; baseline -0.001 -26"><span class='ocrx_word' id='word_1_444' title='bbox 2122 3033 2208 3087; x_wconf 85' lang='grc' dir='ltr'>καὶ</span> <span class='ocrx_word' id='word_1_445' title='bbox 2277 3010 2544 3110; x_wconf 78' lang='grc' dir='ltr'>ἱεροσύλου</span> <span class='ocrx_word' id='word_1_446' title='bbox 2605 3010 2893 3099; x_wconf 82' lang='grc' dir='ltr'>καταδίκην</span> <span class='ocrx_word' id='word_1_447' title='bbox 2964 3010 3174 3113; x_wconf 73' lang='grc' dir='ltr'>ῦφέξῃς.</span> <span class='ocrx_word' id='word_1_448' title='bbox 3247 3034 3306 3090; x_wconf 82' lang='grc' dir='ltr'><strong>Εἰ</strong></span> <span class='ocrx_word' id='word_1_449' title='bbox 3372 3031 3424 3088; x_wconf 79' lang='grc' dir='ltr'>δὲ</span> <span class='ocrx_word' id='word_1_450' title='bbox 3464 3010 3587 3087; x_wconf 44' lang='grc' dir='ltr'><strong>’ὑπὸ</strong></span> <span class='ocrx_word' id='word_1_451' title='bbox 3657 3036 3752 3086; x_wconf 89' lang='grc' dir='ltr'><strong>τοῦ</strong></span> 
     </span>
    </p>
   </div>
   <div class='ocr_carea' id='block_1_62' title="bbox 398 3116 2032 3203">
    <p class='ocr_par' dir='ltr' id='par_1_62' title="bbox 398 3117 2032 3203">
     <span class='ocr_line' id='line_1_62' title="bbox 398 3117 2032 3203; baseline 0 -21"><span class='ocrx_word' id='word_1_452' title='bbox 398 3138 672 3201; x_wconf 88' lang='lat' dir='ltr'><strong>urgeare,</strong></span> <span class='ocrx_word' id='word_1_453' title='bbox 721 3119 970 3198; x_wconf 88' lang='lat' dir='ltr'><strong>perinde</strong></span> <span class='ocrx_word' id='word_1_454' title='bbox 1000 3126 1058 3203; x_wconf 76' lang='lat' dir='ltr'><strong>te</strong></span> <span class='ocrx_word' id='word_1_455' title='bbox 1090 3117 1325 3193; x_wconf 89' lang='lat' dir='ltr'><strong>habeto,</strong></span> <span class='ocrx_word' id='word_1_456' title='bbox 1360 3126 1419 3179; x_wconf 87' lang='lat' dir='ltr'><strong>ut</strong></span> <span class='ocrx_word' id='word_1_457' title='bbox 1452 3120 1500 3179; x_wconf 94' lang='lat' dir='ltr'><strong>si</strong></span> <span class='ocrx_word' id='word_1_458' title='bbox 1538 3117 1809 3179; x_wconf 88' lang='lat' dir='ltr'><strong>manibus</strong></span> <span class='ocrx_word' id='word_1_459' title='bbox 1839 3119 2032 3198; x_wconf 89' lang='lat' dir='ltr'><strong>ignem</strong></span> 
     </span>
    </p>
   </div>
   <div class='ocr_carea' id='block_1_63' title="bbox 2119 3116 3756 3203">
    <p class='ocr_par' dir='ltr' id='par_1_63' title="bbox 2121 3116 3756 3199">
     <span class='ocr_line' id='line_1_63' title="bbox 2121 3116 3756 3199; baseline 0 -25"><span class='ocrx_word' id='word_1_460' title='bbox 2121 3120 2449 3197; x_wconf 68' lang='grc' dir='ltr'>προεστῶτος</span> <span class='ocrx_word' id='word_1_461' title='bbox 2501 3119 2632 3198; x_wconf 85' lang='grc' dir='ltr'>πρὸς</span> <span class='ocrx_word' id='word_1_462' title='bbox 2674 3125 2826 3176; x_wconf 90' lang='grc' dir='ltr'>τοῦτο</span> <span class='ocrx_word' id='word_1_463' title='bbox 2865 3116 3184 3196; x_wconf 75' lang='grc' dir='ltr'>ἐκϐιασθῇς,</span> <span class='ocrx_word' id='word_1_464' title='bbox 3225 3121 3295 3183; x_wconf 82' lang='grc' dir='ltr'><strong>ὡς</strong></span> <span class='ocrx_word' id='word_1_465' title='bbox 3336 3126 3433 3198; x_wconf 89' lang='grc' dir='ltr'><strong>πῦρ</strong></span> <span class='ocrx_word' id='word_1_466' title='bbox 3486 3140 3756 3199; x_wconf 76' lang='grc' dir='ltr'>μεταχει-</span> 
     </span>
    </p>
   </div>
   <div class='ocr_carea' id='block_1_64' title="bbox 396 3205 2032 3289">
    <p class='ocr_par' dir='ltr' id='par_1_64' title="bbox 396 3206 2032 3289">
     <span class='ocr_line' id='line_1_64' title="bbox 396 3206 2032 3289; baseline -0.001 -19"><span class='ocrx_word' id='word_1_467' title='bbox 396 3218 669 3270; x_wconf 91' lang='lat' dir='ltr'><strong>urentem</strong></span> <span class='ocrx_word' id='word_1_468' title='bbox 722 3216 1029 3270; x_wconf 85' lang='lat' dir='ltr'><strong>tractares.</strong></span> <span class='ocrx_word' id='word_1_469' title='bbox 1074 3208 1148 3269; x_wconf 89' lang='lat' dir='ltr'><strong>Et</strong></span> <span class='ocrx_word' id='word_1_470' title='bbox 1197 3206 1655 3287; x_wconf 89' lang='lat' dir='ltr'><strong>applicationem</strong></span> <span class='ocrx_word' id='word_1_471' title='bbox 1709 3207 1894 3269; x_wconf 91' lang='lat' dir='ltr'><strong>animi</strong></span> <span class='ocrx_word' id='word_1_472' title='bbox 1934 3227 2032 3289; x_wconf 84' lang='lat' dir='ltr'><strong>per</strong></span> 
     </span>
    </p>
   </div>
   <div class='ocr_carea' id='block_1_65' title="bbox 2119 3205 3761 3289">
    <p class='ocr_par' dir='ltr' id='par_1_65' title="bbox 2123 3205 3761 3288">
     <span class='ocr_line' id='line_1_65' title="bbox 2123 3205 3761 3288; baseline 0.001 -26"><span class='ocrx_word' id='word_1_473' title='bbox 2123 3207 2393 3286; x_wconf 83' lang='grc' dir='ltr'>ριζόμενος</span> <span class='ocrx_word' id='word_1_474' title='bbox 2423 3205 2630 3285; x_wconf 77' lang='grc' dir='ltr'>φλέγων</span> <span class='ocrx_word' id='word_1_475' title='bbox 2677 3206 2908 3265; x_wconf 81' lang='grc' dir='ltr'>διάκεισο</span> <span class='ocrx_word' id='word_1_476' title='bbox 2944 3225 2958 3239; x_wconf 78' lang='grc'><strong><em>⁸</em></strong></span> <span class='ocrx_word' id='word_1_477' title='bbox 3016 3210 3105 3265; x_wconf 86' lang='grc' dir='ltr'>καὶ</span> <span class='ocrx_word' id='word_1_478' title='bbox 3159 3208 3259 3276; x_wconf 76' lang='grc' dir='ltr'><strong>τὴν</strong></span> <span class='ocrx_word' id='word_1_479' title='bbox 3314 3207 3608 3288; x_wconf 74' lang='grc' dir='ltr'>προσϐολὴν</span> <span class='ocrx_word' id='word_1_480' title='bbox 3665 3213 3761 3264; x_wconf 87' lang='grc' dir='ltr'><strong>τοῦ</strong></span> 
     </span>
    </p>
   </div>
   <div class='ocr_carea' id='block_1_66' title="bbox 395 3294 2032 3377">
    <p class='ocr_par' dir='ltr' id='par_1_66' title="bbox 395 3295 2032 3377">
     <span class='ocr_line' id='line_1_66' title="bbox 395 3295 2032 3377; baseline 0 -18"><span class='ocrx_word' id='word_1_481' title='bbox 395 3297 855 3372; x_wconf 82' lang='lat' dir='ltr'><strong>confessionem,</strong></span> <span class='ocrx_word' id='word_1_482' title='bbox 893 3304 951 3358; x_wconf 86' lang='lat' dir='ltr'><strong>et</strong></span> <span class='ocrx_word' id='word_1_483' title='bbox 997 3296 1399 3377; x_wconf 74' lang='lat' dir='ltr'><strong>pmnitentiam</strong></span> <span class='ocrx_word' id='word_1_484' title='bbox 1453 3295 1767 3370; x_wconf 89' lang='lat' dir='ltr'><strong>cohibens,</strong></span> <span class='ocrx_word' id='word_1_485' title='bbox 1811 3316 1879 3358; x_wconf 86' lang='lat' dir='ltr'><strong>ex</strong></span> <span class='ocrx_word' id='word_1_486' title='bbox 1930 3297 2032 3359; x_wconf 88' lang='lat' dir='ltr'><strong>ista</strong></span> 
     </span>
    </p>
   </div>
   <div class='ocr_carea' id='block_1_67' title="bbox 2119 3294 3757 3377">
    <p class='ocr_par' dir='ltr' id='par_1_67' title="bbox 2122 3294 3757 3376">
     <span class='ocr_line' id='line_1_67' title="bbox 2122 3294 3757 3376; baseline 0 -25"><span class='ocrx_word' id='word_1_487' title='bbox 2122 3295 2403 3374; x_wconf 74' lang='grc' dir='ltr'>λογισμοῦ,</span> <span class='ocrx_word' id='word_1_488' title='bbox 2454 3294 2522 3352; x_wconf 83' lang='grc' dir='ltr'>δι’</span> <span class='ocrx_word' id='word_1_489' title='bbox 2580 3295 2962 3376; x_wconf 79' lang='grc' dir='ltr'>ἐξαγορεύσεως</span> <span class='ocrx_word' id='word_1_490' title='bbox 3023 3299 3110 3354; x_wconf 86' lang='grc' dir='ltr'>καὶ</span> <span class='ocrx_word' id='word_1_491' title='bbox 3164 3299 3444 3373; x_wconf 84' lang='grc' dir='ltr'>μετανοίας</span> <span class='ocrx_word' id='word_1_492' title='bbox 3472 3296 3757 3376; x_wconf 85' lang='grc' dir='ltr'>ἆπείργων,</span> 
     </span>
    </p>
   </div>
   <div class='ocr_carea' id='block_1_68' title="bbox 396 3382 2032 3469">
    <p class='ocr_par' dir='ltr' id='par_1_68' title="bbox 396 3383 1843 3469">
     <span class='ocr_line' id='line_1_68' title="bbox 396 3383 1843 3469; baseline 0.001 -22"><span class='ocrx_word' id='word_1_493' title='bbox 396 3386 654 3469; x_wconf 64' lang='lat' dir='ltr'><strong>praefecti</strong></span> <span class='ocrx_word' id='word_1_494' title='bbox 686 3385 982 3448; x_wconf 90' lang='lat' dir='ltr'><strong>voluntate</strong></span> <span class='ocrx_word' id='word_1_495' title='bbox 1014 3384 1160 3446; x_wconf 89' lang='lat' dir='ltr'><strong>nihil</strong></span> <span class='ocrx_word' id='word_1_496' title='bbox 1190 3383 1531 3446; x_wconf 86' lang='lat' dir='ltr'><strong>detrimenti</strong></span> <span class='ocrx_word' id='word_1_497' title='bbox 1559 3384 1843 3465; x_wconf 89' lang='lat' dir='ltr'><strong>accipies.</strong></span> 
     </span>
    </p>
   </div>
   <div class='ocr_carea' id='block_1_69' title="bbox 2119 3382 3531 3469">
    <p class='ocr_par' dir='ltr' id='par_1_69' title="bbox 2123 3382 3531 3469">
     <span class='ocr_line' id='line_1_69' title="bbox 2123 3382 3531 3469; baseline 0.002 -29"><span class='ocrx_word' id='word_1_498' title='bbox 2123 3382 2360 3469; x_wconf 62' lang='grc' dir='ltr'>ἀϐλαβὴς</span> <span class='ocrx_word' id='word_1_499' title='bbox 2390 3391 2458 3463; x_wconf 74' lang='grc' dir='ltr'>τῇ</span> <span class='ocrx_word' id='word_1_500' title='bbox 2486 3394 2579 3444; x_wconf 89' lang='grc' dir='ltr'><strong>τοῦ</strong></span> <span class='ocrx_word' id='word_1_501' title='bbox 2606 3392 2938 3464; x_wconf 83' lang='grc' dir='ltr'>προεστῶτος</span> <span class='ocrx_word' id='word_1_502' title='bbox 2969 3386 3109 3467; x_wconf 69' lang='grc' dir='ltr'>εὐχῇ</span> <span class='ocrx_word' id='word_1_503' title='bbox 3139 3384 3531 3464; x_wconf 79' lang='grc' dir='ltr'>διατηρηθήσῃ.</span> 
     </span>
    </p>
   </div>
   <div class='ocr_carea' id='block_1_70' title="bbox 473 3464 2032 3553">
    <p class='ocr_par' dir='ltr' id='par_1_70' title="bbox 473 3464 2032 3553">
     <span class='ocr_line' id='line_1_70' title="bbox 473 3464 2032 3553; baseline -0.003 -16"><span class='ocrx_word' id='word_1_504' title='bbox 473 3476 572 3539; x_wconf 85' lang='grc'><strong>57.</strong></span> <span class='ocrx_word' id='word_1_505' title='bbox 608 3475 719 3548; x_wconf 85' lang='lat' dir='ltr'><strong>Qui</strong></span> <span class='ocrx_word' id='word_1_506' title='bbox 766 3474 1029 3536; x_wconf 91' lang='lat' dir='ltr'><strong>nondum</strong></span> <span class='ocrx_word' id='word_1_507' title='bbox 1062 3481 1152 3535; x_wconf 91' lang='lat' dir='ltr'><strong>est</strong></span> <span class='ocrx_word' id='word_1_508' title='bbox 1179 3474 1405 3548; x_wconf 70' lang='grc' dir='ltr'>ἀπαθὴς,</span> <span class='ocrx_word' id='word_1_509' title='bbox 1454 3491 1649 3553; x_wconf 90' lang='lat' dir='ltr'><strong>neque</strong></span> <span class='ocrx_word' id='word_1_510' title='bbox 1696 3464 1848 3534; x_wconf 15' lang='lat' dir='ltr'><strong>fnum</strong></span> <span class='ocrx_word' id='word_1_511' title='bbox 1890 3476 2032 3533; x_wconf 80' lang='grc' dir='ltr'><strong>ἀπά-</strong></span> 
     </span>
    </p>
   </div>
   <div class='ocr_carea' id='block_1_71' title="bbox 2119 3464 3763 3553">
    <p class='ocr_par' dir='ltr' id='par_1_71' title="bbox 2198 3464 3763 3553">
     <span class='ocr_line' id='line_1_71' title="bbox 2198 3464 3763 3553; baseline 0.001 -23"><span class='ocrx_word' id='word_1_512' title='bbox 2198 3464 2297 3545; x_wconf 75' lang='grc' dir='ltr'><strong>νζ’.</strong></span> <span class='ocrx_word' id='word_1_513' title='bbox 2336 3465 2393 3531; x_wconf 59' lang='grc' dir='ltr'><strong>ιΟ</strong></span> <span class='ocrx_word' id='word_1_514' title='bbox 2442 3474 2518 3549; x_wconf 75' lang='grc' dir='ltr'>μὴ</span> <span class='ocrx_word' id='word_1_515' title='bbox 2568 3477 2803 3553; x_wconf 85' lang='grc' dir='ltr'>γεγονὼς</span> <span class='ocrx_word' id='word_1_516' title='bbox 2852 3464 3086 3548; x_wconf 73' lang='grc' dir='ltr'>ἀπαθὴς,</span> <span class='ocrx_word' id='word_1_517' title='bbox 3133 3473 3247 3533; x_wconf 64' lang='grc' dir='ltr'>οῦδὲ</span> <span class='ocrx_word' id='word_1_518' title='bbox 3306 3474 3387 3531; x_wconf 83' lang='grc' dir='ltr'>ὅτι</span> <span class='ocrx_word' id='word_1_519' title='bbox 3433 3474 3572 3531; x_wconf 81' lang='grc' dir='ltr'>’ἐστιν</span> <span class='ocrx_word' id='word_1_520' title='bbox 3616 3475 3763 3532; x_wconf 75' lang='grc' dir='ltr'>ἀπα-</span> 
     </span>
    </p>
   </div>
   <div class='ocr_carea' id='block_1_72' title="bbox 391 3560 2032 3644">
    <p class='ocr_par' dir='ltr' id='par_1_72' title="bbox 391 3562 2032 3644">
     <span class='ocr_line' id='line_1_72' title="bbox 391 3562 2032 3644; baseline 0.003 -21"><span class='ocrx_word' id='word_1_521' title='bbox 391 3570 503 3623; x_wconf 85' lang='grc' dir='ltr'>θεια</span> <span class='ocrx_word' id='word_1_522' title='bbox 533 3564 629 3638; x_wconf 91' lang='lat' dir='ltr'><strong>sit,</strong></span> <span class='ocrx_word' id='word_1_523' title='bbox 663 3563 857 3626; x_wconf 88' lang='lat' dir='ltr'><strong>novit:</strong></span> <span class='ocrx_word' id='word_1_524' title='bbox 893 3581 1091 3644; x_wconf 89' lang='lat' dir='ltr'><strong>neque</strong></span> <span class='ocrx_word' id='word_1_525' title='bbox 1123 3563 1297 3624; x_wconf 91' lang='lat' dir='ltr'><strong>talem</strong></span> <span class='ocrx_word' id='word_1_526' title='bbox 1331 3562 1632 3624; x_wconf 89' lang='lat' dir='ltr'><strong>hominem</strong></span> <span class='ocrx_word' id='word_1_527' title='bbox 1667 3580 1798 3625; x_wconf 85' lang='lat' dir='ltr'><strong>esse</strong></span> <span class='ocrx_word' id='word_1_528' title='bbox 1830 3564 1888 3626; x_wconf 91' lang='lat' dir='ltr'><strong>in</strong></span> <span class='ocrx_word' id='word_1_529' title='bbox 1923 3574 2032 3628; x_wconf 90' lang='lat' dir='ltr'><strong>ter-</strong></span> 
     </span>
    </p>
   </div>
   <div class='ocr_carea' id='block_1_73' title="bbox 2119 3560 3762 3644">
    <p class='ocr_par' dir='ltr' id='par_1_73' title="bbox 2119 3560 3762 3635">
     <span class='ocr_line' id='line_1_73' title="bbox 2119 3560 3762 3635; baseline 0.001 -16"><span class='ocrx_word' id='word_1_530' title='bbox 2119 3566 2230 3619; x_wconf 88' lang='grc' dir='ltr'>θεια</span> <span class='ocrx_word' id='word_1_531' title='bbox 2275 3561 2443 3635; x_wconf 75' lang='grc' dir='ltr'>οἶδεν,</span> <span class='ocrx_word' id='word_1_532' title='bbox 2477 3560 2596 3618; x_wconf 79' lang='grc' dir='ltr'>ἀλλ’</span> <span class='ocrx_word' id='word_1_533' title='bbox 2627 3561 2743 3620; x_wconf 73' lang='grc' dir='ltr'>οὐδὲ</span> <span class='ocrx_word' id='word_1_534' title='bbox 2780 3565 3011 3621; x_wconf 85' lang='grc' dir='ltr'>πιστεύει</span> <span class='ocrx_word' id='word_1_535' title='bbox 3060 3564 3200 3621; x_wconf 78' lang='grc' dir='ltr'>εἷναί</span> <span class='ocrx_word' id='word_1_536' title='bbox 3252 3585 3371 3619; x_wconf 84' lang='grc' dir='ltr'>τινα</span> <span class='ocrx_word' id='word_1_537' title='bbox 3413 3571 3651 3621; x_wconf 86' lang='grc' dir='ltr'>τοιοῦτον</span> <span class='ocrx_word' id='word_1_538' title='bbox 3678 3564 3762 3620; x_wconf 78' lang='grc' dir='ltr'><strong>ἐπὶ</strong></span> 
     </span>
    </p>
   </div>
   <div class='ocr_carea' id='block_1_74' title="bbox 389 3650 2032 3734">
    <p class='ocr_par' dir='ltr' id='par_1_74' title="bbox 389 3650 2032 3734">
     <span class='ocr_line' id='line_1_74' title="bbox 389 3650 2032 3734; baseline 0.001 -19"><span class='ocrx_word' id='word_1_539' title='bbox 389 3653 474 3716; x_wconf 89' lang='lat' dir='ltr'><strong>ris</strong></span> <span class='ocrx_word' id='word_1_540' title='bbox 501 3653 629 3734; x_wconf 91' lang='lat' dir='ltr'><strong>(qui</strong></span> <span class='ocrx_word' id='word_1_541' title='bbox 659 3653 887 3715; x_wconf 88' lang='lat' dir='ltr'><strong>scilicet</strong></span> <span class='ocrx_word' id='word_1_542' title='bbox 920 3652 1083 3713; x_wconf 90' lang='lat' dir='ltr'><strong>omni</strong></span> <span class='ocrx_word' id='word_1_543' title='bbox 1116 3650 1347 3712; x_wconf 83' lang='lat' dir='ltr'><strong>turbido</strong></span> <span class='ocrx_word' id='word_1_544' title='bbox 1380 3659 1540 3712; x_wconf 89' lang='lat' dir='ltr'><strong>motu</strong></span> <span class='ocrx_word' id='word_1_545' title='bbox 1571 3654 1754 3734; x_wconf 84' lang='lat' dir='ltr'><strong>vacet)</strong></span> <span class='ocrx_word' id='word_1_546' title='bbox 1790 3655 2032 3717; x_wconf 86' lang='lat' dir='ltr'><strong>credere</strong></span> 
     </span>
    </p>
   </div>
   <div class='ocr_carea' id='block_1_75' title="bbox 2119 3650 3759 3734">
    <p class='ocr_par' dir='ltr' id='par_1_75' title="bbox 2119 3653 3759 3734">
     <span class='ocr_line' id='line_1_75' title="bbox 2119 3653 3759 3734; baseline -0.001 -26"><span class='ocrx_word' id='word_1_547' title='bbox 2119 3657 2216 3719; x_wconf 83' lang='grc' dir='ltr'><strong>τῆς</strong></span> <span class='ocrx_word' id='word_1_548' title='bbox 2247 3653 2371 3731; x_wconf 75' lang='grc' dir='ltr'>γῆς.</span> <span class='ocrx_word' id='word_1_549' title='bbox 2408 3657 2528 3715; x_wconf 81' lang='grc' dir='ltr'><strong>Πῶς</strong></span> <span class='ocrx_word' id='word_1_550' title='bbox 2572 3654 2672 3733; x_wconf 77' lang='grc' dir='ltr'>γὰρ</span> <span class='ocrx_word' id='word_1_551' title='bbox 2711 3657 2739 3710; x_wconf 84' lang='grc' dir='ltr'>ὁ</span> <span class='ocrx_word' id='word_1_552' title='bbox 2778 3654 2855 3730; x_wconf 75' lang='grc' dir='ltr'>μὴ</span> <span class='ocrx_word' id='word_1_553' title='bbox 2900 3655 3083 3711; x_wconf 78' lang='grc' dir='ltr'>ἑαυτὸν</span> <span class='ocrx_word' id='word_1_554' title='bbox 3134 3653 3497 3733; x_wconf 78' lang='grc' dir='ltr'>ἀρνησάμενος</span> <span class='ocrx_word' id='word_1_555' title='bbox 3527 3662 3759 3734; x_wconf 75' lang='grc' dir='ltr'>πρῶτον,</span> 
     </span>
    </p>
   </div>
   <div class='ocr_carea' id='block_1_76' title="bbox 392 3738 2032 3825">
    <p class='ocr_par' dir='ltr' id='par_1_76' title="bbox 392 3738 2032 3825">
     <span class='ocr_line' id='line_1_76' title="bbox 392 3738 2032 3825; baseline 0.001 -20"><span class='ocrx_word' id='word_1_556' title='bbox 392 3750 608 3825; x_wconf 90' lang='lat' dir='ltr'><strong>potest.</strong></span> <span class='ocrx_word' id='word_1_557' title='bbox 656 3741 923 3815; x_wconf 84' lang='lat' dir='ltr'><strong>Quonam</strong></span> <span class='ocrx_word' id='word_1_558' title='bbox 973 3741 1131 3803; x_wconf 91' lang='lat' dir='ltr'><strong>enim</strong></span> <span class='ocrx_word' id='word_1_559' title='bbox 1192 3739 1391 3816; x_wconf 91' lang='lat' dir='ltr'><strong>modo,</strong></span> <span class='ocrx_word' id='word_1_560' title='bbox 1447 3738 1548 3822; x_wconf 89' lang='lat' dir='ltr'><strong>qui</strong></span> <span class='ocrx_word' id='word_1_561' title='bbox 1596 3758 1661 3803; x_wconf 89' lang='lat' dir='ltr'><strong>se</strong></span> <span class='ocrx_word' id='word_1_562' title='bbox 1691 3740 1884 3820; x_wconf 84' lang='lat' dir='ltr'><strong>ipsum</strong></span> <span class='ocrx_word' id='word_1_563' title='bbox 1917 3763 2032 3807; x_wconf 91' lang='lat' dir='ltr'><strong>non</strong></span> 
     </span>
    </p>
   </div>
   <div class='ocr_carea' id='block_1_77' title="bbox 2119 3738 3759 3825">
    <p class='ocr_par' dir='ltr' id='par_1_77' title="bbox 2119 3741 3759 3824">
     <span class='ocr_line' id='line_1_77' title="bbox 2119 3741 3759 3824; baseline 0.001 -26"><span class='ocrx_word' id='word_1_564' title='bbox 2119 3743 2205 3798; x_wconf 82' lang='grc' dir='ltr'><strong>κκὶ</strong></span> <span class='ocrx_word' id='word_1_565' title='bbox 2238 3744 2298 3797; x_wconf 71' lang='grc' dir='ltr'>τὸ</span> <span class='ocrx_word' id='word_1_566' title='bbox 2339 3744 2478 3818; x_wconf 80' lang='grc' dir='ltr'>αἷμα</span> <span class='ocrx_word' id='word_1_567' title='bbox 2523 3741 2756 3807; x_wconf 82' lang='grc' dir='ltr'>κενώσας</span> <span class='ocrx_word' id='word_1_568' title='bbox 2815 3745 3096 3824; x_wconf 77' lang='grc' dir='ltr'>προθύμως</span> <span class='ocrx_word' id='word_1_569' title='bbox 3154 3747 3308 3802; x_wconf 77' lang='grc' dir='ltr'>αὐτοῦ</span> <span class='ocrx_word' id='word_1_570' title='bbox 3361 3746 3491 3824; x_wconf 70' lang='grc' dir='ltr'>ὑπὲρ</span> <span class='ocrx_word' id='word_1_571' title='bbox 3519 3750 3618 3812; x_wconf 79' lang='grc' dir='ltr'>τῆς</span> <span class='ocrx_word' id='word_1_572' title='bbox 3648 3766 3759 3820; x_wconf 88' lang='grc' dir='ltr'>μα-</span> 
     </span>
    </p>
   </div>
   <div class='ocr_carea' id='block_1_78' title="bbox 471 3928 1626 4009">
    <p class='ocr_par' dir='ltr' id='par_1_78' title="bbox 471 3928 1626 4009">
     <span class='ocr_line' id='line_1_78' title="bbox 471 3928 1626 4009; baseline -0.005 -15"><span class='ocrx_word' id='word_1_573' title='bbox 471 3930 529 3982; x_wconf 64' lang='lat'><strong>46</strong></span> <span class='ocrx_word' id='word_1_574' title='bbox 556 3930 762 3995; x_wconf 86' lang='lat' dir='ltr'><strong>Matth.</strong></span> <span class='ocrx_word' id='word_1_575' title='bbox 794 3947 877 4009; x_wconf 77' lang='lat' dir='ltr'><strong>vr,</strong></span> <span class='ocrx_word' id='word_1_576' title='bbox 907 3930 1016 3996; x_wconf 75' lang='grc'><strong>25.</strong></span> <span class='ocrx_word' id='word_1_577' title='bbox 1100 3930 1158 3979; x_wconf 69' lang='lat'><strong>47</strong></span> <span class='ocrx_word' id='word_1_578' title='bbox 1186 3928 1331 3993; x_wconf 90' lang='lat' dir='ltr'><strong>Luc.</strong></span> <span class='ocrx_word' id='word_1_579' title='bbox 1365 3945 1493 4004; x_wconf 71' lang='lat' dir='ltr'><strong>xxx,</strong></span> <span class='ocrx_word' id='word_1_580' title='bbox 1524 3930 1626 3990; x_wconf 77' lang='lat'><strong>34.</strong></span> 
     </span>
    </p>
   </div>
   <div class='ocr_carea' id='block_1_79' title="bbox 389 4096 3010 4229">
    <p class='ocr_par' dir='ltr' id='par_1_79' title="bbox 389 4096 3010 4229">
     <span class='ocr_line' id='line_1_79' title="bbox 389 4096 3010 4229; baseline -0.001 -69"><span class='ocrx_word' id='word_1_581' title='bbox 389 4114 574 4229; x_wconf 63' lang='lat' dir='ltr'><strong>supqt.</strong></span> <span class='ocrx_word' id='word_1_582' title='bbox 633 4100 1082 4174; x_wconf 85' lang='lat' dir='ltr'><strong>charitatemque</strong></span> <span class='ocrx_word' id='word_1_583' title='bbox 1156 4111 1319 4155; x_wconf 89' lang='lat' dir='ltr'><strong>mens</strong></span> <span class='ocrx_word' id='word_1_584' title='bbox 1374 4096 1626 4154; x_wconf 88' lang='lat' dir='ltr'><strong>humana</strong></span> <span class='ocrx_word' id='word_1_585' title='bbox 1686 4108 2032 4158; x_wconf 85' lang='lat' dir='ltr'><strong>transmeare</strong></span> <span class='ocrx_word' id='word_1_586' title='bbox 2112 4098 2560 4229; x_wconf 40' lang='lat' dir='ltr'><strong>gus&#39;lexpressit</strong></span> <span class='ocrx_word' id='word_1_587' title='bbox 2613 4098 2704 4157; x_wconf 85' lang='lat' dir='ltr'><strong>his</strong></span> <span class='ocrx_word' id='word_1_588' title='bbox 2779 4098 3010 4168; x_wconf 86' lang='lat' dir='ltr'><strong>verbis;</strong></span> 
     </span>
     <span class='ocr_line' id='line_1_80' title="bbox 389 4186 2310 4229; baseline 0 0"><span class='ocrx_word' id='word_1_589' title='bbox 389 4188 553 4229; x_wconf 89' lang='lat' dir='ltr'><strong>soe.</strong></span> <span class='ocrx_word' id='word_1_590' title='bbox 2158 4186 2235 4229; x_wconf 71' lang='grc' dir='ltr'>ιιι</span> <span class='ocrx_word' id='word_1_591' title='bbox 2297 4188 2310 4228; x_wconf 89' lang='lat'><strong>:</strong></span> 
     </span>
    </p>
   </div>
   <div class='ocr_carea' id='block_1_80' title="bbox 389 4172 3766 4317">
    <p class='ocr_par' dir='ltr' id='par_1_80' title="bbox 389 4172 3766 4317">
     <span class='ocr_line' id='line_1_81' title="bbox 389 4172 3766 4317; baseline 0.001 -21"><span class='ocrx_word' id='word_1_592' title='bbox 389 4172 807 4301; x_wconf 46' lang='lat' dir='ltr'><strong>80lcxesi‘ransitio</strong></span> <span class='ocrx_word' id='word_1_593' title='bbox 838 4244 1043 4301; x_wconf 87' lang='lat' dir='ltr'><strong>mentis</strong></span> <span class='ocrx_word' id='word_1_594' title='bbox 1098 4241 1170 4317; x_wconf 82' lang='lat' dir='ltr'><strong>ab</strong></span> <span class='ocrx_word' id='word_1_595' title='bbox 1206 4240 1305 4317; x_wconf 75' lang='lat' dir='ltr'><strong>bis</strong></span> <span class='ocrx_word' id='word_1_596' title='bbox 1343 4254 1471 4311; x_wconf 65' lang='lat' dir='ltr'><strong>quas</strong></span> <span class='ocrx_word' id='word_1_597' title='bbox 1500 4248 1835 4317; x_wconf 69' lang='lat' dir='ltr'><strong>cernuntur,</strong></span> <span class='ocrx_word' id='word_1_598' title='bbox 1866 4241 1938 4298; x_wconf 87' lang='lat' dir='ltr'><strong>ad</strong></span> <span class='ocrx_word' id='word_1_599' title='bbox 1969 4256 2029 4317; x_wconf 83' lang='lat' dir='ltr'><strong>ea</strong></span> <span class='ocrx_word' id='word_1_600' title='bbox 2056 4172 2419 4317; x_wconf 44' lang='lat' dir='ltr'><strong>Dd&#39;fllP&#39;ater</strong></span> <span class='ocrx_word' id='word_1_601' title='bbox 2447 4254 2609 4298; x_wconf 90' lang='lat' dir='ltr'><strong>meus</strong></span> <span class='ocrx_word' id='word_1_602' title='bbox 2637 4255 2834 4317; x_wconf 64' lang='lat' dir='ltr'><strong>usque</strong></span> <span class='ocrx_word' id='word_1_603' title='bbox 2852 4242 3021 4300; x_wconf 84' lang='lat' dir='ltr'><strong>modo</strong></span> <span class='ocrx_word' id='word_1_604' title='bbox 3078 4250 3369 4317; x_wconf 62' lang='lat' dir='ltr'><strong>operatur.</strong></span> <span class='ocrx_word' id='word_1_605' title='bbox 3399 4252 3455 4302; x_wconf 84' lang='lat' dir='ltr'><strong>et</strong></span> <span class='ocrx_word' id='word_1_606' title='bbox 3484 4258 3591 4316; x_wconf 78' lang='lat' dir='ltr'><strong>ego</strong></span> <span class='ocrx_word' id='word_1_607' title='bbox 3619 4259 3766 4315; x_wconf 85' lang='lat' dir='ltr'><strong>ope-</strong></span> 
     </span>
    </p>
   </div>
   <div class='ocr_carea' id='block_1_81' title="bbox 390 4311 3765 4386">
    <p class='ocr_par' dir='ltr' id='par_1_81' title="bbox 390 4311 3765 4386">
     <span class='ocr_line' id='line_1_82' title="bbox 390 4311 3765 4386; baseline -0 -15"><span class='ocrx_word' id='word_1_608' title='bbox 390 4329 519 4385; x_wconf 67' lang='lat' dir='ltr'><strong>quae</strong></span> <span class='ocrx_word' id='word_1_609' title='bbox 550 4327 663 4371; x_wconf 90' lang='lat' dir='ltr'><strong>non</strong></span> <span class='ocrx_word' id='word_1_610' title='bbox 695 4324 1028 4377; x_wconf 87' lang='lat' dir='ltr'><strong>cernuntur.</strong></span> <span class='ocrx_word' id='word_1_611' title='bbox 1063 4311 1435 4386; x_wconf 84' lang='lat' dir='ltr'><strong>ejusdemque</strong></span> <span class='ocrx_word' id='word_1_612' title='bbox 1463 4327 1510 4386; x_wconf 87' lang='lat' dir='ltr'><strong>a_</strong></span> <span class='ocrx_word' id='word_1_613' title='bbox 1544 4311 1933 4386; x_wconf 78' lang='lat' dir='ltr'><strong>sensibilibus,</strong></span> <span class='ocrx_word' id='word_1_614' title='bbox 1962 4313 2033 4369; x_wconf 77' lang='lat' dir='ltr'><strong>ad</strong></span> <span class='ocrx_word' id='word_1_615' title='bbox 2115 4328 2213 4372; x_wconf 92' lang='lat' dir='ltr'><strong>ror</strong></span> <span class='ocrx_word' id='word_1_616' title='bbox 2247 4336 2266 4363; x_wconf 81' lang='grc' dir='ltr'><strong>ι</strong></span> <span class='ocrx_word' id='word_1_617' title='bbox 2325 4314 2590 4386; x_wconf 28' lang='grc' dir='ltr'>(Ιοαηςν,</span> <span class='ocrx_word' id='word_1_618' title='bbox 2628 4311 2743 4386; x_wconf 60' lang='lat'><strong>1?).</strong></span> <span class='ocrx_word' id='word_1_619' title='bbox 2797 4312 2865 4386; x_wconf 74' lang='lat' dir='ltr'><strong>Et</strong></span> <span class='ocrx_word' id='word_1_620' title='bbox 2909 4311 3178 4372; x_wconf 83' lang='lat' dir='ltr'><strong>rursum:</strong></span> <span class='ocrx_word' id='word_1_621' title='bbox 3245 4337 3265 4365; x_wconf 85' lang='grc' dir='ltr'>ι</span> <span class='ocrx_word' id='word_1_622' title='bbox 3317 4311 3765 4386; x_wconf 69' lang='grc' dir='ltr'><strong>Ὀρθι-θιῖιὶιιιοίο</strong></span> 
     </span>
    </p>
   </div>
   <div class='ocr_carea' id='block_1_82' title="bbox 3102 4099 3758 4174">
    <p class='ocr_par' dir='ltr' id='par_1_82' title="bbox 3102 4099 3758 4174">
     <span class='ocr_line' id='line_1_83' title="bbox 3102 4099 3758 4174; baseline 0.002 -16"><span class='ocrx_word' id='word_1_623' title='bbox 3102 4099 3260 4159; x_wconf 90' lang='lat' dir='ltr'><strong>illam</strong></span> <span class='ocrx_word' id='word_1_624' title='bbox 3334 4100 3566 4174; x_wconf 89' lang='lat' dir='ltr'><strong>quidem</strong></span> <span class='ocrx_word' id='word_1_625' title='bbox 3624 4116 3758 4159; x_wconf 88' lang='lat' dir='ltr'><strong>cum</strong></span> 
     </span>
    </p>
   </div>
   <div class='ocr_carea' id='block_1_83' title="bbox 386 4382 2027 4456">
    <p class='ocr_par' dir='ltr' id='par_1_83' title="bbox 386 4382 2027 4456">
     <span class='ocr_line' id='line_1_84' title="bbox 386 4382 2027 4456; baseline 0 -15"><span class='ocrx_word' id='word_1_626' title='bbox 386 4382 453 4443; x_wconf 78' lang='lat' dir='ltr'><strong>ea</strong></span> <span class='ocrx_word' id='word_1_627' title='bbox 484 4400 611 4456; x_wconf 64' lang='lat' dir='ltr'><strong>quae</strong></span> <span class='ocrx_word' id='word_1_628' title='bbox 640 4399 811 4453; x_wconf 89' lang='lat' dir='ltr'><strong>supra</strong></span> <span class='ocrx_word' id='word_1_629' title='bbox 843 4382 1244 4441; x_wconf 60' lang='lat' dir='ltr'><strong>sensum&#39;suut</strong></span> <span class='ocrx_word' id='word_1_630' title='bbox 1292 4383 1574 4453; x_wconf 76' lang='lat' dir='ltr'><strong>migratio,</strong></span> <span class='ocrx_word' id='word_1_631' title='bbox 1607 4390 1661 4439; x_wconf 88' lang='lat' dir='ltr'><strong>et</strong></span> <span class='ocrx_word' id='word_1_632' title='bbox 1683 4382 1938 4453; x_wconf 79' lang='lat' dir='ltr'><strong>jucunda</strong></span> <span class='ocrx_word' id='word_1_633' title='bbox 1972 4386 2027 4441; x_wconf 88' lang='lat' dir='ltr'><strong>in</strong></span> 
     </span>
    </p>
   </div>
   <div class='ocr_carea' id='block_1_84' title="bbox 389 4456 2031 4523">
    <p class='ocr_par' dir='ltr' id='par_1_84' title="bbox 389 4456 2031 4523">
     <span class='ocr_line' id='line_1_85' title="bbox 389 4456 2031 4523; baseline -0.001 -11"><span class='ocrx_word' id='word_1_634' title='bbox 389 4457 507 4513; x_wconf 88' lang='lat' dir='ltr'><strong>illis</strong></span> <span class='ocrx_word' id='word_1_635' title='bbox 537 4457 1023 4521; x_wconf 82' lang='lat' dir='ltr'><strong>commemoratio,</strong></span> <span class='ocrx_word' id='word_1_636' title='bbox 1058 4456 1317 4511; x_wconf 88' lang='lat' dir='ltr'><strong>omnium</strong></span> <span class='ocrx_word' id='word_1_637' title='bbox 1362 4468 1489 4523; x_wconf 69' lang='lat' dir='ltr'><strong>quaa</strong></span> <span class='ocrx_word' id='word_1_638' title='bbox 1520 4463 1671 4510; x_wconf 87' lang='lat' dir='ltr'><strong>retro</strong></span> <span class='ocrx_word' id='word_1_639' title='bbox 1701 4463 1853 4519; x_wconf 78' lang='lat' dir='ltr'><strong>sunt,</strong></span> <span class='ocrx_word' id='word_1_640' title='bbox 1888 4456 2031 4512; x_wconf 78' lang='lat' dir='ltr'><strong>obli-</strong></span> 
     </span>
    </p>
   </div>
   <div class='ocr_carea' id='block_1_85' title="bbox 388 4526 2033 4598">
    <p class='ocr_par' dir='ltr' id='par_1_85' title="bbox 388 4526 2033 4598">
     <span class='ocr_line' id='line_1_86' title="bbox 388 4526 2033 4598; baseline 0.001 -16"><span class='ocrx_word' id='word_1_641' title='bbox 388 4527 617 4585; x_wconf 88' lang='lat' dir='ltr'><strong>vionem</strong></span> <span class='ocrx_word' id='word_1_642' title='bbox 651 4526 852 4598; x_wconf 79' lang='lat' dir='ltr'><strong>gignit.</strong></span> <span class='ocrx_word' id='word_1_643' title='bbox 886 4527 1045 4583; x_wconf 89' lang='lat' dir='ltr'><strong>Hanc</strong></span> <span class='ocrx_word' id='word_1_644' title='bbox 1066 4527 1266 4598; x_wconf 71' lang='lat' dir='ltr'><strong>igitur</strong></span> <span class='ocrx_word' id='word_1_645' title='bbox 1316 4539 1421 4595; x_wconf 88' lang='lat' dir='ltr'><strong>ego</strong></span> <span class='ocrx_word' id='word_1_646' title='bbox 1452 4538 1649 4598; x_wconf 15' lang='lat' dir='ltr'><strong>veram,</strong></span> <span class='ocrx_word' id='word_1_647' title='bbox 1676 4526 1945 4595; x_wconf 80' lang='lat' dir='ltr'><strong>quietem,</strong></span> <span class='ocrx_word' id='word_1_648' title='bbox 1977 4535 2033 4584; x_wconf 84' lang='lat' dir='ltr'><strong>et</strong></span> 
     </span>
    </p>
   </div>
   <div class='ocr_carea' id='block_1_86' title="bbox 388 4595 2026 4672">
    <p class='ocr_par' dir='ltr' id='par_1_86' title="bbox 388 4595 2026 4672">
     <span class='ocr_line' id='line_1_87' title="bbox 388 4595 2026 4672; baseline -0.002 -16"><span class='ocrx_word' id='word_1_649' title='bbox 388 4598 598 4672; x_wconf 82' lang='lat' dir='ltr'><strong>quietis</strong></span> <span class='ocrx_word' id='word_1_650' title='bbox 628 4595 922 4672; x_wconf 71' lang='lat' dir='ltr'><strong>regionem</strong></span> <span class='ocrx_word' id='word_1_651' title='bbox 953 4612 1015 4654; x_wconf 87' lang='lat' dir='ltr'><strong>ac</strong></span> <span class='ocrx_word' id='word_1_652' title='bbox 1065 4595 1249 4672; x_wconf 74' lang='lat' dir='ltr'><strong>locum</strong></span> <span class='ocrx_word' id='word_1_653' title='bbox 1307 4595 1531 4665; x_wconf 89' lang='lat' dir='ltr'><strong>appello</strong></span> <span class='ocrx_word' id='word_1_654' title='bbox 1553 4616 1576 4672; x_wconf 85' lang='lat'><strong>_:</strong></span> <span class='ocrx_word' id='word_1_655' title='bbox 1639 4597 1700 4672; x_wconf 90' lang='lat' dir='ltr'><strong>in_</strong></span> <span class='ocrx_word' id='word_1_656' title='bbox 1729 4612 1896 4672; x_wconf 80' lang='lat' dir='ltr'><strong>quem</strong></span> <span class='ocrx_word' id='word_1_657' title='bbox 1930 4599 2026 4669; x_wconf 89' lang='lat' dir='ltr'><strong>qui</strong></span> 
     </span>
    </p>
   </div>
   <div class='ocr_carea' id='block_1_87' title="bbox 385 4666 2029 4738">
    <p class='ocr_par' dir='ltr' id='par_1_87' title="bbox 385 4666 2029 4738">
     <span class='ocr_line' id='line_1_88' title="bbox 385 4666 2029 4738; baseline 0 -13"><span class='ocrx_word' id='word_1_658' title='bbox 385 4666 957 4738; x_wconf 46' lang='lat' dir='ltr'><strong>a&#39;scendere‘meruit,</strong></span> <span class='ocrx_word' id='word_1_659' title='bbox 992 4682 1109 4726; x_wconf 90' lang='lat' dir='ltr'><strong>non</strong></span> <span class='ocrx_word' id='word_1_660' title='bbox 1140 4668 1293 4738; x_wconf 86' lang='lat' dir='ltr'><strong>inde.</strong></span> <span class='ocrx_word' id='word_1_661' title='bbox 1326 4666 1805 4738; x_wconf 86' lang='lat' dir='ltr'><strong>quemadmodum</strong></span> <span class='ocrx_word' id='word_1_662' title='bbox 1830 4666 2029 4734; x_wconf 73' lang='lat' dir='ltr'><strong>Moses,</strong></span> 
     </span>
    </p>
   </div>
   <div class='ocr_carea' id='block_1_88' title="bbox 388 4737 2030 4812">
    <p class='ocr_par' dir='ltr' id='par_1_88' title="bbox 388 4737 2030 4812">
     <span class='ocr_line' id='line_1_89' title="bbox 388 4737 2030 4812; baseline -0.002 -15"><span class='ocrx_word' id='word_1_663' title='bbox 388 4741 761 4812; x_wconf 82' lang='lat' dir='ltr'><strong>quadraginta</strong></span> <span class='ocrx_word' id='word_1_664' title='bbox 794 4737 996 4812; x_wconf 87' lang='lat' dir='ltr'><strong>diebus</strong></span> <span class='ocrx_word' id='word_1_665' title='bbox 1026 4752 1078 4796; x_wconf 77' lang='lat' dir='ltr'><strong>et</strong></span> <span class='ocrx_word' id='word_1_666' title='bbox 1110 4737 1302 4795; x_wconf 88' lang='lat' dir='ltr'><strong>noctib</strong></span> <span class='ocrx_word' id='word_1_667' title='bbox 1328 4754 1373 4793; x_wconf 74' lang='lat' dir='ltr'><strong>zs</strong></span> <span class='ocrx_word' id='word_1_668' title='bbox 1403 4739 1489 4812; x_wconf 80' lang='lat' dir='ltr'><strong>_in</strong></span> <span class='ocrx_word' id='word_1_669' title='bbox 1521 4748 1741 4812; x_wconf 87' lang='lat' dir='ltr'><strong>_monte</strong></span> <span class='ocrx_word' id='word_1_670' title='bbox 1796 4741 2030 4812; x_wconf 74' lang='lat' dir='ltr'><strong>exactis.</strong></span> 
     </span>
    </p>
   </div>
   <div class='ocr_carea' id='block_1_89' title="bbox 385 4808 2034 4878">
    <p class='ocr_par' dir='ltr' id='par_1_89' title="bbox 385 4808 2034 4878">
     <span class='ocr_line' id='line_1_90' title="bbox 385 4808 2034 4878; baseline -0.001 -9"><span class='ocrx_word' id='word_1_671' title='bbox 385 4808 738 4870; x_wconf 63' lang='lat' dir='ltr'><strong>desceniet:</strong></span> <span class='ocrx_word' id='word_1_672' title='bbox 790 4811 890 4868; x_wconf 91' lang='lat' dir='ltr'><strong>sed</strong></span> <span class='ocrx_word' id='word_1_673' title='bbox 946 4812 1042 4868; x_wconf 89' lang='lat' dir='ltr'><strong>ubi</strong></span> <span class='ocrx_word' id='word_1_674' title='bbox 1100 4810 1462 4878; x_wconf 80' lang='lat' dir='ltr'><strong>compererit,</strong></span> <span class='ocrx_word' id='word_1_675' title='bbox 1520 4808 1735 4865; x_wconf 86' lang='lat' dir='ltr'><strong>bonum</strong></span> <span class='ocrx_word' id='word_1_676' title='bbox 1767 4824 1888 4866; x_wconf 88' lang='lat' dir='ltr'><strong>esse</strong></span> <span class='ocrx_word' id='word_1_677' title='bbox 1919 4811 2034 4867; x_wconf 80' lang='lat' dir='ltr'><strong>illic.</strong></span> 
     </span>
    </p>
   </div>
   <div class='ocr_carea' id='block_1_90' title="bbox 387 4879 2033 4959">
    <p class='ocr_par' dir='ltr' id='par_1_90' title="bbox 387 4879 2033 4959">
     <span class='ocr_line' id='line_1_91' title="bbox 387 4879 2033 4959; baseline -0.001 -19"><span class='ocrx_word' id='word_1_678' title='bbox 387 4898 534 4952; x_wconf 87' lang='lat' dir='ltr'><strong>esse,</strong></span> <span class='ocrx_word' id='word_1_679' title='bbox 566 4884 635 4939; x_wconf 88' lang='lat' dir='ltr'><strong>de</strong></span> <span class='ocrx_word' id='word_1_680' title='bbox 665 4892 871 4959; x_wconf 71' lang='lat' dir='ltr'><strong>caetero</strong></span> <span class='ocrx_word' id='word_1_681' title='bbox 923 4883 995 4940; x_wconf 88' lang='lat' dir='ltr'><strong>ad</strong></span> <span class='ocrx_word' id='word_1_682' title='bbox 1051 4881 1319 4959; x_wconf 56' lang='lat' dir='ltr'><strong>inferiora</strong></span> <span class='ocrx_word' id='word_1_683' title='bbox 1378 4879 1537 4959; x_wconf 72' lang='lat' dir='ltr'><strong>haud</strong></span> <span class='ocrx_word' id='word_1_684' title='bbox 1576 4894 2033 4959; x_wconf 79' lang='lat' dir='ltr'><strong>quaquamcon-</strong></span> 
     </span>
    </p>
   </div>
   <div class='ocr_carea' id='block_1_91' title="bbox 385 4952 2033 5023">
    <p class='ocr_par' dir='ltr' id='par_1_91' title="bbox 385 4952 2033 5023">
     <span class='ocr_line' id='line_1_92' title="bbox 385 4952 2033 5023; baseline 0.002 -15"><span class='ocrx_word' id='word_1_685' title='bbox 385 4963 656 5013; x_wconf 85' lang='lat' dir='ltr'><strong>vertetur.</strong></span> <span class='ocrx_word' id='word_1_686' title='bbox 696 4955 912 5012; x_wconf 90' lang='lat' dir='ltr'><strong>Domus</strong></span> <span class='ocrx_word' id='word_1_687' title='bbox 941 4963 1131 5012; x_wconf 88' lang='lat' dir='ltr'><strong>autem</strong></span> <span class='ocrx_word' id='word_1_688' title='bbox 1162 4952 1452 5009; x_wconf 77' lang='lat' dir='ltr'><strong>Trinitatis</strong></span> <span class='ocrx_word' id='word_1_689' title='bbox 1484 4952 1574 5007; x_wconf 89' lang='lat' dir='ltr'><strong>hic</strong></span> <span class='ocrx_word' id='word_1_690' title='bbox 1603 4953 1800 5023; x_wconf 81' lang='lat' dir='ltr'><strong>factus,</strong></span> <span class='ocrx_word' id='word_1_691' title='bbox 1826 4958 1882 5023; x_wconf 87' lang='lat' dir='ltr'><strong>et</strong></span> <span class='ocrx_word' id='word_1_692' title='bbox 1913 4955 2033 5023; x_wconf 88' lang='lat' dir='ltr'><strong>ipse</strong></span> 
     </span>
    </p>
   </div>
   <div class='ocr_carea' id='block_1_92' title="bbox 385 5022 2032 5097">
    <p class='ocr_par' dir='ltr' id='par_1_92' title="bbox 385 5022 2032 5097">
     <span class='ocr_line' id='line_1_93' title="bbox 385 5022 2032 5097; baseline 0 -15"><span class='ocrx_word' id='word_1_693' title='bbox 385 5026 448 5083; x_wconf 89' lang='lat' dir='ltr'><strong>in</strong></span> <span class='ocrx_word' id='word_1_694' title='bbox 477 5026 755 5084; x_wconf 86' lang='lat' dir='ltr'><strong>Trinitate</strong></span> <span class='ocrx_word' id='word_1_695' title='bbox 786 5026 939 5097; x_wconf 87' lang='lat' dir='ltr'><strong>velut</strong></span> <span class='ocrx_word' id='word_1_696' title='bbox 967 5027 1027 5083; x_wconf 92' lang='lat' dir='ltr'><strong>in</strong></span> <span class='ocrx_word' id='word_1_697' title='bbox 1076 5039 1256 5097; x_wconf 86' lang='lat' dir='ltr'><strong>regno</strong></span> <span class='ocrx_word' id='word_1_698' title='bbox 1308 5023 1586 5081; x_wconf 75' lang='lat' dir='ltr'><strong>cmlorum</strong></span> <span class='ocrx_word' id='word_1_699' title='bbox 1644 5022 1983 5097; x_wconf 81' lang='lat' dir='ltr'><strong>inhabitabit</strong></span> <span class='ocrx_word' id='word_1_700' title='bbox 2013 5042 2032 5082; x_wconf 90' lang='lat'><em>:</em></span> 
     </span>
    </p>
   </div>
   <div class='ocr_carea' id='block_1_93' title="bbox 385 5096 2034 5160">
    <p class='ocr_par' dir='ltr' id='par_1_93' title="bbox 385 5096 2034 5160">
     <span class='ocr_line' id='line_1_94' title="bbox 385 5096 2034 5160; baseline -0.001 -5"><span class='ocrx_word' id='word_1_701' title='bbox 385 5098 660 5155; x_wconf 84' lang='lat' dir='ltr'><strong>charilate</strong></span> <span class='ocrx_word' id='word_1_702' title='bbox 691 5096 967 5156; x_wconf 89' lang='lat' dir='ltr'><strong>nimirum</strong></span> <span class='ocrx_word' id='word_1_703' title='bbox 1018 5096 1161 5154; x_wconf 82' lang='lat' dir='ltr'><strong>eum</strong></span> <span class='ocrx_word' id='word_1_704' title='bbox 1205 5104 1579 5160; x_wconf 81' lang='lat' dir='ltr'><strong>sustentante,</strong></span> <span class='ocrx_word' id='word_1_705' title='bbox 1629 5107 1736 5149; x_wconf 85' lang='lat' dir='ltr'><strong>nec</strong></span> <span class='ocrx_word' id='word_1_706' title='bbox 1780 5101 1843 5151; x_wconf 90' lang='lat' dir='ltr'><strong>ut</strong></span> <span class='ocrx_word' id='word_1_707' title='bbox 1871 5096 2034 5153; x_wconf 83' lang='lat' dir='ltr'><strong>cadat</strong></span> 
     </span>
    </p>
   </div>
   <div class='ocr_carea' id='block_1_94' title="bbox 383 5171 825 5241">
    <p class='ocr_par' dir='ltr' id='par_1_94' title="bbox 383 5171 825 5241">
     <span class='ocr_line' id='line_1_95' title="bbox 383 5171 825 5241; baseline -0.009 -16"><span class='ocrx_word' id='word_1_708' title='bbox 383 5171 768 5241; x_wconf 78' lang='lat' dir='ltr'><strong>permittente.</strong></span> <span class='ocrx_word' id='word_1_709' title='bbox 803 5190 825 5221; x_wconf 76' lang='grc' dir='ltr'><strong>ι</strong></span> 
     </span>
    </p>
   </div>
   <div class='ocr_carea' id='block_1_95' title="bbox 457 5237 2033 5311">
    <p class='ocr_par' dir='ltr' id='par_1_95' title="bbox 457 5237 2033 5311">
     <span class='ocr_line' id='line_1_96' title="bbox 457 5237 2033 5311; baseline -0.004 -10"><span class='ocrx_word' id='word_1_710' title='bbox 457 5242 531 5308; x_wconf 71' lang='grc'><strong>(4)</strong></span> <span class='ocrx_word' id='word_1_711' title='bbox 587 5239 873 5298; x_wconf 75' lang='lat' dir='ltr'><strong>Pontanus</strong></span> <span class='ocrx_word' id='word_1_712' title='bbox 930 5239 1087 5297; x_wconf 88' lang='lat' dir='ltr'><strong>addit</strong></span> <span class='ocrx_word' id='word_1_713' title='bbox 1141 5238 1456 5311; x_wconf 85' lang='lat' dir='ltr'><strong>capitulum</strong></span> <span class='ocrx_word' id='word_1_714' title='bbox 1531 5249 1758 5311; x_wconf 71' lang='lat' dir='ltr'><strong>unum;</strong></span> <span class='ocrx_word' id='word_1_715' title='bbox 1850 5256 1871 5285; x_wconf 77' lang='grc' dir='ltr'><strong>ι</strong></span> <span class='ocrx_word' id='word_1_716' title='bbox 1934 5237 2033 5294; x_wconf 84' lang='lat' dir='ltr'><strong>Est</strong></span> 
     </span>
    </p>
   </div>
   <div class='ocr_carea' id='block_1_96' title="bbox 386 5307 2032 5384">
    <p class='ocr_par' dir='ltr' id='par_1_96' title="bbox 386 5307 2032 5384">
     <span class='ocr_line' id='line_1_97' title="bbox 386 5307 2032 5384; baseline -0.002 -16"><span class='ocrx_word' id='word_1_717' title='bbox 386 5307 713 5384; x_wconf 86' lang='lat' dir='ltr'><strong>sollicitudo</strong></span> <span class='ocrx_word' id='word_1_718' title='bbox 741 5312 1005 5384; x_wconf 77' lang='lat' dir='ltr'><strong>quaedam</strong></span> <span class='ocrx_word' id='word_1_719' title='bbox 1034 5307 1241 5368; x_wconf 67' lang='lat' dir='ltr'><strong>vacans</strong></span> <span class='ocrx_word' id='word_1_720' title='bbox 1291 5310 1534 5384; x_wconf 78' lang='lat' dir='ltr'><strong>actione,</strong></span> <span class='ocrx_word' id='word_1_721' title='bbox 1567 5317 1621 5363; x_wconf 89' lang='lat' dir='ltr'><strong>et</strong></span> <span class='ocrx_word' id='word_1_722' title='bbox 1649 5307 1805 5384; x_wconf 67' lang='lat' dir='ltr'><strong>actio</strong></span> <span class='ocrx_word' id='word_1_723' title='bbox 1827 5322 2032 5384; x_wconf 72' lang='lat' dir='ltr'><strong>expers</strong></span> 
     </span>
    </p>
   </div>
   <div class='ocr_carea' id='block_1_97' title="bbox 386 5377 2031 5448">
    <p class='ocr_par' dir='ltr' id='par_1_97' title="bbox 386 5377 2031 5448">
     <span class='ocr_line' id='line_1_98' title="bbox 386 5377 2031 5448; baseline -0.001 -10"><span class='ocrx_word' id='word_1_724' title='bbox 386 5377 839 5442; x_wconf 72' lang='lat' dir='ltr'><strong>sollicitudinis:</strong></span> <span class='ocrx_word' id='word_1_725' title='bbox 916 5391 979 5440; x_wconf 94' lang='lat' dir='ltr'><strong>ut</strong></span> <span class='ocrx_word' id='word_1_726' title='bbox 1033 5393 1253 5448; x_wconf 87' lang='lat' dir='ltr'><strong>contra,</strong></span> <span class='ocrx_word' id='word_1_727' title='bbox 1317 5382 1569 5439; x_wconf 81' lang='lat' dir='ltr'><strong>vacuitas</strong></span> <span class='ocrx_word' id='word_1_728' title='bbox 1625 5377 2031 5437; x_wconf 87' lang='lat' dir='ltr'><strong>sollicitudinis</strong></span> 
     </span>
    </p>
   </div>
   <div class='ocr_carea' id='block_1_98' title="bbox 383 5451 2031 5525">
    <p class='ocr_par' dir='ltr' id='par_1_98' title="bbox 383 5451 2031 5525">
     <span class='ocr_line' id='line_1_99' title="bbox 383 5451 2031 5525; baseline -0.002 -13"><span class='ocrx_word' id='word_1_729' title='bbox 383 5462 639 5521; x_wconf 84' lang='lat' dir='ltr'><strong>actuosa,</strong></span> <span class='ocrx_word' id='word_1_730' title='bbox 695 5462 751 5513; x_wconf 88' lang='lat' dir='ltr'><strong>et</strong></span> <span class='ocrx_word' id='word_1_731' title='bbox 825 5454 1081 5513; x_wconf 84' lang='lat' dir='ltr'><strong>otiositas</strong></span> <span class='ocrx_word' id='word_1_732' title='bbox 1157 5454 1423 5521; x_wconf 88' lang='lat' dir='ltr'><strong>sollicita,</strong></span> <span class='ocrx_word' id='word_1_733' title='bbox 1502 5464 1645 5525; x_wconf 86' lang='lat' dir='ltr'><strong>quas</strong></span> <span class='ocrx_word' id='word_1_734' title='bbox 1729 5459 1783 5508; x_wconf 89' lang='lat' dir='ltr'><strong>et</strong></span> <span class='ocrx_word' id='word_1_735' title='bbox 1837 5451 2031 5509; x_wconf 87' lang='lat' dir='ltr'><strong>Domi-</strong></span> 
     </span>
    </p>
   </div>
   <div class='ocr_carea' id='block_1_99' title="bbox 2116 4383 3769 4455">
    <p class='ocr_par' dir='ltr' id='par_1_99' title="bbox 2116 4383 3769 4455">
     <span class='ocr_line' id='line_1_100' title="bbox 2116 4383 3769 4455; baseline 0 -13"><span class='ocrx_word' id='word_1_736' title='bbox 2116 4387 2249 4442; x_wconf 89' lang='lat' dir='ltr'><strong>bum</strong></span> <span class='ocrx_word' id='word_1_737' title='bbox 2282 4400 2398 4442; x_wconf 90' lang='lat' dir='ltr'><strong>non</strong></span> <span class='ocrx_word' id='word_1_738' title='bbox 2428 4384 2525 4455; x_wconf 93' lang='lat' dir='ltr'><strong>qui</strong></span> <span class='ocrx_word' id='word_1_739' title='bbox 2557 4383 2720 4455; x_wconf 80' lang='lat' dir='ltr'><strong>perit,</strong></span> <span class='ocrx_word' id='word_1_740' title='bbox 2773 4383 2871 4439; x_wconf 83' lang='lat' dir='ltr'><strong>sed</strong></span> <span class='ocrx_word' id='word_1_741' title='bbox 2927 4388 3024 4455; x_wconf 91' lang='lat' dir='ltr'><strong>qui</strong></span> <span class='ocrx_word' id='word_1_742' title='bbox 3068 4397 3256 4444; x_wconf 87' lang='lat' dir='ltr'><strong>manet</strong></span> <span class='ocrx_word' id='word_1_743' title='bbox 3311 4383 3571 4445; x_wconf 53' lang='lat' dir='ltr'><strong>in&#39;vitam</strong></span> <span class='ocrx_word' id='word_1_744' title='bbox 3600 4396 3769 4443; x_wconf 65' lang='lat' dir='ltr'><strong>aeter-</strong></span> 
     </span>
    </p>
   </div>
   <div class='ocr_carea' id='block_1_100' title="bbox 2115 4454 3765 4529">
    <p class='ocr_par' dir='ltr' id='par_1_100' title="bbox 2115 4454 3765 4529">
     <span class='ocr_line' id='line_1_101' title="bbox 2115 4454 3765 4529; baseline 0.001 -16"><span class='ocrx_word' id='word_1_745' title='bbox 2115 4471 2246 4529; x_wconf 88' lang='lat' dir='ltr'><strong>nam</strong></span> <span class='ocrx_word' id='word_1_746' title='bbox 2285 4478 2305 4507; x_wconf 76' lang='grc' dir='ltr'><strong>ι</strong></span> <span class='ocrx_word' id='word_1_747' title='bbox 2341 4454 2529 4525; x_wconf 61' lang='lat' dir='ltr'><strong>(John.</strong></span> <span class='ocrx_word' id='word_1_748' title='bbox 2575 4465 2656 4529; x_wconf 77' lang='lat' dir='ltr'><strong>vt,</strong></span> <span class='ocrx_word' id='word_1_749' title='bbox 2684 4454 2797 4525; x_wconf 72' lang='lat'><strong>27),</strong></span> <span class='ocrx_word' id='word_1_750' title='bbox 2863 4454 2980 4529; x_wconf 66' lang='lat' dir='ltr'><strong>non</strong></span> <span class='ocrx_word' id='word_1_751' title='bbox 3007 4528 3015 4529; x_wconf 16' lang='grc' dir='ltr'>ί</span> <span class='ocrx_word' id='word_1_752' title='bbox 3040 4458 3351 4529; x_wconf 88' lang='lat' dir='ltr'><strong>prohibens</strong></span> <span class='ocrx_word' id='word_1_753' title='bbox 3380 4460 3626 4528; x_wconf 85' lang='lat' dir='ltr'><strong>operari,</strong></span> <span class='ocrx_word' id='word_1_754' title='bbox 3660 4458 3765 4515; x_wconf 85' lang='lat' dir='ltr'><strong>sed</strong></span> 
     </span>
    </p>
   </div>
   <div class='ocr_carea' id='block_1_101' title="bbox 2114 4525 3767 4599">
    <p class='ocr_par' dir='ltr' id='par_1_101' title="bbox 2114 4525 3767 4599">
     <span class='ocr_line' id='line_1_102' title="bbox 2114 4525 3767 4599; baseline 0.002 -16"><span class='ocrx_word' id='word_1_755' title='bbox 2114 4528 2325 4585; x_wconf 88' lang='lat' dir='ltr'><strong>docens</strong></span> <span class='ocrx_word' id='word_1_756' title='bbox 2382 4540 2487 4584; x_wconf 90' lang='lat' dir='ltr'><strong>nos</strong></span> <span class='ocrx_word' id='word_1_757' title='bbox 2542 4525 3223 4599; x_wconf 66' lang='lat' dir='ltr'><strong>absque_sal|icit&#39;udine</strong></span> <span class='ocrx_word' id='word_1_758' title='bbox 3280 4525 3552 4599; x_wconf 81' lang='lat' dir='ltr'><strong>operari;</strong></span> <span class='ocrx_word' id='word_1_759' title='bbox 3612 4530 3767 4586; x_wconf 88' lang='lat' dir='ltr'><strong>hanc</strong></span> 
     </span>
    </p>
   </div>
   <div class='ocr_carea' id='block_1_102' title="bbox 2113 4597 3767 4671">
    <p class='ocr_par' dir='ltr' id='par_1_102' title="bbox 2113 4597 3767 4671">
     <span class='ocr_line' id='line_1_103' title="bbox 2113 4597 3767 4671; baseline 0.004 -19"><span class='ocrx_word' id='word_1_760' title='bbox 2113 4612 2265 4671; x_wconf 82' lang='lat' dir='ltr'><strong>vero,</strong></span> <span class='ocrx_word' id='word_1_761' title='bbox 2318 4597 2624 4671; x_wconf 76' lang='lat' dir='ltr'><strong>dum_ait:</strong></span> <span class='ocrx_word' id='word_1_762' title='bbox 2687 4616 2710 4649; x_wconf 73' lang='grc' dir='ltr'>ι</span> <span class='ocrx_word' id='word_1_763' title='bbox 2774 4597 2912 4664; x_wconf 86' lang='lat' dir='ltr'><strong>Quis</strong></span> <span class='ocrx_word' id='word_1_764' title='bbox 2966 4608 3213 4656; x_wconf 88' lang='lat' dir='ltr'><strong>vestrum</strong></span> <span class='ocrx_word' id='word_1_765' title='bbox 3267 4597 3526 4671; x_wconf 87' lang='lat' dir='ltr'><strong>cogitans</strong></span> <span class='ocrx_word' id='word_1_766' title='bbox 3577 4609 3767 4670; x_wconf 79' lang='lat' dir='ltr'><strong>potest</strong></span> 
     </span>
    </p>
   </div>
   <div class='ocr_carea' id='block_1_103' title="bbox 2114 4669 3759 4795">
    <p class='ocr_par' dir='ltr' id='par_1_103' title="bbox 2114 4669 3759 4795">
     <span class='ocr_line' id='line_1_104' title="bbox 2114 4669 3759 4795; baseline -0.001 -70"><span class='ocrx_word' id='word_1_767' title='bbox 2114 4670 2361 4795; x_wconf 47' lang='lat' dir='ltr'><strong>aliiljicere</strong></span> <span class='ocrx_word' id='word_1_768' title='bbox 2418 4669 2488 4725; x_wconf 90' lang='lat' dir='ltr'><strong>ad</strong></span> <span class='ocrx_word' id='word_1_769' title='bbox 2546 4675 2818 4724; x_wconf 86' lang='lat' dir='ltr'><strong>staturam</strong></span> <span class='ocrx_word' id='word_1_770' title='bbox 2876 4683 3040 4726; x_wconf 91' lang='lat' dir='ltr'><strong>suam</strong></span> <span class='ocrx_word' id='word_1_771' title='bbox 3113 4669 3371 4728; x_wconf 81' lang='lat' dir='ltr'><strong>cubitum</strong></span> <span class='ocrx_word' id='word_1_772' title='bbox 3425 4669 3668 4729; x_wconf 80' lang='lat' dir='ltr'><strong>unum?</strong></span> <span class='ocrx_word' id='word_1_773' title='bbox 3730 4691 3759 4724; x_wconf 78' lang='grc' dir='ltr'><strong>ι</strong></span> 
     </span>
     <span class='ocr_line' id='line_1_105' title="bbox 2115 4738 3759 4795; baseline 0 0"><span class='ocrx_word' id='word_1_774' title='bbox 2115 4740 2141 4795; x_wconf 78' lang='grc' dir='ltr'><strong>ί</strong></span> <span class='ocrx_word' id='word_1_775' title='bbox 2196 4742 2471 4795; x_wconf 78' lang='lat' dir='ltr'><strong>alth..Vt.</strong></span> <span class='ocrx_word' id='word_1_776' title='bbox 2502 4738 2593 4795; x_wconf 76' lang='lat'><strong>2&#39;7)</strong></span> <span class='ocrx_word' id='word_1_777' title='bbox 2626 4738 2832 4795; x_wconf 86' lang='lat' dir='ltr'><strong>tollens</strong></span> <span class='ocrx_word' id='word_1_778' title='bbox 2893 4740 3149 4795; x_wconf 85' lang='lat' dir='ltr'><strong>videlicet</strong></span> <span class='ocrx_word' id='word_1_779' title='bbox 3207 4743 3446 4795; x_wconf 88' lang='lat' dir='ltr'><strong>otiosam</strong></span> <span class='ocrx_word' id='word_1_780' title='bbox 3476 4743 3759 4795; x_wconf 85' lang='lat' dir='ltr'><strong>sollicitu-</strong></span> 
     </span>
    </p>
   </div>
   <div class='ocr_carea' id='block_1_104' title="bbox 2115 4738 3765 4811">
    <p class='ocr_par' dir='ltr' id='par_1_104' title="bbox 2115 4738 3765 4811">
     <span class='ocr_line' id='line_1_106' title="bbox 2115 4738 3765 4811; baseline 0.002 -16"><span class='ocrx_word' id='word_1_781' title='bbox 2115 4738 2358 4811; x_wconf 55' lang='lat' dir='ltr'><strong>(Maltla,</strong></span> <span class='ocrx_word' id='word_1_782' title='bbox 2391 4752 2471 4805; x_wconf 80' lang='lat' dir='ltr'><strong>Vl,</strong></span> <span class='ocrx_word' id='word_1_783' title='bbox 2502 4738 2593 4807; x_wconf 81' lang='grc'><strong>27)</strong></span> <span class='ocrx_word' id='word_1_784' title='bbox 2626 4738 2832 4811; x_wconf 88' lang='lat' dir='ltr'><strong>tollens</strong></span> <span class='ocrx_word' id='word_1_785' title='bbox 2888 4740 3149 4811; x_wconf 70' lang='lat' dir='ltr'><strong>videlicet</strong></span> <span class='ocrx_word' id='word_1_786' title='bbox 3207 4743 3446 4811; x_wconf 84' lang='lat' dir='ltr'><strong>otiosam</strong></span> <span class='ocrx_word' id='word_1_787' title='bbox 3476 4743 3765 4801; x_wconf 87' lang='lat' dir='ltr'><strong>sollicitu-</strong></span> 
     </span>
    </p>
   </div>
   <div class='ocr_carea' id='block_1_105' title="bbox 2116 4809 3762 4886">
    <p class='ocr_par' dir='ltr' id='par_1_105' title="bbox 2116 4809 3762 4886">
     <span class='ocr_line' id='line_1_107' title="bbox 2116 4809 3762 4886; baseline 0.002 -19"><span class='ocrx_word' id='word_1_788' title='bbox 2116 4809 2331 4878; x_wconf 74' lang='lat' dir='ltr'><strong>dinem,</strong></span> <span class='ocrx_word' id='word_1_789' title='bbox 2364 4809 3008 4886; x_wconf 64' lang='lat' dir='ltr'><strong>cuiactio_deest._Quaa</strong></span> <span class='ocrx_word' id='word_1_790' title='bbox 3061 4821 3249 4886; x_wconf 88' lang='lat' dir='ltr'><strong>autem</strong></span> <span class='ocrx_word' id='word_1_791' title='bbox 3310 4810 3762 4886; x_wconf 66' lang='lat' dir='ltr'><strong>habetconjun-</strong></span> 
     </span>
    </p>
   </div>
   <div class='ocr_carea' id='block_1_106' title="bbox 2118 4880 3768 4951">
    <p class='ocr_par' dir='ltr' id='par_1_106' title="bbox 2118 4880 3768 4951">
     <span class='ocr_line' id='line_1_108' title="bbox 2118 4880 3768 4951; baseline 0.002 -12"><span class='ocrx_word' id='word_1_792' title='bbox 2118 4893 2266 4939; x_wconf 85' lang='lat' dir='ltr'><strong>ctam</strong></span> <span class='ocrx_word' id='word_1_793' title='bbox 2297 4883 2597 4943; x_wconf 85' lang='lat' dir='ltr'><strong>actionem.</strong></span> <span class='ocrx_word' id='word_1_794' title='bbox 2633 4880 2702 4936; x_wconf 90' lang='lat' dir='ltr'><strong>de</strong></span> <span class='ocrx_word' id='word_1_795' title='bbox 2732 4895 2794 4937; x_wconf 87' lang='lat' dir='ltr'><strong>ea</strong></span> <span class='ocrx_word' id='word_1_796' title='bbox 2826 4883 2907 4936; x_wconf 71' lang='lat' dir='ltr'><strong>sic</strong></span> <span class='ocrx_word' id='word_1_797' title='bbox 2966 4884 3218 4951; x_wconf 87' lang='lat' dir='ltr'><strong>loquitur</strong></span> <span class='ocrx_word' id='word_1_798' title='bbox 3250 4900 3263 4941; x_wconf 91' lang='lat'>:</span> <span class='ocrx_word' id='word_1_799' title='bbox 3330 4905 3350 4934; x_wconf 79' lang='grc' dir='ltr'><strong>ι</strong></span> <span class='ocrx_word' id='word_1_800' title='bbox 3412 4884 3473 4939; x_wconf 80' lang='lat' dir='ltr'><strong>Et</strong></span> <span class='ocrx_word' id='word_1_801' title='bbox 3506 4885 3577 4941; x_wconf 92' lang='lat' dir='ltr'><strong>de</strong></span> <span class='ocrx_word' id='word_1_802' title='bbox 3599 4880 3768 4942; x_wconf 67' lang='lat' dir='ltr'><strong>vesti-</strong></span> 
     </span>
    </p>
   </div>
   <div class='ocr_carea' id='block_1_107' title="bbox 2119 4952 3765 5023">
    <p class='ocr_par' dir='ltr' id='par_1_107' title="bbox 2119 4952 3765 5023">
     <span class='ocr_line' id='line_1_109' title="bbox 2119 4952 3765 5023; baseline 0.003 -14"><span class='ocrx_word' id='word_1_803' title='bbox 2119 4967 2311 5011; x_wconf 81' lang='lat' dir='ltr'><strong>men‘o</strong></span> <span class='ocrx_word' id='word_1_804' title='bbox 2339 4962 2437 5010; x_wconf 88' lang='lat' dir='ltr'><strong>aut</strong></span> <span class='ocrx_word' id='word_1_805' title='bbox 2465 4953 2735 5008; x_wconf 87' lang='lat' dir='ltr'><strong>alimento</strong></span> <span class='ocrx_word' id='word_1_806' title='bbox 2764 4952 2902 5023; x_wconf 83' lang='lat' dir='ltr'><strong>quid</strong></span> <span class='ocrx_word' id='word_1_807' title='bbox 2951 4953 3177 5012; x_wconf 79' lang='lat' dir='ltr'><strong>solliciti</strong></span> <span class='ocrx_word' id='word_1_808' title='bbox 3240 4954 3427 5012; x_wconf 82' lang='lat' dir='ltr'><strong>estis?</strong></span> <span class='ocrx_word' id='word_1_809' title='bbox 3481 4954 3765 5013; x_wconf 86' lang='lat' dir='ltr'><strong>Conside-</strong></span> 
     </span>
    </p>
   </div>
   <div class='ocr_carea' id='block_1_108' title="bbox 2115 5023 3768 5096">
    <p class='ocr_par' dir='ltr' id='par_1_108' title="bbox 2115 5023 3768 5096">
     <span class='ocr_line' id='line_1_110' title="bbox 2115 5023 3768 5096; baseline 0.002 -14"><span class='ocrx_word' id='word_1_810' title='bbox 2115 5034 2236 5082; x_wconf 85' lang='lat' dir='ltr'><strong>rate</strong></span> <span class='ocrx_word' id='word_1_811' title='bbox 2296 5024 2412 5081; x_wconf 89' lang='lat' dir='ltr'><strong>lilia</strong></span> <span class='ocrx_word' id='word_1_812' title='bbox 2476 5039 2623 5095; x_wconf 82' lang='lat' dir='ltr'><strong>agri,</strong></span> <span class='ocrx_word' id='word_1_813' title='bbox 2680 5032 2735 5080; x_wconf 92' lang='lat' dir='ltr'><strong>et</strong></span> <span class='ocrx_word' id='word_1_814' title='bbox 2800 5023 3049 5082; x_wconf 85' lang='lat' dir='ltr'><strong>volatilia</strong></span> <span class='ocrx_word' id='word_1_815' title='bbox 3107 5025 3258 5089; x_wconf 72' lang='lat' dir='ltr'><strong>caeli,</strong></span> <span class='ocrx_word' id='word_1_816' title='bbox 3317 5028 3604 5096; x_wconf 72' lang='lat' dir='ltr'><strong>quomodo</strong></span> <span class='ocrx_word' id='word_1_817' title='bbox 3662 5027 3768 5086; x_wconf 88' lang='lat' dir='ltr'><strong>illa</strong></span> 
     </span>
    </p>
   </div>
   <div class='ocr_carea' id='block_1_109' title="bbox 2115 5096 3766 5165">
    <p class='ocr_par' dir='ltr' id='par_1_109' title="bbox 2115 5096 3766 5165">
     <span class='ocr_line' id='line_1_111' title="bbox 2115 5096 3766 5165; baseline 0.002 -12"><span class='ocrx_word' id='word_1_818' title='bbox 2115 5105 2400 5159; x_wconf 89' lang='lat' dir='ltr'><strong>crescunt,</strong></span> <span class='ocrx_word' id='word_1_819' title='bbox 2430 5104 2486 5151; x_wconf 89' lang='lat' dir='ltr'><strong>ct</strong></span> <span class='ocrx_word' id='word_1_820' title='bbox 2513 5098 2632 5151; x_wconf 72' lang='lat' dir='ltr'><strong>haec</strong></span> <span class='ocrx_word' id='word_1_821' title='bbox 2662 5103 2967 5165; x_wconf 89' lang='lat' dir='ltr'><strong>pascuntur</strong></span> <span class='ocrx_word' id='word_1_822' title='bbox 3024 5115 3051 5149; x_wconf 86' lang='grc'><strong>›</strong></span> <span class='ocrx_word' id='word_1_823' title='bbox 3104 5097 3266 5165; x_wconf 79' lang='lat' dir='ltr'><strong>(Ibid.</strong></span> <span class='ocrx_word' id='word_1_824' title='bbox 3298 5096 3411 5158; x_wconf 73' lang='lat'><strong>28;.</strong></span> <span class='ocrx_word' id='word_1_825' title='bbox 3454 5099 3547 5156; x_wconf 84' lang='lat' dir='ltr'><strong>Sic</strong></span> <span class='ocrx_word' id='word_1_826' title='bbox 3581 5113 3766 5157; x_wconf 87' lang='lat' dir='ltr'><strong>unam</strong></span> 
     </span>
    </p>
   </div>
   <div class='ocr_carea' id='block_1_110' title="bbox 2115 5166 3765 5240">
    <p class='ocr_par' dir='ltr' id='par_1_110' title="bbox 2115 5166 3765 5240">
     <span class='ocr_line' id='line_1_112' title="bbox 2115 5166 3765 5240; baseline 0.001 -16"><span class='ocrx_word' id='word_1_827' title='bbox 2115 5167 2343 5240; x_wconf 86' lang='lat' dir='ltr'><strong>quidem</strong></span> <span class='ocrx_word' id='word_1_828' title='bbox 2395 5180 2711 5229; x_wconf 89' lang='lat' dir='ltr'><strong>removens,</strong></span> <span class='ocrx_word' id='word_1_829' title='bbox 2748 5166 3003 5240; x_wconf 88' lang='lat' dir='ltr'><strong>_a|teram</strong></span> <span class='ocrx_word' id='word_1_830' title='bbox 3061 5169 3411 5240; x_wconf 76' lang='lat' dir='ltr'><strong>conﬁrmans</strong></span> <span class='ocrx_word' id='word_1_831' title='bbox 3463 5169 3765 5235; x_wconf 75' lang='lat' dir='ltr'><strong>Dominus,</strong></span> 
     </span>
    </p>
   </div>
   <div class='ocr_carea' id='block_1_111' title="bbox 2115 5234 3772 5312">
    <p class='ocr_par' dir='ltr' id='par_1_111' title="bbox 2115 5234 3772 5312">
     <span class='ocr_line' id='line_1_113' title="bbox 2115 5234 3772 5312; baseline 0.001 -15"><span class='ocrx_word' id='word_1_832' title='bbox 2115 5234 2302 5312; x_wconf 74' lang='lat' dir='ltr'><strong>erudit</strong></span> <span class='ocrx_word' id='word_1_833' title='bbox 2351 5252 2474 5303; x_wconf 89' lang='lat' dir='ltr'><strong>nos,</strong></span> <span class='ocrx_word' id='word_1_834' title='bbox 2524 5234 2830 5312; x_wconf 61' lang='lat' dir='ltr'><strong>quomodo</strong></span> <span class='ocrx_word' id='word_1_835' title='bbox 2867 5251 2987 5312; x_wconf 77' lang='lat' dir='ltr'><strong>non</strong></span> <span class='ocrx_word' id='word_1_836' title='bbox 3001 5239 3307 5312; x_wconf 79' lang='lat' dir='ltr'><strong>sollicitos</strong></span> <span class='ocrx_word' id='word_1_837' title='bbox 3361 5240 3602 5299; x_wconf 74' lang='lat' dir='ltr'><strong>sollicite</strong></span> <span class='ocrx_word' id='word_1_838' title='bbox 3630 5234 3772 5312; x_wconf 80' lang='lat' dir='ltr'><strong>ope-</strong></span> 
     </span>
    </p>
   </div>
   <div class='ocr_carea' id='block_1_112' title="bbox 2114 5306 3768 5383">
    <p class='ocr_par' dir='ltr' id='par_1_112' title="bbox 2114 5306 3768 5383">
     <span class='ocr_line' id='line_1_114' title="bbox 2114 5306 3768 5383; baseline 0.001 -15"><span class='ocrx_word' id='word_1_839' title='bbox 2114 5311 2249 5383; x_wconf 86' lang='lat' dir='ltr'><strong>rari.</strong></span> <span class='ocrx_word' id='word_1_840' title='bbox 2280 5318 2341 5383; x_wconf 82' lang='lat' dir='ltr'><strong>et</strong></span> <span class='ocrx_word' id='word_1_841' title='bbox 2369 5306 3091 5383; x_wconf 78' lang='lat' dir='ltr'><strong>quomodo__sollieitudine</strong></span> <span class='ocrx_word' id='word_1_842' title='bbox 3142 5319 3426 5383; x_wconf 84' lang='lat' dir='ltr'><strong>vacantes,</strong></span> <span class='ocrx_word' id='word_1_843' title='bbox 3463 5306 3768 5383; x_wconf 79' lang='lat' dir='ltr'><strong>operibus,</strong></span> 
     </span>
    </p>
   </div>
   <div class='ocr_carea' id='block_1_113' title="bbox 2114 5379 3771 5456">
    <p class='ocr_par' dir='ltr' id='par_1_113' title="bbox 2114 5379 3771 5456">
     <span class='ocr_line' id='line_1_115' title="bbox 2114 5379 3771 5456; baseline 0.001 -16"><span class='ocrx_word' id='word_1_844' title='bbox 2114 5393 2169 5440; x_wconf 92' lang='lat' dir='ltr'><strong>et</strong></span> <span class='ocrx_word' id='word_1_845' title='bbox 2223 5381 2515 5438; x_wconf 84' lang='lat' dir='ltr'><strong>laboribus</strong></span> <span class='ocrx_word' id='word_1_846' title='bbox 2565 5379 2709 5438; x_wconf 89' lang='lat' dir='ltr'><strong>nihil</strong></span> <span class='ocrx_word' id='word_1_847' title='bbox 2789 5380 3162 5440; x_wconf 89' lang='lat' dir='ltr'><strong>attinentibus</strong></span> <span class='ocrx_word' id='word_1_848' title='bbox 3244 5379 3534 5441; x_wconf 83' lang='lat' dir='ltr'><strong>abstinere</strong></span> <span class='ocrx_word' id='word_1_849' title='bbox 3590 5379 3771 5456; x_wconf 59' lang='grc' dir='ltr'>οροτέ</span> 
     </span>
    </p>
   </div>
   <div class='ocr_carea' id='block_1_114' title="bbox 2113 5463 2250 5513">
    <p class='ocr_par' dir='ltr' id='par_1_114' title="bbox 2113 5463 2250 5513">
     <span class='ocr_line' id='line_1_116' title="bbox 2113 5463 2250 5513; baseline -0.036 0"><span class='ocrx_word' id='word_1_850' title='bbox 2113 5463 2250 5513; x_wconf 87' lang='lat' dir='ltr'><strong>teat.</strong></span> 
     </span>
    </p>
   </div>
  </div>
