4054 6114
281 253 403 319 629

1559 248 1940 315 CAPITULA
1982 245 2360 309 PRACTICA

3533 241 3654 310 630

279 389 465 469 κκρίκς
515 389 710 456 τκότης
752 396 830 463 τῷ
858 388 967 446 ὄντι
1009 394 1177 463 ζωῆς,
1229 387 1389 445 ἄλλον
1435 387 1708 461 ὑπονοήσῃ
1751 390 1915 441 ταῦτα

2029 382 2308 463 .bnegavit
2338 382 2620 463 primum,
2655 389 2716 444 et
2744 382 2967 445 deinde
3015 402 3120 464 pro
3167 385 3279 445 hac
3310 399 3454 445 vere
3484 382 3660 446 beata

283 477 633 544 πεποιηκέναι
677 480 748 542 εἰς
775 479 838 534 τὸ
882 478 1175 548 κτήσασθαι
1223 477 1322 544 τὴν
1354 476 1609 534 ἀπάθειαν
1642 494 1658 554 ς
1694 472 1845 532 Οὕτω
1874 471 1930 528 δὲ

284 568 377 623 καὶ
407 569 435 623 ὁ
462 564 629 623 δοκῶν
658 573 869 642 Πνεῦμα
896 565 1043 646 ἔχειν
1083 564 1260 644 ἅγιον,
1322 563 1486 641 μηδὲν
1515 562 1681 645 ἔχων,
1737 564 1798 620 οὗ
1830 585 1927 619 πι-

286 655 461 711 στεύει
514 654 731 712 πώποτε
798 656 892 718 τὰς
971 654 1233 733 ἐνεργείας
1310 655 1465 711 αὒτοῦ
1535 650 1926 732 γινωσκομένοις

286 744 520 821 ἀκούων,
585 744 638 800 ἐν
693 757 809 808 τοῗς
865 745 926 802 τὸ
982 750 1193 820 Πνεῦμα
1248 744 1311 799 τὸ
1364 743 1514 821 ἅγιον
1573 739 1772 821 ἔχουσι.
1829 740 1928 798 Καὶ

287 831 372 888 ὅτι
404 831 513 889 ἔστι
542 854 623 896 τις
647 834 783 890 κατὰ
824 832 919 899 τὴν
964 833 1147 910 γενεὰν
1176 832 1372 897 ταύτην
1404 830 1589 897 ἐπίσης
1632 842 1751 893 τοῖς
1783 828 1925 884 ἀπο-

290 922 503 985 στόλοις
551 930 795 1002 Χριστοῦ,
855 923 941 978 καὶ
996 933 1113 986 τοῖς
1173 918 1264 976 ἀπ’
1325 921 1512 984 αἰῶνος
1567 917 1928 1009 ἁγίοιςηὶθείῳ

287 1010 687 1092 ἐνεργούμενος,
785 1012 871 1069 καὶ
981 1010 1283 1085 κινούμενος
1380 1010 1663 1085 Πνεύματι.
1774 1006 1833 1064 ὶΗ
1875 1006 1928 1061 ἐν

283 1100 514 1172 ὀπτασίᾳ
542 1100 741 1167 τούτοὴ
785 1104 1034 1179 γνωστῶς
1086 1100 1174 1155 καὶ
1224 1098 1279 1153 ἐν
1322 1100 1556 1169 αἰσθήσει
1600 1098 1878 1177 γινόμενος
1909 1116 1922 1132 ·

286 1187 512 1251 ἕκαστος
539 1190 639 1269 γὰρ
670 1189 731 1245 ἐκ
756 1194 855 1256 τῆς
884 1187 1076 1252 οἰκείαις
1123 1187 1517 1260 καταστάσεως,
1579 1190 1668 1244 καὶ
1716 1187 1783 1241 τὰ
1823 1193 1926 1243 τῶν

286 1275 532 1344 πλησίων
587 1278 769 1356 κρίνει,
831 1278 904 1341 ὡς
962 1275 1104 1356 ἔχει⁷
1162 1274 1275 1331 εἴτε
1317 1275 1510 1355 ἀρετῆς
1570 1278 1768 1348 εἰπεῖν,
1814 1274 1927 1333 εἴτε

289 1366 504 1430 καικίας.

350 1454 365 1477 ,Ι

371 1535 482 1613 νηί
516 1521 676 1603 ’Άλλο
727 1546 949 1602 ἀπάθεια
997 1550 1202 1626 ψυχῆς,
1256 1547 1344 1601 καὶ
1385 1543 1515 1601 ἄλλο
1551 1543 1774 1599 ἀπάθεια
1816 1543 1929 1599 σώ-

2008 471 2123 533 vita
2164 472 2510 551 sanguinem
2557 490 2731 534 suum
2776 490 2894 533 non
2924 471 3076 533 fudit
3114 471 3412 546 alacriter,
3465 471 3652 535 alium

2006 561 2133 623 haec
2160 562 2234 623 ad
2266 563 2521 620 ἀπάθειαν
2564 560 3046 641 consequendam
3078 559 3421 642 praestitisse
3450 560 3656 641 suspi-

2008 649 2285 712 cabitur?
2316 650 2404 713 sic
2435 649 2637 732 etiam,
2688 650 2792 730 qui
2833 648 3118 730 Spiritum
3151 656 3419 710 sanctum
3451 666 3516 711 se
3542 648 3654 711 ha-

2008 737 2152 799 bere
2200 747 2383 820 putat,
2432 757 2544 800 nec
2597 737 2798 815 habet,
2862 756 3166 819 nunquam
3219 738 3431 814 credit,
3485 737 3653 815 dum,

2010 827 2151 907 quid
2197 827 2300 888 ille
2345 827 2407 888 in
2452 827 2694 900 sanctis,
2744 827 2940 906 ipsum
2972 825 3329 889 habentibus
3360 826 3657 903 effecerit,

2009 915 2192 979 audit.
2245 914 2473 997 Nempe
2512 924 2743 976 exstare
2786 915 3124 995 quempiam
3158 916 3270 976 hac
3327 921 3521 991 aetate,
3556 911 3661 996 qui

2008 1004 2258 1085 perinde
2307 1011 2485 1085 atque
2525 1003 2777 1086 apostoli
2807 1002 3049 1076 Christi,
3085 1011 3145 1068 et
3175 1002 3363 1065 sancti
3393 1003 3495 1085 qui
3526 1010 3662 1085 post

2007 1092 2282 1156 homines
2313 1103 2482 1156 natos
2512 1092 2882 1164 exstiterunt,
2915 1091 3112 1153 divino
3144 1090 3367 1173 Spiritu
3398 1091 3661 1155 concite-

2009 1188 2106 1242 tur
2126 1190 2184 1243 et
2211 1181 2604 1262 gubernetur,
2626 1189 2725 1242 aut
2754 1199 2890 1242 eum
2917 1181 3354 1260 cognoscendo,
3391 1181 3657 1243 efficaci-

2009 1277 2216 1352 terque
2263 1270 2576 1333 sentiendo
2614 1269 3004 1351 perspexerit.
3037 1269 3460 1352 Unusquisque
3499 1270 3660 1332 enim

2015 1376 2087 1419 ex
2142 1376 2250 1419 sua
2296 1360 2716 1422 constitutione
2764 1359 2840 1421 de
2890 1358 3138 1422 alterius
3168 1377 3274 1421 seu
3303 1359 3536 1437 virtute,
3557 1377 3665 1422 seu

2015 1445 2151 1508 vitio
2182 1465 2422 1529 semper
2444 1448 2691 1528 judicat.

2092 1535 2191 1596 58.
2227 1536 2401 1597 Aliud
2431 1545 2520 1598 est
2547 1535 2782 1618 apathia
2812 1536 3048 1612 animae,
3078 1535 3243 1601 aliud
3272 1536 3506 1618 apathia
3527 1556 3663 1600 cor-

286 1657 480 1710 ματος.
528 1627 588 1693 Ἠ
633 1636 728 1710 μὲν
760 1636 858 1714 γὰρ
885 1636 974 1691 κπιὶ
1028 1624 1109 1690 rbi
1134 1624 1288 1710 σῶμα
1341 1633 1667 1711 καθαγιάζει,
1728 1638 1795 1709 τῇ
1847 1634 1929 1689 οἰ·-

2029 1624 2200 1703 poris.
2236 1624 2340 1688 Illa
2374 1628 2531 1687 enim
2584 1625 2871 1687 charitate
2914 1643 3043 1699 sua,
3080 1631 3139 1685 et
3188 1624 3401 1688 diﬂ‘uso
3432 1626 3663 1690 lumine

284 1722 407 1793 κείᾳ
454 1721 789 1802 λαμπρότητι
843 1724 931 1779 καὶ
980 1728 1047 1798 τῇ
1103 1721 1412 1803 φωτοχυσίᾳ
1447 1728 1539 1777 τοῦ
1586 1720 1883 1796 Πνεύματος
1914 1737 1929 1752 ⁸

284 1813 325 1879 ἡ
354 1809 412 1867 δὲ
454 1812 586 1878 sed,
637 1812 776 1887 μόνη
823 1808 939 1868 καθ’
991 1811 1205 1886 ἑαυτὴν,
1257 1812 1329 1875 εἰς
1360 1808 1503 1869 οὐδὲν
1535 1811 1627 1866 τὸν
1655 1809 1933 1885 κτησάμε-

288 1920 380 1955 νον
408 1897 635 1980 dies).er
668 1899 878 1957 δύναται
889 1946 903 1962 ,

364 2076 440 2149 (5)
469 2075 771 2149 Sequentia
803 2076 1050 2146 capitula
1101 2078 1391 2135 interserit
1437 2075 1609 2149 editio
1637 2075 1753 2132 Jac.
1788 2074 1932 2149 Pon-

290 2146 412 2204 tani
433 2165 453 2205 :
517 2168 539 2199 ι
560 2146 755 2204 ἈΙὶιιᾶ
784 2156 869 2204 est
897 2149 1285 2215 immobilitas,
1321 2164 1422 2206 seu
1451 2148 1612 2217 quies
1642 2146 1933 2203 membro-

285 2231 420 2275 rum
451 2220 655 2275 animae
683 2227 738 2276 et
762 2222 1038 2288 corporis,
1096 2221 1252 2278 aliud
1298 2221 1576 2278 virtutum
1608 2217 1927 2289 acquisitio.

289 2289 394 2345 llla
427 2290 708 2361 siquidem
737 2298 937 2347 natura
996 2294 1145 2350 inest
1176 2308 1189 2348 :
1249 2293 1369 2349 haec
1401 2304 1532 2350 vero
1565 2290 1733 2348 etiam
1763 2299 1933 2346 natu-

287 2362 441 2433 rales
454 2362 751 2433 motiones
778 2364 1085 2433 componit.

366 2454 400 2506 ¢_
423 2432 564 2506 Non
604 2429 1011 2506 concupiscere
1050 2433 1316 2506 aliquem
1369 2431 1640 2506 jucunda,
1701 2437 1756 2488 et
1783 2429 1932 2486 dele-

291 2503 519 2561 riahilia
553 2504 726 2575 hujus
774 2504 992 2562 mundi.
1060 2503 1178 2563 non
1231 2513 1316 2563 est
1345 2503 1531 2562 simile
1558 2513 1926 2575 aeternorum.

290 2582 347 2632 et
377 2575 485 2632 sub
516 2573 697 2632 visum
745 2589 861 2632 non
918 2576 1244 2634 cadentium
1280 2577 1567 2634 bonorum
1597 2573 1880 2631 desiderio
1912 2588 1925 2628 :

288 2645 447 2703 aliud
477 2648 627 2703 enim
657 2647 768 2703 hoc
797 2646 868 2703 ab
899 2646 1015 2704 illo.
1050 2648 1192 2705 Nam
1232 2647 1417 2715 priora
1458 2647 1552 2704 illa
1594 2644 1760 2702 multi
1797 2643 1929 2701 des-

287 2726 610 2789 pexerunt:
643 2719 991 2789 baecpaucis
1022 2718 1353 2776 mortalibus
1382 2717 1539 2775 cordi
1572 2717 1818 2773 fuerunt.

373 2808 397 2838 σ
426 2788 547 2861 Non
577 2789 623 2845 si
653 2785 907 2861 quid'est
931 2790 1200 2855 aversari,
1262 2797 1318 2846 et
1374 2803 1490 2846 non
1514 2785 1928 2861 quaerereglo-

292 2856 438 2915 riam
469 2856 788 2929 hominum,
838 2860 989 2917 idem
1042 2869 1126 2918 est
1180 2860 1349 2918 etiam
1406 2877 1436 2918 a
1495 2856 1684 2915 divina
1744 2856 1925 2929 gloria

291 2943 428 2987 suas
481 2933 731 2988 rationes
787 2941 947 3001 aptas
1004 2940 1061 2989 et
1113 2946 1421 3002 suspensas
1478 2931 1734 3002 habere:

2016 1712 2272 1794 Spiritus
2313 1730 2534 1795 corpus
2571 1732 2809 1795 quoque
2838 1712 3166 1774 sanctiﬁcat
3198 1731 3212 1775 :
3245 1714 3371 1777 haec
3399 1715 3526 1778 sola
3553 1733 3665 1797 per

2014 1819 2084 1865 se
2113 1802 2260 1865 nihil
2292 1801 2347 1865 ei
2375 1803 2435 1864 in
2462 1822 2578 1884 quo
2609 1808 2698 1866 est
2732 1802 3018 1884 prodesse
3048 1809 3246 1881 potest
3278 1803 3387 1885 (5).

2013 2070 2161 2138 Quin
2195 2072 2363 2129 etiam
2395 2085 2529 2140 erga
2560 2083 2658 2127 eos
2687 2069 2785 2140 qui
2832 2083 2895 2127 se
2948 2069 3088 2128 foris
3118 2071 3334 2129 amicos
3363 2069 3659 2136 simulant,

2013 2142 2159 2200 clam
2192 2143 2388 2198 eadem
2418 2143 2650 2205 faciunt,
2709 2155 2818 2197 nec
2875 2141 3070 2200 latent.
3130 2143 3409 2201 Caeterum
3438 2141 3663 2199 incom-

2013 2214 2253 2287 parabili
2310 2213 2480 2271 modo
2537 2211 2915 2287 excellentius
2974 2223 3079 2280 est,
3128 2227 3261 2287 meo
3310 2214 3553 2287 judicio,
3612 2213 3660 2270 si

2052 2286 2141 2356 uis
2170 2287 2361 2342 omnia
2392 2300 2520 2356 quae
2550 2298 2753 2356 passus
2809 2285 2901 2345 sit.
2960 2283 3326 2356 sempiterna
3367 2283 3659 2356 oblivione

2052 2355 2303 2422 eleverit,
2337 2355 2607 2427 etneque
2660 2355 3014 2428 absentibus,
3062 2355 3247 2428 neque
3300 2355 3661 2428 praesidenti:

2012 2426 2120 2483 bus
2153 2428 2262 2499 his,
2294 2444 2324 2482 a
2352 2426 2565 2499 quibus
2612 2434 2847 2499 vexatus
2906 2427 3093 2490 fuerit,
3152 2426 3332 2485 ullius
3388 2426 3658 2485 maleﬁcii

2012 2497 2609 2569 neminissez‘eosque
2639 2497 2777 2569 citra
2837 2512 3064 2555 omnem
3122 2498 3530 2569 cogitationem
3558 2512 3657 2556 eo-

2011 2582 2140 2642 rum
2169 2584 2298 2641 quae
2343 2568 2695 2642 acciderunt,
2752 2568 2812 2625 in
2858 2568 3299 2642 congressibus,
3350 2578 3406 2628 et
3458 2571 3658 2627 convi-

2010 2639 2232 2697 viorufn
2264 2640 2694 2699 invitationibus
2721 2639 3012 2710 amplecti:
3538 2694 3545 2703 ,

2091 2731 2113 2762 α
2141 2713 2264 2769 Non
2293 2712 2463 2783 quale
2494 2720 2580 2769 est
2635 2711 2964 2783 meminisse
3017 2711 3143 2781 Dei,
3200 2711 3313 2770 tale
3368 2711 3539 2783 etiam
3571 2720 3659 2770 est

2010 2781 2439 2864 amareDeum:
2474 2797 2582 2864 nec
2633 2781 2804 2864 quale
2832 2783 3060 2864 _tinoere
3096 2784 3316 2864 ipsum,
3362 2782 3475 2842 tale
3523 2783 3661 2840 item

2009 2855 2296 2912 custodire
2326 2855 2586 2912 mandata
2621 2852 2769 2926 ejus.
2827 2852 3307 2912 Differunt‘inter‘
3356 2869 3440 2920 se,
3472 2868 3661 2926 quan-

1813 2943 1926 2986 ma-
2007 2937 2180 2998 quam
2230 2934 2471 2998 utraque
2516 2924 2898 2996 perfectorum
2946 2934 3001 2983 et
3056 2941 3087 2984 a
3131 2924 3659 2998 perturbationibus

290 3014 472 3083 gnum
500 3004 712 3075 quippe
738 2995 889 3083 inter
947 3003 1078 3083 haec
1120 2995 1426 3083 discrimen
1485 3010 1605 3083 εει..
1646 3001 1749 3083 Illa
1775 3002 1925 3057 enim
1946 3001 1991 3055 C_
2013 2995 2429 3083 vindi‘cotoruin
2458 2995 2610 3055 sunt.

290 3074 387 3145 alii
418 3072 658 3145 quoque
700 3074 895 3130 multis
946 3082 1213 3145 prmterea
1274 3074 1424 3131 vitiis
1480 3072 1720 3144 subjecti
1769 3085 1936 3145 repu-

292 3141 728 3227 lerunt:'hanc
766 3141 1033 3227 perpauci
1093 3145 1309 3211 labore,
1371 3155 1425 3203 et
1482 3141 1693 3201 sudore
1754 3143 1932 3200 multo

289 3225 551 3285 accipere
581 3225 931 3273 meruerunt.

369 3307 395 3338 α
431 3287 587 3344 Veste
617 3286 711 3343 vili
743 3296 1073 3346 contentum
1124 3302 1270 3355 esse,
1316 3302 1425 3345 nec
1480 3285 1805 3343 desiderare
1842 3292 1932 3342 tu-

291 3357 485 3414 nicam
517 3358 892 3427 splendidam,
945 3374 1060 3416 non
1117 3368 1200 3416 est
1257 3361 1427 3417 etiam
1484 3358 1585 3414 Dei
1620 3358 1805 3413 lumen
1838 3357 1932 3413 in-

292 3428 507 3487 duisse.
539 3429 709 3487 Aliud
740 3430 868 3498 hoc,
899 3431 1055 3493 aliud
1084 3429 1247 3487 illud.
1307 3429 1440 3486 Nam
1471 3429 1713 3486 viestium
1745 3428 1932 3498 splen-

294 3499 700 3572 doremmille
731 3501 988 3570 impliciti
1048 3502 1453 3572 cupiditatibus
1509 3501 1675 3558 facile
1706 3514 1930 3569 spreve-

294 3581 466 3629 runt:
492 3569 601 3628 hoc
619 3570 725 3629 soli
748 3569 1244 3700 amiciuntur,qui
1277 3588 1375 3642 per
1404 3586 1573 3628 omne
1593 3586 1774 3644 genus
1792 3586 1936 3628 mor-

294 3643 615 3700 tiﬁcationis
645 3657 757 3699 non
783 3644 1021 3699 remisse
1048 3659 1114 3700 ac
1194 3644 1439 3700 anuuide
1468 3644 1657 3700 ipsum
1700 3657 1936 3699 consec-

292 3643 615 3700 tiﬁcationis
645 3657 757 3699 non
783 3644 1021 3716 remisse
1048 3659 1114 3700 ac
1170 3643 1439 3716 languide
1468 3643 1938 3716 ipsumAconsec-

295 3723 509 3841 tanctlur,
533 3723 598 3841 Et
627 3728 726 3841 pter
755 3714 1151 3773 mandatorum
1179 3713 1633 3773 observationem
1659 3713 1761 3770 filii
1795 3713 1940 3769 lucis

295 3801 362 3841 ac
432 3800 501 3841 iet
576 3799 649 3841 un
685 3830 697 3841 .
1690 3837 1695 3841 .

293 3801 362 3842 ac
390 3788 501 3841 diei
533 3788 697 3843 ﬁunt.

372 3885 397 3917 α
431 3864 713 3937 Αιίυᾶίεθι
734 3865 1029 3924 humiliter
1060 3865 1239 3937 loqui,
1299 3865 1453 3923 aliud
1484 3864 1779 3937 humiliter
1808 3878 1942 3937 sen-

296 3936 407 3994 tire
438 3954 453 4000 ;
486 3945 540 3993 et
566 3935 720 3993 aliud
752 3938 1064 4002 humilitas.
1095 3935 1251 3995 aliud
1282 3938 1388 3995 ﬂos
1442 3936 1777 3994 humilitatis
1810 3954 1823 4001 ;
1883 3936 1940 3993 et

297 4008 452 4080 aliud
483 4006 702 4080 fructus
734 4007 879 4080 ejus,
927 4018 981 4066 et
1037 4010 1256 4066 fructus
1311 4008 1483 4080 hujus
1539 4006 1926 4080 pulchritudo,

296 4088 353 4136 et
381 4078 503 4150 ejus
534 4077 975 4151 pulchritudinis
1020 4079 1367 4151 iucunditas.
1390 4077 1403 4080 ⁷
1428 4088 1483 4135 ει
1512 4081 1682 4151 insup
1720 4092 1748 4133 r
1778 4077 1933 4135 aliud

297 4164 371 4207 ex
400 4149 508 4207 hoc
538 4149 721 4207 fructu
784 4149 1164 4218 operationes.
1220 4152 1433 4209 Horum
1496 4149 1601 4205 alia
1648 4152 1706 4205 in
1739 4158 1931 4205 nostra

296 4229 572 4292 potestate
596 4230 751 4287 sunt,
781 4221 890 4277 alia
921 4236 1036 4279 non
1067 4231 1218 4280 sunt.
1271 4223 1334 4280 In
1365 4222 1535 4279 nobis
1558 4230 1710 4286 sunt,
1736 4220 1934 4292 omnia

295 4290 566 4363 cogitare,
598 4295 787 4348 omnia
845 4295 1076 4356 sentire.
1137 4308 1328 4351 omna
1380 4301 1661 4364 reputare,
1720 4290 1931 4364 dicere,

2094 3089 2117 3120 α
2147 3068 2318 3125 Aliud
2348 3078 2434 3127 est
2461 3083 2576 3125 non
2608 3081 2868 3139 peccare,
2899 3067 3055 3125 aliud
3086 3068 3182 3127 Dei
3212 3067 3478 3126 mandata
3503 3083 3664 3127 exse-

2015 3140 2132 3212 qui.
2152 3139 2268 3198 Hoc
2284 3141 2642 3204 certantium,
2661 3147 2715 3197 et
2732 3154 2799 3197 ex
2820 3140 3126 3212 Evangelio
3142 3139 3451 3197 viventium
3469 3160 3481 3194 :
3516 3140 3663 3198 illud

2016 3224 2411 3293 tantummodo
2432 3221 2778 3293 principium
2806 3213 3056 3293 ἀπαθείᾳς
3083 3220 3421 3293 adeptorum
3452 3229 3558 3278 est.

2096 3312 2117 3343 ι
2148 3291 2266 3350 Non
2296 3292 2345 3349 si
2375 3292 2509 3364 quid
2540 3292 2779 3364 vacatio,
2832 3299 2889 3348 et
2919 3291 3142 3364 _otium,
3196 3291 3353 3349 idem
3380 3294 3661 3364 continuo

2016 3365 2178 3434 quies
2207 3373 2338 3422 est:
2392 3362 2502 3420 nec
2548 3363 2597 3419 si
2646 3362 2785 3434 quid
2835 3362 3018 3434 quies,
3078 3362 3204 3420 ideo
3260 3372 3315 3420 et
3343 3363 3661 3421 silentium.

2014 3434 2255 3505 Interest
2308 3436 2457 3493 inter
2514 3434 2651 3499 haec,
2717 3443 2771 3491 et
2825 3434 3004 3497 aliud,
3057 3442 3229 3505 atque
3285 3435 3441 3491 aliud
3498 3445 3652 3493 sunt.

2016 3504 2208 3563 Otium
2263 3514 2320 3564 et
2371 3506 2603 3577 inertia
2634 3519 2836 3563 eorum
2889 3513 3043 3570 sunt.
3102 3504 3201 3577 qui
3257 3508 3404 3562 scire
3457 3507 3662 3565 volunt

2016 3591 2144 3650 quae
2176 3578 2249 3635 sit
2277 3579 2560 3635 bonorum
2591 3576 2691 3634 Dei
2749 3576 3189 3650 sommunioatio
3225 3592 3239 3634 :
3276 3590 3405 3650 _nec
3439 3577 3662 3650 aliquid

2020 3646 2157 3705 boni
2186 3651 2375 3718 operis
2434 3649 2620 3707 facere
2670 3650 2974 3705 sustinent.
3030 3647 3164 3705 Ηεεε
3227 3646 3298 3703 ad
3344 3646 3659 3718 parandam

2022 3719 2122 3776 Dei
2146 3722 2525 3792 cognitionem
2556 3733 2793 3792 semper;
2812 3719 3156 3792 vacantium,
3181 3721 3547 3792 sermonique
3570 3722 3662 3792 iu-

2024 3791 2147 3846 sitae
2176 3789 2470 3861 sapientiae
2491 3790 2838 3848 ausculando
2859 3789 3348 3861 assidentimm,ret
3378 3789 3659 3860 profunda

2023 3860 2288 3931 Spiritus,
2321 3876 2582 3934 novaque
2613 3861 2900 3934 mysteria,
2931 3860 3064 3917 dum
3091 3877 3121 3917 a
3144 3860 3255 3934 Deo
3276 3860 3660 3934 initiarentur,

2026 3942 2237 4003 patrata
2271 3931 2974 4000 scrutantiumITertium,
3000 3942 3132 4002 puta
3165 3931 3476 3995 silentium,
3503 3932 3663 3990 intel-

2016 4002 2194 4060 lectus
2220 4005 2592 4068 iunctionem,
2623 4018 2754 4060 cum
2780 4003 3021 4060 sollicita
3053 4002 3461 4074 cogitationum
3481 4017 3548 4061 ac
3575 4018 3666 4062 ra-

2015 4075 2447 4133 tiocinationum
2478 4074 2807 4139 attentione,
2840 4073 3174 4130 obeuntium
3204 4083 3306 4131 est.

2090 4164 2116 4198 «
2148 4146 2268 4203 Non
2314 4146 2466 4203 idem
2522 4157 2607 4204 est
2654 4145 2920 4207 secessio.
2955 4146 3011 4200 id
3061 4153 3164 4211 est,
3226 4144 3454 4202 deloco
3487 4146 3547 4203 in
3578 4145 3670 4204 lo-

2015 4232 2146 4273 cum
2178 4217 2458 4286 transitio,
2490 4227 2544 4275 et
2589 4218 2713 4288 ipsa
2768 4215 3062 4288 verissima
3117 4216 3532 4288 peregrinatio,
3566 4231 3669 4274 seu

2017 4290 2415 4361 peregrinitas.
2478 4289 2579 4345 Illa
2616 4287 2843 4357 nempe
2900 4287 3087 4361 adhuc
3168 4287 3443 4359 pugillatu
3501 4288 3668 4360 quasi

294 4358 501 4427 iar'ere.
532 4377 659 4433 quae
711 4378 818 4420 nos
877 4364 944 4419 ad
1003 4366 1377 4422 humilitatem
1431 4358 1665 4420 ducunt.
1725 4358 2379 4433 Sanctancerta'ntium,
2413 4368 2595 4433 etaut
2647 4373 2749 4430 per
2795 4358 3203 4433 negligentiam
3237 4358 3307 4417 ab
3338 4358 3668 4417 inconstan-

293 4409 501 4512 sese?
532 4409 843 4491 Βῦῗηῑιῖἱέἒ.
877 4409 971 4512 ’ᾧ
1003 4409 1666 4512 ἶὲιῖἱιῖὶὲᾝῖὸρῖῖῆἓὶἔὲ,
1723 4409 1927 4512 ἶεῖεῖὖὲζ
1951 4409 1994 4458 ί)
2013 4409 2102 4512 ea:
2121 4409 2379 4512 "Ei'éﬁii-s'
2412 4409 2678 4512 iis};
2690 4409 3214 4512 ῐὲδμῖἑξέεἱὲιίἧῦιῖῑξε
3238 4409 3396 4488 ⁷3ἁῖ
3408 4409 3665 4512 Basia

292 4505 634 4580 charismata
686 4513 742 4561 et
795 4501 1150 4580 sanctiones'
1182 4501 1326 4580 ejus,
1386 4501 1500 4563 non
1557 4501 1771 4570 nostra,
1831 4504 1930 4580 sed
2012 4503 2728 4580 fervorismagnitudinem
2780 4501 3095 4580 insigniora
3127 4501 3313 4559 adhuc
3344 4501 3660 4580 certamina

293 4578 405 4649 Dei
430 4576 577 4633 dona
610 4585 763 4649 sunt,
795 4577 1004 4646 quibus
1034 4572 1229 4635 nemo'
1257 4572 1465 4649 dignus
1498 4591 1746 4648 unquam
1776 4577 1930 4649 aesti-
2014 4572 2521 4649 cupientium'est:
2581 4576 2701 4631 haec
2732 4586 2865 4629 vero
2894 4572 3309 4649 crucifixorum
3340 4573 3577 4643 mundo,
3604 4585 3671 4649 _et

293 4648 561 4723 tnahitur,
604 4648 718 4723 nisi
753 4644 924 4723 _rius,
976 4660 1251 4720 quantum
1307 4644 1363 4706 in
1422 4650 1545 4719 ipso
1575 4644 1680 4714 est,
1713 4646 1931 4704 semina
2014 4659 2049 4716 q
2094 4659 2143 4700 EB
2172 4645 2228 4701 in
2265 4645 2476 4702 mundo
2506 4654 2660 4723 sunt,
2719 4653 2959 4723 etrcum
3012 4644 3158 4723 so|o__
3187 4645 3306 4702 Deo
3365 4654 3421 4703 et
3448 4645 3674 4723 angelis

295 4720 443 4777 bene
456 4717 677 4790 jecerit.

381 4797 605 4855 «Aliud
660 4806 744 4857 est
797 4813 912 4856 non
973 4801 1317 4859 stomachari
1375 4801 1432 4856 in
1493 4796 1933 4868 contemptibus,

297 4869 552 4942 injuriis,
612 4871 1042 4934 tentationibus.
1104 4882 1160 4929 et
1214 4871 1677 4929 tribulationibus
1708 4867 1738 4938 ξ
1778 4867 1941 4942 aliud

297 4940 534 5023 in‘_ipsi_s
559 4942 936 5023 acquiescere,
992 4942 1154 5023 aliud
1201 4959 1364 5023 orare
1417 4957 1550 5023 pro_
1579 4941 1666 4996 his
1695 4940 1789 5023 qui
1820 4941 1942 4996 haec

299 5010 471 5082 nobis
501 5010 754 5069 infer—unt
785 5030 799 5075 ;
858 5013 1012 5071 aliud
1069 5029 1140 5070 ex
1197 5015 1389 5071 animo
1419 5010 1646 5069 eosdem
1681 5010 1938 5082 diligere,

299 5094 356 5140 et
384 5081 540 5140 aliud
574 5092 778 5151 praeter
836 5085 979 5154 haec,
1038 5087 1231 5143 animo
1287 5084 1631 5152 insculptum
1667 5081 1811 5139 ferre
1840 5096 1942 5154 cu-

293 5154 535 5227 juslibet
565 5156 771 5227 horum
826 5153 1042 5222 faciem,
1077 5165 1131 5215 et
1162 5165 1223 5215 ut
1253 5170 1520 5227 germane
1551 5157 1784 5227 amicos,
1817 5153 1947 5209 sine

303 5225 567 5297 rancore,
626 5226 687 5281 in
743 5227 1011 5297 lacrymis
1056 5225 1295 5285 sincerae
1351 5225 1639 5283 charilatis
1697 5239 1794 5282 eos
1824 5230 1947 5280 am-

303 5296 571 5368 plexari;
633 5305 697 5354 ut
738 5296 1013 5355 nimirum
1068 5299 1292 5356 nuilum
1340 5306 1478 5355 tunc
1534 5311 1735 5353 sensus
1765 5299 1949 5352 insuao

222 5390 229 5395 ι
304 5367 542 5442 vis,_aut
569 5367 843 5442 molestiae
896 5368 1140 5442 alicujus
1192 5368 1496 5440 vestigium
1554 5369 1612 5442 in
1647 5368 1837 5442 anima
1866 5381 1949 5442 re:

303 5439 579 5512 pariatur.
612 5438 787 5511 Majus
845 5454 1014 5511 porro
1050 5437 1521 5512 omnibus—quae
1574 5438 1847 5510 diximus,
1898 5437 1944 5494 si

301 5510 436 5584 quis
488 5509 657 5567 etiam
695 5509 859 5584 :ipso‘
888 5521 1142 5584 tempore
1199 5509 1572 5584 tentationum
1627 5525 1790 5582 aeque
1837 5511 1946 5584 isto

303 5579 504 5655 modo,
552 5579 945 5655 etsimiliter,
1005 5579 1144 5642 citra
1202 5582 1663 5655 immutationem
1696 5579 1948 5655 'ergain

302 5653 507 5736 faciem
532 5652 1093 5736 sibimaled‘rcntes,
1155 5664 1211 5713 et
1257 5654 1709 5736 calumniantes,
1748 5652 1816 5713 et
1858 5652 1946 5736 in-

294 5723 513 5798 juriam
568 5723 894 5793 inferentes,
969 5733 1023 5785 et
1096 5735 1478 5800 conspuentes
1554 5723 1790 5785 edictus
1843 5732 1946 5783 est.

2015 4729 2240 4786 semper
2293 4731 2417 4789 esse
2491 4716 2958 4789 desiderantium,
3037 4716 3315 4789 nulloque
3368 4716 3554 4774 modo
3592 4716 3666 4775 ad

2020 4788 2269 4844 humana
2309 4787 2512 4858 pedem
2539 4788 2931 4846 referentium.

2102 4879 2124 4909 ι
2160 4856 2354 4930 ΑΑΙίυὶὶ
2409 4870 2518 4921 est.
2569 4860 2836 4930 resistere
2899 4866 2954 4916 et
3036 4871 3368 4930 oppugnare
3428 4856 3669 4916 hostes:

2022 4928 2180 5001 aliud
2208 4944 2305 4986 eos
2337 4930 2577 5000 perfecte
2634 4929 2921 4989 debellare
2974 4937 3031 4987 et
3076 4928 3367 5001 subigere
3412 4939 3470 4986 et
3524 4930 3672 4987 occi-

2023 4999 2177 5057 dere.
2208 4999 2464 5058 Alterum
2496 5003 2648 5059 enim
2687 5002 3055 5070 athletarum,
3103 5008 3184 5072 et,
3209 4999 3477 5072 religiosa
3507 5014 3675 5072 exer-

2024 5073 2779 5144 citationegenerosorum:
2839 5072 3081 5129 alterum
3139 5071 3211 5129 ab
3266 5071 3557 5129 illaudatis
3586 5072 3677 5130 al-

2026 5142 2265 5201 fectibus
2295 5142 2631 5209 liberorum,
2664 5144 3159 5217 perfectorumque
3187 5147 3289 5200 est.

2107 5245 2128 5276 ι
2164 5223 2291 5281 Haec
2338 5224 2531 5282 omnia
2562 5225 2622 5282 in
2666 5215 2890 5282 lumine
2947 5215 3197 5278 ἀπαθείας
3252 5221 3676 5281 ambulantium

2030 5304 2353 5353 sanctorum
2385 5298 2638 5354 actiones
2666 5304 2819 5354 sunt.
2869 5294 2977 5362 Qui
3006 5302 3196 5352 autem
3225 5308 3288 5351 se
3315 5296 3386 5352 ab
3416 5294 3508 5352 his
3536 5294 3678 5352 alie-

2028 5380 2135 5425 nos
2166 5380 2291 5424 esse
2344 5367 2890 5433 animadverterunt,
2948 5380 3023 5423 ne
3077 5364 3423 5424 seducentur
3471 5366 3543 5424 ab
3571 5365 3680 5422 ali-

2028 5452 2159 5509 quo,
2194 5452 2267 5496 ne
2302 5439 2410 5510 ipsi
2441 5453 2575 5496 suas
2625 5441 2848 5496 animas
2897 5435 3206 5509 decipiant,
3264 5436 3365 5496 sed
3394 5452 3457 5495 se
3484 5438 3680 5496 incas-

2028 5524 2156 5568 sum
2193 5511 2249 5567 in
2279 5509 2531 5568 tenebris
2562 5510 2858 5568 ambulare
2881 5509 3085 5567 sciant.

2110 5602 2132 5633 α
2164 5580 2318 5640 Multi
2351 5596 2510 5649 sane,
2543 5583 2690 5640 alius
2720 5582 2793 5639 ob
2826 5581 3001 5650 aliud,
3061 5587 3119 5638 et
3167 5578 3313 5639 alter
3343 5594 3577 5640 rursum
3605 5581 3680 5640 ob

2031 5652 2188 5712 aliud
2217 5653 2311 5726 _ad
2339 5654 2460 5711 haec
2489 5652 2719 5726 adducti
2751 5662 2887 5711 sunt
2918 5673 2930 5707 :
2991 5650 3299 5726 admodum
3344 5653 3514 5726 pauci
3529 5668 3678 5726 _vero

2032 5738 2164 5783 cum
2214 5723 2440 5784 interno
2468 5725 2674 5785 timore
2702 5732 2759 5784 et
2784 5739 2983 5786 amore
3040 5723 3139 5784 Dei
3166 5723 3241 5784 ad
3267 5723 3586 5799 ea'agenda
3615 5739 3676 5784 se
