4054 6114
287 218 400 286 633

1574 223 1955 290 CAPITULA
1999 221 2378 288 PRACTICA

3557 217 3676 288 634

361 343 430 421 ξ’.
464 353 656 414 Πολλοὶ
708 356 806 432 μὲν
860 356 1277 435 ἀναγινώσχολσι
1337 361 1430 426 τὰς
1475 362 1613 425 θείας
1669 360 1876 440 Γραφάς
1915 373 1928 388 ’

2099 356 2198 420 60.
2232 353 2584 434 Complures
2629 353 2865 418 divinas
2904 355 3244 438 Scriptores
3293 353 3524 436 legunt,
3569 353 3675 416 alii

287 447 334 500 οἱ
389 443 444 500 δὲ
487 446 576 503 καὶ
624 444 1116 523 ἀναγινωσκομένας
1181 448 1455 507 ἀκούουσιν
1489 466 1503 481 ·
1566 449 1735 530 ὀλίγοι
1791 447 1845 505 δὲ
1889 452 1935 506 οἱ

284 539 390 591 τῶν
448 533 956 612 ἀναγινωσκομένων
1017 537 1116 604 τὴν
1175 534 1389 614 δύναμιν
1449 535 1560 596 mi.‘
1593 539 1691 606 τὴν
1734 537 1934 594 ἔννοιαν

285 623 448 703 ὀρθῶς
479 619 665 682 εἰδέναι
699 621 971 700 δυνάμενοι
1005 629 1021 656 ‘
1084 627 1137 684 οἳ
1200 629 1328 684 ποτὲ
1387 629 1485 706 μὲν
1530 628 1754 687 ἀδύνατα
1796 629 1936 684 εἶναι

285 713 350 769 τὰ
408 713 510 768 ὑπὸ
571 716 672 769 τῶν
730 713 879 769 θείων
941 721 1162 795 Γραφῶν
1227 717 1607 798 ἀποφαίνονται
1636 735 1648 748 '
1711 717 1840 774 ποτὲ
1882 715 1936 772 δὲ

283 801 370 857 καὶ
418 797 613 858 ἄπιστα
661 801 934 866 παντελῶς
991 805 1244 881 ἡγοῦνται
1283 821 1296 834 ⁸
1440 809 1528 863 καὶ
1583 806 1934 885 ἀλληγοροῦσι

279 897 443 948 ταῦτα
469 894 648 954 κακῶς
685 909 698 922 °
732 891 912 946 καὶτὰ
962 892 1060 968 μὲν
1111 895 1248 950 κατὰ
1297 896 1387 952 τὸν
1433 895 1691 953 ἐνεστῶτα
1743 895 1934 977 χρόνον

277 977 564 1064 λεγόμενα,
629 979 703 1041 ὡς
763 981 893 1058 πρὸς
954 979 1215 1056 μέλλοντα
1279 982 1496 1051 ἐκϐῆναι
1552 986 1805 1064 κρίνουσι³
1868 985 1932 1042 τὰ

271 1063 326 1122 δὲ
357 1068 499 1154 περὶῗ
531 1073 638 1124 τῶν
693 1067 999 1142 μελλόντων
1045 1072 1320 1150 εἰρημένα,
1380 1076 1452 1138 ὡς
1645 1063 1926 1154 γεγονότα,

269 1157 357 1211 καὶ
387 1153 504 1211 καθ’
536 1156 768 1224 ἑκάστην
811 1159 1064 1236 γινόμενα
1109 1159 1528 1238 ἐκλαμϐάνονται
1569 1183 1583 1198 ⁸
1641 1153 1731 1220 καὶ
1761 1163 1928 1226 οὕτως

275 1249 370 1304 οὔκ
398 1243 509 1302 ’ἐστι
539 1248 708 1326 χρίσις
763 1248 889 1328 ὀρθὴ
944 1248 998 1304 ἐν
1057 1252 1263 1319 αὐτοῖς,
1323 1250 1437 1309 οὐδὲ
1487 1250 1766 1332 διάγνωσις
1797 1251 1928 1319 ἀλη-

274 1335 371 1400 θὴς
404 1333 458 1390 ἐν
487 1335 642 1399 θείοις
673 1338 760 1392 καὶ
807 1336 1147 1416 ἀνθρωπίνοις
1178 1339 1504 1420 πράγμασιν.

363 1514 385 1542 α
435 1493 543 1560 Qui
596 1507 775 1564 prope
832 1496 1007 1551 maris
1088 1497 1245 1554 littus
1299 1506 1426 1565 stat,
1484 1500 1930 1559 immensitatem

283 1577 564 1634 aquarum
595 1565 780 1636 pelagi
818 1568 1116 1640 conspicit
1170 1569 1266 1624 ille
1323 1570 1554 1640 quidem
1601 1587 1792 1630 earum
1826 1588 1936 1629 au-

282 1629 395 1714 te'm
426 1629 755 1714 extremum
778 1637 903 1694 visu
929 1629 1042 1714 non
1078 1647 1260 1714 potest
1286 1629 1548 1714 dt'iinire,
1575 1643 1673 1714 sed
1711 1629 1930 1714 partem
1957 1629 1994 1677 Β

283 1706 556 1788 aliquam
587 1705 872 1788 duntaxat
918 1705 1112 1768 videt':
1176 1712 1259 1766 sic
1308 1713 1406 1788 qni
1436 1713 1498 1788 in_
1527 1705 1811 1772 inﬁnitum
1843 1717 1929 1772 di-

278 1776 428 1857 vina
503 1776 702 1857 gloriae
740 1779 1022 1857 __pelag_us
1085 1776 1538 1857 contemplanda
1623 1788 1926 1857 respicere,

281 1846 589 1918 ipsumque
617 1846 995 1922 intelligentia
1046 1852 1259 1918 videre,
1307 1846 1371 1910 ac
1426 1855 1668 1912 lustrare
1698 1846 1926 1921 meruit;

278 1932 396 2001 non
427 1933 601 2002 quam
634 1920 832 2002 latum:
853 1931 908 1978 et
939 1932 1160 1980 vastum
1194 1931 1277 2002 est
1308 1945 1320 1977 :
1385 1927 1484 1982 sed
1530 1941 1709 2002 quam
1736 1920 1926 2002 longe,

283 1991 494 2062 animae
518 1991 641 2061 ejus
669 1991 820 2048 oculi
851 2003 1218 2062 conspectum
1251 1995 1456 2061 ferunt,
1491 1991 1657 2054 videt.

359 2061 918 2135 gQuemadmodum
977 2061 1156 2135 prope
1209 2081 1366 2125 mare
1423 2072 1760 2133 consistens.
1813 2085 1931 2128 non

284 2130 475 2213 solum
505 2133 692 2202 ipsum
723 2130 1000 2213 aspicere;
1029 2130 1128 2192 sed
1184 2138 1354 2195 etiam
1403 2138 1460 2213 in
1490 2155 1666 2213 aquas
1693 2130 1816 2213 ejus
1843 2143 1935 2197 in-

282 2212 440 2285 trare
487 2213 764 2285 quantum
798 2205 1063 2285 li_buerit,_
1083 2215 1268 2285 potest
1301 2225 1314 2265 :
1377 2211 1460 2285 sic
1490 2205 1560 2267 in'
1588 2205 1802 2285 lumine
1831 2213 1932 2269 Dei

283 2275 912 2352 homines_s_pirituales
969 2275 1343 2348 qui'volunt,
1396 2281 1522 2352 ejus
1578 2284 1805 2340 videndi
1838 2298 1935 2340 co-

286 2345 722 2417 gnoscendique
752 2345 1106 2419 comam—pro
1164 2352 1333 2409 modo
1390 2345 1654 2410 desiderii
1686 2354 1775 2412 sui
1805 2370 1937 2412 con-

283 2425 630 2487 sequuntur.

356 2508 382 2539 α
421 2487 718 2554 Quomodo
747 2489 810 2564 in
842 2490 1047 2564 littore
1079 2493 1252 2550 maris
1283 2501 1460 2559 stans,
1495 2496 1744 2564 quandiu
1773 2506 1932 2556 extra

284 2573 494 2642 aquam
520 2567 676 2642 εδει.
704 2559 860 2642 _videt
898 2563 1106 2642 omnia,
1172 2559 1732 2642 profunditatemque
1751 2570 1936 2641 pelagi

284 2629 717 2708 intelligitrUbi
749 2641 937 2708 autem
964 2635 1021 2692 in
1071 2629 1223 2704 ipsas
1279 2636 1458 2708 undas
1486 2629 1768 2708 ringredi,’
1793 2649 1846 2698 et
1878 2629 1936 2697 Tn

283 2701 358 2756 iis
418 2702 598 2783 mergi
661 2706 914 2773 coeperit,
973 2701 1110 2774 quo
1167 2705 1413 2783 amplius
1469 2701 1783 2783 descendit,
1830 2711 1940 2768 hoc

287 2773 481 2847 magis
496 2773 575 2847 ab
605 2784 836 2847 aspectu
869 2773 1067 2847 eorum
1099 2791 1228 2847 quae
1259 2773 1394 2834 foris
1423 2787 1557 2836 sunt
1606 2773 1800 2837 abest:
1864 2785 1939 2840 ita

289 2843 393 2914 qui
452 2843 630 2924 divini
674 2843 916 2924 luminis
974 2843 1294 2924 fa_ct_i'_sunt
1353 2851 1696 2924 participes;
1758 2867 1940 2922 quan-

284 2924 409 2971 tum
472 2918 548 2996 in.
587 2918 941 2996 cognitione
976 2919 1287 2996 divinitatis
1325 2918 1670 2996 proﬁciunt,
1721 2918 1939 2981 tantum

285 2989 664 3060 proportione
688 2996 895 3060 caetera
928 2989 1197 3059 ignorare
1227 2989 1524 3060 incipiunt.

2021 463 2121 507 eas
2149 444 2266 524 legi
2289 462 2356 507 ac
2386 445 2626 507 recitari
2648 443 2933 508 audiunt:
2963 445 3135 524 pauci
3163 451 3367 506 autem
3403 443 3674 524 sunt,qui

2019 533 2141 594 vim
2169 542 2227 594 et
2259 533 2590 609 notionem,
2643 552 2748 595 seu
2801 533 3257 613 intelligentiam
3288 533 3672 594 recitatorum

2023 621 2210 704 probe
2241 631 2658 702 assequentur.
2691 622 2808 686 Alii
2841 623 3082 704 quidem
3102 622 3175 683 de
3201 621 3319 684 illis
3343 621 3528 684 multa
3545 621 3674 684 fieri

2020 731 2139 773 non
2160 730 2334 792 posse
2359 711 2766 791 pronuntiant,
2792 731 2922 791 quae
2943 711 3063 772 illis
3092 710 3300 772 litteris
3333 709 3672 786 traduntur,

2019 800 2122 862 alii
2143 820 2247 882 pro
2271 801 2918 882 planeincredibilibus
2937 801 3162 864 ducunt
3178 807 3298 880 aut,
3317 818 3386 860 ea
3409 799 3674 878 allegorii

2019 895 2461 970 pervertunt.Et
2478 909 2608 971 qua:
2633 890 2788 952 dicta
2815 897 2952 951 sunt
2973 890 3047 952 de
3075 889 3353 970 praesenti
3378 897 3667 969 tempore,

2016 979 2076 1040 in
2105 979 2306 1040 futuro
2333 989 2616 1040 eventura
2641 979 2976 1060 accipiunt:
3003 979 3079 1041 de
3108 978 3321 1040 iuluris
3363 995 3540 1058 porro
3572 977 3670 1040 di-

2015 1074 2128 1142 cla,
2167 1067 2253 1128 sic
2285 1067 2779 1150 interpretantur,
2814 1066 2981 1148 quasi
3013 1087 3080 1129 ea
3104 1068 3228 1147 jatn
3267 1068 3420 1128 facta
3442 1066 3582 1137 sint,
3616 1073 3673 1128 et

2013 1155 2280 1236 quotidie
2314 1157 2478 1218 ﬁant.
2506 1156 2590 1218 Ita
2613 1164 2818 1218 carent
2841 1175 3002 1227 vero,
3039 1155 3666 1236 sinceroquejudicio;

2014 1263 2122 1306 nec
2151 1244 2312 1306 inter
2348 1246 2578 1307 divinas
2626 1247 3036 1327 humanasque
3087 1264 3184 1306 res
3231 1247 3666 1318 internoscere,

2012 1353 2080 1402 ac
2107 1333 2476 1417 distinguere
2505 1336 2810 1418 sapienter
2841 1345 3095 1418 possunt
3118 1338 3226 1416 ('7).

2017 1497 2277 1555 mittitur.
2313 1497 2384 1554 Et
2415 1498 2522 1554 hoc
2552 1505 2655 1562 est,
2689 1495 2840 1568 quod
2892 1496 3120 1562 dicitur,
3171 1496 3317 1554 Deus
3348 1495 3446 1554 lux
3479 1503 3583 1564 est,
3617 1505 3672 1555 et

2018 1567 2112 1624 lux
2141 1583 2407 1639 suprema
2443 1586 2459 1622 :
2491 1578 2543 1624 et
2573 1569 2662 1624 his
2695 1566 2792 1638 qui
2825 1566 2996 1639 hujus
3027 1577 3318 1639 compotes
3350 1569 3476 1626 facti
3512 1578 3665 1633 sunt,

2019 1640 2090 1697 ab
2122 1641 2279 1696 omni
2313 1641 2533 1696 visione
2562 1641 2728 1710 quies
2759 1647 2814 1694 et
2844 1640 3108 1695 cessatio.

2092 1731 2113 1760 ι
2173 1712 2316 1768 Τυω
2366 1725 2550 1777 mens,
2584 1709 2881 1766 continuo
2940 1718 3094 1767 motu
3136 1709 3273 1766 cieri
3343 1709 3535 1778 solita,
3595 1710 3670 1768 sit

2011 1781 2346 1847 immobilis,
2409 1790 2462 1838 et
2518 1782 2674 1853 omni
2733 1782 3066 1853 cogitationi
3121 1795 3353 1852 pausam
3386 1781 3502 1846 dat,
3537 1795 3668 1838 cum

2011 1853 2287 1909 nimirum
2319 1861 2449 1924 tota
2486 1852 2760 1924 ardivina
2817 1852 3090 1924 caligine,
3146 1853 3479 1923 luminequo
3528 1867 3671 1908 con-

2013 1932 2157 1980 tecta
2193 1925 2379 1981 fuerit.
2413 1922 2794 1979 Nihilominus
2841 1922 3072 1994 spei-iet,
3133 1923 3323 1986 sentit,
3375 1922 3429 1979 et
3463 1925 3670 1981 fruitur

2013 1994 2204 2060 bonis,
2239 1996 2296 2051 in
2321 1996 2531 2063 quibus
2561 2005 2838 2051 versatur.
2892 1994 3008 2051 Nec
3065 1997 3220 2050 enim
3276 2002 3338 2050 ut
3367 1995 3668 2063 profundi-

2011 2073 2097 2122 tas
2126 2066 2412 2124 undarum
2443 2067 2642 2128 maris,
2694 2067 2791 2136 sic,
2831 2075 2886 2122 et
2941 2065 3301 2136 profunditas
3332 2067 3513 2121 sancti
3545 2065 3666 2134 Spi-

2012 2136 2202 2209 ritus:
2239 2138 2341 2196 sed
2398 2147 2485 2194 est
2541 2152 2698 2209 aqua
2747 2135 2868 2192 viva
2928 2135 3345 2209 vitaa_zet_ernze
3377 2136 3664 2202 (Joan.iv,

2017 2206 2125 2275 10).
2159 2208 2356 2265 Omnia
2391 2223 2562 2278 porro
2594 2205 2738 2262 ‘illic
2796 2222 2902 2263 nec
2959 2205 3219 2278 intelligi,
3267 2220 3373 2263 nec
3403 2222 3666 2278 compre-

2017 2278 2208 2345 hendi,
2241 2293 2349 2335 nec
2379 2279 2653 2350 explicari
2686 2287 2921 2350 queunt,
2957 2279 3013 2334 in
3045 2279 3255 2350 quibus
3279 2291 3439 2333 mens
3471 2278 3662 2336 omnia

2016 2351 2406 2419 espectabilia,
2443 2349 2496 2407 et
2525 2351 2632 2406 sub
2681 2349 3034 2406 intellectum
3065 2349 3324 2406 cadentia
3356 2352 3659 2414 transiens,

2002 2423 2294 2488 moratur,
2327 2421 2466 2479 etin
2500 2421 2637 2478 solis
2696 2421 2811 2478 illis
2867 2420 3237 2478 immobiliter
3293 2430 3552 2479 movetur
3597 2434 3666 2478 ac

2020 2494 2276 2563 vertitur,
2311 2497 2507 2549 vivens
2566 2494 2622 2550 in
2684 2495 2791 2550 vita
2856 2507 3022 2562 supra
3082 2495 3275 2557 vitam,
3322 2493 3438 2563 ipsa
3473 2493 3665 2552 lumen

2022 2563 2080 2634 in
2115 2562 2353 2632 lumine,
2388 2564 2579 2620 lumen
2613 2578 2726 2621 non
2759 2577 2861 2634 per
2891 2580 2951 2620 se
2985 2584 2996 2616 :
3047 2577 3162 2620 non
3195 2562 3352 2620 enim
3382 2574 3516 2620 tunc
3575 2579 3666 2620 se-

2023 2633 2222 2703 ipsam,
2257 2636 2355 2692 sed
2387 2637 2476 2704 qui
2509 2650 2682 2705 super
2711 2633 2892 2705 ipsam
2951 2643 3034 2692 est
3091 2635 3261 2700 videt,
3319 2643 3375 2692 et
3439 2649 3509 2690 ex
3568 2635 3665 2692 illa

2023 2705 2204 2778 gloria
2237 2707 2678 2778 cogitationibus
2740 2707 3069 2770 immutatis,
3131 2707 3374 2775 seipsam
3423 2715 3662 2776 ignorat.

2032 2797 2054 2825 α
2089 2776 2360 2842 Mortuus,
2422 2791 2531 2834 nec
2587 2787 2847 2834 mortuus
2901 2786 3008 2846 est,
3061 2779 3161 2847 qui
3217 2791 3346 2832 cum
3402 2781 3474 2833 ad
3504 2791 3667 2834 men-

2024 2861 2216 2904 suram
2247 2849 2612 2920 perfectionis
2643 2849 2960 2920 pertigerit,
3016 2848 3153 2906 vivit
3207 2849 3264 2920 in
3298 2847 3429 2912 Deo,
3461 2848 3515 2902 in
3548 2863 3663 2920 quo

2022 2917 2316 2990 est,quasi
2368 2922 2422 2976 in
2479 2917 2942 2990 semetipso'non
3001 2922 3186 2990 vivat.
3227 2917 3439 2984 Caecus,
3498 2917 3661 2989 quasi

2022 2989 2248 3060 natura,
2281 3006 2409 3048 cum
2443 2992 2599 3048 omni
2657 2989 2889 3062 aspectu
2945 2989 3191 3048 naturali
3251 2990 3432 3046 factus
3476 2992 3548 3062 sit
3577 3005 3665 3047 su.

368 3076 390 3106 ι
453 3056 1094 3136 Ωυεωδᾴωοςίυω’ᾳυὶ
1152 3061 1208 3117 in
1269 3056 1412 3132 aqua
1448 3064 1646 3136 _maris
1702 3071 1788 3121 est
1845 3081 1913 3136 ge
1957 3056 2256 3136 Cperior':
2308 3073 2502 3132 utpote
2543 3064 2640 3135 qui
2691 3056 2868 3119 novos
2927 3063 3146 3136 oculos,
3203 3069 3259 3118 et
3313 3061 3667 3136 naturalibus

283 3141 490 3210 nuum,
524 3138 622 3185 aut
663 3128 1028 3210 lumborum
1065 3141 1254 3210 tenus,
1306 3128 1496 3210 omnia
1548 3143 1730 3210 extra‘
1763 3128 1938 3207 aquas

281 3200 594 3275 perspicue
624 3200 792 3275 videt.
851 3200 907 3257 Si
939 3211 1148 3275 _autem
1203 3204 1262 3260 in
1322 3207 1668 3275 profundum
1700 3200 1938 3264 descen-

281 3269 405 3334 dat,
438 3278 494 3327 et
521 3278 674 3327 totus
704 3272 812 3328 sub
841 3272 1133 3349 unda__sit,
1189 3269 1339 3332 nihil
1378 3277 1496 3347 jam
1554 3292 1751 3335 eorum
1809 3292 1936 3349 qua

280 3349 448 3423 extra
481 3355 706 3423 aquam
737 3352 885 3400 sunt.
949 3345 1140 3401 videre
1203 3345 1425 3415 potest:
1485 3350 1704 3423 ethoc
1749 3345 1932 3423 solum

278 3420 464 3493 novit,
517 3430 578 3468 se
633 3420 1115 3493 totu_m__quantus
1165 3429 1412 3493 quantus
1444 3421 1615 3493 estin
1649 3420 1932 3489 profundo

279 3485 464 3562 maris
497 3498 621 3562 esse
655 3500 670 3539 :
724 3485 807 3540 sic
834 3485 906 3544 iis
929 3485 1262 3562 contingere
1294 3490 1456 3556 solet,
1499 3490 1594 3562 qui
1623 3485 1931 3561 progressu

278 3555 575 3636 spirituaii
606 3568 894 3636 crescunt,
945 3568 1114 3636 atque
1136 3555 1240 3615 _ad
1298 3555 1701 3631 perfectionem
1733 3555 1930 3634 cogni-

279 3631 462 3682 tionis
493 3633 548 3682 et
579 3631 809 3683 visionis
837 3631 1172 3686 ascendunt.

362 3696 836 3778 «Quandohqui
894 3701 958 3778 io
1011 3700 1299 3778 spirituali
1357 3702 1700 3773 perfectione
1729 3719 1930 3773 proce.

278 3767 450 3831 dunt,
485 3767 866 3836 particulatim
901 3767 1321 3834 illuminantur,
1358 3767 1496 3829 'sive
1529 3767 1777 3831 mentem
1811 3786 1922 3832 tan-

276 3839 581 3914 tummodo
641 3839 1026 3914 illustrantur.
1085 3851 1222 3900 tunc
1279 3844 1518 3914 gloriam
1583 3845 1696 3910 Dei,
1755 3855 1817 3902 ut
1872 3849 1928 3902 in

275 3909 518 3986 speculo
549 3924 650 3980 per
682 3913 777 3986 inti
803 3911 1116 3983 lligentiam
1153 3909 1467 3986 intuentur.
1491 3918 1932 3986 cognitioneque

273 3982 463 4052 magis
495 3996 562 4037 ac
589 3981 789 4062 magis,
822 3981 1334 4062 etimysteriorum
1393 3981 1738 4062 revelatione
1775 4004 1813 4062 a_
1837 3981 1931 4044 su-

273 4066 458 4123 perna
519 4057 699 4122 gratia
755 4059 993 4128 mystice
1043 4057 1399 4118 imbuuntur,
1460 4074 1488 4114 a
1547 4058 1930 4128 Speculatione

275 4137 482 4181 eorum
539 4138 666 4200 quae
717 4134 868 4189 sunt,
927 4126 998 4182 ad
1054 4129 1433 4200 cognitionem
1492 4126 1668 4198 illius,
1713 4132 1809 4200 qni
1843 4140 1928 4188 est

275 4209 456 4267 super
487 4196 682 4267 omnia
708 4210 835 4267 quae
866 4207 1014 4257 sunt,
1052 4199 1257 4256 sublati
1291 4199 1564 4256 videlicet.

363 4287 386 4316 ι
420 4265 528 4333 Qui
562 4265 891 4341 perfectioni
923 4271 1404 4341 appropinquant,
1438 4280 1492 4327 et
1539 4270 1726 4327 adhuc
1778 4269 1924 4328 velut

2020 3131 2237 3202 absque
2293 3131 2712 3204 comparatione
2797 3135 3218 3203 praestantiores
3278 3133 3560 3202 acceperit
3613 3141 3668 3190 et

2019 3217 2192 3274 supra
2224 3214 2442 3261 naturae
2473 3205 2583 3260 vim
2617 3213 2829 3260 cernat.
2860 3204 3058 3274 Operis
3087 3217 3342 3273 exspers,
3375 3211 3431 3260 et
3459 3204 3667 3260 immo-

2019 3272 2173 3341 bilis,
2207 3277 2391 3346 utqui
2449 3290 2675 3333 omnem
2730 3272 3080 3331 iunctionem
3133 3272 3295 3330 suam
3327 3274 3665 3343 expleverit,

2017 3352 2073 3400 et
2103 3345 2430 3403 absolverit.
2489 3348 2622 3404 Sine
2679 3347 3040 3416 cogitatione,
3085 3354 3146 3402 ut
3205 3348 3476 3402 unionem
3507 3346 3666 3403 omni

2017 3416 2362 3487 cogitatione
2413 3419 2769 3487 superiorem
2831 3417 3087 3487 adeptus,
3165 3424 3219 3472 et
3272 3421 3661 3486 requiescens,

2016 3487 2113 3558 ubi
2145 3485 2301 3544 nulla
2333 3497 2418 3545 est
2471 3485 2674 3547 mentis
2726 3487 2894 3557 actio,
2944 3485 3070 3544 ‘sive
3125 3487 3274 3543 ullus
3304 3485 3375 3543 ad
3403 3490 3664 3558 cogitan-

2016 3557 2170 3622 dum,
2223 3567 2320 3616 aut
2377 3559 2858 3623 ratiocinandum,
2916 3567 3014 3615 aut
3069 3557 3508 3626 concipiendum
3542 3574 3666 3616 mo-

2015 3635 2125 3684 tus.
2189 3629 2326 3697 Quae
2390 3633 2544 3687 enim
2603 3632 2893 3687 inteliectu
2948 3629 3320 3699 impossmilia
3387 3637 3540 3686 sunt.
3601 3645 3666 3687 ea

2017 3699 2362 3774 intelligere,
2421 3711 2520 3774 aut
2578 3715 2918 3774 pernoscere
2964 3715 3077 3774 non
3139 3708 3368 3774 potest:
3410 3709 3665 3774 etquo-

2013 3769 2319 3842 dammbdo
2350 3772 2408 3828 in
2442 3772 2551 3841 his,
2579 3769 2809 3842 "requie
2865 3771 2980 3835 illa,
3043 3769 3455 3828 immobilitatis
3487 3769 3662 3828 beatae

2014 3839 2474 3914 insensibilitatis
2522 3839 2849 3914 requiescit.
2924 3857 3110 3914 sensu
3166 3842 3450 3914 constacti
3500 3843 3663 3898 inex-

2014 3912 2372 4038 pgpabilium
2404 3912 2688 3972 bonorum
2749 3912 2986 3980 deliciis,
3038 3914 3218 3984 posita
3248 3912 3574 3969 curiositate
3605 3927 3666 3970 se

2014 3998 2046 4038 ο
2094 3992 2330 4038 iectans.

2014 3992 2330 4040 obiectans.

2085 3998 2354 4122 {ealgingil
2387 4055 2541 4110 hunc
2571 4055 2802 4113 modum
2865 4052 3228 4124 perfectionis
3255 4052 3572 4122 pervenire.
3603 4061 3659 4109 et

2011 4124 2342 4195 huiusmodi
2400 4125 2547 4182 bona
2607 4129 2866 4184 obtinere
2943 4139 3055 4180 non
3118 4125 3346 4190 meruit,
3407 4124 3659 4193 seipsum

2011 4198 2195 4252 solum
2229 4197 2595 4266 condemnet,
2653 4207 2706 4255 et
2765 4212 2837 4254 ne
2901 4199 3328 4252 excusationem
3363 4203 3661 4263 praetexat,

2009 4283 2133 4322 esse.
2191 4283 2310 4323 rem
2369 4270 2828 4338 impossibil:m:
2881 4277 2976 4325 aut
3036 4268 3370 4336 contingere
3425 4267 3660 4336 quidem

281 4351 356 4394 ex
388 4347 547 4406 parte
579 4337 788 4402 vident,
849 4337 1309 4409 irnperitiamfet
1337 4342 1926 4409 comprehensibilita-
1949 4345 1991 4393 D
2014 4337 2569 4406 perfectionem,’sei
2605 4343 2706 4406 ira,
2742 4349 2802 4398 ut
2853 4353 2967 4396 non
3025 4352 3362 4406 cognosms,
3395 4337 3494 4392 sed
3519 4351 3550 4392 e
3581 4338 3660 4394 di-

279 4416 402 4466 tem
480 4422 679 4483 eorum
738 4423 890 4483 quae
962 4411 1157 4483 vident
1229 4412 1613 4481 intelligentes
1667 4415 1928 4483 obstupe-

280 4489 472 4554 scunt.
504 4479 627 4547 Quo
656 4482 808 4554 enim
842 4481 967 4550 plus
1017 4483 1070 4536 in
1123 4482 1312 4538 iumen
1347 4479 1553 4554 divina:
1584 4479 1927 4554 cognitionis

282 4553 524 4626 intrant,
557 4566 624 4607 eo
657 4549 1030 4626 ignorantiam
1061 4568 1220 4610 suam
1261 4553 1506 4624 amplius
1541 4549 1918 4626 cognoscunt.

281 4621 527 4697 Quando
557 4631 744 4697 autem
778 4623 830 4678 id
859 4624 1012 4694 quod
1045 4621 1421 4694 intelligentia
1461 4621 1639 4694 capit,
1664 4627 1928 4697 quodque

279 4694 589 4768 obscurius
641 4695 780 4761 ipsis
835 4705 1088 4768 apparet,
1145 4707 1198 4753 et
1248 4706 1517 4768 tanquam
1577 4699 1634 4753 in
1683 4694 1930 4768 speculo

278 4765 605 4837 ostenditur
634 4773 688 4820 et
717 4778 787 4837 ex
818 4776 978 4833 parte
1026 4766 1333 4835 illuminat,
1366 4765 1739 4837 expressius,
1770 4778 1826 4826 et
1855 4770 1933 4826 in-

279 4835 613 4919 dulgentius
645 4835 820 4892 videri
852 4837 1110 4919 soluerit,
1144 4848 1198 4895 et
1229 4835 1572 4919 illuminatio
1603 4855 1726 4918 .per
1773 4855 1929 4896 com-

282 4909 737 4980 municationem
783 4909 958 4974 uniri,
1020 4917 1313 4978 totumque
1363 4911 1419 4965 in
1480 4925 1542 4966 se
1600 4909 1722 4980 ipso
1775 4926 1932 4968 com-

286 4977 480 5050 plecti,
513 4987 567 5033 et
597 4979 689 5050 ille
722 4981 840 5046 ipse
890 4994 944 5035 in
1005 4977 1288 5049 profundo
1345 4980 1600 5050 spiritus,
1622 4977 1695 5036 'ut
1727 4983 1780 5038 in
1814 4998 1929 5037 nte-

288 5049 385 5123 d_io
416 5049 622 5120 abysso
669 5048 1018 5123 fulgentium
1065 5066 1344 5123 aquarum
1380 5048 1814 5110 immensarum
1844 5054 1934 5110 in-

287 5121 506 5183 clusus,
573 5128 628 5176 et
682 5121 1027 5190 interceptus
1086 5121 1272 5186 fuerit,
1339 5133 1456 5179 tum
1515 5129 1570 5179 in
1631 5127 1934 5192 perfectam

289 5192 696 5264 ignorantiam,
731 5199 922 5258 utpote
952 5192 1047 5263 qui
1079 5209 1308 5252 omnem
1363 5195 1748 5264 cognitionem
1778 5206 1932 5253 tran-

285 5263 595 5336 scenderit,
629 5264 797 5336 modo
828 5264 1101 5321 ineffabili
1131 5265 1390 5336 emergit.

366 5356 388 5385 ι
423 5335 578 5392 lens
607 5335 870 5406 simplex,
923 5336 1010 5392 vel
1072 5339 1260 5406 potius
1303 5335 1468 5392 omni
1517 5338 1768 5392 motione
1823 5352 1932 5393 nu-

286 5405 437 5470 data,
491 5415 545 5462 et
592 5406 650 5463 in
707 5405 1085 5476 simplicitate
1124 5409 1378 5463 divinum
1435 5409 1626 5463 lumen
1685 5417 1794 5464 tota
1849 5412 1928 5463 in-

287 5491 503 5548 gressa,
567 5486 622 5534 et
679 5479 748 5533 ab
827 5478 947 5548 ipso
1019 5491 1304 5548 cooperta.
1371 5493 1481 5535 non
1555 5479 1721 5535 habet
1777 5478 1930 5535 aliud

288 5548 584 5620 quidpiam
614 5549 893 5614 invenite,
927 5553 982 5604 in
1043 5565 1156 5620 quo
1212 5552 1301 5614 sit,
1363 5559 1423 5605 ut
1482 5550 1650 5605 etiam
1683 5550 1750 5605 ad
1778 5550 1932 5606 illius

288 5619 724 5691 intelligentiam
759 5619 1094 5684 moveatur’;
1146 5621 1244 5677 sed
1297 5623 1352 5676 in
1387 5621 1667 5691 profundo
1703 5623 1932 5679 luminis

292 5690 472 5756 divini
516 5705 774 5771 manens,
829 5692 979 5750 foras
1034 5691 1318 5764 respicere
1375 5690 1611 5751 Omnino
1657 5707 1772 5752 non
1803 5708 1934 5766 per-

2011 4410 2157 4480 vinis
2186 4409 2493 4480 Scripturis
2523 4414 2846 4467 certissime
2900 4412 3072 4470 norit.
3133 4424 3250 4464 rem
3303 4421 3428 4464 esse
3480 4409 3664 4477 possi-

2011 4479 2182 4536 bilem
2214 4496 2280 4538 ac
2311 4479 2521 4545 Veram,
2555 4493 2609 4538 et
2641 4497 2810 4550 opere
2847 4485 2968 4550 ipso
3001 4481 3144 4544 iis-ri,
3181 4491 3239 4536 et
3296 4481 3370 4536 ita
3403 4481 3657 4551 quidem,

2009 4559 2070 4610 ut
2101 4561 2483 4622 cognoscatur
2515 4554 2657 4609 ﬁeri.
2692 4552 3017 4610 Omissione
3072 4561 3284 4613 autem,
3344 4563 3400 4608 et
3461 4555 3662 4608 inertia

2013 4621 2068 4677 in
2107 4621 2387 4680 mandatis
2422 4625 2725 4690 obeundis,
2759 4625 3158 4695 unusquisque
3215 4628 3418 4680 horum
3451 4638 3513 4678 se
3542 4623 3663 4692 ipse

2014 4695 2384 4767 proportione
2415 4696 2584 4752 bonis
2617 4699 2737 4753 istis
2771 4698 2970 4767 privat.

2086 4767 2162 4834 (7)
2195 4765 2482 4822 Pontanus
2512 4767 2664 4822 addit
2696 4791 2708 4824 :
2751 4764 2784 4818 ι’
2827 4769 2976 4823 Deus
3018 4767 3088 4821 ab
3121 4765 3284 4821 initio
3319 4764 3462 4819 duos
3497 4777 3664 4820 mun-

2015 4835 2115 4892 dos
2146 4837 2457 4901 fabricavit,
2493 4839 2775 4895 visibilem
2807 4849 2858 4895 et
2894 4837 3238 4892 invisibilem
3276 4851 3289 4891 :
3350 4849 3530 4891 unum
3562 4849 3665 4890 au-

2016 4916 2124 4963 tem
2164 4922 2358 4980 regem
2417 4924 2614 4966 eorum
2673 4925 2799 4980 quae
2858 4910 3152 4966 oculorum
3205 4921 3376 4962 sensu
3408 4905 3664 4974 percipe-

2017 4988 2214 5034 rentur
2246 4998 2259 5056 ;
2295 4979 2657 5056 duorumque
2693 4979 3062 5037 ’mundorum
3121 4982 3531 5056 characterem,
3563 4991 3663 5031 seu

2017 5059 2209 5106 notam
2245 5051 2301 5106 in
2333 5065 2392 5106 se
2449 5047 2580 5120 ipso
2631 5053 2924 5117 ferentom,
2981 5047 3334 5119 aspectabilis
3363 5047 3660 5112 nimirum,

2018 5131 2072 5177 et
2100 5122 2170 5176 ad
2219 5121 2654 5192 intelligentiam
2709 5123 3066 5192 pertinentis.
3128 5120 3224 5192 His
3262 5127 3664 5192 congruenter

2017 5207 2246 5264 quoque
2277 5197 2392 5250 duo
2414 5189 2574 5250 soles
2607 5189 2820 5261 lucint,
2851 5208 3000 5251 unus
3059 5189 3371 5264 sensibilis,
3403 5189 3545 5264 alter
3576 5191 3668 5245 in-

2019 5262 2335 5336 telligibilis
2365 5284 2378 5317 :
2413 5267 2680 5336 quodque
2711 5277 2799 5322 est
2839 5268 2894 5320 in
2945 5262 3289 5325 visib‘libus,
3322 5271 3375 5316 cl
3404 5262 3510 5336 sub
3542 5276 3666 5336 sen-

2018 5332 2530 5400 sum‘cadcntib'us,
2563 5332 2672 5402 s'oi,
2710 5339 2816 5393 hoc
2848 5338 2904 5391 in
2939 5337 3009 5390 iis
3060 5347 3186 5404 quae
3243 5342 3462 5389 tantum
3497 5332 3664 5387 intel-

2017 5406 2292 5478 liguntur,
2329 5408 2498 5463 Deus.
2532 5409 2772 5465 Justit‘zn
2801 5409 2952 5464 enim
3011 5405 3106 5478 Sol
3167 5413 3267 5466 est,
3301 5419 3365 5458 ac
3397 5406 3662 5478 nomina-

2015 5474 2107 5556 tu'r
2139 5479 2399 5556 (Malam.
2462 5491 2539 5541 tv,
2597 5479 2918 5556 2).__Habes
2976 5477 3050 5547 igi
3082 5491 3148 5556 or
3204 5474 3510 5556 secundum
3544 5475 3666 5556 haec

2015 5549 2164 5606 soles
2195 5551 2360 5616 duos)
2391 5563 2572 5606 unum
2605 5550 2927 5622 subjectum
2975 5548 3175 5622 Oculis,
3209 5548 3663 5622 alterurqmenti

2015 5629 2073 5678 et
2098 5622 2306 5699 rationi
2340 5641 2352 5687 ;
2387 5617 2884 5699 quemadmodum
2928 5622 3060 5699 item
3115 5619 3228 5675 duo
3276 5617 3475 5699 m_u_ndi
3507 5627 3659 5699 sunt,

2016 5699 2078 5752 ut
2100 5692 2368 5753 diximus.
2405 5689 2501 5752 'Et
2557 5693 2701 5752 alter
2751 5693 2983 5769 quidem
3035 5693 3262 5756 horum,
3322 5689 3380 5750 id
3425 5699 3530 5752 est.
3563 5689 3663 5761 qui
