4054 6114
423 227 544 295 635

407 454 494 515 lut
521 473 704 516 unum
725 453 946 516 intueri
975 453 1286 530 debemus,
1314 464 1372 517 et
1396 457 1736 520 existimare
1765 459 1825 520 in
1856 457 2054 519 omni—

401 542 516 604 bus
561 543 859 606 Christum
915 561 1048 606 esse
1084 563 1097 606 :
1135 562 1388 626 eamque
1426 564 1566 625 ergo
1613 547 1810 627 ipsum
1844 565 2054 624 gerere

404 633 773 707 charitatem,
809 643 875 692 ut
905 651 1011 713 pro
1044 651 1113 694 eo
1149 633 1377 695 animas
1409 643 1644 697 nostras
1691 654 1913 716 ponere
1945 655 2052 717 pa-

403 720 516 783 rati
545 721 751 782 simus.
786 721 1019 783 Etenim
1069 723 1345 784 universe
1376 724 1674 786 neminem
1715 724 2052 806 improbum

405 809 606 871 dicere
637 818 736 870 aut
759 810 1034 890 judicare
1064 811 1378 886 debemus,
1411 814 1514 874 sed
1550 832 1758 875 omnes
1801 833 1904 894 pro
1941 813 2051 874 bo-

405 898 499 958 nis
529 898 768 972 ducere,
804 907 866 959 ut
892 898 1259 963 dicebamus.
1293 901 1543 963 Etiamsi
1592 902 1928 983 quempiam
1963 902 2055 963 vi-

407 987 574 1050 tiosis
605 986 859 1049 motibus
892 989 1341 1051 tumultuantem
1375 990 1614 1072 videris,
1642 1011 1758 1052 non
1784 991 2052 1066 fratrem,

407 1075 510 1136 sed
548 1094 756 1155 pravas
805 1077 1231 1138 concitationes
1280 1079 1502 1152 oderis,
1537 1099 1570 1141 a
1600 1080 1814 1160 quibus
1859 1099 2051 1160 oppu-

406 1165 752 1242 gnatur.Sin
785 1185 817 1226 a
842 1165 1283 1245 cupiditatibus,
1323 1177 1380 1229 et
1403 1169 1560 1230 curis
1581 1168 1916 1248 anticipatis
1944 1167 2054 1228 mi-

412 1272 544 1316 sere
576 1254 949 1334 exagitatum,
987 1256 1212 1335 majore
1257 1255 1422 1316 illum
1471 1257 1876 1320 misericordia
1908 1276 2051 1337 pro-

411 1361 684 1422 sequere,
721 1363 795 1405 ne
827 1353 885 1405 et
912 1353 972 1404 tu
1009 1344 1256 1406 tenteris
1284 1365 1299 1425 ;
1329 1353 1392 1404 ut
1425 1353 1561 1422 pote
1606 1354 1814 1407 natura
1858 1354 2052 1407 muta-

407 1429 514 1492 bili
543 1431 844 1512 praeditus,
879 1452 1173 1515 quamque
1221 1433 1471 1496 adversa
1531 1434 1836 1496 incursare
1885 1433 2058 1496 facile

412 1528 661 1600 possunt
694 1521 803 1601 (8).

492 1609 588 1670 6'2.
625 1608 683 1671 Si
716 1609 848 1690 quis
881 1618 941 1671 ut
970 1611 1274 1691 hypocrita
1339 1611 1600 1686 fucatus,
1648 1620 1747 1673 aut
1776 1611 1849 1673 ob
1906 1612 2056 1674 facta

1709 236 2014 301 SYMEON
2022 235 2092 299 IS
2129 235 2480 300 JUNIORIS

486 363 586 427 61.
619 365 740 428 Nos
772 365 873 446 qui
903 364 1110 428 fideles
1140 384 1366 443 sumus,
1389 367 1700 432 universos
1729 368 2049 431 ﬁdelesve-
2068 372 2114 425 A

3672 225 3784 296 636

2216 357 2319 434 ξα’.
2353 367 2560 432 Πάντας
2585 368 2705 432 τοὺς
2763 367 2980 432 πιστοὺς
3039 369 3111 432 ὡς
3161 368 3253 424 ἕνα
3307 367 3522 445 βλέπειν
3581 364 3782 446 ὄφειλον

2137 479 2233 532 μεν
2276 459 2322 512 οὶ
2376 459 2575 528 πιστοὶ,
2621 459 2708 514 καὶ
2759 457 2842 514 ἐπὶ
2897 459 2972 513 ἐνὶ
3028 458 3234 532 ἑκάστῳ
3278 460 3448 514 αὖτῶν
3495 457 3639 511 εἶναι
3685 451 3780 508 λο-

2136 547 2362 624 γίζεσθαι
2394 549 2483 602 τὸν
2515 547 2736 625 Χριστόν
2775 563 2790 578 ⁹
2835 549 2922 603 καὶ
2965 545 3104 602 οὕτω
3129 554 3197 623 τῇ
3241 549 3370 626 πρὸς
3423 545 3585 602 αὒτὸν
3642 542 3780 620 ἀγά-

2135 659 2212 712 πῃ
2255 635 2571 708 διακεῖσθαι,
2605 638 2679 699 ὡς
2727 637 2967 711 ἑτοίμους
3017 636 3159 692 εἶναι
3215 636 3343 715 ὑπὲρ
3400 635 3566 692 αὖτοῦ
3589 631 3778 688 τιθέναι

2135 726 2229 788 τὰς
2258 723 2386 789 ἰδίας
2419 726 2599 804 ψυχάς
2645 741 2658 755 ⁶
2726 723 2841 783 οὒδέ
2867 726 2964 803 γὰρ
3022 725 3082 781 τὸ
3133 723 3355 781 καθόλου
3398 722 3604 802 λέγειν,
3636 721 3672 788 ἢ
3701 742 3781 776 νο-

2137 814 2298 889 μίζειν
2371 813 2650 894 ὀφείλομεν
2719 837 2836 869 τινα
2917 815 3171 892 πονηρὸν,
3249 811 3383 869 ἀλλὰ
3445 813 3656 872 πάντας
3711 810 3780 870 ὡς

2137 903 2360 980 ἀγαθοὺς
2418 905 2562 982 opim,
2648 903 2824 980 ὥσπερ
2895 902 3120 977 εἴπομεν
3156 921 3170 936 ο
3239 901 3335 957 κᾶν
3417 901 3521 956 ὑπὸ
3608 900 3782 954 παθῶν

2138 991 2462 1070 ὀχλούμενον
2516 989 2609 1066 ἴδῃ
2665 991 2802 1064 τινὰ,
2858 991 2934 1065 μὴ
2960 992 3050 1046 τὸν
3094 989 3335 1070 ἀδελφὸν,
3373 988 3514 1045 ἀλλὰ
3545 987 3614 1043 τὰ
3643 987 3781 1052 πάθη

2137 1083 2361 1154 μίσησον
2418 1081 2482 1136 τὰ
2551 1079 2882 1154 πολεμοῦνται
2935 1079 3113 1154 αὒτὸν,
3175 1079 3273 1134 κᾶν
3331 1080 3431 1134 ὑπὸ
3493 1078 3782 1150 ἐπιθυμιῶν

2135 1170 2221 1224 καὶ
2258 1167 2576 1248 προλήψεων
2619 1169 3052 1249 τυραννούμενον,
3111 1170 3195 1226 ἐπὶ
3239 1169 3427 1225 πλεῖον
3491 1165 3786 1244 σπλκγχνί-

2137 1261 2286 1324 σθητι
2319 1273 2333 1287 ⁸
2384 1259 2458 1333 μή
2490 1251 2618 1314 ποτε
2662 1260 2747 1313 καὶ
2779 1259 2932 1321 αὐτὸς
2966 1262 3271 1337 πειρασθῇς,
3320 1260 3393 1321 ὡς
3439 1257 3547 1313 ὑπὸ
3584 1255 3783 1333 τροπὴν

2137 1347 2209 1403 ὢν
2239 1345 2370 1413 ὕλης
2402 1347 2802 1426 εὔπεριστάτου.

2217 1599 2318 1688 ξβ’.
2370 1610 2435 1666 Εἴ
2485 1633 2566 1675 τις
2621 1609 2866 1679 κίϐδηλος
2921 1610 2971 1677 ἐξ
3022 1613 3365 1692 ὑποκρίσεως⁵
3422 1612 3456 1679 ἢ
3521 1609 3574 1676 ἐξ
3620 1608 3785 1689 ἔργων

411 1717 517 1760 sua
547 1699 1016 1779 reprehensione
1062 1701 1296 1781 dignus,
1343 1711 1442 1763 aut
1483 1702 1555 1763 ad
1605 1701 1781 1762 breve
1826 1710 2056 1779 tempus

2152 1702 2438 1775 ἐπίμωμος,
2484 1699 2519 1768 ἢ
2571 1703 2699 1780 πρὸς
2754 1702 2927 1780 βραχὺ
2969 1700 3344 1780 τεθραυσμένος
3399 1701 3450 1766 ἐξ
3510 1702 3632 1763 ἑνὸς
3676 1699 3784 1755 πά-

414 1787 657 1867 fractus,
694 1796 753 1848 et
781 1789 1047 1867 abjectus
1094 1800 1204 1862 est,
1239 1799 1340 1852 aut
1368 1791 1735 1872 aliquantum
1765 1809 1832 1851 ex
1864 1790 2056 1869 negli-

411 1877 612 1956 gentia
643 1876 702 1937 in
735 1877 931 1959 aliqua
955 1887 1118 1959 parte
1142 1879 1322 1941 officii
1347 1881 1436 1941 sui
1455 1876 1770 1954 claudicat,
1799 1879 2058 1961 perfecte

411 1969 570 2026 sanis
602 1985 719 2027 non
745 1966 1174 2030 adnumeratur
1207 1991 1221 2030 :
1255 1970 1362 2031 sed
1400 1979 1675 2050 tanquam
1721 1969 1970 2049 inutilis,
2004 1975 2062 2029 et

413 2053 705 2134 reprobus
748 2054 1047 2135 abjicitur,
1106 2076 1202 2133 ne,
1253 2059 1392 2118 dum
1451 2067 1659 2119 catena
1705 2055 2057 2130 intenditur,

414 2145 541 2223 ipse
574 2143 746 2204 faciat
777 2153 838 2205 ut
867 2145 996 2224 ejus
1038 2146 1384 2226 conjunctio
1435 2147 1808 2227 dirumpatur
1858 2152 1914 2207 et
1960 2145 2060 2206 iu-

415 2231 723 2293 tervalluni
757 2232 930 2294 detur
957 2235 1016 2294 in
1041 2235 1152 2309 his,
1191 2255 1322 2316 qua:
1352 2235 1651 2317 proxime,
1693 2233 2058 2296 arctissime-

414 2340 529 2402 que
559 2321 688 2384 sine
733 2323 1042 2386 intervallo
1088 2326 1468 2388 cohaerebant
1503 2344 1515 2388 :
1547 2333 1605 2388 et
1634 2325 1900 2405 utrisque
1926 2342 2060 2383 mo-

413 2410 671 2482 lestiam,
703 2411 1091 2494 doloremque
1125 2414 1330 2495 pariat,
1367 2416 1507 2477 dum
1550 2415 1779 2496 priores
1822 2420 2064 2495 propter

413 2500 815 2580 sequentium,
850 2512 906 2563 et
937 2503 998 2564 hi
1031 2512 1273 2586 propter
1302 2503 1767 2586 praecedentium
1813 2520 2061 2584 separa-

417 2587 641 2650 tionem
672 2591 1012 2654 cruciantur
1048 2592 1158 2674 (9).

417 2781 648 2840 sensum
681 2776 885 2834 movet,
948 2784 1078 2826 cum
1141 2770 1424 2836 omnibus,
1485 2785 1613 2840 quae
1641 2767 2060 2838 complectitur,

418 2839 489 2895 ab
519 2840 628 2896 hoc
657 2840 917 2896 sensibili
949 2851 1000 2898 et
1035 2843 1367 2909 aspectabili
1417 2839 1537 2898 sole
1567 2841 1944 2896 illuminatur.
1979 2841 2066 2897 Al-

415 2918 503 2983 ter
535 2925 689 2975 vero,
723 2913 1270 2983 siveintelligibitis,
1307 2913 1448 2982 ipse,
1485 2923 1538 2969 et
1567 2926 1693 2981 quae
1727 2913 1782 2966 in
1813 2927 1879 2966 eo
1909 2920 2061 2977 sunt,

415 2981 487 3038 ab
519 2981 1083 3056 intellectiialiSole'
1114 2981 1349 3056 justitiae
1402 2984 1609 3056 lucem,
1643 2983 2067 3056 civitatemque

417 3052 729 3127 accipiunt.
763 3053 1062 3127 Sensibilia
1115 3052 1299 3127 igitur
1346 3071 1377 3112 a
1437 3053 1713 3127 sensibili,
1771 3062 1824 3109 et
1854 3052 2067 3110 intelli-

417 3123 613 3196 gibilia
655 3125 726 3180 ab
786 3123 1321 3196 intelligibili'Sole
1379 3127 1621 3182 divisum
1657 3125 2059 3182 illustrantur:

418 3195 640 3268 nullam
671 3197 902 3265 penitus
949 3195 1096 3252 inter
1152 3213 1212 3252 se
1269 3197 1754 3268 coniunctionem,
1789 3205 1886 3251 aut
1913 3199 2065 3268 noti-

419 3266 577 3329 tiam,
605 3277 700 3324 aut
729 3268 1194 3324 communionem
1228 3266 1587 3332 habentibus,
1631 3280 1819 3336 neque
1849 3267 2066 3324 intelli-

418 3337 690 3410 gibilibus
721 3352 851 3410 cum
884 3339 1276 3409 sensibilibus,
1318 3353 1500 3410 neque
1531 3338 1904 3394 sensibilibus
1934 3353 2066 3397 (um

419 3405 900 3479 intelligtbilibus.

498 3499 521 3529 α
571 3480 738 3536 Solus
798 3483 968 3537 homo
1028 3493 1097 3536 ex
1154 3480 1425 3537 omnibus
1482 3495 1726 3552 quaeque
1778 3479 2065 3551 videntur,

417 3563 660 3622 quaeque
689 3561 908 3608 tantum
940 3553 1132 3608 animo
1177 3558 1512 3610 cernuntur.
1570 3552 1802 3623 duplex,
1837 3566 1934 3607 seu
1969 3567 2068 3623 ge-

415 3623 608 3693 minus
638 3639 667 3679 a
700 3623 816 3678 Deo
846 3633 1072 3679 creatus
1102 3632 1206 3686 est,
1249 3637 1456 3693 corpus
1476 3622 1706 3693 quidem
1731 3637 1799 3678 ex
1823 3622 2067 3692 quatdor

418 3692 621 3764 primis
678 3695 1040 3764 corporibus,
1100 3709 1200 3752 seu
1254 3692 1550 3750 elementis
1609 3704 2066 3764 coagmentatum

419 3761 653 3838 habens,
690 3761 1038 3838 sensumque
1069 3781 1136 3822 ac
1184 3761 1827 3838 spiritumtperquem
1865 3767 2067 3838 liorum

416 3835 832 3908 principiorum
867 3835 961 3894 est
982 3839 1260 3908 particeps
1289 3845 1345 3891 et
1372 3839 1428 3908 in
1454 3835 1568 3892 illis
1595 3837 1731 3892 vivit
1765 3878 1774 3888 .
1809 3837 2062 3893 animam

418 3915 606 3962 autem
641 3907 1046 3979 intelligentiae,
1093 3918 1148 3966 et
1205 3907 1430 3964 consilii
1479 3916 1819 3976 compotem,
1879 3923 1910 3964 a
1940 3923 2058 3964 ma-

417 3979 579 4049 teria,
614 3987 669 4036 et
694 3994 934 4049 corpore
969 3980 1224 4043 liberam,
1260 3993 1358 4034 seu
1411 3979 1645 4034 minime
1703 3987 2060 4048 corporatam

419 4047 574 4105 hisce
607 4047 1082 4120 imperscrutabiti
1145 4059 1199 4106 et
1247 4049 1638 4120 inexplicabili
1674 4047 1912 4120 rratidne
1964 4064 2060 4108 co-

417 4119 704 4193 pulatam,
727 4123 984 4193 citraque
1012 4123 1338 4178 mistionem
1367 4119 1421 4178 et
1464 4119 1866 4193 confusionem
1901 4135 2059 4177 com-

420 4191 664 4262 mistam.
701 4193 825 4249 Haac
856 4191 1024 4262 porro
1055 4207 1207 4250 unus
1239 4193 1410 4248 homo
1468 4201 1620 4252 sunt.
1662 4191 1876 4248 animai
1904 4206 2058 4248 mor-

419 4261 526 4316 tale
549 4269 608 4335 _et
636 4261 976 4325 immortale.
1035 4265 1187 4335 quod
1243 4263 1420 4319 videri
1481 4278 1587 4318 nec
1638 4263 1812 4335 videri
1847 4270 2055 4333 potest,

417 4333 725 4406 s:ntiri,iet
759 4334 999 4405 intelligi
1037 4333 1069 4390 ε’
1107 4335 1167 4390 in
1226 4350 1338 4406 quo
1388 4333 1679 4402 spectandi
1739 4345 2057 4406 creaturam

2138 1794 2278 1862 θούς,
2313 1788 2348 1856 ἢ
2381 1789 2564 1866 μικρὸν
2609 1788 2830 1856 ἐλλιπὴς
2874 1787 2924 1854 ἐξ
2982 1788 3230 1864 ἆμελεὶας
3287 1790 3354 1865 ἐμ
3401 1789 3550 1868 μέρει
3583 1789 3787 1868 τυγχά-

2140 1900 2237 1951 νει,
2285 1882 2344 1936 οὒ
2412 1883 2916 1958 συγκαταριθμεϊτςιι
2987 1892 3102 1943 τοῖς
3147 1878 3487 1959 ὁλόκλήροις³
3551 1876 3671 1934 ἀλλ’
3716 1878 3785 1940 ὡς

2142 1968 2414 2048 ἄχρηστος
2455 1969 2544 2025 καὶ
2587 1967 2837 2044 ἀδόκιμος
2882 1965 3262 2040 ἆποϐάλλεται,
3311 1968 3404 2024 ἵνα
3448 1968 3528 2043 μὴ
3575 1967 3632 2023 ὲν
3675 1989 3787 2023 κτι-

2143 2064 2218 2136 ρῷ
2280 2057 2504 2129 τάσεως,
2579 2055 2916 2136 διαῤῥαγῆναι
2975 2059 3178 2133 ποιήσῃ
3220 2059 3311 2113 τὸν
3354 2054 3648 2132 σύνδεσμον
3689 2061 3787 2122 τῆς

2143 2145 2401 2220 ἁλύσεως,
2459 2147 2546 2201 καὶ
2618 2143 2883 2204 διάστασιν
2942 2144 2994 2200 ἐν
3063 2143 3416 2225 ἐιδιοισιτάτοις³
3477 2146 3568 2202 καὶ
3619 2144 3786 2207 λύπας

2144 2234 2196 2290 ἐν
2230 2233 2543 2314 ἀμφοτέροις
2589 2235 2877 2313 ἐργάσηται
2913 2252 2932 2270 ⁸
2983 2241 3088 2291 τῶν
3145 2236 3239 2310 μὲν
3297 2234 3615 2312 ἔμπροσθεν,
3662 2234 3787 2312 ὑπὲρ

2143 2330 2248 2380 τῶν
2275 2324 2524 2403 ὑστέρων³
2559 2326 2663 2381 τῶν
2695 2323 2770 2400 δὲ,
2801 2324 2932 2402 ὑπὲρ
2959 2331 3050 2380 τοῦ
3083 2331 3358 2404 χωρισμοῦ
3379 2329 3483 2380 τῶν
3512 2322 3783 2403 προαγόν-

2144 2437 2249 2470 των
2294 2413 2700 2491 ἆλγεινομὲνων.

2149 2767 2302 2841 velut
2347 2767 2595 2841 irrigatm
2651 2768 2859 2841 plantae
2913 2769 3186 2828 virtutum
3240 2764 3456 2823 sensim
3507 2765 3566 2822 in
3609 2777 3775 2822 auras

2146 2837 2669 2919 prodeuntfatque'
2686 2837 3034 2919 adolescunt.
3193 2909 3209 2919 _
3461 2907 3472 2919 _

2223 2930 2247 2962 ε
2281 2911 2374 2968 Sol
2405 2904 2692 2988 sensibilis
2723 2910 3010 2988 exoritur,
3035 2909 3430 2988 mundumque
3457 2904 3773 2988 is_tum_luce

2150 2996 2249 3057 sua
2281 2984 2467 3057 vestit,
2500 2991 2554 3039 et
2582 2984 2929 3057 omniaquae
2954 2983 3051 3040 illo
3082 2983 3458 3057 continentur,
3493 2979 3761 3057 homines.

2151 3051 2317 3129 tergis,
2344 3045 2615 3129 iumenta,
2647 3062 2702 3111 et
2730 3045 2838 3109 alia
2893 3068 3069 3129 super
3119 3067 3248 3129 quae
3277 3051 3370 3108 lux
3400 3063 3457 3105 se
3484 3045 3767 3129 mquaiiier

2149 3117 2414 3200 diii‘tindit
2445 3117 2480 3180 z‘
2509 3117 2618 3200 qua
2648 3138 2879 3200 rursum
2911 3117 3200 3200 occidens,
3234 3117 3605 3200 locum_quei_n
3625 3117 3769 3200 iliu-

2147 3196 2381 3272 strabat,
2441 3188 2703 3272 tenebris
2749 3195 3038 3272 oppletum
3097 3193 3384 3265 relinquit.
3425 3188 3773 3272 sol-intelli-

2148 3265 2281 3322 bilis
2307 3267 2502 3337 fulget.
2535 3276 2590 3346 et
2629 3267 2897 3338 fulgebat.
2959 3275 3110 3324 totus
3159 3281 3196 3346 7a
3247 3275 3363 3346 ioto
3393 3265 3546 3346 omni
3573 3265 3651 3342 sic
3679 3274 3775 3346 ca-

2149 3346 2302 3416 ptus,
2336 3348 2397 3394 ut
2425 3339 2552 3408 capi
2590 3347 2878 3416 nequeat_:
2933 3353 2966 3416 a_
3019 3339 3295 3416 creaturis
3325 3343 3519 3416 autem.
3543 3339 3776 3416 suisse-

2149 3409 2424 3486 cernitur,
2454 3407 2511 3465 et
2539 3407 2789 3486 totus’ab
2820 3408 2888 3465 iis
2917 3409 3131 3480 absque
3151 3407 3417 3463 distantia
3443 3407 3779 3486 seiungitur.

2148 3487 2345 3550 estque
2375 3481 2432 3536 in
2464 3487 2580 3537 toto
2615 3481 2771 3536 omni
2805 3488 2974 3549 totus,
3007 3475 3061 3538 et
3107 3491 3391 3549 nusquam
3423 3485 3526 3533 est.
3562 3475 3622 3530 in
3652 3477 3779 3550 totis

2149 3547 2426 3628 creatuijs
2483 3547 3031 3628 vis._ibilib_us___totus,
3091 3560 3145 3607 et
3190 3547 3421 3628 rursum
3467 3547 3778 3628 extrahas

2149 3631 2318 3678 totus.
2356 3623 2530 3688 Totus
2561 3623 2618 3678 in
2642 3621 2983 3688 visibilibus,
3016 3615 3072 3679 et
3108 3629 3257 3678 totus
3289 3620 3349 3676 in
3380 3615 3779 3682 invisibilibus,

2149 3703 2204 3750 et
2235 3694 2442 3771 ubique
2471 3693 2621 3750 totus
2658 3692 2846 3771 adest,
2869 3703 2924 3749 et
2969 3701 3117 3750 totus
3143 3690 3502 3771 neutiquam“,
3536 3693 3778 3771 uspiam.

2227 3785 2249 3815 ι
2300 3759 2557 3843 Christus
2606 3759 2976 3843 principium,
3035 3759 3436 3843 mediumfet
3468 3759 3643 3843 iinish
3682 3774 3782 3842 seu

2150 3832 2681 3914 consummatioest
2711 3835 2772 3914 in
2796 3832 3090 3914 omnibus,
3113 3836 3324 3914 quippe
3343 3832 3440 3903 qui
3470 3832 3528 3914 in
3561 3832 3780 3914 primis,

2144 3908 2312 3963 etiam
2345 3909 2402 3982 in
2437 3906 2659 3982 mediis,
2708 3913 2799 3982 _et_
2829 3908 3120 3982 extremis.
3183 3913 3245 3962 ut
3283 3906 3358 3982 _in
3417 3906 3619 3982 primis
3649 3911 3734 3982 est
3765 3925 3776 3957 :

2142 3991 2248 4033 nec
2278 3980 2431 4033 enim
2461 3981 2614 4048 quod
2642 3973 2729 4033 ad
2785 3977 2908 4033 haec
2964 3978 3183 4043 attinet,
3240 3975 3450 4048 ullum;
3479 3975 3538 4030 in
3556 3987 3638 4048 _eo
3667 3973 3782 4028 dis-

2143 4049 2358 4128 crimen
2389 4045 2702 4128 e_st‘:_sicut
2757 4061 2864 4128 nec
2920 4049 3222 4128 Barbarus,
3285 4045 3785 4128 nec.Scytha,.‘nec

2143 4119 2371 4190 Graecus
2414 4119 2471 4175 in
2532 4120 2656 4190 ipso
2703 4127 2807 4180 est.
2863 4121 2962 4176 sed
3019 4119 3233 4183 omnia,
3292 4126 3347 4176 et
3397 4117 3457 4173 in
3501 4115 3782 4173 omnibus

2141 4189 2397 4270 Christus
2426 4189 2624 4270 (agni.
2651 4202 2738 4270 _iit,
2770 4191 2891 4270 2_8)._
2919 4261 2930 4270 _
3658 4257 3671 4270 ,
3742 4259 3753 4270 ,

2223 4283 2244 4312 ε
2276 4263 2478 4319 Sancta
2505 4263 2754 4319 Trinitas
2802 4261 3066 4318 habitans
3121 4274 3222 4330 per
3271 4273 3489 4322 omnes,
3523 4273 3553 4330 a
3585 4261 3785 4330 primis

2143 4333 2214 4388 ad
2244 4334 2492 4398 ultimos,
2529 4342 2590 4390 ut
2644 4335 2715 4390 ab
2773 4333 2964 4403 aliquo
3023 4328 3207 4402 capite
3265 4345 3449 4400 usque
3478 4328 3549 4386 ad
3583 4329 3776 4403 pedes,

416 4405 840 4476 aspectabilem,
872 4415 926 4462 et
951 4401 1335 4476 'intelligehdi
1394 4401 1858 4474 inaspectabilem
1890 4405 2511 4476 fat-.ul-Dcoagmentat,
2541 4401 3259 4474 componitﬁconglutinat,
3311 4403 3544 4463 adunat.
3576 4410 3630 4476 ei
3661 4401 3787 4458 col-

419 4481 504 4546 tas
536 4475 699 4546 inest.
759 4476 832 4533 Ut
884 4477 1056 4546 igitur
1111 4475 1193 4532 in’
1228 4476 1451 4533 duobus
1504 4476 1731 4533 mundis
1760 4477 2058 4533 efﬁcientia

419 4543 532 4620 duo
589 4545 738 4620 soles
793 4543 1063 4603 differunt
1137 4562 1202 4603 ac
1277 4558 1634 4620 separantur,
1710 4549 1831 4617 pari
1891 4547 2060 4620 modo

419 4613 587 4689 etiam
626 4618 682 4672 in
718 4632 831 4674 uno
889 4620 1138 4682 homine,
1191 4613 1360 4674 unus"
1393 4620 1621 4689 quidem
1657 4613 1886 4689 corpus.
1918 4619 2061 4676 alter

417 4688 667 4760 animam
699 4689 820 4760 ejus
850 4689 1145 4746 collustrat
1181 4705 1193 4744 :
1245 4699 1298 4746 et
1347 4688 1582 4760 uterque
1613 4691 1681 4746 de
1711 4688 1815 4746 suo
1846 4691 2059 4746 lumine

417 4758 760 4823 iliuminato.
817 4775 919 4832 pro
948 4761 1071 4833 ejus
1104 4767 1269 4831 captu
1291 4758 1810 4826 abundantius,aut
1834 4775 1934 4832 par
1972 4764 2059 4819 ius

419 4833 824 4888 communicat.

492 4925 513 4954 ιι
547 4903 847 4959 Sensibilis
904 4903 987 4957 sol
1021 4901 1263 4968 videtur,
1288 4918 1399 4959 nen
1425 4903 1574 4961 videt
1605 4925 1616 4957 :
1650 4903 2060 4962 intellectualis

419 4975 639 5032 videtur
669 4975 739 5032 ab
772 4977 858 5031 his
889 4974 986 5046 qui
1029 4974 1186 5044 d=gni
1218 4984 1370 5038 sunt,
1405 4986 1458 5031 et
1487 4989 1686 5030 omnes
1716 4974 1865 5046 videt
1897 4996 1910 5040 ;
1946 4991 2060 5033 ma-

460 5048 506 5101 is
535 5054 722 5103 autem
755 5063 851 5103 eos
906 5045 1005 5117 qui
1064 5047 1251 5115 ipsum
1313 5047 1521 5102 vident.
1582 5045 1882 5103 Sensibilis
1941 5061 2058 5104 non

443 5119 829 5187 oquitur,nec
869 5122 1133 5189 cuiquam
1187 5118 1338 5188 loqui
1393 5119 1598 5176 donat:
1662 5117 2059 5175 intellectualis

420 5196 476 5243 et
508 5189 758 5261 loquitur
784 5205 911 5244 t-utn
947 5191 1147 5246 amicis
1205 5193 1346 5261 suis,
1400 5202 1452 5246 et
1505 5197 1566 5246 ut
1611 5190 1933 5259 loquantur,
1967 5191 2064 5247 dat

420 5259 706 5316 omnibus.
739 5259 1035 5316 Sensibilis
1067 5263 1120 5316 in
1183 5259 1346 5318 horto
1406 5261 1660 5318 sensibili
1696 5263 1932 5326 micans,
1966 5277 2057 5318 ra-

419 5329 645 5387 diorum
676 5346 910 5387 suorum
959 5333 1179 5388 fervore
1237 5331 1536 5390 humorem
1595 5332 1866 5387 duntaxat
1897 5341 2061 5390 terra:

419 5403 686 5462 exsict-at.
721 5418 834 5458 non
882 5403 1050 5459 etiam
1109 5403 1351 5473 plantas.
1411 5412 1464 5460 et
1521 5403 1735 5458 semina
1776 5403 2064 5472 pinguefa-

420 5473 492 5529 cit
523 5474 948 5546 :‘intelligibilis
996 5477 1052 5530 in
1113 5476 1298 5530 anima
1362 5474 1722 5537 illucescens,
1756 5483 2063 5546 utrumque

423 5543 646 5614 conﬁcit
675 5543 879 5613 nempe
911 5545 1208 5601 humorem
1257 5546 1525 5603 vitiorum
1580 5547 1832 5614 arefacit,
1882 5557 1933 5601 cl
1962 5543 2062 5604 fm-

417 5613 647 5700 tiitatem
679 5629 749 5700 ex
777 5615 1112 5700 illis'natain
1141 5625 1438 5688 expurgat,
1472 5617 1792 5699 animaeque
1816 5613 2060 5700 pingue-

419 5683 633 5751 dinem,
673 5699 847 5756 quam
909 5683 1235 5758 intelligere
1283 5683 1610 5762 possumus,
1671 5683 1892 5755 inserit,
1925 5683 2061 5762 'qua

2144 4471 2282 4546 ligat
2308 4476 2435 4539 sibi,
2469 4471 2524 4534 et
2555 4478 2626 4532 ita
2675 4471 3027 4544 collligatos,‘
3073 4483 3129 4531 et
3182 4482 3557 4544 congregatos
3587 4471 3785 4530 ﬁrmos

2143 4561 2260 4611 eos,
2293 4555 2348 4603 et
2376 4546 2647 4604 infractos
2690 4547 2897 4616 reddit,
2949 4553 3000 4602 et
3043 4546 3101 4602 in
3159 4546 3415 4615 quolibet
3443 4557 3643 4599 eorum
3671 4558 3784 4616 una

2141 4617 2458 4696 eademque
2480 4620 2704 4696 cpgnita
2738 4615 2906 4696 patet,
2956 4631 3083 4696 quae
3137 4616 3284 4672 Deus
3309 4616 3514 4696 asiam.
3547 4615 3786 4696 quoii]-

2139 4685 2462 4815 ;iinqggimi
2494 4685 2656 4755 ﬁunt,
2691 4685 2754 4747 et'
2803 4685 2990 4760 pri'mi'
3029 4697 3299 4758 tanquam
3332 4685 3517 4742 ultimi
3549 4685 3774 4754 (Matth.

2225 4803 2236 4815 .
2369 4804 2377 4812 .
2417 4781 2439 4812 Ι

2138 4773 2236 4824 XX,
2268 4766 2377 4824 16).
2417 4781 2439 4812 ι

2214 4831 2287 4903 (8)
2318 4828 2607 4888 Pontanus
2637 4831 2789 4889 addit
2817 4828 3128 4903 capitulum
3150 4844 3331 4887 unum
3362 4844 3375 4885 :
3415 4848 3437 4879 ι
3471 4829 3598 4903 Quo
3619 4835 3783 4898 pacto

2142 4899 2363 4981 ratiODe
2397 4903 2646 4981 valentes
2700 4903 2782 4981 illi
2828 4899 3058 4960 ordines
3105 4914 3488 4981 supernarum
3512 4899 3786 4981 virtutum

2143 4990 2173 5031 a
2210 4975 2319 5030 Deo
2350 4975 2654 5031 ordinatim
2707 4974 3086 5038 illustrantur,
3149 4989 3180 5030 a
3213 4972 3470 5042 principo
3502 4986 3569 5025 ac
3599 4972 3782 5042 primo

2143 5047 2395 5102 omnium
2430 5045 2631 5102 ordine
2662 5060 2844 5116 usque
2898 5044 2969 5101 ad
3012 5041 3348 5116 secundum,
3381 5051 3436 5099 et
3463 5042 3549 5116 ab_
3565 5042 3677 5098 hoc
3713 5041 3784 5098 ad

2142 5118 2395 5185 tertium,
2425 5128 2479 5174 et
2508 5112 2778 5187 deinceps
2812 5117 2882 5172 ab
2912 5116 3021 5171 hoc
3069 5117 3138 5172 ad
3167 5115 3366 5184 alium,
3397 5124 3452 5187 e_t
3483 5112 3554 5169 ad
3585 5126 3785 5170 omnes

2140 5184 2632 5266 deniqueiumine
2663 5184 2854 5266 divino
2910 5195 3241 5266 penetrante
3279 5202 3291 5242 :
3343 5184 3541 5266 eodem
3569 5193 3783 5266 etsen-

2141 5262 2215 5318 cti
2245 5277 2273 5316 a
2298 5256 2512 5315 divinis
2550 5259 2768 5329 angelis
2799 5256 3127 5322 illuininati,
3178 5257 3520 5328 vincu'oque
3548 5256 3784 5329 spiritus

2143 5332 2414 5404 colligati,
2465 5340 2520 5388 et
2565 5327 2732 5400 uniti,
2785 5331 3002 5387 honore
3046 5329 3161 5386 illis
3205 5342 3387 5400 pares.
3430 5327 3493 5387 et
3535 5327 3786 5454 aeqéilziiﬁs

3664 5406 3781 5455 unt.

2216 5617 2293 5686 (9)
2349 5617 2678 5689 Sequuntur
2735 5616 2889 5690 apud
2944 5615 3262 5678 Pontanum
3314 5611 3782 5696 ocio'capitula:

3312 5707 3338 5742 ε
3371 5685 3481 5756 Qui
3511 5685 3782 5744 unionem
