4054 6114
264 233 377 301 637
1544 238 1921 304 CAPITULA
1962 237 2360 303 PRAGTICA.
3525 238 3644 306 838

343 363 450 450 ἔτ’.
480 356 574 431 "Ov
610 373 802 453 τρόπον
831 373 884 432 ἐν
933 375 1088 456 φλογὶ
1144 376 1434 453 καιομένης
1480 376 1722 452 καμίνου,
1771 383 1896 456 χοῦν

2068 369 2168 433 63.
2204 369 2717 443 Quemadmodum
2739 372 2992 434 flammae
3014 373 3233 435 camini
3254 372 3484 453 injectu
3504 373 3606 454 pul
3623 409 3648 420 -

263 459 529 517 ἐπιϐάλών
576 486 657 527 τις
699 464 896 530 ταύτην
940 463 1194 546 σϐεννύει,
1238 468 1328 524 τὸν
1375 468 1528 524 αὐτὸν
1571 465 1761 540 τρόπον
1817 465 1896 520 καὶ

1990 458 2141 519 veris
2163 459 2618 534 exstinguuntur
2653 477 2666 520 :
2704 460 2782 521 ita
2811 461 3247 523 sollicitudines
3277 461 3456 542 hujus
3475 463 3630 544 vitae,

266 553 317 606 αἱ
362 553 604 627 βιωτικαὶ
660 553 931 633 μέριμναι,
991 557 1076 612 καὶ
1134 563 1238 620 πᾶς
1297 555 1650 636 προσπαθείπις
1710 555 1896 634 τρόπος

1990 559 2044 607 et
2073 547 2318 607 affectus
2350 547 2407 608 in
2439 566 2566 608 rem
2593 548 2796 620 vilem,
2832 560 2894 612 et
2947 550 3280 622 minimam,
3315 568 3632 614 accensum
3674 607 3692 620 .

265 640 510 706 εὐτελοῦς
553 648 642 699 καὶ
698 645 1047 723 σμικροτάτου
1106 647 1441 725 πράγματος,
1501 646 1598 712 τὴν
1647 645 1904 724 ἀναφθεῖ-

264 751 360 785 σαν
385 731 439 814 ἐν
467 733 667 812 ἀρχαῖς
692 733 888 811 θέρμην
919 736 1018 800 τῆς
1049 733 1262 814 καρδίας
1291 734 1600 814 ἐξαφανίζει.

347 809 444 884 ξδ’.
504 809 684 877 licini:
740 809 955 900 βρῶσιν,
1003 825 1088 879 καὶ
1123 809 1321 892 πόσιν,
1382 809 1468 880 καὶ
1527 822 1905 895 καλλωπισμὸν

264 905 587 984 ἐνδυμάτων,
623 912 650 965 ὁ
701 911 790 965 τὸν
836 909 994 990 φόϐον
1052 911 1354 991 ἐγκυμονῶν
1397 913 1483 968 καὶ
1525 912 1748 967 θανάτου
1778 907 1904 986 βδε-

264 995 494 1076 λύξεται,
562 1000 649 1054 καὶ
693 997 952 1065 ἐνηδόνως
998 1000 1056 1055 οὗ
1116 1001 1337 1080 φάγεται
1397 1000 1576 1079 ἄρτον,
1624 1003 1683 1057 οὗ
1730 999 1904 1055 πίεται

260 1083 422 1164 ὕδωρ.
456 1085 673 1165 Παρέξει
704 1085 759 1142 δὲ
811 1088 972 1162 μόνον
1019 1089 1113 1155 τὴν
1175 1091 1358 1168 χρείαν
1409 1096 1486 1161 τῷ
1515 1089 1746 1164 σώματι,
1782 1085 1903 1142 ὅσον

260 1174 424 1250 μόνον
479 1174 730 1254 αὔταρκες
787 1179 918 1253 πρὸς
986 1179 1047 1232 τὸ
1101 1185 1219 1253 ζῇν,
1285 1185 1392 1233 [Ιᾶν
1450 1177 1658 1253 Θὲλημοι
1719 1178 1904 1234 ἑαυτοῦ

260 1263 647 1342 ἀπαρνήσεται,
707 1266 804 1323 Καὶ
858 1263 1038 1330 δοῦλος
1097 1267 1307 1324 πάντων
1379 1267 1433 1322 ἐν
1489 1265 1738 1344 διακρίσει
1799 1266 1904 1320 τῶν

259 1350 688 1427 ἐπιταττομένων
717 1355 1015 1430 γενήσεται.

343 1430 438 1504 ξεί
477 1432 533 1497 (Ο
563 1440 744 1499 δοῦλον
787 1443 971 1498 ἑαυτὸν
1001 1440 1117 1505 δοὺς
1173 1456 1290 1506 τοῖς
1332 1444 1468 1498 κατά
1514 1443 1643 1498 θεὸν
1694 1441 1904 1520 πατΡά’

1987 635 2050 696 in
2081 635 2357 716 precibus
2389 639 2679 698 fervorem
2703 638 2900 699 cordis
2925 639 3137 700 tollunt
3172 640 3308 718 (10).

2070 813 2168 874 64.
2196 810 2417 875 Omnes
2443 813 2733 888 ciborum,
2764 823 2958 896 potus,
2977 814 3342 896 vestiumque
3365 815 3635 892 delicias,

1989 907 2046 962 et
2069 909 2336 962 ornatum
2369 903 2778 977 detestabitur,
2813 905 2912 984 qui
2944 906 3215 966 timorem
3254 905 3458 966 mortis
3489 925 3636 967 con-

1989 989 2180 1069 cepit:
2211 1008 2322 1052 nes
2352 1009 2486 1052 cum
2519 1010 2698 1053 sensu
2733 992 3044 1072 voluptatis
3074 1001 3174 1054 aut
3205 1011 3416 1073 panem
3440 1014 3636 1056 come-

1986 1078 2108 1152 det,
2143 1090 2244 1140 aut
2272 1097 2482 1159 aquam
2526 1079 2686 1142 bibet
2715 1103 2726 1142 :
2755 1083 3161 1143 tantummodo
3199 1101 3328 1162 qua;
3368 1085 3635 1146 necessi-

1990 1174 2075 1227 tas
2105 1167 2308 1246 exigit,
2334 1168 2573 1247 corpori
2593 1187 2699 1229 suo
2721 1169 3039 1248 praestabit,
3071 1180 3132 1231 ut
3162 1171 3222 1231 in
3251 1171 3365 1232 vita
3385 1190 3632 1236 manere

1989 1257 2570 1334 queat.Voluntatem
2585 1277 2750 1318 suam
2774 1258 3043 1319 funditus
3074 1258 3412 1338 abnegabit,
3432 1269 3636 1323 etcum

1987 1343 2348 1408 discretione
2380 1347 2580 1407 omnia
2615 1347 2901 1426 imperata
2923 1357 2983 1408 ut
3014 1366 3218 1409 servus
3250 1359 3630 1431 exsequetur.

2071 1433 2167 1494 65.
2205 1432 2314 1505 Qui
2345 1452 2408 1495 se
2441 1434 2706 1514 patribus
2757 1435 2878 1496 suis
2928 1436 3255 1498 secundum
3305 1437 3489 1498 Deum
3528 1458 3632 1520 pro

261 1549 341 1584 σιν
374 1532 554 1607 αὐτοῦ,
605 1527 688 1584 διὰ
728 1531 818 1585 τὸν
863 1528 1023 1610 φόϐον
1080 1537 1176 1598 τῆς
1237 1530 1528 1608 κολάσεως⁷
1591 1531 1649 1586 οὗ
1678 1532 1742 1586 τὰ
1771 1552 1896 1586 κου-

1990 1541 2153 1585 servo
2172 1521 2552 1602 mancipavit,
2569 1531 2810 1603 propter
2835 1531 3056 1585 metum
3092 1524 3307 1585 inferni
3330 1527 3632 1607 supplicii,

257 1617 471 1694 φίζοντκ
513 1618 602 1672 τὸν
653 1621 750 1682 τῆς
793 1616 1006 1696 καρδίας
1067 1621 1223 1678 αὖτοῦ
1279 1620 1462 1698 πόνον,
1512 1619 1902 1694 ἐπιτασσόμενα

257 1703 456 1784 ἕλοιτο,
493 1707 550 1761 οὒ
580 1707 644 1760 τὰ
673 1704 862 1762 λύονται
892 1709 983 1762 τὸν
1015 1715 1109 1764 ταῦ
1157 1707 1317 1788 φόϐου
1379 1707 1594 1782 δεσμὸν,
1640 1707 1755 1764 οὐδὲ
1784 1721 1900 1770 τοῖς

257 1792 343 1849 ἐπὶ
386 1795 452 1851 τὰ
484 1804 698 1852 τοιαῦτα
741 1802 987 1874 φιλικῶς,
1044 1797 1079 1864 ἢ
1135 1797 1547 1874 κολπικευτικῶς²
1596 1797 1632 1863 ἢ
1663 1819 1901 1875 προσ-ται-

258 1969 572 2046 ﬁ_unt.AQui
613 1972 944 2046 enimAinde
989 1989 1171 2046 usque
1216 1989 1246 2030 a
1295 1974 1498 2046 priscis
1554 1975 1764 2032 sanctis
1802 1987 1905 2044 per

260 2041 521 2112 singulas
549 2050 739 2098 aetates
778 2041 1102 2101 incedentes
1132 2047 1189 2101 in
1221 2041 1502 2102 mandatis
1530 2046 1755 2102 Domini
1778 2041 1903 2101 san-

259 2113 988 2187 ctimoniam‘vitze‘colunt,
1039 2116 1265 2187 illisque
1309 2117 1722 2180 adhaerescunt,
1772 2130 1903 2187 per-

258 2182 394 2239 inde
424 2192 486 2240 ut
515 2183 643 2253 ipsi,
674 2184 774 2241 Dei
806 2187 980 2255 gratia
1013 2182 1206 2243 secum
1245 2189 1655 2245 communicata
1688 2182 1901 2245 illumi-

256 2263 472 2310 nantur
496 2255 758 2330 :_s_lmiles
787 2266 998 2330 catena
1027 2273 1234 2324 aureae,
1267 2261 1322 2314 in
1347 2274 1454 2329 qua
1479 2258 1902 2330 singuliansam

257 2339 438 2400 unam
476 2325 768 2400 eﬂliciunt,
800 2327 933 2384 dum
983 2325 1380 2400 unusquisque
1404 2325 1741 2399 praecedenti
1773 2330 1900 2396 fide,

259 2396 950 2468 operibus,charitateque
962 2396 1334 2458 connectitur.
1362 2396 1502 2468 Quia
1526 2404 1897 2464 connexione.

258 2475 327 2549 ut
350 2467 622 2549 diximus,
654 2483 768 2524 une
799 2467 1057 2540 quaedam
1096 2481 1293 2530 catena
1338 2467 1399 2528 in
1426 2473 1542 2530 Deo
1575 2473 1740 2544 ﬁunt,
1773 2489 1903 2544 qum

256 2546 371 2596 cito
400 2546 588 2610 rumpi
621 2553 734 2596 non
769 2549 968 2611 potest.
996 2564 1016 2592 ι

336 2701 358 2730 ι
393 2679 498 2748 Qui
531 2681 802 2739 unionem
849 2699 979 2740 cum
1021 2685 1223 2742 ultimo
1271 2686 1526 2743 omnium
1574 2695 1899 2745 sanctorum

253 2764 388 2827 cum
437 2753 734 2822 charitate,
787 2763 842 2827 et
886 2754 1222 2827 humilitate,
1272 2755 1702 2826 vehementique
1750 2759 1900 2816 desi-

252 2821 416 2898 derio
455 2837 594 2898 Anon
632 2821 911 2898 __expetit:
967 2827 1066 2883 sed
1122 2821 1292 2896 prava
1330 2828 1571 2898 quadam
1609 2821 1898 2887 adversus

1985 1610 2253 1694 quamvis
2293 1611 2521 1690 jussus,
2558 1630 2674 1672 non
2715 1612 2916 1691 eliget,
2961 1631 3090 1692 quae
3126 1613 3391 1676 dolorem
3435 1617 3632 1678 cordis

1987 1703 2114 1781 ejus
2167 1697 2469 1777 mitigent;
2525 1719 2635 1762 nec
2677 1719 2807 1777 qum
2859 1701 3158 1762 vinculum
3221 1703 3449 1764 timoris
3501 1706 3631 1785 ejus

1985 1787 2347 1864 dissolvent;
2383 1807 2492 1850 nec
2529 1789 2602 1850 ad
2654 1789 2769 1852 ista
2799 1791 2890 1852 vel
2923 1790 3135 1852 amice.
3175 1793 3260 1851 vel
3296 1803 3628 1855 assentato-

1987 1969 2136 2026 circa
2169 1966 2310 2025 tales
2349 1968 2431 2040 ira
2481 1966 2647 2023 facile
2691 1968 3096 2033 accenduntur,
3133 1967 3546 2040 mundumque,
3575 1978 3631 2028 et

1988 2055 2114 2111 quae
2154 2040 2210 2095 in
2260 2038 2473 2096 mundo
2511 2039 2796 2107 visuntur,
2844 2041 3088 2110 perfecte
3125 2038 3488 2098 contemnere
3525 2056 3628 2098 ne-

2028 2121 2221 2167 ueunt.
2264 2111 2560 2168 Enimvero
2589 2111 2688 2182 qui
2737 2111 2857 2166 haec
2884 2111 3171 2182 omnibus
3219 2114 3472 2182 numeris
3508 2126 3626 2170 non

2028 2126 2221 2167 ueunt.
2264 2126 2560 2168 nntmvero
2589 2126 2688 2182 qm
2737 2126 2857 2166 nmc
2905 2126 3171 2166 ommnus
3219 2126 3472 2168 numeris
3508 2126 3626 2170 non

1986 2126 2330 2252 despexerit,
2361 2195 2467 2238 nec
2508 2196 2577 2236 ex
2607 2184 2799 2238 animo
2828 2181 3026 2242 oderit,
3060 2195 3245 2252 neque
3284 2181 3482 2239 salutis
3513 2199 3628 2240 suae

1987 2253 2207 2308 ﬁrmam
2248 2261 2303 2310 et
2343 2253 2713 2324 indubitatam
2745 2267 2904 2322 spem
2943 2253 3148 2309 habere
3188 2267 3437 2324 unquam
3468 2263 3627 2324 pote-

1987 2327 2096 2382 rit:
2129 2324 2226 2396 sed
2268 2340 2396 2396 cum
2439 2323 3342 2396 fundamentumisuprapetram
3384 2323 3498 2381 non
3534 2325 3626 2396 je-

1985 2396 2147 2462 cerit,
2175 2395 2288 2451 huc
2328 2395 2464 2452 illuc
2493 2397 2741 2452 incertus
2761 2410 2833 2466 ac
2872 2395 3077 2450 dUb|US
3102 2395 3427 2466 jactabitur.

2066 2488 2084 2517 ι
2121 2467 2329 2522 Luctus
2360 2466 2571 2534 duplex
2601 2475 2684 2521 est
2713 2465 2964 2521 affectus.
2997 2465 3135 2522 Nam
3177 2477 3229 2522 et
3257 2481 3420 2536 aquae
3451 2467 3628 2524 instar

1983 2551 2086 2606 per
2117 2537 2390 2608 lacrymas
2433 2537 2720 2593 ﬂammam
2769 2551 2996 2592 omnem
3037 2537 3342 2608 affectuum
3391 2540 3624 2595 vitioso-

1982 2622 2111 2664 rum
2141 2607 2464 2679 restinguit,
2509 2607 2877 2676 animamque
2913 2624 2942 2664 a
2989 2607 3246 2672 maculis,
3281 2616 3338 2664 et
3363 2609 3629 2666 sordibus

1982 2679 2114 2735 inde
2144 2679 2292 2750 natis
2331 2689 2646 2750 expurgat:
2679 2687 2731 2734 et
2752 2680 2938 2750 instar
2960 2679 3108 2748 ignis
3139 2692 3240 2749 per
3269 2683 3631 2748 praesentiam

1981 2751 2160 2806 sancti
2220 2749 2463 2819 Sp’ritus
2510 2749 2609 2806 our
2656 2749 2920 2818 viviﬁcat,
2967 2750 3239 2809 incendit.
3287 2750 3618 2817 inﬂimmat,

1980 2821 2256 2884 calefacit,
2280 2831 2456 2892 atque
2483 2821 2554 2878 ad
2584 2821 2764 2876 Deum
2802 2821 3132 2890 amandum,
3161 2821 3628 2879 desiderandum-

251 2892 420 2969 illum
453 2891 783 2953 inﬁdelitate
831 2905 1072 2962 tenetur,
1122 2891 1419 2969 hunquam
1465 2902 1688 2969 penitus
1716 2901 1895 2956 eidem
1919 2901 1956 2949 C
1983 2907 2096 2962 que
2118 2891 2382 2969 impelli"-

248 2965 506 3038 unietur,
549 2980 735 3036 neque
791 2983 920 3023 cum
969 2984 1035 3026 eo
1085 2965 1284 3038 primis
1333 2977 1387 3025 et
1435 2965 1902 3029 antecedentibus

248 3037 477 3112 sanctis
497 3039 658 3112 quasi
691 3038 750 3112 in
789 3039 989 3112 ordine
1020 3037 1248 3097 militari
1278 3042 1614 3112 ascribetnr,
1646 3045 1746 3100 etsi
1789 3059 1903 3099 om-

245 3119 386 3183 nem
443 3106 608 3183 ﬁdem
664 3109 1109 3183 charitatemque
1157 3127 1288 3183 erga
1340 3113 1517 3168 Deum
1566 3106 1622 3172 et
1677 3124 1902 3170 sanctos

244 3178 554 3254 universos
593 3179 802 3254 habere
847 3178 1116 3238 videatur.
1164 3178 1442 3254 ,Ej'icietur
1481 3186 1630 3240 enim
1662 3186 1732 3241 ab
1762 3187 1900 3254 ipsis

244 3248 427 3318 foras,
459 3257 518 3305 ut
548 3250 644 3320 qui
679 3250 866 3307 locum
923 3254 1030 3309 sibi
1078 3248 1468 3321 constitutum,
1511 3265 1563 3310 et
1600 3265 1663 3313 ut
1701 3256 1751 3312 ei
1785 3248 1870 3312 ha:

243 3327 404 3376 reret
432 3328 560 3375 ante
593 3322 800 3379 smeula
831 3339 860 3378 a
897 3325 1010 3381 Deo
1039 3324 1358 3392 definitum,
1391 3340 1491 3395 per
1523 3327 1899 3384 humilitatem

244 3405 370 3447 non
412 3395 745 3460 susceperit.

326 3481 354 3514 ι
389 3462 627 3539 Luctum
683 3465 1011 3539 secundum
1049 3467 1226 3539 Deum
1276 3467 1581 3524 humilitas
1615 3467 1896 3539 praecedit,

242 3533 515 3609 sequitur
553 3535 842 3609 ggudium,
895 3545 945 3593 et
1002 3537 1189 3595 laetitia
1235 3547 1444 3609 quanta
1485 3533 1754 3596 dici'non
1798 3533 1895 3608 pol

241 3611 376 3660 test.
422 3605 733 3680 lluntilitati
768 3621 938 3676 porro
967 3605 1279 3665 secundum
1323 3610 1500 3665 Deum
1541 3625 1668 3680 spes
1699 3605 1896 3668 salutis

241 3675 601 3751 agnoscitur.
635 3676 756 3742 Quo
779 3680 930 3751 enim
967 3681 1147 3749 magis
1184 3681 1467 3751 quispiam
1500 3675 1666 3737 se‘ex
1704 3683 1894 3738 animo

241 3746 521 3819 omnibus
550 3749 940 3816 peccatoribus
986 3746 1406 3807 sceleratiorem
1455 3751 1629 3819 ducit,
1676 3767 1742 3808 eo
1774 3768 1895 3808 ma-

244 3817 339 3894 gis
381 3831 510 3894 spes
540 3831 811 3894 una_cum
846 3821 1162 3894 humilitate
1209 3822 1484 3894 augescit,
1523 3831 1577 3894 et
1614 3817 1682 3878 in
1725 3823 1895 3880 corde

243 3887 378 3969 ejus
407 3887 597 3969 floret,
642 3889 924 3961 fidemque
962 3891 1112 3961 facit,
1154 3907 1254 3963 per
1288 3887 1448 3949 hanc
1468 3887 1722 3950 salutem
1764 3909 1894 3964 par-

242 3968 374 4016 tum
403 3968 494 4014 ll‘l.

323 4049 351 4080 α
395 4029 519 4104 Quo
557 4031 896 4104 profundius
934 4033 992 4088 in
1043 4033 1418 4090 humilitatem
1474 4033 1753 4104 quispiam
1795 4034 1894 4091 de-

240 4101 486 4176 scendit,
539 4116 736 4176 seque
761 4102 1141 4176 indigniorem
1179 4105 1416 4176 judicat,
1444 4101 1564 4176 qui
1608 4101 1890 4174 salvetur,

239 4171 366 4247 hoc
405 4172 666 4228 acerbius
725 4171 909 4247 luget,
956 4184 1010 4231 et
1057 4171 1323 4247 lacrvmis
1363 4171 1616 4247 indulget
1672 4171 1889 4247 magis}

239 4243 458 4318 quibus
491 4258 597 4318 pro
623 4243 878 4318 portione
916 4243 1240 4318 respondet,
1287 4262 1414 4318 quae
1463 4243 1730 4302 in't-orde
1768 4243 1891 4317 Ejus

240 4313 487 4388 scaturit
515 4315 825 4384 spiritualis
858 4313 1138 4388 voluptas,
1178 4313 1465 4388 qua'cum
1504 4332 1632 4387 spes
1663 4313 1891 4388 quoque

239 4385 475 4458 ut__fons
516 4393 816 4458 scatetuet
853 4387 1021 4443 simul
1075 4385 1298 4452 crescit,
1352 4385 1891 4458 persuasion‘emque

241 4455 632 4524 adipiscenda
661 4455 861 4514 salutis
901 4473 970 4514 ex
1018 4469 1166 4515 certa
1208 4468 1262 4516 et
1308 4455 1639 4516 conﬁrmata
1687 4455 1884 4517 cert—io-

243 4541 371 4583 rem
402 4528 997 4599 confirmatioremque
1027 4530 1224 4586 reddit.

331 4597 758 4672 g_Considerare
791 4597 1041 4672 seip‘sum
1085 4616 1271 4672 unusq
1316 4600 1479 4672 isque
1509 4600 1672 4655 debet
1721 4599 1892 4672 etin-

244 4668 544 4742 t_e.lligere:
586 4671 904 4742 nequesoli
937 4672 1055 4740 spei
1106 4668 1320 4742 absque
1370 4668 1522 4727 luctu
1577 4671 1890 4726 secundum

247 4739 457 4812 Deum,
497 4749 551 4796 et
609 4739 926 4798 humilitate
971 4739 1288 4810 Spirituali:
1338 4756 1524 4812 neque
1564 4741 1891 4809 humilitati,

247 4822 304 4865 et
337 4811 980 4884 lacrymisiabsquespe.
1013 4822 1066 4869 et
1096 4813 1322 4884 gaudeo,
1347 4811 1624 4883 spirituali
1658 4814 1892 4870 istarum

247 4882 558 4938 comitibus
599 4882 884 4938 ridendum
926 4898 1068 4940 esse.

329 4975 351 5002 ε
401 4952 496 5008 Est
525 4969 653 5023 quae
685 4963 911 5022 putatur
959 4954 1270 5022 humilitas,
1320 4971 1390 5011 ex
1429 4954 1795 5024 negligentia,
1842 4962 1896 5010 tt

249 5024 512 5093 segnitie,
587 5025 1019 5096 vehementique
1084 5025 1445 5082 damnatione.
1509 5025 1892 5087 conscientiae.

249 5097 570 5168 progenita.
605 5096 808 5152 Verum
841 5097 1128 5168 nullaest,
1161 5099 1429 5168 quoniam
1464 5097 1677 5153 luctum
1720 5097 1894 5153 laetiti-

249 5179 381 5220 cum
414 5166 743 5236 adjuncturn
776 5181 891 5222 non
933 5167 1118 5223 habet.

330 5256 351 5286 ι
390 5236 492 5310 Est‘
512 5238 741 5310 quidam
780 5238 963 5294 luctus
995 5237 1313 5296 humilitate
1357 5237 1637 5310 spirituali
1669 5251 1894 5304 carens,

247 5321 364 5376 quo
394 5307 488 5376 qui
523 5309 733 5380 lugent.
784 5317 1007 5377 peccata
1050 5325 1116 5366 eo
1165 5307 1404 5378 purgari
1437 5310 1802 5378 arbitrantur,
1837 5310 1892 5364 in

247 5391 363 5447 quo
393 5379 601 5435 frustra
625 5388 794 5436 sunt:
828 5395 960 5436 nam
999 5379 1298 5436 dulcedine
1337 5382 1599 5450 spirius,
1625 5395 1750 5450 quae
1780 5394 1896 5450 my-

246 5449 386 5505 stice
427 5452 483 5505 in
541 5451 904 5507 intellectuaii
969 5456 1178 5507 animae
1233 5449 1498 5508 cubiculo
1554 5449 1890 5515 innasi°itur,

243 5522 556 5592 privamur.
619 5531 675 5579 et
729 5523 1036 5579 bonitatem
1095 5523 1193 5579 Dei
1249 5522 1483 5580 minime
1529 5530 1776 5594 gustant.
1833 5521 1896 5577 Id

2065 2984 2087 3013 ι
2118 2960 2274 3027 Vide,
2318 2971 2372 3018 et
2402 2975 2677 3034 pernosce
2726 2960 2863 3034 quid
2910 2962 2967 3018 in
3010 2968 3062 3018 te
3103 2962 3415 3033 humilitas,
3451 2972 3504 3022 et
3538 2963 3630 3020 lu.

1984 3042 2109 3090 ctus
2164 3032 2432 3101 efficiant,
2490 3044 2542 3092 et
2581 3032 2826 3103 inquire,
2868 3048 3036 3103 quem
3080 3049 3151 3090 ex
3192 3034 3305 3090 illis
3353 3032 3406 3090 in
3459 3037 3628 3093 horas

1985 3105 2243 3161 utilitatis
2294 3105 2540 3160 fructum
2598 3105 2905 3176 percipias:
2967 3105 3061 3175 qui
3120 3113 3202 3162 est
3257 3107 3504 3176 novitiis,
3561 3122 3628 3164 ac

1983 3176 2266 3232 tironibus
2304 3177 2491 3231 omnis
2521 3191 2673 3233 curae
2721 3175 2959 3256 terrente
3005 3175 3262 3302 abirectio,
3305 3177 3459 3233 nulla
3490 3175 3626 3250 erga

1984 3255 2269 3302 parentes.
2318 3257 2590 3302 cognatos
2646 3254 2700 3302 et
2741 3261 2977 3302 amicos.
3032 3252 3084 3302 at
3110 3249 3272 3302 ectio.
3313 3263 3626 3302 eorumuue

1984 3255 2269 3321 parentes,
2318 3257 2590 3321 cognatos
2646 3247 2977 3321 et__amicos,
3032 3247 3272 3312 atl‘ectio,
3313 3247 3628 3321 eorumque

1983 3317 2282 3387 abnegatio
2315 3339 2325 3370 :
2363 3317 2507 3374 liber
2554 3335 2582 3374 a
2625 3317 3008 3374 sollicitudine
3037 3321 3291 3374 omnium
3340 3317 3548 3376 rerum'
3573 3329 3628 3378 et

1981 3387 2312 3446 facultatum
2343 3391 2589 3457 animus,
2622 3404 2823 3445 earum
2852 3389 3226 3459 dispicientia,
3276 3403 3391 3446 non
3433 3391 3624 3448 solum

1980 3473 2163 3530 usque
2217 3461 2289 3516 ad
2345 3475 2532 3517 acum.
2594 3475 2788 3518 verum
2849 3465 3019 3516 etiam
3076 3475 3256 3530 usque
3309 3462 3380 3518 ad
3437 3461 3626 3532 ipsum

1981 3544 2187 3598 corpus

2050 3603 2164 3669 (10)
2219 3601 2521 3672 Sequentia
2577 3602 2858 3660 interserit
2916 3603 3246 3660 Pontanus:
3303 3625 3323 3653 α
3377 3603 3481 3670 Qui
3531 3618 3622 3661 res

1977 3673 2310 3745 exteriores,
2350 3683 2404 3730 et
2444 3675 2722 3745 homines,
2757 3683 2810 3730 et
2840 3677 3028 3728 omnia
3083 3673 3310 3730 demum
3344 3674 3515 3745 hujus
3545 3677 3622 3730 vi-

1976 3749 2064 3806 tte,
2101 3744 2319 3817 integro
2349 3744 2761 3817 cordissensu,
2803 3753 2857 3800 et
2895 3759 3020 3801 cum
3053 3745 3260 3815 gaudio
3298 3744 3616 3817 abnegavit,

1977 3820 2032 3885 et
2069 3813 2279 3870 oblitus
2335 3825 2439 3879 est,
2493 3815 2956 3885 atfectionemque
3000 3813 3077 3870 αι’
3100 3830 3326 3873 murum
3375 3813 3616 3882 transiit,

1979 3883 2034 3938 in
2077 3885 2312 3948 mundo,
2361 3894 2415 3940 et
2447 3886 2513 3940 iis
2595 3902 2679 3941 uae
2728 3885 2784 3940 in
2831 3883 3044 3941 mundo
3083 3897 3234 3951 sunt,
3277 3888 3503 3956 hospes.
3556 3903 3624 3944 ac

1979 3957 2312 4012 peregrinus
2343 3965 2448 4012 est.
2481 3901 2756 4012 coﬂtrens
2787 3959 2845 4011 in
2875 3971 2936 4012 se
2967 3957 3221 4012 animum
3253 3973 3444 4012 suum.
3477 3968 3529 4012 et
3563 3961 3621 4012 in

1976 3957 2312 4026 peregrinus
2343 3965 2448 4019 est,
2481 3955 2756 4024 colhzens
2787 3959 2845 4011 in
2875 3971 2936 4012 se
2967 3957 3221 4012 animum
3253 3955 3444 4022 suum,
3477 3968 3529 4014 et
3563 3961 3621 4015 in

1978 4039 2089 4099 una
2140 4029 2356 4099 mortis
2431 4030 2725 4099 memoria,
2784 4029 3236 4099 cogitationeque
3289 4037 3622 4099 occupatus.

1975 4096 2252 4161 Quocirca
2292 4099 2460 4170 etiam
2493 4097 2561 4153 de
2595 4096 3120 4170 extremo'judicio,
3145 4096 3218 4156 ‘et
3250 4096 3624 4157 retributione

1975 4182 2201 4242 semper
2255 4177 2310 4226 et
2357 4169 2656 4242 sollicitus.
2703 4179 2757 4227 et
2810 4169 2999 4224 in’hzs
3051 4169 3218 4238 plane
3258 4180 3318 4228 ut
3365 4174 3621 4242 captivus

1914 4216 1955 4264 υ
1976 4216 3082 4311 δὲῦὄὲίυιπῖθξἰὲῐῖῡῖιὲἶίυῖοοειιαιίοηῖ
3095 4216 3217 4307 ιῖιῖέζ
3249 4216 3623 4298 ἑιόὃηῧῖιρῆἶ

1974 4309 2282 4385 tationibus
2313 4311 2536 4381 timore,
2584 4309 2754 4382 supra
2797 4309 2966 4381 quam
3019 4313 3128 4366 di-:i
3181 4323 3362 4384 potest
3400 4314 3619 4385 ingenti

1947 4380 2323 4462 percellitur.

2053 4472 2075 4500 ι
2108 4451 2322 4525 Similis
2352 4460 2436 4510 est
2483 4452 2748 4510 damnato
2789 4455 3058 4525 cuipiam,
3107 4463 3162 4512 et
3206 4456 3454 4513 vinculls
3486 4469 3624 4512 one-

1973 4529 2103 4600 rato
2128 4525 2185 4578 in
2226 4524 2563 4600 hujusyittn
2604 4524 2989 4600 theatro,_qui
3043 4527 3245 4584 timore
3286 4528 3485 4600 judicii
3530 4528 3620 4600 ad-

1976 4593 2204 4668 modum
2259 4593 2614 4668 gruvidatus.
2658 4597 2728 4652 ab
2778 4593 2977 4653 eodem
3024 4593 3303 4668 tanquam
3353 4599 3623 4655 carniﬁce

1974 4663 2163 4734 aliquo
2193 4667 2427 4734 raptari.
2460 4676 2514 4721 et
2552 4666 2622 4722 ad
2673 4681 2911 4724 nmrtem
2963 4669 3092 4724 duri
3142 4663 3414 4727 videtur:
3475 4670 3619 4726 nihil

1975 4733 2128 4789 aliud
2159 4733 2349 4792 secum
2384 4737 2612 4792 volvens
2669 4754 2838 4804 quam
2863 4740 3115 4796 dolorem
3138 4749 3192 4797 et
3213 4743 3618 4804 cruciamenta,

1974 4819 2102 4878 quae
2130 4821 2198 4861 ex
2237 4816 2448 4864 aeterno
2488 4807 2770 4878 supplicio
2792 4812 3089 4868 subiturus
3129 4827 3220 4869 su.
3263 4815 3396 4868 (lum
3428 4821 3617 4868 autem

1977 4876 2129 4953 hunc
2171 4880 2429 4953 timorem
2461 4893 2531 4934 ex
2561 4876 2751 4938 animo
2779 4882 3062 4953 deponere
3094 4897 3382 4953 nunquam
3419 4882 3620 4953 possit,

1977 4945 2038 5002 fit
2069 4955 2128 5003 ut
2169 4949 2298 5024 inde
2329 4963 2738 5020 progeneretur
2764 4945 2910 5007 alius
2942 4956 3128 5016 timor,
3163 4945 3259 5024 qui
3298 4945 3434 5010 eum
3461 4945 3617 5024 nulla

1975 5032 2167 5094 rerum
2210 5021 2586 5077 humanarum
2627 5038 2760 5078 cura
2821 5036 2969 5093 tangi
3036 5021 3260 5094 patitur.
3321 5025 3413 5080 Sic
3465 5023 3617 5079 enim

1980 5089 2107 5144 vivit
2140 5104 2430 5160 perpetuo.
2464 5109 2526 5147 ac
2559 5093 2605 5148 si
2637 5098 2784 5149 cruci
2834 5089 3008 5149 clivis
3036 5089 3270 5158 afﬁxus,
3325 5095 3618 5151 doloribus

1976 5163 2046 5217 ad
2099 5170 2334 5235 mortem
2393 5165 2754 5220 vehementer
2799 5181 2833 5220 υ
2871 5176 3135 5234 geretur:
3183 5180 3286 5221 nec
3331 5171 3383 5219 in
3424 5167 3618 5235 cujus-

1977 5246 2139 5304 quam
2172 5233 2386 5304 vultum
2429 5235 2625 5290 oculos
2655 5233 2949 5291 intendere
2969 5237 3286 5301 sineretur;
3320 5251 3424 5292 nec
3454 5233 3616 5304 igno-

1978 5301 2171 5362 minite
2195 5303 2264 5359 ab
2288 5305 2615 5362 hominibus
2638 5315 2839 5362 creata:
2863 5307 3035 5362 ullam
3064 5307 3336 5363 rationem
3369 5301 3613 5365 duceret.

1978 5377 2116 5434 Nam
2150 5375 2280 5443 quia
2321 5389 2381 5430 se
2429 5381 2548 5445 ipse
2587 5383 2740 5432 omni
2792 5377 3151 5449 ignominia,
3176 5387 3617 5449 contemptuque

1977 5449 2215 5522 dignum
2267 5460 2336 5502 ex
2381 5449 2573 5522 animo
2621 5456 2862 5522 reputat,
2905 5462 3048 5519 quas
3097 5447 3179 5504 illi
3221 5447 3460 5522 injurias
3507 5447 3616 5507 sibi

1978 5516 2306 5586 moliantur,
2337 5518 2479 5574 nihil
2519 5516 2899 5589 pensi’habet.
2922 5516 2954 5567 ἰ
