4054 6114
305 300 418 365 641

1573 302 1957 368 CAPITULA
1999 299 2403 368 PRACTICA.

3541 304 3665 372 642

362 426 463 502 ξθ’.
522 438 629 515 Πρὸ
681 437 777 494 τοῦ
830 437 1046 500 πένθους
1117 461 1208 495 και
1263 459 1368 496 των
1423 435 1682 517 δακρύων,
1741 433 1915 512 μηδεὶς

2089 437 2189 501 69.
2221 438 2378 501 Ante
2405 437 2627 500 luctum
2665 443 2723 500 et
2752 436 3041 519 lacrymas
3084 436 3291 517 (nemo
3320 457 3428 502 vos
3456 440 3656 504 inani-

281 528 428 601 ἡμᾶς
483 540 661 592 κενοῖς
719 528 973 584 ἀπατάτω
1042 527 1245 606 λόγοις,
1295 525 1429 604 μηδὲ
1471 526 1756 602 πλανῶμεν
1799 528 1926 582 ἔαυ-

281 618 430 680 τούς.
463 619 570 675 Οὐκ
624 617 764 674 ἔστιν
818 619 870 675 ἐν
924 621 1060 696 ἡμῖν
1105 621 1382 700 μετάνοια,
1433 617 1547 676 οὐδὲ
1606 617 1810 685 ἀληθὴς
1837 639 1929 692 με-

282 705 564 786 ταμέλεια,
611 706 728 764 οὒδέ
771 705 932 788 φόϐος
989 717 1120 766 Θεοῦ
1177 709 1231 764 ἒν
1284 709 1410 772 ταῖς
1468 706 1700 787 καρδίαις
1747 708 1923 782 ἡμῶν,

285 793 401 852 owe
431 797 769 874 κατέγνωμεν
798 797 1184 872 ἑαυτῶνλοῦδέ
1241 799 1296 854 ἐν
1351 799 1585 867 αἰσθήσει
1643 801 1742 863 τῆς
1787 794 1923 871 μελ-

281 881 480 951 λούσης
508 885 728 963 κρίσεως
772 887 859 941 καὶ
901 893 1004 943 τῶν
1057 889 1277 943 αἰωνίων
1335 887 1611 962 βσασάνων
1639 885 1847 964 ἐγένετο
1887 885 1922 951 ἡ

281 974 438 1054 ψυχὴ
465 975 620 1050 ἡμῶν
653 994 670 1010 ⁸
725 977 768 1030 εἰ
822 976 922 1054 γὰρ
969 977 1305 1054 κατι-ἔγνωμεν
1336 977 1557 1050 ἑαυτῶν,
1615 976 1704 1030 καὶ
1755 973 1920 1039 ἐκτη-

280 1064 487 1138 σάμεθα
545 1071 732 1145 ταῦτα,
790 1067 878 1121 καὶ
932 1065 987 1121 ἐν
1040 1066 1240 1130 τούτοις
1301 1065 1604 1143 ἐγενόμεθα,
1662 1065 1805 1126 εὐθὺς
1838 1065 1924 1118 καὶ

280 1149 476 1229 δάκρυα
503 1154 894 1231 κατηγάγῶιιεν
951 1153 1010 1211 ἅν
1046 1173 1060 1188 ⁶
1107 1156 1305 1211 τούτων
1349 1157 1447 1233 γὰρ
1503 1156 1694 1233 χωρὶς,
1729 1154 1843 1209 οὔτε
1888 1154 1922 1219 ἡ

278 1239 666 1320 σκληροκαρδία
722 1245 876 1318 ἡμῶν
932 1242 1289 1310 ἀπαλυνθῆναί
1341 1265 1468 1300 ποτε
1527 1241 1922 1319 δύναταιξοῦτε

277 1331 311 1396 ἡ
381 1332 536 1411 ψυχὴ
609 1334 764 1406 ἡμῶν
831 1335 1192 1409 πνευματικὴν
1261 1335 1574 1390 ταπείνωσιν
1642 1334 1918 1406 κτήσεται,

279 1419 398 1476 οὔτε
457 1423 689 1478 ταπεινοὶ
761 1421 998 1500 γενέσθαι
1051 1424 1376 1503 ἰσχύσωμεν,
1439 1414 1495 1479 tO
1551 1421 1606 1477 δὲ
1663 1422 1740 1496 μὴ
1789 1420 1924 1477 οῧτω

278 1509 591 1586 γενόμενος,
654 1512 908 1577 ἐνωθῆναι
952 1519 1030 1586 τῷ
1089 1513 1350 1589 Πνεύματι
1407 1518 1482 1586 τῷ
1535 1512 1668 1589 ἁγίῳ
1711 1514 1770 1569 οὗ
1840 1509 1926 1566 δύο

277 1619 456 1662 ναται,
499 1591 554 1656 Ὀ
585 1598 638 1655 δὲ
671 1599 748 1675 μὴ
799 1601 967 1673 τούτῳ
1009 1601 1069 1657 ἐκ
1122 1602 1421 1680 καθάρσεως
1467 1602 1697 1673 ἑνωθεὶς,
1731 1599 1843 1656 οὔτε
1869 1599 1922 1656 ἐν

275 1689 465 1766 θεωρίᾳ
495 1691 580 1744 καὶ
608 1690 799 1767 γνώσει
848 1696 979 1746 Θεοῦ
1034 1690 1272 1768 γενέσθαι
1315 1688 1549 1770 δύναται,
1612 1689 1728 1745 οὔτε
1783 1687 1923 1754 ἄξιός

275 1773 387 1830 ἐστι
432 1779 527 1840 τὰς
577 1783 675 1844 τῆς
724 1780 1095 1842 ταπεινώσεως
1151 1781 1338 1859 ἀρετὰς
1397 1768 1660 1855 μυστικῶς
1716 1768 1984 1834 ἐνδιδά-Β

279 1869 496 1922 σκεσθαι
507 1916 520 1929 .

353 1944 430 2016 α’.
483 1957 614 2020 Τοὺς
663 1958 1101 2036 ὑποκρινομένους
1143 1961 1242 2027 τὴν
1284 1958 1500 2037 ἀρετὴν,
1548 1959 1636 2015 καὶ
1691 1966 1768 2033 τῷ
1824 1959 1922 2034 μὲν

271 2040 446 2116 κωδίῳ
476 2054 570 2103 τοῦ
596 2047 906 2127 σχήματος,
948 2047 1077 2104 ἄλλο
1134 2046 1504 2128 φαινομένους,
1559 2046 1692 2110 ἄλλο
1733 2045 1788 2102 δὲ
1830 2045 1921 2102 ὅν-

273 2152 369 2195 τας
405 2133 542 2188 κατὰ
571 2136 662 2191 τὸν
693 2133 796 2191 ἔσω
838 2135 1107 2215 ἄνθρωπον
1143 2154 1156 2166 ·
1216 2137 1392 2203 πάσης
1424 2137 1570 2216 τάχα
1625 2135 1920 2214 πεπληρω-

274 2223 465 2298 μένους
537 2225 761 2302 ἆδικίας,
836 2230 1060 2304 μεστοὺς
1132 2228 1317 2302 ζήλου,
1375 2229 1484 2301 (καὶ
1537 2229 1779 2307 ἐριθείας,
1835 2229 1922 2283 καὶ

270 2310 475 2380 ἡδονῶν
545 2314 819 2393 δυσωδίας,
902 2321 974 2382 ὡς
1059 2319 1282 2382 ἀπαθεῖς
1341 2321 1388 2374 οἱ
1439 2317 1646 2381 πλειους
1701 2319 1789 2373 καὶ
1847 2319 1920 2380 ὡς

274 2403 457 2480 ἁγίους
510 2412 728 2482 τιμῶσι,
801 2409 880 2484 μὴ
962 2408 1347 2487 κεκαθαρμένον
1408 2406 1624 2488 ἔχοντες
1679 2409 1771 2462 τὸν
1819 2411 1918 2473 τῆς

271 2496 462 2572 ψυχῆς
519 2495 810 2575 ὀφθαλμὸν,
872 2495 1006 2572 μηδὲ
1065 2497 1347 2574 ἐπιγνῶναι
1400 2498 1585 2560 αὐτοὺς
1646 2494 1918 2572 δυνάμενοι

273 2580 335 2636 ἐκ
405 2589 512 2637 τῶν
569 2591 783 2664 καρπῶν
845 2587 1036 2647 αὐτῶν,
1099 2587 1230 2649 Τοὺς
1287 2584 1342 2640 δὲ
1404 2584 1457 2640 ἐν
1514 2583 1776 2659 εῦλαϐείᾳ,
1834 2586 1919 2641 καὶ

276 2669 465 2749 ἀρετῇ,
527 2673 613 2728 καὶ
655 2673 942 2754 ἀφελότητι
987 2673 1199 2752 καρδίας
1255 2672 1551 2751 διάγοντας,
1601 2676 1687 2730 καὶ
1741 2674 1918 2752 ἁγίους

268 2757 431 2823 ὀ’νταξ
461 2768 538 2835 τῷ
568 2761 700 2837 ὄντι,
733 2763 807 2827 ὡς
863 2766 983 2828 τοὺς
1025 2764 1244 2827 λοιποὺς
1302 2764 1406 2819 τῶν
1463 2763 1747 2841 ἀνθρώπων
1806 2784 1918 2818 πα-

264 2845 655 2925 ραλογίζονται,
735 2854 822 2907 καὶ
893 2859 1336 2930 καταφρονοῦντες
1414 2851 1583 2909 αὐτῶν
1659 2851 1916 2930 παρατρέ-

267 2957 457 3020 χουσι,
488 2939 576 2993 καὶ
606 2941 678 3004 ὡς
714 2938 861 2999 οὐδὲν
890 2939 1208 3020 λογίζονται.

2011 525 2120 586 bus
2151 526 2348 588 verbis
2384 525 2646 607 seducat,
2675 545 2824 588 neve
2850 526 2964 606 ipsi
2994 544 3102 588 nos
3132 526 3506 607 seducamus)
3539 551 3660 596 non

2011 623 2100 678 est
2125 615 2187 676 in
2219 615 2391 676 nobis
2422 615 2706 696 potentia,
2751 633 2862 676 nec
2903 634 3042 676 vera
3082 617 3410 699 pmnitudo,
3440 638 3552 682 nec
3579 623 3657 683 ti-

2013 722 2142 765 mor
2186 704 2294 768 Dei
2349 705 2410 765 in
2465 703 2747 766 cordibiis
2803 705 3042 780 nostris,
3104 723 3216 767 nec
3269 709 3659 785 cognovimus

2010 793 2228 875 ipsum,
2258 813 2368 856 nec
2421 793 2602 856 sentit
2657 793 2916 854 futnrum
2958 793 3280 873 judicium,
3331 806 3391 858 et
3441 805 3662 864 aeterna

2012 890 2302 944 tormenta
2331 884 2528 944 anima
2556 891 2777 946 nostra.
2811 882 3043 945 Etenim
3067 883 3118 944 si
3151 884 3277 946 haec
3306 884 3417 948 sibi
3451 906 3659 967 paras-

2007 979 2116 1045 set,
2165 979 2222 1032 et
2251 971 2314 1032 in
2339 972 2434 1033 his
2463 971 2695 1046 fuisset,
2733 991 2864 1032 mox
2896 974 3070 1034 etiam
3103 973 3390 1054 lacrymas
3419 977 3659 1040 emisis-

2005 1066 2116 1122 set.
2143 1059 2284 1122 Sine
2305 1061 2396 1121 his
2416 1060 2634 1141 quippe
2657 1079 2767 1122 nec
2789 1062 3001 1122 durum
3017 1080 3118 1125 cor
3140 1072 3410 1126 nostrum
3437 1068 3659 1131 molliri

2008 1167 2263 1228 unquam
2298 1156 2508 1229 potest,
2546 1167 2656 1210 nec
2685 1150 2882 1210 anima
2938 1159 3137 1212 nostra
3181 1151 3422 1232 spiritus
3455 1156 3654 1218 humi-

2003 1237 2229 1299 litatem
2262 1239 2582 1318 consequi:
2637 1258 2746 1301 nec
2796 1259 2903 1301 nos
2954 1241 3210 1302 humiles
3259 1242 3531 1308 evadere.
3577 1247 3657 1308 At

2007 1326 2166 1388 enim
2216 1327 2317 1408 qui
2364 1327 2498 1389 talis
2543 1328 2665 1389 noti
2712 1328 2907 1403 fuerit,
2953 1328 3202 1410 Spiritui
3244 1341 3447 1392 sancto
3499 1335 3659 1396 uniri

2008 1417 2252 1496 nequit:
2291 1417 2386 1478 cui
2439 1416 2538 1496 qui
2592 1426 2868 1497 purgatus
2910 1427 3070 1492 ante,
3106 1429 3165 1479 et
3192 1419 3277 1480 sic
3309 1421 3506 1482 unitus
3537 1442 3655 1486 non

2007 1504 2202 1577 fuerit,
2241 1523 2351 1566 nec
2381 1513 2653 1585 spectare
2683 1520 2741 1567 et
2772 1525 3129 1586 cognoscere
3173 1506 3359 1570 Deum
3391 1511 3607 1574 valebit
3634 1533 3648 1574 :

2007 1615 2118 1657 nec
2149 1597 2361 1675 dignus
2392 1605 2501 1673 est,
2543 1597 2644 1678 qui
2702 1599 2984 1678 mysticas
3027 1598 3378 1662 humilitatis
3406 1603 3654 1668 virtutes

2008 1685 2291 1748 doceatur
2316 1688 2459 1764 (1‘2).

2095 1952 2188 2017 70.
2232 1953 2494 2016 Virtutes
2528 1954 2896 2032 simulantes,
2932 1963 2990 2018 et
3019 1955 3238 2018 vellere
3266 1958 3508 2038 quidem
3538 1961 3650 2024 ha-

2003 2041 2161 2105 bitus
2183 2043 2340 2104 aliud
2363 2043 2504 2104 foris
2537 2053 2912 2125 apparentes,
2939 2064 3072 2106 cum
3098 2045 3254 2107 aliud
3282 2047 3401 2109 sint
3430 2067 3650 2112 secun-

2003 2134 2142 2196 dum
2175 2131 2518 2195 interiorem
2541 2134 2865 2208 hominem,
2901 2134 3062 2214 pleni
3089 2134 3330 2197 forsitan
3353 2141 3512 2198 omni
3534 2138 3646 2200 ini-

2002 2223 2246 2303 quitate,
2313 2221 2474 2302 pleni
2528 2223 2676 2296 zelo,
2753 2231 2813 2285 et
2867 2223 3268 2299 contentione,
3329 2235 3386 2287 et
3441 2227 3644 2290 {cetere

2003 2311 2395 2374 obscenarum
2421 2311 2813 2392 voluptatum:
2840 2313 3028 2388 multi,
3048 2315 3149 2393 qui
3181 2315 3416 2375 oculum
3441 2335 3654 2397 purga-

2007 2409 2129 2461 tum
2153 2420 2268 2462 non
2284 2400 2526 2475 habent,
2540 2420 2650 2463 nec
2664 2420 2732 2463 ex
2757 2401 3047 2462 fructibus
3065 2420 3269 2463 eorum
3295 2403 3428 2465 illos
3441 2425 3656 2485 cogno-

2001 2507 2169 2550 scere
2202 2497 2466 2570 possunt,
2500 2496 2775 2570 tanquam
2823 2489 2970 2550 nulli
3018 2491 3158 2553 vitio
3213 2493 3561 2570 servientes,
3599 2504 3657 2559 et

2001 2587 2234 2640 sanctos
2264 2578 2466 2639 colunt
2496 2580 2930 2659 honorantque.
2957 2579 3130 2641 Viros
3174 2590 3378 2644 contra
3408 2583 3654 2666 pietate,

1999 2667 2236 2749 virtute,
2281 2668 2658 2748 simplicitate
2708 2670 2905 2730 cordis
2961 2677 3329 2750 praestantes,
3388 2691 3457 2734 ac
3515 2691 3656 2737 vere

2003 2765 2260 2833 sanctos,
2295 2765 2356 2818 ut
2389 2756 3070 2836 vulgaresludiﬁcantur,
3090 2758 3325 2840 illisque
3355 2761 3654 2842 despectis

2005 2853 2390 2928 praetereunt.

347 3015 455 3083 οα’.
490 3028 590 3084 Τὸν
637 3026 800 3086 λάλον
857 3032 945 3086 καὶ
995 3029 1366 3103 ἐπιδεικτικὸν,
1423 3026 1714 3087 διδακτικὸν
1773 3028 1913 3105 μᾶλ-

2083 3028 2182 3088 71.
2217 3024 2406 3106 Hujus
2445 3022 2649 3085 mundi
2697 3023 2969 3085 homines
2997 3025 3323 3107 garrulum,
3357 3034 3416 3087 et
3444 3034 3649 3091 osten-

261 3110 383 3186 λον,
419 3117 507 3171 καὶ
533 3120 885 3192 πνευματικὸν
944 3123 990 3176 οἱ
1046 3129 1274 3178 τοιοῦτοι
1306 3120 1446 3176 εἶναι
1477 3117 1792 3198 λογίζονται,
1827 3121 1918 3175 τὸν

261 3199 317 3256 δὲ
349 3203 628 3273 σιωντι-ηλὸν
656 3209 742 3264 καὶ
769 3210 884 3288 περὶ
913 3208 1230 3289 ἀργολογίαν
1269 3207 1702 3289 ἀκριϐαζόμενον,
1735 3209 1919 3288 ἀγροῖ-

257 3312 357 3348 κον
392 3295 481 3349 καὶ
513 3292 716 3374 ἄφωνον
747 3297 1146 3378 ἀποφαίνονται,
1483 3323 1489 3328 ·

342 3459 453 3546 οβ’.
506 3474 606 3530 Τὸν
658 3474 712 3530 ἐν
772 3478 1032 3553 Πνεύματι
1091 3477 1225 3555 ἁγίῳ
1279 3475 1657 3556 φθεγγόμενον,
1708 3478 1754 3531 οε
1786 3476 1926 3551 ὑψη-

256 3555 552 3638 λόφρονες,
608 3567 696 3620 καὶ
751 3567 848 3632 τὴν
904 3569 1262 3646 ὑπερηφανίαν
1296 3555 1302 3556 ⁷
1340 3575 1612 3628 νοσοῦντες
1667 3570 1760 3620 τοῦ
1817 3563 1927 3620 δια-

254 3644 446 3723 ϐόλου,
505 3652 578 3714 ὡς
637 3653 978 3734 ὑψηλόφρονα
1007 3644 1120 3710 ᾐκαὶ
1166 3657 1502 3734 ὑπερηφανον
1556 3652 1916 3732 ἀποστρέφον-

254 3758 346 3792 ται
382 3751 504 3802 τοῖς
535 3739 716 3819 λόγοις
764 3746 920 3800 αὑτοῦ
975 3743 1336 3818 πληττόμενοι
1396 3742 1597 3818 μᾶλλον
1655 3742 1690 3810 ἢ
1742 3764 1915 3798 κατα-ο

249 3827 622 3902 νυσσόμενοι·
698 3834 790 3889 τὸν
874 3832 929 3889 δὲ
1007 3834 1112 3890 ἀπὸ
1196 3831 1422 3912 κοιλίας,
1492 3832 1528 3899 ἢ
1584 3831 1915 3907 μαθημάτων

250 3914 713 3995 πορνολογοῦντα,
779 3923 868 3978 καὶ
921 3928 1018 3990 τῆς
1077 3927 1235 3981 αὐτοῦ
1305 3920 1566 3999 σωτηρίας
1635 3923 1910 3994 καταψευ-

253 4001 510 4080 δόμενον,
573 4010 974 4090 ὑπερεπαινοῦσι
1032 4013 1121 4068 καὶ
1189 4009 1571 4090 ἀποδέχονται,
1616 4010 1704 4064 καὶ
1746 4007 1911 4072 οὕτως

256 4091 427 4157 οὐδεὶς
458 4095 514 4152 ἐν
544 4111 661 4161 τοῖς
691 4101 944 4165 τοιούτοις
975 4100 1112 4157 ἐστὶν
1177 4104 1204 4156 ὁ
1249 4097 1426 4163 καλῶς
1470 4100 1558 4155 καὶ
1585 4100 1658 4162 ὡς
1691 4097 1806 4177 ἔχει
1850 4099 1911 4153 τὸ

255 4190 486 4267 πρᾶγμα
513 4185 780 4267 διακρῖναι
823 4191 912 4246 καὶ
941 4189 1073 4247 ἰδεῖν
1102 4187 1408 4264 δυνάμενος.

340 4266 451 4352 ογ’.
493 4299 520 4330 α
553 4266 838 4358 Μακάριοι,
883 4281 1039 4359 φησὶν
1076 4282 1104 4335 ὁ
1155 4281 1308 4354 Θεὸς,
1357 4281 1402 4333 οἱ
1430 4277 1645 4354 καθαροὶ
1674 4281 1741 4352 τῇ
1773 4297 1906 4354 καρ-

252 4359 363 4444 δίᾳ,
411 4364 492 4422 ὅτι
524 4368 668 4424 αὐτοὶ
697 4369 787 4424 τὸν
849 4371 976 4426 Θεὸν
1038 4367 1257 4444 ὄψονται
1289 4384 1302 4399 ·
1368 4390 1394 4423 ιι
1443 4366 1670 4445 καθαρὰν
1701 4363 1754 4420 δὲ
1783 4386 1906 4444 καρ-

337 4497 399 4547 ¹8
427 4497 636 4564 Matth.
671 4517 730 4576 V,
765 4503 822 4564 8.

2003 3120 2249 3176 tatorem
2282 3115 2475 3195 potius
2504 3122 2702 3194 aptum
2715 3113 2786 3173 ad
2813 3112 3172 3190 docendum,
3199 3123 3257 3176 et
3280 3115 3648 3196 spiritualem

2002 3222 2132 3266 esse
2162 3204 2539 3266 decernunt:
2582 3201 2804 3264 silentii
2859 3212 3051 3264 autem
3108 3212 3426 3281 amantem,
3489 3206 3649 3268 etab

2003 3292 2190 3354 otioso
2202 3311 2478 3356 sermone
2501 3291 2615 3353 sibi
2637 3290 2956 3371 diligenter
2976 3301 3305 3374 caventem,
3327 3303 3648 3376 agrestem,

2008 3389 2066 3443 et
2091 3391 2322 3445 mutum
2353 3383 2677 3464 appellant.

2092 3472 2190 3535 '72.
2223 3475 2583 3554 Loquentem
2614 3471 2674 3532 in
2729 3470 2952 3550 Spiritu
3009 3478 3232 3547 sancto,
3267 3471 3382 3532 alta
3407 3471 3648 3551 sapien-

2011 3567 2120 3637 tes,
2157 3569 2214 3623 et
2241 3562 2532 3624 diabolica
2561 3560 2838 3641 superbia
2886 3559 3242 3640 laborantes,
3293 3567 3358 3620 ut
3409 3561 3523 3620 alta
3548 3577 3648 3621 sa-

2004 3650 2289 3730 pientem,
2317 3660 2374 3712 et
2394 3649 2715 3731 superbum
2741 3656 3104 3722 aversantur,
3132 3646 3326 3710 verbis
3345 3649 3471 3728 ejus
3501 3655 3650 3710 atto-

1999 3739 2107 3801 niti
2146 3740 2354 3819 magis,
2415 3759 2589 3820 quam
2641 3737 3004 3818 compuncti.
3063 3737 3152 3798 Ab
3213 3746 3380 3798 utero
3438 3736 3646 3798 matris

1997 3837 2214 3902 autem,
2251 3837 2354 3890 aut
2384 3847 2454 3890 ex
2482 3827 2818 3908 disciplina,
2851 3835 2908 3887 et
2964 3826 3332 3887 institutione
3391 3827 3645 3888 rotunde

1995 3936 2063 3980 ac
2089 3918 2311 3979 diserte
2369 3917 2736 3998 loquentem,
2799 3923 2858 3976 et
2910 3915 2972 3976 in
3005 3915 3333 3995 perniciem
3379 3914 3644 3994 ipsorum

1997 4007 2408 4087 mentientem,
2441 4006 2690 4067 miriﬁce
2724 4003 2995 4085 probant,
3030 4013 3086 4065 et
3107 4003 3381 4065 laudibus
3405 4011 3642 4064 ornant.

1993 4097 2189 4176 Atque
2221 4098 2296 4158 ita
2326 4096 2535 4156 horum
2589 4093 2785 4154 nullus
2836 4101 2948 4174 est,
2999 4093 3100 4174 qui
3150 4101 3334 4166 recte,
3371 4101 3430 4154 et
3457 4100 3522 4153 ut
3554 4091 3646 4154 rei

1993 4195 2204 4247 natura
2233 4184 2504 4265 requirit,
2538 4183 2743 4244 videre
2774 4201 2841 4243 ac
2875 4182 3223 4243 discernere
3254 4181 3460 4262 possit.

2070 4274 2170 4336 73.
2201 4298 2226 4328 α
2253 4273 2417 4334 Beati
2439 4271 2658 4333 mundo
2680 4271 2884 4345 corde,
2927 4270 3119 4351 inquit
3160 4270 3463 4347 Dominus,
3489 4289 3638 4350 quo-

1989 4361 2275 4443 niamipsi
2296 4361 2484 4424 Deum
2505 4359 2790 4423 videbunt
2809 4360 2886 4419 18.
2920 4385 2946 4418 n
2974 4360 3081 4422 Ast
3099 4358 3386 4422 mundum
3409 4375 3642 4424 cornon

244 4626 298 4705 is
322 4627 482 4705 soliis
503 4637 704 4701 potest.
733 4633 828 4705 qui
868 4633 1026 4704 prius
1069 4632 1305 4705 Spiritui
1345 4637 1545 4705 sancto
1579 4629 1774 4705 unitos
1804 4645 1904 4689 cor
1925 4643 1967 4692 1)
1987 4639 2262 4705 temnent,
2293 4638 2348 4689 et
2383 4631 2440 4705 in
2475 4630 2870 4705 desperatione
2901 4629 3386 4705 absorbebantur.

247 4699 769 4781 humilefpurutn,‘
790 4699 1035 4781 s_i_mplex
1073 4699 1380 4781 contritum
1429 4700 1746 4772 laboribus,
1804 4718 1903 4760 su-

249 4768 754 4847 doribusquesuis'
777 4777 884 4832 sibi
903 4768 1356 4847 'comparaverit.
1392 4793 1412 4823 ι

326 4840 658 4919 (12)_E'd_i_tio
689 4845 934 4904 Hontani
975 4840 1219 4919 capitula
1252 4846 1364 4904 duo
1415 4843 1740 4919 interserit:
1781 4843 1907 4919 Sic-

251 4914 1063 4994 ut‘quindicentisyllabas
1098 4919 1395 4994 rolligere,
1454 4915 1525 4970 de
1580 4915 1904 4982 rhetoricis,

251 4990 358 5039 aut
396 4986 1164 5064 philosophicisidogtnatis,
1215 4986 1385 5064 atque
1422 4994 1719 5064 ρτωρθριεδ
1768 5000 1908 5064 .113"

253 5065 367 5138 rat,
399 5057 736 5138 nonsolum
783 5057 1193 5135 nihil'prodest
1225 5085 1236 5116 :
1290 5057 1390 5116 sed
1421 5057 1628 5138 potius
1669 5057 1907 5138 inchoa-

255 5132 373 5208 tam
405 5128 754 5186 auditionem
793 5127 1098 5208 perparum
1126 5147 1348 5208 curare,
1369 5127 1459 5208 _et’
1481 5143 1544 5186 ea
1592 5127 1906 5208 desciscere

250 5195 423 5281 facit:
483 5195 967 5281 propterea'quod
997 5204 1293 5281 ingenium
1332 5195 1475 5281 ejus,
1527 5212 1655 5281 qua:
1702 5197 1906 5256 dicun-

251 5275 372 5349 tur,
402 5273 884 5349 _minime__capit_:
934 5276 1010 5332 ita
1059 5273 1175 5349 qui
1222 5273 1526 5349 tironibus,
1579 5278 1905 5349 etpraeser-

251 5341 358 5416 tim
398 5341 790 5416 ignavioribus
832 5345 900 5402 de
946 5341 1291 5416 perfectione
1328 5345 1744 5416 iconcionatur,‘
1787 5355 1902 5400 non

249 5409 447 5468 soluni
469 5427 584 5470 non
616 5414 734 5472 illis
776 5409 1194 5474 commodabit:
1245 5415 1346 5473 sed
1384 5417 1554 5472 etiam
1604 5410 1807 5470 eﬂlciet
1846 5422 1907 5472 ut

251 5491 410 5538 retro
466 5490 689 5542 abeant.
749 5487 890 5544 Nam
948 5503 1079 5546 cum
1129 5489 1198 5546 ad
1257 5486 1484 5543 virtutis
1549 5482 1906 5541 altitudinem

254 5558 634 5630 respetterint,
667 5567 723 5614 et
754 5568 1029 5629 quantum
1060 5561 1131 5618 ab
1161 5559 1284 5630 ejus
1316 5555 1533 5628 fastigio
1550 5554 1737 5611 absint
1758 5557 1908 5627 cogi-

251 5625 524 5708 taverint,
542 5636 613 5708 et
651 5644 712 5686 se
740 5625 811 5687 ad
841 5629 966 5701 ejus
995 5625 1566 5708 culmenascendere
1594 5639 1711 5708 non
1739 5625 1906 5696 posse

251 5701 559 5756 statuerint
591 5715 604 5756 :
649 5708 704 5758 et
753 5715 881 5772 quae
926 5702 1313 5773 particulatim
1343 5705 1652 5772 cmperant,
1681 5711 1744 5754 ea
1773 5711 1904 5756 con-

2057 4705 2197 4761 Cum
2229 4704 2291 4771 ii,
2325 4702 2530 4773 quibus
2571 4702 2759 4773 adhuc
2807 4713 2994 4759 motus
3041 4702 3228 4758 vitiosi
3263 4704 3545 4773 imperant
3575 4715 3641 4757 ac

1987 4771 2376 4838 dominantur,
2437 4773 2680 4830 audiunt
2735 4771 3023 4830 hominem
3076 4772 3393 4830 secundum
3455 4771 3639 4828 Deum

1991 4848 2303 4916 perfectum
2369 4845 2572 4916 quovis
2648 4843 2901 4910 homine,
2966 4845 3169 4916 quavis
3221 4843 3510 4916 animante
3572 4857 3640 4897 ac

1991 4911 2180 4973 bellua
2211 4932 2272 4972 se
2301 4911 2744 4973 immundiorem
2767 4911 3050 4987 judicare,
3069 4914 3350 4971 dedecore
3364 4911 3640 4987 affectum

1991 4987 2264 5059 gaudere,
2299 4987 2562 5044 maledict
2587 4983 2946 5058 sappetitum
2988 4983 3132 5059 bene
3160 4983 3400 5059 precari,
3443 4995 3642 5059 perse-

1990 5054 2278 5115 cutionem
2329 5061 2572 5128 perpeti,
2604 5054 2990 5128 pro'inimicis
3019 5054 3307 5128 suis'cum
3345 5054 3635 5124 lacrymis,

1988 5139 2046 5202 et
2081 5129 2276 5187 dolore
2304 5126 2493 5186 cordis
2531 5126 2712 5202 Deum
2743 5143 2951 5202 rogare,
2988 5126 3346 5202 suppliciter,
3387 5127 3638 5202 primum

1988 5199 2157 5258 ﬁdem
2206 5215 2320 5258 non
2371 5196 2957 5259 accommodant'sibi
3004 5196 3133 5256 illos
3183 5196 3400 5253 similes
3450 5196 3638 5253 facere

1987 5281 2278 5329 conantes.
2320 5272 2537 5329 Deinde
2590 5290 2621 5329 a
2679 5272 2888 5329 divinis
2933 5271 3242 5341 Scripturis
3296 5268 3545 5334 refutati,
3584 5276 3641 5324 et

1987 5357 2018 5398 a
2058 5344 2291 5420 sanctis,
2324 5345 2420 5414 qui
2463 5346 2805 5420 haecopere,
2840 5343 2999 5400 factis
3026 5339 3146 5397 suis
3175 5339 3640 5420 demonstrarunt

1988 5415 2168 5471 eversi
2225 5429 2292 5472 ac
2341 5411 2796 5485 prostrati—non
2838 5427 3104 5485 possese
3142 5411 3230 5485 ad
3261 5411 3365 5485 ista
3424 5411 3640 5481 pertin-

1991 5500 2124 5557 gere
2177 5483 2539 5543 conﬁtentur.
2580 5485 2690 5544 Sed
2737 5483 2869 5542 cum
2917 5483 3177 5557 audiunt,
3219 5483 3308 5538 his
3344 5496 3464 5557 non
3493 5495 3642 5552 prte-

1989 5553 2159 5628 siitis,
2193 5573 2254 5613 se
2300 5571 2668 5628 nequaquam
2715 5555 3130 5628 salvatumiiri,
3175 5563 3296 5612 tum
3347 5553 3515 5628 plane
3543 5566 3642 5610 no-

1989 5627 2170 5686 lentes
2199 5627 2558 5686 vitiositatem
2593 5643 2758 5685 suam
2802 5627 3157 5691 exscindere,
3208 5636 3264 5684 et
3311 5627 3384 5696 ob
3413 5631 3640 5696 peccata

1988 5699 2292 5758 commissa
2346 5697 2748 5770 paenitentiam
2785 5714 2974 5772 agere,
3015 5712 3078 5758 se
3115 5698 3271 5770 ipsos
3317 5695 3636 5768 desperant.
