4054 6114
472 293 590 361 643

1766 294 2152 362 SYMEONIS
2189 295 2554 362 JUNIORIS

3739 293 3854 356 644

445 445 564 489 una
590 426 796 500 virtus,
851 445 972 488 non
1029 424 1181 501 duae,
1243 444 1358 487 non
1419 425 1631 488 decem
1661 440 2086 492 consueverunt

2182 429 2315 506 δίαν,
2349 433 2471 512 οὗχὶ
2514 431 2608 506 μία
2662 431 2848 512 ἀρετὴ,
2907 430 3022 492 οὖδὲ
3077 430 3201 507 δύω,
3254 430 3373 489 οὐδὲ
3429 430 3562 488 δέκα
3615 430 3844 510 πεφύκα-

445 515 775 596 absolvere,
808 517 911 577 sed
943 533 1172 589 omnes,
1236 523 1298 575 ut
1343 514 1601 576 breviter
1656 515 1879 589 dicam,
1933 519 2092 580 velut

447 624 584 678 una,
645 623 831 685 eaque
887 603 963 664 ad
1020 622 1312 664 summam
1359 604 1784 683 perfectionem
1835 609 2085 671 exculta.

448 697 862 755 Verumtamen
893 711 967 754 ne
995 693 1080 753 sic
1110 693 1350 772 quidem
1403 711 1507 772 per
1538 712 1624 766 se,
1659 712 1726 754 ac
1759 695 1907 765 sola,
1943 697 2091 756 citra

445 781 842 863 praesentiam,
879 790 936 842 et
964 781 1258 842 actionem
1319 780 1576 860 Spiritus
1637 782 1826 844 sancti
1855 783 1911 844 id
1946 803 2091 864 pos-

440 880 596 933 sunt.
621 870 1131 942 Quemadmodum
1153 888 1404 950 namque
1433 871 1596 932 faber
1631 871 1875 934 mrarius
1905 881 2088 936 artem

440 978 609 1022 suam
643 977 749 1038 per
779 963 1168 1020 instrumenta
1215 959 1492 1029 ostenalit,
1549 960 1695 1020 citra
1743 961 1860 1022 vim
1893 969 2086 1024 autem

444 1058 503 1110 et
534 1049 830 1110 actionem
864 1047 1012 1125 ignis
1045 1066 1192 1126 opus
1227 1048 1452 1108 nullum
1507 1048 1725 1110 efﬁcit:
1784 1050 1861 1111 ita
1913 1051 2086 1112 etiam

441 1140 620 1201 homo
673 1137 809 1197 facit
855 1136 1075 1213 omnia,
1111 1143 1169 1197 et
1198 1136 1510 1197 virtutibus
1551 1146 1827 1218 tanquam
1861 1139 2086 1200 instru-

444 1226 658 1288 mentis
673 1227 875 1288 utitur.
898 1224 1296 1286 Nihilominus
1321 1226 1432 1286 nisi
1457 1226 1608 1305 ignis
1629 1225 1950 1306 Spiritualis
1976 1229 2086 1289 ad-

441 1316 539 1395 sit,
572 1315 963 1376 instrumenta
993 1314 1073 1376 illi
1111 1314 1258 1374 nihil
1316 1315 1677 1377 efﬁcacitatis
1708 1324 1766 1376 et
1823 1317 2085 1379 utilitatis

444 1404 700 1466 habent:
735 1403 1216 1484 quandoquidem
1247 1403 1460 1466 animae
1507 1407 1739 1479 sordes,
1776 1413 1834 1466 et
1863 1406 2092 1468 saniem

450 1511 569 1554 non
602 1492 950 1572 abstergunt
984 1495 1036 1572 (ι
1053 1491 1134 1568 3).

2173 543 2252 576 σιν
2285 519 2542 598 ἐκτελεῖν,
2579 517 2712 574 ἄλλα
2768 527 2930 576 iam
2969 523 3100 596 5:103
3145 523 3219 586 ὡς
3280 523 3483 602 εἰπεῖν,
3546 521 3705 576 οἱονεὶ
3746 518 3836 593 μία

2171 630 2250 671 τις
2322 608 2473 686 οὖτα,
2546 609 2633 664 καὶ
2690 610 2763 672 εἷς
2822 605 2977 687 ἄκρον
3037 614 3427 689 κατορθωθεῖσα
3468 629 3484 644 ⁸
3570 610 3662 665 καὶ
3728 604 3836 662 οὒδὲ

2172 695 2308 752 οἷς»
2365 697 2593 775 καθαραν
2648 696 2744 763 τὴν
2798 695 3012 776 καρδίαν
3073 699 3228 773 μόναι
3298 703 3526 767 ποιῆσαι
3573 695 3834 774 δύνανται,

2173 783 2298 865 δίχκ
2355 791 2454 852 τῆς
2512 785 2774 865 ἐνεργείας
2817 789 2905 842 καὶ
2962 789 3254 866 παρουσίας
3313 796 3407 845 τοῦ
3464 787 3624 866 ἁγίου
3669 784 3832 840 [lived-

2174 896 2364 949 ματος.
2403 876 2642 954 Καθέπερ
2687 876 2785 953 γὰρ
2815 878 2842 931 ὁ
2874 875 3129 956 χαλκεὺς,
3185 877 3284 943 τὴν
3352 877 3451 952 μὲν
3499 875 3706 954 τέχνην
3761 870 3838 927 διὰ

2173 969 2276 1018 τῶν
2329 963 2611 1042 ἐργαλείων
2669 966 2824 1020 αὒτοῦ
2877 962 3251 1044 ἐπιδείκνυται,
3305 963 3434 1044 δίχα
3494 961 3553 1019 δὲ
3611 967 3711 1028 τῆς
3755 966 3838 1017 τοῦ

2175 1051 2332 1128 tropo;
2403 1050 2663 1128 ἐνεργείας
2724 1050 2870 1107 οὒδέν
2924 1051 3063 1115 ὅλως
3122 1053 3532 1109 κατασκευάσαι
3608 1052 3683 1113 εἷς
3754 1048 3838 1127 ’ἐρ-

2169 1159 2263 1214 γον
2306 1135 2540 1210 δύναται,
2614 1139 2752 1196 ο’3τω
2809 1138 2873 1207 δὴ
2938 1142 3025 1197 καὶ
3080 1143 3107 1198 ὁ
3170 1141 3447 1220 ἄνθρωπος
3507 1140 3688 1197 πάντα
3748 1137 3836 1213 μὲν

2169 1240 2340 1299 ποιεῖ,
2383 1230 2471 1282 καὶ
2526 1230 2598 1292 ὡς
2660 1227 2913 1307 ἐργαλεῖα
2972 1235 3173 1308 χρῆται
3237 1243 3362 1294 ταῖς
3422 1229 3676 1308 ἀρεταῖς,
3722 1227 3834 1283 ἄνευ

2168 1311 2222 1370 δὲ
2265 1324 2360 1380 τῆς
2403 1323 2494 1372 τοῦ
2543 1323 2898 1391 πνευματικοῦ
2956 1320 3119 1398 πυρὸς
3175 1318 3459 1396 παρουσίας
3510 1317 3832 1396 ἆνενέργητα

2176 1403 2319 1477 μένει
2351 1406 2434 1460 καὶ
2467 1405 2736 1484 ἆνωρελῆ,
2769 1407 2860 1462 τὸν
2903 1407 3064 1483 ῥύπον
3107 1409 3194 1463 xvi
3225 1410 3316 1463 τὸν
3346 1410 3523 1487 ἰχῶρα
3550 1408 3632 1482 μὴ
3663 1405 3836 1463 καθαί-

2178 1513 2341 1570 ροντα
2373 1498 2470 1560 τῆς
2504 1498 2716 1574 ψυχῆς.

523 1669 634 1740 (13)
670 1669 976 1743 sequentia
1017 1671 1250 1743 insuper
1279 1669 1548 1743 leguntur
1580 1672 1635 1727 in
1667 1671 1915 1729 editione
1955 1671 2351 1731 Pen-Brebus
2414 1671 2597 1728 amci:
2657 1671 3025 1743 quantumvis
3091 1672 3347 1743 corporis
3394 1669 3833 1728 necessitatibus

450 1744 560 1798 tani
585 1765 595 1796 :
624 1761 658 1814 ί(
703 1741 809 1798 Ubi
839 1741 1119 1814 profunda
1165 1742 1480 1814 humilitas.
1529 1743 1608 1798 ibi
1638 1753 1692 1800 et
1722 1743 2097 1813 lacrymarum
2185 1743 2322 1799 satis
2351 1752 2586 1814 cogatur
2615 1741 2816 1801 facere.

449 1813 834 1870 abundantia:
870 1813 963 1868 ubi
989 1815 1128 1884 haec,
1163 1812 1238 1868 ibi
1264 1823 1318 1868 et
1358 1814 1653 1884 praasentia
1697 1812 1874 1870 sancti
1916 1823 1970 1872 et
2009 1815 2101 1871 ad-

2259 1831 2283 1866 α
2344 1815 2548 1871 Anima
2604 1823 2734 1871 ante
2780 1821 3019 1870 mortem
3070 1814 3334 1883 moritur,
3373 1821 3429 1870 et
3466 1820 3602 1870 ante
3639 1825 3831 1869 resur-

449 1884 650 1965 orandi
681 1884 954 1965 Spiritus,
979 1883 1130 1940 unde
1162 1883 1373 1964 peritas
1395 1886 1600 1965 omnis.
1637 1887 2098 1965 etsanctimonia
2183 1884 2493 1965 rectionem
2523 1899 2826 1965 corporum
2855 1885 3122 1965 resurgit,
3173 1899 3364 1955 opere,
3395 1885 3629 1965 virtute,
3661 1897 3830 1953 expe-

447 1954 785 2028 conciliatur
833 1955 883 2010 ei
941 1955 998 2010 in
1029 1965 1170 2028 _quo
1218 1954 1266 2011 is
1313 1964 1607 2028 operatur,
1657 1955 1992 2028 videturque
2031 1957 2101 2014 ab
2183 1956 2410 2028 rientia,
2451 1954 2701 2028 veritate.
2751 1955 2968 2014 Mortali
3019 1954 3230 2026 quippe
3275 1954 3448 2012 sensu
3495 1955 3569 2012 ab
3603 1954 3828 2028 immor-

448 2027 646 2099 eodem
677 2026 848 2090 Deus,
882 2026 1104 2099 etvidet
1135 2027 1322 2099 ipsum
1357 2028 1546 2099 Deus;
1579 2027 1754 2097 Super
1781 2025 1938 2098 quem
1955 2030 2102 2085 enim
2183 2026 2278 2099 tali
2312 2035 2500 2099 mente
2529 2026 2846 2099 proﬂigato,
2877 2035 2932 2084 et
2961 2025 3300 2085 mortalitate
3335 2043 3367 2084 a
3409 2029 3519 2083 vita
3567 2025 3822 2095 expulsa.

444 2098 757 2169 respiciam,
796 2098 1000 2167 inquit.
1032 2098 1143 2154 nisi
1170 2113 1338 2170 super
1367 2098 1649 2165 humilem,
1681 2102 1732 2154 et
1765 2100 2010 2170 quietum
2050 2104 2101 2156 et
2182 2098 2372 2170 anima
2421 2098 2573 2170 velut
2617 2114 2648 2155 e
2695 2098 2931 2156 mortuis
2976 2101 3275 2163 exsistens,
3324 2099 3574 2168 seipsam
3622 2110 3827 2153 conve-

449 2173 767 2224 trementem
789 2183 1063 2224 sermones
1092 2169 1239 2226 meos
1266 2169 1294 2224 ?
1325 2170 1462 2235 (Isa.
1501 2180 1658 2235 LXVI,
1689 2169 1767 2237 2.)

529 2261 550 2289 ι
592 2239 1057 2312 Perturbationes
1114 2249 1168 2297 et
1217 2239 1452 2297 affectus
1508 2255 1640 2296 cum
1691 2240 1824 2296 vitio
1863 2241 2098 2312 conjun-

449 2318 570 2366 ctos
601 2310 1144 2382 debellareiquidem
1189 2311 1359 2367 homo
1407 2319 1608 2382 potest,
1664 2310 2000 2380 exstirpare,
2033 2322 2086 2370 et

445 2381 714 2438 radicitus
769 2381 1010 2438 evellere
1065 2396 1177 2438 non
1227 2381 1425 2451 potest.
1491 2383 1558 2439 Et
1605 2396 1734 2438 cum
1787 2382 1918 2438 mali
1969 2398 2081 2439 non

449 2453 835 2526 committendi
885 2462 1211 2526 intestatem
1259 2455 1554 2526 acceperit.
1601 2463 1792 2526 tamen
1827 2454 2083 2526 ejusdem

449 2524 617 2580 etiam
674 2523 1119 2596 noncogitandi
1168 2524 1319 2581 haud
1354 2523 1588 2594 accepit.
1624 2523 1881 2596 Pietatis
1914 2541 2082 2596 porro

449 2601 534 2650 est
579 2609 694 2649 non
739 2594 925 2650 solum
966 2595 1110 2650 bona
1162 2596 1360 2653 facere.
1422 2599 1524 2652 sed
1561 2595 1727 2652 etiam
1776 2594 1928 2653 mala‘
1968 2610 2082 2653 non

445 2666 714 2734 cogitare.
765 2665 868 2730 Qui
906 2665 1079 2736 igitur
1128 2666 1272 2722 mala
1322 2671 1549 2736 cogitat,
1590 2681 1688 2723 cor
1728 2681 1932 2736 purum
1964 2682 2090 2736 pos-

446 2736 631 2816 sidere
676 2738 894 2807 nequit,
937 2751 1066 2792 cum
1119 2737 1177 2792 id
1227 2738 1358 2794 inde
1403 2753 1506 2794 ceu
1563 2739 1858 2808 speculum
1909 2757 1940 2796 tt
1973 2737 2089 2796 luto

444 2815 799 2878 inquinetur.

528 2877 550 2927 ἆ
589 2877 783 2933 Cordis
813 2878 1112 2946 puritatem
1145 2879 1292 2934 hanc
1338 2893 1462 2935 esse
1513 2878 1796 2940 existimo,
1854 2893 1967 2936 non
2001 2894 2095 2936 so-

446 2946 564 3003 lum
622 2965 650 3004 a
707 2947 870 3005 nullo
929 2949 1132 3007 affectu
1188 2950 1505 3006 concitari:
1563 2949 1663 3005 sed
1729 2951 1896 3007 etiam
1949 2950 2093 3006 nihil

447 3019 795 3090 improbum,
843 3029 940 3078 aut
994 3021 1065 3078 ad
1118 3021 1293 3076 vitam
1352 3023 1498 3077 hanc
1557 3020 1845 3090 pertinens
1899 3023 2150 3089 animoc

447 3089 692 3160 volvere,
760 3091 977 3162 quoties
1027 3091 1347 3163 placuerit:
1423 3089 1715 3162 solamque
1782 3092 1884 3149 Dei
1955 3106 2088 3150 cum

446 3175 639 3218 amore
698 3164 978 3220 immenso
1035 3177 1374 3219 conversare
1425 3164 1760 3218 memoriam
1832 3163 1970 3220 Nam
2031 3167 2087 3220 in

446 3247 589 3301 puro
645 3231 861 3289 lumine
909 3249 1048 3303 pure
1104 3235 1285 3290 Deum
1339 3233 1540 3290 oculus
1600 3234 1763 3300 videt,
1813 3251 1943 3290 cum
2000 3236 2089 3291 in-

445 3312 528 3360 ter
557 3313 850 3373 aspectum
895 3305 1079 3374 illum,
1112 3314 1166 3362 et
1197 3305 1372 3362 Deum
1402 3305 1544 3360 nihil
1575 3304 1731 3361 aliud
1758 3320 1882 3363 sese
1911 3306 2088 3363 inter-

441 3383 640 3444 ponat.

519 3475 542 3506 ι
575 3454 694 3512 Hoc
725 3469 828 3527 ego
858 3447 1108 3504 ἀπάθειαν
1157 3471 1280 3513 esse
1331 3455 1572 3527 afﬁrmo,
1625 3470 1732 3512 non
1786 3455 1954 3527 modo
1983 3457 2084 3514 ab-

443 3525 678 3600 horrere
734 3525 1004 3600 eiectis.
1068 3527 1137 3584 ad
1192 3543 1318 3600 qua:
1376 3526 1668 3600 affectibus
1709 3526 2075 3600 impellimur,

442 3597 542 3652 sed
572 3598 737 3654 etiam
769 3598 839 3654 ab
873 3613 1068 3670 eorum
1101 3597 1556 3670 concupiscentia
1602 3599 1860 3670 alienari.
1903 3607 1956 3655 et
1993 3602 2080 3656 in-

443 3683 615 3737 super
644 3670 714 3724 ab
745 3669 1074 3742 corumdem
1105 3669 1443 3742 cogitatione
1463 3684 1690 3742 quoque
1722 3669 1922 3725 nudari
1954 3673 2079 3726 ani-

444 3753 598 3795 mum
637 3755 650 3795 :
703 3749 758 3794 ut
793 3755 922 3797 cum
963 3739 1247 3809 volumus,
1277 3755 1448 3811 supra
1480 3739 1655 3796 cmlos
1688 3742 1887 3801 simus.
1921 3751 2077 3798 extra

444 3812 633 3882 omnia
709 3826 836 3881 quae
907 3812 1293 3882 aspiciuntur,
1370 3811 1831 3881 sentienturque,
1909 3812 2080 3870 veluti

445 3880 655 3938 clausis
710 3880 919 3938 nostris
975 3880 1284 3952 sensibus,
1317 3890 1370 3939 et
1441 3885 1632 3938 animo
1706 3880 1783 3939 ad
1839 3897 1900 3939 ea
1957 3898 2084 3954 quae

443 3965 675 4009 sensum
705 3960 996 4028 superant,
1028 3955 1403 4028 ingrediente,
1446 3955 1710 4028 virtutem
1757 3968 1858 4028 seu
1910 3954 2080 4010 facul-

439 4030 616 4149 ftatem
652 4025 932 4082 sentiendi
963 4024 1445 4097 quemadmodum
1495 4024 1614 4080 alas
1666 4024 1852 4095 aquila
1890 4039 2084 4083 secum

459 4105 672 4149 erente.

459 4105 672 4151 erente.

523 4186 546 4217 α
583 4166 740 4222 Mens
787 4168 1003 4238 absque
1050 4168 1314 4225 sensibus
1372 4166 1622 4238 actiones
1669 4175 1724 4223 et
1766 4165 2085 4225 functiones

443 4251 587 4309 suas
602 4252 720 4309 non
750 4237 930 4295 exerit
957 4258 967 4290 :
1021 4254 1127 4296 nec
1155 4239 1273 4297 ullo
1305 4237 1471 4296 modo
1503 4238 1718 4309 absque
1748 4247 1936 4295 mente
1965 4239 2084 4295 suis

444 4306 646 4364 oﬂiciis
675 4308 989 4377 iunguntur
1018 4325 1240 4368 sensus.

523 4399 543 4429 α
578 4378 723 4434 Illud
756 4388 857 4443 est,
891 4397 952 4436 ac
999 4380 1205 4438 dicitur
1255 4396 1354 4439 cor
1391 4381 1691 4440 mundum.
1741 4379 1891 4450 quod
1931 4379 1990 4436 in
2023 4395 2084 4438 se

442 4449 662 4524 nullam
687 4464 884 4524 rerum
933 4452 1330 4524 temporalium
1383 4445 1802 4524 cogitationem,
1843 4461 1939 4524 aut
1986 4445 2148 4508 ra~D

445 4520 874 4594 tiocinationem
932 4523 1143 4594 cernit:
1202 4520 1476 4594 quodque
1514 4525 1631 4580 Deo
1679 4524 1759 4594 sic
1812 4523 2082 4593 adhmret,

445 4599 510 4665 et_
529 4591 611 4665 sic
640 4605 771 4646 cum
801 4607 866 4648 eo
905 4593 1128 4665 unitum
1154 4591 1256 4659 est,
1290 4604 1351 4650 ut
1377 4591 1563 4665 neque
1597 4591 2085 4665 molestorum,gac

445 4661 704 4736 tristium.
758 4677 953 4736 neque
1018 4663 1300 4734 laetorum,
1353 4661 1859 4736 jucdndorumque
1916 4663 2085 4736 hujus

443 4732 573 4805 vitae
602 4732 923 4805 meminerit
957 4751 971 4790 :
1023 4749 1218 4792 verum
1263 4732 1335 4794 ita
1354 4732 1522 4800 'vivit,
1555 4747 1616 4794 ut
1645 4732 2085 4805 contemplanda

442 4803 502 4878 in
535 4804 771 4878 tertium
809 4805 1036 4874 caelum,
1085 4823 1147 4862 ac
1193 4808 1519 4877 paradisum
1563 4807 1837 4878 rapiatur,
1876 4803 1946 4864 ἐι
1993 4822 2086 4863 ar-

441 4873 732 4949 rhabonas
762 4877 1044 4934 bonorum
1075 4873 1283 4934 sanctis
1331 4873 1744 4949 promissorum
1775 4879 2082 4945 intueatur,

443 4946 681 5021 ipsaque
735 4949 1077 5021 sempiterna
1129 4949 1274 5006 bona
1324 4946 1456 5006 inde
1506 4966 1608 5021 pro
1656 4959 1824 5021 captu
1869 4959 2087 5006 naturae

445 5018 713 5091 humanae
732 5019 1017 5091 conjiciat.
1049 5021 1230 5091 Atque
1260 5021 1413 5079 istud
1443 5018 1642 5078 mundi
1675 5018 1862 5077 cordis
1892 5034 2086 5077 verum

446 5089 694 5160 signum,
731 5105 797 5147 ac
827 5089 1233 5149 documentum
1265 5103 1483 5150 certum
1512 5102 1615 5158 est,
1644 5094 1702 5148 in
1733 5106 1847 5161 quo
1875 5092 2002 5162 quis
2033 5102 2089 5162 et

445 5175 774 5236 mensuram
805 5163 1444 5236 munditieicognoscit,
1477 5174 1530 5222 et
1559 5164 1722 5236 quasi
1751 5163 1808 5219 in
1857 5161 2088 5233 speculo

448 5233 816 5306 semetipsum
845 5233 1278 5306 contemplatur.

520 5324 543 5358 ι
579 5303 686 5371 Qui
727 5315 885 5362 extra
916 5303 1148 5364 domum
1193 5314 1295 5371 est,
1344 5308 1500 5365 intus
1552 5304 1805 5363 inclusos
1854 5317 1972 5362 non
2002 5305 2086 5360 vi-

442 5373 534 5432 det
567 5377 716 5447 :‘sic
761 5377 976 5434 mundo
1019 5378 1349 5445 cruciﬁxus,
1399 5387 1496 5437 aut
1549 5386 1832 5447 mortuus,
1892 5390 2086 5434 rerum

442 5445 641 5504 mundi
671 5447 814 5503 nihil
847 5448 1036 5506 sentit.

523 5538 544 5567 ι
600 5518 666 5574 Ut
712 5531 922 5588 corpus
979 5520 1235 5577 exanime
1276 5535 1383 5578 nec
1424 5519 1497 5578 ad
1541 5520 1806 5583 viventia.
1853 5534 1962 5577 nec
2016 5520 2088 5578 ad

443 5588 709 5664 exanima
751 5603 946 5648 secum
985 5591 1231 5664 jacentia
1281 5593 1400 5650 ullo
1448 5605 1620 5649 sensu
1661 5591 1954 5664 fungitur:
2001 5593 2086 5648 sic

443 5661 541 5730 qui
572 5659 778 5730 spiritu
805 5676 837 5716 e
865 5659 1082 5720 mundo
1111 5663 1372 5727 excessit.
1407 5672 1463 5722 et
1503 5677 1637 5721 cum
1666 5659 1795 5722 Ded
1821 5671 1924 5729 est,
1967 5677 2085 5721 non

442 5737 628 5802 potest
677 5743 912 5792 sensum
965 5733 1214 5806 aliquem
1266 5735 1466 5795 mundi
1521 5735 1752 5802 habere,
1813 5742 1915 5794 aut
1959 5736 2086 5808 ejus

2180 2169 2405 2248 nienter
2434 2169 2582 2248 videt
2609 2172 2691 2240 (ut
2718 2172 2814 2242 qui
2860 2185 2892 2226 e
2932 2183 3134 2248 somno
3178 2177 3576 2248 surrexerunt,
3611 2181 3826 2248 seipsos

2180 2240 2391 2309 vident)
2423 2243 2634 2312 quique
2674 2240 2799 2297 eain
2851 2243 3216 2312 exsuscitavit
3263 2241 3445 2296 Deum
3491 2240 3820 2311 cognoscit:

2178 2323 2348 2382 quem
2378 2311 2742 2382 perspiciens,
2783 2319 2838 2368 et
2866 2311 3019 2382 velut
3063 2313 3270 2382 gratias
3307 2325 3507 2382 agens,
3555 2326 3588 2367 a
3637 2313 3822 2382 sensi-

2169 2381 2304 2453 bus,
2358 2380 2589 2453 tutoque
2647 2380 2860 2440 mundo
2913 2380 3212 2447 alienatur,
3281 2380 3564 2452 voluptate
3606 2380 3819 2453 repleta

2165 2451 2457 2524 ineﬁ'abili,
2494 2449 2550 2510 et
2587 2454 2646 2510 in
2674 2455 2798 2524 ipso
2844 2467 3073 2512 omnem
3119 2449 3617 2512 motionem'suam
3645 2449 3820 2510 intel-

2171 2521 2478 2581 lectualem
2519 2521 2829 2596 componit.

2250 2652 2272 2682 ι
2309 2631 2583 2699 Quaedam
2629 2647 2658 2688 a
2707 2631 2870 2689 nobis
2909 2631 3299 2699 conferuntur,
3350 2629 3608 2700 quaedam
3653 2628 3815 2685 nobis

2173 2701 2415 2774 caelitus
2452 2720 2480 2760 a
2523 2703 2640 2760 Deo
2686 2703 3138 2774 suppeditantur.
3188 2701 3478 2768 Quantum
3527 2702 3677 2758 enim
3715 2714 3813 2770 per

2174 2787 2366 2829 sacros
2407 2773 2630 2831 labores
2669 2790 2735 2830 ac
2781 2774 3017 2831 sudores
3073 2786 3403 2843 purgamur,
3453 2781 3664 2829 tantum
3715 2784 3812 2840 per

2176 2843 2370 2900 lumen
2408 2846 2864 2915 compunctzonis
2893 2843 3389 2915 splendescimus;
3443 2852 3497 2900 et
3540 2853 3808 2914 quantum

2178 2915 2396 2972 lumine
2423 2916 2900 2986 splendescimus,
2939 2925 3159 2974 tantum
3191 2915 3456 2986 lacrymis
3481 2926 3802 2986 purgamur,

2177 3001 2422 3056 quorum
2453 2983 2595 3044 illud
2625 2995 2845 3058 sponte,
2878 2983 2945 3044 ac
2988 3001 3090 3058 per
3127 3001 3233 3042 nos
3274 2983 3658 3056 impendimus,
3689 2983 3798 3038 hoc

2177 3059 2427 3114 vicissim
2459 3058 2701 3129 desuper
2729 3058 2920 3116 datum
2951 3059 3280 3129 recipimus.

2249 3148 2270 3178 α
2317 3129 2472 3187 Multi
2530 3145 2631 3187 sua
2677 3129 3298 3200 conferentes,divina
3336 3139 3498 3200 more
3533 3131 3795 3182 consueto

2171 3213 2287 3276 non
2317 3201 2620 3276 recipiunt,
2669 3201 2821 3276 quod
2867 3196 3143 3276 exemplis
3185 3201 3318 3257 Cain
3363 3207 3418 3254 et
3459 3196 3800 3276 Esaulpatet.

2169 3270 2288 3327 Nisi
2321 3266 2473 3328 enim
2530 3266 2658 3343 quis
2686 3266 3052 3343 cogitatione
3081 3281 3256 3343 recta,
3287 3284 3387 3328 seu
3426 3266 3655 3326 consulto
3684 3267 3806 3322 sin-

2169 3356 2322 3413 cero,
2363 3353 2417 3399 et
2447 3341 2796 3413 pio’aﬁ‘ectu;
2827 3352 2883 3400 et
2922 3343 3142 3400 ardenti
3187 3341 3317 3410 ﬁde,
3367 3349 3423 3396 et
3453 3353 3650 3408 magna
3677 3351 3804 3393 cum

2168 3412 2490 3484 humilitate
2518 3429 2619 3470 sua
2649 3413 2938 3483 obtulerit,
2972 3414 3116 3470 Deus
3145 3427 3318 3484 super
3347 3415 3536 3484 ipsum
3564 3422 3806 3484 non‘res-

2169 3483 2355 3553 piciet,
2388 3499 2496 3542 nec
2524 3485 2708 3542 oblata
2742 3479 3031 3555 suscipiet.
3076 3485 3194 3542 Hoc
3216 3479 3334 3540 nisi
3370 3479 3494 3552 fiat,
3525 3495 3629 3538 nec
3657 3479 3802 3537 Deus

2167 3558 2420 3613 vicissim
2451 3571 2554 3613 sua
2585 3556 2670 3613 sic
2698 3555 2954 3613 offerenti
2985 3557 3325 3613 contribuet.

2237 3645 2261 3680 ‹
2291 3627 2538 3704 Mortuus
2568 3636 2654 3685 est
2683 3626 2952 3704 mundus,
2990 3635 3055 3704 _et
3101 3627 3199 3698 qui
3250 3624 3446 3704 mundi
3495 3631 3646 3693 sunt,
3676 3635 3802 3704 san-

2162 3698 2270 3768 ctis
2324 3699 2717 3756 adversantur.
2788 3697 2933 3754 Hinc
2989 3697 3242 3768 ipsorum
3288 3697 3431 3754 bona
3497 3709 3681 3768 opera
3725 3697 3803 3748 vi-

2163 3767 2360 3825 dentes
2405 3783 2521 3826 non
2577 3769 2804 3833 vident;
2857 3779 2913 3826 et
2959 3765 3028 3825 in‘
3069 3769 3286 3838 Spiritu
3335 3765 3804 3836 sancto’prolatos

2164 3853 2362 3896 eorum
2411 3855 2705 3918 sermones
2761 3839 2984 3918 divinos
3040 3840 3356 3918 audientes,
3417 3850 3805 3918 prorsus._ne-

2169 3919 2384 3982 queunt
2412 3913 2747 3982 intelligere.
2797 3910 3020 3973 Contra,
3071 3926 3177 3968 nec
3217 3912 3314 3982 qui
3359 3917 3496 3966 sunt
3540 3910 3803 3978 spiritua-

2172 3981 2274 4046 les,
2330 3982 2546 4059 mundo
2586 3981 2926 4059 deditorum,
2977 3981 3485 4059 improborumque
3544 3992 3803 4059 perversa

2170 4066 2342 4122 opera
2377 4054 2568 4111 videre
2595 4056 2898 4118 suetinent,
2939 4068 3046 4109 nec
3091 4067 3292 4111 eorum
3340 4053 3508 4108 verba
3537 4064 3611 4106 ex
3639 4053 3806 4106 animi

2170 4124 2533 4192 passionibus
2565 4124 2903 4194 proﬂuentia
2961 4125 3234 4195 capiunt:
3287 4122 3389 4195 sed
3425 4122 3533 4192 ipsi
3589 4133 3810 4191 quoque

2169 4195 2422 4268 videntes
2451 4193 2580 4268 quae
2609 4197 2666 4251 in
2697 4197 2910 4253 mundo
2962 4193 3118 4261 sunt,
3157 4209 3283 4268 non
3305 4193 3518 4268 vident,
3558 4201 3613 4249 et
3643 4205 3804 4248 mun-

2166 4264 2667 4344 danorum'voces
2725 4267 3021 4344 audientes
3077 4269 3159 4344 sic
3207 4265 3388 4344 aﬂecti
3436 4273 3807 4344 suntnsensu,

2166 4339 2500 4416 quasimeas
2571 4352 2726 4416 non”
2767 4337 3052 4416 audirent.
3129 4342 3304 4409 Atque
3352 4335 3445 4416 _it_a
3514 4333 3674 4416 nulla
3729 4334 3810 4415 his

2167 4406 2298 4464 cum
2344 4408 2598 4487 illorum,
2647 4409 2762 4466 illis
2808 4423 2940 4487 cum
2996 4406 3228 4477 borum,
3255 4406 3691 4487 _spiritualiu_m,
3736 4406 3810 4486 in-

2167 4492 2378 4608 quamd.
2409 4481 2710 4538 hominum
2757 4481 2929 4538 rebus
2977 4480 3307 4538 communio
3347 4486 3401 4536 et
3445 4480 3687 4535 societas
3737 4480 3812 4533 in-

2192 4565 2321 4608 erce
2365 4560 2426 4608 tt.

2167 4551 2426 4608 tcrcedit.

2244 4686 2265 4716 α
2299 4665 2792 4734 Quemadmodum
2820 4665 2966 4724 lucis
3005 4676 3059 4725 et
3108 4665 3478 4724 tenebrarum
3521 4661 3815 4734 manifesta

2167 4747 2253 4809 est
2315 4733 2622 4800 distinctio.
2683 4746 2738 4795 et
2793 4753 2995 4795 eorum
3052 4739 3270 4809 nequit_
3310 4736 3431 4809 fieri
3476 4733 3813 4809 coniunctio

2167 4807 2315 4877 (Qua:
2343 4809 2490 4864 enim
2527 4810 2809 4866 conventio
2857 4809 2993 4866 lucis
3022 4810 3094 4866 ad
3126 4806 3419 4866 tenebras?
3473 4807 3683 4877 inquit,
3723 4810 3814 4862 aut

2166 4876 2286 4950 quas
2305 4895 2444 4951 pars
2470 4880 2639 4954 ﬁdeli:
2664 4896 2790 4954 cum
2842 4882 3055 4954 inﬁdeli
3093 4881 3157 4950 (ll
3215 4879 3338 4954 Cor.
3398 4889 3478 4941 Vt,
3539 4876 3688 4954 15)?
3740 4880 3815 4933 sic

2168 4947 2326 5007 inter
2347 4966 2442 5008 eos
2471 4947 2569 5021 qui
2605 4951 2883 5024 Spiritum
2906 4947 3165 5024 'habent,
3195 4951 3408 5024 quique
3437 4961 3553 5024 non
3577 4947 3810 5024 habent,

2169 5033 2392 5078 summa
2448 5018 2533 5077 est
2587 5018 2874 5102 distantia,
2954 5018 3158 5102 atque
3195 5018 3518 5092 disjunctio.
3577 5018 3812 5102 Illorum

2169 5107 2431 5172 namque
2469 5096 2823 5172 conversatio
2859 5096 2920 5172 _in
2968 5090 3128 5172 cei—alis
3165 5090 3291 5172 est,
3324 5090 3680 5172 cumangeli
3701 5090 3816 5172 jam

2170 5178 2243 5220 ex
2280 5161 2611 5221 hominibus
2649 5165 2775 5222 facta
2826 5167 2980 5223 sint:
3032 5166 3124 5222 isti
3163 5165 3223 5221 in
3270 5162 3434 5220 avitis
3462 5161 3737 5230 tenebris,
3768 5171 3818 5218 et

2170 5235 2228 5292 in
2280 5236 2481 5292 umbra
2532 5238 2730 5293 mortis
2779 5236 2966 5294 adhuc
3013 5236 3229 5302 sedent,
3277 5245 3464 5295 terrae.
3522 5247 3588 5289 ac
3647 5235 3818 5289 rebus

2169 5308 2412 5364 terrenis
2459 5305 2632 5363 afﬁxi.
2684 5307 2770 5363 Illi
2821 5309 3037 5365 lumine
3087 5309 3194 5365 sub
3244 5303 3679 5375 intelligentiam
3731 5320 3819 5361 ca-

2168 5377 2444 5457 d_ente,_et
2475 5393 2740 5457 occasum
2787 5382 3121 5457 nesciente:
3169 5378 3228 5457 hi
3282 5385 3502 5457 tantim
3550 5376 3818 5457 hacsen-

2169 5449 2319 5506 sibili
2380 5449 2506 5505 luce
2561 5449 2941 5508 illustrantur.
2991 5450 3083 5507 Illi
3139 5450 3357 5519 seipsos
3421 5455 3478 5504 et
3534 5449 3820 5517 proximos

2167 5521 2362 5578 vident
2414 5521 2632 5576 emori:
2693 5520 2752 5577 hi
2808 5523 3062 5580 videntes
3119 5521 3360 5591 seipsos,
3421 5527 3475 5575 et
3530 5521 3820 5591 proximos

2167 5593 2390 5669 animas
2420 5591 2674 5669 efﬂantes
2703 5593 2762 5648 in
2787 5592 2918 5669 dies
2950 5589 3229 5669 singulos,
3291 5604 3353 5647 se
3379 5589 3814 5669 esse_homiles,

2165 5671 2222 5722 et
2249 5671 2312 5743 ut
2340 5663 2802 5743 hominesmorti
2833 5664 3026 5743 deberi
3045 5659 3361 5736 'ignorant,
3409 5670 3465 5718 et
3510 5659 3620 5743 hoc
3650 5660 3815 5730 igno-

2165 5742 2379 5807 rantes,
2409 5747 2516 5792 nec
2543 5733 2796 5794 futurum
2837 5733 3123 5808 judicium
3169 5747 3278 5794 nec
3305 5733 3808 5801 resurrectionem,
