4054 6114
290 298 404 366 645

1563 304 1940 372 GAPITULA
1980 303 2383 370 PRACTICA.

3548 314 3669 383 646

372 426 471 496 οδ’.
546 435 682 493 Ἀπὸ
745 436 987 526 μὲνᾼτοῦ
1036 443 1173 499 θείου
1240 441 1604 518 βαπτίσματος
1674 443 1772 510 τὴν
1827 444 1932 499 τῶν

2083 438 2195 526 74.
2232 441 2344 501 Per
2371 446 2811 503 sacrosanctum
2843 440 3134 524 baptisma
3165 454 3542 526 peccatorum
3570 467 3668 515 re-

291 524 683 602 ἡμαρτημένων
738 522 1077 605 λαμϐάνομεν
1119 527 1326 611 ἄφεσιν,
1372 533 1459 587 καὶ
1500 536 1598 599 τῆς
1653 533 1773 612 πρὶν
1839 553 1934 588 κα-

290 615 454 695 τάρας
525 614 947 698 ἐλευθερούμεθα,
1021 621 1109 677 καὶ
1175 626 1243 697 τῇ
1312 622 1570 700 παρουσίᾳ
1639 631 1731 681 τοῦ
1786 622 1934 699 ἁγίου

292 705 595 782 Πνεύματος
649 706 965 783 ἁγιαζόμεθα
1001 727 1016 742 ·
1072 710 1171 777 τὴν
1228 706 1282 764 δὲ
1337 709 1541 767 τελείαν
1599 711 1757 790 χάριν
1798 710 1934 766 κατὰ

291 793 351 850 τό
379 809 393 824 ⁶
448 813 479 854 (
536 792 831 865 Ἐνοικήσω
874 796 929 852 ἐν
973 796 1155 861 αὐτοῖς
1208 800 1294 855 καὶ
1336 798 1772 878 ἐμπεριπατήσω,
1814 822 1837 853 η
1875 799 1935 855 οὗ

291 883 436 964 τότε,
495 893 650 942 τοῦτο
699 886 798 963 γὰρ
854 892 959 942 τῶν
1002 884 1381 962 βεϐαιοπίστων
1435 889 1523 944 καὶ
1580 888 1639 944 ἐκ
1680 895 1784 944 τῶν
1842 887 1932 966 ἔρ-

292 993 401 1051 γων
431 973 631 1040 ταύτην
660 972 1056 1032 ἐπιδεικνύντων
1084 976 1193 1032 ἐστί
1227 998 1241 1015 ⁸
1301 978 1434 1053 μετὰ
1491 978 1590 1056 γὰρ
1633 980 1693 1033 τὸ
1735 978 1933 1054 βαπτι-

292 1064 479 1128 σθῆναι
509 1063 676 1140 ἡμᾶς,
710 1064 840 1142 πρὸς
882 1066 1117 1145 πονηρὰς
1180 1068 1273 1123 καὶ
1311 1067 1536 1146 αἰσχρὰς
1580 1064 1792 1146 πράξεις
1837 1066 1933 1122 ἐκ-

291 1148 582 1230 κλίνοντες,
613 1152 700 1206 καὶ
729 1152 883 1209 αὒτὸν
926 1155 1017 1209 τὸν
1076 1155 1337 1232 ἁγιασμὸν
1394 1156 1465 1218 είς
1524 1154 1663 1211 ἅπαν
1694 1151 1933 1212 ἀποϐαλο

290 1236 514 1315 λόμεθα.
549 1240 816 1321 Μετανοίᾳ¹
840 1238 915 1315 δὲ,
973 1244 1062 1299 καὶ
1119 1241 1521 1323 ἐξομολογήσει,
1584 1244 1671 1299 καὶ
1699 1241 1935 1323 δάκρυσι,

290 1329 429 1385 κατὰ
470 1327 755 1407 ἀναλογίαν
823 1330 921 1397 τήν
978 1327 1159 1412 ἄφεσιν
1217 1333 1471 1412 πρότερον
1527 1332 1631 1388 τῶν
1685 1334 1937 1413 ἡμαρτη-

294 1417 468 1493 μένων
496 1416 859 1499 λαμλάνομεν,
915 1421 1003 1477 καὶ
1058 1419 1195 1478 οὕτω
1247 1423 1310 1478 τὸ
1365 1422 1628 1501 ἁγιασμὸν
1680 1422 1813 1497 μετὰ
1842 1426 1940 1485 τῆς

294 1507 493 1588 ἄνωθεν
537 1508 757 1588 χάριτος
769 1557 782 1570 ,

378 1587 476 1660 οε’,
553 1587 688 1654 Ἀπὸ
748 1598 844 1672 μὲν
897 1602 997 1664 τῆς
1055 1600 1331 1675 μετανοίας
1395 1596 1641 1662 ἔκπλυσις
1697 1603 1791 1656 τοῦ
1833 1622 1938 1674 μο-

293 1684 497 1762 λυσμοῦ
525 1692 631 1743 τῶν
660 1687 895 1765 αἰσχρῶν
923 1685 1159 1765 πράξεων
1202 1689 1399 1766 γίνεται
1434 1704 1448 1717 ⁶

2016 524 2360 589 missionem
2385 528 2737 610 accipimus,
2763 543 2824 594 et
2853 549 2887 592 a
2908 533 3093 594 veteri
3115 524 3431 599 maledicto
3449 537 3668 603 libera-

2016 633 2149 676 mur
2167 616 2542 700 adventuque
2564 616 2820 699 Spiritus
2841 622 3028 683 sancti
3046 624 3511 689 sanciiﬁcamur:
3536 647 3667 709 per-

2014 703 2225 766 fectam
2256 716 2451 769 autem
2485 707 2754 788 gratiam,
2780 709 2950 789 juxta
2998 710 3185 776 illud:
3242 739 3270 770 α
3320 703 3667 781 Ιηιιειήἰεώο

2015 800 2074 854 et
2103 793 2484 857 inambulabo
2514 797 2576 857 in
2606 797 2692 859 eis
2716 797 2800 875 ‘9,
2840 824 2864 853 ν
2923 819 3042 861 non
3090 810 3228 864 tunc
3256 803 3663 886 adipiscimur,

2015 881 2129 971 hoc
2161 883 2322 945 enim
2354 884 2629 967 ﬁrmiter,
2680 896 3143 971 constanterque
3175 881 3571 971 credentium,
3610 881 3668 958 et

2016 970 2193 1063 ﬁdem
2237 991 2311 1063 ex
2362 974 2643 1055 operibus
2693 977 3132 1040 ostendentium
3194 990 3301 1043 est.
3362 970 3667 1063 BaptiSmo

2017 1060 2177 1151 enim
2235 1060 2484 1135 lustrati,
2546 1063 2596 1124 si
2645 1064 2717 1125 ad
2770 1084 3049 1147 nequam,
3083 1077 3141 1131 et
3171 1060 3667 1151 turpesactiones

2017 1148 2415 1227 declinemus,
2448 1152 2635 1232 ipsam
2666 1172 2902 1235 quoque
2919 1148 3444 1222 sanctiﬁcationem
3474 1161 3669 1225 fundi-

2019 1244 2114 1330 tus
2144 1238 2494 1303 amittimus.
2522 1243 2635 1305 Per
2650 1244 3059 1323 ptenitentiam
3081 1265 3282 1327 porro,
3310 1267 3417 1330 per
3437 1253 3672 1315 confes-

2021 1324 2252 1419 sionem
2286 1336 2344 1389 et
2375 1330 2659 1410 lacrymas
2690 1350 2797 1411 pro
2847 1324 3118 1413 portione
3147 1324 3375 1398 veniam
3405 1340 3667 1419 priorum

2022 1413 2376 1477 delictorum
2407 1417 2824 1499 impetramus,
2861 1430 2919 1483 et
2945 1422 3028 1486 ita
3056 1423 3298 1487 demum
3329 1413 3666 1493 sanctifica-

2023 1502 2245 1566 tionem
2277 1524 2411 1566 cum
2443 1508 2668 1569 caelesti
2699 1509 2890 1588 gratia
2914 1512 3257 1593 recipimus.

2106 1593 2202 1657 75.
2241 1593 2595 1658 Ρωηὶιθηῐὶει
2643 1599 2901 1678 turpium
2959 1602 3260 1665 actionum
3320 1609 3564 1672 maculae
3612 1619 3671 1673 et

1511 1688 1652 1763 μετὰ
1709 1685 1762 1743 δὲ
1803 1688 1940 1744 ταύ-

2031 1679 2188 1745 lahes
2239 1683 2541 1774 eluuntur,
2603 1695 2737 1767 post
2789 1705 2918 1749 eam
2978 1709 3117 1753 vero
3178 1691 3431 1774 Spiritus
3486 1700 3672 1761 sancti

293 1797 417 1850 την,
454 1774 670 1855 μετοχὴ
702 1763 1004 1849 Πνεύματος
1036 1777 1183 1853 ἁγίου
1217 1763 1231 1810 λ
1292 1776 1395 1856 οὔχ
1453 1775 1637 1840 ἁπλῶς
1680 1774 1761 1857 δὲ,
1806 1776 1940 1833 ἀλλὰ

2031 1771 2586 1862 communicatione,
2603 1763 2741 1836 'non
2770 1777 3011 1855 quidem
3045 1763 3417 1862 simpliciter,
3431 1786 3538 1849 sed
3567 1807 3671 1851 se-

294 1864 434 1920 χατὰ
467 1864 565 1930 τὴν
608 1864 806 1943 πίστιν,
864 1866 952 1921 καὶ
1009 1866 1108 1932 τὴν
1164 1862 1413 1945 διάθεσιν,
1463 1868 1551 1922 καὶ
1593 1867 1689 1933 τὴν
1745 1867 1938 1922 ταπεί-

295 1974 456 2009 νωσιν
485 1958 592 2008 τῶν
635 1950 687 2017 ἐξ
723 1951 855 2019 ὅλης
887 1954 1281 2029 μετανοούντων
1323 1957 1532 2034 ψυχῆς,
1567 1958 1639 2012 Οὔ
1668 1954 1828 2030 μόνον
1859 1952 1937 2034 δὲ,

295 2038 435 2098 ἀλλὰ
462 2042 552 2097 καὶ
594 2042 730 2118 μετᾶ
777 2043 837 2097 τὸ
889 2040 1091 2098 τελείαν
1147 2042 1246 2110 τὴν
1304 2041 1488 2123 ἄφεσιν
1545 2048 1650 2100 τῶν
1701 2044 1943 2122 ἡμαρτη-

296 2128 496 2211 μένων,
543 2132 683 2209 παρα
712 2137 805 2188 τοῦ
859 2133 1062 2209 Πατρὸς
1117 2132 1205 2188 καὶ
1263 2130 1526 2211 ἀναδόχου
1577 2129 1761 2189 λαϐεῖν
1796 2148 1809 2162 ⁸
1857 2130 1941 2188 διὰ

293 2226 454 2277 τοῦτο
521 2218 683 2275 καλὸν
739 2217 859 2276 καθ’
921 2220 1150 2287 ἑκάστην
1208 2233 1512 2300 μετανοεῖν,
1570 2217 1653 2276 διὰ
1694 2220 1790 2288 τὴν
1853 2242 1941 2275 κε-

294 2307 548 2365 λεύουσαν
576 2307 819 2379 ἐντολήν.
881 2310 952 2367 Τὸ
994 2310 1115 2389 γὰρ,
1182 2331 1211 2364 α
1256 2316 1601 2382 Μετανοεῖτε,
1645 2307 1861 2387 ἤγγικεν
1905 2311 1940 2379 ἡ

295 2397 541 2474 βασιλεία
568 2403 673 2453 τῶν
705 2398 958 2477 οὖρανῶν,
1001 2421 1023 2454 ι
1059 2398 1299 2477 ἀόριστον
1328 2400 1463 2475 ἡμῖν
1503 2398 1814 2477 ὑπεμφαίνει
1844 2398 1942 2467 τὴν

298 2485 573 2566 ἐργασίαν,

382 2566 516 2651 ος..
553 2568 617 2634 Ἠ
659 2576 817 2656 χάρις
872 2582 967 2632 τοῦ
1023 2575 1281 2654 πανάγιου
1336 2576 1643 2653 Πνεύματος
1700 2591 1823 2642 ταῖς
1865 2584 1943 2653 τῷ

295 2674 511 2747 Χριστῷ
567 2664 980 2746 νυμφευομὲναις
1037 2669 1271 2747 ψυχαῖς,
1329 2668 1402 2730 ὡς
1459 2664 1694 2745 ἆῤῥαϐὼν
1751 2664 1942 2724 δίδοται

296 2759 391 2813 καὶ
446 2756 678 2836 καθάπερ
734 2751 1030 2834 ἀῤῥαϐῶνος
1090 2756 1258 2834 χωρὶς
1329 2755 1425 2812 οὒκ
1482 2754 1597 2835 ἔχει
1654 2755 1942 2836 ἀσφάλειαν

293 2848 334 2914 ἡ
366 2846 499 2924 γυνὴ
544 2846 641 2913 τὴν
686 2845 819 2920 μετὰ
858 2853 951 2902 τοῦ
998 2841 1181 2922 ἀνδρὸς
1236 2844 1516 2924 συνάφειαν
1559 2843 1771 2920 μέλλειν
1813 2844 1943 2901 ποτὲ

295 2932 524 3011 βεϐαίως
567 2935 901 3013 γενήσεσθαι,
962 2932 1128 2995 οὕτως
1176 2930 1291 2989 οὐδὲ
1345 2933 1499 3013 ψυχὴ
1555 2933 1767 3010 βεϐαίαν
1796 2933 1941 3010 λαμ-

2025 1861 2284 1921 cundum
2316 1861 2521 1940 ﬁdem,
2554 1863 3006 1945 dispositionem
3039 1877 3097 1929 et
3140 1861 3531 1936 humilitatem
3565 1896 3666 1939 eo-

2022 1966 2154 2047 rum
2186 1950 2286 2047 qui
2319 1959 2435 2012 toto
2466 1952 2665 2047 animo
2719 1955 3133 2035 paenitentiam
3185 1968 3365 2037 agunt
3403 1984 3418 2026 :
3473 1982 3669 2047 neque

2023 2036 2137 2099 hoc
2163 2038 2387 2131 solum,
2419 2040 2525 2103 sed
2557 2042 2737 2104 etiam
2771 2050 2902 2125 post
2931 2036 3259 2126 perfectam
3290 2036 3666 2131 peccatorum

2024 2126 2441 2222 [emissionem
2486 2149 2520 2192 a
2583 2133 2775 2213 Patre,
2832 2141 2891 2195 et
2947 2126 3309 2215 ﬁdejussore
3340 2151 3665 2222 acceptam.

2024 2215 2314 2307 Quocirca
2333 2219 2579 2307 expedit
2611 2222 2902 2301 poenitere
2960 2224 3243 2305 quotidie,
3278 2234 3341 2288 ut
3362 2215 3664 2307 jubemur.

2025 2304 2175 2400 Nam
2208 2305 2391 2369 illud:
2451 2331 2479 2364 α
2516 2309 2934 2400 Pmnitentiam
2966 2304 3143 2392 agite,
3178 2304 3672 2400 appropinquavit

2027 2393 2183 2455 enim
2217 2413 2467 2473 regnum
2499 2398 2879 2477 caelorum”,
2904 2425 2931 2457 ιο
2960 2393 3337 2467 indeﬁnitum
3367 2393 3546 2469 nobis
3563 2411 3668 2472 hu-

2020 2482 2119 2562 jus
2148 2484 2238 2545 rei
2269 2484 2556 2547 faciendaa
2587 2495 2820 2568 tempus
2850 2489 3209 2554 subindicat.

2110 2573 2620 2670 :76._Sanctissimi
2668 2575 3154 2670 Spiritus_gratia
3192 2582 3422 2647 Christo
3470 2590 3668 2670 nuptis

2024 2661 2335 2723 animabus
2365 2681 2471 2744 pro
2500 2665 2678 2726 arrha
2707 2665 2901 2729 datur.
2930 2666 3001 2729 Et
3046 2661 3667 2749 quemadmodum-fe-

2026 2750 2187 2812 mina
2215 2752 2347 2814 sine
2401 2754 2578 2843 arrha
2631 2773 2750 2816 non
2806 2764 2896 2818 est
2950 2775 3161 2822 secura
3189 2764 3669 2843 conjunctionem

2027 2858 2161 2901 cum
2192 2842 2319 2902 viro
2350 2841 2622 2905 stabilem
2653 2852 2709 2906 el
2738 2844 3213 2910 indissolubilem
3243 2841 3369 2914 fore
3398 2871 3417 2917 ξ
3446 2855 3529 2918 ita
3558 2877 3671 2921 nec

2027 2929 2241 3026 animae
2271 2932 2336 2993 ﬁt
2359 2940 2521 2994 certa
2543 2933 2717 3010 ﬁdes,
2743 2952 2879 2997 eum
2898 2936 3213 3017 aliquando
3232 2960 3366 3003 cum
3387 2944 3661 3026 Domino,

292 3020 446 3080 ϐάνει
476 3022 834 3103 πληροφορίαν
889 3022 1041 3097 ποτὲ,
1088 3027 1180 3078 τοῦ
1238 3021 1370 3096 μετὰ
1412 3029 1504 3078 τοῦ
1551 3023 1817 3079 Δεσπότου
1845 3025 1940 3081 αὒ-

2031 3027 2089 3080 et
2117 3018 2240 3081 Deo
2266 3038 2374 3083 suo
2406 3021 2467 3082 in
2498 3023 2694 3084 omnis
2752 3024 2859 3086 aevi
2914 3028 3102 3107 spatia
3130 3029 3407 3107 futuram,
3440 3044 3542 3097 aut
3567 3018 3666 3099 ar;

293 3117 401 3180 τῆς
444 3113 533 3169 καὶ
570 3119 721 3169 -Θεοῦ
768 3113 841 3175 εἰς
897 3112 1091 3174 αἰῶνας
1146 3110 1407 3191 συνέσθαι,
1453 3111 1489 3180 ἢ
1545 3118 1812 3187 μυστικῶς
1860 3115 1947 3169 καὶ

292 3203 673 3283 ἀνεκφράστως
744 3205 887 3276 αὒτῷ
942 3203 1313 3272 συνάπτεσθαι,
1377 3202 1464 3257 καὶ
1520 3209 1611 3257 τοῦ
1662 3201 1944 3281 ἀπροσίτου

292 3289 531 3355 κάλλους
580 3289 929 3347 ἐπαπολαύειν
974 3290 1154 3367 αὐτοῦ,
1201 3291 1245 3346 εἰ
1303 3288 1379 3366 μὴ
1422 3295 1520 3357 τῆς
1565 3291 1786 3370 χάριτος
1842 3289 1941 3346 αὗ-

291 3387 397 3437 τοῦ
423 3380 514 3437 τὸν
543 3376 817 3458 ἀρραϐῶνα
844 3376 1018 3455 λάϐοι,
1071 3381 1159 3435 καὶ
1200 3385 1451 3457 γνωστῶς
1512 3379 1664 3436 αὒτὸν
1695 3378 1748 3437 ἐν
1780 3381 1941 3456 ἑαυτῇ

286 3471 587 3540 κτήσηται.

382 3548 483 3631 οζ’.
514 3544 607 3617 "Ov
649 3559 843 3637 τρόπον
886 3560 933 3615 οἱ
979 3557 1299 3637 γραφόμενοι
1355 3554 1662 3633 συμϐολικοὶ
1716 3558 1937 3638 χάρται,

290 3652 349 3707 εἰ
418 3649 497 3725 μὴ
566 3648 872 3728 ὑπογραφεῖς
951 3645 1261 3711 ἀξιοπίστων
1341 3646 1614 3726 μαρτύρων
1670 3644 1938 3727 δέξωνται,

289 3742 397 3798 οὒκ
451 3735 590 3794 ἔστιν
643 3739 671 3792 ὁ
718 3734 953 3814 ἆῤῥαϐὼν
1002 3732 1237 3811 βέϐαιος,
1299 3735 1462 3799 οὕτως
1515 3735 1629 3792 οὐδὲ
1686 3737 1787 3816 πρὸ
1844 3741 1942 3802 τῆς

290 3826 547 3907 ἐργασίας
576 3830 680 3881 τῶν
710 3822 959 3903 ἐντολῶν,
1004 3826 1091 3880 καὶ
1146 3829 1243 3892 τῆς
1294 3831 1398 3880 τῶν
1428 3824 1625 3904 ἀρετῶν
1671 3826 1933 3899 κτήσεως,

290 3913 546 3996 ἀσφαλὴς
576 3914 613 3980 ἡ
643 3919 740 3981 τῆς
771 3913 991 3994 χάριτος
1048 3910 1313 3989 ἕλλαμψις
1371 3915 1567 3991 γίνεται
1603 3929 1617 3943 '
1666 3912 1795 3993 ὅπερ
1839 3914 1939 3992 γὰρ

291 4006 358 4062 ἐν
390 4016 506 4066 τοῖς
535 4003 835 4083 συμφώνοις
880 4005 926 4059 οἱ
956 4003 1235 4082 μάρτυρες,
1288 4009 1443 4059 τοῦτο
1498 4001 1583 4058 ἐπὶ
1638 4011 1730 4061 τοῦ
1773 4023 1939 4058 πνευ-

290 4100 530 4172 ματικοῦ
570 4090 867 4171 ἆῤῥαϐῶνος
937 4094 972 4160 ἡ
1030 4098 1135 4148 τῶν
1194 4090 1420 4149 ἐντολῶν
1479 4091 1693 4171 ἐργασία
1748 4093 1835 4148 καὶ
1892 4095 1944 4149 αἱ

2029 3127 2199 3205 cano,
2235 3116 2292 3205 et
2318 3108 2720 3205 inexplicabili
2752 3114 2953 3205 modo,
2985 3136 3119 3177 cum
3168 3118 3297 3198 ipso
3327 3126 3667 3205 copulatum

2026 3197 2105 3298 iri
2124 3205 2192 3298 et
2212 3290 2222 3300 _
2239 3198 2643 3300 inaccessibili
2679 3203 2807 3300 ejus
2862 3204 3302 3285 pulchritudine
3329 3197 3666 3300 fruituram,

2025 3287 2141 3381 pisi
2171 3290 2306 3382 ejus
2326 3290 2542 3386 gratim.
2575 3292 2971 3382 arrhabonem
3001 3299 3322 3380 acceperit,
3352 3287 3668 3386 ipsumque

2025 3369 2087 3429 in
2118 3387 2183 3430 se
2221 3370 2420 3432 sciens
2450 3368 2746 3435 habuerit.

2108 3546 2202 3609 '77.
2228 3546 2532 3619 Quomodo
2551 3550 2768 3613 chartae
2788 3552 3145 3633 symbolicae,
3161 3557 3672 3626 seuinstrumenta

2023 3634 2180 3697 inter
2207 3639 2644 3715 contrahentes,
2680 3641 2795 3702 nisi
2851 3650 3032 3708 testes
3059 3645 3262 3708 idonei
3295 3648 3666 3731 subscripse-

2025 3726 2167 3807 rint,
2199 3727 2356 3788 ﬁrmi
2386 3746 2454 3790 ac
2485 3729 2632 3790 certi
2683 3731 3037 3795 arrhabonis
3095 3735 3210 3796 vim
3243 3754 3360 3797 non
3393 3726 3615 3801 habent
3650 3761 3664 3801 :

2027 3814 2112 3876 sic
2143 3833 2335 3896 neque
2363 3825 2681 3898 antequam
2747 3821 3020 3883 mandata
3065 3824 3172 3886 Dei
3202 3843 3384 3904 opere
3412 3827 3573 3902 ﬁant,
3611 3839 3671 3891 et

2022 3905 2267 3967 virtutes
2295 3908 2598 3988 acquisita;
2644 3907 2784 3983 sint,
2845 3920 3006 3972 certa
3062 3911 3263 3992 gratia;
3312 3914 3667 3980 illuminatio

2025 3994 2331 4075 contingit.
2364 3995 2529 4067 Quod
2559 3997 2719 4058 enim
2770 3997 2832 4058 in
2880 4000 3064 4080 pactis
3117 4010 3174 4062 et
3202 4006 3506 4067 conventis
3532 4016 3670 4068 sunt

2027 4095 2229 4163 testes,
2264 4084 2400 4146 boc'
2432 4085 2491 4146 in
2539 4086 2832 4167 spirituali
2883 4088 3220 4152 arrhabone
3251 4094 3663 4158 mandatorum

386 4254 445 4305 ‘9
471 4251 654 4318 Levit.
689 4269 857 4335 xxvn,
898 4253 971 4319 i2
999 4273 1015 4331 ;
1046 4252 1098 4315 Il
1128 4251 1263 4316 Cor.
1297 4269 1378 4329 v1,
1416 4252 1512 4317 16.
1598 4250 1657 4302 ³ο
1687 4251 1895 4317 Matth.
1929 4269 2017 4333 in,
2046 4253 2109 4313 2.

291 4432 358 4484 et
384 4422 817 4497 persolvendam
862 4423 1088 4497 cuique,
1136 4429 1306 4497 prout
1350 4421 1544 4480 vivens
1592 4422 1655 4480 in
1691 4422 1800 4482 hac
1830 4417 2279 4497 vitaDspiritns,
2308 4416 2549 4497 stultitia
2575 4417 2728 4475 enim
2758 4420 2988 4497 est_il_li_s
3016 4419 3069 4490 (Ι
3113 4422 3234 4480 Cor.
3285 4431 3344 4489 ιι,
3395 4425 3485 4493 14)
3521 4441 3533 4481 :
3582 4425 3669 4483 sic

292 4493 556 4580 meritus
573 4505 678 4579 est,
709 4493 1051 4580 mercedein,
1081 4493 1416 4580 ονδάιιηῖμ,
1503 4579 1510 4580 ί
1567 4579 1570 4580 ν
1631 4566 1642 4575 .
1854 4567 1909 4580 ..

384 4589 406 4619 ι
438 4568 495 4626 Si
523 4569 767 4639 Spiritus
823 4569 1003 4639 sancti
1057 4579 1289 4635 compos
1336 4572 1442 4635 est,
1491 4567 1725 4623 omnino
1754 4581 1825 4623 ex
1854 4567 1944 4639 his

342 4640 531 4721 uaenab
562 4637 685 4721 ipso
714 4639 772 4721 in
802 4645 858 4696 te
904 4637 1058 4721 ﬁunt
1093 4638 1947 4721 cognosces,.qutenApostolns

342 4654 433 4697 uae
460 4653 531 4698 an
562 4654 685 4711 ipso
714 4653 772 4695 ll]
802 4653 858 4696 te
904 4653 1047 4696 nunt
1093 4653 1423 4708 cognosces,
1468 4653 1595 4708 quae
1641 4653 1947 4708 Aposmius

294 4653 373 4768 3e
405 4711 503 4769 illo
533 4712 777 4779 scripsit,
810 4724 938 4767 cum
989 4711 1101 4768 ait:
1172 4709 1273 4766 Ubi
1307 4707 1541 4778 spiritus
1591 4708 1837 4779 Domini,
1867 4710 1948 4766 ibi

301 4782 531 4864 libertas
577 4779 666 4864 (ΙΙ
705 4783 833 4839 Cor.
873 4793 935 4847 ιι,
981 4783 1091 4864 l7).
1140 4780 1246 4837 Et:
1300 4779 1512 4864 corpus
1552 4780 1769 4864 quidem
1796 4796 1949 4864 mor:

302 4858 465 4910 tuum
518 4860 595 4911 est
637 4868 866 4926 propier
894 4858 1180 4925 peccatum
1210 4868 1230 4909 :
1292 4856 1759 4926 spiritusmantgm
1814 4856 1950 4926 vivit

302 4869 465 4910 tuum
518 4869 595 4911 est
637 4869 709 4926 pr
782 4869 866 4918 ier
894 4869 1180 4925 peccatum
1210 4869 1230 4909 :
1292 4869 1525 4921 spiritus
1575 4869 1759 4906 autem
1814 4869 1949 4908 υιυιι

291 4932 528 5005 propter
561 4869 1018 5005 justiﬁationcm
1071 4926 1251 4996 (Rom.
1309 4932 1433 5005 vin,
1497 4923 1601 5005 10)..
1663 4922 1778 4979 Et:

301 4994 518 5054 Christi
544 4994 949 5067 sunt,'caruem
976 4994 1138 5054 suam
1183 4994 1589 5067 cruci/infuit!
1621 5007 1746 5067 cum
1772 4994 1946 5065 vitiis,

301 5072 355 5125 ει
385 5063 857 5148 _coucupis_ccntiis
902 5068 1019 5125 suis
1062 5063 1382 5148 {Gaiot.__v,
1436 5063 1549 5148 24).
1577 5063 1949 5148 Quicunque

301 5139 460 5217 enim
485 5137 790 5218 in_Spiritu
819 5148 1015 5218 sancto
1061 5137 1322 5218 baptiaati
1370 5143 1753 5218 sunt_,”tt)_tum
1783 5137 1946 5218 Chri-

300 5210 455 5268 stum
484 5205 794 5268 induerunt
825 5210 1003 5267 Gatat.
1052 5205 1153 5280 ιιι,⁷
1185 5208 1277 5280 27)
1302 5223 1325 5280 :_
1364 5215 1419 5264 et
1466 5207 1567 5280 ﬁlii
1617 5205 1763 5263 lucis
1791 5215 1945 5279 sunt,

301 5289 360 5338 et
388 5281 690 5360 in_lumine
716 5295 839 5360 non
872 5277 1444 5360 occiduo—ambulant
1485 5279 1638 5360 (Luc.
1684 5290 1784 5360 xv,
1841 5277 1942 5347 8)}

301 5360 359 5409 et
387 5352 639 5411 videntes
669 5351 941 5411 mundum
980 5367 1094 5410 non
1125 5351 1316 5409 vident
1337 5367 1350 5381 ο
1396 5358 1452 5406 et
1497 5350 1791 5407 audientes
1820 5364 1947 5421 quae

301 5424 519 5504 mundi
560 5434 714 5504 sunt,
773 5439 887 5483 non
927 5423 1185 5504 _audiunt
1249 5421 1565 5504 (Lua-XIII,
1596 5420 1746 5504 _10)._
1791 5420 1949 5504 Sicut

300 5492 800 5575 enim_l_itteris'est
826 5495 1092 5575 traditum
1123 5495 1193 5575 de
1239 5492 1565 5575 carnalibus
1596 5492 1946 5575 hominibus,

301 5578 401 5623 eos
431 5567 678 5639 videntes
724 5581 840 5625 non
884 5566 1097 5639 videre,
1144 5574 1201 5624 et
1244 5565 1462 5622 divinas
1514 5578 1607 5622 res
1652 5564 1948 5622 audientes

298 5649 418 5696 non
475 5637 817 5712 intelligere,
888 5637 1085 5710 neque
1132 5650 1336 5710 capere
1389 5650 1579 5708 posse,
1630 5650 1757 5708 quae
1814 5643 1947 5694 sunt

2026 4487 2172 4562 mihi
2199 4487 2268 4545 de
2311 4488 2383 4545 iis
2414 4489 2631 4562 cogita,
2680 4491 2778 4561 qui
2824 4487 3099 4562 Spiritum
3140 4487 3399 4553 sanctum
3430 4487 3577 4555 intra
3608 4513 3671 4555 se

2026 4561 2337 4618 continent.
2375 4561 2628 4635 ﬁestant
2682 4561 2913 4633 quidem
2969 4578 3197 4635 corpus,
3250 4567 3350 4624 sed
3396 4568 3455 4623 in
3500 4581 3672 4626 carne

2026 4646 2143 4706 non
2165 4639 2300 4706 sunt
2321 4646 2349 4706 εΔ
2375 4632 2669 4706 Vos_enim,
2700 4632 2888 4706 inquit
2915 4632 3240 4706 Apostolus,
3274 4637 3335 4693 in
3362 4653 3532 4694 carne
3561 4654 3670 4696 non

2028 4704 2174 4779 estis,
2193 4702 2300 4779 sed
2323 4702 2390 4779 in
2414 4702 2621 4774 spiritu
2645 4721 2685 4779 ;Δ
2714 4702 2984 4779 siquidem
3022 4708 3264 4779 Spiritus
3310 4709 3413 4766 Dei
3457 4710 3675 4768 habitat

2028 4775 2091 4831 in
2115 4774 2266 4830 vobis
2293 4774 2471 4846 (Romi.
2495 4786 2622 4846 vui,
2658 4775 2693 4832 9
2722 4818 2734 4831 .
2771 4774 2977 4835 Μοτιυί
3009 4774 3146 4835 sunt
3169 4781 3405 4846 mundo,
3425 4790 3480 4837 et
3510 4796 3673 4839 mun-

2030 4847 2137 4902 dus
2168 4846 2327 4924 ipsns;
2359 4845 2696 4924 Mihienim,
2727 4848 2825 4924 ait,
2874 4850 3115 4907 mundus
3160 4851 3465 4924 cruci/imus
3491 4859 3590 4922 est,
3621 4857 3673 4910 et

2030 4932 2125 4988 ego
2154 4915 2359 4989 mundo
2389 4917 2590 4985 (Gutus.
2614 4930 2694 4989 Vt,
2729 4920 2834 4989 14).

2108 5009 2131 5040 ιι
2165 4986 2293 5061 Qui
2319 4988 2441 5044 haec
2485 4992 2648 5061 signa
2676 4986 2751 5049 ὀι
2794 4986 3077 5050 mirabilia
3119 4993 3179 5049 in
3221 5007 3282 5050 se
3322 4993 3464 5051 facta
3492 4993 3667 5059 novit,

2029 5072 2225 5136 revera
2259 5058 2472 5136 Deum,
2496 5058 2739 5136 etsigna
2787 5063 2953 5136 in_se
2992 5072 3190 5136 gestat.
3222 5078 3353 5121 cum
3382 5065 3582 5129 Deum,
3616 5058 3677 5121 id

2028 5138 2132 5204 est,
2164 5130 2353 5199 ipsum
2381 5130 2656 5202 Spiritum
2699 5130 3124 5191 sanctissimum
3169 5136 3416 5192 incolam
3446 5136 3672 5204 habeat,

2030 5203 2372 5277 loquentem,
2403 5211 2458 5260 et
2487 5211 2819 5277 operantom
2866 5206 2926 5261 in
2970 5220 3051 5273 se,
3102 5220 3230 5277 quae
3257 5220 3287 5263 a
3318 5206 3496 5264 Paulo
3526 5203 3675 5266 dicta

2029 5271 2180 5349 sunt.
2215 5271 2318 5339 Qui
2348 5271 2480 5349 vero
2511 5271 2632 5331 haec
2662 5277 2719 5332 in
2754 5291 2816 5333 se
2860 5271 3431 5349 nondum'cognovit,
3463 5291 3537 5335 ne
3565 5279 3676 5349 sibi

2032 5346 2202 5421 verba
2227 5349 2337 5404 det.
2372 5346 2684 5421 etiamnum
2714 5361 2846 5405 caro
2874 5358 2930 5421 et
2948 5349 3191 5421 sanguis
3219 5346 3305 5421 est
3322 5346 3566 5421 caligine
3584 5348 3676 5407 de-

2032 5413 2374 5488 sideriorum
2404 5419 2592 5488 carnis
2623 5427 2853 5488 opertus
2884 5413 3178 5477 videlicet:
3227 5419 3374 5477 Caro
3402 5413 3587 5477 autem
3627 5424 3679 5477 et

2031 5485 2261 5558 sanguis
2286 5503 2522 5564 regnum
2548 5485 2677 5564 θείς
2695 5490 2878 5564 (quod
2905 5501 2990 5549 est
3019 5491 3265 5563 Spiritus
3295 5492 3548 5564 sanctus)
3564 5490 3677 5550 non

2030 5566 2430 5629 consequentur
2458 5560 2513 5631 (Ι
2536 5561 2662 5617 Cor.
2693 5560 2788 5628 Xv,
2815 5560 2928 5630 50).
