4054 6114
433 301 552 370 647

1751 293 2136 369 SYMEONIS
2174 295 2528 368 IUNIORIS

3699 300 3808 368 648

428 437 753 520 exsecutio,
787 445 845 500 et
872 437 1140 501 virtutes.
1176 437 1322 500 Nam
1373 453 1480 518 per
1509 437 1636 500 haec
1663 437 2048 518 unusquisqun

2139 431 2342 513 ,ἀρεταὶ
2371 439 2724 508 καθεστήκασι
2760 457 2774 470 ·
2832 438 3036 496 τελείαν
3067 441 3167 518 γὰρ
3197 435 3280 499 διὰ
3304 439 3512 496 τούτων
3556 433 3807 511 λαμϐάνει

424 527 845 591 salvandorum
880 529 1207 610 perfectum
1238 525 1637 588 arrhabonem
1669 525 1916 588 obtinet.

505 702 603 767 78.
641 707 904 769 Primum
937 705 1466 786 permandatorum
1491 702 2078 784 obedientiamquasi
2143 725 2152 734 κ

423 804 714 857 conventa
746 794 1139 858 scribuntur:
1199 794 1417 855 deinde
1466 811 1574 874 per
1624 793 1869 855 virtutes
1929 792 2077 854 sub-

421 884 725 965 scribitur,
759 892 816 946 et
849 884 1082 963 signum
1112 883 1367 946 additur.
1429 882 1598 944 Tunc
1630 901 1884 964 sponsus
1914 881 2079 944 Chri-

420 981 546 1034 stus
576 973 789 1034 animae
835 989 1068 1053 sponsa:
1123 973 1432 1048 annulum,
1499 973 1624 1034 sive
1675 970 2075 1034 arrhabonem

2164 523 2264 590 τὴν
2292 534 2384 584 τοῦ
2425 524 2720 605 ἆῤῥαϐὧνος
2749 527 3075 609 κατάσχεσιν
3106 527 3328 592 ἕκαστος
3370 527 3482 584 τῶν
3515 522 3811 603 μελλόντων

2165 615 2494 684 σωθήσεσθαι
2505 665 2518 678 ,

2245 692 2356 768 οη’.
2388 709 2600 783 Πρῶτον
2631 705 2786 761 οἱονεὶ
2831 706 2897 764 τὰ
2953 707 3205 786 σύμφωνα
3247 706 3544 786 γράφονται
3590 702 3674 760 διὰ
3718 707 3810 771 τῆς

2163 788 2405 868 ἐργασίας
2463 799 2568 850 τῶν
2625 792 2875 874 ἐντολῶν,
2937 797 3061 852 ε’ίτα
3118 797 3220 852 ὑπὸ
3279 802 3385 852 τῶν
3432 797 3638 874 ἀρετῶν
3694 794 3809 849 ἐπι-

2162 881 2530 965 σφραγίζονται
2561 883 2646 938 καὶ
2699 884 3111 965 ὑπογράφονται.
3161 886 3258 943 Καὶ
3299 891 3598 953 τηνικαῦτα
3647 879 3808 939 ἐπιδί-

2160 964 2287 1022 δωσι
2317 971 2407 1024 τὸν
2437 967 2710 1026 δακτύλιον
2741 973 2768 1027 ὁ
2799 964 3020 1053 νυμφίος
3056 975 3279 1052 Χριστὸς
3320 979 3389 1049 τῇ
3419 974 3605 1052 νύμφῃ
3637 977 3808 1051 ψυχῇ,

421 1061 676 1143 Spiritus
706 1061 976 1140 largitur.

2159 1057 2320 1143 ἤγουν
2364 1062 2451 1143 «Ele
2497 1059 2772 1140 ἀρραϐῶνα
2801 1065 2892 1120 τοῦ
2923 1065 3250 1140 Πνεύματος.

500 1151 598 1214 79.
634 1132 1146 1222 Quemadmodum
1181 1168 1402 1230 sponsa
1443 1158 1579 1210 ante
1611 1148 1846 1229 nuptias
1877 1147 2048 1209 arrha

2210 1132 2340 1210 “00'.
2375 1132 2570 1230 υιὶσπερ
2596 1153 2630 1219 ἡ
2677 1152 2853 1232 νύμφη
2909 1155 3008 1226 πρὸ
3051 1132 3144 1213 τοῦ
3195 1154 3369 1232 γάμου
3411 1156 3507 1210 τὸν
3541 1150 3808 1231 ἀρραϐῶνα

418 1240 634 1304 bouem
692 1239 972 1301 duntaxat
1022 1257 1057 1298 a
1114 1257 1336 1319 sponso
1369 1239 1604 1318 accipit,
1670 1246 1897 1318 pactam
1933 1255 2048 1299 vert

2158 1237 2318 1310 μόνον
2368 1239 2510 1318 παρὰ
2562 1248 2656 1298 τοῦ
2711 1243 2932 1321 νυμφίου
2987 1239 3268 1322 λαμϐάνει,
3326 1242 3425 1309 τὴν
3471 1240 3529 1297 δὲ
3589 1261 3806 1320 συμφω-

418 1329 644 1403 dotem,
708 1336 766 1390 et
817 1327 1116 1408 promissa
1174 1327 1348 1390 simul
1420 1327 1576 1388 dona
1645 1333 1775 1406 post
1836 1325 2048 1406 nuptia:

2151 1329 2402 1392 νηθεϊσαν
2457 1341 2680 1408 προῖκα,
2729 1331 2815 1385 καὶ
2855 1331 2950 1395 τὰς
3007 1331 3061 1388 ἐν
3123 1331 3255 1407 αὒτῇ
3282 1330 3674 1411 ὑποσχεθείσας
3718 1327 3808 1384 δω.

419 1416 888 1498 eXSpectat:sic
946 1424 1005 1477 et
1066 1433 1283 1496 sponsa
1336 1416 1598 1477 ﬁdelium
1658 1415 1946 1490 Ecclesia,
2011 1434 2042 1476 e

2150 1414 2293 1492 ρεάς,
2325 1415 2458 1489 μετά
2501 1418 2591 1471 τὸν
2648 1416 2820 1494 γάμον
2878 1415 3061 1475 λαϐεῖν
3119 1417 3474 1499 ἀπεκδέχεται
3509 1432 3528 1449 ⁶
3578 1418 3718 1474 οὕτω
3747 1416 3806 1484 δὴ

416 1506 886 1586 uniuscujusque
917 1513 1180 1565 nostrum
1215 1505 1433 1581 anima,
1470 1506 1725 1584 primum
1759 1504 2000 1584 quidem
2033 1525 2048 1565 ε

2153 1504 2240 1558 καὶ
2281 1505 2315 1570 ἡ
2347 1504 2522 1583 νύμφη
2553 1511 2656 1560 τῶν
2716 1508 2916 1562 πιστῶν
2962 1504 3278 1582 Ἐκκλησια,
3325 1510 3413 1564 καὶ
3441 1508 3476 1574 ἡ
3505 1506 3665 1585 ψυχὴ
3694 1507 3805 1569 ἑνὸς

417 1596 650 1658 Christo
669 1577 898 1674 vspo'nso
929 1593 1120 1654 solum
1172 1577 1570 1654 arrhabon'em
1620 1577 1877 1674 Spiritus
1907 1594 2048 1655 acci‘

2155 1592 2373 1647 ἑκάστου
2430 1594 2611 1673 ἡμῶν,
2670 1596 2880 1671 πρῶτον
2955 1597 3056 1650 ὑπὸ
3127 1604 3218 1652 τοῦ
3288 1598 3511 1677 νυμφίου
3586 1595 3805 1674 Χριστοῦ

416 1686 522 1766 pit,
559 1693 782 1745 aeterna
812 1691 1008 1745 autem
1039 1681 1193 1743 bona
1225 1691 1283 1743 et
1343 1701 1591 1762 regnum
1623 1683 1906 1745 caelorum
1941 1701 2044 1763 pos

2149 1683 2241 1736 τὸν
2288 1680 2560 1761 ἀρραϐῶνα
2607 1683 2766 1758 μόνον
2810 1681 3065 1758 λαμϐάνει
3095 1691 3189 1741 τοῦ
3235 1687 3545 1760 Πνεῦματος
3581 1699 3595 1713 ⁸
3648 1685 3713 1741 τὰ
3752 1681 3803 1739 δὲ

417 1773 832 1852 migrationem
868 1791 938 1834 ex
968 1772 1077 1833 hac
1110 1772 1240 1832 luce
1299 1777 1644 1852 exspectat:
1699 1789 1804 1852 per
1853 1773 2062 1832 arrha-

412 1861 630 1924 bouem
667 1862 842 1942 plene
874 1878 1184 1943 persuasa,
1217 1860 1520 1940 sibipacta
1549 1861 1678 1922 sine
1712 1860 1832 1924 ulla
1853 1861 2068 1923 fraude

410 1959 721 2014 eventura.

493 2221 590 2285 80.
613 2217 1132 2292 Quemadmodum
1147 2237 1366 2300 sponso
1385 2219 1606 2281 diutius
1619 2219 2054 2299 peregrinante,

409 2317 510 2372 aut
534 2309 666 2370 aliis
699 2309 759 2369 in
790 2307 1045 2386 negotiis
1101 2315 1409 2387 occupato,
1465 2315 1522 2370 et
1549 2308 1788 2370 interim
1824 2309 2060 2390 nuptia-

404 2417 538 2460 rum
591 2406 824 2476 tempus
879 2397 1285 2458 extrahentcm
1349 2397 1398 2457 si
1453 2415 1670 2477 sponsa
1728 2398 1876 2460 irata
1935 2398 2064 2477 ejus

408 2506 674 2550 amorem
708 2485 1155 2564 contempserit,
1188 2485 1575 2567 libellumque
1605 2486 2059 2548 arrhabonicum

407 2584 508 2638 aut
552 2575 860 2645 deleverit,
913 2582 1012 2635 aut
1060 2575 1445 2650 consciderit,
1492 2575 1805 2637 confestim
1856 2595 2062 2637 eorum

407 2684 538 2743 spe,
571 2683 706 2745 qua:
737 2682 770 2724 a
801 2681 1018 2743 sponso
1043 2663 1419 2743 exspectabat
1440 2664 1778 2728 frustratur.
1810 2664 2063 2726 Perinde

404 2754 467 2815 in
498 2754 698 2815 anima
729 2752 858 2814 ﬁeri
909 2752 1080 2813 solet.
1135 2753 1285 2815 Nam
1346 2771 1480 2813 cum
1537 2753 1670 2834 quis
1703 2754 2059 2814 certantium

405 2842 623 2904 dixerit
645 2859 954 2923 quousque
977 2840 1122 2901 mihi
1157 2841 1505 2903 aﬂlictiones
1527 2842 1850 2903 tolerandae
1876 2839 2062 2903 sunt?

2151 1770 2334 1826 αἰώνια
2365 1771 2553 1850 ἀγαθὰ,
2608 1772 2696 1827 καὶ
2752 1772 2850 1838 τὴν
2908 1773 3144 1851 οὗράνιον
3201 1774 3496 1849 βασιλείαν,
3546 1774 3681 1848 μετὰ
3709 1773 3802 1840 τὴν

2151 1856 2347 1915 ἐνθένδε
2377 1858 2676 1934 ἀποδημίαν
2708 1857 2894 1916 λαϐεῖν
2915 1861 3289 1941 ἀπεκδέχεται,
3321 1860 3798 1942 πληροφορουμένη

2149 1944 2232 2002 διὰ
2273 1955 2362 2003 τοῦ
2412 1947 2732 2026 ἀρῤαϐὤνος,
2787 1947 3243 2024 ὑποδεικνύοντος,
3291 1954 3364 2015 ὡς
3421 1951 3477 2007 ἐν
3535 1951 3796 2030 ἐσόπτρῳ,

2147 2042 2310 2091 ταῦτα
2340 2038 2495 2116 αὐτῇ,
2527 2038 2614 2092 καὶ
2666 2034 3004 2113 βεϐαιοῦντος
3048 2040 3112 2094 τὰ
3169 2037 3638 2118 συμπεφωνημένα
3669 2039 3798 2114 μετὰ

2149 2131 2242 2180 τοῦ
2289 2126 2554 2182 Δεσπότου
2584 2126 2747 2193 αὐτῆς
2780 2129 2867 2182 καὶ
2897 2135 3054 2189 Θεοῦ.-

2230 2204 2312 2275 π’.
2346 2215 2591 2294 Καθάπερ
2648 2213 2988 2294 βραδύνοντος
3041 2221 3132 2273 τοῦ
3189 2215 3408 2296 νυμφίου
3468 2215 3532 2271 ἐκ
3587 2215 3793 2283 ἀποδη-

2152 2304 2267 2376 μίᾳ,
2314 2303 2349 2371 ἢ
2409 2303 2882 2383 ἀπασχολουμένου
2952 2304 3004 2360 ἐν
3064 2304 3267 2384 ἑτέραις
3321 2308 3455 2362 τισὶν
3499 2307 3788 2382 δποθέσεσι,

2146 2393 2233 2449 καὶ
2273 2393 2363 2448 τὸν
2393 2393 2564 2471 γάμον
2611 2394 2744 2456 τέως
2793 2393 3193 2472 ὑπερτιθεμένου
3250 2400 3498 2474 ποιῆσαι,
3559 2396 3648 2450 ἐὰν
3697 2397 3788 2474 ὀρ-

2145 2485 2387 2560 γισθεῖσα
2428 2482 2463 2548 ἡ
2519 2483 2722 2561 νύμφη,
2779 2487 2877 2548 τῆς
2928 2481 3124 2536 ἐκείνου
3181 2481 3396 2559 ἀγάπης
3447 2484 3785 2562 καταφρονή-

2146 2593 2233 2648 σῃ,
2282 2571 2367 2625 καὶ
2422 2572 2511 2627 τὸν
2570 2567 2924 2648 ἀῤῥαϐωνικὸν
2983 2571 3218 2650 χάρτην,
3281 2571 3317 2638 ἢ
3381 2569 3686 2646 ἀπαλείφει,
3749 2571 3782 2638 ἢ

2143 2658 2424 2740 διαῤῥήξει,
2470 2659 2707 2716 ἐκπίπτει
2757 2665 2860 2717 τῶν
2923 2662 3054 2738 πρὸς
3127 2661 3218 2715 τὸν
3273 2662 3493 2739 νυμφίον
3563 2658 3778 2716 ἐλπίδων

2143 2751 2284 2813 εὒθύς
2320 2769 2338 2785 ·
2388 2748 2524 2804 οὕτω
2595 2750 2681 2804 καὶ
2735 2749 2820 2805 ἐπὶ
2872 2753 2968 2816 τῆς
3029 2753 3214 2828 ψυχῆς
3269 2748 3487 2828 πέφυκε,
3527 2749 3768 2827 γίνεσθαι,

2145 2836 2310 2896 Ἐπάν
2365 2839 2463 2916 γὰρ
2506 2837 2639 2913 εἴπῃ
2697 2860 2776 2900 τις
2830 2845 2934 2894 τῶν
2984 2837 3410 2915 ἀγωνιζομένων,
3463 2822 3589 2900 σΕως
3646 2837 3770 2893 πότε

406 2930 759 3011 laboresque
785 2930 1074 2990 asceticos
1107 2930 1574 3009 parvipenderit,
1631 2949 1698 2991 ac
1730 2948 1835 3011 per
1864 2929 2048 3009 negli-

2142 2929 2469 2984 κακοπαθεῖν
2527 2927 2764 3006 ὀφείλω;
2831 2928 2918 2982 καὶ
2975 2932 3078 2981 τῶν
3137 2926 3437 2992 ἀσκητικῶν
3492 2927 3661 2982 πόνων
3712 2945 3766 2978 τε

403 3023 664 3100 gentiam
697 3017 1132 3092 mandatorum,
1168 3018 1850 3100 praetermissionemque
1872 3019 2062 3100 poeni-

406 3109 605 3172 tentia;
634 3107 996 3189 quotidianae
1020 3115 1188 3187 pacta
1209 3107 1646 3186 quodammodo
1671 3107 1980 3181 deleverit,
2001 3117 2057 3170 et

401 3197 785 3276 consciderit,
818 3195 1013 3257 statim
1048 3201 1108 3256 et
1161 3196 1578 3272 arrhabonem,
1632 3205 1688 3260 et
1715 3215 1886 3278 spem
1917 3215 2054 3278 erga

401 3287 589 3350 Deum
623 3285 818 3367 perdit
847 3283 1105 3364 penitus.

478 3465 580 3528 8|.
609 3463 774 3526 Sicut
803 3480 1046 3541 sponsa,
1107 3462 1156 3522 si
1212 3479 1478 3524 amorem
1538 3479 1707 3523 suum
1739 3462 1812 3524 ad
1843 3463 2046 3546 alium,

398 3573 572 3634 quam
600 3553 672 3614 ad
730 3549 996 3612 debitum
1054 3549 1168 3611 sibi
1223 3569 1506 3630 sponsum
1568 3551 1957 3623 transtulerit,
1993 3561 2052 3614 et

395 3661 530 3704 cum
561 3661 630 3703 eo
661 3639 750 3701 vel
782 3641 955 3711 clam,
979 3639 1071 3700 Vcl
1093 3639 1282 3720 palam
1318 3638 1617 3701 cubilibus
1649 3642 2045 3717 consueverit,

394 3751 514 3793 non
544 3731 732 3792 solum
769 3729 916 3790 nihil
949 3728 1373 3809 promissorum
1406 3747 1439 3789 a
1485 3747 1702 3810 sponso
1733 3749 2047 3792 munerum

394 3820 698 3900 sperabit:
735 3818 838 3880 sed
873 3816 1089 3898 potius,
1116 3836 1225 3879 nec
1248 3817 1571 3893 immerito,
1604 3820 2047 3883 accusationem

395 3917 452 3971 et
481 3926 713 3989 poenam
748 3925 817 3969 ex
869 3906 1097 3986 legibus
1158 3905 1560 3986 exspectabit:
1623 3907 1704 3969 ita
1734 3907 2045 3972 nobiscum

392 3998 522 4060 ﬁeri
553 3999 726 4060 solet.
761 3996 822 4059 Si
853 3997 984 4075 quis
1034 4014 1302 4058 amorem
1353 4014 1491 4076 erga
1548 4015 1834 4076 sponsum
1867 3999 2043 4061 Chri-

391 4093 545 4147 stum
576 4086 651 4148 ad
708 4085 859 4147 alius
902 4085 1236 4166 cujuspiam
1295 4085 1386 4147 rei
1441 4084 1810 4147 desiderium
1841 4097 2045 4168 aperte

390 4178 775 4250 converterit,
830 4182 930 4235 aut
985 4175 1217 4236 occulte
1270 4193 1373 4236 cor
1429 4174 1558 4254 ejus
1615 4195 1684 4237 eo
1731 4175 2040 4239 obsessum

2139 3018 2226 3072 καὶ
2255 3016 2474 3095 ἀγώνων
2505 3013 2937 3094 κατολιγωρήσῃ,
2991 3016 3078 3070 καὶ
3135 3013 3218 3070 διὰ
3270 3019 3366 3081 τῆς
3393 3013 3630 3088 ἀμελείας
3661 3011 3761 3068 τῶν

2138 3104 2386 3180 ἐντολῶν,
2433 3105 2520 3161 καὶ
2561 3103 2924 3180 καταλείψεως
2985 3109 3086 3171 τῆς
3144 3103 3408 3171 διηνεκοῦς
3471 3101 3761 3181 μετανοίας,

2137 3195 2290 3251 οἱονεὶ
2354 3193 2626 3270 ἀπαλείψῃ
2697 3195 2784 3250 καὶ
2858 3191 3107 3271 διαῤῥήξῃ
3184 3195 3249 3249 τὰ
3303 3193 3568 3271 σύμφωνα,
3625 3190 3769 3253 εὒθὺς

2134 3283 2373 3341 ἐκπίπτει
2403 3285 2488 3340 καὶ
2515 3289 2608 3339 τοῦ
2638 3280 2958 3361 ἀρῥαϐὦνος,
2990 3284 3078 3339 καὶ
3110 3288 3210 3348 τῆς
3240 3283 3372 3361 πρὸς
3416 3283 3544 3338 Θεὸν
3571 3277 3771 3343 ἐλπίδος

2132 3372 2346 3437 τελείως
2359 3422 2372 3436 ,

2213 3452 2330 3522 πα’.
2384 3452 2562 3541 Ὠσπερ
2605 3463 2640 3530 ὴ
2685 3462 2864 3543 νύμφη
2897 3459 2986 3516 ἐὰν
3042 3462 3173 3539 πρὸς
3221 3459 3394 3538 ἕτερον
3425 3461 3526 3528 τὴν
3567 3460 3770 3538 ἀγάπην

2131 3559 2224 3609 τοῦ
2252 3551 2600 3632 ἁρμοσθέντος
2646 3555 2778 3627 αὐτῇ
2836 3550 3052 3631 νυμφίου
3104 3550 3391 3625 μετάθηται
3441 3551 3529 3605 καὶ
3558 3570 3771 3628 συγκοι-

2130 3644 2298 3716 τασθῇ
2356 3645 2496 3715 αὒτῷ
2552 3641 2791 3720 φανερῶς
2849 3639 2884 3707 ἢ
2959 3639 3240 3718 λαθραίως,
3303 3643 3362 3697 οὗ
3417 3639 3578 3714 μόνον
3633 3636 3770 3698 οὐδὲν

2131 3727 2190 3782 ἐκ
2245 3728 2349 3784 τῶν
2393 3727 2789 3807 ὕποσχεθέντων
2835 3729 2969 3804 αὖτῇ
3026 3728 3168 3805 παρὰ
3209 3735 3301 3784 τοῦ
3357 3727 3576 3806 νυμφίου
3630 3725 3769 3802 λαμ-

2131 3816 2300 3896 ϐάνει,
2332 3815 2468 3873 ἀλλά
2509 3819 2597 3873 καὶ
2626 3818 2880 3895 τιμωρίας
2928 3820 3016 3873 καὶ
3073 3817 3274 3892 μέμψιν
3335 3816 3434 3883 τὴν
3489 3815 3546 3871 ἐκ
3575 3825 3665 3875 τοῦ
3692 3817 3770 3872 νό-

2131 3929 2231 3983 μου
2274 3905 2623 3985 προσδοκήσει
2667 3907 2821 3972 ἀξίως
2857 3925 2869 3940 '
2928 3906 3065 3962 οὕτω
3108 3903 3172 3972 δὴ
3223 3906 3310 3961 καὶ
3354 3905 3438 3960 ἐπὶ
3494 3907 3648 3980 ἡμῶν
3689 3906 3769 3983 γί-

2137 3999 2270 4053 νεθαι
2325 3995 2577 4074 πέφυκεν,
2651 3997 2776 4054 Ἐὰν
2845 3997 2943 4075 γὰρ
3002 3995 3293 4071 μετάθηταί
3347 4017 3428 4059 τις
3481 3995 3580 4062 τὴν
3634 3995 3769 4072 ἀγά-

2127 4107 2234 4152 πην
2325 4095 2418 4144 τοῦ
2500 4087 2721 4166 νυμφίου
2827 4091 3049 4164 Χριστοῦ
3141 4085 3273 4162 πρὸς
3374 4081 3534 4145 ἄλλου
3632 4085 3769 4146 τινὸς

2124 4175 2432 4253 πράγματος
2513 4174 2810 4250 ἐπιθυμίαν,
2899 4175 3134 4254 φανερῶς
3223 4172 3258 4240 ἢ
3329 4171 3612 4251 λαθραίως,
3687 4173 3769 4228 καὶ

389 4263 589 4340 fuerit,
621 4264 750 4342 ejus
780 4263 976 4324 anima
1006 4281 1223 4343 Sponso
1283 4263 1509 4338 odiosa,
1563 4270 1622 4325 et
1653 4267 2036 4329 exsecrabilis

2139 4267 2360 4342 ιρατηθῇ
2415 4265 2449 4331 ἡ
2511 4261 2694 4343 καρδίᾳ
2736 4267 2892 4321 αὐτοῦ
2954 4261 3005 4318 ἐν
3067 4264 3232 4336 αὐτῷ,
3293 4262 3496 4336 μισητή
3542 4261 3652 4316 ἐστι
3697 4268 3770 4335 τῷ

387 4350 692 4431 ipsiusque
721 4349 1164 4429 conjunctione,
1221 4369 1289 4411 ac
1340 4350 1596 4411 thalamo
1629 4351 1870 4431 indigna
1900 4354 2012 4416 erit

386 4437 545 4500 Dixit
573 4438 772 4500 enim:
818 4458 837 4493 ι
873 4437 994 4514 Ego
1024 4437 1340 4517 diligentes
1372 4458 1486 4517 me_
1517 4440 1698 4521 diligo
1728 4441 1782 4492 21
1815 4444 1964 4522 (14).
1998 4464 2028 4505 »

463 4695 513 4740 ²¹
545 4691 715 4758 Prov.
745 4711 874 4758 vut.
911 4693 1008 4758 l7.

455 4869 566 4939 (14)
594 4866 752 4923 Adde
781 4865 1074 4939 sequentia
1130 4880 1201 4922 ex
1245 4865 1529 4924 Pontano:
1585 4887 1610 4921 ‹
1657 4871 1917 4929 Arrhaho
1965 4868 2026 4928 in

382 4938 472 4996 his
500 4939 596 5010 qui
627 4940 816 5008 ipsum
846 4938 1033 5010 adepti
1068 4946 1221 5003 sunt,
1253 4953 1369 4996 non
1400 4947 1485 4996 est
1499 4941 1887 5007 enuntiahilis,
1908 4957 2023 5000 non

379 5009 716 5084 intelligitur
743 5019 798 5066 et
841 5009 1208 5084 intelligitur,
1249 5025 1374 5084 non
1414 5017 1638 5084 tenetur
1685 5021 1739 5069 et
1779 5021 2024 5084 tenetur,

379 5095 495 5139 non
527 5081 746 5138 videtur
774 5087 829 5137 et
873 5081 1114 5151 videtur,
1162 5082 1316 5152 vivit,
1361 5081 1633 5152 loquitur,
1663 5092 1941 5151 movetur,
1972 5081 2027 5143 et

377 5153 763 5226 possidentem
795 5166 856 5226 se
884 5153 1321 5226 movet._Avolat
1369 5167 1440 5209 ex
1466 5154 1658 5210 arcula
1688 5155 1748 5210 in
1778 5169 1889 5226 qua
1918 5157 2024 5214 sub

377 5223 931 5304 siguoyoncluditur
964 5241 976 5280 :
1011 5232 1067 5281 et
1092 5224 1298 5282 iterum
1329 5232 1534 5294 praeter
1561 5239 1720 5296 spem
1750 5223 1814 5282 in
1839 5241 1903 5284 ea
1933 5243 2024 5285 re—

377 5298 597 5364 peritu'r
618 5313 637 5352 :
667 5304 729 5353 ut
757 5308 1053 5364 possessor
1082 5310 1214 5352 eum
1259 5310 1368 5352 nec
1413 5304 1739 5354 constanter
1769 5311 2020 5365 manere,

375 5378 484 5423 nec
511 5368 638 5423 sine
666 5367 993 5424 reversione
1020 5368 1288 5424 recedere
1315 5366 1654 5425 arbitretur:
1689 5377 1743 5426 et
1772 5383 1889 5426 non
1919 5371 2022 5428 ha-

375 5435 517 5512 hens
545 5451 677 5512 eum
710 5445 979 5512 tanquam
1008 5438 1246 5512 habens,
1277 5447 1331 5496 et
1360 5439 1576 5497 habens
1607 5449 1878 5512 tauquam
1904 5456 2021 5500 non

372 5506 593 5564 habens
621 5509 710 5572 sit,
745 5506 938 5578 itaque
967 5510 1191 5566 sentiat.

449 5599 485 5664 ξ
510 5577 1001 5664 Quemadmodum
1026 5579 1108 5664 psi
1153 5580 1282 5651 quis
1317 5590 1502 5664 noctu
1548 5581 1608 5664 in
1655 5581 1877 5644 aedibus
1927 5585 2022 5664 sit,

374 5660 686 5719 earumque
707 5649 900 5719 januis
929 5647 1190 5721 undique
1213 5651 1478 5721 occlusis,
1531 5655 1580 5712 si
1621 5668 1804 5714 unum
1850 5647 2024 5716 ostio:

2119 4353 2344 4432 νυμφίῳ,
2401 4354 2488 4408 καὶ
2569 4350 2847 4431 βδελυκτὴ,
2917 4352 3004 4408 καὶ
3061 4349 3240 4415 ἀναξία
3314 4355 3413 4418 τῆς
3485 4351 3767 4428 σοναφείας

2120 4442 2277 4497 αὐτοῦ
2311 4459 2324 4472 ”
2387 4443 2572 4523 εἴρηκε
2621 4443 2720 4521 γάρ
2757 4457 2770 4471 ³
2834 4438 2978 4518 Ἐγὼ
3028 4441 3147 4504 τοὺς
3193 4439 3288 4496 ἐμὲ
3317 4437 3600 4519 φιλοῦντας
3630 4439 3768 4518 ἀγα-

2117 4553 2226 4595 πω,

2109 4867 2253 4939 lum,
2309 4878 2407 4927 aut
2471 4867 2777 4927 fenestram
2850 4867 3158 4940 aperuerit,
3190 4875 3279 4940 Net
3350 4881 3476 4940 eum
3531 4875 3767 4938 repente

2109 4937 2304 5012 fulgur
2335 4955 2640 4998 coruscum
2668 4937 3148 5010 circumfulserit,
3184 4937 3282 4995 ille
3327 4938 3511 4996 oculis
3541 4937 3765 5012 tantum

2109 5009 2471 5082 splendorem
2531 5025 2648 5069 non
2706 5011 2914 5081 ferens,
2971 5009 3119 5069 mox
3154 5025 3215 5068 se
3275 5019 3480 5076 tuetur,
3543 5009 3764 5068 lumina

2108 5083 2430 5156 claudit,et
2477 5084 2813 5140 extimescit.
2864 5084 2958 5140 Sic
2993 5085 3186 5156 etiam.
3213 5082 3436 5156 inclusa
3481 5082 3672 5138 anima
3690 5085 3764 5156 _in

2107 5155 2498 5221 sensibilihus,
2554 5156 2602 5212 si
2658 5165 2817 5211 extra
2871 5155 2989 5211 haec
3041 5153 3368 5224 aliqtiando,
3419 5162 3481 5210 ut
3527 5167 3628 5223 per
3681 5153 3767 5211 fe-

2103 5235 2374 5290 nestram,
2409 5238 2600 5283 mente
2632 5229 3008 5296 prospexerit,
3042 5240 3072 5282 a
3120 5224 3342 5293 fulgore
3394 5224 3756 5296 arrhabonis,

2102 5297 2202 5367 qui
2233 5299 2292 5354 in
2325 5298 2446 5368 ipsa
2478 5307 2584 5354 est.
2612 5295 2875 5368 aSpiritu
2911 5306 3130 5367 sancto,
3167 5296 3424 5368 inquam,
3455 5295 3761 5368 illustrata,

2102 5367 2416 5426 claritatem
2467 5367 3013 5426 luminis’sustiuere
3040 5381 3159 5425 non
3204 5367 3420 5432 valens,
3472 5367 3662 5424 subito
3707 5376 3764 5426 et

2104 5449 2297 5497 mente
2327 5440 2675 5511 percellitur,
2709 5447 2766 5511 et
2795 5450 2908 5497 tota
2937 5441 2995 5497 in
3027 5453 3088 5496 se
3115 5439 3298 5511 ipsam
3328 5439 3763 5511 pavitanscon-

2106 5507 2372 5584 trahitur.
2406 5511 2560 5584 velut
2589 5507 2669 5584 in
2692 5510 2927 5569 domum
2969 5507 3275 5584 quamdam
3321 5507 3428 5567 sub
3461 5507 3760 5568 sensibilia

2107 5589 2161 5639 et
2187 5583 2440 5641 humana
2470 5583 2780 5656 refugiens.
2815 5602 2840 5636 ›
