4054 6114
100 1410 105 1415 .
205 1363 644 1444 καταϐάλλονται,
679 1370 752 1430 ὡς
782 1368 1051 1446 ἀναγκαῖα
1098 1369 1186 1424 καὶ
1246 1369 1493 1447 χρήσιμα
1540 1382 1553 1396 ⁶

213 246 327 321 649

1547 242 1820 318 GAPITA
1860 242 2229 337 MORALIA.

3458 237 3582 314 650

287 375 399 462 πβ’,
438 384 569 444 Δέον
600 387 819 445 ἕκαστον
872 386 933 444 ἐκ
986 384 1092 444 τῶν
1120 383 1371 444 τοιούτων
1397 384 1630 461 σημείων
1671 405 1840 442 κατα-

2014 380 2114 444 82.
2149 380 2485 454 Quemlibet
2514 400 2583 444 ex
2606 380 3017 462 hujuscemodi
3048 381 3285 446 indiciis
3315 383 3581 447 animad‘

213 488 371 554 νοεῖν,
404 476 448 530 εἰ
503 477 594 532 τὸν
650 474 921 556 ἀρῤαϐῶνα
979 482 1070 532 τοῦ
1125 475 1431 551 Πνεύματος
1489 474 1550 530 ἐκ
1589 480 1680 530 τοῦ
1726 495 1855 547 νυμ-

212 562 325 643 φίου
351 564 440 619 καὶ
472 565 740 622 Δεσπότου
770 565 992 645 Χριστοῦ
1023 564 1244 645 εἴληφεν
1279 582 1292 596 ·
1350 566 1439 620 καὶ
1497 565 1541 619 εί
1598 563 1694 639 μὲν
1723 559 1851 617 ἕλα-

212 648 290 725 ϐε,
322 650 655 723 σπουδαζέτω
703 663 885 713 τοῦτον
929 653 1203 734 κατέχειν,
1263 654 1306 709 εἰ
1362 650 1416 708 δὲ
1464 653 1630 728 μήπω
1670 662 1852 712 τοῦτον

210 737 390 798 λαϐεῖν
420 739 641 822 ἠξιώθη,
671 740 1007 814 σπουδαζέτω
1052 739 1137 798 διὰ
1191 763 1296 797 των
1351 738 1517 821 ἔργων
1575 746 1679 797 τῶν
1709 741 1849 818 ἀγα-

211 834 332 910 θῶν,
388 833 477 890 καὶ
517 831 776 912 πράξεων,
834 836 922 890 καὶ
989 832 1317 912 θερμοτάτης
1375 831 1651 907 μετανοίας
1707 830 1851 894 αὖθις

208 916 411 999 λαϐεῖν,
445 922 531 977 καὶ
561 919 779 1000 φυλάξαι
832 922 987 980 αύτὸν
1044 919 1128 977 διὰ
1183 926 1282 987 τῆς
1324 921 1564 1001 ἐργοσίας
1620 920 1727 977 τῶν
1757 917 1850 975 ἐν-

208 1006 398 1083 τολῶν,
426 1012 514 1067 καὶ
542 1016 640 1078 τῆς
668 1015 775 1069 τῶν
803 1011 1001 1092 ἀρετῶν
1030 1011 1383 1081 ἐπικτήσεως.

283 1090 400 1178 πγ’.
456 1100 700 1179 Καθάπερ
752 1103 788 1168 ἡ
833 1090 997 1179 στέγη
1042 1101 1218 1168 πάσης
1272 1100 1460 1174 οἰκίας,
1509 1096 1594 1155 διὰ
1630 1104 1736 1155 τῶν
1764 1101 1850 1154 θε-

207 1184 397 1262 μελίων
446 1189 534 1244 καὶ
590 1193 690 1256 τῆς
742 1187 938 1256 λοιπῆς
996 1189 1214 1253 κτίσεως
1273 1188 1489 1245 ἵσταται
1522 1207 1539 1223 ’
1599 1187 1849 1250 ὡσαύτως

207 1273 257 1331 δὲ
310 1280 398 1333 καὶ
465 1277 530 1334 τὰ
584 1276 825 1358 θεμέλια,
895 1277 979 1335 διὰ
1048 1281 1110 1335 τὸ
1160 1279 1258 1346 τὴν
1313 1277 1507 1356 στέγην
1576 1276 1849 1354 βαστάζειν

1616 1365 1704 1422 καὶ
1733 1362 1792 1421 οὔ
1800 1385 1850 1420 τε

170 1453 366 1532 στέγη
414 1453 541 1536 δίχα
587 1456 840 1532 θεμελίων
896 1457 1226 1513 συνίστασθαι
1282 1455 1527 1536 φέφυκεν,
1589 1451 1708 1511 οὔτε
1755 1456 1845 1509 θε-

207 1542 375 1617 μέλιοι
405 1542 525 1600 ἄνευ
554 1545 749 1623 στέγης
803 1553 880 1620 τῷ
927 1543 1024 1620 ϐίῳ
1084 1542 1383 1626 χρειώδεις,
1443 1543 1481 1612 ἢ
1533 1541 1670 1607 ὅλως
1700 1541 1846 1623 ὠφέ-

204 1631 344 1709 λιμοί
399 1635 528 1690 εἰσιν
565 1651 579 1664 ·
640 1635 776 1691 οὕτω
826 1636 913 1693 καὶ
954 1637 989 1703 ἡ
1046 1634 1137 1692 τοῦ
1187 1634 1485 1709 Πνεύματος
1529 1633 1689 1712 χάρις
1732 1652 1847 1691 συν-

202 1737 440 1803 τηρεϊται
473 1721 556 1782 διὰ
585 1730 682 1792 τῆς
712 1724 961 1805 ἐργασίας
1015 1730 1121 1781 τῶν
1166 1722 1414 1797 ἐντολῶν,
1459 1723 1549 1779 καὶ
1598 1724 1650 1778 αἱ
1702 1721 1844 1800 πρά-

202 1809 300 1875 ξεις
356 1816 462 1868 τῶν
524 1811 774 1893 ἐντολῶν,
846 1811 931 1872 διὰ
984 1813 1081 1880 τὴν
1136 1821 1231 1871 τοῦ
1301 1819 1431 1870 Θεοῦ
1483 1809 1704 1891 δωρεὰν,
1763 1811 1838 1872 ὡς

201 1896 427 1974 θεμέλιοι
457 1898 900 1963 κασαϐάλλονται.
935 1902 1033 1959 Καὶ
1089 1899 1206 1958 οὔτε
1259 1901 1296 1969 ἡ
1339 1901 1496 1980 χάρις
1550 1898 1642 1956 τοῦ
1672 1898 1836 1955 Πνεύ-

203 2011 365 2064 ματος
393 1990 713 2069 παραμένειν
769 1993 907 2066 ἡμῖν
958 1990 1207 2071 πέφυκεν,
1268 1986 1387 2045 ἄνευ
1437 1994 1536 2056 τῆς
1588 1994 1700 2044 τῶν
1748 1987 1840 2044 ἐν-

201 2076 366 2134 τολῶν
412 2077 681 2160 ἐργασίας,
725 2078 841 2136 οὔτε
895 2081 933 2148 ἡ
986 2086 1092 2136 τῶν
1150 2077 1374 2135 ἐντολῶν
1425 2076 1662 2157 ἐργασία,
1721 2074 1842 2132 ἄνευ

202 2172 295 2235 λῆς
320 2170 543 2247 χάριτος
572 2179 666 2229 τοῦ
699 2170 849 2247 Θεοῦξ,
885 2171 1153 2250 χρήσιμος
1179 2170 1266 2224 καὶ
1295 2167 1561 2248 ὠφέλιμός
1592 2166 1756 2224 ἐστιν.

274 2251 387 2317 τπδ’.
442 2268 513 2316 Ον
540 2259 733 2338 τρόπον
761 2261 797 2327 ἡ
856 2259 1079 2336 ἅστεγος
1136 2259 1294 2331 οἰκία,
1340 2256 1535 2325 ἡιάπό
1592 2253 1840 2330 ἀμελείας

200 2348 287 2404 τοῖ’»
351 2350 626 2412 κτίσαντος
688 2347 852 2412 οὕτως
919 2349 1154 2428 ἐαθετσα,
1221 2348 1282 2403 οὗ
1353 2344 1513 2421 μόνον
1570 2341 1839 2423 ἄχρηστός

202 2434 364 2517 ἐστιν,
423 2435 557 2493 ἀλλὰ
631 2438 720 2493 καὶ
774 2435 1161 2516 καταγελᾶσθαι
1217 2442 1294 2510 τῷ
1363 2434 1595 2490 κτίσαντι
1648 2430 1841 2512 προξε-

202 2540 305 2601 νεῖ,
369 2525 507 2584 οὕτω
560 2527 649 2583 καὶ
704 2528 732 2582 ὁ
800 2528 921 2590 τοὺς
976 2525 1242 2601 θεμελίους
1293 2529 1391 2591 τῆς
1437 2522 1679 2603 ἐργασίας
1736 2526 1843 2576 τῶν

202 2613 428 2672 ἐντολῶν
476 2611 966 2690 καταϐαλλόμενος,
1023 2615 1112 2671 καὶ
1172 2615 1386 2693 τοίχους
1440 2609 1659 2687 ὑψηλῶν
1713 2609 1841 2688 ἀρε-

197 2708 301 2759 τῶν
360 2704 686 2782 ἀναστήσας,
746 2703 835 2764 ἐὰν
892 2703 969 2779 μὴ
1024 2703 1113 2758 καὶ
1163 2701 1263 2768 την
1320 2701 1477 2780 χάριν
1550 2698 1643 2755 τοῦ
1694 2699 1843 2775 ἁγίου

197 2793 523 2868 Πνεύματος,
596 2790 649 2849 ἐν
707 2791 895 2871 θεωρίᾳ
962 2792 1049 2847 καὶ
1104 2790 1295 2869 γνώσει
1351 2793 1533 2868 ψυχῆς
1584 2786 1838 2861 λήψεται,

193 2880 388 2952 ἀτελής
418 2881 552 2956 ἐστι,
589 2882 679 2937 καὶ
727 2881 869 2960 παρά
923 2885 1028 2935 τῶν
1086 2878 1302 2935 τελείων
1358 2874 1774 2951 κατελεούμενος
1822 2890 1835 2904 ’

193 2970 250 3027 ἐκ
302 2972 410 3050 γὰρ
464 2976 569 3028 τῶν
650 2967 754 3026 δύω
835 2968 1034 3026 τούτων
1064 2970 1300 3039 αἰτιῶν,
1375 2967 1573 3032 ταύτης
1628 2965 1841 3026 πάντως

190 3059 471 3140 ἐπέρηται
507 3078 519 3092 ·
554 3058 592 3127 ἢ
635 3060 737 3138 γὰρ
790 3063 889 3126 τῆς
948 3057 1223 3133 μετανοίας
1280 3053 1553 3131 ἠμέλησεν
1587 3072 1601 3089 ⁸
1649 3052 1685 3120 ἢ
1710 3055 1841 3140 πρὸς

191 3150 285 3216 τὴν
312 3139 452 3206 Ῠτῶν
507 3148 704 3227 ἀρετῶν
762 3145 1050 3226 συλλογὴν,
1127 3148 1200 3209 ὡς
1259 3147 1389 3224 πρὸς
1444 3141 1655 3216 ἄπειρον
1710 3139 1842 3208 ὕλην

191 3237 500 3318 ἀπειρηκὼς
556 3236 793 3312 ἐνέλειψέ
848 3258 966 3294 τινα
1041 3241 1148 3293 τῶν
1227 3232 1517 3292 δοκούντων
1540 3234 1657 3309 ’μὲν
1688 3233 1841 3307 ἡμῖν

189 3326 513 3408 ἐλαχίστων,
573 3324 872 3402 ἀναγκαίων
956 3322 1011 3380 δὲ
1070 3322 1236 3381 ὄντων
1292 3324 1423 3402 πρὸς
1478 3324 1567 3379 τὸν
1625 3321 1842 3400 ἀπαρτι-

188 3419 318 3494 σμὸν
370 3415 466 3472 τοῦ
514 3414 665 3471 οἴκου
720 3419 826 3469 τῶν
881 3413 1104 3493 ἀρετῶν,
1165 3416 1237 3478 ὡς
1297 3422 1375 3489 μὴ
1418 3410 1659 3468 δύνασθαι
1721 3409 1841 3467 ἄνευ

186 3506 429 3582 ἐκείνων,
461 3501 545 3561 διὰ
565 3509 667 3571 τῆς
712 3502 805 3561 τοῦ
852 3503 1154 3578 Πνεύματος
1210 3503 1455 3583 χάριτος,
1492 3502 1840 3579 στεγασθῆναι

186 3595 342 3652 αὐτόν
352 3642 367 3655 .

262 3663 381 3732 πεί
420 3675 477 3730 Ei
507 3670 591 3729 διὰ
610 3675 791 3730 ⁸τοῦτο
820 3669 905 3728 ἐπὶ
932 3676 1030 3739 τῆς
1073 3676 1175 3749 γῆς
1227 3672 1255 3727 ὁ
1310 3670 1428 3733 Υἱὸς
1471 3673 1565 3724 τοῦ
1596 3666 1727 3725 Θεοῦ
1754 3666 1843 3723 καὶ

189 3765 316 3826 Θεὸς
384 3759 670 3834 κατῆλθεν,
730 3759 824 3815 ἵνα
905 3756 970 3815 δι’
1055 3760 1242 3815 ἑαυτοῦ
1312 3753 1614 3832 καταλλάξῃ
1667 3756 1836 3834 ἡμᾶς,

187 3850 417 3932 ἐχθροὺς
449 3848 601 3913 ὄντας
656 3855 732 3923 τῷ
783 3845 896 3920 ἰδίῳ
951 3848 1134 3928 Πατρὶ,
1179 3846 1269 3904 καὶ
1322 3845 1531 3921 συνάψῃ
1588 3849 1839 3922 γνωστῶς

183 3943 326 4017 ἡμᾶς
354 3940 553 4013 ἐαυτῷ,
584 3935 669 3993 διὰ
721 3935 814 3993 τοῦ
856 3935 1006 4014 ἁγίου
1059 3937 1148 3992 καὶ
1203 3935 1480 4012 ὁμοουσίου
1539 3932 1842 4006 Πνεύματος

183 4034 365 4101 wit-:03,
428 4030 456 4084 ὁ
484 4027 677 4093 ταύτης
732 4024 996 4082 ἐκπίπτων
1051 4030 1152 4092 τῆς
1209 4023 1456 4104 χάριτος,
1489 4019 1656 4088 ἄλλης
1685 4021 1838 4083 ποίας

183 4117 477 4196 τεύξεται,
536 4117 753 4179 Πάντως
808 4111 924 4173 οὐδὲ⁹
979 4112 1297 4191 κατηλλάγη
1356 4114 1520 4190 αὐτῷ,
1583 4107 1698 4165 οὐδὲ
1739 4108 1838 4175 τὴν

183 4205 301 4283 μετ’
349 4204 514 4264 αὐτοῦ
540 4202 748 4281 ἕνωσιν,
810 4200 896 4259 διὰ
947 4208 1047 4271 τῆς
1107 4201 1384 4280 μετουσίας
1414 4205 1507 4256 τοῦ
1536 4198 1839 4275 Πνεύματος

180 4294 427 4376 ἔσχηκεν
439 4340 450 4355 .

260 4463 418 4549 ἰτς-ἰ
449 4477 566 4530 Τῶν
613 4469 709 4547 μὲν
772 4468 1017 4546 ἐμπαθῶς)
1076 4467 1363 4544 ἐπιθυμιῶν
1406 4465 1495 4523 καὶ
1550 4461 1774 4537 ἡδονῶν,
1810 4463 1838 4518 ὁ

181 4562 479 4643 μετοσχὼν
508 4567 600 4618 τοῦ
654 4559 792 4616 θείου
845 4558 1172 4639 Πνεύματος,
1231 4553 1623 4612 ἀπαλλάττεται
1657 4567 1670 4582 ’
1731 4551 1838 4607 τῶν

179 4651 236 4708 δὲ
460 4650 660 4729 φύσεως
727 4651 1043 4723 σωματικῶν
1100 4646 1368 4723 ἀναγκῶν,
1429 4646 1489 4701 οὒ
1527 4641 1830 4729 χωρίζεται,

182 4742 289 4798 Καὶ
316 4742 398 4803 ὡς
448 4728 545 4814 μὲν
580 4728 950 4815 ’ἐλευθερωθεὶς
1005 4740 1113 4791 τῶν
1171 4731 1378 4809 δεσμῶν
1419 4735 1518 4798 τῆς
1570 4728 1833 4805 ἐμπκθοῦς

183 4826 443 4908 ὀρέξεως,
471 4826 559 4881 καὶ
588 4814 856 4904 συναφθεὶς
900 4826 991 4900 τῇ
1022 4822 1265 4894 ἀθανάτῳ
1319 4817 1441 4897 δόξῃ
1487 4838 1544 4874 τε
1587 4818 1675 4874 καὶ
1703 4814 1835 4908 γλυ-

180 4906 406 4989 κύτητι,
440 4912 785 4976 ἀδιαλείπτως
831 4910 938 4970 ἄνω
996 4932 1054 4968 τε
1112 4912 1346 4989 βιάζεται
1405 4908 1570 4980 εἶναι,
1629 4907 1718 4962 καὶ
1746 4906 1837 4962 σὺν

184 5013 310 5082 Θεῷ
340 5004 566 5085 διάγειν,
595 5004 684 5060 καὶ
712 4998 846 5079 μηδὲ
895 5003 1026 5080 πρὸς
1069 5001 1243 5082 βραχὺ
1310 5002 1409 5065 τῆς
1461 4995 1837 5085 ἐκείνουμθεω-

183 5080 304 5175 ρίας
352 5080 663 5176 ἀφίστασθαι
726 5093 814 5149 καὶ
864 5080 1146 5171 ἀκορέστου
1208 5091 1406 5168 τρυφῆς
1441 5101 1455 5117 ·
1525 5087 1600 5148 ὣς
1654 5080 1708 5138 δὲ
1762 5088 1840 5158 τῷ

1933 478 2165 531 vertere
2223 478 2476 552 oportet,
2536 470 2745 552 ecquid
2807 470 3198 535 arrhabonem
3261 470 3581 552 Spiritusa

1935 555 2164 638 Sponso
2193 566 2252 619 et
2282 558 2533 621 Domino
2587 559 2821 623 Christo
2879 561 3195 640 acceperit.
3229 561 3288 623 Si
3322 562 3573 642 accepit,

1934 664 2072 729 eum
2103 647 2366 710 retinere
2387 648 2643 711 studeat.
2666 648 2725 711 Si
2747 667 3035 730 accepere
3061 649 3320 711 nondum
3336 651 3575 727 meruit,

1932 735 1996 796 in
2026 734 2086 797 id
2118 735 2443 818 incumbat,
2480 745 2536 798 ut
2572 757 2676 818 per
2703 736 2857 799 bona
2912 756 3114 818 opera,
3147 745 3205 799 et
3236 739 3359 820 pias
3390 740 3575 803 actio-

1933 842 2060 901 nes,
2118 824 2743 908 ferventissimamque
2830 826 3242 908 paenitentiam
3303 829 3572 909 accipiat,

1931 922 2364 994 acceptumque
2408 915 2703 977 mandatis
2761 916 3093 991 servandis,
3156 924 3213 978 et
3264 917 3577 981 virtutibus

1930 1001 2179 1082 insuper
2207 1003 2619 1085 comparandis
2648 1003 2964 1067 custodiat.

2011 1091 2108 1152 83.
2146 1089 2658 1163 Quemadmodum
2714 1100 2933 1155 tectum
2990 1095 3329 1174 quarumvis
3359 1097 3575 1162 aedium

1931 1197 2039 1261 per
2092 1179 2565 1256 fundamentum,
2643 1190 2701 1244 et
2756 1182 3044 1264 reliquam
3124 1184 3573 1252 aediﬁcationem

1932 1269 2205 1331 statzita
2258 1270 2518 1331 vicissim
2576 1271 2962 1335 fundamenta
3019 1280 3083 1334 ut
3143 1282 3295 1337 lecto
3326 1285 3572 1341 susten-

1931 1357 2109 1420 tando
2140 1357 2310 1448 utilia
2358 1366 2422 1448 et
2464 1361 2803 1448 necessaria
2850 1361 3199 1440 jaciuntnr:
3264 1372 3323 1425 et
3381 1384 3576 1448 neque

1930 1453 2153 1509 tectum
2186 1446 2314 1509 sine
2348 1446 2727 1511 fundamento
2760 1450 3024 1512 construi
3081 1450 3253 1528 solet,
3291 1471 3402 1515 nec
3433 1446 3573 1518 flin-

1928 1533 2202 1597 damenta
2231 1540 2380 1598 citra
2407 1545 2622 1599 tectum
2682 1557 2852 1600 usum
2907 1540 3115 1613 ullum,
3169 1546 3270 1604 aut
3301 1560 3572 1608 commo-

1930 1621 2071 1685 dum
2100 1624 2159 1685 in
2195 1625 2309 1687 vita
2338 1625 2578 1688 habent.
2611 1626 2709 1691 Sic
2735 1627 2912 1689 etiam
2944 1628 3143 1692 divina
3173 1630 3359 1709 gratia
3391 1652 3565 1697 man-

1929 1711 2080 1774 datis
2109 1712 2403 1778 obeundis
2433 1723 2840 1796 conservatur,
2874 1724 2931 1778 et
2957 1717 3225 1780 actiones
3257 1722 3568 1787 mandato-

1923 1818 2077 1869 rum.
2097 1810 2336 1883 propter
2352 1803 2573 1866 donum
2594 1805 2698 1866 Dei
2716 1805 3225 1869 fundamentiloco
3242 1820 3571 1888 ponuntur:

1922 1896 1980 1949 et
2000 1907 2193 1970 neque
2215 1892 2401 1970 gratia
2421 1891 2677 1972 Spiritus
2697 1895 2757 1954 in
2784 1893 2956 1956 nobis
2982 1913 3221 1957 manere
3235 1903 3564 1982 consuevit,

1922 1977 2039 2040 nisi
2096 1981 2369 2043 mandata
2453 2001 2822 2061 operemur:
2904 2003 3095 2064 neque
3153 1977 3562 2053 mandatorum

1923 2067 2186 2154 operatio
2215 2069 2439 2152 absque
2484 2071 2671 2150 gratia
2723 2072 2833 2135 Dei
2889 2072 3202 2135 commoda
3258 2076 3450 2154 nobis,
3501 2090 3560 2143 et

1918 2153 2219 2218 fructuosa
2249 2166 2357 2222 est.
2901 2215 2907 2221 .

2002 2246 2103 2317 84,
2128 2244 2302 2309 Sicut
2332 2247 2541 2310 domus
2575 2256 2727 2311 tecto
2771 2268 2999 2323 carens,
3052 2259 3152 2313 aut
3182 2251 3567 2334 incogitantia

1927 2334 2250 2396 conditoris
2272 2335 2358 2398 sic
2380 2347 2673 2401 exstructa
2695 2357 2826 2399 cum
2850 2338 3075 2401 inutilis
3105 2349 3210 2416 est,
3249 2351 3371 2404 tum
3407 2364 3564 2425 prae-

1925 2430 2089 2514 terea
2112 2423 2528 2488 aediﬁcatorem
2563 2427 2880 2489 ridiculum
2931 2428 3070 2492 facit
3108 2451 3122 2490 :
3177 2431 3262 2493 sic
3295 2423 3565 2514 qui—fun-

1925 2511 2292 2587 damentum,
2326 2532 2543 2594 nempe
2565 2515 3038 2579 observationem
3053 2511 3386 2582 divinorum
3407 2541 3564 2585 man-

1925 2599 2217 2675 datorum,
2249 2604 2571 2679 constituit,
2633 2623 2833 2667 muros
2886 2607 3250 2669 excelsarum
3284 2613 3563 2673 virtutum

1925 2689 2216 2766 excitavit,
2250 2691 2360 2754 nisi
2395 2693 2567 2754 etiam
2601 2693 2855 2774 Spiritus
2884 2696 3129 2775 gratiam
3165 2715 3230 2758 se
3260 2700 3564 2780 accepisse

1925 2798 2056 2840 cum
2087 2779 2284 2843 anima
2314 2799 2419 2843 sua
2446 2781 2656 2844 viderit
2709 2793 2884 2864 atque
2941 2785 3301 2862 cognoverit,
3336 2779 3561 2869 imper-

1924 2867 2134 2949 fectus,
2194 2878 2252 2932 et
2298 2870 2575 2950 perfectis
2632 2872 3000 2934 miserationi
3058 2881 3165 2935 est.
3226 2867 3456 2939 Etenim
3492 2898 3561 2942 ea

1865 2951 2091 3019 Chisce
2118 2957 2359 3020 duabus
2413 2960 2488 3021 de
2545 2962 2742 3022 causis
2802 2962 3045 3023 omnino
3100 2963 3390 3043 spoliatus
3448 2977 3558 3031 est.

1923 3045 2039 3106 Aut
2068 3045 2224 3107 enim
2259 3048 2669 3128 paenitentiam
2705 3050 3015 3131 vilipcndit
3048 3072 3061 3113 :
3122 3060 3221 3113 aut
3251 3051 3563 3119 virtutibus

1923 3134 2294 3212 colligendis,
2347 3146 2410 3199 ut
2466 3137 2523 3198 in
2585 3138 2817 3217 negotio
2876 3138 3170 3201 immenso
3230 3141 3468 3221 defecit,
3505 3153 3564 3208 et

1924 3223 2208 3284 nonnulla
2241 3226 2654 3303 praetermisit;
2716 3246 2845 3308 quae
2874 3248 3208 3310 quanquam
3241 3232 3412 3293 nobis
3444 3235 3561 3295 mi-

1925 3312 2086 3373 nima
2109 3313 2404 3388 videntur,
2468 3324 2663 3377 tamen
2719 3316 2790 3377 ad
2849 3317 3088 3379 domum
3141 3319 3559 3383 absolvendam

1923 3401 2261 3491 necessario
2322 3402 2725 3485 requiruntur,
2788 3405 2935 3468 citra
2993 3426 3129 3486 quae
3176 3417 3396 3470 tectum
3458 3429 3564 3491 per

1920 3489 2169 3570 gratiam
2199 3488 2455 3572 Spiritus
2483 3492 2711 3574 imponi
2742 3494 3084 3576 neutiquam
3115 3503 3331 3576 potest.

2004 3667 2102 3728 85.
2131 3665 2332 3746 δίλῡθί
2359 3666 2545 3733 Filius
2575 3669 2799 3732 idcirco
2828 3670 2887 3731 in
2914 3680 3107 3734 terras
3136 3671 3417 3753 delapsus
3448 3683 3561 3751 est,

1923 3763 2126 3817 ut.nus
2156 3774 2287 3817 cum
2321 3755 2441 3817 Deo
2502 3757 2696 3840 Patre,
2755 3759 2851 3819 cui
2908 3776 3143 3821 eramus
3172 3760 3425 3838 inimici,
3460 3784 3568 3845 per

1922 3843 2307 3924 semetipsum
2335 3843 2395 3903 in
2424 3845 2668 3922 gratiam
2701 3847 3018 3909 reduceret
3041 3868 3057 3921 ;
3079 3847 3314 3926 sibique
3335 3869 3441 3911 nos
3462 3843 3569 3932 per

1923 3939 2187 3994 sanctum
2222 3941 2280 3995 et
2309 3933 2874 3996 consubstantialem
2924 3934 3207 4015 Spiritum
3257 3955 3453 4014 suum,
3488 3940 3568 4002 ita

1924 4029 1990 4082 ut
2013 4019 2163 4081 scire
2195 4029 2253 4082 et
2301 4040 2660 4100 cognoscere
2722 4041 3050 4103 possemus,
3111 4025 3430 4104 copularet.
3467 4028 3569 4109 qui

1923 4111 2029 4171 hac
2055 4108 2245 4189 gratia
2290 4111 2530 4192 excidit,
2585 4130 2760 4192 quam
2820 4112 3019 4187 aliam,
3081 4112 3313 4187 amabo,
3349 4108 3564 4178 conse-

1923 4197 2186 4278 quetur?
2233 4201 2506 4275 Prorsus,
2571 4218 2681 4262 nec
2739 4200 2895 4262 Patri
2953 4201 3395 4279 reconciliatus,
3458 4224 3571 4268 nec

1852 4287 2071 4370 DFilio
2102 4305 2209 4367 per
2239 4285 2496 4375 Spiritus
2527 4288 2715 4351 sancti
2765 4288 3279 4372 participationem
3313 4293 3570 4375 conjun-

1923 4382 2071 4450 ctus,
2106 4382 2281 4457 atque
2311 4373 2511 4436 unitus
2543 4385 2635 4437 est
2664 4376 2816 4457 (15).

2000 4467 2098 4526 86.
2133 4463 2242 4536 Qui
2274 4462 2497 4544 Spiritu
2555 4474 2757 4529 sancto
2807 4474 2897 4529 est
2954 4467 3319 4551 impertitus,
3357 4471 3568 4534 turbu-

1919 4551 2099 4615 lentis
2154 4551 2576 4632 cupiditatibus
2634 4555 3146 4637 voluptatibusque
3221 4558 3566 4638 absolvitur,

1918 4649 2145 4703 naturae
2169 4647 2370 4701 autem
2403 4650 2464 4704 et
2493 4643 2727 4723 corpori
2756 4661 2900 4724 qu:n
2946 4646 3183 4719 serviat,
3222 4648 3418 4712 facere
3451 4670 3571 4711 non

1918 4737 2125 4810 potest.
2163 4727 2234 4789 Et
2265 4728 2440 4791 simul
2473 4731 2723 4794 vinculis
2756 4733 2973 4794 turbidi
3035 4738 3333 4816 appetitus
3363 4756 3570 4799 exem-

1918 4826 2076 4900 ptus,
2110 4816 2549 4898 immortalique
2575 4819 2797 4897 gloriae,
2832 4828 2890 4882 et
2924 4821 3230 4884 dulcedini
3258 4824 3570 4886 devinctus

1920 4917 2029 4976 est,
2066 4924 2304 4987 semper
2330 4905 2390 4968 in
2422 4906 2563 4968 cwlo
2596 4926 2750 4983 esse,
2800 4916 2860 4970 et
2916 4927 3049 4971 cum
3084 4913 3205 4974 Deo
3234 4912 3478 4987 versari,
3513 4921 3573 4975 et

1920 4996 1997 5055 ab
2028 4995 2155 5075 ejus
2206 5001 2552 5076 conspectu,
2601 4995 2954 5078 deliciisque
3010 5017 3312 5079 nunquam
3345 5000 3567 5062 satian-

1920 5085 2076 5148 tibus
2105 5102 2181 5144 ne
2210 5084 2282 5145 ad
2301 5091 2667 5148 momentum
2682 5086 2925 5168 quidem
2936 5086 3223 5150 absistere
3239 5089 3566 5152 contendit.

267 5318 1853 5410 (15)}ioccapituliiminterseritur:Numquidpotest
1933 5316 2566 5410 cebithetDivinitatis
2614 5307 2744 5400 ipse
2797 5337 3032 5410 quoque
3090 5317 3287 5410 radios
3316 5317 3573 5410 emittet,

178 5400 374 5469 hoino
389 5400 753 5469 abscondere
778 5407 976 5485 ignem
993 5406 1061 5485 in
1079 5410 1367 5485 sinu__suo,
1391 5408 1458 5463 ut
1487 5400 1850 5485 vestimeltta

177 5486 323 5576 illia
337 5503 370 5548 s
386 5505 504 5576 ξονι
515 5480 895 5576 qrdeqnt,_'a_i_t
913 5483 1161 5576 Sapiens
1180 5483 1385 5576 (Prov.
1399 5498 1498 5576 _vr,
1526 5481 1636 5557 27)
1650 5480 1685 5570 ,ἴ
1724 5481 1846 5558 Ego

178 5567 313 5631 aio:
340 5591 365 5622 ι
387 5564 975 5639 Quisintolerabilem
997 5564 1186 5640 illum,
1211 5564 1845 5642 cmlestemqueignem

173 5645 375 5712 corde
401 5645 708 5727 suscipiet,
768 5650 831 5708 et
883 5662 1004 5707 non
1054 5640 1557 5721 inﬂammabitur,
1580 5657 1650 5705 ac
1676 5640 1843 5706 reln-

388 5804 646 5875 PmtoL.
677 5805 789 5875 Gn.
821 5806 991 5877 CXX.

1931 5397 2617 5479 secundumanalogiam
2640 5397 3044 5479 purgationis,
3077 5409 3134 5461 et
3157 5397 3579 5464 communicati

1930 5478 2089 5559 ignis
2112 5477 2437 5559 videlicet?
2469 5477 2787 5559 puritatem
2816 5479 2973 5541 enim
3010 5479 3373 5559 communio,
3404 5498 3576 5544 com-

1929 5557 2276 5646 munionem
2307 5557 2985 5646 illpminatiqsequitur.
3045 5560 3146 5623 Sic
3192 5557 3369 5624 homo
3398 5562 3580 5646 plane

1927 5638 2086 5703 Deus
2115 5654 2224 5721 per
2248 5637 2497 5719 gratiam
2526 5637 2745 5703 evadit.
2781 5637 2810 5700 ἱ

3255 5801 3330 5867 21
