  <div class='ocr_page' id='page_1' title='image "/cluster/home/n/w/nwhite01/storage/ocr_20150623/120/mdp.39015008866736/331.png"; bbox 0 0 4054 6114; ppageno 0'>
   <div class='ocr_carea' id='block_1_1' title="bbox 479 237 3850 318">
    <p class='ocr_par' dir='ltr' id='par_1_1' title="bbox 479 237 3850 318">
     <span class='ocr_line' id='line_1_1' title="bbox 479 237 3850 318; baseline 0.004 -14"><span class='ocrx_word' id='word_1_1' title='bbox 479 237 587 306; x_wconf 79' lang='grc'><strong>651</strong></span> <span class='ocrx_word' id='word_1_2' title='bbox 1783 239 2161 311; x_wconf 83' lang='lat' dir='ltr'><strong>SYMEONIS</strong></span> <span class='ocrx_word' id='word_1_3' title='bbox 2202 240 2536 316; x_wconf 83' lang='lat' dir='ltr'><strong>JUNIORIS</strong></span> <span class='ocrx_word' id='word_1_4' title='bbox 3748 251 3850 318; x_wconf 73' lang='lat'><strong>652</strong></span> 
     </span>
    </p>
   </div>
   <div class='ocr_carea' id='block_1_2' title="bbox 479 379 2116 464">
    <p class='ocr_par' dir='ltr' id='par_1_2' title="bbox 479 379 2116 462">
     <span class='ocr_line' id='line_1_2' title="bbox 479 379 2116 462; baseline -0.001 -18"><span class='ocrx_word' id='word_1_5' title='bbox 479 385 665 444; x_wconf 88' lang='lat' dir='ltr'><strong>Porro</strong></span> <span class='ocrx_word' id='word_1_6' title='bbox 699 381 933 442; x_wconf 85' lang='lat' dir='ltr'><strong>mortali</strong></span> <span class='ocrx_word' id='word_1_7' title='bbox 955 398 1225 461; x_wconf 90' lang='lat' dir='ltr'><strong>corpore,</strong></span> <span class='ocrx_word' id='word_1_8' title='bbox 1260 397 1370 441; x_wconf 90' lang='lat' dir='ltr'><strong>ceu</strong></span> <span class='ocrx_word' id='word_1_9' title='bbox 1403 379 1631 460; x_wconf 91' lang='lat' dir='ltr'><strong>pedicis</strong></span> <span class='ocrx_word' id='word_1_10' title='bbox 1663 380 2024 462; x_wconf 91' lang='lat' dir='ltr'><strong>implicatus,</strong></span> <span class='ocrx_word' id='word_1_11' title='bbox 2057 382 2116 442; x_wconf 80' lang='lat' dir='ltr'><strong>at</strong></span> 
     </span>
    </p>
   </div>
   <div class='ocr_carea' id='block_1_3' title="bbox 2204 379 3851 464">
    <p class='ocr_par' dir='ltr' id='par_1_3' title="bbox 2212 382 3851 464">
     <span class='ocr_line' id='line_1_3' title="bbox 2212 382 3851 464; baseline 0.001 -24"><span class='ocrx_word' id='word_1_12' title='bbox 2212 385 2417 459; x_wconf 84' lang='grc' dir='ltr'>σώματι</span> <span class='ocrx_word' id='word_1_13' title='bbox 2462 384 2549 438; x_wconf 83' lang='grc' dir='ltr'><strong>καὶ</strong></span> <span class='ocrx_word' id='word_1_14' title='bbox 2711 387 2873 464; x_wconf 74' lang='grc' dir='ltr'>φθορᾷ</span> <span class='ocrx_word' id='word_1_15' title='bbox 2930 382 3342 460; x_wconf 73' lang='grc' dir='ltr'><strong>ἐμπεδούμενος,</strong></span> <span class='ocrx_word' id='word_1_16' title='bbox 3410 383 3504 442; x_wconf 83' lang='grc' dir='ltr'><strong>ὑπ’</strong></span> <span class='ocrx_word' id='word_1_17' title='bbox 3567 390 3720 445; x_wconf 69' lang='grc' dir='ltr'>αὐτοῦ</span> <span class='ocrx_word' id='word_1_18' title='bbox 3767 409 3851 442; x_wconf 84' lang='lat' dir='ltr'><strong>x-u-</strong></span> 
     </span>
    </p>
   </div>
   <div class='ocr_carea' id='block_1_4' title="bbox 481 468 2116 556">
    <p class='ocr_par' dir='ltr' id='par_1_4' title="bbox 481 468 2116 551">
     <span class='ocr_line' id='line_1_4' title="bbox 481 468 2116 551; baseline -0.004 -12"><span class='ocrx_word' id='word_1_19' title='bbox 481 474 694 540; x_wconf 90' lang='lat' dir='ltr'><strong>eodem</strong></span> <span class='ocrx_word' id='word_1_20' title='bbox 727 473 1004 551; x_wconf 87' lang='lat' dir='ltr'><strong>traqitur,</strong></span> <span class='ocrx_word' id='word_1_21' title='bbox 1036 478 1094 531; x_wconf 92' lang='lat' dir='ltr'><strong>et</strong></span> <span class='ocrx_word' id='word_1_22' title='bbox 1123 469 1195 530; x_wconf 85' lang='lat' dir='ltr'><strong>ad</strong></span> <span class='ocrx_word' id='word_1_23' title='bbox 1229 477 1468 530; x_wconf 88' lang='lat' dir='ltr'><strong>terrena</strong></span> <span class='ocrx_word' id='word_1_24' title='bbox 1517 468 1866 531; x_wconf 86' lang='lat' dir='ltr'><strong>distrahitur</strong></span> <span class='ocrx_word' id='word_1_25' title='bbox 1899 491 1914 550; x_wconf 89' lang='lat'><strong>;</strong></span> <span class='ocrx_word' id='word_1_26' title='bbox 1947 471 2116 532; x_wconf 67' lang='lat' dir='ltr'><strong>iude«</strong></span> 
     </span>
    </p>
   </div>
   <div class='ocr_carea' id='block_1_5' title="bbox 2204 468 3852 556">
    <p class='ocr_par' dir='ltr' id='par_1_5' title="bbox 2205 472 3852 556">
     <span class='ocr_line' id='line_1_5' title="bbox 2205 472 3852 556; baseline 0.001 -27"><span class='ocrx_word' id='word_1_27' title='bbox 2205 480 2466 529; x_wconf 75' lang='grc' dir='ltr'>τασπᾶται</span> <span class='ocrx_word' id='word_1_28' title='bbox 2496 472 2582 526; x_wconf 87' lang='grc' dir='ltr'>καὶ</span> <span class='ocrx_word' id='word_1_29' title='bbox 2625 472 2858 551; x_wconf 67' lang='grc' dir='ltr'>σύρεται,</span> <span class='ocrx_word' id='word_1_30' title='bbox 2909 476 2994 529; x_wconf 83' lang='grc' dir='ltr'><strong>καὶ</strong></span> <span class='ocrx_word' id='word_1_31' title='bbox 3053 476 3181 553; x_wconf 75' lang='grc' dir='ltr'>πρὸς</span> <span class='ocrx_word' id='word_1_32' title='bbox 3243 476 3306 530; x_wconf 77' lang='grc' dir='ltr'>τὰ</span> <span class='ocrx_word' id='word_1_33' title='bbox 3351 477 3532 552; x_wconf 78' lang='grc' dir='ltr'>γήϊνα</span> <span class='ocrx_word' id='word_1_34' title='bbox 3561 473 3852 556; x_wconf 57' lang='grc' dir='ltr'>ἐπιστρέφε-</span> 
     </span>
    </p>
   </div>
   <div class='ocr_carea' id='block_1_6' title="bbox 480 559 2116 648">
    <p class='ocr_par' dir='ltr' id='par_1_6' title="bbox 480 559 2116 648">
     <span class='ocr_line' id='line_1_6' title="bbox 480 559 2116 648; baseline -0.006 -19"><span class='ocrx_word' id='word_1_35' title='bbox 480 585 598 648; x_wconf 90' lang='lat' dir='ltr'><strong>que</strong></span> <span class='ocrx_word' id='word_1_36' title='bbox 623 571 851 626; x_wconf 88' lang='lat' dir='ltr'><strong>tantum</strong></span> <span class='ocrx_word' id='word_1_37' title='bbox 880 578 1192 622; x_wconf 75' lang='lat' dir='ltr'><strong>maerorem</strong></span> <span class='ocrx_word' id='word_1_38' title='bbox 1226 559 1492 638; x_wconf 89' lang='lat' dir='ltr'><strong>suscipit,</strong></span> <span class='ocrx_word' id='word_1_39' title='bbox 1529 570 1832 640; x_wconf 89' lang='lat' dir='ltr'><strong>quantum,</strong></span> <span class='ocrx_word' id='word_1_40' title='bbox 1868 569 1932 621; x_wconf 91' lang='lat' dir='ltr'><strong>ut</strong></span> <span class='ocrx_word' id='word_1_41' title='bbox 1956 561 2116 622; x_wconf 86' lang='lat' dir='ltr'><strong>arbi-</strong></span> 
     </span>
    </p>
   </div>
   <div class='ocr_carea' id='block_1_7' title="bbox 2204 559 3854 648">
    <p class='ocr_par' dir='ltr' id='par_1_7' title="bbox 2205 562 3854 643">
     <span class='ocr_line' id='line_1_7' title="bbox 2205 562 3854 643; baseline 0.001 -25"><span class='ocrx_word' id='word_1_42' title='bbox 2205 585 2289 618; x_wconf 92' lang='grc' dir='ltr'><strong>ται</strong></span> <span class='ocrx_word' id='word_1_43' title='bbox 2326 585 2338 598; x_wconf 91' lang='grc'><strong>·</strong></span> <span class='ocrx_word' id='word_1_44' title='bbox 2371 563 2460 617; x_wconf 85' lang='grc' dir='ltr'><strong>καὶ</strong></span> <span class='ocrx_word' id='word_1_45' title='bbox 2503 562 2764 627; x_wconf 74' lang='grc' dir='ltr'><strong>τοσαύτην</strong></span> <span class='ocrx_word' id='word_1_46' title='bbox 2794 569 3083 628; x_wconf 74' lang='grc' dir='ltr'>τηνικαῦτα</span> <span class='ocrx_word' id='word_1_47' title='bbox 3112 564 3240 643; x_wconf 74' lang='grc' dir='ltr'>ὑπὲρ</span> <span class='ocrx_word' id='word_1_48' title='bbox 3301 566 3514 620; x_wconf 78' lang='grc' dir='ltr'>τούτων</span> <span class='ocrx_word' id='word_1_49' title='bbox 3578 565 3676 632; x_wconf 77' lang='grc' dir='ltr'>τὴν</span> <span class='ocrx_word' id='word_1_50' title='bbox 3703 564 3854 632; x_wconf 83' lang='grc' dir='ltr'>λύπην</span> 
     </span>
    </p>
   </div>
   <div class='ocr_carea' id='block_1_8' title="bbox 482 649 2116 736">
    <p class='ocr_par' dir='ltr' id='par_1_8' title="bbox 482 649 2116 736">
     <span class='ocr_line' id='line_1_8' title="bbox 482 649 2116 736; baseline -0.005 -17"><span class='ocrx_word' id='word_1_51' title='bbox 482 666 634 736; x_wconf 87' lang='lat' dir='ltr'><strong>tror,</strong></span> <span class='ocrx_word' id='word_1_52' title='bbox 669 651 868 714; x_wconf 91' lang='lat' dir='ltr'><strong>anima</strong></span> <span class='ocrx_word' id='word_1_53' title='bbox 916 649 1244 731; x_wconf 87' lang='lat' dir='ltr'><strong>peccatoris</strong></span> <span class='ocrx_word' id='word_1_54' title='bbox 1272 668 1305 710; x_wconf 94' lang='lat' dir='ltr'><strong>a</strong></span> <span class='ocrx_word' id='word_1_55' title='bbox 1335 667 1585 730; x_wconf 91' lang='lat' dir='ltr'><strong>corpore</strong></span> <span class='ocrx_word' id='word_1_56' title='bbox 1642 658 1911 730; x_wconf 90' lang='lat' dir='ltr'><strong>separata</strong></span> <span class='ocrx_word' id='word_1_57' title='bbox 1941 669 2085 731; x_wconf 91' lang='lat' dir='ltr'><strong>evpe</strong></span> <span class='ocrx_word' id='word_1_58' title='bbox 2114 688 2116 695; x_wconf 74' lang='grc' dir='ltr'>ι</span> 
     </span>
    </p>
   </div>
   <div class='ocr_carea' id='block_1_9' title="bbox 2204 649 3852 736">
    <p class='ocr_par' dir='ltr' id='par_1_9' title="bbox 2207 650 3852 732">
     <span class='ocr_line' id='line_1_9' title="bbox 2207 650 3852 732; baseline 0.016 -37"><span class='ocrx_word' id='word_1_59' title='bbox 2207 650 2345 732; x_wconf 61' lang='grc' dir='ltr'>ἔχει,</span> <span class='ocrx_word' id='word_1_60' title='bbox 2408 651 2562 718; x_wconf 76' lang='grc' dir='ltr'><strong>ὅσην,</strong></span> <span class='ocrx_word' id='word_1_61' title='bbox 2629 651 2809 726; x_wconf 70' lang='grc' dir='ltr'><strong>οἶμαι,</strong></span> <span class='ocrx_word' id='word_1_62' title='bbox 2869 651 3182 730; x_wconf 67' lang='grc' dir='ltr'>ἁμαρτω).οὗ</span> <span class='ocrx_word' id='word_1_63' title='bbox 3250 654 3444 732; x_wconf 74' lang='grc' dir='ltr'>ψυχὴν</span> <span class='ocrx_word' id='word_1_64' title='bbox 3500 655 3852 732; x_wconf 74' lang='grc' dir='ltr'><strong>χωριζομένην</strong></span> 
     </span>
    </p>
   </div>
   <div class='ocr_carea' id='block_1_10' title="bbox 481 740 2116 820">
    <p class='ocr_par' dir='ltr' id='par_1_10' title="bbox 481 745 652 808">
     <span class='ocr_line' id='line_1_10' title="bbox 481 745 652 808; baseline -0.035 0"><span class='ocrx_word' id='word_1_65' title='bbox 481 745 652 808; x_wconf 90' lang='lat' dir='ltr'><strong>ritur.</strong></span> 
     </span>
    </p>
   </div>
   <div class='ocr_carea' id='block_1_11' title="bbox 2204 740 2874 820">
    <p class='ocr_par' dir='ltr' id='par_1_11' title="bbox 2208 740 2874 820">
     <span class='ocr_line' id='line_1_11' title="bbox 2208 740 2874 820; baseline 0 -25"><span class='ocrx_word' id='word_1_66' title='bbox 2208 740 2323 820; x_wconf 72' lang='grc' dir='ltr'>ἔχει</span> <span class='ocrx_word' id='word_1_67' title='bbox 2351 741 2466 820; x_wconf 60' lang='grc' dir='ltr'>ἀπο</span> <span class='ocrx_word' id='word_1_68' title='bbox 2487 741 2578 796; x_wconf 69' lang='grc' dir='ltr'><strong>τοῦ</strong></span> <span class='ocrx_word' id='word_1_69' title='bbox 2605 741 2874 812; x_wconf 79' lang='grc' dir='ltr'>σώματος.</span> 
     </span>
    </p>
   </div>
   <div class='ocr_carea' id='block_1_12' title="bbox 560 827 2128 910">
    <p class='ocr_par' dir='ltr' id='par_1_12' title="bbox 560 827 2128 910">
     <span class='ocr_line' id='line_1_12' title="bbox 560 827 2128 910; baseline -0.004 -14"><span class='ocrx_word' id='word_1_70' title='bbox 560 834 660 896; x_wconf 76' lang='lat'><strong>8’7.</strong></span> <span class='ocrx_word' id='word_1_71' title='bbox 695 827 1202 902; x_wconf 87' lang='lat' dir='ltr'><strong>Quemadmodum</strong></span> <span class='ocrx_word' id='word_1_72' title='bbox 1235 827 1336 907; x_wconf 87' lang='lat' dir='ltr'><strong>qui</strong></span> <span class='ocrx_word' id='word_1_73' title='bbox 1366 843 1607 907; x_wconf 90' lang='lat' dir='ltr'><strong>corpus,</strong></span> <span class='ocrx_word' id='word_1_74' title='bbox 1662 827 1763 908; x_wconf 87' lang='lat' dir='ltr'><strong>qui</strong></span> <span class='ocrx_word' id='word_1_75' title='bbox 1792 827 1993 902; x_wconf 90' lang='lat' dir='ltr'><strong>vitam,</strong></span> <span class='ocrx_word' id='word_1_76' title='bbox 2026 829 2128 910; x_wconf 90' lang='lat' dir='ltr'><strong>qui</strong></span> 
     </span>
    </p>
   </div>
   <div class='ocr_carea' id='block_1_13' title="bbox 480 914 2122 1000">
    <p class='ocr_par' dir='ltr' id='par_1_13' title="bbox 480 914 2122 1000">
     <span class='ocr_line' id='line_1_13' title="bbox 480 914 2122 1000; baseline -0.002 -20"><span class='ocrx_word' id='word_1_77' title='bbox 480 921 830 1000; x_wconf 84' lang='lat' dir='ltr'><strong>voluptates,</strong></span> <span class='ocrx_word' id='word_1_78' title='bbox 865 916 963 997; x_wconf 92' lang='lat' dir='ltr'><strong>qui</strong></span> <span class='ocrx_word' id='word_1_79' title='bbox 996 914 1278 976; x_wconf 91' lang='lat' dir='ltr'><strong>mundum</strong></span> <span class='ocrx_word' id='word_1_80' title='bbox 1339 923 1543 975; x_wconf 91' lang='lat' dir='ltr'><strong>amant</strong></span> <span class='ocrx_word' id='word_1_81' title='bbox 1600 923 1660 978; x_wconf 92' lang='lat' dir='ltr'><strong>et</strong></span> <span class='ocrx_word' id='word_1_82' title='bbox 1689 925 2122 990; x_wconf 88' lang='lat' dir='ltr'><strong>consectantur,</strong></span> 
     </span>
    </p>
   </div>
   <div class='ocr_carea' id='block_1_14' title="bbox 479 1003 2130 1083">
    <p class='ocr_par' dir='ltr' id='par_1_14' title="bbox 479 1003 2130 1083">
     <span class='ocr_line' id='line_1_14' title="bbox 479 1003 2130 1083; baseline -0.003 -12"><span class='ocrx_word' id='word_1_83' title='bbox 479 1010 554 1071; x_wconf 91' lang='lat' dir='ltr'><strong>iis</strong></span> <span class='ocrx_word' id='word_1_84' title='bbox 583 1009 768 1070; x_wconf 90' lang='lat' dir='ltr'><strong>instar</strong></span> <span class='ocrx_word' id='word_1_85' title='bbox 799 1004 1005 1066; x_wconf 89' lang='lat' dir='ltr'><strong>mortis</strong></span> <span class='ocrx_word' id='word_1_86' title='bbox 1031 1013 1121 1066; x_wconf 91' lang='lat' dir='ltr'><strong>est</strong></span> <span class='ocrx_word' id='word_1_87' title='bbox 1149 1003 1242 1080; x_wconf 80' lang='lat' dir='ltr'><strong>ab,</strong></span> <span class='ocrx_word' id='word_1_88' title='bbox 1269 1004 1361 1065; x_wconf 93' lang='lat' dir='ltr'><strong>his</strong></span> <span class='ocrx_word' id='word_1_89' title='bbox 1391 1003 1622 1083; x_wconf 83' lang='lat' dir='ltr'><strong>sejungi</strong></span> <span class='ocrx_word' id='word_1_90' title='bbox 1673 1022 1740 1066; x_wconf 92' lang='lat' dir='ltr'><strong>ac</strong></span> <span class='ocrx_word' id='word_1_91' title='bbox 1779 1005 2014 1067; x_wconf 87' lang='lat' dir='ltr'><strong>divelli:</strong></span> <span class='ocrx_word' id='word_1_92' title='bbox 2050 1005 2130 1067; x_wconf 91' lang='lat' dir='ltr'><strong>ita</strong></span> 
     </span>
    </p>
   </div>
   <div class='ocr_carea' id='block_1_15' title="bbox 480 1093 2127 1182">
    <p class='ocr_par' dir='ltr' id='par_1_15' title="bbox 480 1093 2127 1182">
     <span class='ocr_line' id='line_1_15' title="bbox 480 1093 2127 1182; baseline -0.004 -21"><span class='ocrx_word' id='word_1_93' title='bbox 480 1100 584 1182; x_wconf 91' lang='lat' dir='ltr'><strong>qui</strong></span> <span class='ocrx_word' id='word_1_94' title='bbox 615 1096 967 1170; x_wconf 88' lang='lat' dir='ltr'><strong>castitatem,</strong></span> <span class='ocrx_word' id='word_1_95' title='bbox 1023 1094 1124 1174; x_wconf 91' lang='lat' dir='ltr'><strong>qui</strong></span> <span class='ocrx_word' id='word_1_96' title='bbox 1180 1093 1388 1168; x_wconf 93' lang='lat' dir='ltr'><strong>Deum,</strong></span> <span class='ocrx_word' id='word_1_97' title='bbox 1452 1094 1552 1174; x_wconf 91' lang='lat' dir='ltr'><strong>qui</strong></span> <span class='ocrx_word' id='word_1_98' title='bbox 1605 1112 1701 1154; x_wconf 88' lang='lat' dir='ltr'><strong>res</strong></span> <span class='ocrx_word' id='word_1_99' title='bbox 1759 1095 2029 1157; x_wconf 72' lang='lat' dir='ltr'><strong>cazlestes</strong></span> <span class='ocrx_word' id='word_1_100' title='bbox 2059 1113 2127 1155; x_wconf 89' lang='lat' dir='ltr'><strong>ac</strong></span> 
     </span>
    </p>
   </div>
   <div class='ocr_carea' id='block_1_16' title="bbox 479 1183 2126 1267">
    <p class='ocr_par' dir='ltr' id='par_1_16' title="bbox 479 1183 2126 1267">
     <span class='ocr_line' id='line_1_16' title="bbox 479 1183 2126 1267; baseline -0.004 -16"><span class='ocrx_word' id='word_1_101' title='bbox 479 1188 898 1267; x_wconf 91' lang='lat' dir='ltr'><strong>sempiternas,</strong></span> <span class='ocrx_word' id='word_1_102' title='bbox 932 1183 1030 1264; x_wconf 91' lang='lat' dir='ltr'><strong>qui</strong></span> <span class='ocrx_word' id='word_1_103' title='bbox 1061 1184 1334 1244; x_wconf 88' lang='lat' dir='ltr'><strong>virtutem</strong></span> <span class='ocrx_word' id='word_1_104' title='bbox 1395 1183 1671 1259; x_wconf 83' lang='lat' dir='ltr'><strong>diligunt,</strong></span> <span class='ocrx_word' id='word_1_105' title='bbox 1704 1184 1794 1244; x_wconf 86' lang='lat' dir='ltr'><strong>vel</strong></span> <span class='ocrx_word' id='word_1_106' title='bbox 1827 1185 2126 1264; x_wconf 89' lang='lat' dir='ltr'><strong>paulisper</strong></span> 
     </span>
    </p>
   </div>
   <div class='ocr_carea' id='block_1_17' title="bbox 480 1271 2125 1352">
    <p class='ocr_par' dir='ltr' id='par_1_17' title="bbox 480 1271 2125 1352">
     <span class='ocr_line' id='line_1_17' title="bbox 480 1271 2125 1352; baseline -0.004 -13"><span class='ocrx_word' id='word_1_107' title='bbox 480 1277 553 1340; x_wconf 92' lang='lat' dir='ltr'><strong>ab</strong></span> <span class='ocrx_word' id='word_1_108' title='bbox 587 1278 678 1337; x_wconf 89' lang='lat' dir='ltr'><strong>his</strong></span> <span class='ocrx_word' id='word_1_109' title='bbox 708 1275 909 1337; x_wconf 91' lang='lat' dir='ltr'><strong>animo</strong></span> <span class='ocrx_word' id='word_1_110' title='bbox 941 1281 1000 1334; x_wconf 91' lang='lat' dir='ltr'><strong>et</strong></span> <span class='ocrx_word' id='word_1_111' title='bbox 1029 1271 1383 1351; x_wconf 83' lang='lat' dir='ltr'><strong>cogitatione</strong></span> <span class='ocrx_word' id='word_1_112' title='bbox 1413 1271 1676 1352; x_wconf 91' lang='lat' dir='ltr'><strong>separari</strong></span> <span class='ocrx_word' id='word_1_113' title='bbox 1708 1272 1936 1352; x_wconf 86' lang='lat' dir='ltr'><strong>plagam</strong></span> <span class='ocrx_word' id='word_1_114' title='bbox 1971 1291 2125 1335; x_wconf 80' lang='lat' dir='ltr'><strong>mor-</strong></span> 
     </span>
    </p>
   </div>
   <div class='ocr_carea' id='block_1_18' title="bbox 478 1359 2124 1440">
    <p class='ocr_par' dir='ltr' id='par_1_18' title="bbox 478 1359 2124 1440">
     <span class='ocr_line' id='line_1_18' title="bbox 478 1359 2124 1440; baseline -0.004 -11"><span class='ocrx_word' id='word_1_115' title='bbox 478 1368 710 1429; x_wconf 78' lang='lat' dir='ltr'><strong>tifaram</strong></span> <span class='ocrx_word' id='word_1_116' title='bbox 745 1369 1079 1423; x_wconf 88' lang='lat' dir='ltr'><strong>numerant.</strong></span> <span class='ocrx_word' id='word_1_117' title='bbox 1112 1361 1174 1423; x_wconf 88' lang='lat' dir='ltr'><strong>Si</strong></span> <span class='ocrx_word' id='word_1_118' title='bbox 1209 1360 1369 1422; x_wconf 89' lang='lat' dir='ltr'><strong>enim</strong></span> <span class='ocrx_word' id='word_1_119' title='bbox 1401 1359 1502 1440; x_wconf 91' lang='lat' dir='ltr'><strong>qui</strong></span> <span class='ocrx_word' id='word_1_120' title='bbox 1527 1362 1726 1422; x_wconf 93' lang='lat' dir='ltr'><strong>lumen</strong></span> <span class='ocrx_word' id='word_1_121' title='bbox 1759 1369 1906 1422; x_wconf 73' lang='lat' dir='ltr'><strong>istuc</strong></span> <span class='ocrx_word' id='word_1_122' title='bbox 1936 1363 2124 1422; x_wconf 92' lang='lat' dir='ltr'><strong>sensi-</strong></span> 
     </span>
    </p>
   </div>
   <div class='ocr_carea' id='block_1_19' title="bbox 476 1449 2124 1531">
    <p class='ocr_par' dir='ltr' id='par_1_19' title="bbox 476 1449 2124 1531">
     <span class='ocr_line' id='line_1_19' title="bbox 476 1449 2124 1531; baseline -0.004 -14"><span class='ocrx_word' id='word_1_123' title='bbox 476 1455 598 1518; x_wconf 92' lang='lat' dir='ltr'><strong>bile</strong></span> <span class='ocrx_word' id='word_1_124' title='bbox 629 1454 882 1531; x_wconf 91' lang='lat' dir='ltr'><strong>intuetn,</strong></span> <span class='ocrx_word' id='word_1_125' title='bbox 944 1469 1076 1511; x_wconf 93' lang='lat' dir='ltr'><strong>cum</strong></span> <span class='ocrx_word' id='word_1_126' title='bbox 1131 1450 1365 1529; x_wconf 90' lang='lat' dir='ltr'><strong>paulum</strong></span> <span class='ocrx_word' id='word_1_127' title='bbox 1427 1451 1630 1510; x_wconf 93' lang='lat' dir='ltr'><strong>oculos</strong></span> <span class='ocrx_word' id='word_1_128' title='bbox 1688 1449 1989 1524; x_wconf 86' lang='lat' dir='ltr'><strong>clauserit,</strong></span> <span class='ocrx_word' id='word_1_129' title='bbox 2023 1460 2124 1511; x_wconf 91' lang='lat' dir='ltr'><strong>aut</strong></span> 
     </span>
    </p>
   </div>
   <div class='ocr_carea' id='block_1_20' title="bbox 478 1540 2122 1627">
    <p class='ocr_par' dir='ltr' id='par_1_20' title="bbox 478 1540 2122 1627">
     <span class='ocr_line' id='line_1_20' title="bbox 478 1540 2122 1627; baseline -0.002 -20"><span class='ocrx_word' id='word_1_130' title='bbox 478 1544 769 1627; x_wconf 86' lang='lat' dir='ltr'><strong>quispiam</strong></span> <span class='ocrx_word' id='word_1_131' title='bbox 800 1542 886 1602; x_wconf 91' lang='lat' dir='ltr'><strong>illi</strong></span> <span class='ocrx_word' id='word_1_132' title='bbox 919 1540 1160 1602; x_wconf 89' lang='lat' dir='ltr'><strong>eosdem</strong></span> <span class='ocrx_word' id='word_1_133' title='bbox 1193 1540 1516 1620; x_wconf 91' lang='lat' dir='ltr'><strong>opereruit,</strong></span> <span class='ocrx_word' id='word_1_134' title='bbox 1551 1540 1734 1616; x_wconf 87' lang='lat' dir='ltr'><strong>dolet,</strong></span> <span class='ocrx_word' id='word_1_135' title='bbox 1785 1549 1842 1601; x_wconf 91' lang='lat' dir='ltr'><strong>et</strong></span> <span class='ocrx_word' id='word_1_136' title='bbox 1872 1541 1930 1602; x_wconf 91' lang='lat' dir='ltr'><strong>id</strong></span> <span class='ocrx_word' id='word_1_137' title='bbox 1961 1560 2122 1604; x_wconf 59' lang='lat' dir='ltr'><strong>aegre</strong></span> 
     </span>
    </p>
   </div>
   <div class='ocr_carea' id='block_1_21' title="bbox 474 1629 2122 1715">
    <p class='ocr_par' dir='ltr' id='par_1_21' title="bbox 474 1629 2122 1715">
     <span class='ocr_line' id='line_1_21' title="bbox 474 1629 2122 1715; baseline -0.003 -20"><span class='ocrx_word' id='word_1_138' title='bbox 474 1634 691 1715; x_wconf 87' lang='lat' dir='ltr'><strong>patitur</strong></span> <span class='ocrx_word' id='word_1_139' title='bbox 726 1631 1045 1712; x_wconf 63' lang='lat' dir='ltr'><strong>(praecipue</strong></span> <span class='ocrx_word' id='word_1_140' title='bbox 1098 1648 1228 1689; x_wconf 83' lang='lat' dir='ltr'><strong>cum</strong></span> <span class='ocrx_word' id='word_1_141' title='bbox 1279 1629 1684 1691; x_wconf 89' lang='lat' dir='ltr'><strong>necessarium</strong></span> <span class='ocrx_word' id='word_1_142' title='bbox 1739 1630 1987 1709; x_wconf 91' lang='lat' dir='ltr'><strong>aliquid,</strong></span> <span class='ocrx_word' id='word_1_143' title='bbox 2022 1638 2122 1690; x_wconf 89' lang='lat' dir='ltr'><strong>aut</strong></span> 
     </span>
    </p>
   </div>
   <div class='ocr_carea' id='block_1_22' title="bbox 2288 813 3854 912">
    <p class='ocr_par' dir='ltr' id='par_1_22' title="bbox 2288 813 3854 912">
     <span class='ocr_line' id='line_1_22' title="bbox 2288 813 3854 912; baseline 0.003 -27"><span class='ocrx_word' id='word_1_144' title='bbox 2288 819 2400 899; x_wconf 69' lang='grc' dir='ltr'><strong>πζ’,</strong></span> <span class='ocrx_word' id='word_1_145' title='bbox 2442 813 2632 906; x_wconf 47' lang='grc' dir='ltr'>αΩσπερ</span> <span class='ocrx_word' id='word_1_146' title='bbox 2662 835 2738 902; x_wconf 81' lang='grc' dir='ltr'>τῷ</span> <span class='ocrx_word' id='word_1_147' title='bbox 2789 827 3149 908; x_wconf 73' lang='grc' dir='ltr'>φιλοσωμάτῳ</span> <span class='ocrx_word' id='word_1_148' title='bbox 3210 833 3297 888; x_wconf 80' lang='grc' dir='ltr'><strong>καὶ</strong></span> <span class='ocrx_word' id='word_1_149' title='bbox 3351 832 3633 912; x_wconf 76' lang='grc' dir='ltr'>φιλοζώῳ,</span> <span class='ocrx_word' id='word_1_150' title='bbox 3677 835 3749 906; x_wconf 80' lang='grc' dir='ltr'><strong>τῷ</strong></span> <span class='ocrx_word' id='word_1_151' title='bbox 3775 857 3854 909; x_wconf 66' lang='grc' dir='ltr'><strong>φι-</strong></span> 
     </span>
    </p>
   </div>
   <div class='ocr_carea' id='block_1_23' title="bbox 2210 916 3854 997">
    <p class='ocr_par' dir='ltr' id='par_1_23' title="bbox 2210 916 3854 997">
     <span class='ocr_line' id='line_1_23' title="bbox 2210 916 3854 997; baseline 0.001 -23"><span class='ocrx_word' id='word_1_152' title='bbox 2210 918 2418 990; x_wconf 81' lang='grc' dir='ltr'>ληδόνῳ</span> <span class='ocrx_word' id='word_1_153' title='bbox 2476 919 2563 973; x_wconf 85' lang='grc' dir='ltr'><strong>καὶ</strong></span> <span class='ocrx_word' id='word_1_154' title='bbox 2617 916 2948 996; x_wconf 75' lang='grc' dir='ltr'>φιλοκὸσμῳ,</span> <span class='ocrx_word' id='word_1_155' title='bbox 3009 920 3036 972; x_wconf 85' lang='lat'><strong>6</strong></span> <span class='ocrx_word' id='word_1_156' title='bbox 3094 924 3374 997; x_wconf 76' lang='grc' dir='ltr'>χωρισμὸς</span> <span class='ocrx_word' id='word_1_157' title='bbox 3438 929 3550 977; x_wconf 79' lang='grc' dir='ltr'><strong>τῶν</strong></span> <span class='ocrx_word' id='word_1_158' title='bbox 3624 924 3854 978; x_wconf 70' lang='grc' dir='ltr'>τοιούτων</span> 
     </span>
    </p>
   </div>
   <div class='ocr_carea' id='block_1_24' title="bbox 2209 1005 3858 1091">
    <p class='ocr_par' dir='ltr' id='par_1_24' title="bbox 2209 1005 3858 1091">
     <span class='ocr_line' id='line_1_24' title="bbox 2209 1005 3858 1091; baseline -0.001 -30"><span class='ocrx_word' id='word_1_159' title='bbox 2209 1007 2429 1069; x_wconf 80' lang='grc' dir='ltr'>θάνατός</span> <span class='ocrx_word' id='word_1_160' title='bbox 2486 1006 2648 1079; x_wconf 70' lang='grc' dir='ltr'>ἐστιν,</span> <span class='ocrx_word' id='word_1_161' title='bbox 2711 1005 2847 1062; x_wconf 59' lang='grc' dir='ltr'>οῧτω</span> <span class='ocrx_word' id='word_1_162' title='bbox 2900 1013 2976 1080; x_wconf 81' lang='grc' dir='ltr'>τῷ</span> <span class='ocrx_word' id='word_1_163' title='bbox 3044 1005 3279 1085; x_wconf 58' lang='grc' dir='ltr'>φιλάγνῳ</span> <span class='ocrx_word' id='word_1_164' title='bbox 3330 1013 3423 1067; x_wconf 77' lang='grc' dir='ltr'><strong>καὶ</strong></span> <span class='ocrx_word' id='word_1_165' title='bbox 3486 1011 3739 1091; x_wconf 61' lang='grc' dir='ltr'>φιλοθέῳ,</span> <span class='ocrx_word' id='word_1_166' title='bbox 3793 1015 3858 1085; x_wconf 68' lang='grc' dir='ltr'><strong>τῲ</strong></span> 
     </span>
    </p>
   </div>
   <div class='ocr_carea' id='block_1_25' title="bbox 2209 1093 3856 1176">
    <p class='ocr_par' dir='ltr' id='par_1_25' title="bbox 2209 1093 3856 1176">
     <span class='ocr_line' id='line_1_25' title="bbox 2209 1093 3856 1176; baseline 0.004 -26"><span class='ocrx_word' id='word_1_167' title='bbox 2209 1095 2446 1176; x_wconf 70' lang='grc' dir='ltr'>φιλαΰλῳ</span> <span class='ocrx_word' id='word_1_168' title='bbox 2473 1095 2560 1150; x_wconf 89' lang='grc' dir='ltr'><strong>καὶ</strong></span> <span class='ocrx_word' id='word_1_169' title='bbox 2589 1093 2850 1173; x_wconf 74' lang='grc' dir='ltr'>φιλαρέτῳ</span> <span class='ocrx_word' id='word_1_170' title='bbox 2905 1097 3126 1159; x_wconf 74' lang='grc' dir='ltr'>θάνατος</span> <span class='ocrx_word' id='word_1_171' title='bbox 3185 1105 3260 1171; x_wconf 86' lang='grc' dir='ltr'>τῷ</span> <span class='ocrx_word' id='word_1_172' title='bbox 3313 1098 3428 1155; x_wconf 69' lang='grc' dir='ltr'>ὄντι</span> <span class='ocrx_word' id='word_1_173' title='bbox 3491 1101 3637 1156; x_wconf 84' lang='grc' dir='ltr'>ἐστὶν</span> <span class='ocrx_word' id='word_1_174' title='bbox 3685 1101 3856 1157; x_wconf 77' lang='grc' dir='ltr'>ἐκτῶν</span> 
     </span>
    </p>
   </div>
   <div class='ocr_carea' id='block_1_26' title="bbox 2207 1182 3857 1268">
    <p class='ocr_par' dir='ltr' id='par_1_26' title="bbox 2207 1182 3857 1268">
     <span class='ocr_line' id='line_1_26' title="bbox 2207 1182 3857 1268; baseline 0.004 -28"><span class='ocrx_word' id='word_1_175' title='bbox 2207 1185 2453 1240; x_wconf 74' lang='grc' dir='ltr'><strong>τοιούτων</strong></span> <span class='ocrx_word' id='word_1_176' title='bbox 2485 1186 2520 1251; x_wconf 81' lang='grc' dir='ltr'><strong>ἡ</strong></span> <span class='ocrx_word' id='word_1_177' title='bbox 2566 1185 2724 1262; x_wconf 75' lang='grc' dir='ltr'>μικρὰ</span> <span class='ocrx_word' id='word_1_178' title='bbox 2754 1189 2851 1249; x_wconf 77' lang='grc' dir='ltr'>τῆς</span> <span class='ocrx_word' id='word_1_179' title='bbox 2895 1182 3123 1246; x_wconf 66' lang='grc' dir='ltr'>διανοίας</span> <span class='ocrx_word' id='word_1_180' title='bbox 3180 1183 3480 1252; x_wconf 74' lang='grc' dir='ltr'>διάστασις,</span> <span class='ocrx_word' id='word_1_181' title='bbox 3540 1193 3600 1246; x_wconf 81' lang='grc' dir='ltr'><strong>Εἰ</strong></span> <span class='ocrx_word' id='word_1_182' title='bbox 3632 1192 3730 1268; x_wconf 73' lang='grc' dir='ltr'>γὰρ</span> <span class='ocrx_word' id='word_1_183' title='bbox 3761 1194 3786 1246; x_wconf 90' lang='lat'><strong>6</strong></span> <span class='ocrx_word' id='word_1_184' title='bbox 3807 1193 3857 1245; x_wconf 81' lang='grc' dir='ltr'><strong>τὸ</strong></span> 
     </span>
    </p>
   </div>
   <div class='ocr_carea' id='block_1_27' title="bbox 2206 1273 3858 1358">
    <p class='ocr_par' dir='ltr' id='par_1_27' title="bbox 2206 1273 3858 1358">
     <span class='ocr_line' id='line_1_27' title="bbox 2206 1273 3858 1358; baseline -0.003 -30"><span class='ocrx_word' id='word_1_185' title='bbox 2206 1281 2316 1352; x_wconf 82' lang='grc' dir='ltr'><strong>φῶς</strong></span> <span class='ocrx_word' id='word_1_186' title='bbox 2367 1275 2498 1351; x_wconf 82' lang='grc' dir='ltr'><strong>ὁρῶν</strong></span> <span class='ocrx_word' id='word_1_187' title='bbox 2556 1275 2617 1327; x_wconf 82' lang='grc' dir='ltr'>τὸ</span> <span class='ocrx_word' id='word_1_188' title='bbox 2675 1273 2943 1344; x_wconf 75' lang='grc' dir='ltr'>αἰσθήτὸν,</span> <span class='ocrx_word' id='word_1_189' title='bbox 3008 1273 3097 1328; x_wconf 73' lang='grc' dir='ltr'><strong>ἐὰν</strong></span> <span class='ocrx_word' id='word_1_190' title='bbox 3151 1278 3336 1353; x_wconf 79' lang='grc' dir='ltr'>μικρὸν</span> <span class='ocrx_word' id='word_1_191' title='bbox 3397 1279 3550 1354; x_wconf 62' lang='grc' dir='ltr'>μύση</span> <span class='ocrx_word' id='word_1_192' title='bbox 3603 1281 3724 1342; x_wconf 81' lang='grc' dir='ltr'>τοὺς</span> <span class='ocrx_word' id='word_1_193' title='bbox 3770 1279 3858 1358; x_wconf 67' lang='grc' dir='ltr'><strong>ἀφ-</strong></span> 
     </span>
    </p>
   </div>
   <div class='ocr_carea' id='block_1_28' title="bbox 2203 1359 3856 1446">
    <p class='ocr_par' dir='ltr' id='par_1_28' title="bbox 2203 1359 3856 1446">
     <span class='ocr_line' id='line_1_28' title="bbox 2203 1359 3856 1446; baseline 0.004 -40"><span class='ocrx_word' id='word_1_194' title='bbox 2203 1361 2457 1439; x_wconf 58' lang='grc' dir='ltr'><strong>θαλμοὺς,</strong></span> <span class='ocrx_word' id='word_1_195' title='bbox 2488 1360 2523 1428; x_wconf 76' lang='grc' dir='ltr'><strong>ἢ</strong></span> <span class='ocrx_word' id='word_1_196' title='bbox 2582 1359 2958 1438; x_wconf 78' lang='grc' dir='ltr'>κατακαλυφθῇ</span> <span class='ocrx_word' id='word_1_197' title='bbox 3007 1363 3219 1425; x_wconf 67' lang='grc' dir='ltr'>τούτους</span> <span class='ocrx_word' id='word_1_198' title='bbox 3279 1363 3365 1445; x_wconf 68' lang='grc' dir='ltr'><strong>ὑφ’</strong></span> <span class='ocrx_word' id='word_1_199' title='bbox 3425 1366 3640 1446; x_wconf 77' lang='grc' dir='ltr'>ἑτέρου,</span> <span class='ocrx_word' id='word_1_200' title='bbox 3701 1368 3856 1446; x_wconf 73' lang='grc' dir='ltr'>ἔχθε-</span> 
     </span>
    </p>
   </div>
   <div class='ocr_carea' id='block_1_29' title="bbox 2204 1448 3854 1527">
    <p class='ocr_par' dir='ltr' id='par_1_29' title="bbox 2204 1448 3854 1527">
     <span class='ocr_line' id='line_1_29' title="bbox 2204 1448 3854 1527; baseline 0.004 -21"><span class='ocrx_word' id='word_1_201' title='bbox 2204 1474 2288 1506; x_wconf 87' lang='grc' dir='ltr'><strong>ται</strong></span> <span class='ocrx_word' id='word_1_202' title='bbox 2317 1452 2404 1506; x_wconf 86' lang='grc' dir='ltr'><strong>καὶ</strong></span> <span class='ocrx_word' id='word_1_203' title='bbox 2433 1448 2702 1527; x_wconf 72' lang='grc' dir='ltr'>λυπεῖται,</span> <span class='ocrx_word' id='word_1_204' title='bbox 2760 1450 2848 1504; x_wconf 84' lang='grc' dir='ltr'><strong>καὶ</strong></span> <span class='ocrx_word' id='word_1_205' title='bbox 2891 1450 3062 1527; x_wconf 79' lang='grc' dir='ltr'>φέρειν</span> <span class='ocrx_word' id='word_1_206' title='bbox 3107 1449 3245 1515; x_wconf 79' lang='grc' dir='ltr'>ὅλως</span> <span class='ocrx_word' id='word_1_207' title='bbox 3302 1461 3466 1511; x_wconf 75' lang='grc' dir='ltr'>τοῦτο</span> <span class='ocrx_word' id='word_1_208' title='bbox 3516 1456 3576 1512; x_wconf 71' lang='grc' dir='ltr'>οὗ</span> <span class='ocrx_word' id='word_1_209' title='bbox 3606 1453 3809 1512; x_wconf 77' lang='grc' dir='ltr'>δύναται</span> <span class='ocrx_word' id='word_1_210' title='bbox 3841 1476 3854 1490; x_wconf 91' lang='grc'><strong>·</strong></span> 
     </span>
    </p>
   </div>
   <div class='ocr_carea' id='block_1_30' title="bbox 2201 1537 3856 1623">
    <p class='ocr_par' dir='ltr' id='par_1_30' title="bbox 2201 1537 3856 1623">
     <span class='ocr_line' id='line_1_30' title="bbox 2201 1537 3856 1623; baseline 0.001 -27"><span class='ocrx_word' id='word_1_211' title='bbox 2201 1541 2290 1596; x_wconf 81' lang='grc' dir='ltr'><strong>καὶ</strong></span> <span class='ocrx_word' id='word_1_212' title='bbox 2360 1537 2587 1614; x_wconf 75' lang='grc' dir='ltr'>μάλιστα</span> <span class='ocrx_word' id='word_1_213' title='bbox 2643 1538 2731 1592; x_wconf 81' lang='grc' dir='ltr'><strong>ἐὰν</strong></span> <span class='ocrx_word' id='word_1_214' title='bbox 2784 1537 3050 1614; x_wconf 72' lang='grc' dir='ltr'>ἀναγκαῖᾶ</span> <span class='ocrx_word' id='word_1_215' title='bbox 3122 1564 3236 1596; x_wconf 87' lang='grc' dir='ltr'>τινα</span> <span class='ocrx_word' id='word_1_216' title='bbox 3295 1545 3382 1597; x_wconf 83' lang='grc' dir='ltr'>καὶ</span> <span class='ocrx_word' id='word_1_217' title='bbox 3455 1542 3732 1623; x_wconf 79' lang='grc' dir='ltr'>παράδοξα</span> <span class='ocrx_word' id='word_1_218' title='bbox 3797 1545 3856 1612; x_wconf 82' lang='grc' dir='ltr'>ἦν</span> 
     </span>
    </p>
   </div>
   <div class='ocr_carea' id='block_1_31' title="bbox 2204 1625 3856 1710">
    <p class='ocr_par' dir='ltr' id='par_1_31' title="bbox 2204 1625 3856 1710">
     <span class='ocr_line' id='line_1_31' title="bbox 2204 1625 3856 1710; baseline 0.002 -26"><span class='ocrx_word' id='word_1_219' title='bbox 2204 1633 2359 1707; x_wconf 62' lang='grc' dir='ltr'>ὁρῶν,</span> <span class='ocrx_word' id='word_1_220' title='bbox 2393 1628 2544 1700; x_wconf 81' lang='grc' dir='ltr'>πόσῳ</span> <span class='ocrx_word' id='word_1_221' title='bbox 2591 1625 2790 1702; x_wconf 76' lang='grc' dir='ltr'>μᾶλλον</span> <span class='ocrx_word' id='word_1_222' title='bbox 2839 1629 2866 1682; x_wconf 97' lang='lat'><strong>6</strong></span> <span class='ocrx_word' id='word_1_223' title='bbox 2922 1627 2974 1681; x_wconf 81' lang='grc' dir='ltr'>ἐν</span> <span class='ocrx_word' id='word_1_224' title='bbox 3027 1628 3161 1705; x_wconf 82' lang='grc' dir='ltr'>ἁγίῳ</span> <span class='ocrx_word' id='word_1_225' title='bbox 3218 1633 3586 1710; x_wconf 71' lang='grc' dir='ltr'>φωτιζόμενος</span> <span class='ocrx_word' id='word_1_226' title='bbox 3635 1634 3856 1708; x_wconf 79' lang='grc' dir='ltr'><strong>Πνεύμα-</strong></span> 
     </span>
    </p>
   </div>
   <div class='ocr_carea' id='block_1_32' title="bbox 479 1709 2116 1807">
    <p class='ocr_par' dir='ltr' id='par_1_32' title="bbox 479 1709 2116 1799">
     <span class='ocr_line' id='line_1_32' title="bbox 479 1709 2116 1799; baseline -0.004 -15"><span class='ocrx_word' id='word_1_227' title='bbox 479 1709 829 1785; x_wconf 80' lang='lat' dir='ltr'><strong>admirabile</strong></span> <span class='ocrx_word' id='word_1_228' title='bbox 860 1718 1638 1799; x_wconf 76' lang='lat' dir='ltr'><strong>aspicitetcontemplatur),</strong></span> <span class='ocrx_word' id='word_1_229' title='bbox 1666 1726 1883 1799; x_wconf 89' lang='lat' dir='ltr'><strong>quanto</strong></span> <span class='ocrx_word' id='word_1_230' title='bbox 1911 1719 2116 1798; x_wconf 89' lang='lat' dir='ltr'><strong>magis,</strong></span> 
     </span>
    </p>
   </div>
   <div class='ocr_carea' id='block_1_33' title="bbox 2204 1709 3852 1807">
    <p class='ocr_par' dir='ltr' id='par_1_33' title="bbox 2204 1709 3852 1807">
     <span class='ocr_line' id='line_1_33' title="bbox 2204 1709 3852 1807; baseline 0.002 -34"><span class='ocrx_word' id='word_1_231' title='bbox 2204 1741 2274 1789; x_wconf 64' lang='grc' dir='ltr'><strong>τι,</strong></span> <span class='ocrx_word' id='word_1_232' title='bbox 2305 1719 2392 1773; x_wconf 87' lang='grc' dir='ltr'><strong>καὶ</strong></span> <span class='ocrx_word' id='word_1_233' title='bbox 2421 1718 2484 1772; x_wconf 73' lang='grc' dir='ltr'>τὰ</span> <span class='ocrx_word' id='word_1_234' title='bbox 2515 1717 2683 1793; x_wconf 78' lang='grc' dir='ltr'>ἀγαθᾶ</span> <span class='ocrx_word' id='word_1_235' title='bbox 2709 1715 2888 1771; x_wconf 72' lang='grc' dir='ltr'>ἐκεῖνα</span> <span class='ocrx_word' id='word_1_236' title='bbox 2943 1719 3078 1807; x_wconf 48' lang='grc' dir='ltr'><strong>ὁρξῦν</strong></span> <span class='ocrx_word' id='word_1_237' title='bbox 3134 1709 3270 1797; x_wconf 70' lang='grc' dir='ltr'>ὕπαρ</span> <span class='ocrx_word' id='word_1_238' title='bbox 3313 1722 3400 1776; x_wconf 81' lang='grc' dir='ltr'><strong>καὶ</strong></span> <span class='ocrx_word' id='word_1_239' title='bbox 3434 1729 3663 1800; x_wconf 71' lang='grc' dir='ltr'><strong>νοερίιζις⁹</strong></span> <span class='ocrx_word' id='word_1_240' title='bbox 3696 1721 3852 1802; x_wconf 81' lang='grc' dir='ltr'>ἐγρη-</span> 
     </span>
    </p>
   </div>
   <div class='ocr_carea' id='block_1_34' title="bbox 476 1802 2116 1894">
    <p class='ocr_par' dir='ltr' id='par_1_34' title="bbox 476 1807 2116 1894">
     <span class='ocr_line' id='line_1_34' title="bbox 476 1807 2116 1894; baseline -0.002 -21"><span class='ocrx_word' id='word_1_241' title='bbox 476 1813 576 1894; x_wconf 92' lang='lat' dir='ltr'><strong>qui</strong></span> <span class='ocrx_word' id='word_1_242' title='bbox 635 1810 855 1890; x_wconf 86' lang='lat' dir='ltr'><strong>Spiritu</strong></span> <span class='ocrx_word' id='word_1_243' title='bbox 915 1816 1118 1869; x_wconf 90' lang='lat' dir='ltr'><strong>sancto</strong></span> <span class='ocrx_word' id='word_1_244' title='bbox 1176 1807 1524 1882; x_wconf 86' lang='lat' dir='ltr'><strong>illustratus,</strong></span> <span class='ocrx_word' id='word_1_245' title='bbox 1588 1807 1743 1868; x_wconf 91' lang='lat' dir='ltr'><strong>bona</strong></span> <span class='ocrx_word' id='word_1_246' title='bbox 1789 1808 1951 1869; x_wconf 90' lang='lat' dir='ltr'><strong>illius</strong></span> <span class='ocrx_word' id='word_1_247' title='bbox 1983 1828 2116 1870; x_wconf 86' lang='lat' dir='ltr'><strong>vere</strong></span> 
     </span>
    </p>
   </div>
   <div class='ocr_carea' id='block_1_35' title="bbox 2204 1802 3839 1894">
    <p class='ocr_par' dir='ltr' id='par_1_35' title="bbox 2204 1802 3839 1886">
     <span class='ocr_line' id='line_1_35' title="bbox 2204 1802 3839 1886; baseline 0.004 -26"><span class='ocrx_word' id='word_1_248' title='bbox 2204 1813 2374 1886; x_wconf 82' lang='grc' dir='ltr'>γορῶν</span> <span class='ocrx_word' id='word_1_249' title='bbox 2403 1807 2491 1861; x_wconf 84' lang='grc' dir='ltr'><strong>καὶ</strong></span> <span class='ocrx_word' id='word_1_250' title='bbox 2549 1802 2810 1860; x_wconf 70' lang='grc' dir='ltr'>καθεύδωρ</span> <span class='ocrx_word' id='word_1_251' title='bbox 2845 1821 2858 1833; x_wconf 88' lang='grc'><strong><em>⁸</em></strong></span> <span class='ocrx_word' id='word_1_252' title='bbox 2928 1827 2955 1858; x_wconf 75' lang='grc' dir='ltr'><strong>α</strong></span> <span class='ocrx_word' id='word_1_253' title='bbox 3001 1802 3064 1860; x_wconf 59' lang='grc' dir='ltr'>Ἃ</span> <span class='ocrx_word' id='word_1_254' title='bbox 3121 1806 3388 1886; x_wconf 64' lang='grc' dir='ltr'>ὀφθαλμὸς</span> <span class='ocrx_word' id='word_1_255' title='bbox 3455 1813 3554 1867; x_wconf 76' lang='grc' dir='ltr'>οὒκ</span> <span class='ocrx_word' id='word_1_256' title='bbox 3605 1809 3744 1884; x_wconf 76' lang='grc' dir='ltr'>οἶδε,</span> <span class='ocrx_word' id='word_1_257' title='bbox 3779 1834 3839 1866; x_wconf 82' lang='grc' dir='ltr'><strong>κα</strong></span> 
     </span>
    </p>
   </div>
   <div class='ocr_carea' id='block_1_36' title="bbox 475 1893 2116 1976">
    <p class='ocr_par' dir='ltr' id='par_1_36' title="bbox 475 1893 2116 1974">
     <span class='ocr_line' id='line_1_36' title="bbox 475 1893 2116 1974; baseline -0.002 -13"><span class='ocrx_word' id='word_1_258' title='bbox 475 1893 662 1974; x_wconf 79' lang='lat' dir='ltr'><strong>videt,</strong></span> <span class='ocrx_word' id='word_1_259' title='bbox 685 1897 1058 1974; x_wconf 90' lang='lat' dir='ltr'><strong>etintelligit,</strong></span> <span class='ocrx_word' id='word_1_260' title='bbox 1082 1905 1143 1958; x_wconf 91' lang='lat' dir='ltr'><strong>et</strong></span> <span class='ocrx_word' id='word_1_261' title='bbox 1169 1897 1414 1974; x_wconf 82' lang='lat' dir='ltr'><strong>vigilans</strong></span> <span class='ocrx_word' id='word_1_262' title='bbox 1445 1905 1505 1958; x_wconf 93' lang='lat' dir='ltr'><strong>et</strong></span> <span class='ocrx_word' id='word_1_263' title='bbox 1531 1896 1874 1957; x_wconf 88' lang='lat' dir='ltr'><strong>dormiens:</strong></span> <span class='ocrx_word' id='word_1_264' title='bbox 1919 1918 1946 1956; x_wconf 85' lang='grc'><strong>‹</strong></span> <span class='ocrx_word' id='word_1_265' title='bbox 1979 1897 2116 1969; x_wconf 53' lang='lat' dir='ltr'><strong>QuaeI</strong></span> 
     </span>
    </p>
   </div>
   <div class='ocr_carea' id='block_1_37' title="bbox 2204 1893 3854 1976">
    <p class='ocr_par' dir='ltr' id='par_1_37' title="bbox 2204 1893 3854 1976">
     <span class='ocr_line' id='line_1_37' title="bbox 2204 1893 3854 1976; baseline 0.003 -26"><span class='ocrx_word' id='word_1_266' title='bbox 2204 1896 2290 1958; x_wconf 73' lang='grc' dir='ltr'>οὖς</span> <span class='ocrx_word' id='word_1_267' title='bbox 2319 1899 2413 1953; x_wconf 73' lang='grc' dir='ltr'>οὒκ</span> <span class='ocrx_word' id='word_1_268' title='bbox 2467 1893 2682 1973; x_wconf 68' lang='grc' dir='ltr'>ἤκουσε,</span> <span class='ocrx_word' id='word_1_269' title='bbox 2729 1894 2816 1948; x_wconf 86' lang='grc' dir='ltr'><strong>καὶ</strong></span> <span class='ocrx_word' id='word_1_270' title='bbox 2873 1893 2957 1948; x_wconf 85' lang='grc' dir='ltr'><strong>ἐπὶ</strong></span> <span class='ocrx_word' id='word_1_271' title='bbox 3015 1893 3227 1972; x_wconf 78' lang='grc' dir='ltr'>καρδίαν</span> <span class='ocrx_word' id='word_1_272' title='bbox 3283 1898 3564 1976; x_wconf 81' lang='grc' dir='ltr'>ἀνθρώπου</span> <span class='ocrx_word' id='word_1_273' title='bbox 3629 1902 3722 1957; x_wconf 75' lang='grc' dir='ltr'>οὐκ</span> <span class='ocrx_word' id='word_1_274' title='bbox 3768 1900 3854 1956; x_wconf 84' lang='grc' dir='ltr'><strong>ἇν-</strong></span> 
     </span>
    </p>
   </div>
   <div class='ocr_carea' id='block_1_38' title="bbox 473 1983 2116 2064">
    <p class='ocr_par' dir='ltr' id='par_1_38' title="bbox 473 1985 2116 2060">
     <span class='ocr_line' id='line_1_38' title="bbox 473 1985 2116 2060; baseline -0.002 -9"><span class='ocrx_word' id='word_1_275' title='bbox 473 1990 678 2051; x_wconf 90' lang='lat' dir='ltr'><strong>oculus</strong></span> <span class='ocrx_word' id='word_1_276' title='bbox 711 2007 827 2048; x_wconf 91' lang='lat' dir='ltr'><strong>non</strong></span> <span class='ocrx_word' id='word_1_277' title='bbox 859 1987 1024 2060; x_wconf 92' lang='lat' dir='ltr'><strong>vidit,</strong></span> <span class='ocrx_word' id='word_1_278' title='bbox 1053 1994 1113 2048; x_wconf 90' lang='lat' dir='ltr'><strong>et</strong></span> <span class='ocrx_word' id='word_1_279' title='bbox 1143 1985 1302 2045; x_wconf 90' lang='lat' dir='ltr'><strong>auris</strong></span> <span class='ocrx_word' id='word_1_280' title='bbox 1360 2003 1478 2045; x_wconf 91' lang='lat' dir='ltr'><strong>non</strong></span> <span class='ocrx_word' id='word_1_281' title='bbox 1535 1985 1778 2059; x_wconf 90' lang='lat' dir='ltr'><strong>audivit,</strong></span> <span class='ocrx_word' id='word_1_282' title='bbox 1831 1995 1893 2048; x_wconf 92' lang='lat' dir='ltr'><strong>et</strong></span> <span class='ocrx_word' id='word_1_283' title='bbox 1924 1986 1984 2048; x_wconf 92' lang='lat' dir='ltr'><strong>in</strong></span> <span class='ocrx_word' id='word_1_284' title='bbox 2015 2006 2116 2048; x_wconf 90' lang='lat' dir='ltr'><strong>cor</strong></span> 
     </span>
    </p>
   </div>
   <div class='ocr_carea' id='block_1_39' title="bbox 2204 1983 3852 2064">
    <p class='ocr_par' dir='ltr' id='par_1_39' title="bbox 2204 1983 3852 2064">
     <span class='ocr_line' id='line_1_39' title="bbox 2204 1983 3852 2064; baseline 0.002 -24"><span class='ocrx_word' id='word_1_285' title='bbox 2204 1983 2323 2064; x_wconf 65' lang='grc' dir='ltr'>έϐη,</span> <span class='ocrx_word' id='word_1_286' title='bbox 2387 2005 2412 2041; x_wconf 69' lang='grc' dir='ltr'>ι</span> <span class='ocrx_word' id='word_1_287' title='bbox 2475 1985 2548 2046; x_wconf 71' lang='grc' dir='ltr'><strong>εἷς</strong></span> <span class='ocrx_word' id='word_1_288' title='bbox 2605 1984 2636 2039; x_wconf 82' lang='grc' dir='ltr'>ἃ</span> <span class='ocrx_word' id='word_1_289' title='bbox 2692 1984 2996 2061; x_wconf 74' lang='grc' dir='ltr'>παρακύψαι</span> <span class='ocrx_word' id='word_1_290' title='bbox 3081 1987 3169 2040; x_wconf 83' lang='grc' dir='ltr'><strong>καὶ</strong></span> <span class='ocrx_word' id='word_1_291' title='bbox 3234 1986 3454 2064; x_wconf 71' lang='grc' dir='ltr'>ἄγγελοι</span> <span class='ocrx_word' id='word_1_292' title='bbox 3523 1988 3852 2064; x_wconf 70' lang='grc' dir='ltr'>ἐπιθυμοῦσιν</span> 
     </span>
    </p>
   </div>
   <div class='ocr_carea' id='block_1_40' title="bbox 471 2071 2116 2157">
    <p class='ocr_par' dir='ltr' id='par_1_40' title="bbox 471 2073 2116 2154">
     <span class='ocr_line' id='line_1_40' title="bbox 471 2073 2116 2154; baseline -0.002 -15"><span class='ocrx_word' id='word_1_293' title='bbox 471 2076 730 2141; x_wconf 87' lang='lat' dir='ltr'><strong>hominis</strong></span> <span class='ocrx_word' id='word_1_294' title='bbox 761 2096 876 2137; x_wconf 93' lang='lat' dir='ltr'><strong>non</strong></span> <span class='ocrx_word' id='word_1_295' title='bbox 909 2074 1314 2136; x_wconf 89' lang='lat' dir='ltr'><strong>ascenderunt</strong></span> <span class='ocrx_word' id='word_1_296' title='bbox 1341 2073 1415 2135; x_wconf 64' lang='grc' dir='ltr'><strong>η.</strong></span> <span class='ocrx_word' id='word_1_297' title='bbox 1441 2073 1500 2134; x_wconf 90' lang='lat' dir='ltr'><strong>in</strong></span> <span class='ocrx_word' id='word_1_298' title='bbox 1527 2093 1657 2154; x_wconf 62' lang='lat' dir='ltr'><strong>quae</strong></span> <span class='ocrx_word' id='word_1_299' title='bbox 1675 2082 1732 2135; x_wconf 92' lang='lat' dir='ltr'><strong>et</strong></span> <span class='ocrx_word' id='word_1_300' title='bbox 1755 2076 1948 2153; x_wconf 87' lang='lat' dir='ltr'><strong>angeli</strong></span> <span class='ocrx_word' id='word_1_301' title='bbox 1974 2094 2116 2154; x_wconf 89' lang='lat' dir='ltr'><strong>pro-</strong></span> 
     </span>
    </p>
   </div>
   <div class='ocr_carea' id='block_1_41' title="bbox 2204 2071 3850 2157">
    <p class='ocr_par' dir='ltr' id='par_1_41' title="bbox 2204 2071 3850 2157">
     <span class='ocr_line' id='line_1_41' title="bbox 2204 2071 3850 2157; baseline 0.004 -29"><span class='ocrx_word' id='word_1_302' title='bbox 2204 2073 2287 2128; x_wconf 76' lang='grc' dir='ltr'>ἐὰν</span> <span class='ocrx_word' id='word_1_303' title='bbox 2345 2073 2662 2146; x_wconf 78' lang='grc' dir='ltr'>ἀποσπασθῇ</span> <span class='ocrx_word' id='word_1_304' title='bbox 2720 2071 2778 2126; x_wconf 78' lang='grc' dir='ltr'>ἐκ</span> <span class='ocrx_word' id='word_1_305' title='bbox 2834 2080 2928 2142; x_wconf 77' lang='grc' dir='ltr'><strong>τῆς</strong></span> <span class='ocrx_word' id='word_1_306' title='bbox 2985 2079 3090 2128; x_wconf 84' lang='grc' dir='ltr'>τῶν</span> <span class='ocrx_word' id='word_1_307' title='bbox 3156 2076 3404 2132; x_wconf 81' lang='grc' dir='ltr'><strong>τοιούτων</strong></span> <span class='ocrx_word' id='word_1_308' title='bbox 3465 2081 3689 2157; x_wconf 69' lang='grc' dir='ltr'>θεωρίας</span> <span class='ocrx_word' id='word_1_309' title='bbox 3757 2079 3850 2134; x_wconf 82' lang='grc' dir='ltr'><strong>ὑπό</strong></span> 
     </span>
    </p>
   </div>
   <div class='ocr_carea' id='block_1_42' title="bbox 467 2159 2116 2249">
    <p class='ocr_par' dir='ltr' id='par_1_42' title="bbox 467 2162 2112 2249">
     <span class='ocr_line' id='line_1_42' title="bbox 467 2162 2112 2249; baseline -0.002 -20"><span class='ocrx_word' id='word_1_310' title='bbox 467 2185 701 2249; x_wconf 80' lang='lat' dir='ltr'><strong>spicere</strong></span> <span class='ocrx_word' id='word_1_311' title='bbox 731 2164 1074 2226; x_wconf 81' lang='lat' dir='ltr'><strong>desiderant</strong></span> <span class='ocrx_word' id='word_1_312' title='bbox 1101 2163 1176 2237; x_wconf 66' lang='lat'><strong>‘3,</strong></span> <span class='ocrx_word' id='word_1_313' title='bbox 1237 2188 1258 2219; x_wconf 72' lang='grc' dir='ltr'>ιι</span> <span class='ocrx_word' id='word_1_314' title='bbox 1310 2162 1360 2222; x_wconf 92' lang='lat' dir='ltr'><strong>si</strong></span> <span class='ocrx_word' id='word_1_315' title='bbox 1391 2162 1462 2223; x_wconf 89' lang='lat' dir='ltr'><strong>ab</strong></span> <span class='ocrx_word' id='word_1_316' title='bbox 1495 2163 1707 2225; x_wconf 93' lang='lat' dir='ltr'><strong>horum</strong></span> <span class='ocrx_word' id='word_1_317' title='bbox 1741 2165 2112 2244; x_wconf 90' lang='lat' dir='ltr'><strong>contempla-</strong></span> 
     </span>
    </p>
   </div>
   <div class='ocr_carea' id='block_1_43' title="bbox 2204 2159 3848 2249">
    <p class='ocr_par' dir='ltr' id='par_1_43' title="bbox 2204 2159 3848 2246">
     <span class='ocr_line' id='line_1_43' title="bbox 2204 2159 3848 2246; baseline 0.003 -30"><span class='ocrx_word' id='word_1_318' title='bbox 2204 2183 2362 2228; x_wconf 81' lang='grc' dir='ltr'>τινος,</span> <span class='ocrx_word' id='word_1_319' title='bbox 2424 2159 2780 2228; x_wconf 74' lang='grc' dir='ltr'>λυπηθήσεται</span> <span class='ocrx_word' id='word_1_320' title='bbox 2852 2161 2940 2214; x_wconf 85' lang='grc' dir='ltr'><strong>καὶ</strong></span> <span class='ocrx_word' id='word_1_321' title='bbox 3024 2160 3390 2246; x_wconf 66' lang='grc' dir='ltr'>θλιϐώσεταις</span> <span class='ocrx_word' id='word_1_322' title='bbox 3474 2168 3700 2230; x_wconf 74' lang='grc' dir='ltr'>θάνατος</span> <span class='ocrx_word' id='word_1_323' title='bbox 3758 2168 3848 2245; x_wconf 78' lang='grc' dir='ltr'><strong>γὰρ</strong></span> 
     </span>
    </p>
   </div>
   <div class='ocr_carea' id='block_1_44' title="bbox 469 2246 2116 2332">
    <p class='ocr_par' dir='ltr' id='par_1_44' title="bbox 469 2246 2115 2332">
     <span class='ocr_line' id='line_1_44' title="bbox 469 2246 2115 2332; baseline -0.001 -16"><span class='ocrx_word' id='word_1_324' title='bbox 469 2246 632 2316; x_wconf 84' lang='lat' dir='ltr'><strong>tione</strong></span> <span class='ocrx_word' id='word_1_325' title='bbox 660 2253 734 2315; x_wconf 88' lang='lat' dir='ltr'><strong>ab</strong></span> <span class='ocrx_word' id='word_1_326' title='bbox 765 2254 962 2332; x_wconf 92' lang='lat' dir='ltr'><strong>aliquo</strong></span> <span class='ocrx_word' id='word_1_327' title='bbox 994 2251 1548 2331; x_wconf 65' lang='lat' dir='ltr'><strong>abstractusfuerit,</strong></span> <span class='ocrx_word' id='word_1_328' title='bbox 1583 2253 2028 2316; x_wconf 75' lang='lat' dir='ltr'><strong>contristabitur</strong></span> <span class='ocrx_word' id='word_1_329' title='bbox 2058 2261 2115 2316; x_wconf 94' lang='lat' dir='ltr'><strong>et</strong></span> 
     </span>
    </p>
   </div>
   <div class='ocr_carea' id='block_1_45' title="bbox 2204 2246 3842 2332">
    <p class='ocr_par' dir='ltr' id='par_1_45' title="bbox 2204 2246 3842 2328">
     <span class='ocr_line' id='line_1_45' title="bbox 2204 2246 3842 2328; baseline 0.004 -23"><span class='ocrx_word' id='word_1_330' title='bbox 2204 2253 2335 2324; x_wconf 72' lang='grc' dir='ltr'><strong>αὖτῷ</strong></span> <span class='ocrx_word' id='word_1_331' title='bbox 2365 2247 2512 2305; x_wconf 72' lang='grc' dir='ltr'>δοκεῖ</span> <span class='ocrx_word' id='word_1_332' title='bbox 2559 2258 2733 2322; x_wconf 77' lang='grc' dir='ltr'>τοῦτο,</span> <span class='ocrx_word' id='word_1_333' title='bbox 2795 2251 2879 2304; x_wconf 84' lang='grc' dir='ltr'><strong>καὶ</strong></span> <span class='ocrx_word' id='word_1_334' title='bbox 2923 2246 3264 2328; x_wconf 71' lang='grc' dir='ltr'>ἇλλοτρίωσις</span> <span class='ocrx_word' id='word_1_335' title='bbox 3321 2255 3540 2318; x_wconf 69' lang='grc' dir='ltr'>εἰκότως</span> <span class='ocrx_word' id='word_1_336' title='bbox 3599 2261 3696 2323; x_wconf 80' lang='grc' dir='ltr'><strong>τῆς</strong></span> <span class='ocrx_word' id='word_1_337' title='bbox 3727 2257 3842 2311; x_wconf 75' lang='grc' dir='ltr'>αἰω-</span> 
     </span>
    </p>
   </div>
   <div class='ocr_carea' id='block_1_46' title="bbox 465 2339 2116 2423">
    <p class='ocr_par' dir='ltr' id='par_1_46' title="bbox 465 2339 954 2423">
     <span class='ocr_line' id='line_1_46' title="bbox 465 2339 954 2423; baseline -0.004 -17"><span class='ocrx_word' id='word_1_338' title='bbox 465 2344 757 2423; x_wconf 80' lang='lat' dir='ltr'><strong>afﬂigetur</strong></span> <span class='ocrx_word' id='word_1_339' title='bbox 781 2343 907 2422; x_wconf 85' lang='grc'><strong>(16)</strong></span> <span class='ocrx_word' id='word_1_340' title='bbox 929 2339 954 2404; x_wconf 85' lang='lat'><strong>?</strong></span> 
     </span>
    </p>
   </div>
   <div class='ocr_carea' id='block_1_47' title="bbox 2204 2339 2503 2423">
    <p class='ocr_par' dir='ltr' id='par_1_47' title="bbox 2204 2339 2503 2423">
     <span class='ocr_line' id='line_1_47' title="bbox 2204 2339 2503 2423; baseline 0.017 -30"><span class='ocrx_word' id='word_1_341' title='bbox 2204 2339 2309 2397; x_wconf 74' lang='grc' dir='ltr'>νίου</span> <span class='ocrx_word' id='word_1_342' title='bbox 2338 2343 2480 2423; x_wconf 71' lang='grc' dir='ltr'>ζῳῆς</span> <span class='ocrx_word' id='word_1_343' title='bbox 2492 2386 2503 2398; x_wconf 93' lang='grc'><strong>.</strong></span> 
     </span>
    </p>
   </div>
   <div class='ocr_carea' id='block_1_48' title="bbox 552 2418 2116 2510">
    <p class='ocr_par' dir='ltr' id='par_1_48' title="bbox 552 2418 2116 2506">
     <span class='ocr_line' id='line_1_48' title="bbox 552 2418 2116 2506; baseline -0.002 -10"><span class='ocrx_word' id='word_1_344' title='bbox 552 2418 654 2496; x_wconf 60' lang='grc' dir='ltr'><strong>δὲ.</strong></span> <span class='ocrx_word' id='word_1_345' title='bbox 687 2430 856 2495; x_wconf 85' lang='lat' dir='ltr'><strong>Multi</strong></span> <span class='ocrx_word' id='word_1_346' title='bbox 873 2418 1238 2504; x_wconf 78' lang='lat' dir='ltr'><strong>solitarium,</strong></span> <span class='ocrx_word' id='word_1_347' title='bbox 1295 2429 1396 2491; x_wconf 91' lang='lat' dir='ltr'><strong>alii</strong></span> <span class='ocrx_word' id='word_1_348' title='bbox 1455 2430 1716 2506; x_wconf 90' lang='lat' dir='ltr'><strong>mistum,</strong></span> <span class='ocrx_word' id='word_1_349' title='bbox 1758 2431 1814 2492; x_wconf 93' lang='lat' dir='ltr'><strong>id</strong></span> <span class='ocrx_word' id='word_1_350' title='bbox 1847 2439 1956 2505; x_wconf 91' lang='lat' dir='ltr'><strong>est,</strong></span> <span class='ocrx_word' id='word_1_351' title='bbox 1991 2450 2116 2494; x_wconf 80' lang='lat' dir='ltr'><strong>cce-</strong></span> 
     </span>
    </p>
   </div>
   <div class='ocr_carea' id='block_1_49' title="bbox 2204 2418 3839 2510">
    <p class='ocr_par' dir='ltr' id='par_1_49' title="bbox 2281 2418 3839 2510">
     <span class='ocr_line' id='line_1_49' title="bbox 2281 2418 3839 2510; baseline 0.004 -28"><span class='ocrx_word' id='word_1_352' title='bbox 2281 2418 2402 2494; x_wconf 75' lang='grc' dir='ltr'><strong>πη’,</strong></span> <span class='ocrx_word' id='word_1_353' title='bbox 2434 2425 2628 2483; x_wconf 80' lang='grc' dir='ltr'>Πολλοὶ</span> <span class='ocrx_word' id='word_1_354' title='bbox 2655 2426 2748 2500; x_wconf 77' lang='grc' dir='ltr'><strong>μὲν</strong></span> <span class='ocrx_word' id='word_1_355' title='bbox 2779 2428 2868 2482; x_wconf 76' lang='grc' dir='ltr'>τὸν</span> <span class='ocrx_word' id='word_1_356' title='bbox 2916 2427 3190 2504; x_wconf 78' lang='grc' dir='ltr'>ἐρημικὸν,</span> <span class='ocrx_word' id='word_1_357' title='bbox 3248 2428 3396 2486; x_wconf 71' lang='grc' dir='ltr'>ἄλλοι</span> <span class='ocrx_word' id='word_1_358' title='bbox 3428 2429 3482 2486; x_wconf 81' lang='grc' dir='ltr'>δὲ</span> <span class='ocrx_word' id='word_1_359' title='bbox 3508 2434 3602 2488; x_wconf 83' lang='grc' dir='ltr'><strong>τὸν</strong></span> <span class='ocrx_word' id='word_1_360' title='bbox 3632 2431 3839 2510; x_wconf 80' lang='grc' dir='ltr'><strong>μιγάδα,</strong></span> 
     </span>
    </p>
   </div>
   <div class='ocr_carea' id='block_1_50' title="bbox 474 2513 2116 2600">
    <p class='ocr_par' dir='ltr' id='par_1_50' title="bbox 474 2519 2116 2598">
     <span class='ocr_line' id='line_1_50' title="bbox 474 2519 2116 2598; baseline -0.001 -14"><span class='ocrx_word' id='word_1_361' title='bbox 474 2521 802 2584; x_wconf 87' lang='lat' dir='ltr'><strong>nobiticum</strong></span> <span class='ocrx_word' id='word_1_362' title='bbox 835 2521 968 2581; x_wconf 73' lang='lat' dir='ltr'><strong>vitae</strong></span> <span class='ocrx_word' id='word_1_363' title='bbox 997 2538 1184 2598; x_wconf 90' lang='lat' dir='ltr'><strong>genus</strong></span> <span class='ocrx_word' id='word_1_364' title='bbox 1214 2519 1450 2580; x_wconf 90' lang='lat' dir='ltr'><strong>beatum</strong></span> <span class='ocrx_word' id='word_1_365' title='bbox 1483 2531 1945 2583; x_wconf 89' lang='lat' dir='ltr'><strong>numeraverunt</strong></span> <span class='ocrx_word' id='word_1_366' title='bbox 1973 2543 1988 2598; x_wconf 89' lang='lat'><strong>;</strong></span> <span class='ocrx_word' id='word_1_367' title='bbox 2021 2522 2116 2591; x_wconf 89' lang='lat' dir='ltr'><strong>alii</strong></span> 
     </span>
    </p>
   </div>
   <div class='ocr_carea' id='block_1_51' title="bbox 2204 2513 3839 2600">
    <p class='ocr_par' dir='ltr' id='par_1_51' title="bbox 2204 2513 3839 2600">
     <span class='ocr_line' id='line_1_51' title="bbox 2204 2513 3839 2600; baseline 0.002 -28"><span class='ocrx_word' id='word_1_368' title='bbox 2204 2517 2364 2595; x_wconf 73' lang='grc' dir='ltr'>ἤγουν</span> <span class='ocrx_word' id='word_1_369' title='bbox 2390 2519 2480 2572; x_wconf 82' lang='grc' dir='ltr'><strong>τὸν</strong></span> <span class='ocrx_word' id='word_1_370' title='bbox 2525 2513 2858 2572; x_wconf 71' lang='grc' dir='ltr'>κοινοϐιακὸν</span> <span class='ocrx_word' id='word_1_371' title='bbox 2911 2517 3232 2596; x_wconf 77' lang='grc' dir='ltr'>ἐμακάρισαν</span> <span class='ocrx_word' id='word_1_372' title='bbox 3287 2520 3423 2595; x_wconf 74' lang='grc' dir='ltr'>βίον,</span> <span class='ocrx_word' id='word_1_373' title='bbox 3482 2520 3651 2600; x_wconf 77' lang='grc' dir='ltr'>ἕτεροι</span> <span class='ocrx_word' id='word_1_374' title='bbox 3706 2520 3839 2576; x_wconf 81' lang='grc' dir='ltr'><strong>δὲτὸ</strong></span> 
     </span>
    </p>
   </div>
   <div class='ocr_carea' id='block_1_52' title="bbox 477 2604 2116 2693">
    <p class='ocr_par' dir='ltr' id='par_1_52' title="bbox 477 2609 2116 2693">
     <span class='ocr_line' id='line_1_52' title="bbox 477 2609 2116 2693; baseline 0 -21"><span class='ocrx_word' id='word_1_375' title='bbox 477 2629 733 2693; x_wconf 65' lang='lat' dir='ltr'><strong>praeesse</strong></span> <span class='ocrx_word' id='word_1_376' title='bbox 766 2610 1003 2690; x_wconf 89' lang='lat' dir='ltr'><strong>populo,</strong></span> <span class='ocrx_word' id='word_1_377' title='bbox 1037 2609 1382 2686; x_wconf 59' lang='lat' dir='ltr'><strong>admonere,</strong></span> <span class='ocrx_word' id='word_1_378' title='bbox 1410 2610 1647 2682; x_wconf 89' lang='lat' dir='ltr'><strong>docere,</strong></span> <span class='ocrx_word' id='word_1_379' title='bbox 1676 2609 1968 2671; x_wconf 89' lang='lat' dir='ltr'><strong>Ecclesias</strong></span> <span class='ocrx_word' id='word_1_380' title='bbox 1983 2631 2116 2672; x_wconf 93' lang='lat' dir='ltr'><strong>con-</strong></span> 
     </span>
    </p>
   </div>
   <div class='ocr_carea' id='block_1_53' title="bbox 2204 2604 3838 2693">
    <p class='ocr_par' dir='ltr' id='par_1_53' title="bbox 2204 2604 3838 2688">
     <span class='ocr_line' id='line_1_53' title="bbox 2204 2604 3838 2688; baseline 0.001 -25"><span class='ocrx_word' id='word_1_381' title='bbox 2204 2610 2555 2686; x_wconf 75' lang='grc' dir='ltr'>προῖστασθαι</span> <span class='ocrx_word' id='word_1_382' title='bbox 2616 2604 2768 2676; x_wconf 74' lang='grc' dir='ltr'>λαοῦ,</span> <span class='ocrx_word' id='word_1_383' title='bbox 2829 2609 3088 2661; x_wconf 71' lang='grc' dir='ltr'>νουθετεῖν</span> <span class='ocrx_word' id='word_1_384' title='bbox 3147 2628 3202 2662; x_wconf 88' lang='grc' dir='ltr'><strong>νε</strong></span> <span class='ocrx_word' id='word_1_385' title='bbox 3273 2611 3359 2664; x_wconf 81' lang='grc' dir='ltr'><strong>καὶ</strong></span> <span class='ocrx_word' id='word_1_386' title='bbox 3425 2607 3700 2688; x_wconf 63' lang='grc' dir='ltr'><strong>διδάσκειν⁷</strong></span> <span class='ocrx_word' id='word_1_387' title='bbox 3758 2611 3838 2665; x_wconf 77' lang='grc' dir='ltr'><strong>καὶ</strong></span> 
     </span>
    </p>
   </div>
   <div class='ocr_carea' id='block_1_54' title="bbox 475 2691 2116 2777">
    <p class='ocr_par' dir='ltr' id='par_1_54' title="bbox 475 2691 2116 2777">
     <span class='ocr_line' id='line_1_54' title="bbox 475 2691 2116 2777; baseline 0.001 -18"><span class='ocrx_word' id='word_1_388' title='bbox 475 2691 724 2760; x_wconf 80' lang='lat' dir='ltr'><strong>stituere</strong></span> <span class='ocrx_word' id='word_1_389' title='bbox 756 2705 815 2758; x_wconf 89' lang='lat' dir='ltr'><strong>et</strong></span> <span class='ocrx_word' id='word_1_390' title='bbox 843 2696 1143 2769; x_wconf 90' lang='lat' dir='ltr'><strong>ordinare,</strong></span> <span class='ocrx_word' id='word_1_391' title='bbox 1196 2696 1358 2757; x_wconf 88' lang='lat' dir='ltr'><strong>unde</strong></span> <span class='ocrx_word' id='word_1_392' title='bbox 1405 2697 1812 2777; x_wconf 89' lang='lat' dir='ltr'><strong>compluribus</strong></span> <span class='ocrx_word' id='word_1_393' title='bbox 1837 2698 2116 2760; x_wconf 86' lang='lat' dir='ltr'><strong>alimonia</strong></span> 
     </span>
    </p>
   </div>
   <div class='ocr_carea' id='block_1_55' title="bbox 2204 2691 3832 2777">
    <p class='ocr_par' dir='ltr' id='par_1_55' title="bbox 2204 2691 3832 2774">
     <span class='ocr_line' id='line_1_55' title="bbox 2204 2691 3832 2774; baseline -0.001 -23"><span class='ocrx_word' id='word_1_394' title='bbox 2204 2702 2442 2766; x_wconf 77' lang='grc' dir='ltr'>συνιστᾷν</span> <span class='ocrx_word' id='word_1_395' title='bbox 2475 2692 2839 2759; x_wconf 74' lang='grc' dir='ltr'>Ἐκκλησίας·</span> <span class='ocrx_word' id='word_1_396' title='bbox 2903 2691 2953 2758; x_wconf 76' lang='grc' dir='ltr'><strong>ἐξ</strong></span> <span class='ocrx_word' id='word_1_397' title='bbox 3013 2696 3086 2747; x_wconf 75' lang='grc' dir='ltr'><strong>ὧν</strong></span> <span class='ocrx_word' id='word_1_398' title='bbox 3151 2693 3385 2774; x_wconf 77' lang='grc' dir='ltr'>διάφοροι</span> <span class='ocrx_word' id='word_1_399' title='bbox 3443 2705 3753 2772; x_wconf 83' lang='grc' dir='ltr'><strong>σωματικῶς</strong></span> <span class='ocrx_word' id='word_1_400' title='bbox 3780 2719 3832 2752; x_wconf 83' lang='grc' dir='ltr'><strong>τε</strong></span> 
     </span>
    </p>
   </div>
   <div class='ocr_carea' id='block_1_56' title="bbox 475 2779 2116 2868">
    <p class='ocr_par' dir='ltr' id='par_1_56' title="bbox 475 2783 2110 2868">
     <span class='ocr_line' id='line_1_56' title="bbox 475 2783 2110 2868; baseline 0 -22"><span class='ocrx_word' id='word_1_401' title='bbox 475 2805 591 2868; x_wconf 91' lang='lat' dir='ltr'><strong>qua</strong></span> <span class='ocrx_word' id='word_1_402' title='bbox 620 2785 854 2864; x_wconf 76' lang='lat' dir='ltr'><strong>animae,</strong></span> <span class='ocrx_word' id='word_1_403' title='bbox 889 2803 1001 2864; x_wconf 88' lang='lat' dir='ltr'><strong>qua</strong></span> <span class='ocrx_word' id='word_1_404' title='bbox 1032 2784 1299 2864; x_wconf 88' lang='lat' dir='ltr'><strong>corporis</strong></span> <span class='ocrx_word' id='word_1_405' title='bbox 1329 2783 1509 2845; x_wconf 89' lang='lat' dir='ltr'><strong>tribui</strong></span> <span class='ocrx_word' id='word_1_406' title='bbox 1541 2785 1710 2846; x_wconf 91' lang='lat' dir='ltr'><strong>solet.</strong></span> <span class='ocrx_word' id='word_1_407' title='bbox 1743 2784 1862 2863; x_wconf 85' lang='lat' dir='ltr'><strong>Ego</strong></span> <span class='ocrx_word' id='word_1_408' title='bbox 1891 2786 2110 2846; x_wconf 91' lang='lat' dir='ltr'><strong>nullum</strong></span> 
     </span>
    </p>
   </div>
   <div class='ocr_carea' id='block_1_57' title="bbox 2204 2779 3832 2868">
    <p class='ocr_par' dir='ltr' id='par_1_57' title="bbox 2204 2779 3832 2863">
     <span class='ocr_line' id='line_1_57' title="bbox 2204 2779 3832 2863; baseline -0.002 -23"><span class='ocrx_word' id='word_1_409' title='bbox 2204 2785 2284 2840; x_wconf 80' lang='lat' dir='ltr'><strong>xui</strong></span> <span class='ocrx_word' id='word_1_410' title='bbox 2342 2789 2589 2862; x_wconf 73' lang='grc' dir='ltr'>ψυχικῶς</span> <span class='ocrx_word' id='word_1_411' title='bbox 2648 2783 2905 2860; x_wconf 68' lang='grc' dir='ltr'>πεφύκασι</span> <span class='ocrx_word' id='word_1_412' title='bbox 2969 2779 3350 2861; x_wconf 71' lang='grc' dir='ltr'><strong>διατρέφεσθαι,</strong></span> <span class='ocrx_word' id='word_1_413' title='bbox 3441 2783 3578 2863; x_wconf 85' lang='grc' dir='ltr'><strong>Ἐγὼ</strong></span> <span class='ocrx_word' id='word_1_414' title='bbox 3645 2784 3698 2840; x_wconf 78' lang='grc' dir='ltr'><strong>δὲ</strong></span> <span class='ocrx_word' id='word_1_415' title='bbox 3754 2790 3832 2843; x_wconf 73' lang='grc' dir='ltr'><strong>οὗ.</strong></span> 
     </span>
    </p>
   </div>
   <div class='ocr_carea' id='block_1_58' title="bbox 472 2869 2116 2953">
    <p class='ocr_par' dir='ltr' id='par_1_58' title="bbox 472 2873 2113 2953">
     <span class='ocr_line' id='line_1_58' title="bbox 472 2873 2113 2953; baseline -0.001 -17"><span class='ocrx_word' id='word_1_416' title='bbox 472 2875 686 2937; x_wconf 88' lang='lat' dir='ltr'><strong>borum</strong></span> <span class='ocrx_word' id='word_1_417' title='bbox 717 2873 888 2934; x_wconf 92' lang='lat' dir='ltr'><strong>alteri</strong></span> <span class='ocrx_word' id='word_1_418' title='bbox 920 2873 1300 2953; x_wconf 68' lang='lat' dir='ltr'><strong>praetulerim,</strong></span> <span class='ocrx_word' id='word_1_419' title='bbox 1365 2891 1557 2952; x_wconf 91' lang='lat' dir='ltr'><strong>neque</strong></span> <span class='ocrx_word' id='word_1_420' title='bbox 1616 2875 1725 2934; x_wconf 92' lang='lat' dir='ltr'><strong>hoc</strong></span> <span class='ocrx_word' id='word_1_421' title='bbox 1756 2873 2113 2935; x_wconf 90' lang='lat' dir='ltr'><strong>laudandum</strong></span> 
     </span>
    </p>
   </div>
   <div class='ocr_carea' id='block_1_59' title="bbox 2204 2869 3827 2953">
    <p class='ocr_par' dir='ltr' id='par_1_59' title="bbox 2204 2869 3827 2951">
     <span class='ocr_line' id='line_1_59' title="bbox 2204 2869 3827 2951; baseline -0.001 -24"><span class='ocrx_word' id='word_1_422' title='bbox 2204 2870 2402 2950; x_wconf 75' lang='grc' dir='ltr'>Βέτερον</span> <span class='ocrx_word' id='word_1_423' title='bbox 2453 2871 2650 2927; x_wconf 75' lang='grc' dir='ltr'>τούτων</span> <span class='ocrx_word' id='word_1_424' title='bbox 2706 2877 2797 2924; x_wconf 76' lang='grc' dir='ltr'><strong>τοῦ</strong></span> <span class='ocrx_word' id='word_1_425' title='bbox 2868 2869 3042 2947; x_wconf 81' lang='grc' dir='ltr'>ἑτέρου</span> <span class='ocrx_word' id='word_1_426' title='bbox 3124 2873 3454 2951; x_wconf 77' lang='grc' dir='ltr'>προκρίναιμι</span> <span class='ocrx_word' id='word_1_427' title='bbox 3487 2893 3503 2910; x_wconf 77' lang='grc' dir='ltr'><strong>ο</strong></span> <span class='ocrx_word' id='word_1_428' title='bbox 3573 2873 3685 2929; x_wconf 74' lang='grc' dir='ltr'><strong>οὖδὲ</strong></span> <span class='ocrx_word' id='word_1_429' title='bbox 3719 2875 3827 2930; x_wconf 86' lang='grc' dir='ltr'>-τὸν</span> 
     </span>
    </p>
   </div>
   <div class='ocr_carea' id='block_1_60' title="bbox 471 2955 2116 3054">
    <p class='ocr_par' dir='ltr' id='par_1_60' title="bbox 471 2959 2115 3054">
     <span class='ocr_line' id='line_1_60' title="bbox 471 2959 2115 3054; baseline -0.001 -29"><span class='ocrx_word' id='word_1_430' title='bbox 471 2961 1126 3054; x_wconf 37' lang='lat' dir='ltr'><strong>illuduvitupeJandum</strong></span> <span class='ocrx_word' id='word_1_431' title='bbox 1181 2959 1482 3054; x_wconf 76' lang='lat' dir='ltr'><strong>dixerim:</strong></span> <span class='ocrx_word' id='word_1_432' title='bbox 1536 2963 1883 3054; x_wconf 79' lang='lat' dir='ltr'><strong>generatim.</strong></span> <span class='ocrx_word' id='word_1_433' title='bbox 1950 2970 2008 3024; x_wconf 93' lang='lat' dir='ltr'><strong>et</strong></span> <span class='ocrx_word' id='word_1_434' title='bbox 2058 2966 2115 3024; x_wconf 92' lang='lat' dir='ltr'><strong>in</strong></span> 
     </span>
    </p>
   </div>
   <div class='ocr_carea' id='block_1_61' title="bbox 2204 2955 3826 3054">
    <p class='ocr_par' dir='ltr' id='par_1_61' title="bbox 2204 2955 3826 3040">
     <span class='ocr_line' id='line_1_61' title="bbox 2204 2955 3826 3040; baseline -0.001 -25"><span class='ocrx_word' id='word_1_435' title='bbox 2204 2961 2292 3035; x_wconf 76' lang='grc' dir='ltr'><strong>μὲν</strong></span> <span class='ocrx_word' id='word_1_436' title='bbox 2325 2961 2558 3031; x_wconf 78' lang='grc' dir='ltr'>ἐπαίνου,</span> <span class='ocrx_word' id='word_1_437' title='bbox 2590 2959 2678 3013; x_wconf 75' lang='grc' dir='ltr'>τὸν</span> <span class='ocrx_word' id='word_1_438' title='bbox 2737 2955 2791 3012; x_wconf 79' lang='grc' dir='ltr'><strong>δὲ</strong></span> <span class='ocrx_word' id='word_1_439' title='bbox 2848 2959 3016 3036; x_wconf 79' lang='grc' dir='ltr'>ψόγου</span> <span class='ocrx_word' id='word_1_440' title='bbox 3074 2957 3213 3024; x_wconf 77' lang='grc' dir='ltr'>ἄξιον</span> <span class='ocrx_word' id='word_1_441' title='bbox 3258 2962 3457 3037; x_wconf 79' lang='grc' dir='ltr'>εἴποιμι</span> <span class='ocrx_word' id='word_1_442' title='bbox 3513 2961 3592 3040; x_wconf 69' lang='grc' dir='ltr'><strong>ἂν,</strong></span> <span class='ocrx_word' id='word_1_443' title='bbox 3626 2959 3744 3015; x_wconf 80' lang='grc' dir='ltr'>ἀλλ’</span> <span class='ocrx_word' id='word_1_444' title='bbox 3772 2960 3826 3014; x_wconf 84' lang='grc' dir='ltr'><strong>ἐν</strong></span> 
     </span>
    </p>
   </div>
   <div class='ocr_carea' id='block_1_62' title="bbox 474 3045 2116 3131">
    <p class='ocr_par' dir='ltr' id='par_1_62' title="bbox 474 3047 2116 3131">
     <span class='ocr_line' id='line_1_62' title="bbox 474 3047 2116 3131; baseline 0 -19"><span class='ocrx_word' id='word_1_445' title='bbox 474 3049 755 3113; x_wconf 90' lang='lat' dir='ltr'><strong>omnibus</strong></span> <span class='ocrx_word' id='word_1_446' title='bbox 842 3049 1119 3130; x_wconf 89' lang='lat' dir='ltr'><strong>operious</strong></span> <span class='ocrx_word' id='word_1_447' title='bbox 1186 3047 1635 3128; x_wconf 89' lang='lat' dir='ltr'><strong>actionibusque</strong></span> <span class='ocrx_word' id='word_1_448' title='bbox 1712 3050 1828 3111; x_wconf 89' lang='lat' dir='ltr'><strong>vita</strong></span> <span class='ocrx_word' id='word_1_449' title='bbox 1881 3059 2116 3131; x_wconf 90' lang='lat' dir='ltr'><strong>propter</strong></span> 
     </span>
    </p>
   </div>
   <div class='ocr_carea' id='block_1_63' title="bbox 2204 3045 3816 3131">
    <p class='ocr_par' dir='ltr' id='par_1_63' title="bbox 2204 3045 3816 3128">
     <span class='ocr_line' id='line_1_63' title="bbox 2204 3045 3816 3128; baseline 0 -24"><span class='ocrx_word' id='word_1_450' title='bbox 2204 3051 2353 3104; x_wconf 87' lang='grc' dir='ltr'>παντὶ</span> <span class='ocrx_word' id='word_1_451' title='bbox 2395 3049 2482 3103; x_wconf 88' lang='lat' dir='ltr'><strong>xui</strong></span> <span class='ocrx_word' id='word_1_452' title='bbox 2533 3047 2588 3102; x_wconf 81' lang='grc' dir='ltr'>ἐν</span> <span class='ocrx_word' id='word_1_453' title='bbox 2643 3053 2800 3102; x_wconf 79' lang='grc' dir='ltr'>πᾶσιν</span> <span class='ocrx_word' id='word_1_454' title='bbox 2843 3045 3016 3125; x_wconf 73' lang='grc' dir='ltr'>ἔργοις</span> <span class='ocrx_word' id='word_1_455' title='bbox 3061 3050 3147 3103; x_wconf 85' lang='lat' dir='ltr'><strong>xui</strong></span> <span class='ocrx_word' id='word_1_456' title='bbox 3200 3048 3452 3128; x_wconf 76' lang='grc' dir='ltr'>πράξεσιν,</span> <span class='ocrx_word' id='word_1_457' title='bbox 3513 3053 3537 3106; x_wconf 89' lang='lat'><strong>6</strong></span> <span class='ocrx_word' id='word_1_458' title='bbox 3586 3047 3665 3104; x_wconf 72' lang='grc' dir='ltr'>διὰ</span> <span class='ocrx_word' id='word_1_459' title='bbox 3697 3049 3816 3104; x_wconf 85' lang='grc' dir='ltr'><strong>Θεὸν</strong></span> 
     </span>
    </p>
   </div>
   <div class='ocr_carea' id='block_1_64' title="bbox 470 3136 2116 3214">
    <p class='ocr_par' dir='ltr' id='par_1_64' title="bbox 470 3136 2116 3214">
     <span class='ocr_line' id='line_1_64' title="bbox 470 3136 2116 3214; baseline 0.001 -13"><span class='ocrx_word' id='word_1_460' title='bbox 470 3139 659 3202; x_wconf 92' lang='lat' dir='ltr'><strong>Deum</strong></span> <span class='ocrx_word' id='word_1_461' title='bbox 686 3137 1085 3198; x_wconf 90' lang='lat' dir='ltr'><strong>etsecundum</strong></span> <span class='ocrx_word' id='word_1_462' title='bbox 1112 3139 1296 3198; x_wconf 92' lang='lat' dir='ltr'><strong>Deum</strong></span> <span class='ocrx_word' id='word_1_463' title='bbox 1323 3145 1450 3197; x_wconf 90' lang='lat' dir='ltr'><strong>acta</strong></span> <span class='ocrx_word' id='word_1_464' title='bbox 1465 3136 1640 3214; x_wconf 83' lang='lat' dir='ltr'><strong>longe</strong></span> <span class='ocrx_word' id='word_1_465' title='bbox 1655 3137 1992 3200; x_wconf 89' lang='lat' dir='ltr'><strong>beatissima</strong></span> <span class='ocrx_word' id='word_1_466' title='bbox 2005 3150 2116 3204; x_wconf 89' lang='lat' dir='ltr'><strong>est.</strong></span> 
     </span>
    </p>
   </div>
   <div class='ocr_carea' id='block_1_65' title="bbox 553 3223 2116 3292">
    <p class='ocr_par' dir='ltr' id='par_1_65' title="bbox 553 3223 2116 3292">
     <span class='ocr_line' id='line_1_65' title="bbox 553 3223 2116 3292; baseline -0.002 -1"><span class='ocrx_word' id='word_1_467' title='bbox 553 3230 652 3292; x_wconf 84' lang='lat'><strong>89.</strong></span> <span class='ocrx_word' id='word_1_468' title='bbox 689 3226 854 3289; x_wconf 93' lang='lat' dir='ltr'><strong>Sicut</strong></span> <span class='ocrx_word' id='word_1_469' title='bbox 883 3224 1131 3286; x_wconf 90' lang='lat' dir='ltr'><strong>diversis</strong></span> <span class='ocrx_word' id='word_1_470' title='bbox 1159 3223 1381 3284; x_wconf 88' lang='lat' dir='ltr'><strong>artibus</strong></span> <span class='ocrx_word' id='word_1_471' title='bbox 1437 3243 1503 3285; x_wconf 91' lang='lat' dir='ltr'><strong>ac</strong></span> <span class='ocrx_word' id='word_1_472' title='bbox 1565 3225 1830 3287; x_wconf 88' lang='lat' dir='ltr'><strong>scientiis</strong></span> <span class='ocrx_word' id='word_1_473' title='bbox 1858 3227 1973 3287; x_wconf 91' lang='lat' dir='ltr'><strong>vita</strong></span> <span class='ocrx_word' id='word_1_474' title='bbox 2001 3229 2116 3289; x_wconf 89' lang='lat' dir='ltr'><strong>hu-</strong></span> 
     </span>
    </p>
   </div>
   <div class='ocr_carea' id='block_1_66' title="bbox 474 3313 2112 3389">
    <p class='ocr_par' dir='ltr' id='par_1_66' title="bbox 474 3313 2112 3389">
     <span class='ocr_line' id='line_1_66' title="bbox 474 3313 2112 3389; baseline -0.001 -11"><span class='ocrx_word' id='word_1_475' title='bbox 474 3335 650 3378; x_wconf 89' lang='lat' dir='ltr'><strong>mana</strong></span> <span class='ocrx_word' id='word_1_476' title='bbox 675 3315 1038 3388; x_wconf 89' lang='lat' dir='ltr'><strong>continetur,</strong></span> <span class='ocrx_word' id='word_1_477' title='bbox 1105 3313 1245 3374; x_wconf 93' lang='lat' dir='ltr'><strong>dum</strong></span> <span class='ocrx_word' id='word_1_478' title='bbox 1305 3313 1455 3373; x_wconf 87' lang='lat' dir='ltr'><strong>alius</strong></span> <span class='ocrx_word' id='word_1_479' title='bbox 1513 3313 1685 3389; x_wconf 90' lang='lat' dir='ltr'><strong>hanc,</strong></span> <span class='ocrx_word' id='word_1_480' title='bbox 1747 3315 1897 3376; x_wconf 90' lang='lat' dir='ltr'><strong>alius</strong></span> <span class='ocrx_word' id='word_1_481' title='bbox 1954 3315 2112 3377; x_wconf 86' lang='lat' dir='ltr'><strong>illam</strong></span> 
     </span>
    </p>
   </div>
   <div class='ocr_carea' id='block_1_67' title="bbox 472 3400 2116 3484">
    <p class='ocr_par' dir='ltr' id='par_1_67' title="bbox 472 3400 2116 3484">
     <span class='ocr_line' id='line_1_67' title="bbox 472 3400 2116 3484; baseline 0.001 -20"><span class='ocrx_word' id='word_1_482' title='bbox 472 3410 704 3484; x_wconf 84' lang='lat' dir='ltr'><strong>tractat,</strong></span> <span class='ocrx_word' id='word_1_483' title='bbox 737 3403 1032 3474; x_wconf 83' lang='lat' dir='ltr'><strong>videlicet,</strong></span> <span class='ocrx_word' id='word_1_484' title='bbox 1067 3409 1244 3481; x_wconf 92' lang='lat' dir='ltr'><strong>atque</strong></span> <span class='ocrx_word' id='word_1_485' title='bbox 1278 3400 1508 3461; x_wconf 82' lang='lat' dir='ltr'><strong>confert</strong></span> <span class='ocrx_word' id='word_1_486' title='bbox 1544 3409 1604 3462; x_wconf 93' lang='lat' dir='ltr'><strong>et</strong></span> <span class='ocrx_word' id='word_1_487' title='bbox 1659 3402 1933 3463; x_wconf 83' lang='lat' dir='ltr'><strong>homines</strong></span> <span class='ocrx_word' id='word_1_488' title='bbox 1983 3423 2116 3465; x_wconf 85' lang='lat' dir='ltr'><strong>mu-</strong></span> 
     </span>
    </p>
   </div>
   <div class='ocr_carea' id='block_1_68' title="bbox 476 3489 2116 3571">
    <p class='ocr_par' dir='ltr' id='par_1_68' title="bbox 476 3489 2116 3571">
     <span class='ocr_line' id='line_1_68' title="bbox 476 3489 2116 3571; baseline 0 -18"><span class='ocrx_word' id='word_1_489' title='bbox 476 3499 637 3553; x_wconf 89' lang='lat' dir='ltr'><strong>tuum</strong></span> <span class='ocrx_word' id='word_1_490' title='bbox 670 3491 1202 3562; x_wconf 85' lang='lat' dir='ltr'><strong>communicantes,</strong></span> <span class='ocrx_word' id='word_1_491' title='bbox 1262 3489 1596 3570; x_wconf 88' lang='lat' dir='ltr'><strong>quibusque</strong></span> <span class='ocrx_word' id='word_1_492' title='bbox 1650 3509 1865 3571; x_wconf 88' lang='lat' dir='ltr'><strong>corpus</strong></span> <span class='ocrx_word' id='word_1_493' title='bbox 1894 3491 2116 3571; x_wconf 88' lang='lat' dir='ltr'><strong>indiget</strong></span> 
     </span>
    </p>
   </div>
   <div class='ocr_carea' id='block_1_69' title="bbox 471 3579 2115 3654">
    <p class='ocr_par' dir='ltr' id='par_1_69' title="bbox 471 3579 2115 3654">
     <span class='ocr_line' id='line_1_69' title="bbox 471 3579 2115 3654; baseline 0.001 -13"><span class='ocrx_word' id='word_1_494' title='bbox 471 3581 728 3643; x_wconf 89' lang='lat' dir='ltr'><strong>vicissim</strong></span> <span class='ocrx_word' id='word_1_495' title='bbox 758 3589 1056 3654; x_wconf 88' lang='lat' dir='ltr'><strong>navantes,</strong></span> <span class='ocrx_word' id='word_1_496' title='bbox 1093 3580 1172 3640; x_wconf 91' lang='lat' dir='ltr'><strong>ita</strong></span> <span class='ocrx_word' id='word_1_497' title='bbox 1200 3586 1429 3640; x_wconf 66' lang='lat' dir='ltr'><strong>aetatem</strong></span> <span class='ocrx_word' id='word_1_498' title='bbox 1473 3579 1784 3640; x_wconf 89' lang='lat' dir='ltr'><strong>traducunt</strong></span> <span class='ocrx_word' id='word_1_499' title='bbox 1817 3600 1829 3640; x_wconf 91' lang='lat'>:</span> <span class='ocrx_word' id='word_1_500' title='bbox 1863 3579 2019 3641; x_wconf 91' lang='lat' dir='ltr'><strong>idem</strong></span> <span class='ocrx_word' id='word_1_501' title='bbox 2052 3581 2115 3642; x_wconf 91' lang='lat' dir='ltr'><strong>in</strong></span> 
     </span>
    </p>
   </div>
   <div class='ocr_carea' id='block_1_70' title="bbox 475 3666 2116 3749">
    <p class='ocr_par' dir='ltr' id='par_1_70' title="bbox 475 3666 2116 3749">
     <span class='ocr_line' id='line_1_70' title="bbox 475 3666 2116 3749; baseline 0 -18"><span class='ocrx_word' id='word_1_502' title='bbox 475 3669 883 3749; x_wconf 89' lang='lat' dir='ltr'><strong>spiritualibus</strong></span> <span class='ocrx_word' id='word_1_503' title='bbox 909 3669 1112 3730; x_wconf 91' lang='lat' dir='ltr'><strong>videre</strong></span> <span class='ocrx_word' id='word_1_504' title='bbox 1137 3668 1296 3728; x_wconf 92' lang='lat' dir='ltr'><strong>licet.</strong></span> <span class='ocrx_word' id='word_1_505' title='bbox 1321 3666 1595 3738; x_wconf 87' lang='lat' dir='ltr'><strong>Quamvis</strong></span> <span class='ocrx_word' id='word_1_506' title='bbox 1626 3669 1785 3729; x_wconf 91' lang='lat' dir='ltr'><strong>enim</strong></span> <span class='ocrx_word' id='word_1_507' title='bbox 1817 3669 1917 3730; x_wconf 90' lang='lat' dir='ltr'><strong>alii</strong></span> <span class='ocrx_word' id='word_1_508' title='bbox 1945 3670 2116 3731; x_wconf 89' lang='lat' dir='ltr'><strong>aliam</strong></span> 
     </span>
    </p>
   </div>
   <div class='ocr_carea' id='block_1_71' title="bbox 474 3756 2113 3835">
    <p class='ocr_par' dir='ltr' id='par_1_71' title="bbox 474 3756 2113 3835">
     <span class='ocr_line' id='line_1_71' title="bbox 474 3756 2113 3835; baseline 0.001 -16"><span class='ocrx_word' id='word_1_509' title='bbox 474 3759 753 3821; x_wconf 90' lang='lat' dir='ltr'><strong>virtutem</strong></span> <span class='ocrx_word' id='word_1_510' title='bbox 779 3757 1074 3833; x_wconf 86' lang='lat' dir='ltr'><strong>excolant,</strong></span> <span class='ocrx_word' id='word_1_511' title='bbox 1104 3756 1280 3818; x_wconf 87' lang='lat' dir='ltr'><strong>etalii</strong></span> <span class='ocrx_word' id='word_1_512' title='bbox 1301 3756 1414 3818; x_wconf 88' lang='lat' dir='ltr'><strong>alia</strong></span> <span class='ocrx_word' id='word_1_513' title='bbox 1434 3756 1781 3818; x_wconf 87' lang='lat' dir='ltr'><strong>vivendivia</strong></span> <span class='ocrx_word' id='word_1_514' title='bbox 1809 3757 2113 3835; x_wconf 72' lang='lat' dir='ltr'><strong>incedam,</strong></span> 
     </span>
    </p>
   </div>
   <div class='ocr_carea' id='block_1_72' title="bbox 2199 3136 3271 3215">
    <p class='ocr_par' dir='ltr' id='par_1_72' title="bbox 2199 3136 3271 3215">
     <span class='ocr_line' id='line_1_72' title="bbox 2199 3136 3271 3215; baseline 0.001 -23"><span class='ocrx_word' id='word_1_515' title='bbox 2199 3139 2286 3192; x_wconf 91' lang='lat' dir='ltr'><strong>xui</strong></span> <span class='ocrx_word' id='word_1_516' title='bbox 2328 3138 2462 3192; x_wconf 77' lang='grc' dir='ltr'>κατὰ</span> <span class='ocrx_word' id='word_1_517' title='bbox 2495 3137 2624 3191; x_wconf 87' lang='grc' dir='ltr'><strong>Θεόν</strong></span> <span class='ocrx_word' id='word_1_518' title='bbox 2655 3136 2764 3210; x_wconf 83' lang='grc' dir='ltr'>βίος</span> <span class='ocrx_word' id='word_1_519' title='bbox 2808 3137 3271 3215; x_wconf 77' lang='grc' dir='ltr'>παμμακάριστος.</span> 
     </span>
    </p>
   </div>
   <div class='ocr_carea' id='block_1_73' title="bbox 2282 3214 3825 3303">
    <p class='ocr_par' dir='ltr' id='par_1_73' title="bbox 2282 3214 3825 3303">
     <span class='ocr_line' id='line_1_73' title="bbox 2282 3214 3825 3303; baseline -0.003 -23"><span class='ocrx_word' id='word_1_520' title='bbox 2282 3214 2393 3286; x_wconf 71' lang='grc' dir='ltr'>πθ’,</span> <span class='ocrx_word' id='word_1_521' title='bbox 2452 3224 2694 3302; x_wconf 80' lang='grc' dir='ltr'>Καθάπερ</span> <span class='ocrx_word' id='word_1_522' title='bbox 2751 3223 2812 3277; x_wconf 80' lang='grc' dir='ltr'>ἐκ</span> <span class='ocrx_word' id='word_1_523' title='bbox 2867 3214 3127 3303; x_wconf 76' lang='grc' dir='ltr'>διαφόρων</span> <span class='ocrx_word' id='word_1_524' title='bbox 3212 3235 3302 3284; x_wconf 80' lang='grc' dir='ltr'><strong>τοῦ</strong></span> <span class='ocrx_word' id='word_1_525' title='bbox 3366 3225 3473 3301; x_wconf 72' lang='grc' dir='ltr'>βίου</span> <span class='ocrx_word' id='word_1_526' title='bbox 3530 3223 3825 3298; x_wconf 70' lang='grc' dir='ltr'>ἐπιστημῶν</span> 
     </span>
    </p>
   </div>
   <div class='ocr_carea' id='block_1_74' title="bbox 2199 3310 3824 3392">
    <p class='ocr_par' dir='ltr' id='par_1_74' title="bbox 2199 3310 3824 3392">
     <span class='ocr_line' id='line_1_74' title="bbox 2199 3310 3824 3392; baseline -0.002 -24"><span class='ocrx_word' id='word_1_527' title='bbox 2199 3315 2285 3368; x_wconf 87' lang='grc' dir='ltr'><strong>καὶ</strong></span> <span class='ocrx_word' id='word_1_528' title='bbox 2313 3317 2522 3392; x_wconf 75' lang='grc' dir='ltr'>τεχνῶν</span> <span class='ocrx_word' id='word_1_529' title='bbox 2573 3315 2600 3367; x_wconf 92' lang='lat'><strong>6</strong></span> <span class='ocrx_word' id='word_1_530' title='bbox 2643 3317 2748 3366; x_wconf 81' lang='grc' dir='ltr'><strong>τῶν</strong></span> <span class='ocrx_word' id='word_1_531' title='bbox 2812 3311 3096 3389; x_wconf 81' lang='grc' dir='ltr'>ἀνθρώπων</span> <span class='ocrx_word' id='word_1_532' title='bbox 3153 3314 3265 3389; x_wconf 85' lang='grc' dir='ltr'>βίος</span> <span class='ocrx_word' id='word_1_533' title='bbox 3325 3314 3638 3386; x_wconf 74' lang='grc' dir='ltr'>συνίσταται,</span> <span class='ocrx_word' id='word_1_534' title='bbox 3673 3310 3824 3367; x_wconf 74' lang='grc' dir='ltr'>ἄλλου</span> 
     </span>
    </p>
   </div>
   <div class='ocr_carea' id='block_1_75' title="bbox 2200 3399 3818 3481">
    <p class='ocr_par' dir='ltr' id='par_1_75' title="bbox 2200 3399 3818 3481">
     <span class='ocr_line' id='line_1_75' title="bbox 2200 3399 3818 3481; baseline -0.001 -24"><span class='ocrx_word' id='word_1_535' title='bbox 2200 3401 2367 3468; x_wconf 78' lang='grc' dir='ltr'>ἄλλην</span> <span class='ocrx_word' id='word_1_536' title='bbox 2456 3401 2805 3480; x_wconf 80' lang='grc' dir='ltr'>ἐργαζομένου</span> <span class='ocrx_word' id='word_1_537' title='bbox 2901 3399 3144 3466; x_wconf 82' lang='grc' dir='ltr'>δηλονότι</span> <span class='ocrx_word' id='word_1_538' title='bbox 3236 3425 3324 3479; x_wconf 58' lang='grc' dir='ltr'>καὶ</span> <span class='ocrx_word' id='word_1_539' title='bbox 3393 3403 3818 3481; x_wconf 69' lang='grc' dir='ltr'>συνεισφέροντοῆ</span> 
     </span>
    </p>
   </div>
   <div class='ocr_carea' id='block_1_76' title="bbox 2197 3487 3823 3564">
    <p class='ocr_par' dir='ltr' id='par_1_76' title="bbox 2197 3487 3823 3564">
     <span class='ocr_line' id='line_1_76' title="bbox 2197 3487 3823 3564; baseline -0.001 -17"><span class='ocrx_word' id='word_1_540' title='bbox 2197 3493 2284 3548; x_wconf 85' lang='grc' dir='ltr'><strong>καὶ</strong></span> <span class='ocrx_word' id='word_1_541' title='bbox 2341 3489 2593 3560; x_wconf 69' lang='grc' dir='ltr'>ἀλλήλοις</span> <span class='ocrx_word' id='word_1_542' title='bbox 2648 3489 2782 3545; x_wconf 60' lang='grc' dir='ltr'>οὕτω</span> <span class='ocrx_word' id='word_1_543' title='bbox 2857 3487 3242 3564; x_wconf 80' lang='grc' dir='ltr'>μεταδιδόντες,</span> <span class='ocrx_word' id='word_1_544' title='bbox 3321 3493 3407 3547; x_wconf 88' lang='lat' dir='ltr'><strong>xui</strong></span> <span class='ocrx_word' id='word_1_545' title='bbox 3476 3491 3527 3557; x_wconf 76' lang='grc' dir='ltr'>ἐξ</span> <span class='ocrx_word' id='word_1_546' title='bbox 3594 3489 3823 3558; x_wconf 76' lang='grc' dir='ltr'>ἀλλήλων</span> 
     </span>
    </p>
   </div>
   <div class='ocr_carea' id='block_1_77' title="bbox 2199 3577 3821 3659">
    <p class='ocr_par' dir='ltr' id='par_1_77' title="bbox 2199 3577 3821 3659">
     <span class='ocr_line' id='line_1_77' title="bbox 2199 3577 3821 3659; baseline -0.001 -24"><span class='ocrx_word' id='word_1_547' title='bbox 2199 3577 2690 3656; x_wconf 76' lang='grc' dir='ltr'>μεταλαμϐάνοντες</span> <span class='ocrx_word' id='word_1_548' title='bbox 2737 3585 2892 3649; x_wconf 80' lang='grc' dir='ltr'>ζῶσιν</span> <span class='ocrx_word' id='word_1_549' title='bbox 2945 3582 2991 3633; x_wconf 77' lang='grc' dir='ltr'><strong>οἱ</strong></span> <span class='ocrx_word' id='word_1_550' title='bbox 3040 3579 3320 3659; x_wconf 78' lang='grc' dir='ltr'>ἅνθρωποι,</span> <span class='ocrx_word' id='word_1_551' title='bbox 3383 3583 3479 3644; x_wconf 79' lang='grc' dir='ltr'><strong>τὰς</strong></span> <span class='ocrx_word' id='word_1_552' title='bbox 3536 3581 3821 3656; x_wconf 73' lang='grc' dir='ltr'>σωματικὰς</span> 
     </span>
    </p>
   </div>
   <div class='ocr_carea' id='block_1_78' title="bbox 2201 3667 3823 3749">
    <p class='ocr_par' dir='ltr' id='par_1_78' title="bbox 2201 3667 3823 3749">
     <span class='ocr_line' id='line_1_78' title="bbox 2201 3667 3823 3749; baseline -0.001 -25"><span class='ocrx_word' id='word_1_553' title='bbox 2201 3670 2382 3749; x_wconf 79' lang='grc' dir='ltr'>χρείας</span> <span class='ocrx_word' id='word_1_554' title='bbox 2428 3674 2495 3744; x_wconf 76' lang='grc' dir='ltr'><strong>τῇ</strong></span> <span class='ocrx_word' id='word_1_555' title='bbox 2549 3669 2694 3747; x_wconf 76' lang='grc' dir='ltr'>φύσει</span> <span class='ocrx_word' id='word_1_556' title='bbox 2748 3667 3071 3746; x_wconf 76' lang='grc' dir='ltr'>παρέχοντες</span> <span class='ocrx_word' id='word_1_557' title='bbox 3108 3687 3123 3700; x_wconf 83' lang='lat'><strong>&#39;</strong></span> <span class='ocrx_word' id='word_1_558' title='bbox 3185 3669 3350 3732; x_wconf 65' lang='grc' dir='ltr'>οὕτως</span> <span class='ocrx_word' id='word_1_559' title='bbox 3410 3670 3550 3726; x_wconf 81' lang='grc' dir='ltr'>’ἐστιν</span> <span class='ocrx_word' id='word_1_560' title='bbox 3578 3668 3702 3726; x_wconf 76' lang='grc' dir='ltr'>ἰδεῖν</span> <span class='ocrx_word' id='word_1_561' title='bbox 3748 3670 3823 3724; x_wconf 88' lang='lat' dir='ltr'><strong>xui</strong></span> 
     </span>
    </p>
   </div>
   <div class='ocr_carea' id='block_1_79' title="bbox 2200 3755 3822 3839">
    <p class='ocr_par' dir='ltr' id='par_1_79' title="bbox 2200 3755 3822 3839">
     <span class='ocr_line' id='line_1_79' title="bbox 2200 3755 3822 3839; baseline -0.002 -24"><span class='ocrx_word' id='word_1_562' title='bbox 2200 3759 2284 3815; x_wconf 80' lang='grc' dir='ltr'><strong>ἐπὶ</strong></span> <span class='ocrx_word' id='word_1_563' title='bbox 2332 3763 2436 3813; x_wconf 82' lang='grc' dir='ltr'>τῶν</span> <span class='ocrx_word' id='word_1_564' title='bbox 2491 3763 2856 3832; x_wconf 82' lang='grc' dir='ltr'>πνευματικῶν</span> <span class='ocrx_word' id='word_1_565' title='bbox 2889 3770 2905 3785; x_wconf 87' lang='grc'><strong>⁸</strong></span> <span class='ocrx_word' id='word_1_566' title='bbox 2969 3755 3128 3814; x_wconf 74' lang='grc' dir='ltr'>ἄλλου</span> <span class='ocrx_word' id='word_1_567' title='bbox 3183 3757 3351 3826; x_wconf 70' lang='grc' dir='ltr'>ἄλλην</span> <span class='ocrx_word' id='word_1_568' title='bbox 3408 3760 3600 3839; x_wconf 76' lang='grc' dir='ltr'>ἀρετὴν</span> <span class='ocrx_word' id='word_1_569' title='bbox 3638 3758 3822 3835; x_wconf 81' lang='grc' dir='ltr'><strong>μετιόν-</strong></span> 
     </span>
    </p>
   </div>
   <div class='ocr_carea' id='block_1_80' title="bbox 556 3934 1612 4020">
    <p class='ocr_par' dir='ltr' id='par_1_80' title="bbox 556 3934 1612 4020">
     <span class='ocr_line' id='line_1_80' title="bbox 556 3934 1612 4020; baseline -0.002 -20"><span class='ocrx_word' id='word_1_570' title='bbox 556 3937 610 3980; x_wconf 70' lang='grc'>¹²</span> <span class='ocrx_word' id='word_1_571' title='bbox 635 3936 660 4000; x_wconf 94' lang='grc' dir='ltr'><strong>Ι</strong></span> <span class='ocrx_word' id='word_1_572' title='bbox 690 3941 822 4002; x_wconf 87' lang='lat' dir='ltr'><strong>Cor.</strong></span> <span class='ocrx_word' id='word_1_573' title='bbox 857 3955 922 4020; x_wconf 82' lang='grc' dir='ltr'><strong>ιι,</strong></span> <span class='ocrx_word' id='word_1_574' title='bbox 955 3937 1016 4001; x_wconf 89' lang='grc'><strong>9.</strong></span> <span class='ocrx_word' id='word_1_575' title='bbox 1105 3934 1202 3998; x_wconf 76' lang='lat'><strong>131</strong></span> <span class='ocrx_word' id='word_1_576' title='bbox 1232 3935 1390 4000; x_wconf 90' lang='lat' dir='ltr'><strong>Petr.</strong></span> <span class='ocrx_word' id='word_1_577' title='bbox 1438 3953 1478 4012; x_wconf 85' lang='grc' dir='ltr'><strong>ι,</strong></span> <span class='ocrx_word' id='word_1_578' title='bbox 1515 3935 1612 3998; x_wconf 82' lang='lat' dir='ltr'><strong>t2.</strong></span> 
     </span>
    </p>
   </div>
   <div class='ocr_carea' id='block_1_81' title="bbox 551 4101 3826 4186">
    <p class='ocr_par' dir='ltr' id='par_1_81' title="bbox 551 4101 3826 4186">
     <span class='ocr_line' id='line_1_81' title="bbox 551 4101 3826 4186; baseline -0.001 -19"><span class='ocrx_word' id='word_1_579' title='bbox 551 4108 677 4182; x_wconf 86' lang='grc'>(16)</span> <span class='ocrx_word' id='word_1_580' title='bbox 708 4109 1004 4168; x_wconf 89' lang='lat' dir='ltr'><strong>Pontanus</strong></span> <span class='ocrx_word' id='word_1_581' title='bbox 1034 4105 1198 4168; x_wconf 87' lang='lat' dir='ltr'><strong>addit</strong></span> <span class='ocrx_word' id='word_1_582' title='bbox 1244 4105 1498 4184; x_wconf 89' lang='lat' dir='ltr'><strong>capitula</strong></span> <span class='ocrx_word' id='word_1_583' title='bbox 1549 4105 1660 4166; x_wconf 90' lang='lat' dir='ltr'><strong>tria</strong></span> <span class='ocrx_word' id='word_1_584' title='bbox 1692 4122 1705 4166; x_wconf 91' lang='lat'>:</span> <span class='ocrx_word' id='word_1_585' title='bbox 1773 4128 1799 4159; x_wconf 83' lang='lat'><strong><em>«</em></strong></span> <span class='ocrx_word' id='word_1_586' title='bbox 1832 4103 2115 4186; x_wconf 68' lang='lat' dir='ltr'><strong>Quando-</strong></span> <span class='ocrx_word' id='word_1_587' title='bbox 2197 4104 2497 4186; x_wconf 82' lang='lat' dir='ltr'><strong>incursus,</strong></span> <span class='ocrx_word' id='word_1_588' title='bbox 2531 4101 2688 4164; x_wconf 90' lang='lat' dir='ltr'><strong>bella</strong></span> <span class='ocrx_word' id='word_1_589' title='bbox 2719 4111 2775 4165; x_wconf 94' lang='lat' dir='ltr'><strong>et</strong></span> <span class='ocrx_word' id='word_1_590' title='bbox 2807 4121 3033 4183; x_wconf 86' lang='lat' dir='ltr'><strong>pugnas</strong></span> <span class='ocrx_word' id='word_1_591' title='bbox 3062 4103 3359 4186; x_wconf 87' lang='lat' dir='ltr'><strong>somniat:</strong></span> <span class='ocrx_word' id='word_1_592' title='bbox 3392 4112 3605 4186; x_wconf 87' lang='lat' dir='ltr'><strong>etcum</strong></span> <span class='ocrx_word' id='word_1_593' title='bbox 3635 4104 3826 4186; x_wconf 90' lang='lat' dir='ltr'><strong>quibus</strong></span> 
     </span>
    </p>
   </div>
   <div class='ocr_carea' id='block_1_82' title="bbox 473 4183 3824 4268">
    <p class='ocr_par' dir='ltr' id='par_1_82' title="bbox 473 4183 3824 4268">
     <span class='ocr_line' id='line_1_82' title="bbox 473 4183 3824 4268; baseline -0.001 -21"><span class='ocrx_word' id='word_1_594' title='bbox 473 4187 711 4268; x_wconf 87' lang='lat' dir='ltr'><strong>quidem</strong></span> <span class='ocrx_word' id='word_1_595' title='bbox 746 4187 1055 4268; x_wconf 85' lang='lat' dir='ltr'><strong>bipartitus</strong></span> <span class='ocrx_word' id='word_1_596' title='bbox 1083 4196 1172 4246; x_wconf 92' lang='lat' dir='ltr'><strong>est</strong></span> <span class='ocrx_word' id='word_1_597' title='bbox 1200 4183 1402 4268; x_wconf 83' lang='lat' dir='ltr'><strong>homo,</strong></span> <span class='ocrx_word' id='word_1_598' title='bbox 1436 4203 1507 4246; x_wconf 85' lang='lat' dir='ltr'><strong>ex</strong></span> <span class='ocrx_word' id='word_1_599' title='bbox 1552 4203 1801 4268; x_wconf 82' lang='lat' dir='ltr'><strong>corpore</strong></span> <span class='ocrx_word' id='word_1_600' title='bbox 1831 4185 2112 4268; x_wconf 84' lang='lat' dir='ltr'><strong>nimirum</strong></span> <span class='ocrx_word' id='word_1_601' title='bbox 2198 4183 2375 4268; x_wconf 84' lang='lat' dir='ltr'><strong>habet</strong></span> <span class='ocrx_word' id='word_1_602' title='bbox 2400 4186 2890 4268; x_wconf 74' lang='lat' dir='ltr'><strong>controversiam,</strong></span> <span class='ocrx_word' id='word_1_603' title='bbox 2925 4185 3180 4268; x_wconf 81' lang='lat' dir='ltr'><strong>cum__iis</strong></span> <span class='ocrx_word' id='word_1_604' title='bbox 3236 4185 3406 4268; x_wconf 86' lang='lat' dir='ltr'><strong>quasi</strong></span> <span class='ocrx_word' id='word_1_605' title='bbox 3457 4185 3613 4265; x_wconf 90' lang='lat' dir='ltr'><strong>apud</strong></span> <span class='ocrx_word' id='word_1_606' title='bbox 3649 4183 3824 4268; x_wconf 74' lang='lat' dir='ltr'><strong>{ribu-</strong></span> 
     </span>
    </p>
   </div>
   <div class='ocr_carea' id='block_1_83' title="bbox 471 4263 3820 4346">
    <p class='ocr_par' dir='ltr' id='par_1_83' title="bbox 471 4263 3820 4346">
     <span class='ocr_line' id='line_1_83' title="bbox 471 4263 3820 4346; baseline -0.001 -18"><span class='ocrx_word' id='word_1_607' title='bbox 471 4263 530 4328; x_wconf 75' lang='lat' dir='ltr'><strong>ét</strong></span> <span class='ocrx_word' id='word_1_608' title='bbox 558 4267 756 4328; x_wconf 89' lang='lat' dir='ltr'><strong>anima</strong></span> <span class='ocrx_word' id='word_1_609' title='bbox 785 4263 1173 4346; x_wconf 79' lang='lat' dir='ltr'><strong>compositus,</strong></span> <span class='ocrx_word' id='word_1_610' title='bbox 1205 4267 1381 4326; x_wconf 91' lang='lat' dir='ltr'><strong>etiam</strong></span> <span class='ocrx_word' id='word_1_611' title='bbox 1410 4263 1670 4346; x_wconf 84' lang='lat' dir='ltr'><strong>mundus</strong></span> <span class='ocrx_word' id='word_1_612' title='bbox 1686 4265 1741 4325; x_wconf 90' lang='lat' dir='ltr'><strong>ei</strong></span> <span class='ocrx_word' id='word_1_613' title='bbox 1764 4267 2118 4325; x_wconf 91' lang='lat' dir='ltr'><strong>convenien-</strong></span> <span class='ocrx_word' id='word_1_614' title='bbox 2138 4269 2182 4329; x_wconf 93' lang='lat' dir='ltr'><strong>D</strong></span> <span class='ocrx_word' id='word_1_615' title='bbox 2204 4265 2356 4324; x_wconf 89' lang='lat' dir='ltr'><strong>nalia</strong></span> <span class='ocrx_word' id='word_1_616' title='bbox 2381 4263 2756 4346; x_wconf 88' lang='lat' dir='ltr'><strong>digladiatur.</strong></span> <span class='ocrx_word' id='word_1_617' title='bbox 2784 4264 2887 4346; x_wconf 91' lang='lat' dir='ltr'><strong>Si_n_</strong></span> <span class='ocrx_word' id='word_1_618' title='bbox 2909 4282 3048 4344; x_wconf 88' lang='lat' dir='ltr'><strong>pars</strong></span> <span class='ocrx_word' id='word_1_619' title='bbox 3068 4264 3190 4341; x_wconf 91' lang='lat' dir='ltr'><strong>illa,</strong></span> <span class='ocrx_word' id='word_1_620' title='bbox 3215 4263 3294 4346; x_wconf 68' lang='lat' dir='ltr'><strong>in</strong></span> <span class='ocrx_word' id='word_1_621' title='bbox 3334 4282 3446 4344; x_wconf 87' lang='lat' dir='ltr'><strong>qua</strong></span> <span class='ocrx_word' id='word_1_622' title='bbox 3477 4263 3636 4346; x_wconf 77' lang='lat' dir='ltr'><strong>viget</strong></span> <span class='ocrx_word' id='word_1_623' title='bbox 3663 4265 3820 4346; x_wconf 84' lang='lat' dir='ltr'><strong>ratio,</strong></span> 
     </span>
    </p>
   </div>
   <div class='ocr_carea' id='block_1_84' title="bbox 470 4344 3826 4426">
    <p class='ocr_par' dir='ltr' id='par_1_84' title="bbox 470 4344 3826 4426">
     <span class='ocr_line' id='line_1_84' title="bbox 470 4344 3826 4426; baseline -0.001 -20"><span class='ocrx_word' id='word_1_624' title='bbox 470 4363 564 4406; x_wconf 84' lang='lat' dir='ltr'><strong>ter</strong></span> <span class='ocrx_word' id='word_1_625' title='bbox 591 4356 825 4407; x_wconf 90' lang='lat' dir='ltr'><strong>creatus</strong></span> <span class='ocrx_word' id='word_1_626' title='bbox 855 4344 963 4419; x_wconf 86' lang='lat' dir='ltr'><strong>est,</strong></span> <span class='ocrx_word' id='word_1_627' title='bbox 999 4346 1363 4426; x_wconf 87' lang='lat' dir='ltr'><strong>visibilis,et</strong></span> <span class='ocrx_word' id='word_1_628' title='bbox 1393 4345 1626 4426; x_wconf 88' lang='lat' dir='ltr'><strong>utrique</strong></span> <span class='ocrx_word' id='word_1_629' title='bbox 1645 4347 1879 4426; x_wconf 85' lang='lat' dir='ltr'><strong>horum,</strong></span> <span class='ocrx_word' id='word_1_630' title='bbox 1905 4364 2110 4426; x_wconf 85' lang='lat' dir='ltr'><strong>opera,</strong></span> <span class='ocrx_word' id='word_1_631' title='bbox 2203 4345 2536 4426; x_wconf 79' lang='lat' dir='ltr'><strong>arrogantia</strong></span> <span class='ocrx_word' id='word_1_632' title='bbox 2567 4351 2624 4404; x_wconf 91' lang='lat' dir='ltr'><strong>et</strong></span> <span class='ocrx_word' id='word_1_633' title='bbox 2654 4344 2932 4420; x_wconf 88' lang='lat' dir='ltr'><strong>superbia</strong></span> <span class='ocrx_word' id='word_1_634' title='bbox 2977 4363 3107 4405; x_wconf 92' lang='lat' dir='ltr'><strong>sese</strong></span> <span class='ocrx_word' id='word_1_635' title='bbox 3153 4344 3336 4426; x_wconf 81' lang='lat' dir='ltr'><strong>tollat,</strong></span> <span class='ocrx_word' id='word_1_636' title='bbox 3373 4353 3495 4426; x_wconf 86' lang='lat' dir='ltr'><strong>tum</strong></span> <span class='ocrx_word' id='word_1_637' title='bbox 3528 4345 3746 4426; x_wconf 84' lang='lat' dir='ltr'><strong>volatus</strong></span> <span class='ocrx_word' id='word_1_638' title='bbox 3775 4344 3826 4426; x_wconf 90' lang='lat' dir='ltr'><strong>i_u</strong></span> 
     </span>
    </p>
   </div>
   <div class='ocr_carea' id='block_1_85' title="bbox 473 4423 3827 4506">
    <p class='ocr_par' dir='ltr' id='par_1_85' title="bbox 473 4423 3827 4506">
     <span class='ocr_line' id='line_1_85' title="bbox 473 4423 3827 4506; baseline -0.001 -19"><span class='ocrx_word' id='word_1_639' title='bbox 473 4435 715 4506; x_wconf 11' lang='lat' dir='ltr'><strong>etcum,</strong></span> <span class='ocrx_word' id='word_1_640' title='bbox 745 4444 988 4505; x_wconf 89' lang='lat' dir='ltr'><strong>operum</strong></span> <span class='ocrx_word' id='word_1_641' title='bbox 1017 4436 1166 4506; x_wconf 66' lang='lat' dir='ltr'><strong>apta;</strong></span> <span class='ocrx_word' id='word_1_642' title='bbox 1195 4423 1263 4506; x_wconf 85' lang='lat' dir='ltr'><strong>et</strong></span> <span class='ocrx_word' id='word_1_643' title='bbox 1281 4425 1511 4486; x_wconf 70' lang='lat' dir='ltr'><strong>idoneae</strong></span> <span class='ocrx_word' id='word_1_644' title='bbox 1531 4423 1919 4488; x_wconf 54' lang='lat' dir='ltr'><strong>&#39;distribulze.</strong></span> <span class='ocrx_word' id='word_1_645' title='bbox 1946 4423 2118 4496; x_wconf 88' lang='lat' dir='ltr'><strong>Quod</strong></span> <span class='ocrx_word' id='word_1_646' title='bbox 2203 4423 2670 4506; x_wconf 10' lang='lat' dir='ltr'><strong>aera,isublimes</strong></span> <span class='ocrx_word' id='word_1_647' title='bbox 2702 4425 2965 4496; x_wconf 90' lang='lat' dir='ltr'><strong>thronos,</strong></span> <span class='ocrx_word' id='word_1_648' title='bbox 2995 4424 3343 4506; x_wconf 80' lang='lat' dir='ltr'><strong>populorum</strong></span> <span class='ocrx_word' id='word_1_649' title='bbox 3372 4425 3753 4504; x_wconf 86' lang='lat' dir='ltr'><strong>principatus,</strong></span> <span class='ocrx_word' id='word_1_650' title='bbox 3775 4423 3827 4484; x_wconf 89' lang='lat' dir='ltr'><strong>in</strong></span> 
     </span>
    </p>
   </div>
   <div class='ocr_carea' id='block_1_86' title="bbox 473 4503 3828 4585">
    <p class='ocr_par' dir='ltr' id='par_1_86' title="bbox 473 4503 3828 4585">
     <span class='ocr_line' id='line_1_86' title="bbox 473 4503 3828 4585; baseline -0.001 -18"><span class='ocrx_word' id='word_1_651' title='bbox 473 4505 758 4585; x_wconf 26' lang='lat' dir='ltr'><strong>etiamdde</strong></span> <span class='ocrx_word' id='word_1_652' title='bbox 782 4503 922 4565; x_wconf 77' lang='lat' dir='ltr'><strong>visis</strong></span> <span class='ocrx_word' id='word_1_653' title='bbox 952 4515 1009 4565; x_wconf 94' lang='lat' dir='ltr'><strong>et</strong></span> <span class='ocrx_word' id='word_1_654' title='bbox 1039 4503 1288 4585; x_wconf 79' lang='lat' dir='ltr'><strong>somniis</strong></span> <span class='ocrx_word' id='word_1_655' title='bbox 1339 4523 1540 4565; x_wconf 89' lang='lat' dir='ltr'><strong>verum</strong></span> <span class='ocrx_word' id='word_1_656' title='bbox 1569 4524 1700 4566; x_wconf 91' lang='lat' dir='ltr'><strong>esse</strong></span> <span class='ocrx_word' id='word_1_657' title='bbox 1732 4512 2114 4567; x_wconf 84' lang='lat' dir='ltr'><strong>censuerunt.</strong></span> <span class='ocrx_word' id='word_1_658' title='bbox 2204 4503 2477 4565; x_wconf 72' lang='lat' dir='ltr'><strong>culribus</strong></span> <span class='ocrx_word' id='word_1_659' title='bbox 2507 4504 3120 4585; x_wconf 66' lang='lat' dir='ltr'><strong>aliosprwcedentcs,</strong></span> <span class='ocrx_word' id='word_1_660' title='bbox 3179 4503 3330 4565; x_wconf 91' lang='lat' dir='ltr'><strong>alios</strong></span> <span class='ocrx_word' id='word_1_661' title='bbox 3374 4503 3706 4585; x_wconf 79' lang='lat' dir='ltr'><strong>sequentes</strong></span> <span class='ocrx_word' id='word_1_662' title='bbox 3734 4523 3828 4585; x_wconf 88' lang='lat' dir='ltr'><strong>per</strong></span> 
     </span>
    </p>
   </div>
   <div class='ocr_carea' id='block_1_87' title="bbox 471 4583 2876 4664">
    <p class='ocr_par' dir='ltr' id='par_1_87' title="bbox 471 4583 2876 4664">
     <span class='ocr_line' id='line_1_87' title="bbox 471 4583 2876 4664; baseline 0 -18"><span class='ocrx_word' id='word_1_663' title='bbox 471 4585 536 4647; x_wconf 89' lang='lat' dir='ltr'><strong>In</strong></span> <span class='ocrx_word' id='word_1_664' title='bbox 572 4583 788 4664; x_wconf 87' lang='lat' dir='ltr'><strong>quibus</strong></span> <span class='ocrx_word' id='word_1_665' title='bbox 817 4585 977 4645; x_wconf 91' lang='lat' dir='ltr'><strong>enim</strong></span> <span class='ocrx_word' id='word_1_666' title='bbox 1011 4603 1177 4644; x_wconf 93' lang='lat' dir='ltr'><strong>mens</strong></span> <span class='ocrx_word' id='word_1_667' title='bbox 1229 4584 1476 4663; x_wconf 86' lang='lat' dir='ltr'><strong>vigilans</strong></span> <span class='ocrx_word' id='word_1_668' title='bbox 1534 4594 1623 4645; x_wconf 89' lang='lat' dir='ltr'><strong>est</strong></span> <span class='ocrx_word' id='word_1_669' title='bbox 1679 4599 1988 4664; x_wconf 81' lang='lat' dir='ltr'><strong>occupata,</strong></span> <span class='ocrx_word' id='word_1_670' title='bbox 2021 4594 2120 4646; x_wconf 89' lang='lat' dir='ltr'><strong>aut</strong></span> <span class='ocrx_word' id='word_1_671' title='bbox 2201 4603 2474 4664; x_wconf 79' lang='lat' dir='ltr'><strong>somnum</strong></span> <span class='ocrx_word' id='word_1_672' title='bbox 2502 4583 2876 4659; x_wconf 75' lang='lat' dir='ltr'><strong>imaginatur.</strong></span> 
     </span>
    </p>
   </div>
   <div class='ocr_carea' id='block_1_88' title="bbox 467 4663 3826 4744">
    <p class='ocr_par' dir='ltr' id='par_1_88' title="bbox 467 4663 3826 4744">
     <span class='ocr_line' id='line_1_88' title="bbox 467 4663 3826 4744; baseline -0.001 -19"><span class='ocrx_word' id='word_1_673' title='bbox 467 4663 779 4738; x_wconf 76' lang='lat' dir='ltr'><strong>volutatur,</strong></span> <span class='ocrx_word' id='word_1_674' title='bbox 814 4666 874 4724; x_wconf 90' lang='lat' dir='ltr'><strong>in</strong></span> <span class='ocrx_word' id='word_1_675' title='bbox 906 4666 998 4724; x_wconf 91' lang='lat' dir='ltr'><strong>his</strong></span> <span class='ocrx_word' id='word_1_676' title='bbox 1024 4664 1163 4724; x_wconf 92' lang='lat' dir='ltr'><strong>item</strong></span> <span class='ocrx_word' id='word_1_677' title='bbox 1198 4683 1304 4744; x_wconf 90' lang='lat' dir='ltr'><strong>per</strong></span> <span class='ocrx_word' id='word_1_678' title='bbox 1340 4683 1612 4726; x_wconf 90' lang='lat' dir='ltr'><strong>somnum</strong></span> <span class='ocrx_word' id='word_1_679' title='bbox 1653 4663 1917 4725; x_wconf 31' lang='lat' dir='ltr'><strong>autva’ne</strong></span> <span class='ocrx_word' id='word_1_680' title='bbox 1945 4665 2112 4742; x_wconf 87' lang='lat' dir='ltr'><strong>ludit,</strong></span> <span class='ocrx_word' id='word_1_681' title='bbox 2281 4685 2310 4724; x_wconf 83' lang='grc'><strong>›</strong></span> <span class='ocrx_word' id='word_1_682' title='bbox 2346 4663 2587 4724; x_wconf 90' lang='lat' dir='ltr'><strong>Illorum</strong></span> <span class='ocrx_word' id='word_1_683' title='bbox 2621 4663 3024 4725; x_wconf 87' lang='lat' dir='ltr'><strong>tantummodo</strong></span> <span class='ocrx_word' id='word_1_684' title='bbox 3049 4681 3187 4724; x_wconf 91' lang='lat' dir='ltr'><strong>vera</strong></span> <span class='ocrx_word' id='word_1_685' title='bbox 3217 4670 3354 4724; x_wconf 90' lang='lat' dir='ltr'><strong>sunt</strong></span> <span class='ocrx_word' id='word_1_686' title='bbox 3382 4663 3504 4725; x_wconf 88' lang='lat' dir='ltr'><strong>visa</strong></span> <span class='ocrx_word' id='word_1_687' title='bbox 3539 4663 3696 4744; x_wconf 56' lang='lat' dir='ltr'><strong>(quae</strong></span> <span class='ocrx_word' id='word_1_688' title='bbox 3724 4681 3826 4724; x_wconf 91' lang='lat' dir='ltr'><strong>non</strong></span> 
     </span>
    </p>
   </div>
   <div class='ocr_carea' id='block_1_89' title="bbox 467 4743 3822 4826">
    <p class='ocr_par' dir='ltr' id='par_1_89' title="bbox 467 4743 3822 4826">
     <span class='ocr_line' id='line_1_89' title="bbox 467 4743 3822 4826; baseline 0.001 -20"><span class='ocrx_word' id='word_1_689' title='bbox 467 4755 567 4806; x_wconf 91' lang='lat' dir='ltr'><strong>aut</strong></span> <span class='ocrx_word' id='word_1_690' title='bbox 601 4745 1074 4826; x_wconf 78' lang='lat' dir='ltr'><strong>philosophatur.</strong></span> <span class='ocrx_word' id='word_1_691' title='bbox 1133 4744 1275 4826; x_wconf 13' lang='lat' dir='ltr'><strong>Sive,</strong></span> <span class='ocrx_word' id='word_1_692' title='bbox 1313 4744 1600 4826; x_wconf 22' lang='lat' dir='ltr'><strong>enimdde</strong></span> <span class='ocrx_word' id='word_1_693' title='bbox 1633 4744 1905 4826; x_wconf 88' lang='lat' dir='ltr'><strong>humanis</strong></span> <span class='ocrx_word' id='word_1_694' title='bbox 1935 4743 2114 4807; x_wconf 90' lang='lat' dir='ltr'><strong>rebus</strong></span> <span class='ocrx_word' id='word_1_695' title='bbox 2197 4744 2574 4806; x_wconf 87' lang='lat' dir='ltr'><strong>somnia.sed</strong></span> <span class='ocrx_word' id='word_1_696' title='bbox 2595 4743 2850 4826; x_wconf 81' lang='lat' dir='ltr'><strong>visiones</strong></span> <span class='ocrx_word' id='word_1_697' title='bbox 2876 4743 3822 4826; x_wconf 74' lang='lat' dir='ltr'><strong>etapparitionesvocaridebent),</strong></span> 
     </span>
    </p>
   </div>
   <div class='ocr_carea' id='block_1_90' title="bbox 474 4823 2112 4902">
    <p class='ocr_par' dir='ltr' id='par_1_90' title="bbox 474 4823 2112 4902">
     <span class='ocr_line' id='line_1_90' title="bbox 474 4823 2112 4902; baseline 0 -16"><span class='ocrx_word' id='word_1_698' title='bbox 474 4835 563 4886; x_wconf 91' lang='lat' dir='ltr'><strong>est</strong></span> <span class='ocrx_word' id='word_1_699' title='bbox 593 4823 866 4899; x_wconf 66' lang='lat' dir='ltr'><strong>Sollicita,</strong></span> <span class='ocrx_word' id='word_1_700' title='bbox 903 4825 1052 4885; x_wconf 81' lang='lat' dir='ltr'><strong>l&#39;utili</strong></span> <span class='ocrx_word' id='word_1_701' title='bbox 1085 4823 1318 4902; x_wconf 87' lang='lat' dir='ltr'><strong>negotio</strong></span> <span class='ocrx_word' id='word_1_702' title='bbox 1376 4823 1576 4884; x_wconf 87' lang='lat' dir='ltr'><strong>dedita</strong></span> <span class='ocrx_word' id='word_1_703' title='bbox 1632 4825 1888 4884; x_wconf 87' lang='lat' dir='ltr'><strong>somniat</strong></span> <span class='ocrx_word' id='word_1_704' title='bbox 1922 4842 1934 4885; x_wconf 93' lang='lat'>:</span> <span class='ocrx_word' id='word_1_705' title='bbox 1991 4827 2112 4886; x_wconf 89' lang='lat' dir='ltr'><strong>sive</strong></span> 
     </span>
    </p>
   </div>
   <div class='ocr_carea' id='block_1_91' title="bbox 467 4904 2112 4984">
    <p class='ocr_par' dir='ltr' id='par_1_91' title="bbox 467 4904 2112 4984">
     <span class='ocr_line' id='line_1_91' title="bbox 467 4904 2112 4984; baseline 0 -18"><span class='ocrx_word' id='word_1_706' title='bbox 467 4905 669 4967; x_wconf 84' lang='lat' dir='ltr'><strong>divina</strong></span> <span class='ocrx_word' id='word_1_707' title='bbox 699 4917 756 4966; x_wconf 96' lang='lat' dir='ltr'><strong>et</strong></span> <span class='ocrx_word' id='word_1_708' title='bbox 785 4905 1042 4966; x_wconf 69' lang='lat' dir='ltr'><strong>cmlestia</strong></span> <span class='ocrx_word' id='word_1_709' title='bbox 1061 4906 1400 4978; x_wconf 85' lang='lat' dir='ltr'><strong>meditetur,</strong></span> <span class='ocrx_word' id='word_1_710' title='bbox 1423 4904 1545 4963; x_wconf 89' lang='lat' dir='ltr'><strong>visa</strong></span> <span class='ocrx_word' id='word_1_711' title='bbox 1565 4905 2024 4984; x_wconf 84' lang='lat' dir='ltr'><strong>comlemplatur</strong></span> <span class='ocrx_word' id='word_1_712' title='bbox 2054 4913 2112 4966; x_wconf 91' lang='lat' dir='ltr'><strong>et</strong></span> 
     </span>
    </p>
   </div>
   <div class='ocr_carea' id='block_1_92' title="bbox 468 4985 2108 5064">
    <p class='ocr_par' dir='ltr' id='par_1_92' title="bbox 468 4985 2108 5064">
     <span class='ocr_line' id='line_1_92' title="bbox 468 4985 2108 5064; baseline 0.001 -19"><span class='ocrx_word' id='word_1_713' title='bbox 468 4989 529 5046; x_wconf 89' lang='lat' dir='ltr'><strong>in</strong></span> <span class='ocrx_word' id='word_1_714' title='bbox 563 4986 888 5046; x_wconf 89' lang='lat' dir='ltr'><strong>visionibus</strong></span> <span class='ocrx_word' id='word_1_715' title='bbox 920 4986 1246 5047; x_wconf 83' lang='lat' dir='ltr'><strong>secundum</strong></span> <span class='ocrx_word' id='word_1_716' title='bbox 1307 4985 1609 5064; x_wconf 65' lang='lat' dir='ltr'><strong>propheta)</strong></span> <span class='ocrx_word' id='word_1_717' title='bbox 1663 4985 1904 5046; x_wconf 89' lang='lat' dir='ltr'><strong>verbum</strong></span> <span class='ocrx_word' id='word_1_718' title='bbox 1941 5004 2108 5046; x_wconf 92' lang='lat' dir='ltr'><strong>com-</strong></span> 
     </span>
    </p>
   </div>
   <div class='ocr_carea' id='block_1_93' title="bbox 467 5065 2112 5143">
    <p class='ocr_par' dir='ltr' id='par_1_93' title="bbox 467 5065 2112 5143">
     <span class='ocr_line' id='line_1_93' title="bbox 467 5065 2112 5143; baseline 0 -17"><span class='ocrx_word' id='word_1_719' title='bbox 467 5075 791 5128; x_wconf 86' lang='lat' dir='ltr'><strong>mentatur:</strong></span> <span class='ocrx_word' id='word_1_720' title='bbox 818 5068 895 5128; x_wconf 77' lang='lat' dir='ltr'><strong>Et</strong></span> <span class='ocrx_word' id='word_1_721' title='bbox 905 5069 1160 5143; x_wconf 86' lang='lat' dir='ltr'><strong>juvenes</strong></span> <span class='ocrx_word' id='word_1_722' title='bbox 1182 5065 1365 5127; x_wconf 74' lang='lat' dir='ltr'><strong>vestri</strong></span> <span class='ocrx_word' id='word_1_723' title='bbox 1388 5072 1641 5125; x_wconf 68' lang='lat' dir='ltr'><strong>visiones</strong></span> <span class='ocrx_word' id='word_1_724' title='bbox 1665 5065 1946 5126; x_wconf 66' lang='lat' dir='ltr'><strong>videbunt</strong></span> <span class='ocrx_word' id='word_1_725' title='bbox 1969 5066 2112 5138; x_wconf 85' lang='lat' dir='ltr'><strong>(Joel</strong></span> 
     </span>
    </p>
   </div>
   <div class='ocr_carea' id='block_1_94' title="bbox 465 5144 2112 5227">
    <p class='ocr_par' dir='ltr' id='par_1_94' title="bbox 465 5144 2112 5227">
     <span class='ocr_line' id='line_1_94' title="bbox 465 5144 2112 5227; baseline 0.001 -21"><span class='ocrx_word' id='word_1_726' title='bbox 465 5162 530 5220; x_wconf 75' lang='grc' dir='ltr'><strong>ιι,</strong></span> <span class='ocrx_word' id='word_1_727' title='bbox 564 5147 692 5227; x_wconf 68' lang='lat'><strong>28),</strong></span> <span class='ocrx_word' id='word_1_728' title='bbox 726 5165 842 5206; x_wconf 88' lang='lat' dir='ltr'><strong>non</strong></span> <span class='ocrx_word' id='word_1_729' title='bbox 873 5149 1124 5225; x_wconf 89' lang='lat' dir='ltr'><strong>decepta</strong></span> <span class='ocrx_word' id='word_1_730' title='bbox 1149 5163 1162 5207; x_wconf 91' lang='lat'>:</span> <span class='ocrx_word' id='word_1_731' title='bbox 1187 5225 1196 5227; x_wconf 94' lang='lat'><em>_</em></span> <span class='ocrx_word' id='word_1_732' title='bbox 1219 5145 1324 5227; x_wconf 88' lang='lat' dir='ltr'><strong>sed</strong></span> <span class='ocrx_word' id='word_1_733' title='bbox 1383 5144 1722 5227; x_wconf 74' lang='lat' dir='ltr'><strong>veritatibus</strong></span> <span class='ocrx_word' id='word_1_734' title='bbox 1772 5145 2018 5222; x_wconf 90' lang='lat' dir='ltr'><strong>intenta,</strong></span> <span class='ocrx_word' id='word_1_735' title='bbox 2054 5154 2112 5207; x_wconf 95' lang='lat' dir='ltr'><strong>et</strong></span> 
     </span>
    </p>
   </div>
   <div class='ocr_carea' id='block_1_95' title="bbox 464 5224 1823 5288">
    <p class='ocr_par' dir='ltr' id='par_1_95' title="bbox 464 5224 1823 5288">
     <span class='ocr_line' id='line_1_95' title="bbox 464 5224 1823 5288; baseline 0 0"><span class='ocrx_word' id='word_1_736' title='bbox 464 5224 930 5288; x_wconf 84' lang='lat' dir='ltr'><strong>revelationibus</strong></span> <span class='ocrx_word' id='word_1_737' title='bbox 963 5224 1041 5286; x_wconf 14' lang='lat' dir='ltr'><strong>ad,</strong></span> <span class='ocrx_word' id='word_1_738' title='bbox 1061 5225 1428 5287; x_wconf 88' lang='lat' dir='ltr'><strong>credendum</strong></span> <span class='ocrx_word' id='word_1_739' title='bbox 1457 5224 1823 5288; x_wconf 69' lang='lat' dir='ltr'><strong>conﬁrmata.</strong></span> 
     </span>
    </p>
   </div>
   <div class='ocr_carea' id='block_1_96' title="bbox 554 5304 2110 5386">
    <p class='ocr_par' dir='ltr' id='par_1_96' title="bbox 554 5304 2110 5386">
     <span class='ocr_line' id='line_1_96' title="bbox 554 5304 2110 5386; baseline -0.001 -17"><span class='ocrx_word' id='word_1_740' title='bbox 554 5332 580 5362; x_wconf 75' lang='grc' dir='ltr'><strong>α</strong></span> <span class='ocrx_word' id='word_1_741' title='bbox 609 5306 856 5378; x_wconf 88' lang='lat' dir='ltr'><strong>Quando</strong></span> <span class='ocrx_word' id='word_1_742' title='bbox 891 5325 1026 5386; x_wconf 90' lang='lat' dir='ltr'><strong>pars</strong></span> <span class='ocrx_word' id='word_1_743' title='bbox 1056 5307 1291 5376; x_wconf 64' lang='lat' dir='ltr'><strong>animae,</strong></span> <span class='ocrx_word' id='word_1_744' title='bbox 1326 5307 1386 5366; x_wconf 93' lang='lat' dir='ltr'><strong>in</strong></span> <span class='ocrx_word' id='word_1_745' title='bbox 1445 5323 1562 5384; x_wconf 91' lang='lat' dir='ltr'><strong>qua</strong></span> <span class='ocrx_word' id='word_1_746' title='bbox 1591 5313 1728 5386; x_wconf 82' lang='lat' dir='ltr'><strong>sunt</strong></span> <span class='ocrx_word' id='word_1_747' title='bbox 1761 5304 2110 5384; x_wconf 87' lang='lat' dir='ltr'><strong>cupiditates</strong></span> 
     </span>
    </p>
   </div>
   <div class='ocr_carea' id='block_1_97' title="bbox 467 5383 2107 5465">
    <p class='ocr_par' dir='ltr' id='par_1_97' title="bbox 467 5383 2107 5465">
     <span class='ocr_line' id='line_1_97' title="bbox 467 5383 2107 5465; baseline -0.001 -18"><span class='ocrx_word' id='word_1_748' title='bbox 467 5394 530 5448; x_wconf 92' lang='lat' dir='ltr'><strong>et</strong></span> <span class='ocrx_word' id='word_1_749' title='bbox 559 5387 840 5448; x_wconf 92' lang='lat' dir='ltr'><strong>libidines</strong></span> <span class='ocrx_word' id='word_1_750' title='bbox 873 5383 1124 5463; x_wconf 78' lang='lat' dir='ltr'><strong>conﬁxa,</strong></span> <span class='ocrx_word' id='word_1_751' title='bbox 1159 5394 1217 5447; x_wconf 93' lang='lat' dir='ltr'><strong>et</strong></span> <span class='ocrx_word' id='word_1_752' title='bbox 1263 5386 1334 5446; x_wconf 89' lang='lat' dir='ltr'><strong>ad</strong></span> <span class='ocrx_word' id='word_1_753' title='bbox 1387 5383 1862 5446; x_wconf 85' lang='lat' dir='ltr'><strong>commistionem</strong></span> <span class='ocrx_word' id='word_1_754' title='bbox 1892 5403 2107 5465; x_wconf 90' lang='lat' dir='ltr'><strong>corpo-</strong></span> 
     </span>
    </p>
   </div>
   <div class='ocr_carea' id='block_1_98' title="bbox 460 5465 2110 5547">
    <p class='ocr_par' dir='ltr' id='par_1_98' title="bbox 460 5465 2110 5547">
     <span class='ocr_line' id='line_1_98' title="bbox 460 5465 2110 5547; baseline -0.001 -20"><span class='ocrx_word' id='word_1_755' title='bbox 460 5485 615 5547; x_wconf 83' lang='lat' dir='ltr'><strong>rum,</strong></span> <span class='ocrx_word' id='word_1_756' title='bbox 652 5467 926 5547; x_wconf 81' lang='lat' dir='ltr'><strong>delicias,</strong></span> <span class='ocrx_word' id='word_1_757' title='bbox 960 5469 1402 5547; x_wconf 66' lang='lat' dir='ltr'><strong>voluptatesque</strong></span> <span class='ocrx_word' id='word_1_758' title='bbox 1461 5466 1659 5547; x_wconf 82' lang='lat' dir='ltr'><strong>hujus</strong></span> <span class='ocrx_word' id='word_1_759' title='bbox 1698 5465 1840 5547; x_wconf 11' lang='lat' dir='ltr'><strong>vitae;</strong></span> <span class='ocrx_word' id='word_1_760' title='bbox 1882 5465 2110 5547; x_wconf 77' lang='lat' dir='ltr'><strong>irritata</strong></span> 
     </span>
    </p>
   </div>
   <div class='ocr_carea' id='block_1_99' title="bbox 458 5544 2107 5621">
    <p class='ocr_par' dir='ltr' id='par_1_99' title="bbox 458 5544 2107 5621">
     <span class='ocr_line' id='line_1_99' title="bbox 458 5544 2107 5621; baseline 0.001 -14"><span class='ocrx_word' id='word_1_761' title='bbox 458 5546 662 5621; x_wconf 85' lang='lat' dir='ltr'><strong>fuerit,</strong></span> <span class='ocrx_word' id='word_1_762' title='bbox 696 5547 833 5608; x_wconf 91' lang='lat' dir='ltr'><strong>talia</strong></span> <span class='ocrx_word' id='word_1_763' title='bbox 861 5544 1137 5609; x_wconf 80' lang='lat' dir='ltr'><strong>similiter</strong></span> <span class='ocrx_word' id='word_1_764' title='bbox 1188 5546 1251 5606; x_wconf 92' lang='lat' dir='ltr'><strong>in</strong></span> <span class='ocrx_word' id='word_1_765' title='bbox 1307 5544 1540 5607; x_wconf 61' lang='lat' dir='ltr'><strong>Somnis</strong></span> <span class='ocrx_word' id='word_1_766' title='bbox 1568 5545 1764 5607; x_wconf 88' lang='lat' dir='ltr'><strong>anima</strong></span> <span class='ocrx_word' id='word_1_767' title='bbox 1791 5545 1968 5608; x_wconf 91' lang='lat' dir='ltr'><strong>videt.</strong></span> <span class='ocrx_word' id='word_1_768' title='bbox 2002 5544 2107 5608; x_wconf 91' lang='lat' dir='ltr'><strong>Sin</strong></span> 
     </span>
    </p>
   </div>
   <div class='ocr_carea' id='block_1_100' title="bbox 462 5625 2105 5706">
    <p class='ocr_par' dir='ltr' id='par_1_100' title="bbox 462 5625 2105 5706">
     <span class='ocr_line' id='line_1_100' title="bbox 462 5625 2105 5706; baseline 0.001 -19"><span class='ocrx_word' id='word_1_769' title='bbox 462 5644 601 5706; x_wconf 82' lang='lat' dir='ltr'><strong>pars</strong></span> <span class='ocrx_word' id='word_1_770' title='bbox 626 5626 891 5689; x_wconf 87' lang='lat' dir='ltr'><strong>irascens</strong></span> <span class='ocrx_word' id='word_1_771' title='bbox 919 5627 1235 5690; x_wconf 82' lang='lat' dir='ltr'><strong>adversum</strong></span> <span class='ocrx_word' id='word_1_772' title='bbox 1291 5626 1474 5704; x_wconf 87' lang='lat' dir='ltr'><strong>cives,</strong></span> <span class='ocrx_word' id='word_1_773' title='bbox 1536 5633 1595 5687; x_wconf 91' lang='lat' dir='ltr'><strong>et</strong></span> <span class='ocrx_word' id='word_1_774' title='bbox 1651 5625 2105 5688; x_wconf 89' lang='lat' dir='ltr'><strong>contribulesiu</strong></span> 
     </span>
    </p>
   </div>
   <div class='ocr_carea' id='block_1_101' title="bbox 2193 4822 3826 4904">
    <p class='ocr_par' dir='ltr' id='par_1_101' title="bbox 2193 4822 3826 4904">
     <span class='ocr_line' id='line_1_101' title="bbox 2193 4822 3826 4904; baseline -0.001 -21"><span class='ocrx_word' id='word_1_775' title='bbox 2193 4843 2443 4903; x_wconf 89' lang='lat' dir='ltr'><strong>quorum</strong></span> <span class='ocrx_word' id='word_1_776' title='bbox 2477 4842 2644 4904; x_wconf 85' lang='lat' dir='ltr'><strong>mens</strong></span> <span class='ocrx_word' id='word_1_777' title='bbox 2676 4843 2745 4885; x_wconf 81' lang='lat' dir='ltr'><strong>ex</strong></span> <span class='ocrx_word' id='word_1_778' title='bbox 2775 4822 3040 4904; x_wconf 81' lang='lat' dir='ltr'><strong>adventu</strong></span> <span class='ocrx_word' id='word_1_779' title='bbox 3077 4827 3262 4884; x_wconf 90' lang='lat' dir='ltr'><strong>sancti</strong></span> <span class='ocrx_word' id='word_1_780' title='bbox 3319 4822 3574 4904; x_wconf 89' lang='lat' dir='ltr'><strong>Spiritus</strong></span> <span class='ocrx_word' id='word_1_781' title='bbox 3606 4822 3826 4904; x_wconf 90' lang='lat' dir='ltr'><strong>slmpli-</strong></span> 
     </span>
    </p>
   </div>
   <div class='ocr_carea' id='block_1_102' title="bbox 2193 4903 3826 4983">
    <p class='ocr_par' dir='ltr' id='par_1_102' title="bbox 2193 4903 3826 4983">
     <span class='ocr_line' id='line_1_102' title="bbox 2193 4903 3826 4983; baseline -0.001 -20"><span class='ocrx_word' id='word_1_782' title='bbox 2193 4908 2454 4976; x_wconf 89' lang='lat' dir='ltr'><strong>citatem,</strong></span> <span class='ocrx_word' id='word_1_783' title='bbox 2490 4911 2547 4963; x_wconf 92' lang='lat' dir='ltr'><strong>et</strong></span> <span class='ocrx_word' id='word_1_784' title='bbox 2577 4903 2649 4964; x_wconf 92' lang='lat' dir='ltr'><strong>ab</strong></span> <span class='ocrx_word' id='word_1_785' title='bbox 2680 4903 2841 4964; x_wconf 91' lang='lat' dir='ltr'><strong>omni</strong></span> <span class='ocrx_word' id='word_1_786' title='bbox 2872 4904 3044 4967; x_wconf 85' lang='lat' dir='ltr'><strong>turba</strong></span> <span class='ocrx_word' id='word_1_787' title='bbox 3091 4923 3157 4964; x_wconf 86' lang='lat' dir='ltr'><strong>ac</strong></span> <span class='ocrx_word' id='word_1_788' title='bbox 3189 4903 3468 4965; x_wconf 82' lang='lat' dir='ltr'><strong>servitute</strong></span> <span class='ocrx_word' id='word_1_789' title='bbox 3501 4903 3826 4983; x_wconf 85' lang='lat' dir='ltr'><strong>passionum</strong></span> 
     </span>
    </p>
   </div>
   <div class='ocr_carea' id='block_1_103' title="bbox 2195 4983 3828 5064">
    <p class='ocr_par' dir='ltr' id='par_1_103' title="bbox 2195 4983 3828 5064">
     <span class='ocr_line' id='line_1_103' title="bbox 2195 4983 3828 5064; baseline -0.002 -20"><span class='ocrx_word' id='word_1_790' title='bbox 2195 4983 2526 5064; x_wconf 68' lang='lat' dir='ltr'><strong>libentatem</strong></span> <span class='ocrx_word' id='word_1_791' title='bbox 2559 4984 2830 5057; x_wconf 87' lang='lat' dir='ltr'><strong>invenit;</strong></span> <span class='ocrx_word' id='word_1_792' title='bbox 2863 5002 3113 5064; x_wconf 88' lang='lat' dir='ltr'><strong>quorum</strong></span> <span class='ocrx_word' id='word_1_793' title='bbox 3145 4985 3205 5044; x_wconf 92' lang='lat' dir='ltr'><strong>in</strong></span> <span class='ocrx_word' id='word_1_794' title='bbox 3237 4983 3419 5046; x_wconf 90' lang='lat' dir='ltr'><strong>rebus</strong></span> <span class='ocrx_word' id='word_1_795' title='bbox 3443 4985 3662 5045; x_wconf 89' lang='lat' dir='ltr'><strong>divinis</strong></span> <span class='ocrx_word' id='word_1_796' title='bbox 3693 4993 3747 5046; x_wconf 92' lang='lat' dir='ltr'><strong>et</strong></span> <span class='ocrx_word' id='word_1_797' title='bbox 3777 4983 3828 5042; x_wconf 90' lang='lat' dir='ltr'><strong>in</strong></span> 
     </span>
    </p>
   </div>
   <div class='ocr_carea' id='block_1_104' title="bbox 2194 5063 3828 5157">
    <p class='ocr_par' dir='ltr' id='par_1_104' title="bbox 2194 5063 3828 5157">
     <span class='ocr_line' id='line_1_104' title="bbox 2194 5063 3828 5157; baseline -0.002 -34"><span class='ocrx_word' id='word_1_798' title='bbox 2194 5063 2405 5157; x_wconf 71' lang='lat' dir='ltr'><strong>futuris</strong></span> <span class='ocrx_word' id='word_1_799' title='bbox 2438 5064 2838 5157; x_wconf 54' lang='lat' dir='ltr'><strong>prmmiorum,</strong></span> <span class='ocrx_word' id='word_1_800' title='bbox 2885 5063 3828 5157; x_wconf 41' lang='lat' dir='ltr'><strong>suppliciorumque.mercedibus</strong></span> 
     </span>
    </p>
   </div>
   <div class='ocr_carea' id='block_1_105' title="bbox 2194 5143 3831 5226">
    <p class='ocr_par' dir='ltr' id='par_1_105' title="bbox 2194 5143 3831 5226">
     <span class='ocr_line' id='line_1_105' title="bbox 2194 5143 3831 5226; baseline -0.001 -23"><span class='ocrx_word' id='word_1_801' title='bbox 2194 5143 2553 5206; x_wconf 67' lang='lat' dir='ltr'><strong>meditandis</strong></span> <span class='ocrx_word' id='word_1_802' title='bbox 2597 5143 3123 5226; x_wconf 85' lang='lat' dir='ltr'><strong>expendendisque</strong></span> <span class='ocrx_word' id='word_1_803' title='bbox 3157 5143 3347 5226; x_wconf 83' lang='lat' dir='ltr'><strong>omne</strong></span> <span class='ocrx_word' id='word_1_804' title='bbox 3378 5144 3562 5226; x_wconf 77' lang='lat' dir='ltr'><strong>otium</strong></span> <span class='ocrx_word' id='word_1_805' title='bbox 3585 5153 3831 5226; x_wconf 89' lang='lat' dir='ltr'><strong>tempus-</strong></span> 
     </span>
    </p>
   </div>
   <div class='ocr_carea' id='block_1_106' title="bbox 2193 5224 3830 5305">
    <p class='ocr_par' dir='ltr' id='par_1_106' title="bbox 2193 5224 3830 5305">
     <span class='ocr_line' id='line_1_106' title="bbox 2193 5224 3830 5305; baseline 0.001 -23"><span class='ocrx_word' id='word_1_806' title='bbox 2193 5243 2308 5304; x_wconf 87' lang='lat' dir='ltr'><strong>que</strong></span> <span class='ocrx_word' id='word_1_807' title='bbox 2365 5224 2786 5305; x_wconf 77' lang='lat' dir='ltr'><strong>consumitur;</strong></span> <span class='ocrx_word' id='word_1_808' title='bbox 2873 5224 3124 5305; x_wconf 89' lang='lat' dir='ltr'><strong>quorum</strong></span> <span class='ocrx_word' id='word_1_809' title='bbox 3195 5225 3326 5305; x_wconf 10' lang='lat' dir='ltr'><strong>rvita</strong></span> <span class='ocrx_word' id='word_1_810' title='bbox 3401 5224 3656 5305; x_wconf 88' lang='lat' dir='ltr'><strong>aliorum</strong></span> <span class='ocrx_word' id='word_1_811' title='bbox 3716 5224 3830 5284; x_wconf 67' lang='lat' dir='ltr'><strong>vita:</strong></span> 
     </span>
    </p>
   </div>
   <div class='ocr_carea' id='block_1_107' title="bbox 2192 5303 3826 5384">
    <p class='ocr_par' dir='ltr' id='par_1_107' title="bbox 2192 5303 3826 5384">
     <span class='ocr_line' id='line_1_107' title="bbox 2192 5303 3826 5384; baseline -0.001 -20"><span class='ocrx_word' id='word_1_812' title='bbox 2192 5312 2452 5384; x_wconf 64' lang='lat' dir='ltr'><strong>praestat,</strong></span> <span class='ocrx_word' id='word_1_813' title='bbox 2513 5303 2909 5384; x_wconf 36' lang='lat' dir='ltr'><strong>distractione“</strong></span> <span class='ocrx_word' id='word_1_814' title='bbox 2981 5315 3039 5366; x_wconf 92' lang='lat' dir='ltr'><strong>et</strong></span> <span class='ocrx_word' id='word_1_815' title='bbox 3122 5303 3524 5366; x_wconf 88' lang='lat' dir='ltr'><strong>sollicitudine</strong></span> <span class='ocrx_word' id='word_1_816' title='bbox 3601 5322 3826 5376; x_wconf 85' lang='lat' dir='ltr'><strong>vacans,</strong></span> 
     </span>
    </p>
   </div>
   <div class='ocr_carea' id='block_1_108' title="bbox 2192 5383 3827 5463">
    <p class='ocr_par' dir='ltr' id='par_1_108' title="bbox 2192 5383 3827 5463">
     <span class='ocr_line' id='line_1_108' title="bbox 2192 5383 3827 5463; baseline 0.001 -20"><span class='ocrx_word' id='word_1_817' title='bbox 2192 5385 2416 5463; x_wconf 71' lang='lat' dir='ltr'><strong>quieta,</strong></span> <span class='ocrx_word' id='word_1_818' title='bbox 2444 5403 2613 5461; x_wconf 88' lang='lat' dir='ltr'><strong>pura,</strong></span> <span class='ocrx_word' id='word_1_819' title='bbox 2644 5383 2818 5463; x_wconf 90' lang='lat' dir='ltr'><strong>plena</strong></span> <span class='ocrx_word' id='word_1_820' title='bbox 2865 5384 3312 5459; x_wconf 64' lang='lat' dir='ltr'><strong>misericordias,</strong></span> <span class='ocrx_word' id='word_1_821' title='bbox 3338 5384 3697 5462; x_wconf 89' lang='lat' dir='ltr'><strong>cognitionis</strong></span> <span class='ocrx_word' id='word_1_822' title='bbox 3718 5402 3827 5463; x_wconf 46' lang='lat' dir='ltr'><strong>cm:</strong></span> 
     </span>
    </p>
   </div>
   <div class='ocr_carea' id='block_1_109' title="bbox 2190 5461 3829 5544">
    <p class='ocr_par' dir='ltr' id='par_1_109' title="bbox 2190 5461 3829 5544">
     <span class='ocr_line' id='line_1_109' title="bbox 2190 5461 3829 5544; baseline 0 -22"><span class='ocrx_word' id='word_1_823' title='bbox 2190 5461 2421 5524; x_wconf 82' lang='lat' dir='ltr'><strong>lestium</strong></span> <span class='ocrx_word' id='word_1_824' title='bbox 2456 5471 2512 5524; x_wconf 92' lang='lat' dir='ltr'><strong>et</strong></span> <span class='ocrx_word' id='word_1_825' title='bbox 2536 5461 2825 5544; x_wconf 41' lang='lat' dir='ltr'><strong>bon—orum</strong></span> <span class='ocrx_word' id='word_1_826' title='bbox 2850 5465 3170 5536; x_wconf 85' lang='lat' dir='ltr'><strong>fructuum,</strong></span> <span class='ocrx_word' id='word_1_827' title='bbox 3195 5483 3346 5544; x_wconf 87' lang='lat' dir='ltr'><strong>quos</strong></span> <span class='ocrx_word' id='word_1_828' title='bbox 3368 5461 3626 5544; x_wconf 75' lang='lat' dir='ltr'><strong>spiritus</strong></span> <span class='ocrx_word' id='word_1_829' title='bbox 3652 5461 3829 5526; x_wconf 87' lang='lat' dir='ltr'><strong>sancti</strong></span> 
     </span>
    </p>
   </div>
   <div class='ocr_carea' id='block_1_110' title="bbox 2188 5543 3826 5625">
    <p class='ocr_par' dir='ltr' id='par_1_110' title="bbox 2188 5543 3826 5625">
     <span class='ocr_line' id='line_1_110' title="bbox 2188 5543 3826 5625; baseline 0.001 -21"><span class='ocrx_word' id='word_1_830' title='bbox 2188 5543 2418 5605; x_wconf 90' lang='lat' dir='ltr'><strong>cultura</strong></span> <span class='ocrx_word' id='word_1_831' title='bbox 2440 5543 2733 5625; x_wconf 78' lang='lat' dir='ltr'><strong>produxit.</strong></span> <span class='ocrx_word' id='word_1_832' title='bbox 2760 5543 2871 5616; x_wconf 92' lang='lat' dir='ltr'><strong>Qui</strong></span> <span class='ocrx_word' id='word_1_833' title='bbox 2887 5545 3001 5625; x_wconf 86' lang='lat' dir='ltr'><strong>alia</strong></span> <span class='ocrx_word' id='word_1_834' title='bbox 3020 5545 3111 5607; x_wconf 89' lang='lat' dir='ltr'><strong>via</strong></span> <span class='ocrx_word' id='word_1_835' title='bbox 3131 5543 3570 5625; x_wconf 83' lang='lat' dir='ltr'><strong>ingrediuntur,</strong></span> <span class='ocrx_word' id='word_1_836' title='bbox 3593 5561 3826 5625; x_wconf 52' lang='lat' dir='ltr'><strong>eorum:</strong></span> 
     </span>
    </p>
   </div>
   <div class='ocr_carea' id='block_1_111' title="bbox 2188 5593 3826 5705">
    <p class='ocr_par' dir='ltr' id='par_1_111' title="bbox 2188 5593 3826 5705">
     <span class='ocr_line' id='line_1_111' title="bbox 2188 5593 3826 5705; baseline 0 -19"><span class='ocrx_word' id='word_1_837' title='bbox 2188 5643 2305 5705; x_wconf 93' lang='lat' dir='ltr'><strong>que</strong></span> <span class='ocrx_word' id='word_1_838' title='bbox 2335 5593 2733 5705; x_wconf 52' lang='lat' dir='ltr'><strong>omrriiaialsa,</strong></span> <span class='ocrx_word' id='word_1_839' title='bbox 2766 5593 3039 5701; x_wconf 47' lang='lat' dir='ltr'><strong>‘c‘onl‘usa,</strong></span> <span class='ocrx_word' id='word_1_840' title='bbox 3095 5638 3157 5688; x_wconf 88' lang='lat' dir='ltr'><strong>et</strong></span> <span class='ocrx_word' id='word_1_841' title='bbox 3185 5593 3467 5688; x_wconf 58' lang='lat' dir='ltr'><strong>tiniverse</strong></span> <span class='ocrx_word' id='word_1_842' title='bbox 3497 5593 3647 5688; x_wconf 66' lang='lat' dir='ltr'><strong>nihil</strong></span> <span class='ocrx_word' id='word_1_843' title='bbox 3679 5621 3826 5689; x_wconf 86' lang='lat' dir='ltr'><strong>aliud</strong></span> 
     </span>
    </p>
   </div>
   <div class='ocr_carea' id='block_1_112' title="bbox 460 5703 3101 5790">
    <p class='ocr_par' dir='ltr' id='par_1_112' title="bbox 460 5703 3101 5790">
     <span class='ocr_line' id='line_1_112' title="bbox 460 5703 3101 5790; baseline -0 -22"><span class='ocrx_word' id='word_1_844' title='bbox 460 5703 704 5770; x_wconf 78' lang='lat' dir='ltr'><strong>inodum</strong></span> <span class='ocrx_word' id='word_1_845' title='bbox 736 5706 948 5770; x_wconf 70' lang='lat' dir='ltr'><strong>bellua:</strong></span> <span class='ocrx_word' id='word_1_846' title='bbox 978 5705 1279 5782; x_wconf 73' lang='lat' dir='ltr'><strong>efferatur,</strong></span> <span class='ocrx_word' id='word_1_847' title='bbox 1330 5707 1586 5769; x_wconf 84' lang='lat' dir='ltr'><strong>ferarum</strong></span> <span class='ocrx_word' id='word_1_848' title='bbox 1647 5715 1704 5770; x_wconf 86' lang='lat' dir='ltr'><strong>et</strong></span> <span class='ocrx_word' id='word_1_849' title='bbox 1731 5706 2097 5790; x_wconf 89' lang='lat' dir='ltr'><strong>serpentium</strong></span> <span class='ocrx_word' id='word_1_850' title='bbox 2185 5703 2359 5787; x_wconf 79' lang='lat' dir='ltr'><strong>quam</strong></span> <span class='ocrx_word' id='word_1_851' title='bbox 2391 5703 3034 5788; x_wconf 44' lang='lat' dir='ltr'><strong>manifesta&#39;deceptio.</strong></span> <span class='ocrx_word' id='word_1_852' title='bbox 3076 5730 3101 5767; x_wconf 74' lang='grc' dir='ltr'>ι</span> 
     </span>
    </p>
   </div>
  </div>
