4054 6114
185 324 304 394 653

1544 316 1819 394 ΟΑΡῙΤΑ
1864 323 2231 395 MORALIA.

3439 325 3556 395 654

178 485 295 537 τος,
327 463 416 520 καὶ
466 462 642 541 ἐτέρου
687 461 866 540 ἑτέραν
920 461 1032 539 βίου
1093 459 1214 518 ὁδὸν
1269 459 1588 538 διανύοντος,
1635 463 1706 526 εἷς
1736 461 1828 518 ἕνα

1934 482 2122 526 ιωιιθε
2152 471 2350 528 tamen
2381 463 2659 549 utrinque
2713 463 2788 528 ad
2820 463 3096 528 eumdem
3128 483 3374 548 scopum
3409 484 3559 528 con-

178 553 382 609 σκοπὸΛ
437 549 489 617 ἐξ
558 551 864 632 ἀμφοτέρων
942 551 1152 608 πάντων
1237 552 1435 609 τούτων
1515 555 1562 608 οἱ
1639 551 1833 615 πάντες

175 642 579 723 συντρέχουσιν.

256 727 340 810 4⁸,
375 734 583 796 Σκοπὸς
615 731 826 788 πάντων
881 736 986 788 τῶν
1043 729 1181 786 κατά
1245 732 1372 787 Θεὸν
1403 728 1828 805 πολιτευομένων

170 823 318 882 ἐστὶν
368 825 429 878 τὸ
487 825 827 901 εὖαρεστῆσαι
897 826 1108 899 Χριστῷ
1164 825 1241 893 τῷ
1300 826 1415 894 Θεῷ
1468 821 1628 894 ἡμῶν
1665 834 1679 849 ⁸

172 913 274 980 τὴν
331 909 672 988 καταλλαγὴν
721 906 804 967 δια
859 913 958 974 τῆς
1017 915 1110 963 τοῦ
1183 913 1489 984 Πνευματος
1551 906 1828 983 μετουσίας

173 1004 309 1080 πρὸς
356 1002 447 1056 τὸν
493 998 696 1078 Πατέρα
750 993 934 1054 λαϐεῖν
971 1016 985 1031 °
1033 998 1124 1053 καὶ
1183 997 1280 1064 τὴν
1339 998 1537 1053 ἑαυτῶν
1569 995 1833 1074 σωτηρίαν

176 1089 264 1151 διὰ
291 1100 444 1149 τοῦτο
473 1089 781 1169 πορίσασθαι
815 1105 828 1118 ⁶
879 1093 1036 1142 τοῦτο
1097 1086 1198 1166 γὰρ
1253 1087 1431 1153 πάσης
1490 1090 1674 1165 ψυχῆς
1730 1106 1836 1169 σως

175 1181 334 1258 τηρία
362 1179 498 1235 ἐστίν
533 1165 558 1211 ’1
608 1179 668 1234 οὗ
726 1176 803 1251 μὴ
862 1174 1162 1254 γινομένου,
1226 1178 1375 1238 κενὸς
1433 1178 1462 1231 ὁ
1522 1175 1712 1247 κόπος,
1744 1165 1834 1228 καὶ

177 1270 380 1345 ματαία
405 1271 439 1337 ἡ
473 1268 686 1347 ἐργασία
723 1268 876 1341 ἡμῶν
912 1283 925 1296 ·
975 1265 1231 1332 ἀνόνητός
1261 1286 1317 1320 τε
1348 1271 1492 1321 πᾶσα
1522 1266 1633 1342 βίου
1682 1261 1826 1339 ὁδὸς,

177 1361 214 1426 ἡ
246 1359 324 1434 μὴ
355 1359 484 1436 πρὸς
511 1365 667 1414 τοῦτο
696 1356 786 1411 τὸν
817 1353 870 1409 ἐν
899 1357 1033 1431 αὐτῇ
1062 1353 1324 1434 τρέχοντα
1353 1353 1601 1433 φέρουσα.

265 1523 385 1612 (α’.
433 1513 632 1592 νΕοικεν
689 1535 718 1589 ὁ
772 1534 863 1589 τὸν
919 1533 1118 1608 κόσμον
1185 1531 1393 1588 ἅπαντα
1478 1529 1824 1606 καταλείψας,

181 1626 314 1704 πρὸς
357 1625 418 1680 τὸ
448 1621 564 1700 ὄρος
605 1620 660 1678 δὲ
717 1625 790 1686 ὡς
840 1623 970 1701 πρὸς
1015 1620 1243 1701 ἡσυχίαν
1301 1620 1682 1700 ἀναχωρήσας,
1727 1619 1829 1675 κᾶ-

179 1716 358 1770 κεῖθεν
428 1709 791 1775 ἐπιδεικτικῶς
851 1711 1065 1790 γράφων
1124 1711 1255 1789 πρὸς
1336 1711 1456 1772 τοὺς
1514 1709 1568 1766 ἐν
1620 1710 1828 1784 κόσμῳ,

1915 562 2180 617 currunt.

1993 725 2091 788 90.
2140 723 2368 806 Scepus
2416 734 2473 788 et
2530 724 2844 788 consilium
2905 725 3168 787 omnium
3227 725 3556 788 secundum

1741 818 1830 874 καὶ
1909 812 2098 876 Deum
2125 814 2479 877 certantium
2519 821 2628 890 est,
2665 813 2895 878 Christo
2923 815 3046 879 Deo
3075 815 3468 896 complacere,
3502 823 3562 876 et

1914 922 2024 982 per
2047 904 2644 966 communicationem
2680 901 2936 984 Spiritus
2988 904 3174 966 sancti
3201 903 3390 966 Patris
3419 923 3558 984 gra-

1914 992 2053 1054 tiam
2084 1012 2469 1073 recuperare,
2505 1011 2612 1074 per
2661 993 3058 1074 eumdemque
3108 995 3357 1056 salutem
3392 1013 3558 1057 suam

1921 1100 2272 1162 comparare
2329 1089 2388 1144 et
2439 1081 2799 1163 acquirere:
2858 1081 2919 1144 in
2980 1083 3093 1145 hoc
3149 1086 3307 1144 enim
3367 1083 3561 1144 omnis

1919 1169 2153 1240 animae.
2189 1178 2242 1230 et
2274 1169 2532 1250 cujusvis
2587 1170 2846 1231 hominis
2899 1173 3057 1233 sa'us
3109 1171 3220 1233 sita
3249 1181 3358 1233 est.
3392 1169 3559 1244 Quod

1916 1259 2030 1322 nisi
2052 1260 2172 1341 fiat,
2199 1260 2392 1322 inanis
2415 1269 2504 1322 est
2527 1259 2715 1336 labor,
2745 1269 2802 1320 et
2838 1279 3045 1322 vanum
3075 1280 3222 1342 opus
3247 1269 3513 1323 nostrum
3541 1281 3556 1322 :

1913 1347 2345 1413 infructuosum
2381 1369 2558 1412 omne
2589 1350 2702 1411 iter
2729 1349 2882 1427 vitae,
2937 1351 3092 1432 quod
3126 1351 3188 1413 in
3219 1369 3289 1414 ea
3315 1367 3562 1415 Curren-

1915 1446 2032 1502 tem
2067 1439 2182 1500 huc
2213 1458 2332 1500 non
2363 1438 2625 1502 deducit.

1990 1527 2091 1591 91.
2126 1526 2260 1602 Qui,
2295 1535 2416 1589 toto
2451 1527 2670 1589 mundo
2702 1526 2932 1603 relicto,
2966 1527 3182 1609 quietis
3211 1528 3456 1609 agendaa
3484 1527 3556 1591 ad

1915 1625 2175 1679 montem
2208 1617 2478 1692 secessit,
2536 1617 2794 1698 indeque
2849 1617 3324 1680 ostentabundus
3353 1619 3424 1681 ad
3461 1637 3565 1681 eos

1913 1708 2013 1788 qui
2045 1705 2104 1768 in
2137 1707 2354 1769 mundo
2383 1721 2526 1770 sunt
2573 1705 2799 1781 scribit,
2861 1707 3128 1788 aliosque
3159 1707 3366 1770 beatos
3400 1726 3556 1790 prae-

178 1803 297 1864 τοὺς
344 1801 440 1876 μὲν
498 1800 819 1879 μακαρίζων,
877 1800 997 1862 τοὺς
1055 1796 1110 1853 δὲ
1181 1796 1482 1855 κολακεύων
1536 1800 1627 1855 καὶ
1682 1797 1824 1854 ἐπαι-

1934 1795 2091 1878 licat,
2123 1795 2271 1859 alios
2299 1797 2516 1866 laudat,
2580 1805 2636 1858 et
2692 1795 2808 1857 illis
2864 1795 3158 1874 adulatur,
3214 1798 3395 1861 alicui
3425 1817 3560 1860 cum

184 1898 314 1966 νῶν,
345 1896 423 1964 τῷ
459 1891 706 1966 γυναικὸς
757 1889 981 1968 πόρνης,
1026 1885 1325 1962 δυσείμονος
1383 1909 1440 1944 τε
1501 1889 1588 1944 καὶ
1629 1888 1842 1966 παγκά.

185 2003 283 2037 κου
337 1976 712 2057 διαζευχθέντι,
773 1978 862 2033 καὶ
921 1977 992 2040 εἷς
1050 1975 1232 2056 χώραν
1291 1977 1496 2055 μακρὰν
1555 1973 1836 2052 ἀποδημή-

187 2091 362 2143 σαντι,
393 2068 524 2146 πρὸς
552 2067 614 2122 τὸ
642 2063 1014 2143 ἀπαλλαγῆναι
1063 2066 1150 2120 καὶ
1206 2069 1304 2131 τῆς
1363 2066 1583 2140 μνήμης
1616 2067 1778 2132 αὐτῆς
1815 2080 1828 2094 '

185 2157 313 2213 εἶτα
341 2153 706 2230 ἐπιλαθομένφ
761 2155 852 2210 τὸν
909 2153 1132 2232 σκοπὸν,
1178 2150 1244 2208 δι’
1302 2153 1360 2208 ὃν
1415 2154 1478 2208 τὸ
1505 2153 1625 2233 ὅρος
1649 2159 1833 2210 κατει-

184 2245 348 2326 ληφε,
407 2245 494 2300 καὶ
541 2245 672 2316 πρὸς
726 2243 846 2306 τοὺς
903 2247 973 2318 τῇ
1026 2241 1195 2320 πόρνῃ
1256 2241 1428 2319 ἐκείνῃ
1483 2264 1836 2322 συναναστρε-

184 2333 469 2415 φομένους,
527 2329 602 2388 ἵν’
664 2332 826 2405 εἴπω,
906 2332 996 2388 καὶ
1077 2329 1550 2406 συμμιαινομένους
1623 2333 1837 2413 γράφειν

186 2422 510 2504 ὀρεγομένῳ,
554 2423 642 2477 καὶ
670 2420 855 2483 αὖτοὺς
900 2419 1261 2499 μακαρίζοντι,
1320 2421 1377 2484 ὃς
1435 2421 1478 2476 εί
1535 2421 1723 2496 καὶμὴ
1765 2429 1842 2496 τῷ

187 2513 424 2592 σώματι,
476 2509 612 2566 ἀλλᾶ
659 2515 728 2586 τῇ
775 2507 958 2589 καρδίᾳ
1013 2509 1223 2572 πάντως
1281 2511 1369 2566 καὶ
1424 2516 1500 2584 τῷ
1554 2513 1642 2567 νολί
1700 2533 1840 2586 συμ-

190 2601 421 2680 πάσχει,
465 2599 526 2654 ἐκ
581 2599 876 2678 προθέσεως
927 2599 1048 2662 τοὺς
1091 2599 1362 2662 τοιούυους
1418 2595 1838 2680 ἀποδεχόμενος,

191 2691 350 2746 οἱονεὶ
379 2693 476 2754 τῆς
509 2685 623 2764 μετ’
655 2688 858 2754 ἐκείνης
891 2687 1062 2744 αὐτῶν
1093 2692 1430 2763 συμπλοκῆς,

275 2768 400 2856 4’β”.
439 2764 572 2853 θοσῳ
603 2781 650 2835 οἱ
681 2778 734 2835 ὲν
765 2777 913 2855 μέσῳ
957 2786 1050 2836 τοῦ
1102 2779 1305 2854 κόσμου
1357 2779 1723 2861 στρεφόμενοι»
1755 2789 1843 2843 καὶ

189 2869 565 2948 καθαρεύοντες
621 2869 716 2931 τὰς
775 2869 1055 2943 εἰσθήσεις,
1134 2870 1222 2923 καὶ
1302 2869 1396 2932 τὰς
1467 2865 1679 2948 καρδίας
1735 2869 1842 2924 ἀπὸ

190 2959 374 3025 πάσης
433 2963 668 3036 πονηρᾶς
725 2957 1020 3033 ἐπιθυμίας,
1102 2957 1366 3014 ἐπαινετοὶ
1421 2958 1509 3014 καὶ
1567 2957 1835 3035 μακάριοι,

1923 1885 2143 1950 femina
2163 1885 2503 1960 fornicaria,
2528 1904 2810 1968 pannosa,
2830 1887 3171 1966 etpessima,
3193 1888 3488 1968 copulato,
3503 1895 3566 1950 et

1922 1975 1983 2036 in
2014 1975 2322 2056 regionem
2343 1975 2747 2056 longinquam,
2769 1975 2842 2036 ad
2862 1975 3251 2055 effugiendam
3276 1977 3406 2056 ejus
3427 1995 3568 2039 con-

1912 2064 2306 2144 junctionem,
2338 2072 2515 2145 atque
2563 2064 2713 2125 adeo
2764 2063 3108 2125 memoriam
3170 2083 3417 2146 peregre
3447 2067 3560 2128 ab-

1918 2151 2103 2214 eunti:
2129 2151 2346 2215 deinde
2365 2151 2549 2215 oblito
2561 2170 2764 2234 scopo,
2785 2161 3024 2234 propter
3036 2171 3208 2232 quem
3225 2153 3283 2214 in
3298 2161 3557 2216 montem

1918 2239 2166 2316 venerit,
2199 2242 2273 2302 ad
2307 2260 2409 2304 eos
2440 2243 2541 2323 qui
2589 2260 2723 2304 cum
2781 2250 2978 2303 scorto
3036 2241 3139 2304 illo
3164 2251 3478 2305 versantur
3507 2251 3567 2306 et

1924 2337 1988 2392 ut
2019 2329 2098 2390 ita
2127 2330 2342 2407 dicam,
2376 2349 2509 2392 cum
2543 2349 2612 2392 eo
2643 2346 2758 2392 una
2783 2331 3145 2411 po'luuntur,
3175 2331 3390 2412 cupide
3412 2332 3566 2395 scri-

1925 2420 2124 2495 bente,
2175 2427 2234 2483 et
2282 2439 2384 2483 eos
2414 2428 2476 2481 ut
2508 2419 2716 2482 beatos
2743 2420 3043 2482 extollenti
3073 2420 3284 2482 similis
3307 2422 3562 2485 videtur.

1924 2507 2036 2582 Qui
2067 2516 2125 2570 et
2175 2508 2225 2571 si
2256 2528 2373 2570 non
2428 2527 2699 2590 corpore,
2757 2509 2957 2570 animo
3015 2510 3254 2592 quidem
3290 2520 3470 2584 certe,
3508 2519 3568 2572 et

1925 2596 2105 2658 corde
2133 2597 2261 2678 ipso
2293 2596 2565 2659 similiter
2598 2597 2714 2658 illis
2733 2597 3005 2668 afﬁcitur,
3039 2615 3366 2678 eorumque
3395 2617 3563 2660 com-

1924 2685 2130 2766 plexus
2162 2685 2533 2748 meretricios
2563 2685 2847 2768 approbat
2878 2685 3336 2768 quodammodo.

2004 2774 2103 2838 92.
2137 2774 2322 2847 Quam
2355 2775 2530 2838 valde
2562 2779 2618 2836 in
2651 2776 2848 2837 medio
2879 2775 3100 2837 mundo
3131 2775 3570 2849 viventes,sen-

1924 2882 2165 2944 susque,
2199 2873 2260 2926 et
2289 2865 2467 2926 corda
2497 2884 2603 2926 sua
2650 2863 2722 2926 ab
2780 2865 2942 2925 omni
2997 2864 3200 2926 vitiosa
3247 2865 3568 2946 cupiditate

1925 2961 2240 3033 purgantes
2267 2952 2570 3028 laudandi,
2607 2963 2664 3015 et
2693 2971 2798 3034 pro
2820 2952 3006 3016 beatis
3028 2953 3422 3035 praedicandi:
3449 2963 3564 3016 tam

189 3047 430 3122 τοσούτῳ
458 3049 504 3103 οἱ
534 3046 588 3102 ἐν
645 3049 786 3125 ὁρεσι
842 3048 930 3102 καὶ
973 3046 1253 3113 σπηλαίοις
1311 3044 1724 3120 ἐνδιαιτώμενοι,
1785 3047 1838 3102 οἳ

1934 3042 2116 3118 valde,
2149 3041 2250 3124 qui
2279 3042 2338 3102 in
2374 3043 2675 3104 montibus
2733 3050 2793 3105 et
2849 3042 3156 3124 speluncis
3188 3043 3476 3114 habitant,
3515 3044 3567 3105 si

187 3144 293 3194 τῶν
355 3136 580 3193 ἐπαίνων
648 3138 735 3192 καὶ
795 3141 1140 3212 μακαρισμῶν
1199 3134 1426 3215 ἐφίενται
1478 3141 1582 3191 τῶν
1639 3134 1842 3213 ἀνθρώ-

187 3249 332 3306 πων,
395 3227 580 3302 ψεκτοὶ
635 3227 723 3282 καὶ
783 3222 1080 3292 ἀπόϐλητοι
1115 3239 1129 3254 ’
1191 3227 1263 3289 ὡς
1343 3225 1442 3303 γὰρ
1498 3224 1840 3303 μοιχεύοντες

189 3317 339 3397 παρᾶ
387 3322 464 3390 τῷ
517 3316 610 3378 τὰς
682 3312 892 3394 καρδίας
951 3315 1105 3389 ἡμῶν
1155 3313 1426 3394 ἐρευνῶντι
1481 3317 1596 3388 Θεῴ
1637 3311 1841 3368 ἔσονται

103 3441 112 3448 -
189 3409 218 3462 ὁ
273 3406 384 3484 γὰρ
440 3403 704 3480 ἐπιθυμῶν
762 3403 1077 3470 ἀκουσθῆναι
1127 3403 1218 3458 τὸν
1246 3403 1355 3478 βίον
1417 3403 1594 3481 αὐτοῦ,
1654 3402 1742 3456 καὶ
1783 3401 1843 3456 τὸ

197 3492 396 3570 ὄνομα,
425 3494 512 3549 καὶ
541 3493 639 3559 τὴν
694 3491 962 3548 πολιτείαν
1023 3489 1076 3548 ἐν
1128 3492 1204 3566 τῷ
1258 3491 1466 3571 κόσμῳ,
1515 3489 1840 3570 ἐκπορνεύει,

192 3585 336 3639 κατᾶ
363 3582 455 3637 τὸν
497 3580 660 3642 πάλαι
689 3585 794 3636 τῶν
823 3577 1086 3638 Ἰουδαίων
1112 3577 1240 3636 λαὸν
1270 3579 1388 3661 ἀπὸ.
1407 3587 1558 3660 Θεου,
1582 3578 1655 3642 ὥς
1685 3601 1844 3660 φησιν

193 3674 220 3728 ὁ
253 3669 444 3736 Δαϐίδ,

274 3750 404 3840 ζ’γί
469 3751 526 3819 Ὀ
571 3761 739 3818 πίστει
793 3766 862 3837 τῇ
917 3760 1048 3838 πρὸς
1105 3759 1196 3814 τὸν
1252 3759 1382 3814 Θεὸν
1433 3754 1728 3831 ἆδιστάκτῳ
1768 3763 1846 3830 τῷ

193 3850 388 3928 κόσμῳ
451 3852 540 3906 καὶ
595 3863 713 3913 τοῖς
772 3849 832 3905 ἐκ
889 3848 1074 3924 κόσμῳ
1130 3846 1550 3922 ἀποταξάμενος,
1611 3846 1843 3902 πιστεύει

194 3939 271 3996 ὅτι
304 3938 554 4014 ἐλεήμων
594 3937 701 3994 ἐστὶ
749 3938 838 3994 καὶ
891 3937 1168 4015 είκτίρμων
1225 3937 1252 3991 ὃ
1311 3935 1522 4015 Κύριος,
1567 3936 1656 3990 καὶ
1685 3955 1847 4013 προσ-

195 4025 416 4108 δέχεται
499 4029 620 4091 τοὺς
700 4025 754 4082 ἐν
837 4026 1087 4101 μετανοίᾳ
1167 4023 1623 4104 προσερχομένους
1679 4026 1842 4097 αὐτῷ,

201 4115 354 4179 εἰδὼς
387 4113 454 4171 δι’
487 4115 699 4192 ἀτιμίας
751 4121 910 4190 τιμᾷν
962 4115 1081 4177 τοὺς
1139 4111 1351 4176 δούλους
1396 4112 1574 4186 αὺτοῦ,
1633 4112 1721 4167 καὶ
1763 4108 1848 4166 διὰ

196 4205 477 4285 πτωχείας
549 4203 710 4284 ἄκρας
766 4202 1057 4274 πλουτιζειν
1116 4203 1327 4276 αὖτοὺς,
1384 4202 1471 4256 καὶ
1527 4197 1593 4255 δι’
1651 4197 1847 4278 ὕϐρεων

196 4296 282 4350 καὶ
343 4290 728 4359 ἐξουδενώσεων
783 4289 1010 4362 δοξάζειν
1063 4289 1270 4363 αὖτοὺς,
1345 4289 1432 4345 καὶ
1488 4287 1572 4343 διὰ
1626 4289 1847 4346 θανάτου

197 4387 294 4448 τῆς
331 4382 540 4438 αἰωνίου
593 4385 736 4452 ζωῆς
784 4379 1050 4460 μετόχους
1107 4380 1290 4441 αὐτοὺς
1347 4378 1434 4433 καὶ
1487 4375 1845 4457 κληρονόμους

201 4470 557 4543 ἀποηθιστᾷν
585 4487 601 4502 ⁶
673 4469 1042 4548 κατεπείγεται
1123 4469 1194 4531 ὡς
1255 4465 1446 4546 ἔλαφος
1504 4463 1712 4541 διψῶσα
1769 4465 1853 4528 ἐπὶ

200 4559 297 4627 τὴν
333 4559 588 4615 ἀθάνατον
618 4558 801 4638 πηγὴν
857 4555 922 4612 δι’
980 4559 1170 4629 αὐτῶν,
1219 4557 1305 4612 καὶ
1363 4557 1493 4634 πρὸς
1537 4555 1598 4612 τὸ
1627 4552 1853 4618 ἅπαντες

203 4646 259 4703 ἐν
290 4649 476 4710 αὐτοῖς
505 4651 578 4712 ὡς
609 4647 664 4703 ἐν
719 4647 937 4722 κλίμακι
993 4647 1209 4722 βαίνειν,
1271 4642 1337 4700 δι’
1394 4645 1460 4709 ἧς
1505 4641 1720 4722 ἄγγελοι
1756 4644 1852 4718 μὲν

203 4735 536 4796 ἀναϐαίνουσι
601 4738 688 4793 καὶ
757 4735 1132 4814 κατέρχονται,
1216 4734 1346 4813 πρὸς
1429 4733 1675 4809 βοήθειαν
1747 4738 1852 4789 τῶν

205 4823 578 4905 ἀνερχομένων
623 4841 638 4858 °
723 4824 851 4886 Θεὸς
917 4821 971 4878 δὲ
1049 4820 1244 4879 ἄνωθεν
1297 4821 1394 4888 τὴν
1452 4821 1587 4876 κατὰ
1637 4817 1851 4896 δύναμιν

206 4915 362 4988 ἡμῶν
392 4913 633 4993 πρόθεσιν
681 4915 770 4969 καὶ
811 4909 1042 4978 σπουδὴν
1101 4909 1372 4985 ἀναμένων
1430 4909 1652 4975 κάθηται
1690 4927 1703 4942 ’
1751 4911 1856 4988 οὐχ

212 5001 291 5058 ὅτι
335 5013 622 5066 πονοῦντας
679 5004 819 5078 ἡμᾶς
876 4999 1122 5080 τέρπεται
1166 5003 1311 5079 δρᾷν,
1375 4995 1492 5055 ἀλλ’
1536 4999 1607 5060 ὡς
1637 4995 1857 5078 ὄφλημα

209 5090 375 5148 θέλων
455 5092 574 5153 τοὺς
655 5091 869 5167 μισθοὺς
958 5087 1153 5147 διδόναι
1229 5090 1365 5163 ἡμῖν
1449 5089 1476 5143 ὁ
1557 5085 1856 5167 φιλάνθρω-

214 5201 313 5244 πος
324 5227 338 5242 ,

299 5260 411 5346 ζδ’,
484 5270 615 5333 Τοὺς
673 5267 995 5330 ἆδιστάκτως
1053 5270 1196 5340 αὖτῴ
1248 5265 1707 5347 προσερχομένους
1767 5271 1862 5327 οὐκ

213 5358 272 5432 ἐᾷ
303 5359 438 5424 ὅλως
463 5371 788 5416 καταπεσεῖν
817 5360 845 5414 ὁ
896 5358 1048 5437 Θεὸς,
1108 5354 1243 5411 ἀλλά
1300 5353 1675 5420 ἀδυνατοῦντας
1732 5356 1861 5434 βλέ-

212 5469 328 5505 πων
385 5449 596 5529 αὒτοὺς,
667 5459 912 5526 συνεργεῖ
986 5448 1073 5503 καὶ
1141 5447 1356 5526 βοηθεῖ,
1416 5444 1616 5524 ὀρέγων
1679 5451 1862 5511 αὐτοῖς

294 5628 357 5681 Η
383 5627 606 5695 Jerem.
650 5643 793 5707 xvu,
825 5627 886 5691 5.
975 5628 1034 5679 *8
1059 5625 1220 5694 Psal.
1250 5642 1345 5710 cv,
1379 5623 1478 5691 39.

1870 4333 1917 4395 D

1925 3130 2152 3206 laudes,
2187 3130 2638 3212 praedicationes
2690 3137 2748 3192 et
2794 3130 3043 3209 gloriam
3081 3131 3387 3191 hominum
3418 3149 3566 3192 con-

1924 3220 2251 3300 cupiscant,
2286 3219 2681 3300 vituperandi,
2743 3227 2801 3282 et
2857 3219 3178 3301 abjiciendi
3207 3228 3344 3281 sunt
3377 3237 3390 3282 :
3430 3239 3564 3281 nam

1925 3309 2076 3389 apud
2106 3309 2291 3371 Deum
2326 3309 2425 3390 qui
2456 3317 2754 3370 scrutatur
2801 3310 2982 3371 corda
3010 3317 3228 3384 nostra,
3262 3308 3569 3371 adultero-

1925 3416 2056 3458 rum
2087 3399 2216 3460 loco
2241 3407 2436 3462 erunt.
2463 3397 2572 3470 Qui
2595 3398 2752 3460 enim
2793 3398 2967 3459 vitam
3011 3417 3200 3472 suam,
3238 3406 3294 3459 et
3324 3416 3566 3472 nomen,

1928 3497 1986 3548 et
2033 3487 2378 3549 institutain
2431 3507 2533 3548 ora
2561 3487 2865 3550 hominum
2900 3487 3107 3551 venire
3162 3486 3459 3549 desiderat
3488 3488 3566 3562 14,

1926 3576 2085 3639 velut
2102 3577 2379 3657 antiquus
2401 3576 2501 3638 ille
2527 3576 2861 3640 Judaeorum
2903 3575 3155 3657 populus
3174 3593 3208 3637 a
3230 3575 3349 3637 Deo
3379 3575 3566 3637 forni-

1926 3672 2111 3741 catur,
2146 3671 2209 3726 ut
2238 3665 2428 3745 inquit
2450 3664 2631 3728 David
2661 3667 2742 3728 15.

2010 3753 2109 3816 93.
2145 3753 2256 3826 Qui
2287 3754 2404 3816 fide
2433 3763 2620 3829 certa,
2681 3772 2750 3816 ac
2807 3752 2976 3813 firma
3035 3751 3095 3812 in
3128 3751 3339 3827 Deum,
3375 3751 3571 3814 valere

1929 3843 2236 3916 mundum,
2273 3851 2330 3904 et
2357 3861 2492 3904 suas
2522 3841 2635 3902 sibi
2665 3861 2762 3904 res
2791 3839 3007 3904 habere
3024 3841 3222 3919 jussit,
3258 3840 3573 3902 Dominum

1932 3951 2062 3994 esse
2095 3931 2567 4007 misericordem,
2603 3939 2662 3992 et
2704 3931 2888 4011 pium,
2942 3938 3002 3991 et
3031 3928 3091 3989 in
3123 3929 3468 4010 pcenitentia
3499 3928 3571 3990 ad

1927 4021 2123 4102 ipsum
2161 4019 2514 4082 accedentes
2546 4019 2853 4100 suscipere
2885 4017 3092 4079 credit.
3130 4018 3398 4098 Cumque
3429 4018 3577 4080 sciat

1929 4110 2206 4172 eumdem
2240 4109 2434 4170 solere
2457 4109 2681 4170 servos
2705 4125 2842 4168 suos
2895 4123 3000 4187 per
3055 4106 3434 4187 ignominiam
3461 4106 3570 4169 ho-

1930 4216 2168 4272 norare,
2223 4217 2329 4279 per
2386 4215 2674 4260 summam
2735 4203 3140 4277 paupertatem
3195 4195 3406 4272 ditare,
3470 4215 3578 4278 per

1934 4286 2214 4368 injuriam
2238 4295 2295 4349 et
2315 4295 2717 4368 contemptum
2741 4285 3095 4366 glorificare,
3115 4293 3175 4349 et
3199 4303 3306 4366 per
3327 4293 3575 4347 mortem

1933 4386 2169 4439 aaternae
2201 4380 2326 4438 vitae
2357 4375 2549 4438 socios
2579 4376 2965 4455 haeredesque
3008 4373 3341 4448 instituere,
3375 4392 3481 4456 per
3513 4391 3584 4436 ea

1934 4464 2091 4527 haud
2127 4483 2319 4540 secus,
2357 4482 2530 4544 quam
2564 4481 2774 4525 cervus
2821 4462 3030 4524 sitiens
3079 4462 3152 4522 ad
3184 4462 3406 4524 fontem
3440 4481 3580 4524 cur-

1934 4573 2072 4616 rere
2103 4562 2381 4635 properat
2411 4571 2538 4632 quae
2567 4551 2625 4612 in
2674 4551 2819 4634 ipsis
2877 4560 3014 4613 sunt
3061 4552 3266 4628 ardua,
3303 4562 3579 4635 tanquam

1937 4661 2045 4725 per
2074 4642 2262 4706 scalas
2291 4641 2656 4714 censccndit,
2692 4659 2801 4722 per
2853 4659 3002 4722 quas
3030 4641 3224 4721 angeli
3253 4643 3584 4703 ascendunt

1937 4740 1994 4794 et
2023 4731 2418 4806 descendunt,
2453 4730 2625 4792 laturi
2655 4749 2829 4811 opem
2881 4731 3362 4795 ascendentibus.
3394 4733 3584 4811 Supra

1936 4839 2075 4883 vero
2106 4819 2264 4882 Deus
2295 4819 2483 4892 sedet,
2519 4829 2898 4902 nostramque
2927 4821 3284 4886 voluntatem
3317 4821 3581 4900 diligen-

1937 4919 2027 4972 ter
2055 4929 2124 4972 ac
2155 4927 2258 4989 pro
2289 4908 2513 4971 viribus
2541 4908 2613 4970 ad
2647 4928 2792 4990 opus
2819 4910 3061 4989 perduci
3092 4917 3429 4989 exspectat:
3466 4928 3584 4971 non

1939 4999 2131 5061 solum
2182 5006 2244 5058 ut
2302 5016 2408 5058 nos
2464 4997 2801 5060 laborantes
2850 4999 3145 5079 aspiciens
3195 4999 3447 5070 laetetur,
3479 4996 3586 5058 sed

1943 5088 2121 5151 etiam
2153 5094 2220 5148 ut
2252 5087 2614 5162 mercedem,
2664 5095 2940 5168 tanquam
2998 5087 3290 5162 debitum,
3347 5103 3452 5168 pro
3482 5103 3588 5148 sua

1944 5174 2307 5252 benignitate
2341 5172 2512 5235 nobis
2543 5175 2856 5254 persolvat.

2024 5265 2125 5327 94.
2161 5261 2447 5324 Dominus
2489 5271 2650 5325 certa
2679 5271 2736 5325 et
2768 5281 2976 5342 magna
3005 5282 3138 5324 cum
3173 5261 3391 5325 fiducia
3419 5260 3492 5324 ad
3524 5279 3590 5322 se

1945 5353 2252 5416 venientes
2285 5352 2500 5415 cadere
2531 5370 2902 5434 nequaquam
2933 5351 3110 5414 sinit:
3147 5353 3249 5414 sed
3275 5370 3477 5415 eorum
3501 5349 3590 5412 in-

1948 5443 2287 5508 firmitatem
2318 5460 2596 5520 cernens,
2629 5441 2889 5522 adjuvat,
2916 5448 2974 5504 et
2993 5440 3272 5504 auxilium
3304 5441 3436 5517 fert,
3471 5457 3597 5505 ma-
