4054 6114
281 331 401 398 657

1613 344 1889 407 CAPITA
1932 344 2302 408 MORALIA.

3533 342 3650 408 658

281 467 644 546 ποδεξαμὲνην
673 475 764 530 τὸν
817 473 1012 552 σπόρον
1067 479 1194 555 γῆν,
1251 476 1340 532 καὶ
1393 478 1489 546 τὴν
1546 479 1684 557 ῥίζαν
1746 477 1827 560 ἐφ’
1857 479 1920 546 ἣν

2014 478 2369 558 humanum;
2405 485 2463 538 et
2491 477 2686 538 verbis
2729 477 2883 539 haud
2921 477 3038 540 dici
3069 486 3283 560 potest,
3319 460 3650 544 viviﬁcum?

280 557 676 639 ἐνεγκεντρίσθη
720 563 780 618 τὸ
836 562 1218 640 ἀκατανόητον,
1268 567 1356 623 καὶ
1406 567 1691 649 ἄφραστον,
1725 557 1922 648 ἐκεῖνο,

281 650 372 706 καὶ
400 651 674 732 ζωηφόρον
703 651 885 732 φυτόν.

369 729 490 814 ζ¹η’.
531 732 587 796 εΟ
631 739 902 798 ἐκκόπτων
945 743 1006 800 τὸ
1036 741 1172 800 ἴδιον
1199 743 1405 820 θέλημα
1433 742 1516 801 διὰ
1544 746 1634 802 τὸν
1663 756 1754 806 τοῦ
1796 753 1927 804 Θεοῦ

282 824 470 904 φόϐον,
505 829 788 908 ἆγνώστως
815 829 1002 902 οὕτως,
1050 834 1122 896 ὡς
1180 833 1275 888 οὒκ
1330 831 1494 907 οἶδεν,
1547 836 1574 890 ὁ
1605 837 1733 898 Θεὸς
1762 837 1925 916 χαρί-

283 921 432 986 ζεται
489 917 631 992 αὐτῷ
709 919 770 974 τὸ
841 921 1026 977 ἑαυτοῦ
1104 919 1333 1002 θέλημα,
1403 925 1491 978 καὶ
1561 923 1927 989 ἆνεξάλειπτον

282 1007 414 1063 αὐτὸ
443 1003 684 1085 διατηρεῖ
711 1006 764 1063 ἐν
800 1015 867 1086 τῇ
915 1007 1099 1087 καρδίᾳ
1155 1013 1332 1091 αὑτοὺ,
1391 1013 1480 1068 καὶ
1534 1010 1775 1092 διονοίγει
1805 1015 1926 1077 τοὺς

279 1092 584 1173 ὀφθαλμοὺς
664 1103 764 1164 τῆς
845 1096 1073 1162 διανοίας
1155 1104 1312 1158 αὐτοῦ
1385 1107 1478 1156 τοῦ
1561 1101 1926 1179 ἐπιγινώσκειν

280 1181 434 1262 αὐτὸ,
476 1186 565 1240 καὶ
620 1186 775 1266 ἰσχὺν
831 1184 1004 1244 δίδωσι
1053 1210 1143 1245 του
1200 1189 1494 1268 ἐκπληροῦν
1551 1192 1698 1250 αὒτό.
1759 1199 1932 1249 Ταῦτα

279 1267 338 1326 δὲ
382 1272 417 1338 ἡ
453 1273 609 1352 χάρις
656 1281 749 1331 τοῦ
802 1276 950 1354 ἁγίου
1009 1279 1307 1354 Ηνεύματος
1351 1267 1578 1359 ἐνεργεῖ,
1629 1283 1716 1338 καὶ
1765 1282 1932 1361 χωρίς

279 1361 451 1427 αὐτης
479 1363 676 1438 γίνεται
707 1362 872 1428 οὐδέν,

367 1438 483 1526 4θ’.
519 1453 577 1509 Εἰ
607 1454 817 1513 πάντων
867 1476 960 1514 σου
1013 1463 1120 1512 τῶν
1176 1459 1570 1538 ἁμαρτημάτων
1619 1459 1718 1526 τὴν
1749 1458 1930 1540 ἄφεσιν

279 1536 495 1616 ἔλαϐες,
533 1540 645 1599 εἴτε
703 1541 768 1599 δι’
828 1543 1232 1624 ἐξαγορεύσεως,
1292 1536 1405 1604 ὲῗτε
1455 1546 1538 1603 διδι
1596 1554 1692 1615 τῆς
1723 1536 1929 1630 ἆμέθιά-

277 1650 418 1693 σεως
477 1637 569 1686 τοῦ
611 1633 760 1711 ἁγίου
804 1636 892 1690 καὶ
948 1633 1232 1713 ἆγγελικοῦ
1292 1639 1596 1717 σχήματος,
1645 1639 1815 1704 πόσης
1847 1660 1929 1695 σοι

276 1727 436 1777 τοῦτο
478 1716 623 1776 ἔσται
695 1721 931 1800 ἀγάπης,
979 1727 1067 1781 καὶ
1123 1716 1480 1806 εὐχαριστίας,
1526 1729 1614 1782 καὶ
1663 1728 1931 1784 ταπεινώ-

280 1828 422 1872 σεως
466 1806 687 1892 dimov;
745 1811 826 1894 81:;
889 1817 1084 1895 μυρίων
1141 1818 1395 1896 ὑπάρχων
1451 1823 1719 1894 τιμωριῶν
1762 1815 1926 1890 ἄξιος,

279 1898 346 1952 οὗ
401 1899 564 1967 μόνον
618 1901 818 1958 τούτων
891 1903 1234 1984 ἀπηλλάγης,
1323 1903 1458 1960 ἀλλὰ
1513 1907 1598 1961 καὶ
1652 1907 1928 1980 υἱοθεσίας,

2008 586 2124 650 que
2155 567 2504 648 plantarium
2552 568 2840 632 insertum
2875 576 2982 629 est.

2087 738 2188 799 98.
2225 735 2334 808 Qui
2371 745 2609 816 propter
2669 735 2942 797 timorem
2979 737 3084 800 Dei
3114 739 3410 819 propriam
3443 741 3650 805 volun-

2009 833 2188 885 tatem
2223 825 2536 898 exscindit,
2571 824 2680 899 illi,
2742 825 2944 887 nescio
3003 829 3326 910 quomodo,
3379 831 3654 895 inscienti

2010 913 2166 974 Deus
2197 913 2553 974 voluntatem
2585 933 2750 974 suam
2809 915 2997 994 ipsius
3055 917 3298 996 largitur
3353 939 3420 981 ac
3449 921 3650 997 donat,

2016 1021 2265 1082 eamque
2295 1002 2676 1063 indelebilem
2725 1003 2784 1063 in
2847 1005 2979 1084 ejus
3014 1017 3252 1086 pectore
3282 1011 3558 1088 custodit,
3595 1024 3656 1076 et

2017 1092 2220 1153 oculos
2250 1091 2448 1152 cordis
2478 1092 2606 1170 ejus
2635 1093 2852 1170 aperit,
2887 1102 2947 1153 ut
3006 1094 3190 1174 ipsam
3226 1110 3565 1177 cognoscat,
3599 1111 3654 1164 ct

2015 1181 2087 1242 ad
2123 1179 2395 1240 eamdem
2425 1179 2789 1259 implendam
2823 1181 2976 1244 vires
3021 1184 3257 1246 sufﬁcit.
3291 1187 3426 1250 Haac
3458 1199 3654 1254 autem

2015 1271 2200 1350 gratia
2229 1270 2418 1330 sancti
2449 1267 2702 1350 Spiritus
2756 1281 3056 1355 operatur,
3114 1274 3260 1336 citra
3302 1297 3480 1358 quam
3507 1281 3657 1342 nihil

2014 1362 2076 1423 ﬁt
2107 1362 2252 1440 (ιδ).

2094 1451 2190 1512 99.
2219 1447 2279 1512 Si
2298 1449 2562 1512 omnium
2589 1459 2959 1530 peccatorum
2988 1460 3217 1515 tuorum
3241 1457 3498 1529 veniam,
3532 1459 3655 1520 sive

2014 1556 2122 1620 per
2151 1539 2608 1612 confessionem,
2667 1539 2792 1600 sive
2853 1559 2961 1620 per
3015 1543 3344 1621 angelicum
3391 1547 3653 1609 habitum

2013 1647 2185 1708 quem
2207 1628 2304 1689 ind
2317 1628 2474 1702 nisti,
2494 1637 2944 1704 consecutuscs,
2969 1642 3251 1710 quantum
3278 1633 3389 1696 hoc
3407 1636 3657 1699 tibicha—

2017 1716 2206 1778 rilati<
2231 1717 2289 1778 in
2323 1717 2507 1778 Deum
2541 1718 2858 1796 gratiarum
2891 1720 3163 1801 actionis,
3224 1731 3282 1782 et
3308 1723 3655 1790 humilitatis

2014 1812 2428 1880 argumentum
2456 1806 2603 1866 erit?
2619 1805 2895 1885 quoniam
2915 1807 3071 1869 mille
3094 1809 3308 1888 dignus
3324 1815 3654 1894 suppliciis,

2015 1913 2132 1954 non
2159 1913 2226 1955 ea
2249 1894 2438 1954 solum
2465 1894 2752 1974 eﬂ‘ugisti;
2779 1895 2883 1956 sed
2903 1895 3475 1980 insdperadoptione
3494 1903 3654 1966 ﬁlio-

280 1987 375 2041 καὶ
434 1985 612 2067 δόξης,
672 1992 759 2046 καὶ
831 1993 1063 2072 οὐρανῶν
1120 1983 1351 2058 ἀξιοῦσαι
1407 1991 1696 2069 βασιλείας.
1758 1999 1922 2051 Ταῦτα

2014 2001 2142 2044 rum
2163 1983 2828 2063 Dei,etgloria,etregno
2842 1985 3122 2046 ccelorum
3139 1987 3413 2066 dignatus
3425 1992 3655 2056 es.Haec

278 2075 521 2156 στρέφων
579 2077 632 2134 ἐν
683 2076 904 2162 διανοίᾳ,
957 2083 1043 2138 καὶ
1086 2080 1368 2146 διαπαντὸς
1426 2080 1825 2162 ἐνθυμούμενος,
1868 2081 1922 2138 ἕ-

2015 2081 2214 2133 mente
2244 2091 2504 2149 versans,
2535 2091 2889 2153 semperque
2935 2074 3290 2154 recogitans,
3350 2090 3656 2160 promptus

276 2186 469 2240 τοιμος
529 2164 642 2242 ἔσο,
699 2171 786 2224 καὶ
841 2173 1338 2248 προπαρασκευάζου
1399 2171 1476 2246 μὴ
1532 2171 1784 2245 ἀτιμάσαι
1842 2170 1922 2227 τάκ

2015 2171 2072 2222 et
2097 2171 2332 2242 paratus
2348 2173 2496 2237 esto,
2535 2181 2608 2222 ne
2638 2162 2871 2242 quando
2903 2171 3250 2226 contemnas
3280 2186 3436 2240 eum,
3471 2169 3574 2250 qui
3599 2178 3654 2231 te

275 2273 336 2309 σε
367 2255 668 2324 ποιήσαντα
697 2257 785 2312 καὶ
813 2260 1137 2338 τιμήσαντα,
1191 2261 1281 2316 καὶ
1336 2259 1402 2314 τα
1453 2260 1607 2338 μυρία
1636 2261 1930 2339 συγχωρή-

278 2364 450 2400 σαντα
476 2345 802 2426 πταίσματα,
836 2346 990 2404 ’ἀλλὰ
1046 2351 1173 2405 πᾶσὶ
1230 2370 1322 2406 σου
1377 2345 1548 2428 ἔργοις
1592 2345 1799 2413 δοξάσαι
1845 2350 1932 2404 καὶ

271 2438 502 2508 τιμῆσαι
537 2434 715 2510 αὐτὸν,
749 2437 842 2493 ἵνα
872 2439 959 2494 καὶ
990 2437 1142 2502 αἶιτός
1201 2459 1258 2493 σε
1313 2437 1566 2513 μειζόνως
1593 2434 1928 2513 ἀντιδοξάσῃ,

275 2523 338 2578 ὃν
367 2523 650 2598 τετίμηκεν
693 2526 820 2605 ὑπὲρ
873 2524 1080 2584 ἅπασαν
1136 2527 1234 2595 τὴν
1292 2525 1565 2606 ὁρωμένην
1620 2527 1810 2601 κτίσιν,
1842 2527 1930 2582 καὶ

274 2609 430 2695 φίλον
459 2614 614 2695 αρτοὖ
657 2615 914 2690 ὀνομάσαι
946 2637 1003 2672 σε
1030 2618 1270 2695 γνήσιον.

361 2691 432 2779 ρ’.
483 2685 622 2779 ’δσῳ
651 2706 805 2785 ψυχὴ
855 2706 1140 2786 τιμιωτέρα
1196 2716 1289 2765 τοῦ
1344 2707 1594 2783 σώματος
1648 2704 1924 2784 τυγχάνει,

272 2791 517 2865 τοσούτῳ
569 2795 598 2850 ὁ
655 2792 868 2872 λογικὸς
929 2793 1198 2874 ἅνθρωπος
1269 2796 1520 2874 κρείσσων
1575 2804 1666 2854 τοῦ
1729 2795 1924 2855 παντὸς

276 2880 484 2956 κόσμου
512 2881 670 2941 ἐστίν.
707 2886 795 2951 Μὴ
828 2885 927 2965 γὰρ
979 2887 1044 2941 τὰ
1102 2886 1300 2963 μεγέθη
1353 2892 1458 2942 τῶν
1510 2885 1562 2941 ὲν
1620 2887 1761 2958 αὐτῷ
1816 2905 1928 2939 κτι-

2013 2253 2344 2328 honoravit,
2379 2265 2435 2318 et
2470 2253 2547 2314 mi
2577 2254 2632 2315 le
2663 2253 2766 2315 tibi
2793 2253 3006 2317 delicta
3038 2257 3430 2322 condonavit:
3466 2263 3568 2324 sed
3589 2262 3650 2326 in

2013 2343 2290 2404 omnibus
2319 2343 2489 2406 factis
2515 2343 2678 2404 illum
2719 2344 2977 2404 honores
3005 2354 3064 2406 et
3097 2345 3412 2424 glordices,
3442 2357 3501 2410 ut
3523 2350 3652 2432 ipse

2012 2441 2070 2495 te
2097 2432 2353 2494 vicissim
2377 2435 2602 2514 majore
2633 2433 2855 2495 honore
2875 2434 3114 2515 alliciat,
3133 2455 3308 2516 quem
3323 2457 3504 2518 super
3517 2459 3652 2500 om-

2013 2541 2148 2584 nem
2185 2535 2514 2584 creaturam
2547 2522 2968 2604 aspectabilem
3001 2526 3231 2607 extulit,
3257 2545 3647 2608 germanum-

2012 2631 2126 2694 que
2154 2614 2412 2673 amicum
2445 2631 2616 2674 suum
2655 2614 2998 2674 nominavit.

2103 2703 2232 2764 t00.
2294 2701 2585 2775 Quantum
2647 2703 2844 2764 anima
2893 2706 3152 2786 corpori,
3218 2714 3438 2770 tantum
3473 2711 3650 2774 homo

2009 2791 2417 2870 intelligentiae
2450 2791 2743 2872 particeps
2772 2792 2874 2854 toti
2898 2795 3123 2858 mundo
3151 2799 3452 2860 antecellit
3494 2799 3650 2872 Noli,

2010 2881 2212 2956 homo,
2245 2880 2319 2942 ad
2339 2881 2498 2960 imag
2523 2898 2656 2942 nem
2686 2900 2884 2942 rerum
2915 2883 3285 2946 conditarum
3319 2890 3646 2963 attendere,

273 2970 494 3046 σμάτων
525 2980 826 3046 κατανοῶν,
891 2977 980 3031 καὶ
1036 2973 1118 3032 διὰ
1167 2985 1321 3034 τοῦτο
1362 2974 1773 3052 τιμιώτεράσοι
1803 2981 1922 3030 ταῦ-

2014 2979 2068 3032 et
2099 2971 2237 3032 inde
2269 2989 2338 3032 ea
2369 2980 2424 3032 te
2463 2970 2961 3033 honorabiliorem
3003 2974 3342 3038 existimare
3372 2995 3386 3040 :
3440 2979 3543 3040 sed
3576 2979 3648 3041 ad

271 3080 343 3114 τα
402 3060 544 3116 εἶναι
603 3063 813 3138 νόμιζε,
864 3063 1124 3144 ἄνθρωπε,
1181 3063 1317 3120 ἀλλὰ
1367 3065 1496 3142 πρὸς
1553 3063 1648 3130 τὴν
1686 3058 1922 3117 δοθεῖσάν

2014 3060 2362 3141 impertitam
2393 3059 2496 3122 tibi
2549 3061 2791 3139 gratiam
2846 3063 3198 3144 respiciens,
3231 3065 3650 3147 intelligentis-

267 3169 358 3202 σοι
417 3149 574 3229 χάριν
635 3149 968 3228 ἀποϐλέψας,
1031 3156 1118 3209 καὶ
1176 3159 1275 3220 τῆς
1320 3158 1498 3232 νοερᾶς
1563 3152 1650 3207 καὶ
1705 3147 1922 3226 λογικῆς

2014 3169 2127 3230 que
2159 3159 2215 3211 et
2244 3150 2649 3212 ratiocinantis
2693 3150 2908 3212 anima:
2967 3161 3078 3213 tuae
3133 3154 3472 3233 dignitatem
3507 3171 3646 3238 per-

270 3258 371 3293 σου
398 3242 587 3318 ψυχῆς
617 3241 714 3309 τὴν
741 3241 886 3307 ἀξίαν
942 3243 1280 3312 καταμαθὼν,
1341 3242 1552 3318 ἀνίμνει
1581 3241 1676 3297 τὸν
1701 3238 1829 3316 ὅπερ
1859 3238 1924 3294 τὰ

269 3325 520 3407 δρώμενα
544 3328 752 3386 ἅπαντα
779 3333 1078 3407 τιμήσαντά
1102 3353 1160 3386 σε
1190 3330 1343 3392 Θεόν.

357 3405 460 3494 ρα’.
498 3419 866 3494 Σκοπήσωμεν
897 3427 1009 3484 πῶς
1040 3417 1337 3494 δοξάσωμεν
1382 3420 1473 3474 τὸν
1531 3417 1659 3474 Θεόν
1691 3431 1707 3448 ⁸
1766 3413 1924 3480 δοξά-

265 3511 416 3576 ζεται
447 3503 502 3561 δὲ
530 3505 654 3586 παρ’
685 3511 838 3583 ἡμῶν
893 3509 989 3567 οὒκ
1030 3509 1228 3582 ἄλλως,
1289 3509 1326 3577 ἢ
1387 3511 1460 3572 ὡς
1512 3507 1654 3586 παρὰ
1682 3513 1776 3564 τοῦ
1805 3507 1926 3562 Υἱοῦ

269 3592 524 3662 ἐδοξάσθη
579 3615 592 3628 ·
676 3595 742 3653 δι’
799 3602 872 3654 ὧν
928 3600 1026 3678 γὰρ
1083 3598 1286 3662 ἐκεῖνος
1343 3600 1434 3653 τὸν
1485 3597 1670 3653 ἑαυτοῦ
1718 3593 1926 3673 Πατέρα

270 3681 535 3758 ἐδόξασεν,
594 3684 841 3755 ἐδοξάσθη
899 3691 984 3744 καὶ
1069 3690 1096 3744 ὁ
1179 3689 1298 3750 Υἱὸς
1368 3685 1510 3764 παρὰ
1576 3694 1666 3743 τοῦ
1723 3685 1922 3756 Πατρὸς

270 3769 343 3828 δι’
401 3777 595 3834 αὐτῶν.
660 3776 892 3834 Κάκεϊνα
974 3777 1060 3833 καὶ
1134 3777 1297 3850 ἡμεῖς
1360 3771 1560 3850 σπουδῇ
1615 3771 1918 3852 πράξωμεν,

268 3861 366 3919 ἵνα
393 3859 478 3919 διὰ
518 3865 716 3922 τούτων
771 3864 1068 3942 ὃοξάσωμεν
1119 3868 1210 3922 τὸν
1269 3863 1475 3944 Πατέρα
1527 3862 1681 3938 ἡμῶν
1727 3863 1816 3917 τὸν
1868 3859 1922 3914 ἐν

269 3965 393 4014 τοῖς
451 3955 694 4033 οὐρανοῖς
752 3953 1012 4023 κληθῆναι
1082 3953 1520 4031 καταδεξάμενον,
1608 3951 1695 4006 καὶ
1775 3945 1921 4012 δοξαο

270 4042 482 4118 σθῶμεν
509 4041 635 4117 παρ’
660 4048 818 4104 αὒτοῦ
846 4052 914 4122 τῇ
964 4043 1088 4122 δόξῃ
1131 4052 1220 4101 τοῦ
1269 4046 1406 4116 ι’ἱοῦ,
1453 4046 1491 4119 ᾗ
1547 4041 1673 4120 εἶχε
1701 4039 1802 4118 πρὸ
1832 4043 1923 4094 τοὺ

267 4131 362 4187 τὸν
393 4131 593 4207 κόσμον
625 4133 768 4190 εἶναι
797 4131 920 4213 παρ’
953 4134 1129 4196 κῦτοῦ.
1182 4134 1257 4191 Τὰ
1315 4129 1370 4188 δέ
1425 4133 1576 4211 εἰσιν,
1615 4131 1643 4184 ὁ
1672 4127 1916 4203 σταυρὸς,

261 4218 431 4298 ἤγουν
487 4222 522 4289 ἡ
573 4221 821 4303 νέκρωσις
877 4231 969 4282 τοῦ
1018 4224 1218 4300 κόσμου
1272 4221 1468 4284 παντός
1502 4236 1516 4252 ⁶

353 4395 411 4444 ⁸⁷
439 4397 608 4460 Joan.
637 4404 786 4475 xvii,
817 4395 878 4462 ὅ.

2009 3240 2295 3320 pendens.
2333 3244 2515 3300 Deum
2551 3240 2741 3313 lauda,
2803 3240 2904 3322 qui
2962 3249 3017 3302 te
3073 3243 3206 3324 plus
3237 3263 3411 3325 quam
3445 3247 3644 3309 omnia

2005 3347 2133 3409 qua:
2161 3329 2435 3390 videntur
2465 3329 2890 3392 cohonesmvit.
3307 3355 3316 3362 ο

2095 3418 2235 3480 101.
2283 3418 2644 3493 Cogitemus,
2695 3438 2810 3500 quo
2871 3429 3038 3501 pacto
3097 3421 3286 3484 Deum
3316 3425 3651 3500 glorificare

2009 3507 2324 3589 possimus.
2385 3507 2760 3570 Glorificatur
2811 3519 3007 3571 autem
3067 3530 3184 3572 non
3245 3513 3439 3594 aliter,
3471 3535 3648 3596 quam

2006 3597 2304 3676 quomodo
2334 3615 2368 3658 a
2398 3598 2547 3660 Filio
2591 3597 2948 3676 gloriticatus
3000 3607 3108 3662 est.
3175 3603 3284 3662 Per
3325 3621 3457 3682 quae
3486 3606 3646 3668 enim

2006 3685 2106 3746 ille
2137 3705 2308 3748 suum
2357 3685 2583 3746 Patrem
2627 3685 2996 3764 gloriﬁcavit,
3033 3698 3086 3749 et
3115 3689 3370 3752 vicissim
3415 3712 3450 3753 a
3480 3695 3648 3754 Patre

2006 3795 2112 3836 suo
2145 3793 2250 3855 per
2293 3776 2500 3836 eadem
2561 3775 2918 3853 gloriﬁcatus
2977 3786 3082 3839 est.
3148 3797 3218 3840 ea
3274 3799 3382 3840 nos
3413 3800 3648 3862 quoque

2005 3865 2213 3924 sedulo
2244 3864 2548 3944 faciamus,
2614 3872 2674 3926 ut
2732 3883 2838 3944 per
2894 3866 2992 3927 illa
3028 3867 3428 3944 gloriﬁcemus
3485 3889 3646 3952 eum,

2005 3953 2104 4033 qui
2137 3973 2202 4014 se
2237 3956 2462 4014 Patrem
2526 3962 2790 4014 nostrum
2852 3956 3152 4016 caelestem
3211 3958 3494 4037 appellari
3529 3978 3647 4020 non

2005 4041 2240 4120 refugit,
2305 4053 2361 4106 et
2427 4043 2828 4122 gloriﬁcemur
2867 4045 2940 4105 ab
3000 4047 3213 4106 eodem
3269 4046 3456 4124 gloria
3489 4047 3691 4124 Filii,’

2003 4151 2179 4212 qnam
2211 4132 2414 4194 habuit
2463 4133 2616 4212 apud
2669 4151 2828 4204 eum,
2877 4147 3195 4214 antequam
3247 4137 3503 4198 mundus
3535 4137 3645 4200 lie-

1577 4222 1658 4298 ai.
1685 4215 1910 4292 θλίψεις,

2014 4222 2186 4285 ret”.
2215 4223 2356 4296 Quae
2378 4239 2553 4302 porro
2577 4221 2677 4283 illa
2697 4221 2882 4282 sunt?
2922 4221 3098 4298 Crux,
3132 4223 3189 4284 id
3241 4233 3349 4299 est,
3385 4226 3640 4288 mundus

358 4558 478 4640 (18)
512 4558 812 4622 Pontanus
839 4558 1002 4622 addit
1031 4557 1148 4620 duo
1183 4555 1438 4640 capitula
1458 4577 1476 4640 _:
1543 4574 1572 4614 ι
1605 4553 1918 4640 Cumtotis
1992 4557 2306 4640 junctione
2335 4557 2594 4639 Spiritus
2626 4563 2844 4640 essent,
2881 4565 3300 4640 gustarentque
3332 4561 3460 4640 ejus
3491 4561 3646 4624 bona

268 4635 523 4727 viribus,
557 4659 789 4727 summa
818 4640 1145 4714 voluntate,
1179 4635 1618 4727 et;alacritate,
1653 4652 1720 4695 ac
1750 4635 1914 4727 desit

269 4720 443 4783 derio
471 4716 910 4802 incitatissimo,
966 4739 1096 4802 quae
1155 4737 1188 4780 a
1247 4716 1700 4802 Deonm‘gstice,
1759 4724 1816 4776 et
1845 4716 1916 4777 ad

270 4809 539 4886 nostram
549 4796 1015 4886 intelligentiam
1039 4799 1349 4886 obscurius
1374 4796 1716 4886 didicimus,
1739 4813 1916 4886 .quaa-

271 4899 394 4966 que
425 4883 497 4944 ab
525 4878 931 4966 illogmandata
992 4889 1128 4966 sunt
1187 4879 1378 4966 nobis,
1442 4878 1912 4966 impleveri-inus,

271 4955 479 5046 riilque
510 4963 744 5046 penitus
792 4961 1365 5046 praetermiserimus,
1391 5038 1402 5046 _
1430 4966 1568 5018 tunc
1605 4955 1917 5046 .nobisnut

270 5035 574 5128 fidelibus,
600 5052 658 5104 et
679 5035 1119 5128 obedientibus,
1143 5038 1555 5128 gcrrnariis‘que
1587 5035 1910 5128 discipulis,

173 5151 180 5156 -
275 5124 570 5204 et_am:cis
591 5131 794 5204 aperte
823 5117 1117 5204 revelatur
1139 5117 1165 5181 ε’
1211 5120 1361 5204 sicut
1395 5117 1535 5179 olim
1568 5117 1787 5204 sanctis
1817 5117 1914 5204 d_i_-

269 5202 546 5285 scipulis,
577 5197 645 5266 et'
677 5203 959 5284 apostolis
1003 5199 1448 5285 suis_revelatus
1474 5205 1597 5285 est,
1620 5202 1679 5256 et
1706 5197 1916 5285 simili-

273 5277 690 5370 ter'omn'ibus,
717 5277 1098 5370 'qui_p_er_eos
1127 5281 1185 5342 in
1223 5297 1438 5370 nomen
1484 5277 1678 5370 ipsius
1709 5277 1910 5370 credi-

268 5362 503 5426 dissent
547 5365 714 5428 Tunc
746 5362 987 5426 lilii'Dei
1015 5364 1342 5422 secundum
1375 5362 1616 5437 gratiam
1651 5374 1784 5419 esse.
1813 5362 1910 5418 in-

263 5445 544 5524 cipimus,
610 5457 674 5509 ut
719 5445 934 5510 Paulus
967 5443 1046 5524 ait
1081 5459 1094 5503 :
1152 5442 1516 5524 Quicunque
1543 5437 1766 5524 spiritu
1798 5438 1914 5524 Dei

263 5518 564 5602 aguntur,
587 5528 654 5591 hi
676 5535 824 5590 sunt
844 5525 960 5604 ﬁlii
987 5523 1118 5585 Dei.
1143 5522 1370 5604 Quodsi
1393 5518 1529 5599 ﬁlii,
1552 5528 1608 5582 et
1633 5519 1912 5604 lttei'edcs:

257 5599 532 5690 hieredes
557 5608 802 5690 quidam
832 5599 964 5678 Dei,
1021 5603 1361 5665 coliwredes
1407 5608 1614 5662 autem
1665 5599 1911 5663 Christi.

268 5689 481 5772 (Rom-
514 5689 641 5772 viii.
679 5691 808 5772 1-4-)
1251 5769 1259 5772 -
1510 5761 1550 5772 -
1667 5760 1677 5772 .

355 5793 381 5828 ι
416 5769 530 5845 Qui
558 5769 721 5852 digni
749 5761 892 5834 sunt
937 5763 1144 5842 habiti,
1201 5769 1268 5825 ut
1323 5779 1461 5824 cum
1510 5761 1631 5824 Deo
1663 5761 1725 5822 in
1761 5778 1910 5822 con-

2000 4637 2345 4706 ineffabilia,
2381 4637 2582 4700 eorum
2617 4638 2812 4698 nullus
2843 4637 3050 4699 oblatae
3077 4639 3147 4700 ab
3174 4637 3513 4702 hominibus
3545 4643 3642 4704 in-

2000 4717 2170 4802 tumis
2201 4727 2258 4778 et
2288 4719 2651 4802 despuenda:
2703 4717 2906 4802 gloriae
2961 4718 3283 4802 desiderio,
3320 4740 3643 4802 umoreque

2001 4797 2257 4880 ducitur.
2291 4797 2417 4880 sed
2443 4818 2565 4880 nec
2595 4799 2721 4860 auri
2765 4806 2862 4880 aut
2920 4797 3188 4880 vestium,
3223 4809 3317 4860 aut
3349 4797 3635 4880 lapidum,

2001 4877 2102 4954 qui
2131 4877 2204 4938 ab
2247 4879 2664 4958 insipientibus
2718 4877 2958 4958 pretiosi
3021 4888 3363 4940 censentur.
3405 4877 3638 4942 Divitiis

1997 4958 2372 5038 affluentibus
2416 4979 2518 5020 cor
2559 4978 2673 5019 non
2707 4960 2943 5038 apponit
2975 4961 3142 5020 (Psai
3204 4977 3321 5032 LXI,
3357 4960 3447 5030 il)
3483 4977 3496 5021 :
3533 4980 3643 5022 nec

1997 5037 2298 5114 aregibus
2327 5047 2386 5100 et
2447 5037 2815 5118 principibus
2864 5041 3140 5117 cognosci
3198 5039 3338 5100 vult.
3390 5041 3488 5117 qui
3523 5059 3642 5101 non

1998 5119 2312 5200 i_mperant,
2339 5121 2440 5180 sed
2466 5138 2501 5180 a
2527 5119 2902 5181 multitudine
2921 5119 3069 5197 ipsis
3083 5120 3637 5200 pifitiusimperatur.

1997 5197 2171 5260 Tales
2203 5197 2320 5260 non
2351 5201 2518 5262 valde
2550 5209 2613 5261 ut
2643 5216 2885 5278 magnos
2911 5209 2969 5259 et
2996 5197 3282 5260 sublimes
3313 5199 3638 5261 admiratur

1996 5297 2063 5339 ac
2096 5281 2341 5360 suspicit
2373 5298 2386 5342 :
2449 5298 2557 5342 nec
2614 5279 2929 5360 existimat,
2967 5296 3068 5339 eos
3100 5278 3490 5360 familaribus
3519 5280 3643 5341 suis

1997 5357 2282 5437 majorem
2321 5361 2605 5422 honorem
2638 5368 2696 5420 et
2725 5359 2908 5420 decus
2955 5359 3293 5419 conciliare.
3325 5357 3446 5420 Nec
3476 5360 3636 5421 aliud

1995 5439 2316 5520 quidquam
2352 5441 2693 5502 hominibus
2721 5438 3033 5520 illustre‘et
3053 5437 3430 5520 splendidum
3455 5459 3638 5520 expe-

2003 5515 2084 5582 tet
2118 5543 2130 5580 :
2161 5515 2277 5581 nec
2308 5529 2370 5580 ut
2399 5521 2686 5601 quispiam
2737 5518 2810 5580 ab
2868 5515 3181 5596 opibus—ad
3215 5517 3506 5601 inopiam,
3535 5515 3642 5580 aut

1997 5601 2400 5681 aprincipatu
2418 5599 2432 5601 ⁷
2450 5609 2507 5662 et
2536 5599 2791 5681 summa
2852 5606 3164 5681 potestate,
3199 5599 3640 5681 conspicuoque

1994 5678 2278 5762 dignitate
2305 5680 2380 5762 ad
2399 5678 3117 5762 extremamignominiam
3151 5687 3211 5743 et
3246 5678 3640 5762 contemptio-

1993 5777 2130 5822 nem
2155 5759 2386 5822 devolvi
2416 5760 2642 5824 metuit.
