4054 6114
431 300 550 366 659
1753 301 2134 366 SYMEONIS
2172 267 2523 368 JUNIORIS
2579 359 2587 363 .
3703 305 3823 374 660

430 434 492 501 in
525 438 738 501 animis
786 433 1004 500 nostris
1051 434 1227 516 plane
1283 441 1574 511 mortuus,
1634 431 2067 525 tribulationes,

2163 441 2212 496 οἱ
2239 442 2546 520 πειρασμοὶ,
2577 442 2664 497 καὶ
2720 441 2773 497 εἴ
2823 465 2871 498 τι
2931 443 3105 524 ἕτερον
3161 449 3264 503 τῶν
3313 449 3651 524 παθημάτων
3684 455 3820 525 Χρι-

435 529 817 601 tentationes,
835 534 891 586 et
914 525 963 586 si
986 523 1125 606 quid
1147 523 1303 585 aliud
1333 523 1669 614 passionum
1695 520 1910 614 Christi
1939 535 2067 614 est:

2161 539 2300 610 στοῦ,
2346 531 2379 586 ἃ
2436 530 2782 611 ὑποφέροντες
2841 531 2894 587 ἐν
2939 520 3181 611 ὑπομονῇ
3237 520 3471 614 πολλλῇ,
3501 520 3819 614 μιμούμεθα

434 640 566 702 quae
595 619 655 679 in
687 617 870 679 multa
902 613 1183 696 patientia
1201 615 1574 687 sufferentes,
1598 611 1821 672 Christi
1845 613 2067 702 passio-

2161 627 2245 675 τοῦ
2276 627 2500 698 Χριστοῦ
2540 621 2605 675 τὰ
2647 622 2958 696 παθήματα,
3015 621 3291 700 δοξάζομεν
3335 624 3390 680 δὲ
3419 624 3484 681 δι’
3516 627 3696 682 αὑτῶν
3728 628 3821 682 τὸν

432 701 538 772 nes
570 707 888 780 imitamur,
927 712 984 765 et
1014 703 1086 765 iis
1105 703 1503 782 gloriﬁcamus
1527 703 1755 796 Patrem
1787 719 1855 762 ac
1883 701 2067 764 Deum

2161 708 2361 788 Πατέρα
2403 711 2557 784 ἡμῶν
2586 711 2674 766 καὶ
2705 712 2857 785 Θεὸν,
2904 713 2976 777 ὡς
3007 714 3104 770 υἱοὶ
3132 718 3289 773 αὑτοῦ
3318 717 3520 796 χάριτι,
3555 716 3650 771 καὶ
3682 736 3819 793 συγ-

436 806 729 869 nostrum,
756 806 820 858 ut
845 794 1031 874 gratia
1052 793 1154 853 ﬁ!ii
1176 791 1364 873 ipsius
1385 800 1443 853 et
1472 788 1814 851 cohaeredes
1836 789 2067 852 Christi.

2161 796 2481 878 κληρονόμοι
2514 805 2758 878 Χριστοῦ.

515 886 650 951 102.
686 885 920 959 Anima,
955 901 1084 965 qua;
1113 881 1498 972 inclinatione
1545 879 1876 972 aﬁ’ectuque
1906 879 1979 940 ad
1998 899 2067 972 ea

2240 876 2344 966 ρβ’,
2378 876 2612 966 Ψυχὴτὴ
2657 888 2733 963 μὴ
2763 885 2973 953 τελείως
3024 895 3122 957 τῆς
3178 890 3418 970 σχέσεως
3446 894 3532 950 καὶ
3563 915 3818 972 προσκα-

437 996 568 1059 quae
599 975 867 1056 subjecta
897 979 1034 1034 sunt
1062 970 1250 1033 oculis
1301 969 1566 1059 nondum
1617 987 1680 1059 se
1712 968 1968 1048 perfecte
1997 969 2067 1030 li-

2161 975 2296 1038 θείσς
2366 981 2470 1030 τῶν
2540 974 2821 1053 ὁρωμένων
2891 968 3253 1048 εὖαισθήτωςη
3282 968 3691 1057 ἀπαλλαγεῖσα,
3755 982 3820 1036 τὰ

432 1056 695 1129 beratam
722 1064 922 1137 sentit,
965 1059 1370 1139 contingentia
1393 1058 1511 1150 sibi
1544 1056 1816 1150 molesta,
1851 1066 2067 1150 etper.

2161 1061 2598 1140 ἐπισυμϐαίνοντα
2653 1064 2787 1142 αὑτῇ
2841 1064 3072 1146 λυπηρὰ,
3135 1069 3223 1123 καὶ
3279 1068 3372 1132 τὰς
3432 1056 3818 1150 ἐπερχομένας

429 1154 769 1219 secutiones
799 1152 1008 1215 allatas
1062 1169 1096 1213 a
1153 1148 1547 1229 daemonibus,
1603 1154 1660 1207 et
1706 1146 2067 1237 hominibus,

2162 1157 2293 1230 αὑτῇ
2361 1151 2610 1231 ἐπηρείας
2653 1155 2794 1233 παρὰ
2838 1152 3100 1229 δαιμόνων
3153 1159 3242 1212 καὶ
3299 1146 3610 1237 ἀνθρώπων,
3681 1159 3820 1215 ἀλύ-

429 1246 654 1328 absque
701 1242 1106 1306 mmstitudine
1165 1241 1418 1302 tolerare
1462 1240 1706 1319 nequit;
1762 1236 1870 1298 sed
1925 1239 2067 1302 affe-

2161 1265 2273 1306 πως
2303 1241 2476 1323 φέρειν
2527 1246 2586 1300 οὒ
2627 1240 2860 1317 δύναται,
2897 1241 3015 1299 ἀλλ’
3058 1246 3212 1300 οἱονεὶ
3255 1236 3525 1321 συνδέσμῳ
3552 1245 3822 1324 δεδεμένη

427 1335 610 1399 ctioni
638 1352 782 1416 erga
813 1351 909 1394 res
939 1333 1226 1393 humanas
1274 1328 1540 1403 astricta,
1575 1337 1634 1390 et
1663 1329 1899 1408 alligata
1929 1347 2067 1409 quo-

2161 1339 2226 1409 τῇ
2271 1332 2593 1411 προσπαθείᾳ
2645 1337 2748 1388 τῶν
2800 1332 3140 1412 ἀνγρωπίνων
3191 1336 3537 1413 πραγμάτων,
3595 1338 3824 1413 ζημίαις

424 1425 765 1505 dammodo,
791 1423 1056 1504 pecuniae
1068 1422 1299 1501 jactura
1339 1419 1669 1493 mordetur,
1704 1417 2067 1480 facultatum-

2161 1422 2401 1481 δάκνεται
2437 1423 2754 1503 χρημάτων,
2802 1426 2889 1480 καὶ
2918 1423 3331 1504 ἀποστερήσεσιν
3366 1425 3589 1506 ἔχθεται
3633 1451 3824 1507 πραγ-

426 1535 543 1599 que
565 1513 917 1595 spoliatione
935 1511 1116 1584 dolet,
1139 1517 1195 1571 et
1218 1508 1400 1599 plagis
1423 1508 1658 1589 corpori
1683 1527 1789 1569 suo
1807 1507 2069 1585 inﬂictis,

425 1597 714 1686 majorem
748 1603 808 1664 in
844 1601 1083 1662 modum
1115 1597 1438 1660 cruciatur.

513 1694 645 1759 103.
682 1693 902 1773 Siquis
959 1708 994 1751 a
1047 1687 1448 1770 propensione
1507 1694 1565 1749 et
1592 1685 2074 1768 concupiscentia

2163 1513 2366 1594 μάτων,
2399 1515 2486 1569 καὶ
2539 1511 2780 1591 πληγαῖς
2838 1512 3238 1594 ἐπιφερομέναις
3286 1521 3449 1586 αὐτῆς
3491 1525 3569 1593 τῷ
3599 1519 3822 1594 σώματι

2155 1601 2388 1683 σφοδρῷς
2434 1600 2696 1661 ὀδυνᾶται.
3027 1629 3029 1632 ‘

2235 1681 2340 1770 ργ’.
2375 1692 2442 1750 Εἴ
2495 1714 2574 1754 τις
2634 1691 2874 1771 σχέσεως
2930 1693 3018 1748 καὶ
3072 1691 3344 1769 ἐπιθυμίας
3401 1700 3506 1750 τῶν
3538 1697 3818 1763 αἰσθητῶν

419 1803 622 1848 rerum
654 1754 864 1844 sensus
917 1754 1278 1841 moventium
1337 1776 1593 1838 animam
1641 1754 1806 1839 suam
1837 1775 2067 1838 abstra-

2235 1754 2291 1770 ..
2672 1754 2709 1771 η
2862 1754 2870 1756 -
3222 1754 3232 1769 .
3330 1754 3340 1758 -
3690 1754 3702 1763 .

2161 1780 2411 1860 ἀπέῤῥηξε
2467 1782 2566 1839 τὸν
2620 1782 2803 1860 ψυχὴν
2875 1785 3054 1854 αὑτοῦ,
3131 1783 3219 1838 καὶ
3296 1791 3372 1859 τῷ
3429 1792 3544 1859 Θεῷ
3604 1787 3813 1853 ταύτην

420 1874 598 1948 xerit,
629 1872 867 1952 Deoque
925 1867 1180 1930 univerit
1234 1873 1294 1929 ct
1350 1865 1700 1947 devinxerit,
1737 1885 1853 1926 non
1881 1864 2069 1927 solum

424 1961 707 2045 pecunias
736 1980 804 2022 ac
837 1959 1248 2040 possessiones
1299 1974 1437 2045 suas
1489 1954 1800 2045 despiciet,
1835 1953 2072 2045 illisque

415 2043 676 2132 amissis,
708 2050 865 2111 velut
894 2048 943 2108 si
972 2047 1170 2108 aliena
1199 2053 1258 2106 et
1301 2044 1373 2106 ad
1430 2063 1494 2106 se
1529 2044 1676 2105 nihil
1710 2043 2072 2124 pertinentia

415 2139 736 2214 amisisset,
793 2136 1112 2218 tranquillo
1173 2135 1282 2196 erit
1343 2133 1565 2214 animo,
1624 2150 1835 2195 verum
1894 2132 2071 2194 etiam

412 2229 626 2293 acerba
655 2225 890 2307 corpori
916 2245 1022 2287 suo
1047 2225 1209 2286 illata
1241 2242 1374 2284 cum
1408 2221 1646 2302 gaudio,
1705 2232 1766 2283 et
1796 2240 1912 2302 qua
1961 2221 2068 2283 de-

417 2329 513 2382 cet
541 2317 860 2399 gratiarum
910 2314 1143 2378 actione
1197 2311 1536 2392 sustinebit,
1599 2330 1837 2392 semper
1865 2310 2074 2372 videns

415 2405 774 2470 exteriorem
810 2405 1048 2485 quidem
1082 2401 1386 2464 hominem
1433 2402 1601 2481 juxta
1642 2400 1990 2482 Apostolum
2016 2400 2073 2451 ¹8

411 2495 735 2577 corrumpi,
770 2492 1112 2556 interiorem
1146 2499 1344 2553 autem
1396 2491 1469 2552 de
1529 2489 1624 2551 die
1683 2491 1743 2552 in
1778 2489 1936 2550 diem
1965 2507 2068 2550 re-

413 2585 641 2648 novari.
675 2581 911 2663 Alioqui
942 2580 1353 2643 tribulationes
1383 2578 1710 2641 secundum
1747 2580 1931 2642 Deum
1965 2577 2063 2638 hi-

409 2672 637 2754 lariter,
669 2681 722 2734 et
755 2672 888 2734 laeto
945 2670 1145 2731 animo
1206 2667 1456 2750 perferri
1509 2676 1833 2748 nequeunt.
1869 2665 1931 2728 In
1969 2666 2063 2727 his

408 2764 569 2826 enim
606 2761 870 2843 perfecta
922 2757 1204 2840 cognitio,
1265 2765 1323 2819 et
1388 2757 1673 2838 sapientia
1735 2755 2062 2836 spiritualis

405 2859 718 2915 exercetur
748 2870 762 2911 :
802 2849 1023 2931 quibus
1045 2848 1145 2929 qui
1179 2855 1356 2928 calet,
1391 2846 1452 2906 in
1484 2845 1746 2908 tenebris
1779 2845 2061 2924 ignoran-

409 2941 505 3003 tiae
532 2959 600 3003 ac
649 2938 996 3003 ditﬁdentiae
1050 2945 1334 3018 perpetuo
1395 2935 1640 3008 incedit,
1701 2952 1815 2996 nec
1859 2934 2062 2996 videre

408 3028 708 3112 patientiae
739 3037 799 3091 et
853 3025 1274 3090 consolationis
1319 3026 1522 3088 lumen
1582 3024 1704 3085 ullo
1737 3022 1914 3085 modo
1947 3043 2059 3105 po-

414 3125 634 3269 ιθείθιί.
667 3203 876 3268 Omnis
907 3223 1012 3266 suo
1055 3203 1284 3285 judicio
1341 3203 1601 3285 sapiens,
1640 3210 1698 3265 et
1727 3200 2060 3282 disciplinis

2155 1869 2454 1950 ὠνέδησεν,
2509 1871 2569 1927 οὑ
2611 1871 2768 1945 μόνον
2824 1877 2929 1926 τῶν
2984 1873 3101 1950 περὶ
3155 1871 3309 1928 αὑτὸν
3365 1875 3665 1954 χρημάτων
3726 1877 3817 1933 καὶ

2154 1961 2440 2035 κτημάτων
2500 1961 2911 2040 καταφρονήσει,
2972 1962 3059 2016 καὶ
3116 1962 3189 2024 ὡς
3234 1960 3317 2018 ἐπὶ
3375 1962 3677 2041 ἀλλοτρίοις
3724 1967 3818 2021 καὶ

2154 2047 2318 2115 ξένοις
2375 2048 2750 2127 ὑστερούμενος
2811 2048 3024 2112 ἀλύπως
3103 2047 3336 2128 διατεθῇ,
3414 2051 3549 2108 ἀλλά
3591 2054 3685 2110 καὶ
3747 2055 3815 2108 τα

2153 2138 2505 2220 ἐπιφερόμενα
2566 2145 2642 2213 τῷ
2701 2139 2910 2214 σώματι
2967 2139 3124 2194 αὑτοῦ
3180 2139 3387 2221 ἀνιαρὰ,
3435 2143 3569 2216 μετά
3623 2150 3815 2222 χαρᾶς

2151 2229 2238 2285 καὶ
2294 2233 2392 2295 τῆς
2437 2227 2810 2306 προσηκούσης
2855 2227 3192 2306 εὔχαριστίας
3247 2230 3528 2305 ὑπομενεῖ,
3585 2229 3808 2307 βλέπων

2151 2316 2252 2396 ἀεὶ,
2305 2317 2438 2375 κατά
2494 2318 2583 2372 τὸν
2631 2319 2775 2372 θεῖον
2828 2315 3172 2396 Ἀπόστολον,
3218 2319 3309 2373 τὸν
3358 2321 3453 2393 μὲν
3504 2318 3603 2385 ’ἐξω
3643 2324 3808 2400 φθει-

2151 2406 2369 2483 ρόμενον
2426 2405 2716 2485 ἄνθρωπον,
2767 2406 2857 2462 τὸν
2913 2403 2967 2460 δὲ
3025 2405 3197 2486 ἐντὸς,
3259 2408 3431 2486 ἡμέρᾳ
3486 2411 3573 2465 καὶ
3623 2411 3807 2489 ἡμέρᾳ

2150 2495 2588 2569 ἀνακαινούμενον
2625 2511 2639 2525 ⁸
2701 2492 2876 2558 ἄλλως
2945 2493 2999 2550 δὲ
3057 2499 3151 2554 οὐκ
3193 2495 3265 2552 ἔνι
3324 2499 3416 2560 τὰς
3473 2500 3608 2555 κατά
3665 2502 3802 2555 Θεὸν

2147 2583 2347 2659 θλίψεις
2394 2586 2704 2662 ὑπενεγκεῖν
2735 2584 2868 2660 μετά
2898 2590 3068 2662 χαρᾶς
3105 2599 3119 2614 ’
3184 2587 3431 2662 γνώσεως
3461 2588 3560 2666 γὰρ
3588 2587 3796 2650 τελείας

2147 2672 2200 2730 ἐν
2230 2675 2404 2731 τούτοι
2447 2675 2626 2754 χρεία,
2657 2675 2744 2730 καὶ
2775 2675 2956 2755 σοφίας
2988 2675 3350 2750 πνεύματικῆς
3387 2693 3401 2708 ⁶
3456 2680 3483 2733 ὁ
3512 2675 3566 2732 δὲ
3594 2678 3796 2733 τούτων

2144 2762 2519 2842 ἐστερημένος,
2568 2762 2622 2818 ἐν
2655 2763 2829 2820 σκότει
2881 2760 3216 2826 ἀνελπιστίας
3259 2767 3346 2821 καὶ
3403 2765 3661 2843 ἀγνωσίας
3707 2765 3792 2820 ἀεὶ

2143 2853 2444 2933 πορεύεται,
2477 2853 2554 2927 μὴ
2586 2849 2868 2927 δυνάμενος
2900 2853 2960 2906 τὸ
3003 2857 3113 2929 φῶς
3151 2858 3250 2919 τῆς
3279 2855 3546 2930 ὑπομονῆς
3577 2856 3788 2920 καὶτῆς

2141 2941 2525 3020 παρακλήσεως
2566 2941 2704 3006 ὅλως
2745 2943 3050 3001 θεάσασθαι.

2220 3198 2321 3288 ρδ’.
2395 3215 2504 3273 Πᾶς
2580 3208 2793 3281 δοκήσει
2864 3217 3092 3291 φρονῶν,
3178 3212 3229 3267 ἐν
3279 3214 3647 3288 μαθηματικῆς
3706 3207 3783 3265 ὢν

407 3295 800 3359 interioribus
848 3295 1143 3368 eruditus,
1202 3295 1405 3359 divina
1446 3312 1696 3357 cernere
1725 3300 1784 3355 et
1833 3310 2056 3372 cogno-

2161 3298 2468 3378 ιπιστήμης,
2542 3303 2613 3364 είς
2677 3301 2940 3379 μυστήρια
2984 3308 3115 3359 Θεοῦ
3169 3302 3470 3380 παρακύψαι
3523 3300 3612 3354 καὶ
3652 3295 3784 3354 ἰδεῖν

407 3403 581 3448 scere
607 3385 888 3464 mysteria
911 3383 1125 3464 dignus
1148 3401 1446 3465 nunquam
1475 3383 1607 3456 erit,
1641 3383 1832 3444 donec
1856 3380 2021 3444 humi
2047 3417 2056 3428 -

2161 3389 2235 3444 ιὺκ
2277 3384 2622 3458 ἀξιωθήσεταί
2669 3411 2822 3464 ποτε,
2868 3389 2968 3453 ἕως
3026 3389 3087 3447 ἂν
3144 3393 3532 3457 ταπεινωθῆναι
3581 3391 3782 3463 πρῶτον

409 3473 562 3548 liari,
589 3472 975 3554 etmagniﬁca
996 3472 1433 3535 existimatione
1455 3471 1546 3534 sui
1584 3470 1876 3552 deposita,
1905 3469 2055 3532 stul-

2161 3475 2358 3554 ιελήσῃ,
2408 3477 2494 3533 καὶ
2531 3479 2706 3557 μωρὸς
2763 3478 3006 3556 γένηται,
3077 3480 3168 3535 σὺν
3221 3486 3288 3556 τῇ
3341 3481 3510 3548 οἰήσει
3580 3480 3668 3534 καὶ
3721 3477 3784 3541 ἣν

411 3570 504 3626 tus
533 3562 664 3625 ﬁeri
711 3561 983 3624 voluerit.
1037 3561 1184 3624 Nam
1233 3564 1328 3642 qui
1381 3561 1534 3625 istuc
1562 3560 1720 3636 facit,
1755 3568 1816 3622 et
1843 3558 2058 3621 divinis

2161 3564 2393 3632 ιὲκτηται
2450 3571 2644 3644 γνῶσιν
2719 3565 3026 3629 ἀποϐαλών.
3110 3560 3167 3626 Ὀ
3220 3569 3318 3647 γὰρ
3388 3577 3542 3626 τοῦτο
3595 3571 3779 3639 ποιῶν,

406 3651 468 3714 in
498 3650 677 3714 rebus
704 3651 1004 3732 sapientes
1021 3651 1140 3712 ﬁde
1162 3650 1505 3712 ﬁrmissima
1531 3649 1820 3730 sequitur,
1848 3665 2053 3710 eorum

2161 3653 2227 3711 ιαὶ
2257 3659 2433 3734 σοφῶς
2479 3656 2546 3711 τὰ
2599 3659 2720 3712 θεῖα
2774 3655 2828 3712 ὲν
2883 3654 3179 3732 ἀδιστάκτῳ
3231 3659 3402 3714 πίστει
3461 3653 3780 3733 ἀκολουθῶν,

408 3739 589 3802 ductu
621 3739 797 3801 simul
829 3739 891 3800 in
922 3738 1216 3801 civitatem
1265 3739 1375 3802 Dei
1418 3738 1669 3828 viventis
1698 3735 2051 3828 ingreditur,

2161 3746 2225 3802 ιαὶ
2266 3745 2366 3799 ὑπὸ
2408 3745 2609 3802 τούτων
2657 3747 3176 3828 χειραγωγούμενος,
3222 3747 3613 3827 συνεισέρχεται
3671 3748 3785 3820 μετ’

406 3828 783 3910 docenteque
814 3838 871 3890 et
899 3828 1278 3890 illuminante
1310 3847 1374 3890 se
1400 3827 1597 3890 divino
1630 3825 1874 3909 Spiritu.
1899 3824 2061 3886 videt

2161 3835 2313 3891 ιῦτῶν
2364 3833 2417 3890 ἐν
2472 3833 2624 3890 πόλει
2683 3842 2878 3906 ζῶντος
2937 3843 3090 3908 Θεοῦ,
3171 3838 3256 3892 καὶ
3337 3837 3438 3892 ὑπὸ
3509 3843 3601 3894 τοῦ
3655 3836 3788 3891 θείου

405 3937 473 3980 ac
503 3918 680 3980 discit
712 3937 842 3999 quae
870 3917 1123 3979 aliorum
1182 3916 1492 3980 hominum
1551 3935 1728 3978 nemo
1759 3915 1925 3991 vidit,
1959 3922 2060 3976 aut

2161 3923 2446 3998 Ινεύματος
2497 3921 2856 4001 ὁδηγούμενός
2905 3945 2960 3980 τε
3017 3925 3104 3980 καὶ
3147 3924 3527 4003 φωτιζόμενος,
3574 3926 3670 4002 ὁρᾷ
3699 3924 3786 3978 καὶ

399 4007 605 4069 videre
637 4014 695 4069 et
723 4006 1056 4086 intelligere
1091 4026 1350 4088 unquam
1411 4014 1626 4089 potest,
1686 4012 1744 4066 et
1775 4012 1914 4068 tunc
1942 4009 2060 4063 θεο-

2161 4009 2439 4068 ῖιδάσκεται
2516 4012 2649 4092 ἅπερ
2707 4011 2872 4078 οὐδεὶς
2926 4018 3032 4069 τῶν
3098 4011 3272 4070 ἄλλων
3322 4013 3608 4092 ἀνθρώπων
3657 4009 3812 4068 ἰδεῖν·

403 4094 666 4178 δίδακτος,
700 4113 736 4157 a
763 4095 885 4160 Deo
916 4097 1127 4159 doctus
1159 4096 1246 4159 ﬁt.
2136 4101 2226 4156 καὶ
2255 4103 2445 4176 μαθεῖν
2474 4121 2603 4156 ποτε
2659 4098 2890 4178 δύναται,
2940 4104 3027 4159 καὶ
3084 4109 3374 4169 τηνικαῦτα
3427 4102 3626 4180 γίνεται
3657 4107 3787 4158 Θεοῦ

1222 4213 1234 4226 '
2138 4187 2379 4254 διδάκτός
2391 4238 2406 4254 .

485 4272 625 4337 105.
661 4273 710 4335 Α
732 4272 855 4335 Deo
883 4273 1080 4346 docto,
1134 4273 1314 4354 hujus
1365 4272 1569 4335 mundi
1597 4271 1928 4352 sapientum
1960 4271 2054 4334 di-

2217 4268 2317 4359 ρε’.
2367 4281 2498 4344 Τοὺς
2543 4277 2812 4345 διδακτοὺς
2870 4281 3000 4339 0εοῦ
3057 4284 3104 4339 οἱ
3157 4282 3385 4358 μαθηταὶ
3441 4287 3548 4337 τῶν
3606 4285 3780 4360 σοφῶν

403 4360 622 4442 sciputi
656 4379 762 4442 pro
785 4361 957 4450 fatuis
979 4360 1228 4435 habent,
1253 4381 1384 4450 cum
1429 4362 1512 4444 ipi
1554 4379 1693 4450 vere
1729 4361 1847 4422 sint
1879 4361 2048 4450 fatui,

2161 4377 2226 4426 r06
2314 4371 2502 4434 αἰῶνος
2565 4371 2750 4428 τοότου
2830 4372 3117 4450 ἀνθρώπων
3199 4375 3447 4450 ἡγοῦνται
3519 4370 3726 4449 μωρούς
3762 4385 3776 4399 ⁸

403 4461 650 4513 terrena
681 4459 744 4513 et
771 4448 1080 4531 insipienti
1143 4449 1440 4530 sapientia
1493 4449 1790 4532 ingeniosi
1822 4449 2053 4512 scilicet

2161 4458 2281 4516 εὒτοὶ
2337 4459 2484 4524 ὄντες
2547 4461 2601 4518 ἐν
2660 4459 2878 4532 ἀληθείᾳ
2926 4448 3116 4541 μωροὶ,
3179 4448 3632 4540 ἐκμεμωραμένης
3689 4481 3782 4516 σο-

402 4544 462 4602 et
519 4538 699 4613 acuti,
763 4556 939 4619 quam
989 4539 1224 4600 stultam
1286 4539 1424 4600 fecit
1486 4542 1660 4615 Deus,
1721 4539 2049 4603 secundum

2161 4549 2250 4612 ›ίας
2283 4548 2640 4625 στομωθέντες
2670 4555 2766 4616 τῆς
2809 4551 3050 4629 θύραθεν,
3107 4552 3173 4617 ἣν
3231 4551 3497 4628 ἐμώρανεν
3544 4551 3572 4604 ὁ
3629 4551 3778 4627 Θεὸς,

399 4629 756 4713 Apostolum
779 4630 859 4704 ‘9,
901 4638 959 4692 et
994 4649 1172 4711 quam
1206 4630 1542 4711 theologica
1570 4650 1676 4692 vox
1710 4630 2052 4711 pronuntiat

2161 4637 2267 4693 κατὰ
2293 4639 2383 4693 τὸν
2410 4641 2554 4694 θετον
2605 4636 2950 4711 Ἀπόστολον,
2999 4640 3085 4696 καὶ
3141 4640 3206 4706 ἣν
3262 4641 3297 4707 ἡ
3356 4636 3602 4716 θεολόγος
3631 4639 3780 4717 φωνὴ

402 4728 726 4790 terrenam,
759 4718 1102 4796 animalem,
1137 4718 1508 4793 diabolicam,
1537 4720 1771 4801 plenam
1796 4729 2048 4782 conten-

2161 4725 2358 4806 γίγειον
2415 4724 2867 4806 οἶδε,“ψυχικὴν,
2914 4725 3259 4803 δαιμονιώδη,
3308 4727 3507 4803 μεστὴν
3565 4725 3778 4804 ἐριθείας

398 4808 581 4872 tionis
605 4816 664 4870 et
687 4808 939 4871 invidiae.
966 4808 1036 4871 Hi
1061 4807 1223 4872 enim
1276 4797 1554 4891 quoniam
1589 4819 1751 4871 extra
1785 4809 2047 4872 divinum

2161 4817 2220 4872 λαὶ
2289 4815 2500 4896 φθόνου.
2566 4797 2700 4882 ’Έξω
2757 4818 2857 4896 γὰρ
2925 4816 3070 4881 ὄντες
3129 4821 3175 4874 οἱ
3218 4824 3444 4874 τοιοῦτοι
3499 4826 3592 4875 τοῦ
3644 4818 3780 4872 θείου

398 4897 603 4960 lumen
622 4906 780 4973 sunt,
807 4906 863 4960 et
887 4897 1262 4961 admirabilia
1283 4897 1488 4980 quaain
1515 4898 1643 4979 ipso
1668 4897 1868 4960 videre
1891 4899 2047 4961 haud

2161 4906 2330 4976 ιωτὸς,
2366 4906 2431 4960 τὰ
2461 4904 2515 4961 ἐν
2544 4904 2686 4980 αὑτῴ
2712 4902 2843 4961 ἰδεῖν
2901 4906 2980 4981 μὴ
3035 4904 3308 4983 δυνάμενοι
3364 4907 3626 4981 θαύματα,
3659 4905 3775 4966 τοὺς

394 4996 641 5069 queunt,
676 4987 738 5048 in
769 4987 995 5050 lumine
1049 4996 1378 5062 manentes,
1441 5006 1689 5068 quaeque
1720 4987 1780 5047 in
1814 5006 1884 5049 eo
1913 4995 2050 5049 sunt

2161 4991 2499 5068 ,ὑλιζομένους
2529 4993 2584 5050 ἐν
2617 4995 2693 5070 τῷ
2744 4996 2898 5075 φωτὶ,
2951 4998 3038 5051 καὶ
3088 4996 3154 5051 τά
3195 4994 3249 5050 ἐν
3305 4996 3446 5070 αὑτῷ
3487 4992 3774 5073 βλεποντας

392 5077 772 5159 aspicientes,
807 5088 869 5140 et
917 5079 1070 5142 alios
1125 5081 1431 5151 docentes,
1494 5095 1699 5140 errore
1730 5085 1953 5158 captos,
1988 5087 2047 5141 et

2161 5083 2216 5138 ,αὶ
2245 5080 2604 5156 διδάσκοντας,
2634 5087 2707 5148 ὡς
2738 5083 3172 5158 πεπλανημένους
3199 5083 3494 5162 λογίζονται
3530 5101 3544 5113 ⁸
3578 5081 3779 5139 πεπλα-

392 5167 677 5229 seductos
705 5167 1092 5243 arbitrantur,
1127 5188 1262 5231 cum
1317 5168 1560 5249 ipsimet
1619 5167 1847 5229 seducti
1897 5169 2040 5250 sint,

2161 5171 2346 5246 ημένοι
2377 5171 2522 5238 ὄντες
2567 5173 2731 5250 αὑτοὶ,
2780 5173 2866 5231 καὶ
2894 5170 3138 5252 ἄγευστοι
3195 5181 3298 5232 τῶν
3346 5171 3656 5252 ἀπορρήτων
3688 5181 3776 5230 τοῦ

394 5261 457 5319 et
483 5253 931 5337 inexplicabilia
960 5258 1069 5322 Dei
1099 5258 1254 5321 bona
1285 5247 1401 5320 non
1428 5257 1813 5336 gustaverint.
2026 5247 2035 5250 ⁷

2161 5267 2260 5318 θεοῦ
2302 5261 2536 5340 ἀγαθῶν.
3044 5247 3054 5257 ’

482 5333 828 5410 ιΟθίΕιίειηι
855 5347 1032 5427 hodie
1055 5358 1212 5424 sunt,
1233 5350 1330 5431 qui
1364 5333 1526 5408 omni
1559 5353 1720 5408 motu
1747 5365 1863 5407 non
1882 5354 2046 5408 recto

2207 5340 2340 5429 ρξ’.
2381 5333 2491 5409 υΟκί
2545 5354 2632 5409 καὶ
2691 5360 2778 5410 νῦν
2837 5355 2963 5408 εἰσιν
3020 5353 3266 5433 ἀπαθεῖς,
3327 5354 3412 5408 καὶ
3461 5353 3630 5432 ἅγιοι,
3689 5353 3774 5407 καὶ

389 5443 621 5512 vacent,
655 5433 765 5496 viri
799 5436 1013 5519 sancti,
1033 5445 1091 5500 et
1115 5439 1317 5502 divino
1343 5436 1567 5498 lumine
1600 5434 1782 5516 pleni,
1819 5435 1881 5497 in
1913 5453 2044 5499 me-

2161 5437 2537 5519 πεπληρωμένοι
2595 5443 2687 5499 τοῦ
2741 5443 2878 5498 θείου
2937 5443 3134 5523 φωτὸς,
3210 5441 3652 5524 ἀναστρεφόμενοι
3726 5441 3777 5495 ἐν

473 5592 530 5642 ¹8
559 5590 611 5657 ΙΙ
639 5591 774 5656 Cor.
810 5610 892 5670 Iv,
927 5597 1026 5660 16.
1112 5597 1170 5648 19
1197 5596 1222 5661 Ι
1251 5601 1386 5664 Cor.
1414 5615 1458 5677 l,
1492 5600 1593 5662 20.
