4054 6114
320 304 434 374 661

1666 315 1939 382 ΟΑΡΙΤΑ
1982 319 2343 389 MORALIA.

3583 313 3705 382 662

318 436 472 537 μέσῳ
522 443 713 537 ημῶν,
770 453 1016 503 τοσοῦτον
1066 445 1131 504 τὰ
1191 444 1329 521 μέλη
1415 448 1768 527 νεκρώσαντες
1840 447 1958 507 ἐαυ-

2056 448 2154 512 dio
2186 460 2452 516 nostrum
2510 463 2855 531 versantes;
2909 455 3011 537 qui
3063 454 3211 519 adeo
3270 453 3707 517 mortiﬁcarunt

315 534 428 616 τῶν
485 530 550 586 τὰ
605 531 689 587 ἐπὶ
771 538 870 600 τῆς
941 538 1068 611 γῆς,
1139 535 1199 591 ἐκ
1258 535 1435 603 πάσης
1493 536 1810 616 ἀκαθαρσίας
1881 539 1968 593 καὶ

315 615 720 693 ἐμπαθεστάτης
778 621 1071 698 ἐπιθυμίας,
1133 626 1207 687 ὡς
1264 625 1341 700 μὴ
1397 626 1557 701 μόνον
1622 615 1713 706 ἀέρ’
1771 627 1969 682 ἑαυτῶν

316 728 451 764 ποτε
480 707 796 790 λογίζεσθαι,
830 710 867 779 ἢ
897 713 1115 779 ποιῆσαί
1161 735 1210 769 τι
1271 718 1378 770 τῶν
1432 721 1634 787 κακῶν,
1669 712 1803 770 ἀλλὰ
1835 712 1970 791 μηδέ

310 796 405 877 ὑφ’
458 797 637 876 ἐτέρου
712 800 842 878 πρὸς
903 806 1057 856 τοῦτο
1124 799 1468 878 ἑλκομένους,
1526 802 1806 859 ἀλλοίωσίν
1855 825 1971 859 τινα

311 891 421 953 τῆς
450 888 747 965 προσούσης
807 891 988 953 αῦτοϊς
1050 889 1297 953 ἀπαθείας
1356 893 1662 970 ὑφίστασθαι
1688 909 1706 928 ’
1763 890 1972 948 εἷ’δεσαν

313 975 420 1052 γὰρ
446 974 509 1030 ἂν
537 976 751 1038 τούτους
811 975 963 1054 εἴπερ
1023 975 1213 1041 εἰδότες
1270 978 1405 1046 ἦσαν
1458 981 1525 1037 τὰ
1583 978 1697 1037 καθ’
1745 981 1972 1047 ἑκάστην

311 1061 787 1142 ἀναγινωσκόμενα
873 1068 993 1121 θεῖα
1060 1064 1238 1146 λόγια,
1310 1069 1397 1124 καὶ
1466 1067 1776 1144 ψαλλόμενα
1846 1066 1970 1147 παρ’

309 1153 512 1231 αὐτῶν,
549 1154 596 1208 οἱ
637 1166 756 1216 τοῖς
807 1154 1064 1218 τοιούτοις
1122 1156 1222 1222 τὴν
1283 1154 1583 1236 ἀδιαφορίαν
1616 1156 1968 1236 ἐπιφημίζον-

310 1261 405 1302 τες
470 1241 557 1296 καὶ
612 1237 1008 1302 διαπιστοῦντες
1063 1256 1181 1305 τοῖς
1238 1246 1355 1323 περὶ
1424 1247 1572 1301 θείων
1643 1246 1971 1323 πραγμάτων

308 1324 647 1384 διδάσκουσιν
674 1328 734 1385 ἐν
762 1331 919 1410 σοφίᾳ
946 1337 1038 1385 τοῦ
1086 1331 1411 1407 Πνεύματος.
1474 1334 1533 1390 Εἰ
1589 1334 1687 1412 γὰρ
1731 1332 1782 1389 ἐν
1826 1333 1970 1413 γνώ-

310 1438 398 1472 σει
426 1415 599 1491 τελείᾳ
649 1418 888 1497 ἐγένοντο
943 1424 1043 1487 τῆς
1086 1420 1224 1485 Θείας
1282 1426 1518 1501 Γραφῆς,
1584 1420 1851 1478 ἐπίστευον
1909 1422 1971 1478 ἂν

307 1518 437 1569 τοῖς
479 1507 580 1562 ὑπὸ
629 1513 761 1566 Θεοῦ
808 1505 1087 1575 λαληθεῒσι
1145 1511 1231 1565 καὶ
1287 1508 1600 1588 δωρηθετσιν
1645 1512 1779 1584 ἡμῖν
1830 1510 1971 1588 ἀγα-

306 1596 430 1659 θοῖς
467 1613 482 1628 ⁶
514 1593 625 1651 ἐπεὶ
655 1593 709 1650 δὲ
739 1595 1002 1676 ἀμέτοχοι
1054 1602 1157 1652 τῶν
1214 1598 1490 1671 τοιούτων,
1548 1597 1600 1663 ἐξ
1631 1600 1855 1668 οἰήσεως
1885 1600 1972 1655 καὶ

306 1681 563 1756 ἀμελείας
620 1685 717 1741 εἰσὶ
776 1683 976 1761 καλῶν,
1037 1687 1123 1742 καὶ
1192 1688 1312 1749 τοὺς
1384 1687 1813 1767 μετεσχηκότας,
1884 1688 1970 1743 καὶ

306 1774 432 1851 περὶ
473 1773 579 1829 τῶν
620 1774 869 1831 τοιούτων
913 1770 1274 1851 διδάσκοντας,
1320 1774 1661 1840 ἀπιστοῦντες
1691 1774 1968 1837 ἐνδιαϐάλ-

306 1859 518 1920 λουσιν.

465 1940 478 1961 ⁸
546 1958 557 1967 Δ
604 1951 618 1967 \
720 1957 745 1967 η.
925 1951 936 1967 ι
1233 1948 1352 1967 51“
1554 1952 1690 1967 ‘A\l
1907 1953 1918 1967 ι

395 1948 496 2031 ρξ’.
533 1951 632 2007 Διά
657 1957 810 2007 τοῦτο
866 1951 1027 2027 μόνον
1087 1948 1441 2029 παραϐάλλειν
1484 1955 1573 2009 καὶ
1601 1952 1811 2030 βλέπειν
1842 1953 1963 2016 τοὺς

306 2038 369 2095 ἓν
436 2046 513 2115 τῷ
581 2039 767 2115 κόσμῳ
836 2038 1070 2096 θέλουσιν
1155 2043 1201 2097 οἱ
1257 2042 1477 2121 χάριτος
1554 2042 1962 2123 πεπληρωμένοι

309 2137 466 2204 Θεοῦ,
540 2130 628 2185 καὶ
697 2126 1090 2203 τετέλειωμένοι
1159 2136 1228 2207 τῇ
1277 2132 1469 2207 γνώσει
1539 2133 1626 2187 καὶ
1683 2133 1839 2212 σοφίᾳ
1894 2137 1962 2207 τῇ

308 2216 534 2296 ἄνωθεν,
591 2215 685 2273 ’ίνα
744 2217 927 2292 μισθόν
982 2238 1098 2274 τινα
1152 2216 1540 2297 προξενήσωσιν
1600 2219 1804 2294 αὐτοῖς,
1880 2218 1964 2274 διὰ

307 2307 663 2382 ὑπομνήσεως
697 2312 799 2362 τῶν
850 2304 1076 2362 ἐντολῶν
1132 2314 1225 2365 τοῦ
1271 2315 1425 2388 Θεοῦ,
1480 2310 1567 2364 καὶ
1618 2306 1685 2364 δι’
1715 2308 1962 2388 ἀγαθοερ-

306 2397 454 2476 γίας,
489 2399 532 2453 εἰ
560 2395 660 2476 ἄρα
700 2418 762 2475 γε
820 2396 1150 2472 ἀκούσουσιν,
1205 2401 1249 2453 εἰ
1304 2396 1403 2477 ἄρα
1461 2421 1521 2477 γε
1568 2401 1848 2469 συνήσουσι
1877 2401 1963 2455 καὶ

307 2486 710 2564 πεισθήσονται,
773 2482 955 2551 ἐπειδὴ
1011 2488 1059 2540 οἱ
1116 2485 1193 2559 μὴ
1250 2492 1327 2560 τῷ
1382 2496 1473 2545 τοῦ
1529 2494 1659 2543 Θεοῦ
1711 2488 1962 2567 ἀγόμενοι

310 2574 599 2651 Πνεύματι,
647 2573 700 2630 ἐν
862 2575 1045 2647 σκοτίᾳ
1086 2584 1453 2655 περιπατοῦσι,
1511 2578 1599 2632 καὶ
1650 2580 1745 2635 οῦκ
1808 2574 1963 2633 οἴδα-

308 2685 397 2719 σιν
454 2663 568 2719 οὔτε
612 2669 712 2718 ποῦ
765 2662 1078 2740 ὑπάγουσιν,
1138 2660 1254 2719 οὔτε
1308 2663 1361 2719 ἐν
1422 2663 1523 2719 τίσι
1575 2665 1960 2744 προκόπτουσιν

308 2748 580 2813 ἐντολαῖς.
615 2750 773 2829 Τάχα
826 2750 925 2828 γὰρ
983 2772 1111 2806 ποτε
1170 2750 1593 2831 ἀνασφήλαντες,
1628 2751 1688 2807 ἐκ
1712 2757 1813 2820 τῆς
1856 2774 1961 2808 πε-

311 2841 596 2920 ριεχούσης
651 2840 836 2903 αὖτοὺς
895 2841 1141 2914 οἰήσεως,
1207 2839 1438 2907 δέξονται
1497 2844 1594 2910 τὴν
1663 2850 1756 2899 τοῦ
1812 2844 1962 2921 ἁγίου

309 2930 617 3005 Πνεύματος
662 2927 836 2995 ἀληθῆ
892 2926 1246 3004 διδασκαλίαν,
1292 2931 1380 2987 καὶ
1436 2932 1496 2986 τὸ
1549 2941 1641 2991 τοῦ
1684 2939 1815 2990 Θεοῦ
1868 2932 1959 2988 θέ-

2052 541 2321 603 membra
2351 562 2479 620 sua,
2505 564 2637 625 qua:
2658 554 2794 607 sunt
2823 564 3005 626 super
3037 555 3255 608 terram
3298 544 3379 617 2ο,
3430 541 3502 604 ab
3533 539 3697 602 omni

2050 627 2429 693 immunditia
2460 645 2517 694 et
2546 634 2779 696 furente
2821 634 3324 715 concupiscentia,
3360 641 3422 694 ut
3451 650 3568 692 non
3594 648 3697 691 so-

2053 718 2171 781 lum
2196 739 2302 802 per
2321 740 2452 783 sese
2478 724 2619 784 mali
2640 724 2940 805 quippiam
2970 743 3087 785 non
3109 722 3391 802 cogitent,
3418 739 3531 782 nec
3549 717 3698 779 adid

2053 811 2525 872 committentum
2559 812 2913 874 incitenlur:
2973 812 3073 874 sed
3137 829 3329 893 neque
3360 809 3431 872 ab
3464 808 3598 872 aliis
3626 806 3699 868 ad

2054 899 2165 961 hoc
2188 899 2506 978 sollicitati,
2541 901 2803 982 quietum
2830 901 3012 963 animi
3035 902 3125 963 sui
3147 910 3360 963 statum
3402 898 3596 979 aliqua
3626 914 3700 959 ex

2056 998 2221 1067 parte
2251 998 2478 1051 mutare
2510 999 2821 1071 noverunt,
2882 991 3116 1072 quando
3173 988 3459 1053 memoria
3495 992 3698 1049 tenent

2054 1096 2184 1156 qua;
2215 1079 2475 1158 quotidie
2506 1079 2708 1158 legunt
2762 1089 2819 1142 et
2876 1080 3131 1160 psallunt
3184 1079 3388 1141 divina
3434 1076 3691 1139 oracula.

2052 1165 2157 1227 His
2187 1168 2272 1228 illi
2304 1168 2378 1229 de
2409 1168 2624 1230 divinis
2652 1169 2831 1232 rebus
2882 1170 2944 1231 in
2994 1169 3282 1250 sapientia
3313 1167 3554 1249 spiritus
3584 1166 3695 1228 do-

2054 1256 2347 1335 centibus,
2369 1265 2432 1318 ut
2451 1258 2665 1335 stultis,
2691 1258 2868 1321 ﬁdem
2894 1279 3010 1321 non
3040 1258 3276 1321 habent.
3301 1257 3446 1319 Nam
3471 1256 3521 1317 si
3555 1274 3695 1336 per-

2055 1347 2205 1407 fecte
2238 1346 2464 1407 divinas
2482 1346 2813 1428 Scripturas
2856 1358 3118 1421 nossent,
3146 1348 3462 1411 crederent
3495 1345 3695 1408 verbis

2055 1434 2187 1511 Dei,
2211 1443 2268 1497 et
2293 1434 2466 1498 bonis
2483 1455 2613 1517 qum
2644 1437 2693 1497 is
2723 1437 2983 1499 humano
3014 1439 3217 1518 generi
3249 1435 3512 1498 donavit.
3547 1433 3697 1507 Quia

2053 1542 2192 1585 vero
2244 1525 2657 1605 hujuscemodi
2702 1524 2994 1588 bonorum
3055 1526 3128 1589 ob
3177 1523 3579 1602 arrogantiam
3634 1529 3697 1586 et

2054 1613 2386 1675 socordiam
2449 1614 2769 1695 participes
2823 1634 2941 1677 non
2998 1624 3157 1696 sunt,
3217 1614 3395 1677 etiam
3452 1612 3694 1694 hosqui

1990 1738 2035 1798 Β
2056 1703 2370 1803 participes
2402 1711 2562 1781 sunt,
2595 1711 2654 1766 et
2680 1721 2783 1766 eos
2841 1703 3079 1782 docent,
3137 1703 3431 1768 increduli
3461 1702 3688 1765 calum-

2054 1799 2316 1855 niantur.

2135 1973 2267 2035 107.
2301 1969 2422 2033 Hac
2455 1971 2577 2033 sola
2607 1972 2681 2034 de
2710 1990 2908 2048 causa,
2958 1971 3059 2053 qui
3101 1971 3284 2051 gratia
3308 1970 3416 2034 Dei
3447 1969 3689 2050 replet.,

2047 2059 2502 2141 cognitioneque
2531 2079 2599 2122 ac
2630 2062 2919 2143 sapientia
2940 2079 3198 2141 superna
3227 2058 3503 2121 instructi
3546 2058 3687 2134 sint,

2046 2152 2137 2212 his
2169 2151 2271 2228 qui
2301 2149 2361 2210 in
2394 2150 2615 2211 mundo
2648 2159 2783 2212 sunt
2832 2171 2895 2213 se
2954 2150 3239 2229 objicere,
3276 2157 3334 2211 et
3363 2166 3464 2209 eos
3489 2148 3691 2209 videre

2044 2240 2268 2313 volunt,
2301 2248 2371 2301 ut
2402 2238 2519 2299 illis
2546 2240 2885 2303 mercedem
2933 2240 3189 2321 aliquam
3219 2257 3324 2319 per
3353 2236 3687 2317 suggestio-

2046 2348 2182 2391 nem
2208 2330 2509 2391 charitatis
2533 2329 2660 2405 Dei,
2690 2336 2745 2390 et
2762 2329 3052 2390 stud'rosas
3072 2326 3334 2389 actiones
3346 2325 3685 2403 concilient,

2047 2418 2096 2479 si
2130 2418 2304 2479 modo
2336 2420 2596 2494 audiant,
2622 2418 2671 2479 si
2694 2418 2870 2478 modo
2905 2417 3233 2496 intelligant
3260 2425 3315 2479 et
3349 2415 3636 2477 desistant
3664 2435 3678 2476 :

2046 2508 2522 2589 quandoquidem
2547 2507 2649 2589 qui
2681 2506 2892 2586 spiritu
2916 2505 3023 2568 Dei
3055 2526 3172 2567 non
3193 2514 3471 2585 aguntur,
3506 2504 3568 2565 in
3590 2512 3682 2566 te-

2048 2595 2248 2658 nebris
2277 2596 2606 2670 ambulant,
2642 2603 2700 2657 et
2729 2594 3004 2656 nesciunt
3053 2613 3249 2676 neque
3297 2613 3411 2675 quo
3445 2593 3679 2667 vadant,

2048 2704 2240 2765 neque
2267 2684 2371 2746 ubi
2420 2684 2749 2747 offendant.
2809 2683 3104 2746 Fortassis
3162 2685 3321 2743 enim
3367 2680 3682 2761 aliquando

2046 2774 2342 2854 erigentes
2371 2792 2435 2835 se
2465 2792 2533 2834 ex
2566 2772 2896 2851 arrogantia
2925 2791 3041 2852 qua
3089 2769 3359 2851 oppressi
3387 2777 3543 2849 sunt,
3576 2788 3679 2831 ve-

2043 2883 2167 2925 ram
2188 2864 2373 2925 sancti
2395 2861 2656 2943 Spiritus
2675 2860 3001 2922 doctrinam
3026 2859 3518 2941 complectentur,
3552 2857 3686 2920 Dei-

2044 2972 2158 3033 que
2185 2953 2541 3016 voluntatem
2589 2949 2719 3011 sine
2775 2948 2907 3010 fuco
2966 2968 3035 3010 ac
3087 2949 3321 3009 sincere
3349 2947 3680 3022 audientes,

307 3015 460 3093 λημα
515 3018 828 3090 ἀνοθεύτως,
888 3019 973 3074 καὶ
1029 3018 1436 3093 ἀκαπηλεύτως,
1492 3020 1808 3084 ἀκούσαντες
1857 3042 1958 3097 με-

459 3108 472 3128 ,
778 3109 793 3128 κ
972 3108 984 3128 ρ
1280 3109 1293 3128 ,
1342 3111 1355 3128 -.
1569 3108 1589 3128 ς
1618 3107 1670 3128 ,ρ
1757 3111 1768 3128 ι

2050 3015 2451 3122 paenitentiam
2482 3047 2677 3121 agent,
2725 3046 2901 3128 atque
2956 3039 3035 3099 ita
3076 3037 3325 3128 aliquod
3375 3015 3683 3128 Spirituale

304 3108 651 3181 τανοήσουσι,
709 3109 797 3163 καὶ
858 3108 1174 3177 ποιήσαντες
1241 3109 1366 3165 αὖτὸ
1433 3107 1768 3184 μεταλάϐωσί
1823 3132 1958 3172 τινος

2050 3107 2341 3193 ὲὴιιιιίδπια
2368 3107 2685 3210 accipient.
2744 3107 2910 3200 Quod
2968 3128 3017 3187 si
3074 3107 3225 3187 hanc
3258 3125 3346 3187 eis
3374 3107 3682 3187 utilitatem

303 3197 641 3276 χαρίσματος
705 3206 1083 3269 πνευματικοῦ.
1136 3198 1204 3253 Ἐἰ
1256 3195 1312 3252 δὲ
1371 3204 1448 3273 μὴ
1502 3199 1755 3265 τοιαύτης
1813 3200 1958 3279 ὠφε-

304 3283 387 3307 ἼκΙ
552 3306 559 3307 ,
610 3283 688 3307 !,A
806 3282 829 3307 ο
930 3289 994 3307 Λν
1026 3300 1051 3307 ν.
1199 3286 1212 3305 ν
1288 3300 1314 3307 ..
1484 3284 1521 3307 1)*
1712 3291 1737 3307 Λ
1874 3294 1898 3304 -ρ

2050 3238 2247 3301 parare
2278 3239 2396 3281 non
2431 3195 2728 3300 pollerunt,
2763 3217 3039 3297 lacrymis
3097 3215 3296 3277 cordis
3325 3233 3529 3276 eorum
3562 3233 3680 3275 cae-

304 3283 451 3349 λείας
507 3283 745 3362 γενέσθαι
802 3282 1089 3351 δυνηθῶσιν
1159 3286 1342 3351 αὐτοῖς
1394 3284 1658 3367 πρόξενοι,
1712 3291 1958 3367 θρηνοῦν-

491 3374 506 3392 ‘
670 3374 682 3393 Ι
943 3378 969 3389 η’
1188 3372 1226 3395 δν
1386 3375 1399 3395 Ἰ
1453 3382 1479 3391 ~
1604 3378 1617 3395 (
1811 3377 1820 3392 Ι

2050 3282 2279 3372 ἶιίιείθιη
2309 3282 2760 3390 prosequentes,
2792 3306 2854 3367 in
2889 3282 3047 3367 “suos
3075 3304 3245 3367 nidos
3276 3311 3677 3384 revertentur,

300 3395 393 3437 τες
452 3374 551 3440 τὴν
606 3374 854 3452 πώρωσιν
909 3378 1007 3440 τῆς
1079 3372 1291 3454 καρδίας
1348 3375 1540 3445 αὐτῶν,
1600 3377 1955 3456 ὑποστρέφου-

460 3463 474 3478 .
589 3462 601 3478 κ
740 3459 807 3478 ιν.
954 3461 967 3478 .
1021 3467 1046 3477 -
1309 3464 1321 3478 ς
1479 3466 1492 3478 ι
1556 3466 1569 3478 .
1642 3463 1652 3477 .
1818 3463 1831 3478 .
1906 3464 1916 3478 .

2050 3408 2245 3462 noctes
2274 3372 2332 3460 ei
2360 3372 2649 3478 dies‘pro
2709 3414 2913 3457 eorum
2972 3395 3162 3456 salute
3210 3401 3341 3455 vota
3366 3372 3677 3453 facientes:

301 3484 386 3517 σιν
434 3463 508 3525 εἷς
551 3462 644 3526 τὰς
691 3459 885 3524 κέλλας
914 3461 1108 3542 αὐτῶν,
1180 3464 1364 3527 νυκτὸς
1408 3466 1497 3520 καὶ
1548 3463 1751 3542 ἡμέρας
1787 3463 1954 3544 εὐχό-

300 3574 451 3610 μενοι
480 3553 610 3632 ὑπὲρ
635 3557 736 3620 τῆς
766 3555 1026 3632 σωτηρίας
1071 3552 1260 3612 αὐτῶν.
1299 3545 1456 3634 ’Υπὲρ
1484 3556 1583 3635 γὰρ
1613 3553 1775 3611 ἄλλου
1813 3556 1953 3620 τινὸς

300 3640 551 3700 οὐδέποτε
580 3640 973 3711 λυπηθήσονται
1007 3645 1054 3698 οἱ
1094 3649 1171 3716 τῷ
1201 3646 1319 3717 Θεῷ
1346 3642 1690 3709 ἀδιαλείπτως
1711 3644 1951 3708 συνόντες

301 3735 391 3789 καὶ
435 3730 961 3811 ὑπερεμπιπλάμενοι
985 3732 1181 3795 παντὸς
1209 3730 1425 3809 ἀγαθοῦ.

380 3810 492 3901 ρη’.
544 3810 644 3884 Τίς
703 3822 732 3875 ὁ
789 3820 987 3881 σκοπὸς
1042 3824 1139 3887 τῆς
1199 3818 1451 3899 ἐνσάρκου
1506 3823 1804 3898 οἰκονομίας
1856 3829 1948 3879 τοῦ

304 3918 437 3970 Θεοῦ
467 3911 663 3989 Λόγου,
723 3910 752 3965 ὸ
803 3908 857 3965 ὲν
915 3908 1061 3984 πάσῃ
1115 3915 1184 3986 τῇ
1240 3910 1350 3982 θείᾳ
1378 3916 1560 3990 Γραφῇ
1589 3911 1950 3989 ἀνακηρυττό-

304 4021 492 4093 μενος,
562 4000 651 4093 καὶ
719 3996 1054 4093 «@151va
1120 3998 1215 4093 μὲν
1285 3998 1799 4093 ἀναγινωσκόμενος,
1872 4001 1949 4075 μὴ

296 4088 782 4167 ἒπιγινωσκόμενος
814 4084 868 4142 δέ
898 4105 913 4165 ;
973 4084 1035 4143 Ἠ
1087 4086 1298 4150 πάντως
1342 4085 1433 4142 ἵνα
1466 4089 1819 4167 μετεσχηκὼς
1844 4089 1949 4145 τῶν

2038 3487 2345 3570 Nunquam
2373 3488 2532 3549 enim
2564 3485 2808 3548 alterius
2855 3484 2942 3545 rei
3002 3503 3177 3546 causa
3210 3482 3538 3570 molestiam
3572 3499 3676 3570 ca-

2036 3568 2218 3658 pient,
2238 3579 2339 3657 qui
2361 3596 2495 3640 cum
2516 3575 2638 3638 Deo
2660 3583 2796 3637 sunt
2816 3572 3063 3656 assidui,
3089 3580 3148 3634 rt
3192 3569 3467 3633 omnibus
3498 3568 3673 3632 bonis

2032 3668 2388 3732 redundant.

2116 3845 2254 3909 108.
2289 3843 2572 3917 Quisnam
2623 3842 2969 3905 oeconomia:
3023 3840 3209 3903 Verbi
3263 3838 3372 3902 Dei
3404 3839 3462 3901 in
3494 3854 3671 3899 carne

2033 3951 2249 4014 scopus
2267 3942 2375 4007 est,
2398 3933 2497 4014 qui
2516 3933 2573 3993 in
2598 3932 2759 3992 omni
2781 3931 2980 3993 divina
3018 3930 3323 4009 Scriptura
3354 3928 3671 4001 revelatur,

2034 4033 2091 4084 et
2117 4041 2149 4082 a
2173 4021 2346 4082 nobis
2371 4020 2598 4100 legitur,
2625 4039 2734 4081 nec
2762 4018 3115 4097 intelligitur
3135 4018 3166 4078 ‘I
3191 4019 3279 4079 An
3314 4015 3410 4077 hic
3441 4014 3666 4095 utique,

2033 4119 2362 4172 utconsors
2382 4111 2597 4171 factum
2623 4115 2979 4182 nostrorum,
3005 4126 3135 4188 quae
3170 4105 3294 4167 illic
3333 4117 3495 4179 sunt,
3529 4122 3671 4164 suo-

295 4178 590 4257 ἡμετῲων,
636 4176 918 4233 κοινωνοῦ)
977 4181 1082 4231 τῶν
1139 4173 1338 4231 ἐκείνου
1396 4178 1598 4253 ποιήσῃ
1664 4180 1807 4253 ἡμᾶς
1842 4197 1857 4213 ⁶
1918 4181 1946 4235 ὁ

338 4266 350 4281 ‘
453 4267 532 4286 αεὶ
690 4271 712 4281 υ
790 4271 845 4286 Λν
891 4274 913 4284 ν
1011 4263 1033 4286 θ
1061 4264 1075 4282 λ
1226 4270 1247 4280 θ
1400 4267 1436 4286 «κ
1594 4274 1616 4285 υ
1684 4267 1697 4286 Ί
1739 4270 1763 4286 Λ
1821 4268 1832 4286 1

2050 4216 2161 4259 'um
2194 4207 2500 4259 consortes
2529 4198 2749 4259 faceret
2779 4214 2793 4258 :
2830 4205 2886 4256 et
2914 4173 3068 4277 quo‘d
3102 4196 3228 4275 ipse
3260 4213 3365 4275 per
3397 4201 3667 4255 naturam

295 4267 397 4345 γὰρ
453 4267 574 4329 Υἱὸς
625 4271 718 4322 τοῦ
788 4271 918 4323 Θεοῦ
1005 4267 1089 4320 διὰ
1159 4270 1314 4321 τοῦτο
1369 4267 1478 4329 υἱὸς
1529 4274 1621 4325 τοῦ
1675 4267 1944 4341 ἀνθρώπου

297 4352 314 4371 ,
370 4353 381 4371 ,
614 4353 639 4371 η
813 4356 872 4371 ..
1003 4361 1033 4371 Α
1102 4363 1123 4371 -
1306 4355 1318 4371 ,
1527 4357 1540 4371 .
1650 4355 1663 4371 .
1705 4360 1728 4371 -
1786 4357 1797 4371 .

2050 4295 2136 4367 est,
2173 4287 2243 4348 ad
2266 4286 2414 4348 illud
2449 4305 2636 4366 genus
2666 4267 3066 4365 nostrum'per
3094 4267 3339 4363 gratiam
3364 4282 3665 4371 eveheret,

295 4352 531 4434 ἐγένετο,
614 4353 707 4410 ’ίνα
781 4356 918 4416 υἱοὺς
999 4361 1129 4412 Θεοῦ
1191 4355 1395 4430 ποιήσῃ
1463 4357 1583 4420 τοὺς
1640 4355 1937 4435 ἀνθρώπους

302 4445 316 4466 τ
380 4449 435 4466 νγ
473 4461 487 4466 -
546 4441 664 4466 (νε-ξ
723 4441 825 4466 2_-\
879 4444 990 4466 -,,_!,
1096 4442 1176 4466 '_,,
1258 4442 1271 4466 2
1323 4456 1370 4466 κ..
1552 4445 1564 4466 9
1624 4446 1635 4466 Ι
1913 4447 1924 4460 ‘

2050 4352 2227 4437 lenuo
2279 4395 2386 4437 nos
2416 4352 2721 4456 idSpiritu
2751 4352 3296 4453 sancto'generans,
3331 4380 3389 4434 et
3418 4372 3576 4432 illico
3607 4369 3668 4430 in

293 4445 438 4519 ἡμᾶς
472 4461 487 4476 ⁶
545 4441 674 4521 ὅπερ
720 4441 828 4498 ἐστὶ
861 4444 993 4499 κατὰ
1048 4442 1196 4521 φύσιν
1253 4442 1482 4517 ἐκεῖνος,
1542 4445 1751 4524 ἀνάγων
1806 4447 1939 4501 κατὰ

354 4533 366 4552 Ι
516 4534 532 4552 \
621 4531 630 4549 '
758 4532 771 4552 ε
839 4537 864 4547 ~
1094 4536 1120 4546 ~
1195 4533 1207 4552 τ
1271 4538 1297 4548 ἰ·
1368 4530 1394 4551 ,Ι
1475 4536 1499 4552 Λ
1599 4533 1613 4552 9
1680 4540 1724 4552 τ’.
1797 4535 1809 4552 Ι

2050 4483 2276 4543 'egnum
2312 4441 2597 4527 cceloruin
2628 4464 2943 4537 inducens,
2978 4441 3067 4525 vel
3099 4463 3290 4545 potius
3319 4463 3433 4524 hoc
3461 4461 3522 4521 in
3553 4480 3666 4522 no-

294 4533 452 4612 χάριν
482 4534 543 4588 τὸ
572 4532 724 4610 γένος
749 4532 927 4606 ἡμῶν,
962 4536 1158 4609 γεννῶν
1188 4533 1330 4607 ἡμᾶς
1363 4532 1559 4590 ἄνωθεν
1596 4533 1650 4589 ἐν
1680 4535 1941 4610 Πνεύματι

305 4623 318 4639 ,
374 4623 385 4642 ,
556 4622 570 4642 ,
632 4620 698 4642 ην
826 4622 840 4642 ,
896 4620 908 4637 ,
1094 4622 1105 4641 ε
1175 4626 1196 4636 -
1314 4623 1328 4642 ,
1456 4623 1468 4637 ι
1543 4624 1571 4642 η
1667 4621 1687 4642 ς
1734 4624 1746 4642 ,
1877 4629 1902 4639 -

2050 4532 2117 4614 iis
2150 4553 2369 4615 habere
2400 4555 2663 4616 donans:
2714 4561 2778 4614 ut
2809 4573 2924 4613 non
2956 4532 3150 4616 adhdc
3181 4570 3491 4636 speremus
3520 4550 3667 4612 illud

294 4623 453 4702 ἀφίῳ,
485 4622 574 4678 καὶ
601 4621 743 4685 εὐθὺς
799 4621 1025 4697 εἰσάγων
1084 4622 1228 4695 ἡμᾶς
1287 4623 1360 4685 εἷς
1416 4623 1514 4690 τὴν
1542 4621 1808 4700 βασιλείαν
1836 4629 1941 4679 τῶν

302 4714 343 4733 αἱ
412 4732 417 4733 ,
462 4716 485 4724 θ
559 4729 573 4733 -
691 4707 823 4733 E'“_,
878 4706 924 4733 ἓξ
992 4710 1005 4733 ε
1192 4707 1210 4733 1
1252 4710 1337 4733 μὶ-
1400 4710 1445 4733 7‘
1588 4717 1614 4726 α’
1747 4713 1760 4733 ν
1876 4718 1901 4727 υ

2050 4644 2292 4733 ngredi:
2350 4643 2452 4706 sed
2468 4642 2673 4733 jamid
2694 4642 2885 4733 ipsum
2920 4621 3291 4724 possidentes
3316 4643 3662 4733 clamamus,

294 4714 524 4790 οὐρανῶν
557 4729 574 4745 ο
641 4707 845 4785 μᾶλλον
874 4707 928 4764 δὲ
983 4710 1135 4783 ἡμῶν
1190 4707 1338 4771 ἐντὸς
1394 4710 1491 4777 τὴν
1547 4717 1653 4767 τῶν
1709 4713 1940 4790 οῦρανῶν

2050 4707 2303 4793 εῇοδινει
2332 4707 2527 4794 autem
2559 4731 2674 4794 vita
2703 4707 3050 4794 abscondita
3106 4741 3192 4795 est
3250 4752 3383 4794 cum
3431 4707 3664 4793 Christo

292 4797 559 4875 βασιλέίαν
614 4797 761 4879 ἔχειν
806 4798 942 4873 ἡμῖν
1000 4796 1375 4876 χαριζόμενος,
1419 4801 1491 4862 ὡς
1551 4800 1627 4873 μὴ
1658 4800 1710 4856 ἐν
1739 4798 1940 4856 ἐλπίσιν

293 4888 436 4944 εἶναι
465 4894 557 4943 τοῦ
586 4885 839 4943 εἰσελθεῖν
863 4887 1007 4969 ἡμᾶς
1057 4884 1111 4939 ἐν
1162 4888 1323 4962 αὐτῇ,
1384 4885 1502 4943 ἀλλ’
1535 4888 1588 4944 ἐν
1619 4888 1940 4969 κατασχέσει

290 4976 488 5043 ταύτης
516 4976 671 5039 ὄντας
702 4976 829 5052 βοᾷν
855 4990 869 5005 ’
908 4968 1089 5048 Ἠμῶν
1138 4970 1194 5028 δὲ
1221 4975 1256 5041 ἡ
1288 4976 1401 5045 ζωὴ
1430 4975 1715 5057 κέκρυπται
1745 4968 1836 5033 σὺν
1864 4984 1941 5052 τῷ

293 5071 503 5143 Χριστῷ
546 5064 600 5120 ἐν
629 5071 706 5139 τῷ
736 5070 872 5138 Θεῷ.

371 5142 471 5233 ρθ’.
519 5155 591 5211 Τὸ
649 5150 978 5217 αὒτεξούσιον
1031 5154 1119 5209 καὶ
1180 5153 1610 5233 αὖτοπροαίρετον
1663 5157 1819 5231 ἡμῶν
1844 5154 1937 5211 οὒκ

288 5242 590 5322 ἀφαιρεῖται
620 5243 681 5297 τὸ
730 5242 1027 5321 βάπτισμα,
1088 5240 1225 5297 ἀλλὰ
1280 5241 1569 5321 ἐλευθερίαν
1620 5245 1754 5319 ἡμῖν
1786 5245 1936 5323 χαρί-

287 5338 431 5403 ζεται
502 5336 595 5386 τοῦ
672 5329 863 5404 μηκέτι
939 5331 1025 5385 καὶ
1084 5326 1308 5393 ἄκοντας
1365 5333 1509 5406 ἡμᾶς
1577 5336 1936 5409 τυραννεῖσθαι

284 5421 387 5477 ὑπὸ
417 5428 511 5477 τοῦ
539 5415 783 5475 διαϐόλου
817 5434 831 5450 ⁸
879 5416 961 5498 ἐφ’
1015 5420 1151 5495 ἡμῖν
1204 5417 1259 5474 δέ
1304 5417 1443 5475 ἐστιν
1476 5421 1609 5495 μετᾶ
1637 5422 1698 5477 τὸ
1740 5422 1935 5498 βάπτι-

366 5595 428 5647 ὀ
454 5594 560 5669 Col
602 5613 653 5658 s.
685 5611 773 5669 tu,
806 5595 865 5658 5.
950 5593 999 5637 ίί
1035 5592 1184 5656 Ibit.
1218 5595 1277 5657 3.

2023 4819 2085 4880 in
2118 4820 2238 4882 Deo
2262 4819 2337 4884 91.
2375 4844 2402 4876 ››

2095 5154 2234 5219 109.
2268 5154 2607 5236 Baptismus
2664 5153 2995 5217 libertatem
3054 5152 3365 5215 voluntatis
3419 5160 3658 5220 nostrae.

2022 5251 2080 5304 et
2108 5244 2264 5325 quod
2299 5244 2527 5325 spontis
2558 5253 2775 5305 nostrae
2804 5254 2912 5317 est,
2950 5244 3193 5305 minime
3227 5241 3380 5303 tollit
3414 5263 3426 5300 :
3461 5242 3564 5303 sed
3599 5242 3659 5303 id

2022 5333 2191 5395 nobis
2218 5333 2487 5413 largitur,
2520 5341 2584 5395 ut
2614 5334 2884 5395 nolentes
2917 5332 3185 5394 diabolus
3216 5351 3320 5393 sua
3352 5330 3662 5411 tyrannide

2020 5422 2275 5504 amplius
2305 5442 2577 5505 premere
2600 5441 2715 5483 non
2741 5421 2945 5502 possit.
2977 5425 3043 5482 In
3067 5428 3265 5482 nostro
3286 5428 3481 5481 autem
3507 5419 3663 5482 arbi-
