4054 6114
427 270 547 341 663
1739 282 2116 350 SYMEONIS
2158 286 2510 363 JUNIORIS
3690 286 3793 361 W

424 421 583 478 tratu
606 415 858 496 positum
881 423 992 498 est,
1014 424 1146 497 post
1168 415 1525 497 baptismum
1539 425 1639 480 aut
1658 417 1923 481 volentes
1942 434 2055 481 ser-

2165 443 2296 498 σμα,
2330 422 2366 492 ἢ
2408 436 2532 489 ταῖς
2587 424 2830 489 ἐντολαῖς
2882 425 3124 504 ἐμμένειν
3177 427 3475 492 αὗτοθελῶς
3528 433 3618 486 τοῦ
3645 429 3710 492 εἰς
3735 428 3785 484 ὃν

423 523 559 566 vare
581 504 852 567 mandata
873 504 1132 580 Domini,
1161 507 1221 567 in
1244 526 1360 586 quo
1392 505 1578 568 abluti
1607 526 1836 582 sumus,
1870 505 2055 570 Christ

2166 512 2552 590 ἐϐαπτίσθημεν
2582 518 2805 595 Χριστοῦ
2833 517 2925 573 τοῦ
2984 520 3253 576 Δεσπότου
3311 520 3465 593 Θεοῦ,
3497 518 3583 575 καὶ
3609 524 3671 594 τῇ
3698 515 3787 593 ὁδῷ

431 612 671 674 nempe,
699 602 758 654 et
781 595 841 654 in
867 594 958 655 via
979 594 1176 674 legum
1204 594 1333 674 ejus
1349 594 1657 657 ambulare
1682 617 1695 659 :
1717 605 1816 656 aut
1838 595 2055 676 perimt

2165 604 2469 682 πορεύεσθαι
2510 603 2617 660 τῶν
2644 607 3066 683 προσταγμάτων
3094 609 3274 680 αὐτοῦ,
3337 606 3374 676 ἢ
3431 604 3677 663 εκκλίνειν
3699 612 3782 673 τῆς

426 681 643 762 probas
674 682 939 744 actiones
964 682 1044 745 de
1066 691 1229 744 recto
1284 684 1397 745 isto
1452 683 1667 745 itinere
1694 684 1764 746 ad
1796 684 2055 746 adversa-

2165 681 2358 756 εὐθείας
2389 691 2509 749 ὁδοῦ
2531 681 2754 766 ταύτης,
2787 681 2916 774 πρὸς
2959 697 3049 753 τὸν
3105 696 3392 754 ἀντίπαλον
3422 694 3477 752 δὲ
3508 695 3593 752 καὶ
3620 694 3784 775 ἐχθρον

421 772 575 833 rium
612 779 788 851 atque
811 771 1116 833 inimicum
1144 781 1412 834 nostrum
1434 772 1734 835 diabolum
1749 773 2053 835 declinare

2159 781 2312 862 ἡμῶν
2342 778 2581 838 διάϐολον
2612 771 3010 862 παλινδρομεῖν,

506 859 644 923 ΗΟ.
679 860 791 932 Qui
852 869 984 941 post
1042 860 1333 941 baptisma
1382 861 1782 923 voluntatibus
1835 859 2076 940 maligni

423 949 663 1024 cedunt,
691 957 749 1010 et
776 950 905 1030 ejus
935 951 1204 1012 consulta
1237 958 1606 1031 perpetrant,
1640 970 1773 1013 sese
1802 969 1837 1012 a
1870 960 2075 1013 sancta

422 1038 792 1118 baptismatis
821 1040 989 1119 quasi
1039 1039 1283 1101 matrice
1339 1038 1705 1120 abalienant,
1740 1039 2070 1101 secundum

420 1126 564 1189 illud
598 1127 840 1191 Davidis
865 1128 920 1171 εἳ
949 1149 965 1209 ;
1001 1147 1197 1208 neque
1229 1128 1386 1189 enim
1422 1128 1712 1189 alienatur
1741 1127 2067 1208 unusquis-

426 1236 563 1298 que,
597 1225 697 1277 aut
726 1224 992 1278 naturam
1026 1235 1158 1278 cum
1193 1236 1308 1296 qua
1329 1226 1565 1279 creatus
1588 1224 1678 1279 est
1703 1225 1926 1278 mutat:
1964 1216 2071 1277 sed

420 1306 613 1369 bonus
634 1315 867 1368 creatus
897 1327 929 1367 a
959 1306 1080 1368 Deo
1105 1306 1340 1377 (malum
1372 1306 1529 1366 enim
1566 1308 1724 1369 Deus
1754 1325 1870 1368 non
1902 1304 2067 1387 facit)

420 1395 808 1457 immutabilis
842 1404 1046 1456 natura
1078 1403 1135 1456 et
1166 1394 1425 1456 essentia
1482 1395 1655 1468 (sicut
1683 1403 1923 1459 creatus
1953 1395 2065 1475 est)

420 1504 554 1547 cum
581 1487 676 1558 sit,
704 1486 862 1547 velut
883 1485 1072 1548 libera
1100 1495 1298 1547 mente
1315 1485 1440 1546 haec
1462 1502 1567 1545 seu
1593 1485 1768 1559 bona,
1795 1503 1900 1545 seu
1916 1484 2070 1545 mala

419 1575 586 1654 eligit
616 1584 673 1636 et
696 1575 855 1638 facit.
889 1574 1397 1648 Quemadmodum
1433 1575 1593 1637 enim
1628 1573 1858 1654 gladius
1891 1581 2065 1634 natu-

2240 860 2332 948 ρι’,
2365 873 2423 927 Οἱ
2455 871 2588 946 μετὰ
2634 872 2696 927 τὸ
2736 860 2889 949 ἅγιον
2946 860 3218 950 βάπτισμα
3276 886 3400 937 τοῖς
3457 879 3549 930 τοῦ
3574 878 3781 951 πονηροῦ

2153 958 2461 1034 θελήμασαν
2489 958 2749 1039 εἴκοντες,
2803 963 2983 1018 καὶτὰ
3038 962 3221 1037 ἐκείνῳ
3273 960 3654 1040 βεϐουλευμένα
3679 959 3785 1017 δια-⁷

2152 1048 2526 1127 πραττόμενοι,
2586 1050 2800 1114 ἑαυτοὺς
2864 1055 2963 1118 τῆς
3041 1051 3135 1108 τοῦ
3215 1052 3369 1130 ἁγίου
3444 1051 3780 1127 βαπτίσματος

2150 1140 2301 1216 ἁγίας
2333 1140 2538 1219 μήτρας
2593 1138 3025 1221 ἆπαλλοτριοῦσι,
3067 1142 3203 1199 κατὰ
3257 1143 3319 1199 τὸ
3374 1142 3475 1197 ὑπὸ
3519 1148 3608 1197 τοῦ
3639 1136 3781 1196 Δαὲὶὸ

2154 1228 2431 1308 εἰρημένον
2466 1244 2479 1258 ⁸
2543 1233 2603 1288 οὗ
2657 1226 2712 1284 δὲ
2768 1231 2866 1308 γὰρ
2921 1229 3224 1288 ἀλλοιοῦται
3278 1232 3441 1307 ἡμῶν
3495 1229 3780 1307 ἵκαστος,ἢ

2152 1323 2257 1385 τῆς
2282 1316 2399 1375 καθ’
2430 1319 2458 1375 ὃ
2512 1316 2747 1375 ἔκτισται
2806 1319 3111 1395 μεθίσταται
3166 1321 3401 1400 φύσεως,
3460 1316 3577 1375 ἀλλ’
3606 1318 3780 1396 ἀγαθὸς

2151 1409 2376 1470 κτισθεὶς
2406 1409 2507 1463 ὁπὸ
2534 1416 2626 1466 τοῦ
2656 1413 2787 1464 Θεοῦ
2842 1406 3028 1489 (γακὸν
3070 1409 3173 1489 γὴρ
3230 1412 3258 1466 6
3314 1410 3447 1473 Θεὸς
3492 1407 3585 1466 οὒκ
3609 1406 3777 1472 ἐποίη-

2148 1497 2288 1576 σεν),
2319 1496 2573 1577 ἄτρεπτος
2601 1504 2670 1574 τῇ
2726 1498 2900 1579 φύσει,
2950 1496 3066 1556 καθ’
3126 1500 3153 1556 ὃ
3212 1497 3476 1570 ἔκτισται,
3509 1497 3596 1554 καί
3621 1501 3684 1572 τῇ
3708 1496 3780 1551 οὗ·

2148 1586 2233 1659 σίᾳ
2262 1586 2359 1660 ὢν,
2391 1591 2483 1644 οἷα
2529 1584 2580 1652 ἐξ
2634 1587 2871 1644 ἑκουσίου
2927 1588 3147 1667 γνώμης
3200 1601 3540 1667 προαιρεῖται
3592 1586 3675 1683 καὶ
3699 1583 3777 1639 θέ-

418 1682 544 1725 ram
578 1682 740 1726 suam
776 1683 891 1725 non
926 1672 1131 1744 mutat,
1185 1682 1294 1724 seu
1351 1663 1507 1725 bene
1554 1681 1660 1726 seu
1692 1663 1844 1724 male
1875 1670 2055 1742 utare,

2148 1674 2249 1756 λει,
2282 1682 2445 1732 ταῦτα
2472 1677 2559 1732 καὶ
2588 1677 2828 1755 πράττει,
2881 1675 2993 1734 εἴτε
3040 1679 3231 1759 ἀγαθὰ,
3263 1677 3378 1734 εἴτε
3406 1676 3564 1736 κακά.
3602 1663 3775 1751 Ὥσπερ

418 1752 773 1844 sedferrum
812 1762 1047 1815 manet:
1097 1751 1183 1844 sic
1211 1760 1271 1812 et
1300 1753 1476 1813 homo
1507 1761 1788 1834 operatur
1819 1760 1876 1812 et
1906 1750 2055 1828 facit,

2149 1750 2250 1843 γὰρ
2277 1764 2377 1831 τὴν
2406 1750 2701 1844 μάχαιραν,
2756 1750 2854 1821 κᾶν
2914 1764 2999 1822 ἐπὶ
3039 1750 3189 1840 κάκῷ
3216 1750 3310 1829 ’τις
3369 1764 3555 1835 αὐτὴν,
3585 1760 3676 1818 κᾶν
3700 1750 3775 1816 ἐπὶ

420 1850 481 1904 ut
509 1841 729 1903 dictum
766 1849 875 1918 est,
910 1860 1041 1923 quae
1067 1841 1212 1916 vult,
1245 1860 1277 1902 a
1315 1859 1443 1903 sua
1470 1851 1671 1906 autem
1709 1849 1917 1903 natura
1946 1859 2063 1902 non

416 1930 716 1994 deiicitur.

457 1930 716 2012 ejicitur.

495 2186 633 2248 111.
668 2184 795 2247 Non
826 2186 877 2248 si
907 2185 1083 2248 unius
1142 2184 1508 2265 miserearis,
1542 2183 1865 2247 salvaberis
1901 2202 1916 2249 :
1950 2184 2056 2248 sed

416 2275 468 2337 si
493 2293 675 2336 unum
709 2274 1163 2355 contempseris,
1195 2273 1256 2335 in
1284 2273 1480 2353 ignem
1509 2272 1782 2337 mitteris.
1818 2273 1963 2335 Nam
1995 2283 2059 2336 ut

413 2364 595 2426 illud:
636 2387 665 2419 α
698 2362 950 2437 Esurivi,
986 2371 1045 2425 et
1074 2363 1250 2438 sitivi,
1290 2387 1316 2418 »
1358 2382 1472 2426 non
1507 2363 1716 2443 semel,
1751 2371 2056 2424 autunum

412 2452 597 2532 diem,
626 2452 731 2513 sed
757 2459 991 2533 tempus
1010 2452 1141 2513 vitae
1163 2450 1456 2513 universae
1505 2451 1800 2531 signiﬁcat
1833 2472 1847 2511 :
1882 2452 1969 2513 sic
1998 2459 2058 2514 et

413 2542 575 2621 pasci
594 2540 918 2622 Christum,
953 2542 1164 2622 potari,
1198 2541 1387 2614 indui,
1423 2549 1480 2602 et
1510 2544 1555 2602 si
1589 2540 1731 2621 quid
1766 2554 2058 2620 prae‘erea

411 2630 538 2692 haec
568 2629 906 2703 comitatur,
942 2649 1059 2690 non
1117 2629 1322 2710 semel,
1379 2630 1480 2691 sed
1539 2646 1798 2708 semper,
1834 2635 1891 2689 et
1920 2646 2059 2708 erga

415 2736 624 2780 omnes
647 2736 847 2779 servos
865 2717 1054 2798 ipsius
1074 2719 1523 2799 suscipiendum
1548 2721 1726 2792 Deus,
1763 2725 1821 2779 et
1850 2716 2056 2777 Domi-

415 2826 525 2869 nus
554 2815 758 2869 noster
788 2807 1089 2888 professus
1120 2816 1209 2868 est
1239 2807 1381 2884 (19).

492 2976 633 3041 112.
657 2974 1018 3049 Quicentum
1036 2974 1331 3037 mendicis
1344 2974 2049 3054 dederiteleemosyuam,
2076 2979 2118 3042 C

408 3070 603 3146 potest
632 3071 829 3125 autem
863 3071 920 3125 et
968 3063 1097 3125 allis
1155 3064 1319 3139 dare,
1370 3071 1712 3145 potareque,
1771 3071 1828 3125 et
1857 3062 2055 3124 cibare

410 3153 648 3227 multos,
684 3171 832 3234 quos
863 3170 928 3214 se
961 3161 1256 3231 rogantes,
1289 3162 1349 3215 et
1408 3155 1537 3229 ejus
1566 3151 2051 3214 mesericordiam

405 3240 791 3321 implorantes
821 3240 1085 3323 dimittit,
1120 3249 1185 3302 ut
1212 3242 1312 3322 qui
1371 3241 1671 3305 Christum
1702 3244 1900 3319 ipsum
1930 3258 2050 3301 non

407 3329 652 3411 paverit,
685 3329 759 3391 ab
790 3348 861 3391 eo
911 3329 1278 3410 judicabitur
1311 3349 1325 3394 :
1387 3330 1869 3411 quandoquidem
1902 3337 1960 3389 et
1987 3327 2049 3389 in

404 3418 525 3481 illis
553 3418 830 3480 omnibus
858 3418 987 3500 ipse
1018 3428 1128 3494 est,
1164 3419 1268 3500 qui
1328 3418 1504 3481 etiam
1539 3419 1602 3481 in
1633 3438 1750 3481 uno
1781 3418 2049 3501 quolibet

404 3505 787 3570 miuimorum
818 3525 854 3570 a
884 3507 1056 3569 nobis
1084 3507 1283 3570 alitur.

487 3595 621 3659 113.
656 3595 765 3667 Qui
817 3595 1097 3658 omnibus
1130 3596 1438 3677 egentibus
1468 3596 1667 3658 omnia
1694 3595 1766 3658 ad
1798 3596 2045 3678 explen-

400 3684 536 3746 dam
555 3684 902 3746 bodiernam
928 3686 1348 3748 necessitatem
1370 3684 1650 3767 praebuis,
1671 3692 1729 3746 et
1749 3703 1882 3747 cras
1906 3704 2045 3766 pos-

402 3771 478 3834 sit
505 3771 665 3834 idem
693 3782 972 3853 praestare
1002 3774 1352 3854 quibusdam
1406 3772 1707 3849 fratribus,
1761 3782 1819 3835 et
1847 3781 2042 3837 tamen

402 3860 540 3921 sinit
559 3879 660 3922 eos
675 3860 851 3936 fame,
875 3862 995 3939 siti,
1021 3862 1310 3940 etfrigore
1356 3860 1630 3936 interire,
1657 3862 1852 3942 ipsum
1880 3862 2046 3925 illum

402 3966 521 4011 non
543 3950 767 4011 curavit
785 3951 960 4024 mori,
986 3959 1043 4012 et
1062 3952 1440 4031 contempsit,
1465 3950 1566 4028 qui
1590 3951 1774 4015 dicit:
1815 3976 1842 4002 α
1878 3952 2047 4025 Quod

401 4037 504 4099 uni
531 4056 600 4099 ex
619 4038 881 4102 minimis
908 4040 1060 4101 meis
1081 4039 1326 4116 fecistis,
1368 4039 1512 4100 mihi
1564 4039 1787 4102 fecistis
1831 4040 1980 4121 (9.0).
2012 4061 2041 4103 ι

490 4230 625 4295 114.
668 4229 898 4293 Idcirco
932 4231 1212 4311 pauperis
1266 4231 1556 4312 cujusque
1613 4230 1824 4293 faciem
1855 4233 2047 4294 susci-

2145 1851 2295 1926 καλῷ
2323 1855 2615 1932 χρήσηται,
2651 1858 2748 1921 τῆς
2777 1851 2907 1917 ἰδίας
2936 1855 3107 1916 ἐκεὶνη
3140 1854 3199 1911 οὗ
3228 1854 3533 1930 μεθίσταται
3561 1851 3768 1932 φύσεως,

2143 1940 2280 1997 ἀλλὰ
2310 1942 2454 2018 μένει
2478 1939 2687 2019 σίδηρος
2716 1941 2812 2016 ὢν,
2844 1942 2982 2000 οὕτω
3009 1945 3095 2000 καὶ
3146 1946 3175 2000 6
3230 1942 3504 2021 ἄνθρωπος
3538 1956 3553 1970 ⁸
3584 1939 3773 2017 ἐνεργεῖ

2143 2029 2238 2104 μὲν
2264 2032 2352 2087 καὶ
2405 2031 2644 2110 πράττει,
2705 2034 2778 2095 ὡς
2828 2030 3067 2110 εἴρηται,
3118 2031 3252 2111 ἅπερ
3308 2029 3573 2109 βούλεται,
3605 2032 3696 2095 τῆς
3722 2023 3771 2082 δὲ

2138 2120 2333 2201 οἰκείας
2364 2118 2459 2176 οὒκ
2490 2118 2751 2185 ἐξίσταται
2784 2121 3011 2201 φύσεως,

2219 2196 2347 2286 ρια’.
2391 2208 2462 2266 Οὐ
2511 2210 2573 2264 τὸ
2601 2207 2691 2264 ἕνα
2721 2196 2934 2276 ἐλεῆσαι
2989 2208 3167 2282 σώζει,
3227 2205 3362 2264 ἀλλὰ
3416 2207 3480 2263 τὸ
3536 2206 3646 2268 ἐνὸς
3670 2225 3766 2260 κα-

2138 2302 2461 2375 ταφρονῆσαι
2518 2304 2595 2371 τῷ
2635 2300 2757 2378 πυρὶ
2811 2296 3175 2376 παραπέμπει.
3238 2297 3308 2353 Τὸ
3365 2296 3487 2375 γὰρ,
3551 2314 3581 2353 (
3607 2291 3768 2350 Ἐπείο

2138 2407 2293 2458 νασα,
2328 2386 2416 2442 καὶ
2445 2383 2691 2460 ἐδίψησα,
2730 2408 2757 2440 ι)
2810 2390 2869 2445 οὗ
2923 2391 3054 2465 πρὸς
3109 2382 3247 2450 ἅπαξ
3301 2383 3514 2463 εἴρηται
3542 2383 3760 2454 πάντως,

2139 2472 2253 2531 οὐδὲ
2284 2476 2368 2548 τὸ,
2402 2474 2455 2530 ἐν
2487 2481 2583 2550 μιᾷ
2609 2475 2804 2555 ἡμέρᾳ,
2858 2473 2994 2530 ἀλλὰ
3048 2476 3132 2547 τὸ,
3193 2471 3277 2528 διὰ
3323 2473 3439 2550 βίου
3466 2474 3653 2535 παντὸς
3679 2469 3763 2537 δη.

2136 2562 2250 2639 λοτ,
2313 2564 2371 2620 οὔ
2427 2565 2488 2620 τὸ
2544 2569 2803 2645 τραφῆναι
2866 2566 3109 2645 Χριστὸν,
3185 2563 3497 2630 ποτισθῆναί
3564 2583 3620 2617 τε
3682 2561 3760 2616 καὶ

2136 2650 2419 2720 ἷνδυθῆναι,
2478 2654 2565 2709 καὶ
2615 2652 2669 2708 εἴ
2722 2676 2772 2709 τι
2841 2653 3014 2732 ἕτερον
3088 2654 3294 2717 τούτοις
3364 2651 3650 2728 συνέπεται,
3704 2649 3758 2706 οὗ

2136 2742 2267 2820 πρὸς
2297 2739 2458 2821 ἅπαξ,
2499 2740 2636 2799 ἀλλὰ
2663 2739 2747 2797 διὰ
2800 2744 2997 2806 παντὸς
3052 2744 3139 2797 καὶ
3192 2741 3247 2797 ἐν
3305 2748 3487 2820 πᾶσιν,
3541 2741 3635 2795 ὑπὸ
3662 2745 3755 2793 τῶν

2137 2832 2294 2888 αὐτοῦ
2322 2826 2519 2885 δούλων
2548 2829 2710 2886 ταῦτα
2740 2828 2985 2910 δέχεσθαι
3010 2833 3039 2887 6
3071 2830 3257 2910 Κύριος
3301 2831 3456 2906 ἡμῶν
3506 2829 3587 2885 καὶ
3634 2828 3751 2889 Θεὸς

2138 2916 2508 2996 ὡμολόγησεν.

2216 2997 2341 3085 ριβ’.
2379 3001 2436 3065 ιΟ
2465 3021 2583 3072 τοῖς
2632 3009 2819 3066 ἑκατὸν
2869 3007 2986 3073 δοὺς
3044 3008 3422 3085 ἐλεημοσύνην,
3480 3006 3741 3079 δυνάμενος

2134 3093 2188 3152 δὲ
2247 3097 2333 3153 καὶ
2363 3097 2558 3176 ἑτέροις
2589 3096 2783 3180 δοῦναὶ,
2818 3108 3028 3157 ποτὶσαι
3077 3121 3134 3155 τε
3177 3101 3260 3155 καὶ
3299 3098 3477 3177 θρέψαι
3503 3093 3740 3168 πολλοὺς,

2131 3185 2565 3265 παρακαλοῦντας
2617 3189 2772 3245 αὐτὸν
2825 3190 2914 3245 καὶ
2968 3190 3231 3265 βοῶντας,
3288 3187 3746 3262 ἀποπεμψάμενος,

2130 3275 2204 3338 ὡς
2261 3275 2339 3351 μὴ
2418 3275 2613 3355 θρέψας
2697 3278 2917 3357 Χριστὸν
3001 3280 3302 3357 κριθήσεται
3380 3276 3504 3356 παρ’
3578 3274 3751 3353 αὐτοῦ,

2130 3361 2313 3431 ἐπειδῆ
2344 3365 2432 3420 καὶ
2478 3364 2532 3420 ἐν
2590 3365 2807 3430 ἐκείνοις
2868 3372 3028 3422 πᾶσιν
3078 3366 3232 3429 αὐτός
3291 3367 3452 3439 ἐστιν,
3512 3368 3540 3422 6
3588 3364 3670 3420 καὶ
3697 3362 3753 3442 ἐφ

2128 3450 2203 3507 ἐνὶ
2233 3451 2441 3527 ἑκάστῳ
2467 3458 2572 3510 τῶν
2595 3452 2891 3534 ἐλαχίστων
2919 3453 3237 3534 τρεφόμενος
3260 3453 3384 3534 παρ’
3413 3456 3586 3530 ἡμῶν.

2206 3599 2334 3690 ριγ’.
2373 3602 2430 3670 ιΟ
2472 3619 2599 3669 πᾶσι
2657 3614 2754 3689 μὲν
2808 3614 2981 3671 πάντα
3027 3615 3094 3671 τὰ
3146 3615 3278 3694 πρὸς
3339 3613 3523 3694 χρείαν
3556 3612 3644 3670 τοῦ
3666 3612 3759 3668 σώ-

2127 3722 2293 3775 ματος
2339 3702 2632 3782 παρασχὼν
2663 3704 2917 3783 σήμερον,
2967 3704 3144 3784 αὔριον
3199 3703 3255 3760 δὲ
3291 3702 3577 3780 δυνάμενος
3619 3713 3757 3762 τουτο

2126 3793 2369 3865 ποιῆσαι,
2430 3789 2679 3867 ἀμελήσῃ
2734 3796 2889 3849 τινῶν
2976 3792 3235 3873 ἀδελφῶν,
3316 3794 3405 3849 καὶ
3460 3792 3623 3869 λιμῷ,
3678 3789 3757 3850 καὶ

2128 3875 2288 3958 δίψει,
2342 3878 2430 3935 καὶ
2478 3881 2640 3960 ψύχει
2698 3881 2828 3958 ἐάσῃ
2872 3879 3238 3962 διαφθαρῆναι,
3291 3884 3447 3941 αὐτὸν
3503 3881 3758 3963 ὑπερεῖδεν

2129 3966 2437 4044 ἀποθανεῖν,
2495 3971 2583 4026 καὶ
2666 3974 2822 4030 αὐτοῦ
2895 3973 3251 4052 κατεφρόνησε
3327 3982 3420 4031 τοῦ
3477 3974 3710 4036 εἰπόντος
3741 3988 3755 4003 ⁸

2135 4081 2162 4112 α
2196 4055 2315 4138 Ἀφ’
2345 4058 2468 4115 ὅσον
2498 4059 2785 4139 ἐποιήσατε
2829 4063 2902 4121 ἐνὶ
2934 4065 3133 4121 τούτων
3163 4068 3265 4122 τῶν
3294 4063 3623 4144 ἐλαχίστων,
3653 4065 3759 4142 ἐμοὶ

2127 4144 2413 4218 ἐποιήσατε
2427 4193 2438 4207 .
2475 4167 2504 4207 )

2206 4226 2327 4316 ριδ’.
2389 4235 2481 4295 Ἐν
2534 4260 2705 4315 τουτῳ
2775 4242 2836 4298 τὸ
2907 4243 3129 4300 ἑκάστου
3198 4243 3427 4310 πένητος
3482 4245 3759 4323 πρόσωπον

406 4336 546 4399 pere
573 4319 778 4393 voluit,
810 4328 869 4381 et
923 4319 1108 4381 cuivis
1165 4320 1405 4399 pauperi
1461 4338 1528 4381 se
1582 4318 1944 4394 assimilavit,
1978 4328 2042 4383 ut

2148 4323 2410 4384 ιναλαϐεῖν
2468 4327 2775 4395 κατεδέξατο
2831 4333 2919 4388 καὶ
2974 4336 3129 4390 παντὶ
3182 4333 3384 4400 πένητι⁴
3423 4335 3609 4389 ἑαυτὸν
3637 4332 3759 4398 ἐξω-

404 4406 601 4468 nullus
629 4406 689 4466 in
721 4425 786 4468 se
815 4407 1190 4470 credentium
1246 4408 1528 4470 adversus
1577 4408 1814 4470 fratrem
1867 4427 2038 4472 suum

2148 4416 2368 4487 ιοίωσεν,
2400 4414 2493 4472 ’ίνα
2550 4415 2734 4492 μηδεὶς
2789 4421 2894 4476 τῶν
2951 4423 3023 4485 εἷς
3069 4425 3222 4481 αὒτὸν
3277 4422 3629 4478 πιστευόντων
3678 4427 3762 4479 τοῦ

404 4495 668 4558 elevetur
692 4512 706 4557 :
730 4495 834 4557 sed
879 4496 1285 4578 unusquisque
1319 4496 1557 4559 fratrem
1605 4514 1801 4574 suum,
1833 4509 1897 4559 ut
1926 4517 2038 4579 po-

2148 4499 2345 4583 εδελφοῦ
2373 4505 2777 4587 κατεπαίρηται,
2830 4506 2948 4565 ἀλλ’
3004 4508 3225 4576 ἕκαστος
3281 4510 3493 4588 βλέπων
3541 4513 3634 4567 τὸν
3672 4514 3762 4568 αὖ·

476 4675 532 4720 ”
559 4674 718 4739 Psal.
750 4677 812 4759 4,
845 4693 986 4741 Lvu.

480 4847 595 4928 (19)
626 4847 925 4928 Pontanus
953 4845 1118 4928 addit
1167 4846 1486 4928 capitulum
1545 4867 1725 4909 unum
1761 4865 1774 4911 :
1818 4869 1841 4906 α
1874 4848 2041 4911 Indi-

398 4924 642 4988 viduum
679 4927 932 4989 divisum
989 4933 1052 5011 et
1105 4924 1298 5011 ipsum
1355 4935 1545 4989 totum
1594 4930 1652 5011 in
1676 4947 2042 5011 unoquoque

394 5023 746 5087 pauperum,
797 5008 1094 5087 quomodo
1141 5008 1380 5088 quidam
1412 5027 1477 5069 se
1507 5007 1641 5069 unis
1672 5007 1985 5088 includunt
2016 5011 2042 5072 ἲ

2210 4852 2657 4945 (?O)_Add_itur:
2702 4885 2748 4945 _«
2809 4861 2889 4924 Ex
2916 4861 3009 4945 bis
3037 4863 3175 4926 licet
3201 4881 3587 4945 cognoscere,
3618 4882 3766 4945 quo-

2124 4934 2617 5026 modo‘Dominus
2644 4940 2717 5026 ad
2746 4959 2811 5006 se
2834 4944 3035 5026 omnia
3056 4934 3413 5026 paupervum,
3442 4955 3500 5007 et
3519 4934 3766 5026 fratrum

2123 5020 3021 5118 nostronurn.fransferalnetsibi
3045 5020 3199 5118 facta
3213 5027 3660 5118 interpretetur.
3681 5024 3767 5087 Ad

395 5088 561 5187 39""
589 5096 829 5187 5399',”
868 5088 1363 5187 ,εἴδεθἮθυΡίῗίθβ
1418 5096 1474 5149 θί
1527 5106 1711 5187 93³933³
1738 5087 2038 5187 βίπίῗίυπὲ
2114 5094 2683 5187 ἱυξίίὲεάίοίιηωίιί
2710 5087 2972 5187 Ῑεέέεείεὲ
3017 5106 3087 5187 ad
3120 5087 3479 5187 illes,qu'iin
3505 5106 3761 5180 είηίδιτειι

393 5176 613 5246 (neque
636 5167 796 5229 enim
824 5168 942 5259 ulla
963 5166 1205 5230 ratione
1231 5168 1466 5259 divisus
1498 5175 1587 5259 est
1617 5166 1903 5259 {Sinistus}
1938 5173 2036 5243 qui
2114 5166 2273 5237 ὃγιὶἡί
2318 5197 2441 5241 ηοη
2476 5166 2739 5259 fecistis.
2773 5182 2901 5244 Non
2933 5166 3092 5246 enim
3124 5166 3332 5247 80Ιυῖιῖ
3348 5166 3611 5247 intuetur
3642 5166 3762 5259 eos,

393 5263 530 5325 ergo
563 5265 631 5308 ex
666 5247 982 5327 nonaginta
1013 5266 1223 5310 novem
1254 5248 1501 5326 singulis
1525 5246 2036 5327 dederitobolum,

390 5343 573 5387 unum
602 5335 799 5408 autem
829 5328 1045 5408 injuria
1076 5328 1360 5400 aﬂ‘ecerit,
1393 5336 1492 5389 aut
1525 5329 1909 5408 percusserit,
1941 5340 2041 5392 aut

393 5423 640 5489 vacuum
672 5405 986 5489 dimiserit,
1022 5409 1115 5470 cui
1147 5427 1280 5469 nam
1316 5408 1439 5489 haec
1470 5405 1661 5489 fecit?
1708 5410 1921 5471 Annon
1953 5410 2041 5472 illi

390 5484 750 5569 utique,‘qui
784 5487 931 5569 dixit
960 5484 1017 5550 et
1045 5506 1284 5569 semper
1312 5488 1475 5560 dicit,
1511 5494 1570 5549 et
1598 5488 1862 5550 dicturus
1893 5498 1985 5569 est
2021 5509 2034 5553 ε

2122 5271 2376 5346 quorum
2409 5258 2636 5346 miserti
2663 5281 2891 5343 sumus,
2925 5272 3025 5346 aut
3053 5265 3153 5345 qui
3200 5266 3477 5346 injuriam
3509 5258 3762 5346 accepe-f

2121 5343 2279 5425 runt,
2312 5339 2721 5425 aut_fra_udati,
2780 5339 2886 5404 aut
2933 5339 3097 5405 mille
3155 5339 3281 5406 alia'
3320 5347 3470 5406 mala
3498 5339 3764 5425 perpessi

2121 5422 2291 5505 sunt:
2328 5419 2432 5480 sed
2467 5421 2640 5481 etiam
2694 5419 3118 5505 tlespet-tos,iut
3150 5427 3261 5487 hoc
3291 5427 3360 5486 aul
3395 5419 3762 5505 condemnas

2123 5502 2643 5587 _tionem_nos_tram
2674 5502 2949 5587 sufficiat.
2997 5504 3200 5587 Neque
3254 5507 3413 5567 enim
3462 5507 3622 5587 illos,
3660 5504 3763 5567 sed

391 5563 921 5668 gnongitf‘nniem
948 5563 1230 5668 ημληὶζηῦ
1258 5570 1404 5632 meis
1434 5571 1683 5648 fecistis,
1715 5568 2038 5649 mihi/eci-
2116 5572 2311 5668 ipsum
2340 5577 2700 5668 despicimus
2725 5563 2926 5668 Jesum
2963 5563 3677 5668 ﬁbristumiqui—omnia
3699 5563 3765 5649 ut

391 5645 501 5707 stis
533 5643 772 5723 (Matth.
804 5662 939 5723 xxv,
973 5648 1079 5725 40)
1110 5646 1136 5709 ἲ
1168 5670 1196 5704 ι

2115 5651 2232 5716 sibi
2259 5656 2410 5720 facta
2435 5651 2617 5740 ducit,
2650 5681 2781 5745 quae
2808 5663 2926 5726 illis
2953 5651 3309 5732 fecerimus:
3337 5692 3361 5721 ιι
