4054 6114
297 341 415 410 665
1640 330 1917 409 CAPITA
1956 341 2326 408 MORALIA.
3554 343 3675 410 666

296 484 390 535 τοῦ
460 475 683 559 ἀδελφὸν
725 478 814 534 καὶ
868 479 958 536 τὸν
1013 476 1263 554 πλησίον,
1320 480 1394 543 ὣς
1426 479 1519 537 τὸν
1576 472 1705 536 Θεῦν
1762 477 1936 555 αὐτοϋ1

2032 475 2282 551 ximum,
2313 481 2377 537 ut
2405 473 2592 537 Deum
2627 473 2887 551 intuens,
2922 472 3234 537 minimum
3257 491 3388 537 sese
3409 493 3526 536 non
3558 476 3675 537 fra-

300 566 585 647 έλάχιστον
642 568 827 623 ἑαυτὸν
882 566 1083 643 μᾶλλον
1141 575 1233 625 τοῦ
1274 566 1521 650 ἀδελφοῦ,
1585 570 1659 632 ὡς
1702 574 1792 624 τοῦ
1844 589 1936 624 πε-

2032 563 2165 637 tris,
2216 566 2317 626 sed
2353 566 2480 644 ejus
2513 563 2611 644 qui
2643 563 2884 625 fratrem
2917 562 3079 637 fecit,
3112 572 3367 644 reputet,
3403 572 3462 625 et
3485 573 3549 625 ut
3576 564 3674 645 ip-

301 657 591 723 ποιηκότος
622 656 777 711 αὺτὸν
826 654 1115 736 λογίζοιτο,
1160 658 1250 713 καὶ
1290 659 1363 721 ὡς
1418 657 1576 713 αὐτὸν
1631 654 1936 737 ἆποδέχοιτι

2032 668 2160 712 sum
2185 659 2513 714 creatorem
2539 653 2668 732 ejus
2690 651 2964 732 excipiat,
2991 659 3049 712 et
3069 653 3341 725 honoret,
3362 653 3677 732 omniaque

299 749 388 802 καὶ
416 751 566 825 τιμᾷ,
599 745 688 800 καὶ
706 744 878 804 πάντα
904 758 1056 801 κενοῖ
1082 745 1149 801 τὰ
1175 746 1485 825 ὑπαρχοντα
1514 747 1645 825 πρὸς
1672 748 1936 824 Θεραπειακ

2031 742 2102 802 ad
2137 743 2263 821 ejus
2293 740 2668 823 obsequium,
2727 751 2785 803 et
2836 740 3231 802 ministerium
3287 741 3594 820 impendat
3623 751 3681 803 et

296 839 475 906 αὐτοῦ,
510 837 581 898 ὡς
610 836 638 890 6
670 836 889 913 Χριστὸς
942 836 1031 891 καὶ
1077 835 1206 899 Θεὸς
1258 836 1415 911 ἡμῶν
1473 833 1694 890 ἐκένωσε
1723 835 1783 889 τὸ
1812 832 1936 890 ἴδιοι

2032 847 2098 891 ex
2112 831 2368 905 hauriat,
2385 840 2443 892 et
2461 831 2961 912 quemadmodum
2980 828 3249 892 Christus
3263 838 3318 890 et
3338 829 3493 892 Deus
3505 849 3677 892 suum

295 922 580 1003 aipzlatéz
605 923 704 989 τὴν
746 925 903 998 ἡμῶν
935 925 1222 1002 σωτηρίαν,

377 1002 503 1091 ριε’·
538 1002 595 1068 Ὀ
637 1012 726 1067 τὸν
756 1011 984 1079 πλησίον
1013 1011 1161 1092 ἔχειν
1191 1015 1264 1076 ὡς
1309 1013 1492 1070 ἑαυτὸν
1532 1010 1847 1085 κελευσθεὶς,
1888 1016 1947 1072 06

293 1103 417 1178 μίαν
473 1102 686 1164 πάντως
735 1102 960 1181 ἡμέραν,
1020 1101 1158 1159 ἀλλὰ
1214 1102 1299 1159 διὰ
1341 1103 1454 1179 βίου
1507 1104 1706 1166 παντὸς
1760 1109 1946 1159 τοῦτον

294 1190 442 1271 ἔχειν
474 1189 641 1255 οὕτως
667 1190 888 1273 ὀφεῖλει,
932 1193 1021 1248 καὶ
1064 1195 1091 1249 6
1149 1194 1307 1249 παντὶ
1356 1199 1441 1266 ,τῷ
1493 1192 1718 1250 αἰτοῦντι
1751 1189 1944 1247 διδόναι

291 1280 778 1360 προσταττόμενος,
850 1290 1003 1339 τοῦτο
1059 1294 1234 1337 ποιεῖν
1282 1281 1661 1359 προστάττεται
1705 1281 1758 1337 ἐν
1800 1281 1945 1358 πάσῃ

291 1375 360 1445 τῇ
389 1374 504 1445 ζωῇ
560 1370 715 1424 αὐτοῦ
748 1384 763 1398 ⁸
811 1369 898 1424 καὶ
955 1371 983 1425 6
1024 1367 1190 1426 θέλων
1245 1369 1338 1426 ’ίνα
1378 1375 1599 1426 ποιῶσιν
1658 1371 1730 1433 εἷς
1789 1369 1944 1426 αὐτὸν

2029 917 2216 1001 ipsius
2247 919 2595 997 sanguinem
2626 919 2701 980 ob
2733 922 2983 980 salutem
3017 927 3274 979 nostram
3309 918 3607 980 exhausit.

2117 1008 2247 1069 115.
2285 1007 2394 1080 Qui
2420 1008 2624 1087 jussus
2656 1016 2745 1068 est
2803 1008 3134 1087 proximum
3192 1026 3261 1069 eo
3294 1007 3421 1069 loco
3454 1007 3676 1071 habere

2028 1115 2147 1176 quo
2178 1105 2365 1157 semet
2392 1096 2474 1171 25,
2515 1096 2686 1177 plane
2721 1114 2837 1156 non
2872 1114 2978 1175 per
3009 1115 3189 1157 unum
3223 1096 3403 1175 diem,
3438 1097 3541 1158 sed
3569 1116 3678 1179 per

2029 1204 2266 1245 omnem
2300 1185 2474 1246 vitam
2511 1185 2597 1247 sic
2623 1203 2754 1246 eum
2803 1185 3021 1245 habere
3048 1185 3244 1247 debet.
3283 1189 3353 1249 Et
3382 1205 3480 1265 qut
3511 1187 3675 1248 omni

2030 1274 2250 1355 petenti
2266 1274 2474 1353 jussus
2499 1275 2740 1336 estdare
2758 1273 3453 1355 94,110cfacerejubetur,
3474 1292 3676 1353 quam-

2026 1362 2126 1424 diu
2161 1363 2315 1424 vivit.
2351 1365 2424 1425 Et
2455 1364 2556 1443 qui
2585 1362 2745 1443 cupit
2804 1361 2877 1423 ab
2938 1362 3053 1423 alio
3105 1362 3216 1424 sibi
3251 1363 3508 1441 praestari
3544 1385 3675 1446 qum

291 1455 444 1513 ἄλλοι
490 1457 523 1512 ἆ
552 1455 791 1532 βούλεται
835 1457 1030 1538 ἀγαθὰ,
1063 1464 1225 1514 ταῦτα
1254 1459 1343 1514 καὶ
1372 1458 1525 1521 αὐτὸς
1555 1472 1730 1515 ποιετν
1762 1457 1936 1522 ἅλλοις

2027 1451 2146 1510 vult
2174 1450 2349 1526 bona,
2384 1453 2457 1513 ab
2489 1471 2557 1514 eo
2585 1446 3001 1533 postulabitur,
3044 1460 3106 1514 ut
3145 1453 3350 1512 vadem
3377 1452 3504 1533 ipse
3533 1454 3670 1516 aliis

288 1546 736 1620 ἆπαιτηθήσεται.
2027 1548 2264 1620 priestet
2287 1540 2369 1603 εδ.

426 1624 506 1655 μ-¹
569 1617 596 1643 θ
828 1633 849 1652 ν
985 1631 1009 1654 »ι
1220 1635 1234 1654 κ
1613 1638 1626 1655 ο
1858 1638 1870 1653 ι

370 1657 462 1712 ριἒ
511 1678 525 1692 .
584 1645 762 1713 δὶσπερ
792 1656 881 1690 ουν
911 1635 939 1690 6
987 1655 1130 1713 εχων
1185 1655 1277 1690 τον
1319 1633 1546 1703 πλησίον
1601 1656 1674 1698 ως
1732 1637 1936 1715 ἑαυτον,

2028 1617 2043 1620 ⁷
2108 1630 2246 1693 116.
2275 1628 2787 1702 Quemadmodum
2810 1628 2987 1707 igitur
3008 1629 3108 1710 qui
3133 1629 3314 1694 habet
3336 1633 3669 1711 proximum

284 1722 433 1783 οὐδὲν
464 1722 613 1804 ’ἐχειν
640 1718 802 1780 πλέον
833 1731 925 1781 τοῦ
953 1721 1178 1789 πλησίον
1224 1723 1494 1804 ἀνέχεται,
1530 1723 1617 1780 ἐὰν
1649 1722 1703 1780 δὲ
1725 1724 1832 1805 ἔχη
1854 1731 1936 1786 καὶ

2027 1716 2235 1776 eodem
2272 1717 2398 1779 loco
2421 1736 2536 1798 quo
2567 1735 2651 1791 se,
2680 1717 2826 1777 nihil
2851 1736 2968 1796 prae
2994 1717 3260 1797 proximo
3284 1719 3503 1781 habere
3531 1740 3668 1782 sus-

287 1815 365 1889 μὴ
394 1810 737 1889 μεταδίδωσιν
770 1813 1033 1892 ἀφθόνως,
1066 1812 1167 1876 ἕως
1212 1811 1274 1871 ἂν
1303 1814 1392 1870 καὶ
1415 1815 1567 1878 αὐτὸς
1596 1804 1819 1893 πτωχὸς
1840 1812 1936 1893 γέ-

2027 1804 2192 1869 tinet.
2231 1804 2335 1868 Sin
2367 1814 2563 1867 autem
2599 1805 2897 1881 habuerit,
2933 1825 3043 1867 nec
3098 1805 3425 1871 liberaliter
3454 1810 3670 1889 imper-

287 1925 469 1979 νηται,
502 1903 591 1959 καὶ
612 1916 733 1965 τοτς
787 1901 1015 1969 πλησίον
1072 1903 1229 1962 αὗτοῡ
1283 1901 1596 1980 ἐξομοιωθῇ,
1656 1908 1755 1971 τῆς
1785 1902 1936 1960 ἕντο-

2027 1893 2239 1970 liverit,
2275 1896 2466 1958 donec
2497 1903 2553 1957 et
2582 1896 2709 1975 ipse
2762 1895 2835 1957 ad
2895 1904 3307 1976 paupertatem
3339 1898 3664 1980 redigatur,

284 1992 388 2060 λῆς
433 1998 527 2049 τοῦ
602 1991 870 2050 Δεσπότου
925 1990 1276 2071 ἐκπληρωτὴς
1348 1994 1451 2071 οὔχ
1492 1994 1777 2072 εὑρίσκεται
1823 1991 1937 2049 οὔδε

284 2085 311 2137 6
354 2094 477 2145 τοϊς
511 2082 710 2137 αἰτοῦσι
742 2086 871 2136 πᾶσι
915 2078 1109 2137 διδόναι
1159 2079 1347 2159 θέλων,
1380 2079 1470 2136 ἐὰν
1500 2082 1690 2161 μέχρις
1722 2079 1933 2157 ὀϐολοῦ,

283 2172 318 2239 ἢ
346 2170 657 2245 κλέα-ματος
722 2166 876 2249 ἄρτου
934 2168 1263 2244 κεκτημένος
1320 2170 1652 2250 ἀποστρέψῃ,
1685 2173 1802 2228 τινὰ
1829 2179 1933 2230 τῶν

284 2261 573 2316 αἰτούντων
605 2259 779 2333 αὐτὸν,
829 2256 946 2314 οὐδὲ
1003 2260 1030 2314 6
1077 2260 1153 2334 μὴ
1212 2263 1381 2315 ποιῶν
1421 2260 1510 2316 τὸν
1559 2257 1783 2326 πλησίον
1836 2259 1934 2317 ὅσα

278 2349 422 2407 θέλει
471 2347 565 2404 ἵνα
621 2347 798 2427 ἓτερος
848 2348 1050 2423 ποιήσῃ
1109 2348 1239 2426 πρὸς
1304 2348 1458 2406 αὖτόν
1495 2364 1512 2382 '
1571 2348 1707 2405 οὕτω
1762 2352 1850 2411 καὶ
1906 2353 1934 2406 6

279 2440 456 2495 πάντα
517 2436 612 2512 μὲν
672 2435 876 2503 πένητα
944 2438 1032 2492 καὶ
1087 2434 1371 2515 ἐλάχιστον
1412 2436 1631 2518 θρέψας,
1689 2440 1934 2519 ποτίσας,

202 2522 209 2525 ’
280 2526 526 2607 ἐνδύσας,
557 2527 737 2587 καὶτὰ
793 2522 929 2582 ἄλλα
985 2526 1156 2582 πάντα
1215 2527 1286 2589 είς
1342 2528 1498 2585 αὐτὸν
1553 2527 1933 2606 ἐργασάμενος,

281 2619 402 2681 ἑνὸς
446 2615 501 2672 δὲ
532 2615 694 2692 μόνον
748 2616 1180 2696 καταφρονήσας,
1240 2617 1328 2672 καὶ
1386 2616 1545 2673 αὐτὸν
1575 2616 1830 2698 παριδὼν,
1862 2622 1936 2683 ὡς

279 2706 511 2785 Χριστὸν
557 2705 648 2761 τὸν
703 2705 834 2761 Θεὸν
878 2702 1107 2783 παριδὼν
1149 2705 1410 2761 πεῖνῶντα
1466 2707 1554 2763 καὶ
1585 2704 1819 2782 διψῶντα
1847 2710 1936 2765 καὶ

280 2797 442 2859 αὐτὸς
474 2792 869 2871 λογισθήσεται.

358 2943 486 3034 ριζ’.
530 2954 764 3027 Φορτικα
791 2962 954 3012 ταῦτα
981 2967 1098 3019 τοῖς
1130 2961 1288 3012 πᾶσιν
1336 2953 1471 3018 ἴσως
1502 2957 1818 3036 φανήσεται,
1853 2954 1933 3013 διὸ

2021 1993 2081 2046 et
2108 1984 2395 2065 proximis
2426 1985 2550 2047 suis
2580 1993 2938 2065 exaequetur,
2973 2003 3111 2047 eum
3168 1984 3406 2047 Domini
3439 2006 3664 2067 praece-

2021 2085 2185 2153 ptum
2208 2092 2325 2134 non
2349 2074 2687 2155 implevisse
2718 2081 2964 2135 constat.
3002 2074 3127 2136 Nec
3153 2092 3313 2150 eum,
3347 2075 3665 2156 quiomni-

2018 2160 2129 2223 bus
2160 2162 2498 2242 petentibus
2529 2161 2671 2223 dare
2703 2162 2924 2231 volens,
2989 2162 3040 2223 si
3099 2180 3284 2243 usque
3315 2164 3388 2224 ad
3425 2162 3662 2224 obolum

2016 2259 2114 2311 aut
2132 2250 2383 2311 frustum
2410 2252 2581 2329 panis
2605 2250 2963 2332 pervenerit,
2995 2251 3334 2332 quempiam
3354 2261 3658 2329 rogantem

2016 2337 2254 2400 inanem
2271 2340 2603 2401 dimiserit:
2630 2359 2739 2402 nec
2762 2340 2864 2420 qui
2889 2359 3004 2400 non
3033 2340 3168 2401 facit
3194 2340 3483 2421 proximo,
3507 2361 3663 2423 quae-

2019 2446 2252 2509 cunque
2284 2428 2397 2490 sibi
2425 2428 2498 2490 ab
2530 2429 2645 2490 alio
2678 2429 2807 2490 ﬁeri
2853 2428 3194 2492 desiderat?
3246 2427 3339 2490 Sic
3371 2430 3469 2509 qui
3500 2431 3662 2492 omni

2021 2518 2262 2598 pauperi
2293 2536 2361 2580 ac
2404 2519 2650 2580 minimo
2699 2518 2921 2593 cibum,
2957 2527 3184 2600 potum,
3219 2528 3441 2581 vestem
3473 2520 3660 2597 dedit,

2019 2605 2249 2687 aliaque
2271 2607 2473 2670 omnia
2501 2608 2692 2669 ofﬁcia
2723 2607 2794 2669 iis
2825 2608 3119 2688 prwstitit,
3154 2627 3335 2669 unum
3373 2618 3568 2669 autem
3603 2619 3663 2672 et

2016 2695 2206 2755 solum
2237 2696 2492 2773 neglexit
2522 2705 2698 2777 atque
2721 2697 3098 2777 contempsit,
3132 2697 3192 2758 id
3224 2696 3477 2777 perinde
3504 2699 3663 2760 acci-

2017 2781 2231 2862 pietur,
2265 2783 2405 2845 utsi
2437 2784 2738 2847 Christum
2791 2784 2976 2845 Deum
3041 2787 3425 2863 esurientem,
3479 2805 3545 2848 ac
3578 2787 3664 2848 si-

2016 2870 2263 2933 tientem
2300 2872 2690 2954 despexisset.

2102 2961 2232 3023 tl'l.
2256 2961 2415 3023 Dura
2444 2963 2571 3024 haec
2602 2963 2716 3043 (a),
2752 2970 2808 3022 et
2837 2979 3090 3023 onerosa
3109 2960 3385 3024 omnibus
3413 2962 3664 3027 fortasse

274 3047 366 3101 καὶ
410 3040 639 3109 δόξουσιν
668 3041 900 3121 εὐλόγως
928 3041 1100 3122 λέγειν
1131 3042 1185 3099 ἐν
1215 3045 1425 3107 ἑαυτοῖς
1457 3060 1472 3075 ⁸
1532 3046 1620 3108 Τίς
1652 3043 1750 3123 ἄρα
1774 3055 1936 3104 ταῦτα

2027 3048 2388 3113 videbantur.
2412 3050 2604 3123 Quare
2629 3040 3051 3113 existimabunt
3071 3069 3136 3113 se
3161 3060 3663 3115 conscntaneaco-

270 3134 455 3193 πάντα
526 3136 748 3198 ποιῆσαι
803 3128 1037 3208 δύναται,
1101 3132 1238 3189 ὥστε
1322 3133 1523 3196 πάντας
1593 3136 1931 3212 θεραπεῦσαι,

272 3223 367 3279 καὶ
413 3218 624 3299 θρέψαι,
678 3219 768 3274 καὶ
811 3216 1059 3294 μηδόλως
1088 3222 1287 3278 τούτων
1328 3221 1446 3278 τινὰ
1487 3219 1773 3302 παριδεῖν,
1814 3220 1932 3279 ἀλλ’

272 3310 549 3367 ἀκούσωσι
582 3304 789 3364 Παῦλου
818 3303 1097 3385 διαρρήδην
1145 3310 1375 3385 βοῶντος
1413 3327 1426 3340 ·
1483 3333 1510 3366 α
1574 3304 1635 3367 Ἠ
1666 3312 1764 3391 γὰρ
1808 3312 1935 3390 ἀγά-

270 3424 355 3468 πη
415 3404 508 3454 τοῦ
558 3405 784 3476 Χριστοῦ
824 3396 1036 3477 συνέχει
1091 3390 1259 3479 ἡμᾶς,
1313 3400 1585 3479 κρίναντας
1643 3388 1818 3474 τουτο,
1852 3388 1945 3460 ὅτ(

270 3492 317 3547 εἰ
352 3492 441 3551 εἷς
471 3487 602 3566 ὑπὲρ
654 3486 866 3545 πάντων
909 3486 1187 3562 ἀπέθανεν,
1248 3484 1346 3568 ἄρα
1401 3493 1448 3546 οἱ
1501 3491 1696 3556 πάντες
1739 3491 1930 3549 ἀπέθα-

270 3602 394 3640 νον.
432 3595 465 3636 )

359 3655 497 3748 ριη’.
573 3664 817 3745 Καθάπερ
872 3667 925 3722 αἱ
980 3669 1305 3746 περιεκτικαὶ
1372 3667 1577 3727 ἐντολαὶ
1642 3669 1931 3750 συμπεριέ-

268 3778 439 3839 χουσι
497 3754 670 3817 πάσας
728 3751 782 3809 ἐν
824 3755 1041 3818 ἑαυταῖς
1072 3756 1166 3819 τὰς
1227 3759 1446 3836 μερικὰς
1501 3757 1737 3831 ἐντολὰς,
1798 3758 1933 3814 οὕτω

269 3848 366 3903 καὶ
434 3846 488 3901 αἱ
545 3844 869 3923 περιεκτικαὶ
935 3843 1113 3924 ἀρεταὶ
1179 3846 1274 3910 τὰς
1333 3847 1551 3926 μερικὰς
1609 3847 1660 3903 ἐν
1721 3849 1935 3911 ἑαυταῖς

270 3930 864 4014 συμπεριλαμϐάνουσιν
953 3933 1142 4013 ἀρετάς
1176 3953 1192 3970 ο
1264 3936 1293 3992 ὀ
1371 3937 1471 4014 γὰρ
1541 3934 1799 4005 πωλήσας
1870 3936 1936 3996 τὰ

270 4024 591 4103 ὑπάρχοντα
641 4025 823 4094 αὐτοῦ,
874 4024 962 4080 καὶ
1003 4021 1375 4103 διασκορπίσας
1427 4024 1559 4081 αὐτὰ
1617 4037 1734 4087 τοῖς
1791 4046 1933 4080 πτω-

271 4126 440 4195 χοῖς,
484 4115 573 4168 καὶ
628 4110 796 4178 πένης
849 4111 1060 4190 ἀφάπαξ
1102 4114 1404 4191 θενόμενος,
1464 4114 1637 4171 πάντα
1665 4112 1749 4194 ὑφ’
1782 4113 1838 4169 ἓν
1865 4116 1931 4169 τὰ

269 4214 383 4264 τῶν
441 4210 671 4284 μερικῶν
739 4202 967 4261 ἐντολῶν
1025 4202 1389 4286 ἐξεπλήρωσεν
1423 4222 1436 4236 ⁸
1526 4209 1621 4265 οὐκ
1695 4205 1770 4262 ἔτι
1829 4207 1928 4287 γὰρ

2016 3137 2221 3216 gilare,
2243 3140 2290 3200 si
2310 3140 2389 3201 ita
2412 3160 2614 3203 secum
2635 3141 2913 3219 cogitent.
2942 3139 3223 3213 Quisnam
3242 3143 3363 3202 hac
3381 3151 3664 3221 prastare

2017 3236 2224 3306 potest.
2261 3238 2323 3291 ut
2354 3229 2634 3290 omnibus
2670 3229 2908 3303 serviat,
2973 3230 3314 3310 victumque
3343 3230 3658 3313 ministret,

2018 3323 2075 3376 et
2105 3317 2313 3378 horum
2341 3319 2566 3380 nullum
2603 3320 2860 3399 negligat
2889 3319 3010 3381 ullo
3031 3319 3204 3380 modo
3223 3319 3254 3379 ‘2
3272 3317 3386 3381 Sed
3415 3319 3661 3383 Paulum

2015 3406 2279 3482 audiant,
2301 3407 2521 3470 diserte
2535 3409 2917 3470 clamantem:
2949 3434 2976 3465 ιι
2995 3408 3262 3471 Charitas
3273 3408 3431 3470 enim
3447 3409 3665 3472 Christi

2013 3504 2183 3573 urget
2232 3514 2361 3571 nos,
2396 3499 2763 3560 aestimantes
2796 3499 2908 3560 hoc
2956 3496 3234 3577 quoniam
3285 3497 3334 3556 si
3368 3516 3518 3559 unus
3551 3518 3657 3578 pro

2016 3582 2294 3645 omnibus
2312 3595 2578 3647 mortuus
2602 3596 2715 3666 est,
2741 3604 2879 3665 ergo
2903 3603 3110 3645 omnes
3136 3585 3349 3645 mortui
3372 3585 3607 3646 sun126.
3630 3610 3654 3643 υ

2097 3673 2235 3734 118.
2252 3672 2763 3745 Quemadmodum
2777 3673 3076 3754 generalia
3096 3672 3370 3733 mandata
3394 3676 3660 3752 particu-

2017 3758 2161 3823 laria
2188 3764 2499 3842 complexu
2531 3772 2587 3824 et
2617 3764 3005 3843 amplitudine
3063 3781 3166 3823 sua
3212 3762 3541 3838 continent,
3573 3767 3660 3825 sic

2020 3858 2076 3910 et
2095 3853 2403 3929 generales
2423 3852 2667 3913 virtutes
2699 3853 3084 3933 particulares
3123 3850 3365 3911 virtutes
3385 3869 3491 3912 suo
3520 3871 3652 3915 am-

2018 3936 2143 3998 bitu
2173 3949 2473 4004 cocrcent.
2514 3939 2623 4013 Qui
2655 3940 2814 4003 enim
2848 3940 3047 4001 vendit
3076 3939 3382 4000 facultates
3409 3958 3566 4013 suas,
3600 3949 3661 4003 et

2017 4044 2116 4088 eas
2145 4027 2204 4088 in
2236 4046 2528 4109 pauperes
2558 4030 2743 4110 dispei
2766 4030 2853 4102 tit,
2890 4027 3190 4110 simulque
3219 4046 3288 4089 ac
3319 4029 3503 4089 semel
3531 4030 3659 4110 ipse

2014 4106 2370 4195 pauper’ﬁt;
2392 4117 2595 4178 omnia
2624 4106 2897 4179 mandata
2959 4106 3331 4197 particularia
3364 4116 3421 4177 in
3454 4106 3570 4178 uno
3604 4126 3663 4179 et

2010 4203 2187 4264 simul
2214 4214 2525 4267 exsecutus
2548 4214 2655 4268 est.
2690 4208 2815 4269 Nec
2836 4205 2994 4267 enim
3025 4205 3098 4266 de
3119 4221 3333 4266 caetero
3366 4225 3512 4284 opus
3547 4207 3655 4267 ha-

270 4297 464 4378 χρείαν
493 4293 610 4374 ἔχει
637 4299 713 4368 τῷ
756 4292 981 4350 αἰτοῦντι
1025 4291 1243 4374 διδόναι,
1302 4294 1339 4363 ἢ
1400 4296 1477 4372 μὴ
1523 4295 1926 4376 ἀποστραφῆναι

2027 4299 2111 4352 Jet
2133 4293 2360 4373 petenti
2386 4294 2551 4365 dare,
2578 4304 2809 4356 autnon
2832 4294 3017 4356 averti
3051 4293 3124 4357 ab
3144 4312 3237 4367 eo,
3264 4302 3364 4354 aut
3396 4313 3510 4354 non
3543 4293 3655 4357 fce-

268 4368 368 4444 τῖν
396 4368 609 4442 θέλονέα
650 4381 975 4438 δανείσασθαι
1033 4380 1127 4438 ἀπ’
1181 4368 1360 4454 αὖτοῦ,
1403 4368 1567 4441 ⁷οὕτω
1596 4368 1739 4466 καὶῘὸ
1768 4368 1924 4440 ἆδια-

2027 4368 2211 4442 ierari
2234 4382 2341 4445 illi.
2376 4382 2475 4446 Sic
2497 4384 2596 4464 qui
2622 4385 2844 4447 nullum
2879 4383 3164 4465 precandi
3197 4384 3375 4444 ﬁnem
3407 4380 3565 4462 facit,
3597 4384 3657 4445 in

268 4475 504 4536 λείπτως
559 4471 873 4550 εὒχόμενος,
917 4469 973 4526 ἐν
1026 4471 1197 4545 τούτῳ
1251 4472 1424 4530 πάντα
1484 4471 1809 4545 συνέκλεισε,
1840 4473 1929 4529 καὶ

2027 4489 2124 4532 10c
2153 4471 2353 4533 omnia
2383 4472 2656 4536 inclusit:
2720 4492 2829 4535 nec
2883 4472 3142 4553 amplius
3191 4472 3412 4552 septies
3468 4470 3525 4533 in
3561 4472 3660 4533 die

274 4571 378 4625 οὐκ
405 4563 481 4620 ’ἐτι
524 4561 742 4624 ἑπτάκις
772 4561 938 4616 αίνεϊν
967 4565 1065 4627 τῆς
1109 4560 1312 4641 ἡμέρας
1372 4564 1462 4620 τὸν
1523 4565 1730 4642 Κύριον,
1764 4562 1801 4630 ἢ
1832 4563 1927 4619 ἑσ-

2027 4561 2331 4624 Dominum
2366 4561 2630 4636 laudare,
2666 4572 2724 4624 et
2744 4581 3015 4643 vespere,
3036 4570 3094 4624 et
3116 4578 3316 4641 mane,
3332 4570 3386 4621 et
3409 4560 3660 4622 meridie

271 4655 480 4734 πέρας,
510 4653 598 4710 καὶ
625 4653 771 4730 πρωλι
815 4650 902 4705 καὶ
956 4649 1286 4732 μεσημϐρίας
1343 4652 1434 4710 ὑπ’
1490 4653 1731 4731 ἀνάγκην
1763 4650 1924 4726 ἐστὶν,

2027 4667 2258 4712 iecesso
2291 4649 2468 4712 habet
2501 4669 2514 4715 :
2552 4661 2617 4715 ut
2644 4655 2742 4734 qui
2770 4653 2894 4732 jam
2928 4651 3132 4713 omnia
3187 4649 3475 4729 implevit,
3528 4669 3661 4730 qua:

356 4823 613 4887 2i’tDeut.
646 4818 833 4896 xv,7.
921 4816 982 4869 94
1007 4820 1214 4881 Matth.
1248 4836 1308 4896 v,
1339 4820 1438 4885 ω.
1523 4819 1584 4871 95
1608 4820 1816 4884 Matth.
1847 4837 1954 4896 vn,
1984 4820 2047 4894 7,
2082 4819 2140 4881 8.
2228 4816 2286 4868 93
2316 4820 2366 4883 II
2395 4819 2529 4883 Cor.
2565 4839 2623 4896 ν,
2658 4822 2756 4886 14.

366 5000 449 5083 (a)
470 4997 889 5092 flectetimuit
917 4998 1183 5092 δίφρου,
1216 5017 1307 5092 ea,
1341 5015 1472 5078 qua;
1500 4995 2009 5092 capite-superiori
2044 4996 2384 5092 tradiderat,
2419 5002 2598 5092 nimis
2626 5001 2779 5092 dura
2805 5000 2989 5092 visum
3015 4998 3109 5059 iri.
3140 4999 3293 5092 Vere
3323 4997 3483 5092 enim
3509 5004 3656 5088 dura

275 5077 440 5146 sunt.
464 5080 614 5154 Quid
646 5081 821 5142 sinec
844 5099 979 5141 vera
1002 5078 1180 5141 ?Non
1200 5077 1448 5141 enim’ut
1468 5080 1615 5139 aliis
1636 5083 1716 5137 su
1736 5077 2033 5150 remissio,
2057 5078 2213 5140 vobis
2234 5087 2433 5142 autem
2454 5083 2780 5145 tribulatio.
2808 5083 2913 5143 sed
2938 5098 3018 5141 ert
3037 5080 3409 5157 aequalitate,
3439 5077 3650 5156 inquit,

278 5162 594 5246 Apostolus
615 5160 665 5246 li
683 5160 757 5222 ad
777 5157 910 5222 Cor.
933 5176 1057 5233 vm,
1084 5157 1655 5246 coh_ort_a_ns_tideles,
1677 5158 2392 5246 utegenisopemiferant.
2421 5161 2878 5246 Quazaequalltas
2904 5178 3020 5246 non
3045 5159 3109 5246 in
3144 5159 3255 5246 hoc
3286 5157 3567 5246 constitit,
3595 5166 3657 5217 ut

282 5236 382 5323 qui
404 5242 543 5323 quid
567 5242 764 5323 habet,
788 5249 1126 5323 exaequetur
1148 5240 1296 5300 nihil
1320 5237 1580 5323 habenti,
1606 5237 1709 5297 sed
1722 5236 1792 5323 _i_n
1819 5238 1948 5310 hoc,
1976 5244 2041 5299 ut
2063 5244 2170 5316 qui
2183 5246 2453 5323 multum
2474 5236 2816 5321 [labeﬁnnn
2854 5239 3138 5323 abundet,
3164 5237 3360 5323 dando
3390 5236 3659 5323 videlicet

279 5317 483 5402 egenis
508 5323 568 5383 id
588 5317 760 5402 quod
785 5317 1158 5402 superﬂuum
1190 5329 1279 5381 est
1310 5339 1327 5396 ;
1365 5327 1424 5380 et
1458 5317 1916 5402 quimpdicum,
1949 5336 2073 5402 non
2105 5321 2390 5402 minarat,
2428 5322 2539 5402 hoc
2568 5317 2682 5395 est,
2717 5334 2778 5384 ut
2802 5322 2900 5402 qui
2922 5335 3146 5402 pauper
3167 5328 3274 5389 est,
3308 5317 3655 5402 liberalitate

284 5396 477 5486 aliena
524 5396 784 5481 adjutus,-
834 5396 951 5461 non
996 5400 1396 5486 magis_atque
1426 5396 1611 5486 magis
1644 5396 1704 5486 in
1736 5399 2009 5475 egestatis
2040 5398 2719 5486 incommodaincurrat
2746 5424 2771 5486 ;r
2794 5396 2934 5462 nam
2961 5409 3021 5486 u_t
3051 5398 3181 5486 quis
3201 5396 3547 5486 necessaria
3578 5399 3653 5486 ad

285 5481 457 5562 vitam
490 5476 716 5561 eroget,
749 5500 933 5562 seque
952 5476 1207 5562 pauperi
1237 5476 1798 5562 erogatisomnibus
1829 5496 2029 5562 parem
2062 5478 2273 5562 elﬁciat
2307 5501 2324 5556 ;
2381 5481 2440 5542 id
2492 5493 2555 5544 ut
2585 5484 2881 5562 interdum
2915 5476 3143 5541 eximiae
3163 5477 3462 5562 cliaritatis
3493 5476 3651 5562 indi-_

290 5560 441 5623 cium
473 5556 1013 5643 esse'queat,'nulli
1043 5556 1241 5624 tamen
1273 5556 1381 5642 per
1410 5577 1475 5623 se
1504 5556 1804 5645 loquendo
1830 5556 2176 5646 praecipitur
2211 5579 2228 5637 ;
2279 5564 2502 5651 quique
2556 5565 2613 5632 id
2664 5582 2785 5633 non
2815 5560 3110 5652 observat,
3145 5558 3365 5620 nullius
3395 5556 3657 5629 mandati

282 5641 464 5709 αἰνηιί
492 5659 634 5707 reus
664 5641 867 5709 peragi
900 5649 1108 5709 potest.

323 5642 464 5707 ivmi
492 5659 634 5707 reus
655 5641 867 5725 peragi
900 5649 1108 5723 potest.
