4054 6114
364 284 481 352 667

1659 296 2041 362 SYMEONIS
2077 299 2429 364 IUNIORIS

3616 298 3742 365 668

365 424 677 502 canonice,
711 423 1124 510 distinctisque
1178 428 1547 510 temporibus
1587 437 1641 491 et
1672 430 1835 493 boris
1867 448 2006 509 pre-

2108 432 2166 494 ἱις
2214 428 2317 498 ἤδη
2361 431 2530 488 πάντα
2572 429 2962 512 πεπληρωκὼς,
3021 432 3119 489 ὅσα
3173 431 3233 490 ἂν
3295 437 3585 498 κανονικῶς
3651 434 3743 489 καὶ

369 531 577 575 camur
606 532 678 576 ac
709 515 1034 594 psallimus.
1085 516 1183 580 Sic
1240 518 1439 593 etiam,
1482 518 1583 600 qui
1633 522 1823 582 Deum
1852 520 1913 581 in
1947 537 2013 581 se

368 602 637 665 habitare
657 604 787 675 scit,
814 623 849 666 a
868 625 983 686 quo
1009 607 1350 670 hominibus
1378 608 1626 671 scientia
1654 609 1788 671 data
1808 618 1899 671 est
1924 608 2003 685 37,

370 700 547 754 totam
573 692 933 773 Scripturam
959 695 1216 758 divinam
1244 707 1557 779 percurrit,
1590 707 1647 760 et
1692 707 1879 762 totum
1910 697 2010 780 qui

372 800 441 843 ex
466 782 722 844 lectione
742 784 1038 865 colligitur
1054 786 1304 848 fructum
1320 788 1583 870 percepit
1605 788 2014 870 ;necamplius

371 870 670 933 volumina
700 871 898 953 legere
927 885 1187 954 cogetur.
1223 874 1339 939 Cur
1358 878 1517 938 enim
1532 885 1863 956 cogeretur,
1880 895 2012 940 cum

372 976 508 1020 eum
539 961 639 1041 qui
671 962 1067 1041 scriptoribus
1096 983 1296 1026 sacras
1344 966 1682 1047 Scripturas
1711 965 2017 1047 inspiravit

374 1049 530 1128 apud
565 1068 630 1112 se
662 1052 1083 1115 collocutorem
1114 1055 1347 1130 habeat,
1383 1056 1529 1117 etab
1546 1074 1615 1116 eo
1632 1055 2016 1117 abscondito-

372 1157 505 1200 rum
532 1140 947 1217 mysteriorum
981 1160 1200 1206 arcana
1227 1145 1512 1206 doceatur
1533 1143 1725 1217 ?Quin
1743 1145 1870 1225 ipse
1890 1143 2022 1205 aliis

372 1226 526 1289 iiber
559 1247 591 1291 a
621 1228 742 1292 Deo
773 1231 1093 1312 inspiratus
1125 1233 1238 1295 erit
1274 1252 1424 1296 nova
1454 1241 1512 1295 et
1540 1241 1737 1295 vetera
1766 1233 2021 1295 affereus

376 1319 660 1397 mysteria
687 1320 767 1397 2εἰ,
805 1322 1141 1403 conscripta
1171 1322 1356 1402 digito
1410 1324 1517 1385 Dei
1549 1324 1608 1384 in
1639 1322 1792 1404 ipso,
1825 1331 1891 1384 ut
1919 1322 2021 1404 qui

380 1409 700 1490 perfecerit
727 1412 945 1485 omnia,
974 1420 1030 1473 et
1056 1411 1344 1493 quieverit
1364 1413 1425 1474 in
1446 1413 1569 1476 Deo
1601 1412 1827 1493 (quiest
1853 1431 2018 1474 sum-

377 1515 472 1560 ma
503 1499 811 1581 perfectio)
843 1500 915 1562 ab
946 1500 1225 1565 omnibus
1253 1503 1534 1587 operibus
1561 1501 1685 1564 suis
1722 1503 1870 1583 (21).

466 1671 601 1772 119.
634 1671 887 1772 Pollut‘io
909 1682 1196 1772 nocturna
1209 1693 1273 1736 ex
1292 1675 1490 1772 multis
1504 1675 1697 1737 causis
1710 1673 2021 1757 provenire
2040 1711 2086 1772 Β

372 1757 525 1819 solet
560 1777 573 1821 :
611 1778 680 1821 ex
711 1760 992 1841 ingluvie,
1028 1781 1099 1824 ex
1157 1762 1460 1843 superbia,
1494 1772 1551 1825 et
1581 1783 1653 1826 ex
1683 1764 2016 1826 daemonum

380 1847 599 1910 invidia
633 1867 649 1925 ;
681 1851 870 1913 oritur
899 1852 1073 1915 etiam
1106 1873 1176 1915 ex
1205 1854 1377 1933 longa
1407 1852 1645 1933 vigilia;
1679 1870 1928 1933 corpore
1957 1853 2021 1914 in

378 1956 650 2019 soporem
676 1949 938 2014 nutante,
966 1951 1023 2004 et
1047 1964 1114 2005 ex
1137 1943 1347 2006 timore
1366 1963 1439 2004 ne
1460 1944 1613 2005 istud
1639 1943 1886 2006 accidat.
1913 1942 2020 2003 Vel

377 2026 589 2108 siquis
647 2032 927 2095 sacerdos
982 2034 1239 2096 divinam
1296 2034 1614 2113 Lilurgiam
1667 2040 1765 2093 aut
1794 2051 2020 2094 sacram

378 2120 860 2182 communionem
881 2131 1144 2203 peragat,
1166 2125 1344 2207 idque
1356 2125 1615 2204 cogitans
1627 2121 1799 2184 simul
1816 2122 2017 2183 timeat

377 2225 453 2268 ne
479 2206 621 2270 illud
652 2208 711 2271 in
744 2210 894 2272 lecto
925 2212 1196 2291 patiatur,
1228 2206 1452 2276 cubans
1485 2212 1742 2293 patitur:
1775 2211 1932 2292 quod
1966 2219 2025 2272 et

373 2296 709 2359 daemonum
744 2300 966 2362 invidia
989 2303 1296 2383 contingit.
1331 2303 1402 2364 Et
1433 2302 1673 2385 quidem
1705 2294 1819 2363 aiio
1845 2301 2021 2362 modo

377 2386 478 2447 fit:
506 2386 722 2469 aliquis
743 2389 929 2452 visum
957 2391 1016 2453 in
1041 2392 1137 2454 die
1157 2394 1378 2454 vultum
1412 2392 1693 2455 decorum
1730 2399 1931 2465 postea
1960 2389 2018 2450 in

378 2474 801 2555 imaginatione
834 2480 944 2541 sibi
969 2490 1400 2562 repraesentans
1425 2504 1437 2540 :
1461 2482 1522 2542 in
1545 2479 1787 2541 lubricis
1810 2481 2022 2558 cogita-

381 2563 643 2626 tionibus
668 2565 1079 2645 obdormiscit,
1131 2590 1349 2651 easque
1382 2589 1500 2651 prie
1531 2569 1758 2649 ignavia
1782 2587 1899 2629 non
1918 2586 2019 2628 re-

380 2654 630 2734 pellens,
655 2658 1078 2721 somniathaud
1098 2678 1273 2721 secus
1291 2679 1359 2721 ac
1405 2659 1536 2737 vigil
1573 2663 1628 2719 in
1664 2658 1815 2719 lecto
1844 2675 2023 2717 recu-

381 2741 547 2804 bans.
582 2744 720 2807 Alio
750 2746 886 2809 dein
921 2749 1093 2810 modo
1127 2749 1375 2811 accidit:
1412 2748 1652 2829 quidam
1680 2744 2023 2825 suntignavi

383 2831 538 2912 (meo
571 2834 809 2914 quidem
837 2837 1117 2915 judicio‘,
1150 2838 1450 2912 sedentes,
1477 2834 2023 2915 dequelibidinosis

379 2922 789 3002 colloquentes
822 2928 1024 3008 rebus,
1058 2929 1128 2989 ad
1163 2927 1473 2989 libidinem
1507 2926 1869 2987 incilandam
1900 2924 2023 2986 sive

2095 518 2149 574 ἐν
2204 519 2589 600 ἀφωρισμένοις
2644 536 2854 601 καιροῖς
2899 524 2985 578 καὶ
3039 522 3199 602 ὥραις
3257 522 3522 603 εῦχόμεθά
3568 544 3630 579 τε
3656 523 3748 578 καὶ

2095 607 2367 685 ψάλλομεν
2403 625 2417 640 °
2452 610 2589 667 οὕτω
2618 612 2705 667 καὶ
2733 614 2762 668 ὁ
2804 613 2895 669 τὸν
2946 609 3151 668 διδόντα
3206 619 3401 691 γνῶσιν
3444 612 3747 691 ἀνθρώποις

2098 699 2226 754 Θεὸν
2296 698 2350 754 ἐν
2408 698 2578 773 ἐαυτῷ
2633 706 2885 777 γνωστῶς
2952 700 3312 775 κτησάμενος,
3370 707 3546 757 πᾶσαν
3589 701 3748 777 ἁγίαν

2097 784 2274 853 διῆλθε
2334 789 2565 868 Γραφὴν,
2615 790 2703 846 καὶ
2771 795 2942 845 πᾶσαν
2985 790 3085 857 τὴν
3143 788 3202 846 ἐκ
3242 795 3342 856 τῆς
3392 790 3747 869 ἀναγνώσεως

2097 873 2354 955 ὠφέλειαν
2385 876 2751 956 ἐκαρπώσατο,
2812 880 2901 934 καὶ
2956 877 3051 935 οῦκ
3106 877 3181 935 ἔτι
3225 875 3442 955 βιϐλίων
3492 877 3749 957 ἀναγνώ-

2099 986 2232 1031 σεως
2279 962 2589 1036 δεηθήσεται
2623 983 2638 998 °
2684 972 2798 1030 πῶς
2855 967 2953 1046 γὰρ
3011 969 3038 1023 ὁ
3094 968 3184 1022 τὸν
3232 967 3597 1043 ἐμπνεύσαντα
3627 979 3750 1028 τοῖς

2098 1059 2191 1121 τὰς
2257 1056 2396 1118 θείας
2454 1055 2659 1134 Γραφᾶς
2720 1056 3005 1137 γεγραφόσι
3064 1054 3343 1131 συνόμιλον
3413 1055 3752 1132 κεκτημένος

2098 1148 2187 1204 καὶ
2214 1143 2338 1226 παρ’
2392 1144 2591 1201 ἐκείνου
2638 1145 2935 1221 μυούμενος
2990 1145 3056 1200 τὰ
3101 1150 3208 1200 τῶν
3262 1144 3753 1226 ἀποκεκρυμμένων

2104 1236 2405 1314 μυστηρίων
2448 1231 2719 1311 ἆπόρῤητα
2752 1252 2768 1313 ς
2828 1232 2965 1290 ἀλλὰ
2994 1230 3171 1310 βίϐλος
3203 1237 3351 1297 οῦτος
3392 1247 3510 1298 τοῖς
3565 1232 3755 1297 ἄλλοις

2102 1326 2444 1389 θεόπνευστος
2472 1324 2639 1399 ἔσται,
2685 1325 2841 1382 καινά
2869 1346 2927 1380 τε
2962 1327 3051 1382 καὶ
3080 1324 3315 1382 παλαικὰ
3357 1325 3621 1403 μυστήρια
3654 1322 3758 1404 φέ-

2105 1437 2287 1495 ρουσα,
2320 1416 2661 1493 γεγραμμένα
2690 1412 2929 1487 δακτύλῳ
2958 1422 3090 1472 Θεοῦ
3130 1415 3185 1471 ἐν
3228 1415 3369 1488 αὒτῷ
3403 1430 3417 1443 ·
3476 1415 3551 1478 ὡς
3582 1413 3766 1469 πάντα

2104 1504 2322 1569 τελέσας
2354 1504 2441 1560 καὶ
2484 1525 2618 1561 κατα
2632 1504 2823 1566 παύσας
2853 1503 2907 1559 ἐν
2956 1510 3070 1579 Θεῷ
3118 1510 3188 1581 τῇ
3218 1503 3419 1584 ἀρχικῇ
3448 1501 3759 1570 τελειότητι

2102 1593 2209 1651 ἀπὸ
2251 1594 2462 1650 πάντων
2504 1596 2608 1648 τῶν
2641 1590 2805 1671 ἔργων
2836 1592 3014 1651 αὖτοῦ.

2182 1671 2299 1762 ριθ’,
2347 1672 2409 1738 (Η
2440 1679 2555 1737 καθ’
2611 1679 2802 1742 ὕπνους
2858 1680 3025 1758 ῥεῦσις
3081 1680 3140 1738 ἐκ
3194 1679 3406 1738 πολλῶν
3447 1681 3756 1739 ὑποθέσεων

2101 1772 2258 1829 εἴωθε
2312 1773 2562 1851 γίνεσθαι,
2636 1769 2696 1827 ἐκ
2767 1771 3204 1851 γαστριμαργίας,
3286 1770 3347 1826 ἐκ
3422 1769 3754 1851 κενονοξίας,

2101 1864 2188 1918 καὶ
2218 1861 2276 1918 ἐκ
2308 1861 2496 1941 φθόνου
2523 1867 2626 1917 τῶν
2682 1858 2943 1935 δαιμόνων
2978 1875 2992 1890 ⁸
3055 1860 3251 1939 γίνεται
3301 1858 3353 1915 δὲ
3400 1861 3488 1916 καὶ
3517 1859 3577 1917 ἐκ
3603 1858 3755 1917 πολ-

2101 1951 2202 2019 λῆς
2237 1950 2548 2030 ἀγρυπτίας,
2580 1951 2652 2013 εἷς
2710 1948 2870 2005 ὕπνον
2924 1949 3280 2029 χαυνουμένου
3337 1955 3428 2006 τοῦ
3471 1949 3754 2024 σώματος,

2102 2043 2189 2097 καὶ
2218 2041 2323 2097 ἀπὸ
2353 2038 2497 2103 δέους
2528 2048 2620 2097 τοῦ
2653 2040 2729 2114 μὴ
2773 2048 2926 2097 τοῦτο
2980 2042 3170 2095 παθεῖν
3204 2056 3216 2070 ⁸
3275 2037 3310 2106 ἢ
3355 2036 3441 2094 διὰ
3469 2041 3565 2107 τήν
3607 2040 3758 2095 θείαν

2103 2129 2427 2209 λειτουργίαν
2471 2128 2649 2207 ἱερέως
2692 2129 2834 2191 τινὸς
2864 2126 3038 2206 ὄντος,
3069 2127 3104 2195 ἢ
3146 2129 3233 2183 καὶ
3287 2125 3370 2183 διὰ
3422 2128 3516 2195 τὴν
3548 2150 3759 2185 κοινω-

2107 2220 2238 2293 νίαν,
2270 2221 2358 2276 καὶ
2387 2232 2503 2282 τοῖς
2564 2217 2850 2296 λογισμοῖς
2904 2214 3193 2288 συνδυάζων
3251 2218 3455 2281 τούτοις
3510 2223 3608 2285 τῆς
3640 2216 3759 2274 δει-

2105 2308 2219 2372 λίας
2249 2308 2302 2364 ἐν
2331 2314 2397 2384 τῇ
2427 2306 2601 2383 κλίνῇ,
2634 2316 2725 2366 τοῦ
2776 2309 2957 2383 μέπως
3013 2310 3223 2378 παθεῖν,
3282 2309 3554 2382 κοιμηθεὶς
3597 2314 3755 2364 τοῦτο

2103 2397 2359 2455 πέπονθεν
2394 2413 2408 2426 ’
2443 2398 2470 2452 ὃ
2513 2399 2601 2452 καὶ
2651 2398 2776 2453 αὐτὸ
2833 2396 3019 2476 φθόνου
3074 2394 3336 2471 δαιμόνων
3362 2397 3615 2476 ῦπάρχει.
3651 2399 3754 2455 Καὶ

2106 2485 2278 2551 ἄλλως
2338 2485 2392 2543 δέ
2428 2505 2441 2518 ’
2514 2487 2761 2565 ἑωρακώς
2817 2507 2895 2548 τις
2951 2484 3168 2541 εὕοπτον
3227 2484 3511 2562 πρόσωπον
3570 2484 3624 2541 ἐν
3680 2493 3751 2563 τῇ

2104 2578 2298 2656 ἡμέρᾳ,
2360 2581 2480 2633 εἶτα
2530 2576 2816 2654 ἀνιστορῶ-ι
2886 2584 3036 2633 τοῦτο
3092 2574 3229 2631 κατὰ
3271 2572 3524 2644 διάνοιαν,
3592 2597 3750 2633 συνυ-

2106 2666 2302 2723 πνώσει
2332 2680 2447 2730 τοῖς
2477 2677 2750 2739 πορνικοτς
2806 2663 3088 2743 λογισμοῖς
3122 2680 3135 2693 ·
3199 2661 3284 2719 διὰ
3337 2665 3644 2744 χαυνότητα
3674 2668 3748 2742 μὴ

2105 2755 2454 2831 ἀπωσάμενος
2509 2754 2716 2833 αὖτοὺς,
2773 2753 2952 2810 πίπτει
3008 2750 3126 2809 καθ’
3178 2751 3395 2825 ὕπνους,
3467 2752 3603 2818 ἴσως
3665 2756 3748 2811 καὶ

2103 2844 2405 2924 ἐγρηγορὼς
2461 2844 2699 2918 κεῖμενος
2743 2841 2796 2899 ἐν
2825 2848 2895 2919 τῇ
2923 2843 3096 2917 κοίτῃ.
3132 2843 3232 2900 Καὶ
3278 2840 3449 2905 ἄλλως
3499 2841 3600 2898 δέ’
3652 2846 3750 2899 εἶσί

2102 2955 2237 2997 τινες
2296 2933 2511 3011 ῥᾴθυμοι
2569 2928 2685 2988 κατ’
2739 2931 2856 3006 ἐμὲ,
2917 2932 3278 3008 καθεζόμενοι,
3346 2931 3429 2985 καὶ
3482 2930 3598 3007 περὶ
3639 2930 3738 3004 ἐμ-

380 3008 829 3088 aliter;deinde
854 3016 1065 3077 lectum
1093 3024 1383 3096 petentes,
1411 3032 1627 3095 easque
1668 3013 1725 3073 in
1765 3020 2022 3085 mentem

2108 3008 2305 3081 RZOIDV'
2341 3020 2644 3098 ὁμιλοῦντες
2703 3019 3052 3099 πραγμάτων,
3128 3018 3164 3087 ἢ
3223 3021 3309 3075 καὶ
3361 3018 3627 3097 ἐμπαθῶς,
3700 3017 3733 3086 ἢ

379 3111 751 3173 revocantes,
787 3112 844 3164 et
874 3124 1007 3166 cum
1064 3105 1208 3186 ipsis
1237 3105 1705 3170 obdormienles.
1742 3102 1884 3164 illud
1921 3121 2026 3183 per

380 3206 654 3251 somnum
690 3193 1096 3272 experiuntur.
1123 3193 1351 3257 Pariter
1380 3213 1447 3256 ex
1481 3194 1608 3274 ipso
1640 3209 1916 3253 sermone
1936 3192 2023 3252 al-

382 3277 566 3340 terius
587 3279 865 3343 damnum
889 3283 1104 3364 aliquis
1140 3284 1375 3364 patitur.
1404 3283 1771 3363 Quapropter
1795 3289 2029 3359 oportet

382 3368 543 3429 omni
574 3389 716 3432 cura
744 3370 858 3432 sibi
890 3372 1217 3452 invigilare,
1255 3385 1311 3434 et
1342 3374 1468 3435 haec
1499 3373 1812 3452 Prophetas
1845 3369 2029 3431 verba

385 3457 703 3522 meditari:
764 3459 1150 3523 Providebam
1204 3462 1522 3524 Dominum
1583 3460 1643 3523 in
1704 3467 2022 3538 conspectu

381 3564 515 3610 meo
548 3566 805 3630 semper,
841 3551 1118 3631 quoniam
1149 3571 1182 3613 a
1212 3550 1434 3613 dextris
1466 3558 1553 3612 est
1585 3548 1754 3621 mihi,
1778 3566 1852 3608 ne
1870 3566 2023 3608 com-

384 3655 641 3713 movear,
696 3665 718 3696 ιι
783 3648 841 3700 et
895 3659 1066 3701 aures
1124 3640 1196 3701 ab
1256 3639 1589 3701 istiusmodi
1647 3635 2021 3699 sermonibus

382 3728 760 3807 praemunire.
798 3728 1022 3811 Saepius
1053 3729 1227 3791 etiam
1278 3729 1458 3809 aliqui
1488 3728 1561 3791 ab
1594 3727 1861 3788 oratione
1890 3744 2018 3787 ces-

381 3824 584 3879 santes
621 3817 680 3879 in
713 3828 907 3881 motus
963 3820 1233 3881 carnales
1288 3818 1530 3900 impulsi
1586 3825 1740 3890 sunt,
1777 3815 1931 3878 sicut
1959 3814 2019 3875 in

381 3906 573 3988 rapite
602 3908 675 3970 de
713 3910 980 3972 oratione
1011 3908 1400 3971 ostendimus.

468 4190 607 4255 120.
637 4192 731 4254 [τις
751 4201 859 4269 ter,
884 4193 1078 4255 statim
1118 4212 1185 4255 ac
1214 4191 1434 4253 mundo
1472 4185 1825 4260 valedixisti,
1859 4184 2031 4246 stude

2101 3116 2188 3170 καὶ
2218 3110 2297 3179 οῦ,
2333 3112 2455 3167 εἶτα
2495 3109 2548 3165 ἐν
2602 3116 2669 3186 τῇ
2720 3109 2872 3184 κοίτῃ
2920 3107 3227 3187 ἐρχόμενοι,
3281 3108 3363 3162 καὶ
3415 3116 3580 3164 ταῦτα
3604 3106 3743 3163 κατὰ.

2103 3208 2220 3259 νοῦν
2268 3199 2699 3279 ἀναστρέφοντες,
2755 3199 2842 3254 καὶ
2896 3202 2965 3273 τῇ
3018 3197 3220 3253 τούτων
3273 3193 3556 3279 συνδριάσει
3617 3193 3744 3251 ενα-

2104 3290 2523 3368 ποκοιμώμενοι,
2577 3285 2692 3344 καθ’
2740 3286 2929 3350 ὕπνους
2985 3286 3316 3365 ὑφίστανται,
3375 3265 3522 3349 "toto;
3579 3284 3635 3340 δὲ
3666 3284 3754 3341 καὶ

2103 3378 2220 3438 κατ’
2280 3380 2443 3447 αὒτῆν
2500 3379 2596 3446 τὴν
2656 3376 2866 3453 ὁμιλίαν
2922 3382 3014 3432 τοῦ
3067 3375 3283 3447 θατέρου
3348 3373 3622 3453 ἀνθρώπω
3660 3373 3755 3430 θα-

2104 3492 2252 3549 τερος
2283 3470 2381 3537 τὴν
2424 3464 2629 3545 βλάϐην
2672 3464 2902 3531 ἐδέξατο.
2968 3466 3065 3521 Διὰ
3120 3474 3275 3523 τοῦτο
3331 3462 3623 3543 προσέχειν
3676 3461 3755 3518 δεῖ

2107 3560 2319 3622 ἑαυτοὺς
2377 3558 2626 3636 πάντοτε,
2692 3557 2779 3613 καὶ
2851 3556 2910 3611 τὸ
2986 3563 3078 3613 τοῦ
3134 3555 3410 3634 Προφήτου
3480 3551 3708 3627 μελετᾷν
3739 3567 3754 3582 ⁸

2110 3669 2132 3701 ιι
2197 3648 2537 3728 Προωρώμην
2594 3648 2684 3702 τὸν
2756 3644 2942 3724 Κύριον
3010 3642 3234 3699 ἐνώπιόν
3301 3663 3406 3718 μου
3463 3639 3756 3704 διαπαντὸς

2103 3737 2183 3794 ὅτι
2213 3738 2237 3793 ὲ
2305 3736 2328 3753 ’⁵
2359 3736 2380 3773 ⁵
2406 3742 2438 3776 θ’
2579 3735 2604 3772 ·’
2829 3733 2854 3773 π’
3007 3733 3027 3766 ·“
3225 3755 3234 3768 ·
3291 3736 3321 3767 Γ
3360 3750 3375 3765 ⁸
3698 3730 3713 3748 ‘

2239 3761 2272 3794 κ
2301 3750 2478 3802 οε,ι.υν
2509 3758 2608 3810 μου
2635 3734 2798 3809 ἐστιν,
2841 3756 2920 3789 ,να
2966 3755 3043 3809 μη
3095 3730 3332 3788 σαλεδθδι
3429 3752 3453 3787 ι
3518 3732 3608 3787 καὶ
3662 3751 3756 3792 τας

2104 3828 2268 3890 ἀκοὰς
2324 3825 2675 3905 ἀποφράττειν
2729 3836 2845 3886 τοῖς
2894 3822 3151 3885 τοιούτοις
3209 3819 3413 3898 λόγοις,
3478 3817 3748 3882 Πολλάκις

2105 3918 2193 3973 καὶ
2260 3921 2358 3982 τῆς
2408 3914 2578 3994 εὒχῆς
2634 3935 2771 3977 τινες
2825 3910 3328 3991 ἆπασχολήσαντες,
3390 3911 3462 3972 εὶς
3519 3909 3757 3978 κινήσεις

2106 4005 2356 4084 σαρκικὰς
2404 4005 2833 4077 συνωθήσθησαν,
2879 4002 3010 4058 κατὸ
3056 4000 3143 4056 καὶ
3198 3998 3252 4055 ἐν
3294 4005 3373 4073 τῷ
3428 4003 3528 4066 τῆς
3585 3999 3758 4078 εὒχῆς

2109 4094 2378 4175 κεφαλαίῳ
2407 4091 2773 4167 ἐδηλώσαμεν,

2188 4175 2291 4264 ρκ’.
2327 4183 2568 4265 Ἀδελφέ,
2619 4182 2672 4239 ἐν
2719 4189 2788 4261 τῇ
2845 4181 2992 4261 ἀρχῇ
3034 4186 3134 4248 τῆς
3189 4180 3468 4257 ἀποταγῖκ
3525 4175 3763 4235 σπούδα-

384 4279 663 4359 pulchras
684 4281 925 4343 virtutes
946 4283 1007 4344 in
1034 4282 1222 4362 teipso
1262 4281 1550 4354 inserere,
1584 4285 1645 4338 ut
1670 4285 1729 4337 et
1757 4293 2023 4337 commu-

2108 4298 2196 4331 σον
2226 4275 2392 4337 ma;
2437 4274 2624 4353 αρετὰς
2688 4272 2742 4328 ἒν
2794 4277 2997 4345 σεαυτῷ
3055 4276 3327 4351 φυτεῦσαι,
3387 4269 3540 4333 ὅπως
3564 4269 3652 4325 καὶ
3682 4275 3763 4342 τῷ

387 4355 556 4430 nitati
590 4370 694 4431 ﬁas
723 4369 906 4451 utilis,
939 4381 997 4432 et
1023 4389 1087 4431 se
1122 4355 1482 4449 'magnilicet
1509 4384 1687 4445 supra
1714 4362 2023 4425 inferiores

2108 4370 2267 4438 κοινῷ
2299 4363 2428 4441 γένῃ
2462 4363 2755 4443 χρήσιμος,
2802 4361 2891 4417 καὶ
2943 4360 3002 4414 σὲ
3046 4358 3326 4437 μεγαλύνει
3370 4355 3453 4415 ἐπ’
3512 4357 3763 4437 ἐσχάτων

385 4456 694 4520 Dominus.
729 4458 814 4520 Ne
848 4478 1105 4540 unquam
1139 4461 1379 4521 atfectes
1410 4456 1868 4519 familiaritatem
1893 4471 2026 4513 cum

391 4547 720 4626 superiore,
754 4557 818 4609 ιιι
838 4550 890 4609 al
919 4548 977 4610 bi
999 4549 1276 4621 diximus,
1303 4566 1411 4609 nec
1433 4546 1579 4608 velis
1609 4544 1682 4605 ab
1714 4544 1813 4604 illo
1847 4542 2028 4603 hono-

385 4636 549 4713 rari;
583 4655 658 4698 ne
689 4646 890 4719 captes
916 4637 1235 4700 amicitiam
1259 4636 1655 4717 superiorum,
1692 4651 1802 4693 nec
1819 4649 2024 4693 eorum

387 4724 569 4788 cellas
601 4726 935 4790 circumeas
967 4745 1194 4788 memor
1219 4724 1383 4796 inde
1439 4724 1563 4785 fore
1594 4731 1656 4783 ut
1688 4739 1803 4782 non
1836 4719 2028 4782 solum

463 4897 522 4946 ³⁷
552 4897 708 4962 Psal.
744 4913 944 4973 cxvm,
977 4896 1076 4961 66.
1160 4896 1219 4946 98
1248 4895 1453 4961 Matth.
1485 4909 1608 4968 xm,
1643 4891 1743 4954 5'2.

466 5077 924 5159 (2|),Pontmus
971 5075 1138 5139 addit
1193 5074 1311 5136 duo
1367 5072 1676 5159 sequentia
1722 5070 2023 5159 capitula:

391 5183 413 5212 ς
452 5152 759 5230 Quodnam
792 5157 1047 5238 primum
1068 5165 1175 5229 est,
1198 5163 1255 5217 et
1274 5152 1499 5238 majus,
1526 5152 1888 5234 etquomodo
1907 5152 2031 5238 haec

386 5240 596 5300 ordine
625 5238 752 5300 fieri
794 5231 1295 5299 consueverunt?
1355 5231 1626 5296 l’rimum'
1672 5241 1762 5294 est
1814 5231 2025 5305 oratio,

386 5319 606 5380 deinde
636 5319 1017 5400 illuminatio,
1043 5329 1245 5400 postea
1265 5314 1600 5400 illustratio.
1622 5312 1835 5400 etbinc
1868 5310 2031 5400 inge-

387 5400 805 5481 neraturAvisio
826 5390 1021 5481 rerum
1044 5390 1180 5481 quae
1203 5398 1259 5481 in
1295 5396 1518 5481 lumine
1542 5402 1679 5455 sunt
1720 5390 2029 5481 Quomodo

382 5480 543 5542 enim
572 5478 697 5543 sole
729 5497 845 5542 non
879 5469 1111 5541 lucente
1142 5475 1735 5559 quispiamillustrari
1757 5476 1784 5535 ’ἔ
1808 5480 1907 5535 aut
1929 5469 2030 5559 qui

382 5560 589 5623 oculos
612 5560 884 5638 perfecte
914 5550 1294 5620 illuminatos'
1332 5576 1451 5620 non
1501 5554 1699 5636 habet,
1732 5550 2028 5636 quomodo

384 5637 723 5721 quempiam
753 5638 1182 5721 viderepotest
1208 5638 1239 5721 f?

468 5742 492 5775 α
516 5712 697 5791 Quies
722 5712 1074 5795 monastica,
1098 5725 1189 5781 est
1208 5717 1669 5799 imperturbatus
1690 5712 1876 5777 animi
1907 5719 2030 5773 sta-

2107 4455 2134 4510 ὁ
2214 4453 2420 4532 Κύριος,
2510 4452 2597 4519 Μὴ
2676 4451 2851 4525 κτήσῃ
2923 4446 3216 4528 παῤῥησίαν
3274 4448 3406 4523 μετά
3463 4444 3763 4532 ἡγουμένου

2111 4542 2261 4621 ποτὲ,
2290 4530 2427 4597 Ἴκαθᾶ
2471 4542 2556 4597 καὶ
2587 4537 2775 4596 ἄλλοτε
2805 4535 3050 4612 εἴπομεν,
3107 4533 3242 4609 μηδὲ
3284 4538 3430 4607 ζήτει
3486 4530 3612 4613 παρ’
3657 4536 3758 4591 αῦ-

2503 4629 2580 4704 μὴ
2629 4629 2810 4703 πτήσῃ
2857 4625 3034 4704 φιλίαν
3065 4627 3199 4701 μετὰ
3228 4631 3330 4681 τῶν
3360 4624 3703 4704 προεχόντων
3742 4636 3757 4651 ⁸

2109 4636 2200 4688 τοῦ
2229 4631 2389 4706 τιμήν
2426 4649 2439 4662 ⁵

2112 4717 2246 4796 μηδὲ
2289 4720 2382 4783 τὰς
2441 4718 2609 4776 αῦτῶν
2665 4715 2859 4780 κὲλλας
2912 4713 3130 4772 κύγλευε
3166 4728 3180 4743 ⁸
3242 4714 3519 4793 γινώσκων
3568 4715 3643 4776 ὡς
3699 4711 3756 4769 ὲν

2114 5075 2229 5140 tus,
2262 5064 2483 5133 liberae,
2519 5071 2577 5125 et
2601 5062 2949 5127 exsultantis
3007 5062 3220 5140 animae
3249 5054 3761 5140 rerenitas.,basis

2156 5137 2378 5209 uaedam
2410 5144 2629 5219 cordis,
2666 5144 2841 5207 nullis
2868 5143 3079 5222 agitata
3107 5139 3320 5222 turbis,
3374 5137 3550 5222 nullis
3580 5138 3761 5222 inunj-

2156 5167 2378 5209 uaeuam
2410 5167 2629 5219 COI‘GIS,
2666 5167 2841 5207 11111115
2868 5167 3079 5222 agnata
3107 5167 3320 5216 lul‘UlS,
3374 5167 3550 5199 num:
3582 5167 3753 5198 ιιιιιιι-

2112 5167 2247 5289 ὕεια
2275 5225 2572 5299 ﬂuctibus,
2605 5224 3020 5305 contemplatio
3078 5220 3342 5305 luminis,
3379 5217 3622 5305 mystica
3647 5215 3753 5278 Dei

2112 5307 2390 5387 cognitio,
2424 5296 2624 5367 sermo
2678 5296 3008 5387 sapientiae,
3070 5296 3329 5387 abyssus'
3368 5296 3756 5387 consiliorum

2112 5376 2241 5462 Dei,
2273 5376 2475 5468 raptus
2498 5376 2941 5468 Amentis,'__pura
2988 5376 3164 5468 cum:
3190 5384 3312 5468 Deo
3358 5376 3756 5468 conversatio,

2113 5457 2319 5530 oculus
2344 5457 2617 5547 'pervigil,
2639 5457 3058 5547 intellectualis
3078 5461 3369 5547 adoratio,
3403 5457 3544 5547 unio
3577 5465 3638 5520 et
3663 5473 3758 5547 c9-

2114 5547 2337 5628 pulatio
2354 5536 2490 5608 cum
2513 5536 2658 5628 Deo,
2685 5544 3000 5628 terminus,
3025 5540 3353 5628 Deiﬁcatio,
3376 5546 3433 5600 et
3447 5538 3514 5628 _in
3532 5536 3763 5616 magnis

2115 5617 2388 5692 asceticze
2417 5628 2545 5690 vitae
2572 5624 2874 5689 laboribus
2902 5617 3032 5687 sine
3061 5621 3264 5685 labore
3293 5617 3554 5701 requies.
3593 5642 3622 5674 ιι
