4054 6114
338 341 452 408 669

1679 345 1960 410 CAPITA
2000 342 2358 411 MOBALIA.

3584 337 3703 403 670

331 476 498 549 τούτῳ
524 480 586 536 οὐ
633 477 791 553 μόνον
849 479 910 534 τὸ
965 482 1063 545 τῆς
1118 475 1410 545 κενοδοξίας
1465 480 1627 544 πάθος
1673 480 1841 558 ῥιζοῦν
1871 481 1932 561 ἄρ

2023 479 2347 561 ιευρενιιίῖε
2364 479 2566 542 vitium
2598 479 2658 541 in
2691 485 2747 540 te
2777 478 3029 541 radicari
3059 478 3328 561 incipiat,
3360 478 3463 540 sed
3516 477 3692 540 etiam

332 589 484 648 χεται
517 566 570 622 ἐν
601 569 703 647 σοὶ,
750 567 885 624 ἀλλὰ
925 570 1014 625 καὶ
1055 569 1280 643 μισητὸς
1335 570 1477 649 παρὰ
1518 577 1608 625 τοῦ
1639 579 1968 648 προεστῶτος

2053 571 2296 632 odiosus
2319 570 2611 651 superiori
2630 579 2726 632 tuo
2776 570 2880 631 ﬁas
2899 569 3040 648 (hoc
3070 579 3267 630 autem
3303 569 3563 648 prudens
3593 567 3692 629 in-

330 657 530 732 γενήσῃ
563 673 578 687 ⁵
614 658 673 711 τὸ
701 655 755 712 δὲ
785 662 899 720 πῶς
944 658 972 712 ὁ
1015 663 1149 713 νοῶν
1192 658 1375 714 νοείτω
1404 676 1419 693 ⁶
1469 658 1684 730 καθέζου
1727 658 1780 716 δὲ
1810 660 1861 718 ἐν
1894 683 1932 717 τι

2055 663 2316 740 telliget).
2338 661 2560 724 Verum
2584 661 2727 722 sede
2753 660 2985 741 quietus
3008 658 3068 718 in
3099 665 3194 719 tua
3217 658 3449 733 cellula,
3478 657 3685 738 qualis-

325 743 518 818 κιλλίιρ
545 767 658 815 σου,
696 750 812 802 οἷον
841 744 884 802 δ’
917 744 978 802 ἂν
1027 744 1190 820 ἔστιν,
1241 747 1295 803 ἐν
1352 749 1531 826 εἰρήνῃ
1566 763 1580 777 ⁸
1629 751 1715 804 καὶ
1771 757 1846 824 τῷ
1875 751 1930 807 θέ

2051 770 2305 831 cumque
2335 751 2412 812 sit
2443 757 2459 813 ξ
2521 759 2578 813 et
2609 750 2898 811 volentem
2960 756 3015 809 te
3078 748 3298 828 alloqui
3332 765 3406 811 ne
3435 747 3688 825 repellas

325 835 467 889 λοντῖ
510 856 590 891 σοι
621 849 903 914 συντυχεῖν
935 835 1010 910 μὴ
1055 835 1422 917 ἀποστραφῆς,
1469 837 1642 893 ἕνεκεν
1671 836 1962 909 εὖλαϐείας,

323 921 458 978 ἀλλὰ
513 924 703 1001 γνώμῃ
747 930 978 1003 πατρικῇ
1034 924 1206 999 τούτῳ
1251 927 1546 1006 συντυχὼν,
1605 931 1665 986 οὗ
1692 925 1960 1004 βλαϐήσῃ,

321 1013 366 1068 εἰ
392 1013 478 1068 καὶ
507 1012 566 1067 ἐκ
607 1017 712 1068 τῶν
760 1012 1006 1068 ἐναντίων
1036 1011 1171 1068 ἐστίν
1207 1030 1222 1044 ⁶

318 1122 407 1179 ρον
436 1107 612 1173 τοῦτο,
652 1101 728 1174 τῷ
771 1107 953 1174 σκοπῷ
1001 1111 1094 1161 τοῦ
1144 1100 1493 1182 ὀφελουμένου
1548 1101 1632 1160 δεῖ
1673 1101 1960 1169 ἐξακαλου-

315 1194 453 1252 θεῖν,

396 1363 538 1452 ρκα’.
575 1381 672 1430 Δεῖ
701 1372 754 1430 δὲ
787 1372 1066 1438 διαπαντὸς
1111 1374 1200 1429 τὸν
1256 1380 1348 1430 τοῦ
1405 1380 1536 1431 Θεοῦ
1593 1371 1754 1455 φόϐον
1785 1373 1954 1456 ἔχειν,

309 1463 400 1517 καὶ
428 1459 545 1519 καθ’
606 1463 829 1529 ἑκάστην
888 1464 1068 1518 ἑαυτὸν
1125 1462 1438 1543 ἀνακρίνειν,
1496 1464 1547 1520 τί
1592 1465 1686 1540 μὲν
1737 1466 1952 1545 ἀγαθὸν,

308 1551 358 1606 τί
387 1549 443 1607 δὲ
473 1552 579 1609 τῶν
610 1551 818 1632 φαύλων
877 1552 1172 1632 πέπρακταί
1231 1575 1314 1610 σοι
1349 1573 1365 1589 ·
1410 1555 1498 1610 καὶ
1551 1561 1657 1610 τῶν
1688 1555 1781 1630 μὲν
1811 1555 1951 1633 ἀγα-ι

307 1644 413 1698 θῶν
457 1640 624 1712 λήθην
668 1645 956 1717 ποιεῖσθαι,
1019 1644 1212 1717 μήπως
1259 1649 1334 1717 τῷ
1388 1649 1485 1711 τῆς
1518 1642 1808 1709 κενοδοξίας
1840 1647 1949 1702 πά-

305 1735 382 1788 θει
415 1733 704 1812 περιπέσῃς
742 1750 755 1763 ⁸
804 1733 887 1789 ἐπὶ
945 1732 1000 1789 δὲ
1029 1747 1146 1796 τοῖς
1178 1734 1454 1814 ἐναντίοις,
1501 1734 1712 1815 δάκρυσι
1737 1744 1947 1818 κεχρῆ-

2052 850 2291 922 propter
2322 841 2620 921 pietatem,
2655 839 2758 900 sed
2813 847 3055 920 paterna
3107 836 3520 899 benevolentia
3553 855 3686 898 cum

2050 949 2150 991 eos
2169 931 2534 1010 colloquens,
2560 947 2768 989 noxam
2796 947 2912 988 non
2938 927 3199 1009 patieris,
3219 925 3446 988 etiamsi
3467 929 3688 987 tuussit

1282 1016 1326 1070 εί
1374 1011 1428 1069 δὲ
1471 1017 1572 1095 οὔχ
1603 1017 1725 1094 ὁρᾷς
1757 1017 1925 1096 συμφέ

2045 1018 2321 1079 inimicus
2359 1042 2370 1081 :
2406 1019 2561 1099 quod
2596 1016 2646 1078 si
2679 1018 2790 1078 hoc
2822 1037 2937 1078 non
2964 1016 3198 1096 judicas
3228 1015 3394 1090 utile,
3426 1015 3576 1077 intra
3607 1015 3682 1075 li-

2047 1109 2219 1170 mites
2251 1108 2514 1169 utilitatis
2547 1115 2776 1188 Oportet
2810 1105 3162 1170 consistere.

2122 1376 2227 1436 19.1
2246 1427 2258 1439 .
2276 1375 2520 1457 Oportet
2544 1383 2736 1436 autem
2761 1393 3001 1455 semper
3021 1376 3202 1435 Deum
3232 1372 3465 1448 timere,
3490 1371 3679 1434 etsin-

2039 1466 2190 1545 gulis
2214 1467 2423 1529 diebus
2453 1474 2633 1528 temet
2662 1465 3020 1538 examinare,
3071 1462 3209 1544 quid
3243 1461 3383 1522 boni
3416 1460 3503 1520 vel
3535 1459 3676 1541 quid

2039 1556 2174 1618 mali
2209 1557 2458 1630 feci-ris;
2497 1565 2553 1618 et
2583 1555 2872 1617 bonorum
2907 1553 3146 1633 quidezn
3181 1549 3476 1624 oblivisci,
3509 1569 3584 1610 ne
3613 1548 3674 1610 in

2032 1645 2325 1726 superbiae
2345 1646 2545 1708 vitium
2568 1646 2798 1707 incidas
2825 1669 2838 1716 ;
2874 1662 3052 1725 super
3082 1642 3250 1703 malis
3271 1650 3466 1703 autem
3481 1639 3679 1721 operi-

2034 1737 2142 1798 bus
2168 1737 2456 1818 lacrymas
2484 1736 2734 1798 fundere
2765 1756 2898 1797 cum
2933 1733 3274 1815 poenitentia
3306 1739 3357 1792 el
3394 1733 3673 1812 precibus

304 1825 426 1910 σθαι
497 1820 613 1896 μετ’
677 1821 1108 1902 ἐξομολογήσεως
1177 1825 1263 1878 καὶ
1318 1830 1622 1904 προσευχῆς
1683 1827 1924 1885 συντόνου

2034 1827 2350 1888 continuis.
2387 1829 2568 1888 Porro
2599 1826 2684 1887 sic
2714 1845 2776 1886 se
2807 1825 3015 1886 habeat
3067 1841 3316 1884 examen
3352 1839 3364 1884 :
3401 1822 3499 1883 die
3533 1841 3668 1901 per-

305 1893 479 1968 ’ΪΞστω
522 1909 573 1966 δὲ
630 1913 663 1978 ἡ
727 1912 994 1990 ἀνάκρισις
1039 1911 1175 1968 οὕτω
1209 1932 1220 1944 ·
1269 1911 1599 1981 τελεσθείσης
1652 1920 1748 1983 τῆς
1806 1917 1947 1991 ἠμέ-

301 2021 424 2075 ρας,
482 2001 707 2067 καὶτῆς
766 2001 986 2080 ἑσπέρας
1041 1999 1465 2077 καταλαϐούσης,
1527 2003 1579 2060 ἐν
1630 2004 1798 2079 ἑαυτῷ
1829 2004 1946 2061 δια-

299 2087 598 2166 λογίζεσθαι
633 2105 647 2118 ·
684 2079 874 2168 Ἄραγε
932 2113 1070 2171 πως,
1127 2095 1194 2158 τῆ
1237 2093 1451 2168 βοηθείᾳ
1502 2103 1594 2150 το)
1651 2103 1804 2175 Θεοῦ,
1848 2097 1945 2164 τὴν

297 2178 503 2256 ἡμέραν
534 2177 800 2257 παρῆλθον
836 2196 852 2254 ;
914 2181 1000 2249 Μή
1031 2201 1147 2236 τινα
1174 2181 1474 2260 κατέκρινα,
1521 2183 1556 2251 ἢ
1614 2183 1942 2265 ἐλοιδόρησα,

295 2265 330 2333 ἢ
388 2266 758 2339 ἐσκανδᾶλισα,
817 2267 853 2336 ἢ
929 2268 1010 2332 εἴς
1067 2292 1209 2334 τινος
1270 2269 1392 2347 ὄψιν
1449 2271 1695 2348 ἐμπαθῶς
1748 2273 1947 2354 προσέ-

293 2353 498 2432 ϐλεψα,
546 2356 583 2423 ἢ
638 2363 730 2413 τοῦ
784 2356 1186 2422 ἐπιστατοῦντος
1246 2359 1299 2415 ἐν
1354 2368 1422 2438 τῇ
1475 2360 1710 2436 διακονίᾳ
1766 2353 1946 2444 παρή-

293 2466 487 2524 κουσα,
517 2446 606 2500 καὶ
636 2448 796 2512 αὐτῆς
826 2445 1093 2527 ἠμέλησα,
1152 2448 1189 2517 ἢ
1244 2450 1504 2528 ὠργίσθην
1559 2454 1680 2526 τινὶ,
1715 2452 1750 2520 ἢ
1781 2453 1835 2509 ἐν
1878 2461 1944 2531 τῇ

291 2531 501 2599 συνάξει
531 2534 759 2597 ἓστῶτός
792 2559 914 2610 μου,
977 2538 1066 2592 τὸν
1123 2547 1242 2596 νοῦν
1285 2539 1356 2601 εἷς
1413 2538 1655 2618 ἀνωφελῆ
1685 2540 1942 2622 ἀπησχό..

290 2621 464 2696 λησα,
497 2621 532 2690 ἢ
580 2623 797 2712 ῥᾳθυμίᾳ
847 2625 1131 2712 βαρυνθεὶς,
1194 2632 1291 2693 τῆς
1349 2625 1668 2695 Ἐκκλησίας
1714 2632 1800 2686 καὶ
1855 2621 1946 2690 τοῦ

287 2712 518 2774 κανόνος
548 2711 832 2793 ἀπέστην,
884 2711 1034 2772 Οταν
1087 2713 1140 2770 δὲ
1203 2715 1253 2772 ἐν
1307 2717 1510 2782 τούτοις
1554 2725 1681 2774 πᾶσι
1726 2723 1942 2777 σεαυτὸν

290 2800 571 2857 ἀνεύθυνον
624 2799 776 2880 εὕρῃς
835 2801 986 2883 (ὅπερ
1039 2801 1311 2884 ἀδύνατον,
1369 2803 1530 2870 οὐδεὶς
1607 2809 1705 2887 γὰρ
1773 2813 1940 2865 καθα-

291 2892 389 2969 ρὸς
433 2890 540 2946 ἀπὸ
569 2890 730 2967 ῥύπου
758 2889 863 2947 οὐδ’
912 2890 973 2947 ἂν
1032 2893 1124 2968 μία
1179 2895 1351 2974 ἡμέρᾳ
1404 2900 1503 2962 τῆς
1560 2901 1702 2966 ζωῆς
1733 2898 1889 2954 αύτοῦ
1923 2915 1935 2928 ⁸

285 2982 379 3036 καὶ
417 2977 582 3040 οὒόεὶς
611 2981 939 3060 καυχήσεται
969 2982 1136 3060 ἁγνὴν
1191 2981 1338 3063 ἔχειν
1383 2984 1481 3051 τὴν
1512 2983 1772 3066 καρδίαν),
1819 2987 1939 3044 τότε

281 3070 422 3146 πρὸς
454 3069 544 3123 τὸν
575 3069 705 3124 Θεὸν
755 3069 890 3143 μετὰ
929 3069 1144 3127 πολλῶν
1190 3070 1422 3150 δακρύων
1465 3074 1663 3148 βόησον
1699 3089 1712 3103 ”
1762 3077 1932 3155 Κύριε,

2030 1925 2156 1977 acta
2189 1926 2247 1978 et
2271 1935 2516 1995 vespere
2548 1915 2926 1985 succedente,
2964 1913 3112 1974 hanc
3143 1921 3333 1972 tecum
3359 1911 3544 1971 redde
3575 1929 3670 1972 ra-

2033 2009 2288 2067 tionem:
2320 2031 2346 2062 κ
2379 2008 2469 2066 An
2502 2006 2758 2087 aliquem
2785 2003 3066 2084 judica\i,
3088 2009 3188 2062 aut
3213 1999 3539 2079 objurgavi,
3565 2007 3666 2062 aut

2029 2095 2441 2169 scandalizavi,
2466 2104 2563 2156 aut
2585 2095 2834 2173 alicujus
2872 2093 3094 2154 vultum
3133 2098 3402 2172 proterve
3433 2089 3659 2169 aspexi,

2031 2193 2129 2245 aut
2151 2185 2425 2265 praefecto
2448 2185 2896 2246 ministeriinon
2919 2180 3342 2261 obtemperavi,
3358 2179 3678 2258 ipsumque

2031 2274 2430 2338 ministerium
2465 2273 2697 2350 neglexi
2719 2274 2749 2333 ?
2793 2291 2933 2335 num
2966 2271 3139 2332 alicui
3170 2271 3355 2332 iratus
3387 2287 3541 2340 sum,
3573 2275 3672 2328 aut

2029 2367 2099 2427 ad
2128 2383 2352 2428 sacram
2381 2366 2640 2446 synaxim
2675 2374 2836 2425 stans
2888 2371 3145 2423 mentem
3204 2360 3275 2421 ad
3307 2359 3494 2420 futilia
3521 2377 3671 2419 con-

2029 2466 2210 2532 verto,
2241 2464 2340 2517 aut
2373 2463 2609 2536 torpore
2657 2461 2925 2535 gravatus
2980 2451 3051 2513 ab
3109 2449 3360 2514 ecclesia
3387 2456 3445 2511 et
3474 2448 3667 2508 ofﬁcio

2027 2544 2312 2608 canonico
2342 2544 2500 2606 abfui
2531 2544 2561 2604 ?
2627 2570 2648 2601 υ
2713 2542 2855 2605 Cum
2912 2549 3105 2602 autem
3164 2540 3224 2600 in
3269 2538 3362 2599 his
3391 2537 3666 2599 omnibus

2029 2635 2281 2713 teipsum
2309 2631 2896 2714 irreprehensibilem
2922 2628 3219 2692 inveneris
3245 2628 3424 2708 (quod
3451 2625 3670 2707 impos-

2026 2722 2200 2783 sibile
2232 2730 2345 2796 est,
2378 2741 2552 2783 nemo
2582 2721 2738 2782 enim
2766 2729 2854 2780 est
2876 2719 3006 2780 sine
3029 2717 3273 2782 macula.
3302 2735 3377 2778 ne
3399 2735 3514 2776 uno
3538 2715 3669 2797 qui-

2027 2811 2161 2872 dem
2197 2811 2293 2872 die
2326 2811 2454 2872 vitae
2489 2829 2631 2885 suae,
2667 2829 2777 2870 nec
2809 2808 2962 2870 ullus
2992 2807 3345 2886 gloriabitur
3374 2805 3528 2885 quod
3556 2807 3664 2866 ha-

2025 2897 2158 2962 beat
2193 2918 2295 2961 cor
2324 2899 2876 2978 incontaminatum)
2917 2919 2932 2971 ;
2976 2905 3113 2958 tunc
3143 2897 3212 2957 ad
3246 2894 3433 2956 Deum
3466 2894 3667 2956 multis

2024 3006 2157 3049 cum
2193 2987 2466 3068 lacrymis
2496 2988 2684 3049 clama
2720 3008 2733 3048 :
2798 3007 2827 3047 ε
2885 2985 3159 3060 Domine,
3221 2983 3492 3046 condona
3521 2982 3666 3044 mihi

2023 3077 2304 3158 quidquid
2338 3076 2776 3158 opere,.verbo,
2836 3075 3189 3154 cogitatione
3249 3083 3306 3134 et
3334 3071 3664 3150 ignorantia

279 3155 644 3247 συγχώρησόν
671 3179 786 3247 μοι,
821 3155 917 3213 ὅσα
959 3157 1012 3213 ἐν
1057 3157 1195 3238 ἔργῳ
1247 3182 1302 3216 τε
1358 3163 1445 3217 καὶ
1489 3160 1634 3241 λόγῳ
1679 3165 1765 3220 καὶ
1793 3165 1932 3242 γνώ-

2023 3155 2242 3247 deliqui
2281 3186 2296 3244 ;
2326 3155 2616 3230 in'multis
2645 3165 2805 3230 enim
2832 3164 3188 3226 offendimus
3219 3160 3429 3225 nescii.
3466 3185 3492 3216 »

277 3267 360 3301 σει
413 3247 501 3302 καὶ
531 3245 715 3324 ἀγνοίᾳ
743 3245 983 3324 ἥμαρτον
1017 3263 1031 3278 ·
1077 3248 1252 3306 πολλὰ
1302 3251 1401 3332 γὰρ
1454 3253 1731 3326 πταίομεν,
1765 3255 1853 3310 καὶ
1883 3259 1942 3313 οὗ

275 3334 619 3414 γινώσκομεν
631 3383 645 3398 ,

363 3413 510 3502 ρκβ’.
550 3432 646 3480 Δεῖ
673 3421 728 3480 δὲ
783 3423 900 3482 καθ’
946 3427 1177 3496 ἑκάστην
1235 3427 1554 3509 ἐξαγορεύειν
1613 3433 1783 3490 πάντα
1839 3433 1937 3491 λο-

274 3514 504 3591 γισμὸν,
551 3513 680 3590 πρὸς
730 3513 821 3568 τὸν
876 3517 1228 3590 πνευματικὸν
1286 3517 1514 3598 Πατέρα,
1574 3522 1661 3576 καὶ
1702 3522 1763 3576 τὸ
1811 3521 1936 3600 παρ’

272 3603 444 3659 αὒτοῦ
472 3622 554 3657 σοι
582 3599 894 3688 λεγόμενον,
947 3605 1020 3667 ὡς
1079 3604 1138 3661 ἐκ
1193 3605 1328 3661 θείου
1384 3607 1647 3683 στόματος
1691 3599 1934 3688 δέχεσθαι

270 3688 323 3745 ἐν
358 3689 512 3765 πάσῃ
541 3687 886 3768 πληροφορίᾳ,
943 3694 1028 3748 καὶ
1088 3693 1164 3768 μὴ
1222 3696 1352 3773 πρὸς
1409 3694 1582 3774 ἕτερόν
1628 3719 1742 3754 τινα
1772 3687 1932 3755 ταῦτα

268 3777 582 3860 προφέρειν,
616 3781 690 3842 ὡς
737 3779 817 3836 ὅτι
873 3783 943 3839 Τὸ
998 3785 1085 3839 καὶ
1145 3785 1206 3840 τὸ
1263 3783 1624 3863 ἐρωτήσαντός
1683 3809 1783 3861 μου
1840 3789 1928 3845 τὸν

269 3867 514 3947 Πατέρα,
585 3865 703 3924 τόδε
761 3892 851 3944 μοι
911 3870 1289 3952 ἀπεφθέγξατο,
1349 3895 1437 3929 και
1495 3876 1538 3929 εἰ
1597 3873 1694 3953 ἄρα
1750 3875 1926 3939 καλῶς

267 3957 588 4038 ἀπεφήνατο
618 3958 654 4028 ἢ
711 3957 788 4040 οὕ,
823 3961 910 4016 καὶ
937 3961 986 4016 τὶ
1015 3959 1115 4040 ἄρα
1145 3961 1338 4042 ὀφείλω
1387 3962 1576 4043 πρᾶξαι
1607 3965 1736 4042 πρὸς
1765 3969 1922 4044 θερα-

266 4049 429 4104 πείαν
457 4065 472 4107 :
508 4054 672 4104 ταῦτα
705 4051 804 4129 γὰρ
848 4050 913 4106 τὰ
955 4051 1166 4128 ρήματα
1203 4051 1445 4117 ἀπιστίας
1477 4054 1646 4128 μεστὰ
1675 4055 1804 4132 πρὸς
1834 4057 1922 4112 τὸν

267 4134 486 4215 Πατέρα
515 4138 603 4192 καὶ
633 4136 974 4218 ψυχοϐλαϐἧ,
1010 4142 1083 4203 ὡς
1117 4140 1203 4196 ἐπὶ
1241 4142 1302 4196 τὸ
1333 4139 1583 4198 πλεῖστον
1615 4141 1667 4197 δὲ
1697 4140 1923 4219 συμϐαί-

264 4246 382 4281 νειν
415 4224 571 4309 εἴωθε
601 4240 720 4290 τοῖς
749 4227 1047 4309 ἀρχαρίοις.

350 4303 499 4394 ρκγ’.
537 4323 633 4372 Δεῖ
675 4314 730 4372 δὲ
789 4318 990 4382 πάντας
1047 4326 1168 4383 τοῦς
1225 4320 1280 4376 ἐν
1335 4318 1580 4395 κοινοϐίιρ
1626 4325 1698 4385 ὡς
1747 4324 1924 4402 ἁγίους

263 4404 509 4482 βλέπειν,
569 4407 659 4461 καὶ
715 4407 872 4482 μόνον
929 4409 1112 4465 ἑαυτὸν
1187 4411 1498 4490 ἁμαρτωλὸν
1554 4416 1640 4469 καὶ
1697 4412 1923 4494 ἔσχατον

263 4494 615 4569 ἐννοούμενον
651 4515 666 4531 ο
735 4495 816 4552 ὅτι
886 4498 1098 4554 πάντων
1155 4500 1490 4575 σωζομένων,
1565 4506 1721 4568 αὐτὸς
1765 4505 1924 4580 μόνος

263 4583 659 4653 κολασθήσεται
691 4583 744 4640 ἐν
773 4591 842 4662 τῇ
884 4586 1057 4666 ἡμέρᾳ
1117 4589 1290 4666 ἐκείνῃ
1325 4607 1341 4622 ⁸
1399 4593 1488 4648 καὶ
1539 4592 1590 4648 ἐν
1622 4600 1690 4670 τῇ
1721 4593 1923 4659 συνάξει

262 4671 318 4728 δὲ
350 4673 633 4748 ἱστάμενος
681 4685 842 4734 ταῦτα
901 4676 1114 4757 ἐννοῶν,
1174 4680 1251 4755 μὴ
1309 4681 1483 4759 παύσῃ
1542 4681 1595 4738 ἐν
1652 4683 1920 4749 κατανύξει

261 4761 475 4850 κλαίειν
497 4765 702 4841 θερμῶς
738 4782 752 4798 ·
797 4766 874 4840 μὴ
923 4768 1238 4844 ποιούμενος
1295 4769 1453 4850 λόγον
1514 4779 1618 4828 τῶν
1663 4774 1735 4836 εἰς
1768 4781 1920 4831 τοῦτο

261 4848 780 4928 σκανδαλιζομένων,
932 4859 1017 4913 καὶ
1099 4848 1476 4920 σκωπτόντων.
1569 4864 1626 4919 Εἰ
1682 4861 1736 4918 δὲ
1793 4866 1917 4942 ὁρᾷς

261 4941 486 4996 σεαυτὸν
571 4939 632 4996 ἐκ
719 4942 902 5000 τούτου
991 4948 1063 5008 είς
1147 4946 1439 5014 κενοδοξίαν
1532 4939 1910 5026 ὀλισθαίνοντα,

261 5028 616 5118 ἐξερχόμενος
647 5035 746 5098 τῆς
776 5029 1118 5110 Ἐκκλησίας,
1171 5036 1226 5092 ἐν
1280 5046 1492 5118 κρυπτῷ
1542 5050 1694 5099 τοῦτο
1751 5041 1912 5117 ποίει,

261 5117 407 5181 αὖθις
451 5119 663 5199 ταχέως
693 5121 824 5200 πρὸς
852 5123 942 5178 τὸν
993 5120 1127 5180 ἴδιον
1183 5117 1346 5183 τόπον
1377 5128 1860 5204 ἆποκαθιστάμενος
1896 5149 1911 5165 ⁶

260 5215 417 5264 τοῦτο
473 5209 573 5287 γὰρ
628 5210 760 5285 πρὸς
816 5211 936 5274 τοὺς
995 5211 1278 5292 ἀρχαρίους
1337 5215 1480 5291 μάλα
1537 5218 1643 5274 ἐστὶ
1705 5217 1866 5274 καλόν
1897 5234 1911 5248 ⁸

261 5293 466 5386 μᾶλλον
525 5297 577 5386 ἐν
642 5304 718 5372 τῷ
790 5295 1102 5375 ἐξαψάλμῳ,
1161 5305 1249 5359 καὶ
1304 5311 1371 5376 τῇ
1432 5306 1767 5386 στιχολογίᾳ,
1826 5309 1912 5364 καὶ

259 5388 330 5457 τῇ
380 5384 692 5466 ἀναγνώσει,
741 5389 829 5443 καὶ
887 5395 963 5462 τῷ
1017 5390 1127 5445 θεία
1181 5389 1476 5473 λειτουργίᾳ
1524 5384 1798 5476 ηΠρόσεγε
1855 5394 1909 5452 δὲ

259 5480 356 5558 τοῦ
385 5473 458 5546 μὴ
487 5476 804 5552 κατακρϊναί
862 5498 1001 5550 τινα,
1065 5476 1201 5535 ἀλλὰ
1253 5465 1412 5538 τοῦτο’
1444 5465 1534 5540 θοῦ
1590 5465 1642 5540 έν
1695 5465 1792 5558 vi};
1829 5483 1907 5539 ὅτι

259 5556 378 5649 ὅσοι
449 5560 697 5638 βλέπουσί
769 5585 824 5620 νε
895 5564 1060 5630 οὕτως
1130 5567 1537 5649 ὀλοφυρόμενον,
1613 5556 1908 5636 ἐννοούντες

246 5643 702 5729 πολυαμάρτητον
732 5651 874 5710 εἶναί
916 5675 1004 5736 με,
1063 5643 1438 5740 ὑπερεύχονται
1496 5643 1595 5728 τῆς
1625 5660 1762 5736 ἐμῆς
1794 5683 1896 5717 σωο

233 5740 442 5814 leia:
478 5756 491 5770 °
541 5740 628 5796 καὶ
657 5740 868 5807 πάντως
897 5749 1052 5803 τοῦτο
1080 5743 1160 5802 ἀεὶ
1211 5746 1570 5831 ἐννοούμενος,
1615 5751 1705 5808 καί
1753 5747 1908 5806 ἀδια-

2107 3423 2241 3488 12'2.
2275 3421 2520 3505 Oportet
2549 3424 2724 3486 etiam
2759 3423 3009 3503 singulis
3036 3423 3245 3486 diebus
3271 3420 3526 3482 reddere
3557 3439 3654 3483 ra-

2021 3513 2242 3574 tionem
2278 3510 2430 3574 Patri
2458 3513 2772 3593 Spirituali,
2837 3522 2896 3574 et
2957 3511 3240 3593 quidquid
3278 3509 3380 3570 tibi
3416 3510 3652 3584 dixerit,

2021 3609 2294 3682 tanquam
2327 3620 2396 3662 ex
2418 3619 2518 3662 ore
2549 3601 2747 3662 divino
2772 3601 3046 3681 excipere
3070 3619 3201 3661 cum
3227 3597 3388 3660 omni
3413 3597 3652 3678 ﬁducia,

2017 3708 2127 3752 nec
2158 3689 2260 3750 ulli
2292 3689 2460 3750 alteri
2493 3709 2558 3750 ea
2589 3690 2874 3763 revelare,
2909 3689 3183 3767 dicendo,
3221 3687 3384 3748 verbi
3416 3687 3600 3765 gratia
3635 3707 3648 3750 :

2021 3797 2049 3836 α
2084 3779 2209 3839 Hoc
2240 3789 2295 3838 et
2327 3778 2472 3839 illud
2500 3797 2532 3838 a
2565 3777 2732 3839 Patre
2765 3776 3159 3858 percontanti,
3197 3777 3310 3837 hoc
3342 3775 3486 3836 mihi
3518 3793 3652 3836 res-

2011 3866 2218 3946 pondit
2253 3885 2268 3943 ;
2309 3891 2332 3922 (ι
2364 3868 2452 3928 vel
2485 3876 2678 3930 utrum
2712 3866 2864 3928 bene
2893 3866 3246 3927 sententiam
3281 3866 3644 3945 exposuerit,

2008 3974 2080 4017 an
2113 3975 2230 4016 non
2267 3977 2281 4036 ;
2316 3957 2405 4018 vel
2434 3977 2446 4016 :
2487 3983 2511 4012 α
2543 3955 2690 4029 Quid
2725 3975 2863 4035 ergo
2895 3957 3084 4017 debeo
3114 3955 3306 4016 facere
3336 3955 3407 4016 ad
3435 3953 3519 4014 illi
3551 3972 3651 4015 sa--

2009 4044 2416 4106 tislaciendum
2439 4045 2469 4105 εν
2498 4071 2520 4104 n
2557 4046 2685 4110 Han
2725 4045 2883 4106 enim
2912 4045 3090 4107 verba
3118 4054 3254 4106 sunt
3285 4044 3458 4125 plena
3497 4043 3653 4104 dilﬁ-

2007 4133 2224 4197 dentiaa
2247 4153 2387 4214 erga
2407 4134 2664 4211 Patrem,
2693 4145 2750 4196 et
2779 4141 2990 4196 animae
3021 4136 3247 4210 nociva,
3283 4143 3344 4194 ut
3379 4133 3647 4214 plerum-

2009 4241 2123 4304 que
2153 4223 2426 4285 accidere
2457 4225 2608 4286 solet
2631 4224 2890 4289 novitiis.

2093 4314 2230 4374 193.
2265 4311 2509 4394 Oportet
2531 4333 2738 4375 omnes
2762 4314 2822 4374 in
2844 4313 3115 4376 coenobio
3137 4312 3396 4373 viventes
3423 4319 3482 4372 ut
3505 4329 3644 4373 san-

2009 4412 2134 4464 ctos
2151 4401 2395 4475 habere,
2423 4403 2686 4483 seipsum
2706 4411 2836 4464 aute
2847 4422 2898 4462 m
2928 4403 3114 4463 solum
3131 4408 3507 4482 peccatorem
3525 4419 3651 4461 om-

2011 4494 2295 4573 niumque
2318 4491 2589 4552 inﬁmum
2613 4491 2951 4553 existimare
2980 4509 2996 4566 ;
3023 4491 3368 4572 caeterisque
3386 4491 3643 4569 salvatis,

2005 4583 2198 4644 solum
2226 4600 2288 4642 se
2320 4581 2377 4641 in
2407 4581 2504 4641 die
2553 4580 2766 4660 judicii
2827 4599 2959 4644 esse
3005 4579 3394 4660 puniendum.
3427 4581 3642 4663 Atque,

2004 4692 2136 4734 cum
2167 4670 2226 4732 in
2258 4689 2424 4731 sacra
2453 4671 2650 4751 synaxi
2681 4678 2856 4744 astas,
2895 4671 3018 4732 haec
3050 4670 3334 4748 cogitans,
3372 4689 3445 4730 ne
3475 4670 3639 4732 desi-

2000 4781 2105 4823 nas
2135 4780 2268 4822 cum
2301 4761 2758 4840 compunctione
2790 4759 2996 4822 calidis
3045 4761 3186 4821 ﬂere
3218 4759 3512 4839 lacrymis,
3548 4762 3643 4821 ni-

1999 4851 2080 4912 hil
2113 4869 2326 4913 curans
2351 4849 2426 4911 de
2475 4849 2548 4910 iis
2565 4849 2665 4930 qui
2697 4849 2771 4911 de
2801 4849 2914 4910 hoc
2941 4847 3413 4911 scandalizantur
3437 4849 3526 4907 vel
3559 4849 3644 4909 ri-

1998 4940 2162 5002 dent.
2197 4940 2259 5002 Si
2294 4948 2488 5002 autem
2523 4937 2745 5001 videris
2777 4938 3027 5018 teipsum
3060 4937 3199 4998 inde
3229 4935 3640 5015 insuperbiam

1999 5031 2332 5103 cadentem,
2369 5045 2644 5107 egressus
2677 5046 2740 5088 ex
2777 5027 3055 5107 ecclesia,
3115 5026 3174 5086 in
3226 5024 3459 5085 occulto
3495 5024 3636 5088 illud

2000 5119 2111 5193 fac,
2148 5128 2204 5181 et
2235 5117 2396 5179 brevi
2419 5123 2478 5178 in
2499 5116 2802 5198 proprium
2828 5117 3022 5178 locum
3069 5132 3275 5176 rursus
3307 5121 3359 5173 te
3389 5111 3587 5192 ret-ipe
3620 5131 3633 5176 :

1999 5210 2113 5271 hoc
2157 5208 2312 5270 enim
2347 5227 2452 5287 pro
2487 5205 2720 5268 novitiis
2769 5206 3058 5286 optimum
3117 5215 3230 5276 est,
3293 5199 3544 5263 maxime
3577 5200 3638 5262 in

1999 5299 2358 5379 psalmorum
2391 5295 2860 5376 hymnorumque
2885 5302 3080 5364 cantu,
3115 5292 3176 5353 in
3208 5289 3459 5352 lectione
3490 5302 3546 5354 et
3578 5291 3638 5352 in

1993 5387 2197 5452 divina
2222 5385 2496 5463 Liturgia.
2515 5387 2666 5445 Cave
2687 5393 2880 5444 autem
2910 5401 2984 5443 ne
3004 5399 3358 5462 quemquam
3377 5379 3635 5458 judices,

1993 5477 2095 5538 sed
2135 5477 2246 5538 hoc
2276 5475 2335 5536 in
2371 5483 2568 5535 mente
2632 5492 2784 5552 pone
2819 5493 2832 5531 :
2893 5493 2923 5533 ιι
2986 5473 3283 5551 Quotquot
3312 5470 3510 5534 vident
3541 5490 3636 5532 me

1991 5566 2078 5628 sic
2099 5572 2460 5646 gementem,
2489 5569 2758 5644 putantes
2783 5580 2877 5623 me
2898 5579 3174 5641 magnum
3205 5578 3335 5622 esse
3358 5567 3634 5640 peccato-

1989 5674 2141 5736 rem,
2163 5659 2331 5717 orant
2346 5670 2450 5734 pro
2477 5669 2607 5714 mea
2623 5651 2834 5714 salute.
2867 5675 2893 5707 ιθ
2927 5649 3092 5712 Etita
3123 5648 3364 5712 omnino
3395 5667 3634 5731 semper

1989 5745 2252 5824 cogitans
2281 5749 2343 5806 et
2371 5740 2782 5805 indesinenter
2809 5758 3016 5822 agens,
3048 5739 3296 5805 multum
3331 5737 3628 5822 proﬁcies,

2225 5933 2231 5958 Ι
