4054 6114
378 327 491 395 671

1681 322 2065 392 SYMEONIS
2104 321 2458 389 JUNIORIS

3641 321 3757 385 672

378 461 607 544 Deique
636 459 884 541 gratiom
916 460 1024 522 tibi
1078 459 1449 540 conciliabis,
1482 479 1550 524 ac
1579 460 1793 524 divina:
1820 461 2012 524 felici-

2109 458 2331 524 λείπτως
2362 456 2613 534 ἐκτελῶν,
2677 452 2924 537 μεγάλῶς
2979 456 3328 539 ὠφεληθήσῃ,
3388 458 3475 515 καὶ
3534 458 3634 526 τὴν
3662 465 3752 515 τοῦ

379 550 519 613 tatis
550 550 845 633 particeps
875 550 1002 613 ﬁes.

460 720 600 782 124.
636 720 722 782 Ne
751 719 933 780 ullius
959 719 1138 781 adeas
1174 719 1470 795 cellulam,
1498 729 1885 801 praeterguam
1918 738 2022 783 su-

2107 556 2240 629 Θεοῦ
2270 550 2428 628 χάριν
2460 546 2752 623 ἐπισπάσῃ,
2799 548 2885 604 καὶ
2937 554 3027 604 τοῦ
3054 548 3190 604 θείου
3221 554 3555 627 μακαρισμοῦ
3587 547 3749 623 μέτο-

2107 658 2207 717 xo:
2249 638 2476 717 γενήσῃ-

2187 715 2320 804 ρκδ’.
2355 726 2444 792 Μὴ
2473 722 2786 805 παραϐάλῃς
2819 722 2875 780 δὲ
2906 723 3099 799 κελλίῳ
3128 727 3290 797 τινὸς,
3313 725 3464 789 ἐκτὸς
3485 732 3577 782 τοῦ
3597 727 3754 803 ἡγου-

382 810 663 892 perioris,
699 816 759 870 et
790 810 941 869 hanc
972 809 1148 870 etiam
1176 828 1332 871 raro.
1358 810 1525 883 Quod
1543 811 1591 871 si
1611 810 1682 871 ad
1702 811 2012 890 petendum

2109 813 2287 890 μένου,
2334 816 2422 871 καὶ
2452 816 2634 874 τούτου
2690 815 2947 888 σπανίως,
3002 813 3122 871 ἀλλ’
3185 816 3228 871 εἶ
3281 817 3368 872 καὶ
3423 817 3543 894 περὶ
3599 814 3751 892 λογι-

378 899 619 980 aliquod
643 897 957 960 consilium
985 899 1143 960 hunc
1162 899 1526 978 interrogare
1545 899 1709 973 velis,
1743 899 1803 960 in
1836 899 2012 961 eccle-

2109 912 2241 978 σμοῦ
2291 926 2432 967 τινος
2488 906 2647 963 αὺτὸν
2703 903 2965 984 ἐρωτῆσαι
3013 902 3212 981 βούλει,
3265 904 3318 960 ἐν
3372 911 3441 981 τῇ
3499 903 3754 976 ἐκκλησίᾳ

378 988 468 1049 sia
492 988 649 1049 istud
675 987 875 1049 facito.
906 991 946 1047 Α
974 991 1169 1067 synaxi
1195 987 1463 1049 statimin
1481 989 1753 1049 cellulam
1778 988 2021 1062 recede,

378 1096 445 1138 ac
469 1084 667 1155 postea
689 1075 748 1136 in
772 1076 1193 1137 ministerium.
1226 1079 1363 1139 Post
1385 1095 1612 1138 caenam
1631 1096 1792 1157 vero,
1818 1096 1850 1138 a
1871 1096 2012 1137 con-

2109 1080 2295 1156 ιοελλίῳ
2321 1082 2590 1162 ὑποχώρει
2626 1099 2639 1112 ⁶

378 1174 579 1246 spectu
600 1165 948 1245 superioris,
976 1167 1376 1243 paenitentiam
1392 1167 1730 1245 exprimens
1744 1177 1801 1227 et
1814 1184 2012 1247 preces

2109 1167 2156 1224 δὲ
2225 1172 2290 1226 τὰ
2359 1169 2672 1250 ἀπόδειπνα,

381 1256 706 1337 postulans,
731 1254 1019 1317 inclinato
1044 1256 1235 1336 capite
1261 1274 1392 1317 cum
1418 1257 1726 1318 siientioin
1746 1257 2017 1317 cellulam

378 1359 714 1406 revertere:
767 1345 980 1406 melius
1004 1352 1093 1405 est
1129 1345 1288 1405 enim
1323 1364 1506 1406 unum
1539 1345 1853 1422 Trisagion
1885 1365 2019 1406 cum

378 1433 706 1497 attentione
737 1434 811 1496 ad
843 1434 1280 1516 dormiendum,
1341 1455 1515 1516 quam
1549 1436 1743 1515 vigilia
1768 1444 2021 1516 quatuor

377 1522 659 1584 horarum
716 1523 777 1584 in
834 1515 1148 1603 colloquiis
1213 1515 1526 1601 futilibus;
1582 1515 1862 1599 attamen,
1916 1524 2018 1586 ubi

380 1611 757 1691 compunctio
781 1620 839 1673 et
862 1611 1053 1673 luctus
1082 1611 1425 1692 spiritualis,
1448 1612 1530 1674 ibi
1565 1621 1623 1674 et
1658 1613 2016 1674 illuminatio

375 1699 577 1850 ilivina
607 1722 620 1761 :
658 1701 834 1780 hujus
863 1711 1059 1761 autem
1093 1701 1403 1781 praesentia
1433 1701 1675 1784 pellitur
1720 1702 1925 1765 acedia
1959 1710 2017 1763 et

398 1808 644 1850 anauor.
1983 1817 1990 1822 -

398 1808 644 1868 anguor.

459 1879 597 1942 125.
624 1878 911 1940 Privatam
935 1878 1253 1941 amicitiam
1287 1898 1361 1941 ne
1391 1880 1703 1942 contrahas
1735 1900 1866 1943 cum
1898 1881 2019 1944 ulla

378 1989 651 2051 persona,
687 1970 1013 2051 praesertim
1038 1990 1170 2032 cum
1198 1972 1443 2048 novitio,
1465 1973 1695 2033 etiamsi
1717 1972 2018 2035 arbitraris

346 2058 549 2121 vitam
584 2062 776 2141 ipsum
808 2079 984 2139 agere
1014 2062 1317 2142 optimam,
1352 2082 1469 2123 non
1499 2081 1635 2124 vero
1657 2073 2010 2143 suspectam.

373 2148 604 2212 Etenim
638 2170 706 2211 ex
738 2150 1028 2231 spirituali
1060 2163 1115 2213 te
1145 2152 1468 2215 stimulabit
1498 2152 1570 2214 ad
1601 2152 2009 2227 libidinosam,

372 2251 435 2300 ut
458 2240 809 2321 plerumque
824 2241 1062 2317 accidit,
1086 2251 1144 2303 et
1172 2242 1428 2304 incurris
1458 2243 1517 2305 in
1551 2244 1877 2305 anxietates
1907 2262 2012 2303 va-

375 2330 666 2412 nasgﬁhoc
699 2330 857 2391 enim
910 2332 1236 2410 przesertim
1297 2333 1573 2394 accidere
1606 2334 1755 2395 solet
1783 2332 2014 2394 virtutis

372 2414 632 2481 athletis.
653 2420 1074 2481 Verumtamen
1119 2421 1418 2483 humilitas
1438 2422 1792 2503 assiduaque
1824 2422 2012 2484 oratio

370 2508 482 2568 hoc
502 2506 739 2568 docebit
764 2532 779 2580 ;
809 2527 922 2569 non
948 2511 1107 2569 enim
1133 2510 1225 2572 hic
1249 2512 1411 2572 locus
1447 2519 1537 2573 est
1569 2510 1906 2572 minutatim
1938 2512 2016 2571 de

371 2595 464 2657 bis
494 2596 828 2657 disserendi
863 2618 876 2657 :
913 2598 1012 2678 qui
1042 2599 1383 2678 intelligens
1410 2608 1519 2674 est,
1556 2600 1869 2677 intelliget.

458 2685 586 2747 196.
615 2682 859 2765 Oportet
891 2696 1093 2748 tenere
1124 2688 1376 2768 teipsum
1398 2688 1468 2750 ab
1497 2690 1656 2750 omni
1691 2689 1867 2749 fratre
1890 2704 2015 2749 cce-

368 2771 535 2834 nobii
562 2782 928 2850 extraneum,
960 2777 1144 2855 magis
1172 2786 1368 2838 autem
1416 2779 1489 2839 ab
1521 2779 1593 2839 iis
1622 2797 1769 2860 quos
1808 2780 1863 2839 in
1897 2795 2013 2839 saa-

370 2862 503 2923 culo
534 2863 840 2940 cognoscis
868 2884 884 2937 ;
916 2883 1123 2926 omnes
1154 2885 1219 2927 ex
1271 2885 1436 2947 aequo
1464 2868 1734 2946 diligere,
1768 2868 2014 2947 piosque

370 2969 442 3012 ac
473 2951 763 3014 luctantes
796 2959 857 3012 ut
887 2964 1121 3015 sanctos
1151 2954 1373 3018 habere
1401 2976 1415 3031 ;

2102 999 2255 1049 τοῦτο
2325 994 2483 1052 ποίει.
2578 990 2712 1050 Ἀπὸ
2770 991 2825 1049 δὲ
2893 998 2993 1059 τῆς
3052 990 3310 1058 συνάξεως
3369 995 3512 1057 εὐθὺς
3569 993 3625 1049 ἐν
3681 1000 3757 1067 τῷ

2720 1083 2746 1105 γ
2780 1080 2794 1102 9
2880 1082 2905 1111 υ
3077 1081 3091 1102 ν
3213 1088 3240 1098 η-
3309 1081 3330 1100 λ
3487 1084 3500 1118 ι
3729 1084 3740 1098 α

2691 1086 2777 1138 ειθ
2850 1103 3015 1146 οπως
3074 1103 3127 1137 εν
3179 1104 3247 1159 τῃ
3301 1102 3559 1156 οιακονξα.
3608 1090 3756 1139 Mem

2760 1170 2943 1237 ἔξωθεν
3026 1178 3120 1228 τοῦ
3210 1172 3506 1249 ἡγουμένου
3576 1170 3754 1248 βαλὼν

2105 1261 2407 1334 μετάνοιαν,
2480 1262 2567 1317 καὶ
2628 1263 2785 1317 αὶτῶν
2842 1261 3034 1340 εὒχῆν,
3107 1259 3266 1316 πάλιν
3334 1266 3575 1341 κεκυφῶς
3650 1282 3752 1335 με·

2102 1349 2167 1404 τὰ
2197 1354 2406 1416 σιωπῆς
2453 1350 2526 1412 εἷς
2574 1350 2635 1405 τὸ
2676 1348 2883 1406 κελλίον
2937 1350 3204 1429 ἀπότρεχε
3238 1370 3249 1383 ·
3296 1363 3535 1429 κρεϊτνον
3566 1351 3669 1429 γὰρ
3700 1352 3752 1407 ἓν

2101 1438 2368 1517 τρισάγιον
2401 1439 2534 1513 μετὰ
2577 1442 2858 1518 προσοχῆς
2912 1440 2985 1500 εἰς
3027 1440 3089 1494 τὸ
3131 1436 3466 1518 καθεώῆσαι,
3513 1437 3550 1507 ἢ
3581 1439 3745 1518 ἀγρυ-

2098 1548 2224 1582 πνια
2253 1527 2522 1607 τεσσάρων
2577 1529 2756 1606 ὡρῶν·
2781 1526 2839 1583 ἐν
2895 1525 3127 1601 ὁμιλίαις
3180 1525 3497 1607 ἀνωφελέσιν
3532 1543 3548 1559 ⁸
3601 1526 3753 1604 ὅμως

2098 1613 2230 1674 ὅπου
2281 1614 2554 1681 κατάνυξις
2632 1618 2721 1671 καὶ
2797 1615 2984 1678 πένθος
3041 1618 3419 1691 πνευματικὸν,
3481 1616 3598 1673 ἐκεῖ
3670 1620 3756 1674 καὶ

2098 1701 2360 1779 ἕλλαμψις
2388 1705 2497 1760 θεία
2532 1724 2548 1741 ο
2608 1704 2802 1770 ταύτης
2847 1701 2901 1760 δὲ
2930 1709 2999 1780 τῇ
3028 1702 3356 1784 ἐπιφοιτήσει
3411 1703 3747 1775 ἀπελήλαται

2098 1790 2289 1859 ἀκηδία
2329 1794 2419 1848 καὶ
2448 1794 2624 1856 νόσος.

2178 1901 2267 1958 ρκε
2296 1928 2311 1942 ,
2353 1881 2597 1959 Ἀγάπην
2652 1878 2707 1936 δὲ
2762 1876 2933 1946 ἷδικῆν
2990 1880 3124 1955 μετὰ
3179 1878 3485 1950 οίουδήποτε
3541 1880 3751 1961 προσώ-

2099 1993 2200 2027 που
2230 1972 2307 2046 μὴ
2337 1974 2537 2049 κτήσῃ,
2573 1971 2805 2047 μάλιστα
2862 1973 2995 2047 μετὰ
3051 1972 3305 2052 ἀρχαρίου
3338 1992 3353 2008 ·
3413 1975 3456 2029 εί
3500 1975 3589 2031 καὶ
3616 1972 3750 2038 δόξει

2100 2082 2181 2116 σοι
2212 2062 2322 2116 ϐίον
2367 2060 2576 2141 ἄριστον
2635 2061 2803 2142 ἔχειν,
2865 2062 3025 2137 μήτοι
3082 2082 3143 2138 γε
3199 2061 3456 2125 ὕποπτον,
3522 2063 3621 2121 Καὶ
3650 2064 3752 2141 γὰρ

2099 2149 2159 2205 ἐκ
2214 2157 2576 2224 πνευματικῆς
2630 2150 3107 2230 μετεκκεντρίζεταί
3161 2172 3219 2205 σε
3278 2153 3349 2215 εἰς
3404 2152 3618 2227 ἐμπαθῆ
3675 2155 3748 2214 ὡς

2098 2238 2162 2293 τα
2192 2236 2386 2318 πολλα,
2421 2240 2507 2295 καὶ
2537 2238 2814 2314 ἐμπίπτεις
2845 2241 2917 2302 εἷς
2961 2236 3163 2313 θλίψεις
3194 2239 3488 2321 ἀνωφελεῖς
3523 2257 3536 2270 ⁸
3590 2247 3745 2298 τοῦτο

2097 2326 2195 2404 γὰρ
2240 2324 2471 2400 μάλιστα
2539 2325 2695 2382 εἴωθε
2751 2338 2869 2388 τοῖς
2926 2325 3338 2402 ἀγωνιζομένοις
3391 2325 3693 2402 συμϐαίνειν
3729 2343 3742 2355 ⁸

2097 2413 2245 2490 ὅμως
2273 2417 2308 2483 ἡ
2340 2416 2652 2479 ταπείνωσις
2682 2418 2769 2472 καὶ
2826 2418 2859 2482 ἡ
2919 2415 3150 2494 συνεχὴς
3183 2418 3319 2496 εὐχὴ
3349 2424 3505 2473 τοῦτο
3534 2416 3742 2491 διδάξει,

2097 2506 2156 2560 οὗ
2185 2506 2283 2583 γὰρ
2314 2502 2428 2582 ἄγει
2460 2507 2641 2585 καιρὸς
2673 2503 2725 2561 ἐν
2756 2503 2935 2578 λεπτῷ
2976 2505 3095 2581 πορὶ
3145 2505 3343 2561 τούτων
3372 2505 3548 2585 λέγειν
3584 2524 3598 2536 ’
3632 2510 3658 2563 ὁ
3687 2506 3739 2562 δὲ

2097 2599 2230 2649 νοῶν
2260 2594 2464 2655 νοείτω,

2242 2682 2303 2705 ρ·-
2492 2681 2538 2714 (ιλ
2572 2683 2608 2717 ε’
2877 2684 2923 2717 ,κ
3022 2681 3034 2699 ς
3220 2705 3232 2719 ν
3316 2684 3329 2699 \
3413 2684 3426 2697 ι
3445 2681 3468 2702 N
3600 2693 3619 2701 -ν
3713 2696 3735 2705 ν

2178 2703 2278 2755 ρκ.³
2309 2727 2321 2740 .
2361 2692 2457 2739 Δεῖ
2487 2702 2541 2738 0:.
2573 2705 2717 2763 cLElV
2748 2704 2964 2738 σεαυυον
3012 2683 3118 2738 απὸ
3174 2705 3372 2747 πλντος
3404 2683 3625 2766 αοελφου
3650 2708 3739 2745 του

2097 2769 2149 2826 ἐν
2178 2778 2253 2845 τῷ
2282 2770 2527 2847 κοινοϐίῳ
2584 2771 2753 2846 ξένον,
2811 2782 2999 2828 πλεῖον
3046 2769 3107 2826 δὲ
3166 2775 3250 2828 καὶ
3305 2778 3412 2829 τῶν
3467 2777 3602 2831 κατὰ
3651 2776 3737 2831 κό-

2096 2880 2226 2933 σμον
2270 2867 2518 2937 γνωστῶν
2554 2880 2570 2896 ⁶
2603 2862 2801 2924 πάντας
2830 2858 2885 2916 δὲ
2944 2858 3110 2925 ἐξίσου
3165 2860 3373 2938 ἆγάπᾷν
3411 2878 3425 2891 ·
3485 2866 3573 2920 καὶ
3611 2866 3727 2927 τοὺς

1473 2945 1589 3037 pro,
1633 2957 1707 3017 iis
1745 2945 1879 3018 ν’θιιο
1913 2945 2012 3035 (qui
2039 2945 2339 3037 ηεῦλαϐεϊς
2390 2950 2476 3005 καὶ
2545 2948 2963 3026 ἀγωνιζομένους
3023 2950 3097 3010 ὡς
3155 2949 3333 3026 ἁγίους
3391 2952 3510 3028 ὁρᾷν
3547 2968 3560 2981 ·
3604 2951 3725 3029 ὑπέρ

373 3038 743 3120 meojudicio
764 3049 900 3101 sunt
923 3045 1309 3123 negligentes,
1333 3024 1569 3106 assidue
1584 3046 1832 3126 precari.
1853 3024 2012 3107 Atla-

2109 3035 2147 3126 Ξέ
2201 3043 2305 3092 τῶν
2374 3036 2491 3095 κατ’
2549 3037 2641 3113 ἐμὲ
2712 3039 2948 3115 ῥᾳθύμων
3032 3037 3254 3100 ἐκτενῶς
3329 3041 3724 3119 προσεύχεσθαι,

372 3146 531 3202 men,
558 3139 816 3210 ulsupaa
833 3131 1110 3202 diximus,
1133 3153 1342 3194 omnes
1387 3143 1448 3194 nt
1491 3145 1725 3196 sanctos
1756 3134 2006 3207 habens,

370 3219 542 3279 stude
575 3238 677 3299 per
700 3221 951 3299 gemitus
976 3243 1009 3285 a
1032 3224 1451 3304 cupiditatibus
1474 3224 1729 3304 purgari,
1753 3225 2013 3303 utgratia

370 3306 744 3371 illuminalus
773 3330 978 3375 omnes
1008 3314 1313 3393 aequaliter
1340 3317 1618 3391 aestimes,
1669 3323 1726 3376 et
1755 3313 2011 3375 felicita-

370 3403 489 3458 tem
525 3399 877 3461 mun’dorum
910 3402 1086 3463 cordc
1119 3404 1524 3485 consequaris.

456 3566 592 3630 127.
627 3567 956 3644 Arbitrare,
990 3572 1192 3648 frater,
1226 3571 1342 3635 dici
1375 3572 1697 3654 perfectam
1721 3592 1752 3631 a
1790 3572 2009 3632 mundo

369 3656 823 3736 separationem,
860 3661 1094 3725 totalcm
1131 3662 1382 3743 propriae
1415 3661 1728 3723 voluntatis
1761 3662 2006 3722 mortifl-

368 3746 683 3820 cationem,
709 3749 926 3811 deinde
947 3753 1207 3813 animum
1229 3752 1388 3814 onmi
1410 3761 1744 3832 parentum,
1770 3752 2011 3831 propin-

368 3854 645 3918 quorum,
677 3846 733 3899 et
763 3841 1087 3902 amicorum
1125 3842 1365 3906 effectui
1397 3841 1855 3903 renuntiantem.

453 3926 591 3990 128.
629 3929 755 3989 Pari
787 3930 964 3991 modo
997 3931 1272 3992 omnibus
1331 3932 1500 3993 bonis
1533 3930 1921 4011 praesentibus
1952 3938 2007 3993 te

369 4013 581 4101 spolia,
606 4016 879 4079 dividens
910 4020 1291 4101 pauperibus.
1321 4021 1485 4101 juxta
1519 4039 1652 4080 eum
1689 4019 1789 4096 qui
1820 4018 2004 4080 dixit:

372 4120 403 4161 ‹
436 4099 647 4165 Vende
677 4124 808 4185 qua;
836 4099 1043 4189 habes,
1104 4119 1162 4171 et
1218 4110 1293 4170 da
1327 4099 1561 4189 ipaupel
1586 4109 1716 4170 ibus
1746 4108 1808 4158 29
1839 4127 1854 4183 ;
1890 4133 1916 4163 υ
1954 4118 2013 4169 et

369 4191 715 4282 obliviscere
737 4199 999 4260 omnium
1023 4221 1230 4263 eorum
1252 4222 1398 4282 quos
1442 4219 1645 4262 amore
1684 4201 2010 4281 amplecte-

368 4281 553 4372 baris,
578 4285 701 4348 sive
732 4290 1049 4369 corporali,
1083 4292 1204 4352 sive
1236 4281 1557 4372 spirituali.

458 4370 588 4460 129.
612 4372 823 4437 Omnia
845 4379 1041 4440 cordis
1061 4370 1289 4443 occulta
1313 4401 1443 4460 quae
1463 4382 1534 4442 ab
1558 4379 1803 4443 infantia
1823 4399 2009 4460 usque

368 4458 440 4520 ad
477 4459 626 4524 hanc
657 4464 861 4526 horam
892 4467 1108 4539 fecisti,
1142 4458 1347 4533 revela
1389 4472 1541 4533 Patri
1571 4468 1884 4551 spirituali,
1913 4458 2007 4529 vel

372 4552 687 4631 superiori,
718 4562 989 4635 tanquam
1018 4556 1131 4637 ipsi
1155 4558 1272 4620 Deo
1300 4559 1397 4640 qui
1421 4569 1715 4621 scrutatur
1753 4558 1932 4620 corda
1952 4567 2009 4619 et

368 4658 545 4703 renes
572 4642 655 4716 30,
719 4645 917 4706 sciens
956 4646 1244 4709 Joannem
1305 4648 1686 4729 baptizavisse
1717 4647 2009 4728 baptismo

369 4731 758 4810 pmnilentize‘
791 4743 851 4797 et
894 4754 1102 4797 omnes
1133 4737 1203 4797 ad
1239 4738 1407 4799 illum
1433 4738 1786 4799 confluxisse
1818 4736 2007 4797 conﬁ-

369 4828 561 4882 tentvs
594 4833 831 4902 peccata
861 4845 993 4896 sua;
1025 4845 1092 4887 ex
1121 4829 1230 4889 hoc
1250 4828 1408 4887 enim
1436 4846 1707 4905 magnum
1729 4826 2005 4903 gaudium

371 4913 554 4972 menti
587 4914 928 4975 etlevamen
967 4915 1347 4978 conscientia
1377 4916 1851 4997 provenit,juxta
1881 4934 2010 4994 pro-

370 5000 670 5077 pheticum
702 5003 843 5065 illud
877 5004 1126 5065 verbum
1164 5025 1178 5065 :
1229 5005 1335 5067 Dic
1391 5014 1447 5065 tu
1485 5005 1737 5086 primum
1770 5013 2009 5084 peccata

367 5096 485 5167 tua,
526 5102 586 5151 ut
610 5093 959 5172 justiﬁccris
985 5094 1067 5157 3‘.
1111 5121 1134 5152 υ

450 5349 585 5411 430.
623 5350 815 5415 Mente
850 5372 1197 5431 persuasum
1236 5355 1414 5437 habe,
1445 5362 1573 5435 post
1604 5350 2012 5431 ingressumin

2101 3105 2298 3201 θυμως,
2332 3128 2405 3191 ὼς
2456 3127 2700 3205 ἀνωτέρω
2749 3125 3139 3201 δεδηλώναμεν,
3186 3128 3379 3190 πάντας
3424 3128 3597 3205 ἀγίρυς
3645 3128 3723 3184 ἒν-

2096 3220 2251 3286 νοῶν,
2304 3213 2491 3271 σπεῦδε
2548 3214 2631 3271 διὰ
2712 3215 2928 3276 πένθους
2986 3224 3089 3271 τῶν
3163 3220 3341 3272 παθῶν
3393 3220 3728 3296 καθαρθῆναι,

2095 3300 2241 3367 ὅπως
2302 3303 2613 3385 ἐλλαμφθεὶς
2673 3302 2773 3361 ἰιπὸ
2846 3310 2942 3371 τῆς
3020 3307 3263 3385 χάριτος,
3322 3306 3524 3368 πάντας
3577 3304 3734 3371 ὲξίσου

2094 3406 2397 3468 κατανοεῖν,
2431 3396 2517 3450 καὶ
2546 3394 2639 3452 τοῦ
2668 3404 3002 3473 μακαρισμοῦ
3030 3396 3134 3452 τῶν
3176 3398 3416 3474 καθαρῶν
3562 3392 3735 3474 καρδίᾳ

2094 3479 2337 3559 ἐπιτεύξῃ
2349 3530 2363 3544 ,

2173 3560 2307 3649 ρκζί
2342 3571 2549 3639 Ταύτην
2578 3569 2632 3627 δὲ
2685 3573 2841 3650 ἡγοῦ,
2887 3570 3099 3652 ἀδελφέ,
3159 3570 3400 3650 λέγεσθαι
3458 3572 3733 3652 ἀναχώρη-

2094 3680 2175 3713 σιν
2219 3658 2421 3716 τελείαν
2448 3662 2671 3735 κόσμου,
2730 3661 2825 3729 τὴν
2873 3659 3108 3728 παντελῆ
3164 3667 3256 3716 τοῦ
3283 3657 3734 3737 ἰδίου-θελήματος

2093 3747 2451 3827 ἀπονέκρωσιν
2475 3768 2489 3783 '
2537 3748 2717 3806 ἔπειτα
2748 3751 2846 3817 τῆν
2892 3756 2995 3806 τῶν
3054 3749 3274 3829 γονέων,
3334 3749 3542 3806 οἰκείων
3570 3771 3625 3806 τε
3653 3761 3740 3815 καὶ

2092 3837 2254 3918 φίλων
2286 3839 2674 3918 ᾁπροσπάθειαν
2703 3842 2791 3896 καὶ
2820 3840 3138 3917 ἁπάρνησιν.

2174 3917 2317 4006 ρκη’.
2355 3928 2497 3991 Εἶθ’,
2553 3928 2717 3993 οὕτως
2773 3931 2861 3986 καὶ
2916 3932 2978 3985 τὸ
3034 3931 3139 3987 τῶν
3196 3930 3501 4009 προσόντων
3528 3931 3736 3987 πάντων

2093 4019 2453 4093 γυμνωθῆναι,
2512 4014 2857 4092 διαμείμαντα
2900 4030 3018 4081 τοῖς
3074 4018 3289 4092 πένησι,
3348 4020 3486 4074 κατὰ
3541 4021 3633 4075 τὸν
3661 4020 3736 4074 εἶ-

2093 4105 2259 4161 πόντα
2296 4122 2309 4135 ⁸
2362 4130 2389 4160 α
2421 4105 2677 4173 Πώλησόν
2707 4129 2800 4164 σου
2850 4109 2915 4163 τὰ
2961 4108 3271 4187 ὑπάρχοντα
3327 4109 3414 4164 καὶ
3456 4104 3545 4171 δὸς
3588 4130 3737 4164 πτω-

2094 4207 2248 4273 χοῖς,
2284 4214 2311 4252 )
2347 4193 2514 4264 λήθην
2546 4216 2601 4250 τε
2632 4201 2850 4263 ποιῆσαι
2881 4196 3091 4252 πάντῶν
3121 4199 3195 4253 ῶν
3220 4197 3488 4276 σχετικῶς
3519 4195 3733 4275 ἠγάπας

2032 4318 2073 4378 C
2094 4283 2405 4361 προσώπων,
2457 4282 2568 4339 εἴτε
2598 4291 2936 4359 σωματικῶς,
2972 4282 3084 4339 εἴτε
3114 4290 3508 4361 πνευματικῶς.

2173 4362 2307 4452 ρκθ’,
2384 4370 2743 4452 Ἐξαγόρευσίν
2795 4394 2851 4428 τε
2909 4380 3014 4429 τῶν
3059 4378 3158 4440 τῆς
3213 4371 3426 4453 καρδίας
3495 4378 3739 4453 κρυπτῶν

2092 4462 2338 4517 ἁπάντων
2408 4468 2511 4518 τῶν
2572 4463 2677 4518 ἀπὸ
2732 4462 2950 4542 βρέφους
3008 4464 3096 4519 καὶ
3153 4462 3345 4543 μέχρις
3403 4466 3568 4529 αὖτῆς
3642 4467 3736 4529 τῆς

2091 4550 2231 4630 ὥρας
2296 4553 2436 4631 παρὰ
2493 4558 2586 4608 σοῦ
2657 4552 3022 4632 πραχθέντων,
3081 4554 3212 4631 πρὸς
3269 4554 3360 4609 τὸν
3387 4554 3739 4628 πνευματικὸν

2093 4640 2318 4719 Πατέρα,
2468 4643 2599 4721 πρὸς
2642 4643 2733 4697 τὸν
2785 4642 3108 4719 ἡγούμενον,
3151 4640 3225 4704 ὠς
3280 4642 3410 4719 πρὸς
3466 4641 3626 4697 αυτὸν
3656 4642 3742 4697 τὸν

2093 4733 2222 4786 Θεὸν
2278 4733 2367 4787 τὸν
2439 4730 2685 4802 ἐτάξοντα
2737 4730 2950 4809 καρδίας
3008 4732 3093 4786 καὶ
3140 4732 3356 4809 νεφρούς
3390 4747 3403 4761 ·
3467 4729 3617 4794 εἰδὼς
3668 4734 3737 4792 ὡς

2093 4816 2341 4886 Ἰωάννης
2396 4818 2638 4890 ἐϐάπτιζε
2696 4820 2968 4896 βάπτισμα
3043 4823 3345 4896 μετανοίας,
3400 4821 3489 4876 καὶ
3544 4821 3736 4881 πάντες

2090 4906 2322 4987 ἤρχοντο
2392 4910 2523 4987 πρὸς
2578 4908 2733 4964 αὐτὸν
2796 4906 3264 4985 ἐξομολογούμενοι
3332 4909 3426 4971 τὰς
3479 4909 3735 4987 ἁμαρτίας

2092 5001 2260 5056 αὖτῶν
2295 5015 2307 5028 ”
2342 5000 2429 5053 καὶ
2478 4999 2576 5077 γὰρ
2623 4998 2683 5054 ἐκ
2735 4998 2918 5054 τούτου
2982 4995 3191 5075 μεγάλη
3249 4999 3396 5077 χαρὰ
3447 5003 3515 5073 τῇ
3559 5001 3733 5076 ψυχῇ,

2091 5088 2178 5142 καὶ
2232 5089 2523 5166 κουφισμὸς
2581 5090 2658 5161 τῷ
2713 5084 2965 5145 συνειδότι
3023 5085 3380 5164 προσγίνεται,
3452 5087 3589 5141 κατὰ
3643 5088 3731 5141 τὸν

2092 5178 2419 5255 προφητικὸν
2451 5174 2607 5254 λόγον
2638 5194 2653 5210 ⁶
2696 5196 2719 5230 ε
2775 5175 2905 5254 Λέγε
2952 5176 3013 5230 σὺ
3072 5175 3279 5253 πρῶτον
3336 5176 3430 5239 τὰς
3482 5174 3734 5254 ἁμαρτίας

2094 5284 2209 5338 σου,
2242 5264 2334 5320 ’ἵνα
2363 5262 2668 5341 δικαιωθῇς,
2720 5285 2748 5317 ι

2176 5342 2279 5432 ρλ’,
2314 5353 2499 5410 Θέσθαι
2544 5350 2598 5408 δὲ
2643 5359 2717 5427 τῷ
2768 5350 3012 5430 λογισμῷ
3061 5353 3308 5418 τοιαύτην
3352 5348 3731 5432 πληροφορίαν,

366 5441 731 5518 coenobium,
770 5454 1030 5507 mortuos
1062 5465 1191 5510 esse
1222 5464 1429 5507 omnes
1484 5454 1612 5506 tuos
1644 5454 1922 5523 parentes
1954 5448 2012 5502 et

2109 5443 2229 5498 ιετὰ
2276 5443 2375 5510 τὴν
2418 5445 2491 5505 είς
2537 5444 2597 5498 τὸ
2653 5439 2914 5499 κοινόϐιον
2971 5439 3200 5515 εἶ’σοδον,
3254 5440 3491 5501 τεθνάται
3536 5441 3734 5502 πάντας

442 5652 503 5706 ³9
531 5650 711 5720 Matth
770 5669 889 5735 χιχ,
919 5651 1021 5714 21.
1104 5652 1169 5703 30
1196 5651 1353 5715 Psal.
1385 5667 1490 5728 vn,
1526 5649 1621 5712 10.
1705 5650 1761 5700 δι
1795 5645 1906 5713 Isa.
1941 5662 2106 5724 xun,
2140 5646 2240 5713 26.
