4054 6114
338 227 457 309 673
1700 232 1982 299 CAPITA
2023 231 2371 299 MORALIA
3597 236 3718 304 674

341 378 517 443 γονεῖς
546 388 605 424 τε
648 370 735 425 καὶ
786 367 988 450 φίλους,
1045 370 1134 426 καὶ
1192 368 1352 445 μόνον
1394 370 1639 449 ἡγεῖσθαι
1695 368 1895 449 πατέρα
1924 389 1976 425 τε

2074 366 2313 443 amicos,
2346 385 2459 429 nec
2486 366 2641 430 nllos
2672 386 2780 448 pro
2827 376 2994 452 patre
3054 377 3113 432 et
3168 379 3361 434 matre
3391 369 3567 448 habe,
3602 372 3718 435 nisi

340 456 427 511 καὶ
460 456 666 536 μητέρα
719 459 811 514 τὸν
864 460 993 515 Θεὸν
1047 459 1134 514 καὶ
1182 460 1271 516 τὸν
1328 465 1637 539 προεστῶτα
1673 478 1689 495 ⁸
1746 461 1834 516 καὶ
1868 459 1976 533 μή·

2074 455 2255 517 Deum
2274 466 2331 517 et
2354 458 2759 536 superiorem;
2795 478 2906 521 nec
2929 478 3187 540 unquam
3207 459 3535 542 corporalis
3557 477 3718 525 com-

339 566 471 601 ποτε
527 548 685 627 χάριν
730 553 1039 623 σωματικῆς
1098 550 1280 629 χρείας
1336 547 1459 629 παρ’
1519 553 1686 608 αὐτῶν
1731 572 1781 605 τι
1823 550 1976 619 αἰτή-

2074 545 2231 606 modi
2254 547 2442 625 gratia
2461 548 2778 628 quidquam
2803 549 2877 610 ab
2901 549 3019 611 illis
3046 549 3274 629 postula
3299 569 3315 625 ;
3341 550 3391 611 si
3415 550 3555 630 quid
3571 570 3714 613 vero

340 637 527 691 σασθαι
564 655 578 669 ⁸
641 638 684 692 εἰ
740 635 794 693 δὲ
848 639 935 694 καὶ
991 639 1052 693 ἐκ
1102 640 1345 717 προνοίας
1398 636 1523 719 παρ’
1580 642 1749 697 αὒτῶν
1796 661 1847 694 τι
1907 639 1976 693 σοῖ

2074 654 2191 715 pm
2217 635 2632 701 benevolentia
2653 639 2760 700 tibi
2794 639 3087 713 miserint,
3123 640 3351 720 accipe,
3372 658 3441 701 ac
3474 658 3575 721 pro
3607 660 3713 703 eo-

340 722 644 805 ἀποσταλῇ,
678 723 840 806 δέξαι,
901 728 988 784 καὶ
1044 726 1314 807 ὑπέρευξαι
1370 732 1470 795 τῆς
1530 729 1698 784 αὖτῶν
1750 726 1976 802 κηδεμο-

2074 742 2200 785 rum
2237 726 2630 807 prosperitate
2661 746 2935 808 precare,
2981 727 3228 790 missum
3260 736 3457 790 autem
3489 730 3712 791 donum

341 813 453 876 νίας
488 833 504 851 ⁸
554 816 835 896 παράσχου
882 814 935 871 δὲ
977 818 1039 873 τὸ
1086 816 1273 873 σταλὲν
1318 818 1391 879 εἷς
1446 818 1508 873 τὸ
1562 814 1913 896 ξενοδοχετον,
1946 815 1982 882 ἢ

341 902 413 965 εἰς
456 905 516 958 τὸ
560 920 906 979 νοσοκομετον
940 921 953 934 '
1004 907 1093 962 καὶ
1142 917 1298 965 τοῦτο
1351 906 1574 972 ποίησον
1631 906 1686 962 ἐν
1713 907 1981 962 ταπεινώ-

339 1013 421 1047 σει
457 1013 471 1028 ο
547 998 607 1053 ού
660 996 760 1074 γὰρ
822 1001 924 1052 τῶν
981 994 1196 1052 τελείων
1251 995 1383 1075 ἐστὶ,
1440 993 1577 1052 ἀλλὰ
1630 1001 1735 1052 τῶν
1792 995 1983 1075 ἐλαχί-

338 1102 499 1140 στων.

419 1160 561 1249 ρλα’,
618 1179 801 1230 Ποιεϊν
855 1170 910 1229 δέ
963 1181 1067 1231 πᾶν
1150 1181 1392 1254 πρᾶγμα,
1452 1173 1580 1254 ὅπερ
1638 1173 1745 1230 ἐστὶ
1798 1173 1983 1254 καλὸν,

2067 812 2138 873 ad
2164 813 2464 894 hOSpitum
2487 823 2584 876 aut
2605 824 2959 891 aegrotorum
3004 835 3203 878 curam
3235 825 3498 898 accepta,
3532 814 3727 899 idque

2066 901 2157 963 fac
2182 922 2314 963 cum
2340 904 2702 981 humilitate;
2731 906 2841 967 hoc
2872 909 3029 967 enim
3048 924 3165 967 non
3183 915 3271 968 est
3290 907 3710 987 perfectorum,

2048 994 2172 1079 .sed
2210 991 2616 1056 minimorum.

2161 1160 2255 1221 l3l
2277 1210 2289 1223 .
2312 1160 2425 1222 Fac
2451 1180 2627 1222 omne
2650 1162 3034 1240 opusbonum
3057 1183 3192 1226 cum
3216 1163 3573 1247 humilitate,
3590 1166 3732 1227 me:

338 1260 473 1334 μετά
502 1261 893 1341 ταπεινώσεως,
926 1263 1260 1338 ἐννοούμενον
1291 1265 1379 1319 τὸν
1428 1262 1640 1320 εἰπόντα
1672 1278 1687 1294 ⁸
1741 1285 1766 1317 σ
1837 1247 1976 1319 ”Οτακ.

2074 1268 2203 1310 mor
2231 1251 2389 1311 illius
2420 1251 2523 1327 qui
2554 1251 2700 1313 dixit
2733 1300 2747 1317 .
2813 1274 2842 1313 cr
2900 1256 3044 1316 Cum
3096 1255 3358 1318 feceritis
3386 1255 3585 1333 omnia
3617 1254 3714 1317 di-

334 1347 508 1405 πάντα
538 1350 820 1423 ποιήσητε,
881 1338 1063 1431 λέγετε
1119 1351 1198 1408 ὅτι
1254 1350 1500 1432 Ἀχρεϊοι
1554 1350 1727 1408 δοῦλοί
1774 1351 1930 1427 ἐσμεν
1960 1353 1988 1408 ὃ
2069 1340 2185 1402 (ille
2220 1362 2232 1399 ἕ
2270 1338 2437 1401 δΘΓνί
2468 1340 2710 1403 ίηυιίιθε
2741 1362 2945 1404 SUIDUS
2969 1342 3052 1403 52ι
3096 1366 3122 1402 1
3576 1346 3582 1357 ’

334 1436 632 1517 ὠφείλομεν
664 1445 907 1520 ποιῆσαι,
941 1443 1334 1517 πεποιήκαμεν.
1369 1466 1396 1497 ι)

415 1516 555 1606 ρλβ’.
589 1516 902 1586 Φυλάτίπιν-
932 1528 987 1586 δέ
1042 1532 1130 1587 καὶ
1178 1541 1272 1591 τοῦ
1328 1533 1534 1606 μήποτε
1589 1533 1863 1589 κοινωνίαν
1892 1531 1982 1588 δέ·-

2158 1519 2283 1581 132.
2320 1525 2470 1585 Cave
2500 1543 2573 1585 ne
2607 1543 2865 1605 unquam
2892 1526 3372 1587 communionem
3396 1528 3711 1609 suscipias,

333 1615 541 1697 ξασθαι,
573 1616 794 1698 ἔχοντός
839 1642 932 1676 σου
958 1622 1095 1676 κατά
1134 1642 1297 1700 τινος,
1360 1621 1519 1701 μέχρι
1564 1622 1649 1677 καί
1679 1619 1976 1700 προσϐολῆς

2074 1609 2292 1671 habens
2319 1613 2539 1692 aliquid
2572 1613 2854 1675 adversus
2886 1615 3241 1695 proximum,
3278 1615 3453 1677 etiam
3491 1636 3714 1679 meram

331 1705 597 1782 λογισμοῦ
630 1723 643 1736 ⁸
704 1706 803 1773 ἕως
848 1707 970 1765 ὅτου
1025 1707 1108 1764 διὰ
1166 1711 1442 1785 μετανοίας
1498 1709 1595 1776 τὴν
1639 1708 1976 1789 καταλλαγὴν

2074 1691 2440 1778 cogitationis
2470 1701 2783 1770 oﬂ‘emam,
2818 1691 3008 1765 donec
3041 1722 3146 1784 per
3177 1703 3584 1795 paenitentiam
3614 1725 3709 1789 re-

331 1795 555 1874 ἐργάσῃ.
590 1795 737 1878 ξίλὴν
780 1798 868 1853 καὶ
893 1805 1046 1855 τοῦτο
1074 1798 1178 1854 ἀπὸ
1208 1804 1303 1865 τῆς
1340 1802 1507 1878 εὐχῆς
1539 1800 1776 1874 μαθήσῃ.

417 1884 517 1963 ρλγ
542 1928 559 1944 .
595 1870 836 1961 ’,Ετοιμον
868 1884 922 1942 δὲ
972 1888 1114 1944 εἶναι
1167 1885 1282 1944 καθ’
1333 1888 1563 1955 ἑκάστην
1617 1887 1821 1967 ἡμέραν
1849 1890 1979 1966 πρὸς

331 1972 606 2055 ὑποδοχὴν
664 1976 842 2042 πάσης
910 1974 1137 2050 θλίψεως
1172 1992 1185 2006 ⁸
1263 1976 1599 2051 ἐννοούμενον
1664 1975 1979 2055 ἀπαλλαγὴν

332 2065 527 2126 ταύτας
581 2065 688 2121 τῶν
744 2062 954 2121 πολλῶν
1014 2063 1337 2145 ὀφλημάτων
1421 2066 1588 2144 εἶναι,

331 2166 482 2208 στεῖν
512 2159 589 2228 τῷ
618 2153 751 2230 ἁγίῳ
782 2160 897 2227 Θεῷ
931 2172 944 2186 ·
997 2153 1057 2209 ἐκ
1101 2155 1201 2233 γὰρ
1251 2155 1449 2211 τούτων
1504 2155 1691 2211 κτᾶταί
1722 2176 1800 2218 τις
1843 2154 1982 2232 παῤ-

330 2242 521 2320 ῥησίαν
576 2242 1018 2322 ἀκαταίσχυντον,
1092 2244 1226 2300 κατά
1276 2244 1366 2299 τὸν
1420 2243 1586 2320 μέγαν
1632 2240 1975 2302 Ἀπόστολον.

351 2338 398 2388 Η
469 2332 567 2411 γὰρ
621 2330 794 2407 θλίψις
852 2333 1125 2408 ὑπομονὴν
1179 2334 1594 2411 κατεργάζεται·
1652 2333 1686 2400 ἡ
1742 2329 1797 2386 δὲ
1838 2333 1975 2387 ὑπο-

331 2421 496 2495 μονὴ,
543 2410 768 2496 δοκιμήν
806 2438 819 2451 ⁸
879 2423 915 2490 ἡ
977 2419 1032 2476 δέ
1059 2420 1277 2500 δοκιμὴ,
1311 2410 1493 2493 ἐλπίδα
1527 2440 1539 2452 ⁸
1572 2422 1608 2487 ἡ
1638 2418 1692 2475 δέ
1723 2420 1872 2484 ἐλπὶς
1918 2425 1977 2479 οὗ

328 2511 697 2589 καταισχύνει.
732 2511 831 2568 Καὶ
886 2511 985 2590 γὰρ
1053 2533 1075 2566 α
1134 2512 1166 2566 ἃ
1222 2510 1488 2590 ὀφθαλμὸς
1551 2512 1644 2566 οὒκ
1698 2509 1832 2588 εἶδε,
1893 2513 1979 2567 καὶ

328 2599 422 2661 οὖς
452 2599 547 2655 οὒκ
575 2598 791 2672 ἤκουσε,
822 2602 910 2656 καὶ
939 2600 1024 2656 ἐπὶ
1051 2598 1264 2679 καρδίαν
1294 2600 1566 2677 ἀνθρώπου
1598 2599 1692 2656 οὒκ
1721 2597 1907 2678 ἀνέϐη,
1950 2623 1971 2654 υ

326 2688 496 2745 ταῦτά
547 2686 654 2743 ἐστι
712 2688 847 2746 κατά
917 2689 1015 2755 τὴν
1077 2686 1279 2764 ἀψευδῆ
1336 2686 1660 2766 ἀπαγγελίαν
1715 2701 1835 2750 τοῖς
1895 2686 1979 2744 διὰ

327 2774 558 2850 θλίψεων
585 2777 681 2843 τὴν
711 2777 1007 2850 ὑπομονὴν,
1059 2778 1409 2856 συνεργούσης
1449 2782 1547 2844 τῆς
1578 2777 1832 2856 χάριτος,
1866 2778 1978 2834 ἐπι-

329 2860 681 2939 δεικνυμένοις
715 2885 728 2898 ·
763 2862 883 2924 ἄνευ
911 2866 1009 2945 γὰρ
1040 2866 1257 2945 χάριτος
1299 2869 1359 2925 οὗ
1387 2864 1595 2923 δύναταί
1624 2888 1673 2921 τι
1703 2870 1975 2945 κατορθω-

326 2957 508 3021 θῆναι.

414 3033 547 3122 ρλδ’.
582 3045 671 3111 Μὴ
704 3047 989 3111 κεκτῆσθαι
1047 3042 1101 3099 δέ
1153 3066 1204 3100 τι
1260 3050 1364 3100 τῶν
1419 3042 1613 3101 ὑλικῶν
1668 3043 1721 3101 ἐν
1751 3051 1828 3120 τῷ
1856 3045 2034 3116 κελοο

323 3133 450 3210 λίῳ,
503 3133 664 3213 μέχρι
707 3135 795 3189 καὶ
844 3131 1053 3213 ῥαφίδος
1090 3149 1104 3162 ⁸
1150 3133 1300 3198 ἐκτὸς
1357 3133 1565 3208 ψιάθου,
1624 3130 1832 3209 κωδίου,
1891 3137 1979 3193 καὶ

322 3220 577 3296 παλλίου,
610 3223 696 3279 καὶ
724 3225 796 3278 ὧν
826 3219 1201 3301 περιϐέϐλησαι
1237 3238 1251 3253 ⁸
1299 3223 1341 3278 εἰ
1389 3219 1604 3277 δυνατὸν
1636 3222 1712 3299 μὴ
1743 3220 1796 3277 δὲ
1838 3224 1974 3279 ὑπο-

323 3310 514 3369 πόδιον
550 3331 563 3345 ⁸
598 3311 706 3368 ἔστι
736 3312 835 3391 γὰρ
864 3314 951 3368 καὶ
994 3314 1110 3391 περὶ
1165 3312 1362 3369 τούτων
1418 3333 1496 3375 τις
1527 3310 1685 3390 λόγος
1722 3327 1734 3341 ⁸
1770 3309 1916 3387 ὅμως
1948 3315 1975 3370 ὁ

324 3407 470 3459 νοῶν
499 3404 700 3459 νοείτω.

414 3488 537 3568 ρλη.
567 3491 656 3557 Μὴ
685 3488 729 3545 δ’
760 3491 825 3547 αὗ
854 3490 1013 3548 πάλιν
1044 3490 1291 3546 ἀπαιτεῖν
1348 3510 1406 3544 σε
1460 3490 1549 3545 τὸν
1600 3490 1895 3568 ἡγούμενον
1924 3513 1974 3547 τι

320 3587 437 3637 τῶν
487 3577 780 3659 χρειωδῶν,
839 3579 983 3644 ἐντὸς
1043 3586 1149 3636 τῶν
1204 3578 1608 3653 τετυπωμένων,
1667 3581 1753 3636 καὶ
1813 3590 1976 3639 ταῦτα

322 3669 419 3727 ὅτε
452 3671 606 3732 αὒτὸς
651 3668 878 3733 καλέσας
927 3668 1124 3747 παρέξῃ
1161 3682 1174 3696 ⁸
1236 3666 1371 3743 μηδὲ
1423 3667 1560 3730 ὅλως
1618 3672 1695 3742 τῷ
1735 3667 1973 3725 ὑποϐάλ-

322 3759 477 3816 λοντι
533 3758 839 3832 πειθόμενος
911 3756 1174 3836 λογισμῷ,
1255 3754 1692 3821 ἀντικαταλλάξαι
1750 3779 1800 3813 τι
1870 3763 1976 3813 τῶν

322 3847 737 3927 παρεχομένων,
785 3844 901 3902 ἀλλ’
933 3851 1025 3903 οἶα
1054 3846 1095 3900 δ’
1143 3845 1203 3901 ἂν
1252 3847 1397 3919 εἰσὶν,
1450 3846 1523 3909 ὡς
1580 3844 1640 3901 ἐκ
1697 3852 1827 3903 Θεοῦ
1857 3846 1975 3921 μετ’

324 3934 667 4015 εὐχαριστίας
706 3932 1011 4013 λαμϐάνειν,
1069 3935 1156 3990 καὶ
1216 3932 1330 4009 μετ’
1383 3936 1553 3990 αὖτῶν
1610 3931 1970 3989 διοικεῖσθαι·

216 4031 237 4047 "
324 4046 409 4101 μη
441 4023 632 4088 ἐξεῖναι
685 4020 740 4078 δὲ
795 4021 1121 4102 ἐξαγοράζειν
1178 4020 1375 4102 ἕτερον,
1436 4021 1758 4099 ῥυπουμένου
1787 4018 1841 4076 δέ
1882 4032 1976 4082 τοῦ

322 4111 560 4188 ἱματίου,
593 4109 666 4174 δὶς
697 4116 789 4167 τοῦ
838 4111 1033 4191 χρόνου
1089 4108 1172 4168 δεῖ
1228 4121 1383 4170 τοῦτο
1439 4109 1651 4167 πλύνειν
1685 4126 1699 4139 ⁸
1733 4111 1974 4169 αἰτοῦντα

323 4202 575 4280 σχήματι
603 4206 826 4279 πτωχοῦ
854 4202 940 4255 καὶ
966 4197 1132 4270 ξένου,
1168 4201 1301 4274 μετὰ
1353 4199 1529 4266 πάσης
1578 4200 1969 4274 ταπεινώσεως,

1632 2067 1720 2121 καὶ
1776 2065 1987 2145 εὔχαρι-

2064 1788 2539 1852 conciliationem
2574 1800 2848 1871 operatus
2878 1792 3081 1856 fueris.
3570 1790 3595 1873 ,ί

2150 1877 2260 1939 133
2315 1880 2558 1940 Paratus
2589 1887 2714 1941 esto
2746 1879 3013 1960 quotidie
3041 1880 3114 1941 ad
3135 1881 3547 1963 suscipiendas
3576 1903 3711 1945 om-

2063 1983 2171 2026 nes
2196 1965 2628 2040 tribulationes,
2657 1977 2816 2030 ratus
2843 1969 2995 2030 illlas
3024 1988 3058 2030 a
3079 1964 3714 2053 multisliberare‘pec-

2070 2053 2236 2129 catis,
2265 2065 2321 2120 et
2343 2057 2565 2135 gratias
2580 2076 2687 2137 age
2710 2057 2830 2120 Deo
2862 2079 2874 2115 :
2929 2057 3047 2118 illa:
3070 2058 3226 2119 enim
3260 2061 3494 2139 pariunt
3521 2056 3710 2133 liber;-

2067 2149 2244 2203 tatem
2279 2145 2782 2219 inconfusibdem,
2812 2146 2976 2226 juxta
3008 2166 3281 2223 magnum
3314 2146 3662 2228 Aposrolﬁm
3691 2172 3704 2209 :

2072 2256 2098 2285 α
2135 2231 2463 2312 Tribulatio
2497 2236 2836 2316 patientiam
2872 2245 3173 2316 Operatur,
3202 2237 3484 2317 patientia
3511 2246 3707 2299 autem

2067 2320 2497 2399 probationem,
2535 2324 2806 2405 probatio
2836 2344 2974 2386 vero
3006 2344 3197 2407 spem,
3224 2335 3562 2405 spesautem
3587 2346 3708 2389 non

2058 2410 2366 2472 confundit
2384 2415 2468 2472 53.
2496 2438 2519 2473 ι
2550 2413 2787 2476 Etenim
2817 2441 2839 2469 «
2870 2413 3011 2487 Quae
3029 2415 3235 2475 orulus
3261 2435 3378 2476 non
3402 2416 3569 2496 vidit,
3597 2437 3709 2480 nec

2062 2502 2221 2562 auris
2245 2503 2486 2583 audivit,
2516 2524 2624 2565 nec
2646 2505 2707 2564 in
2730 2523 2833 2565 cor
2855 2503 3114 2565 hominis
3137 2505 3635 2582 ascenderunt“,
3672 2512 3729 2568 »⁷

2060 2588 2161 2649 illa
2180 2601 2441 2665 manent,
2463 2593 2628 2672 juxta
2649 2592 3040 2653 certissimam
3090 2594 3571 2673 promissionem,
3607 2614 3708 2658 eos

2060 2678 2158 2758 qui
2192 2698 2295 2758 per
2317 2680 2763 2743 tribulationum
2793 2681 3154 2760 patientiam,
3187 2684 3256 2743 ad
3258 2685 3501 2762 juvante
3523 2686 3709 2763 gratia

2062 2767 2208 2844 (sine
2241 2771 2428 2848 gratia
2462 2772 2620 2833 enim
2657 2771 2801 2834 nihil
2838 2770 2976 2833 boni
3034 2772 3164 2833 ﬁeri
3194 2774 3436 2853 potest),
3473 2773 3709 2854 probati

2060 2856 2321 2919 fuerunt.

2140 3046 2212 3107 13
2230 3046 2276 3107 l.
2306 3045 2460 3108 Nihil
2489 3045 2791 3110 materiale
2817 3046 3118 3126 possideas
3143 3048 3202 3110 in
3231 3055 3330 3110 tua
3357 3049 3594 3126 cellula,
3628 3070 3705 3115 ne

2059 3151 2228 3194 acum
2262 3136 2502 3214 quidem
2539 3143 2817 3215 (exceptis
2846 3144 3064 3219 storea,
3120 3138 3403 3217 stragulo,
3440 3132 3725 3219 pallio'et'

2057 3224 2473 3304 vestimentis),
2500 3243 2609 3285 nec
2623 3226 2823 3299 etiam,
2858 3225 2907 3285 si
2939 3226 3326 3304 possibilesit,
3352 3227 3699 3293 scabellnm:

2060 3330 2194 3401 nam
2229 3322 2286 3373 et
2317 3314 2525 3374 horum
2557 3313 2791 3394 aliquod
2824 3324 2912 3375 est
2944 3316 3201 3396 pretium
3230 3337 3243 3379 :
3308 3325 3563 3379 attamen
3595 3321 3699 3401 qui

2052 3399 2395 3479 intelligens
2425 3413 2518 3464 est
2546 3402 2856 3482 intelligat.

2144 3490 2274 3553 135’.
2304 3490 2457 3552 Nihil
2482 3492 2760 3553 utiliuma
2788 3491 3098 3571 superiore
3129 3501 3389 3574 repetas,
3426 3497 3540 3558 nisi
3571 3517 3703 3578 qua;

2057 3588 2196 3639 sunt
2217 3589 2433 3661 notata,
2459 3580 2636 3661 idque
2661 3599 2795 3642 cum
2820 3580 2948 3661 ipse
2971 3581 3076 3642 tibi
3105 3583 3392 3644 accersito
3424 3603 3493 3645 ea
3522 3586 3699 3648 obtu-

2060 3666 2194 3727 lerit
2219 3688 2235 3744 ;
2258 3688 2368 3730 nec
2392 3670 2702 3746 ullatenus,
2730 3669 3212 3751 suggestionibus
3233 3674 3445 3734 mentis
3466 3673 3701 3735 obtem-

2059 3773 2294 3835 perans,
2330 3765 2656 3819 commutes
2679 3759 2933 3839 aliquam
2966 3776 3165 3819 rerum
3198 3758 3304 3820 tibi
3336 3759 3694 3839 oblatarum,

2059 3844 2165 3904 sed
2197 3865 2563 3926 quaecunque
2610 3849 2746 3920 sint,
2782 3866 2915 3907 cum
2947 3855 3267 3923 gratiarum
3300 3848 3534 3910 actione
3568 3858 3689 3911 tan-

2058 3951 2232 4013 quam
2264 3934 2337 3995 ab
2366 3934 2496 4015 ipso
2531 3935 2653 3997 Deo
2685 3953 2784 3997 eas
2840 3935 3065 4015 accipe,
3127 3934 3330 4017 eisque
3361 3938 3694 4019 acquiesée.

2056 4021 2183 4083 Non
2206 4023 2579 4104 licetaliquid
2594 4024 2751 4085 aliud
2772 4042 3007 4099 emere;
3030 4025 3133 4085 sed
3154 4026 3454 4088 sordidam
3480 4037 3698 4090 vestem

2058 4109 2148 4171 bis
2167 4112 2226 4173 in
2251 4131 2407 4174 anno
2428 4112 2576 4188 lava,
2605 4120 2811 4192 petens
2835 4113 3013 4173 veluti
3039 4114 3346 4177 mendicus
3385 4125 3443 4178 et
3483 4117 3702 4198 hospes

2056 4220 2189 4261 cum
2211 4205 2370 4263 omni
2394 4202 2724 4264 humilitate
2744 4202 2985 4263 alterius
3027 4203 3223 4264 fratris
3255 4205 3700 4283 vestimentum,

324 4292 506 4369 ἐτέρου
562 4288 785 4370 ἀδελφοῦ
832 4286 1187 4368 περιϐόλαιον,
1249 4288 1439 4369 μέχρις
1511 4287 1633 4347 ὅτου
1701 4290 1763 4345 τὸ
1832 4286 1969 4345 ἴδιον

2074 4290 2249 4352 lonec
2270 4297 2431 4353 tuum
2452 4291 2635 4352 lotum
2657 4291 2782 4352 Sole
2805 4290 3165 4369 siccetur;et
3185 4293 3326 4355 illud
3354 4300 3699 4375 posteacum

321 4378 517 4437 πλυθὲν
585 4380 687 4435 ὑπὸ
755 4387 847 4437 τοῦ
901 4376 1050 4446 ἡλίου
1099 4377 1350 4456 ξηρανθῇ.
1413 4376 1531 4435 Εἶθ’
1590 4378 1756 4441 οὕτως
1812 4376 1971 4439 πάλιν

323 4466 443 4545 μετ’
476 4471 812 4549 εὐχαριστίας
867 4465 1167 4524 ἀποδιδόναι
1202 4483 1216 4497 ⁸
1278 4468 1529 4531 ὡσαύτως
1578 4470 1667 4524 καὶ
1722 4466 1966 4531 παλλίον.

321 4559 415 4614 καὶ
457 4556 509 4612 εἴ
538 4579 587 4612 τι
628 4556 827 4635 ἕτερον.

407 4635 574 4726 ρλς’.
604 4653 805 4719 Κοπιᾷν
835 4643 889 4701 δέ
938 4646 1073 4702 κατὰ
1129 4643 1345 4722 δύναμιν
1403 4645 1457 4702 ἐν
1514 4653 1583 4724 τῇ
1614 4643 1871 4727 διακονίᾳ,
1918 4646 1970 4705 ἐν

324 4734 382 4792 δὲ
410 4739 488 4810 τῷ
531 4734 723 4811 κελλίῳ
777 4749 1048 4815 καρτερεῖν
1111 4734 1165 4791 ἐν
1219 4741 1286 4811 τῇ
1328 4735 1490 4816 εὒχῇ,
1552 4736 1685 4811 μετὰ
1741 4737 1970 4793 κατανύ-

326 4824 477 4898 ξεως,
535 4826 623 4879 καὶ
703 4830 1006 4903 προσοχῆς,
1092 4825 1181 4880 καὶ
1260 4830 1500 4903 συνεχῶν
1569 4821 1819 4903 δακρύων,
1885 4828 1973 4881 καὶ

329 4914 406 4990 μὴ
434 4913 626 4969 τιθέναι
657 4912 710 4969 ἐν
766 4919 834 4989 τῆ
890 4911 1112 4994 διανοίᾳ,
1174 4911 1255 4968 ὅτι
1311 4915 1543 4993 σήμερον
1585 4914 1969 4995 ὑπερεκπερισ-

327 5009 420 5058 σοῦ
474 5001 891 5080 ὲκκεκοπιακὼς,
952 5000 1126 5082 ὑφέλω
1180 5023 1231 5057 τι
1296 5006 1395 5068 τῆς
1450 5005 1619 5082 εὒχῆς
1671 5001 1825 5059 ἕνεκα
1880 5013 1971 5061 τοῦ

327 5100 630 5167 σωματικοῦ
684 5089 873 5151 κόπου.
929 5092 1083 5169 Λέγω
1137 5111 1219 5145 σοι
1272 5091 1395 5169 γὰρ,
1442 5088 1522 5146 ὅτι
1575 5089 1697 5147 ὅσον
1754 5091 1843 5150 ἐάν
1889 5115 1968 5156 τις

327 5179 507 5235 ἑαυτὸν
537 5179 784 5257 βιάσηται
815 5178 867 5234 ἐν
917 5185 986 5255 τῇ
1039 5177 1294 5259 διακονίᾳ,
1351 5180 1616 5258 στερηθεὶς
1646 5184 1743 5246 τῆς
1774 5184 1966 5261 εὐχῆς,

328 5272 464 5350 μέγα
495 5295 547 5328 τι
576 5270 970 5328 ἀπολωλεκέναι
998 5272 1184 5328 οἰέσθω
1216 5289 1233 5306 ⁸
1266 5273 1353 5327 καὶ
1382 5274 1480 5351 γὰρ
1506 5271 1671 5336 οὕτως
1702 5270 1841 5352 ἔχει.

405 5350 539 5439 ρλζ’,
582 5362 688 5440 Πρὸ
720 5361 930 5417 πάντων
985 5358 1062 5436 δέ,
1124 5360 1359 5433 ἀπαντᾷν
1415 5363 1487 5423 εἶς
1544 5362 1637 5425 τὰς
1667 5350 1960 5429 ἐκκλησια-

2054 4380 2376 4459 gratiarum
2398 4380 2632 4443 actione
2659 4380 2868 4442 redde.
2899 4379 3046 4443 Item
3078 4381 3153 4445 de
3185 4382 3364 4464 pallio
3395 4392 3453 4446 et
3481 4385 3556 4448 de
3578 4404 3699 4448 cae-

2057 4469 2223 4532 teris.

2138 4639 2271 4701 I36.
2305 4636 2533 4702 Labora
2563 4657 2668 4719 pro
2698 4637 2921 4701 viribus
2979 4639 3092 4701 tuis
3148 4639 3208 4702 in
3244 4642 3603 4720 ministerio,
3631 4643 3696 4707 in

2054 4728 2203 4790 cella
2232 4738 2426 4790 autem
2460 4747 2775 4810 persevera
2801 4730 2861 4789 in
2914 4729 3202 4805 oratione,
3238 4750 3371 4792 cum
3403 4722 3696 4812 compun-

2055 4820 2251 4881 ctione
2282 4829 2339 4880 et
2363 4819 2710 4893 attentione,
2738 4828 2793 4879 et
2824 4819 3099 4898 lacrymis
3131 4819 3450 4895 continuis,
3488 4839 3596 4881 nec
3612 4820 3699 4883 ita

2053 4907 2450 4970 ratiocinare:
2492 4932 2520 4965 α
2554 4906 2743 4969 Hodie
2794 4907 2975 4969 nimis
3002 4906 3276 4986 fatigatus
3303 4908 3523 4988 aliquid
3554 4926 3695 4970 ora-

2055 4995 2200 5057 tioni
2232 4996 2572 5057 subtraham
2616 5003 2856 5077 propter
2884 4996 3156 5076 corporis
3186 4995 3620 5057 lassitudinem.-
3663 5022 3687 5057 ι

2055 5083 2194 5147 Dico
2228 5087 2387 5149 enim
2432 5085 2538 5145 tibi
2591 5094 3110 5165 quantamcunque
3164 5084 3279 5145 sibi
3328 5083 3441 5144 vim
3476 5085 3694 5165 aliquis

2051 5173 2112 5234 in
2135 5172 2457 5236 laborando
2478 5173 2770 5249 intulerit,
2795 5172 3063 5233 oratione
3089 5172 3348 5253 privatus
3377 5173 3698 5237 arbitretur

2050 5282 2114 5325 se
2146 5283 2383 5345 passum
2416 5281 2549 5326 esse
2580 5261 3026 5341 detrimentum,
3063 5261 3122 5321 id
3156 5261 3311 5341 quod
3344 5279 3547 5323 verum
3580 5272 3689 5328 est.

2126 5354 2264 5418 137.
2290 5356 2445 5415 Ante
2466 5369 2674 5413 omnes
2702 5349 2775 5411 ad
2800 5349 3072 5411 ecclesiae
3086 5367 3332 5431 synaxes
3355 5352 3599 5429 accede,
3634 5361 3695 5416 et

403 5533 457 5577 ³2
484 5534 632 5599 Luc.
662 5547 807 5611 xm,
841 5533 940 5596 10.
1023 5529 1077 5574 33
1103 5530 1274 5595 Rom.
1308 5548 1369 5609 v,
1402 5531 1465 5595 5.
1549 5530 1603 5574 34
1644 5532 1754 5599 lsa.
1785 5548 1947 5613 LXIV,

2088 5530 2117 5595 Ι
2143 5530 2277 5595 Cor.
2310 5545 2374 5605 ιι,
2405 5531 2468 5590 9.
