4054 6114
397 231 516 304 675

1693 229 2000 300 SYMEON
2005 231 2076 299 IS
2112 232 2466 304 JUNIORIS

3650 237 3767 306 676

399 376 640 438 ultimus
669 374 913 452 recede,
957 381 1203 455 excepta
1256 391 1467 452 magna
1522 372 1896 448 necessitate,
1932 371 2033 434 sed

2128 375 2307 442 στικὰς
2352 373 2606 453 συνάξεις,
2639 375 2738 433 κωὶ
2765 373 2989 434 ὕστατον
3043 376 3375 458 ὑποχωρεῖν,
3429 376 3582 441 ἐκτὸς
3610 377 3767 458 ἀνάγ-

397 465 820 548 ρτωεετιίωιη
866 462 1076 527 Ofﬁcio
1135 463 1446 538 matutino,
1509 470 1566 524 et
1621 461 1685 522 in
1742 480 1911 524 sacra
1940 462 2033 523 Li-

2128 486 2228 532 κης
2273 465 2513 544 μεγάλης
2547 481 2562 496 ⁸
2597 463 2798 542 μᾶλλον
2826 463 2879 522 δὲ
2910 465 2963 522 ἐν
2991 473 3067 542 τῷ
3095 466 3279 547 ὄρθρῳ,
3313 469 3403 524 καὶ
3429 472 3499 544 τῇ
3526 465 3766 550 λειτουρ-

398 556 614 636 turgia.

481 647 618 708 138.
643 643 894 708 Omnem
920 641 1319 706 obedientiam
1352 640 2039 723 praabetuosuperiori,a

393 753 508 816 quo
530 742 830 796 tonsuram
855 731 1191 812 suscepisti,
1214 739 1271 792 et
1305 731 1645 793 indistincte
1671 749 2036 812 quaecunque

393 823 682 906 praecipit.
703 823 960 903 adimple
977 842 1162 903 usque
1179 822 1251 883 ad
1267 829 1540 896 mortem,
1563 821 1796 882 etiamsi
1819 821 1894 881 im
1907 841 2039 901 pos-

392 914 590 975 sibilia
619 912 726 973 tibi
755 912 1066 974 videantur
1101 931 1113 974 :
1163 911 1224 972 in
1257 913 1370 972 hoc
1400 915 1558 972 enim
1592 910 1838 972 imitaris
1868 910 2034 972 illum

392 1004 493 1083 qui
523 1004 714 1065 factus
744 1011 835 1064 est
867 1001 1154 1063 obediens
1181 1019 1370 1081 usque
1388 1000 1460 1061 ad
1482 1007 1756 1074 mortem,
1784 1010 2036 1061 mortem

390 1100 586 1153 autem
619 1091 815 1152 crucis
842 1092 924 1150 35.
960 1089 1165 1170 Neque
1211 1090 1322 1150 soli
1365 1087 1681 1170 superiori,
1717 1089 1822 1150 sed
1855 1088 2034 1150 etiam

389 1179 668 1242 omnibus
698 1179 1000 1252 lratribus,
1055 1187 1114 1240 et
1146 1178 1607 1241 ministeriorum
1641 1179 1940 1260 praefecto,
1973 1179 2033 1239 in

387 1269 664 1337 omnibus
689 1268 935 1331 obedire
959 1276 1209 1350 oportet.
1244 1267 1410 1340 Quod
1443 1269 1493 1329 si
1524 1271 1678 1330 vires
1702 1275 1830 1328 tuas
1850 1285 2030 1328 exce-

388 1357 489 1419 dat
510 1358 666 1438 quod
692 1357 799 1419 tibi
822 1367 1180 1439 praeceptum
1204 1367 1313 1432 est,
1341 1357 1608 1420 dolorem
1630 1366 1795 1419 tuum
1825 1356 2030 1438 expri-

388 1466 580 1521 mens,
617 1466 798 1528 posce
829 1447 1413 1509 condemnationem.
1472 1445 1657 1519 Quam
1690 1447 1739 1508 si
1770 1447 2034 1525 denega-

384 1542 554 1612 verit,
579 1537 789 1599 dicens
816 1557 830 1597 :
877 1562 904 1594 α
937 1539 1205 1617 Regnum
1238 1537 1523 1598 caelorum
1557 1536 1668 1598 vim
1705 1537 1942 1618 patitur,
1974 1543 2032 1598 et

381 1625 624 1689 violenti
649 1626 892 1706 rapiunt
919 1627 1063 1688 illud
1093 1625 1179 1700 36,
1217 1650 1244 1681 ι)
1282 1626 1395 1686 vim
1429 1625 1532 1686 tibi
1563 1625 1738 1689 infer.

472 1717 604 1779 139.
661 1715 773 1789 Qui
829 1735 960 1778 cum
1021 1717 1200 1778 corde
1258 1715 1511 1778 contrito
1571 1713 1904 1796 procumbit
1955 1713 2027 1778 ad

2126 554 2237 632 γίᾳ.

2204 633 2348 723 ρλη’,
2398 637 2697 725 ’Υποταγὴν
2729 644 2784 702 δὲ
2812 651 2982 703 πᾶσαν
3041 649 3326 714 κεκτῆσθαι
3384 647 3456 710 εἰς
3501 649 3597 703 τὸν
3637 647 3769 703 κατά

2126 732 2182 788 σὲ
2212 732 2530 813 ἡγούμενον,
2560 731 2648 813 ὑφ’
2705 735 2764 789 οὗ
2817 735 2904 790 καὶ
2956 733 3228 815 ἀπεκάρης
3263 751 3278 767 ⁶
3339 736 3427 791 καὶ
3455 733 3767 814 ἀδιακρίτως

2118 822 2183 876 τὰ
2225 819 2349 902 παρ’
2381 823 2538 878 αὐτοῦ
2578 823 3005 902 προσταττόμενα
3062 823 3354 904 ἐκπληροῦν
3410 823 3577 904 μέχρι
3605 823 3764 879 θανά-

2119 934 2230 984 του,
2265 913 2423 968 εἶκαὶ
2479 909 2703 968 ἀδύνατά
2752 935 2832 970 σοι
2889 911 3056 973 δοκεῖ.
3122 912 3210 972 Ἐν
3261 915 3431 989 τούτῳ
3476 916 3582 993 γὰρ
3630 921 3764 991 μιμῇ

2119 1000 2208 1054 τὸν
2232 1000 2600 1055 ὑπακούσανσα
2648 999 2810 1080 μέχρι
2857 1002 3100 1076 θανάτου,
3161 1002 3382 1060 θανάτου
3436 1001 3491 1058 δὲ
3515 1010 3761 1082 σταυροῦ,

2119 1090 2191 1145 Οὖ
2262 1090 2422 1163 μόνον
2477 1086 2533 1143 δὲ
2587 1091 2676 1146 τὸν
2731 1091 3049 1169 ἡγούμενον,
3106 1090 3242 1148 ἀλλὰ
3294 1095 3381 1148 καὶ
3424 1099 3604 1148 πᾶσαν
3671 1094 3765 1160 τὴν

2115 1174 2464 1256 ἀδελφότητα,
2500 1179 2588 1234 καὶ
2615 1179 2704 1235 τὸν
2733 1180 2827 1242 τὰς
2872 1178 3132 1244 διακονίας
3184 1180 3674 1261 ἐγκεχειρισμένον,
3710 1185 3765 1239 οὗ

2115 1265 2225 1344 χρὴ
2252 1277 2578 1346 παρακοῦσαι
2611 1265 2662 1323 ἕν
2690 1290 2790 1324 τινι
2826 1287 2840 1302 ·
2875 1266 2994 1325 ἀλλ’
3027 1273 3070 1325 εἱ
3116 1271 3203 1326 καὶ
3232 1271 3359 1350 ὑπὲρ
3387 1269 3610 1346 δύναμιν
3643 1273 3678 1348 ᾗ
3707 1275 3763 1329 τὸ

2112 1355 2542 1437 ἐπιταττόμενον,
2585 1356 2764 1434 βαλὼν
2793 1358 3096 1436 μετάνοιαν,
3129 1357 3349 1426 αἵτησαι
3391 1361 3758 1440 συγχώρησιν,

2116 1446 2175 1500 Ei
2217 1443 2272 1500 δὲ
2300 1448 2431 1525 πρὸς
2479 1454 2637 1505 τοῦτο
2688 1447 2950 1522 ἀνανεύει,
3011 1470 3044 1504 ι
3097 1458 3212 1507 Των
3266 1450 3497 1534 βιαστῶν
3557 1451 3699 1508 ἐστιν
3728 1453 3760 1518 ἡ

2113 1533 2350 1610 βασιλεία
2379 1541 2484 1592 τῶν
2511 1541 2764 1616 ούρανων,
2796 1539 2885 1594 καὶ
2913 1539 3124 1614 βιασταὶ
3165 1533 3479 1618 ἁρπάζουσιν
3510 1541 3701 1617 αὐτὴν,
3730 1565 3755 1596 ι

2113 1622 2477 1704 λογιζόμενον,
2516 1627 2699 1686 ἑαυτὸν
2726 1629 3014 1705 βιάζεσθαι,

2192 1708 2325 1796 ρλθ’,
2374 1719 2445 1775 Τὸ
2494 1719 2628 1793 μετά
2686 1717 3130 1798 συντετριμμένης
3185 1715 3396 1798 καρδίας
3449 1721 3758 1800 προσκυλιν-

386 1805 566 1887 pedes
596 1806 861 1867 omnium
894 1806 1171 1886 fratrum,
1206 1806 1498 1868 obscurus
1529 1813 1587 1866 et
1616 1805 1907 1884 inglorius
1936 1805 2027 1864 vi-

2128 1804 2314 1862 ῖετσϐαι
2343 1820 2461 1872 τοῖς
2504 1809 2633 1864 πασὶ
2683 1808 2860 1874 πάσης
2915 1813 3008 1884 τῇς
3067 1805 3443 1888 ἀδελφότητος,
3507 1813 3582 1874 ὡς
3617 1812 3756 1891 ἀφα-

384 1894 578 1971 detur,
603 1894 708 1956 sed
727 1895 972 1956 minime
994 1904 1103 1959 est.
1130 1893 1228 1957 Sic
1251 1895 1412 1957 enim
1437 1895 1506 1956 ad
1529 1893 1706 1956 vitam
1729 1912 2025 1968 reversus,

2128 1895 2206 1962 θὴς
2251 1897 2338 1952 καὶ
2368 1895 2661 1974 ἄγνωστος,
2693 1900 2781 1953 καὶ
2838 1893 2975 1960 ὅλως
3029 1896 3106 1971 μὴ
3163 1895 3258 1956 ὤν.
3309 1899 3404 1955 Καὶ
3466 1901 3569 1978 γὰρ
3595 1900 3753 1964 οὕτως

382 1991 442 2045 et
470 1984 689 2064 (audeo
722 1985 950 2061 dicere)
988 1984 1292 2066 perspicax
1324 1985 1538 2059 factus,
1567 1985 1748 2044 multa
1777 1984 2030 2064 prophe-

2128 2007 2164 2038 :v
2395 1985 2872 2066 ἀναστρεφόμενος,
2967 1983 3137 2063 θαῤῥῶ
3227 1988 3398 2043 εἰπεῖν
3461 1985 3752 2066 διορατικὸς

381 2081 484 2154 tat,
518 2074 829 2153 adjuvante
857 2077 1065 2153 gratia.
1129 2073 1480 2154 Hujusmodi
1533 2074 1621 2133 vir
1670 2074 1744 2134 de
1775 2073 2024 2134 aliorum

2128 2073 2417 2157 (ενόμενος,
2474 2072 2651 2131 πολλὰ
2705 2073 2976 2154 προλέγει,
3049 2079 3148 2140 τῆς
3193 2075 3410 2155 χάριτος
3470 2079 3752 2157 συνεργού-

384 2164 641 2242 peccatis
671 2164 882 2242 gemit,
919 2175 976 2224 et
1017 2163 1298 2224 immotus
1328 2161 1404 2223 ab
1436 2162 1599 2224 omni
1632 2162 2022 2223 materialium

2128 2185 2232 2230 της.
2309 2155 2365 2220 ’0
2437 2163 2702 2226 τούιοῦτος
2769 2165 2857 2220 καὶ
2925 2163 3050 2243 ὑπὲρ
3109 2165 3297 2244 ἐτέρων
3369 2165 3749 2242 ἐλαττωμάτων

382 2251 593 2312 affectu
626 2260 958 2332 permanet,
989 2252 1127 2332 quia
1161 2250 1488 2332 spiritualis
1511 2259 1569 2311 et
1599 2250 1831 2312 divinus
1860 2268 2028 2312 amor

2128 2263 2291 2331 Ιρηνετ
2317 2272 2328 2284 ο
2405 2253 2791 2332 ἆπερίσπαστος
2848 2251 2898 2318 ἐξ
2967 2252 3159 2311 ὁλικῶν
3230 2256 3583 2334 προσπαθείας
3650 2255 3750 2332 μέ-

381 2339 549 2400 illum
583 2339 644 2400 in
677 2340 767 2400 his
801 2341 1104 2403 offendere
1135 2360 1252 2400 non
1283 2341 1444 2402 sinit.
1479 2338 1605 2400 Non
1639 2339 1854 2400 mirqu
1887 2355 2025 2402 vero

2128 2364 2211 2397 νων
2243 2359 2257 2374 ⁸
2292 2349 2383 2399 τοῦ
2439 2354 2794 2419 πνευματικοῦ
2847 2345 2932 2400 καὶ
2985 2343 3122 2400 θείου
3174 2343 3366 2423 ἔρωτος
3425 2346 3502 2421 μὴ
3559 2343 3746 2410 ἐῶντος

379 2428 547 2489 illum
575 2429 950 2508 prophetare,
982 2449 1114 2490 cum
1138 2429 1196 2490 id
1224 2447 1379 2509 saepe
1394 2428 1466 2490 ab
1487 2428 1633 2510 ipsis
1655 2427 2027 2490 daemonibus

2128 2432 2263 2488 ιῦτὸν
2293 2431 2344 2487 ἐν
2375 2432 2580 2496 τούτοις
2625 2431 2921 2500 ὀλισθῆσαι.
2985 2437 3056 2492 Οὒ
3111 2435 3408 2508 θαυμαστὸν
3438 2432 3491 2490 δὲ
3521 2435 3580 2490 τὸ
3611 2457 3742 2513 προ-

381 2520 698 2599 proveuire
729 2519 1028 2598 contingat
1062 2537 1076 2582 :
1129 2527 1388 2580 attamen
1437 2519 1538 2598 qui
1569 2518 1907 2597 intelligens
1936 2523 2026 2579 est

2128 2518 2302 2597 .éyew,
2335 2519 2592 2585 πολλάκις
2639 2520 2694 2578 δὲ
2737 2520 3003 2599 σῦμϐαίνει
3057 2524 3144 2580 καὶ
3201 2523 3260 2580 ἐκ
3287 2523 3548 2600 δαιμόνων
3575 2546 3741 2603 προσ.

379 2607 687 2686 intelligat.
713 2608 1136 2687 Siquistamen
1169 2607 1562 2669 revelationes
1592 2608 1864 2688 accipere
1894 2625 2020 2668 caa-

2128 2610 2334 2687 rivEO'OIt
2371 2629 2386 2646 ⁶
2431 2611 2577 2686 ὅμως
2640 2615 2668 2668 ὁ
2725 2620 2856 2670 νοῶν
2913 2615 3090 2683 νοήσει
3125 2629 3140 2643 ⁶
3187 2611 3328 2680 πλὴν
3388 2615 3478 2671 ἐὰν
3531 2613 3739 2695 ἄρξηταί

381 2695 559 2775 peril,
593 2695 668 2756 iis
700 2697 901 2758 forsan
932 2697 1281 2778 privabitur,
1345 2705 1546 2777 utpote
1580 2697 2024 2777 perscrutandis

2128 2721 2185 2763 τις
2242 2698 2484 2781 δέχεσθαι
2543 2699 2922 2781 ἐξαγορεύσεις,
2995 2702 3129 2766 ἴσως
3197 2706 3284 2760 καὶ
3353 2705 3546 2761 τούτων
3616 2725 3735 2760 στε-

380 2785 629 2845 aliorum
649 2785 1352 2862 c0gitationibusvacans.
1373 2785 1435 2847 Si
1451 2794 1647 2846 autem
1675 2803 1793 2865 pra;
1819 2803 2029 2864 magna

2128 2801 2301 2863 ιεῖται,
2335 2789 2808 2870 ἀπασχολοῦμενος
2838 2791 2891 2848 ἐν
2938 2798 3016 2867 τῷ
3067 2793 3188 2857 τοὺς
3246 2792 3435 2874 ἐτέρων
3465 2793 3736 2872 λογισμοὺς

380 2873 717 2936 humilitate
745 2874 817 2934 ab
841 2876 949 2935 hac
971 2876 1333 2950 curiositate,
1357 2874 1587 2936 scilicet
1616 2892 1648 2934 a
1680 2873 1936 2935 dicendo
1970 2888 2030 2941 et

2128 2878 2422 2956 ὶνακρίνειν.
2478 2876 2601 2934 Ἐὰν
2646 2877 2701 2934 δὲ
2753 2879 2913 2936 πάλιν
2985 2880 3045 2937 ἐκ
3103 2880 3310 2949 πολλῆς
3380 2883 3732 2944 ταπεινώσεως

377 2962 675 3024 audiendo
707 2963 1020 3044 destiterit,
1055 2965 1302 3046 pristino
1335 2961 1664 3025 restituitur
1679 2961 1877 3026 statui.
1911 2963 2028 3026 Sed

2128 2967 2308 3022 ςούτων
2375 2968 2663 3042 παύσηται,
2734 2968 2897 3048 ἤγουν
2969 2979 3060 3029 τοῦ
3127 2970 3299 3049 λέγειν
3367 2974 3449 3030 καὶ
3509 2971 3720 3046 ἀκούειν,

380 3051 722 3155 hujusmodi
752 3071 952 3114 rerum
984 3055 1144 3115 solus
1173 3053 1332 3118 Deus
1357 3051 1863 3155 notitiamhabet:
1891 3071 2022 3132 ego,

2128 3054 2266 3113 πάλιν
2295 3055 2704 3114 ἀποκαθίσταται
2737 3059 2808 3121 εἷς
2857 3057 2956 3124 τὴν
3011 3060 3267 3140 προτέραν
3295 3061 3717 3120 ἀποκατάστασιν.

379 3150 543 3203 metu
567 3141 884 3215 cohibitus,
919 3143 992 3205 de
1020 3143 1238 3205 talibus
1267 3161 1386 3204 non
1417 3143 1608 3204 audeo
1641 3139 1826 3223 loqui.

2128 3147 2208 3214 Τὴν
2275 3144 2330 3203 δὲ
2398 3154 2503 3204 τῶν
2572 3148 2822 3204 τοιούτων
2879 3148 3084 3218 εἴδησιν
3151 3139 3310 3227 μόνος
3366 3153 3392 3208 δ
3447 3153 3564 3214 Θεὸς
3623 3148 3722 3204 ἒπ-

2103 3235 2330 3296 ίσταται.
2362 3233 2504 3316 Ἐγὼ
2536 3239 2634 3319 γὰρ
2663 3237 2810 3319 φόϐῳ
2837 3242 3220 3321 συνεχὸμανος,
3254 3241 3371 3322 περὶ
3405 3241 3641 3298 τοιούτων
3672 3236 3728 3296 οὔ

2100 3324 2284 3401 τολμῶ
2313 3325 2646 3406 φθέγξασθαι.

464 3417 596 3480 140.
622 3415 849 3479 Habeto
879 3415 1139 3478 animam
1171 3414 1429 3477 inDeum
1447 3431 1684 3494 semper
1705 3413 2014 3494 intentam,

2182 3407 2295 3496 ρμ’.
2362 3404 2539 3498 ειν
2581 3418 2635 3474 δὲ
2664 3422 2754 3476 τὸν
2783 3431 2901 3480 νοῦν
2933 3422 3157 3482 πάντοτε
3206 3423 3335 3501 πρὸς
3385 3423 3475 3478 τὸν
3506 3421 3651 3495 Θεὸν,
3682 3417 3732 3474 ἔν

374 3503 436 3566 in
467 3523 676 3567 somno
709 3513 769 3568 et
799 3505 858 3567 in
893 3505 1110 3586 vigilia,
1151 3505 1211 3566 in
1245 3503 1491 3586 prandio
1536 3512 1592 3564 et
1622 3502 1682 3562 in
1716 3520 2016 3577 sermone,

2128 3528 2158 3562 ε
2186 3505 2332 3580 ὕπνῳ
2386 3511 2472 3565 καὶ
2524 3509 2857 3591 ἐγρηγόρσει,
2904 3511 3132 3567 ἑστιάσει
3187 3513 3275 3568 καὶ
3331 3510 3530 3586 ὁμιλίᾳ,
3581 3509 3730 3588 ἐργο-

370 3593 432 3654 in
457 3614 737 3656 manuum
761 3595 965 3658 labore
985 3603 1042 3657 et
1069 3595 1129 3656 in
1155 3594 1317 3656 omni
1333 3593 1448 3655 alia
1469 3591 1834 3681 operatione,
1851 3591 2022 3681 juxta

2128 3598 2267 3676 [είρω
2295 3619 2352 3654 τε
2377 3600 2464 3654 καὶ
2493 3599 2638 3676 πάσῃ
2693 3599 2829 3676 ἄλλη
2887 3599 3089 3681 πράξει,
3135 3603 3269 3659 κατὰ
3325 3603 3387 3658 τὸ
3415 3601 3731 3680 προφητικὸν

371 3681 679 3764 Propheta;
707 3684 1012 3746 oraculum
1045 3708 1059 3748 ;
1120 3707 1148 3740 α
1182 3682 1576 3746 Providebam
1610 3680 1925 3742 Dominum
1957 3680 2017 3771 in

2128 3688 2281 3765 ,όγιον
2315 3707 2328 3721 ⁸
2393 3709 2417 3744 ιι
2455 3690 2792 3771 ῌροωρώμην
2848 3693 2938 3747 τὸν
2985 3680 3168 3771 Κύριον
3224 3691 3445 3748 ἐνώπιόν
3505 3712 3603 3766 μου
3631 3687 3732 3744 δια-

373 3783 691 3854 conspectu
711 3793 843 3836 meo
865 3793 1124 3854 semper.
1152 3798 1174 3833 ι
1203 3773 1448 3835 ,λΕειὶηιει
1473 3771 1726 3852 teipsum
1754 3778 1813 3830 ut
1837 3769 2017 3830 maxi-

2128 3777 2317 3840 παντός.
2383 3801 2410 3833 ι
2478 3769 2638 3856 Ἠγοῧ
2707 3777 2761 3834 δὲ
2817 3780 2999 3838 ἑαυτὸν
3055 3769 3488 3858 ἀμαρτωλότερον
3545 3779 3732 3839 παντὸς

375 3879 536 3923 mum
570 3871 939 3943 peccatorem
965 3864 1122 3926 inter
1143 3872 1384 3924 cunctos
1408 3861 1701 3923 homines.
1725 3859 2014 3920 Perseve-

2128 3865 2388 3944 ;νθρώπου,
2452 3868 2802 3945 Χρονιζούσης
2869 3869 2968 3947 γὰρ
3046 3870 3240 3936 ταύτης
3317 3873 3414 3935 τῆς
3491 3869 3728 3945 μνήμης,

372 3960 543 4013 ranle
572 3951 731 4013 enim
759 3953 869 4014 hac
891 3951 1325 4025 recordatione,
1352 3951 1634 4030 affulgere
1656 3949 1806 4010 solet
1829 3947 2016 4009 menti

2128 3954 2322 4035 εέφυκεν
2378 3955 2667 4033 ἐγγίνεσθαι
2719 3965 2787 4034 τῇ
2844 3955 3041 4030 διανοίᾳ
3099 3956 3384 4032 ἕλλαμψις,
3445 3955 3595 4022 δίκην
3634 3955 3730 4010 ἀκ⁶¹

372 4039 709 4117 illustratio,
743 4041 894 4103 radii
924 4042 1156 4121 instar;
1214 4052 1272 4103 et
1304 4051 1586 4122 quantum
1620 4041 1772 4102 hanc
1799 4041 2014 4119 quaeris

2128 4057 2242 4108 ῖνος
2278 4061 2291 4075 ⁶
2325 4046 2411 4100 καὶ
2440 4046 2561 4102 ὅσον
2593 4047 2786 4114 ταύτην
2818 4047 3111 4126 ἐπιζητεῖς,
3143 4045 3318 4123 πολλῇ
3353 4053 3623 4126 προσοχῇν
3653 4045 3734 4100 καὶ

373 4147 506 4190 cum
537 4148 750 4209 magna
781 4131 1109 4210 diligentia,
1129 4130 1418 4193 constanti
1448 4131 1670 4204 animo,
1705 4127 2014 4216 laboreite-

2133 4135 2471 4212 περισπάστνμ
2519 4133 2739 4210 διανοίᾳ,
2786 4137 2934 4216 κόφῳ
2989 4159 3046 4193 τε
3102 4135 3306 4216 πολλῷ,
3365 4138 3451 4192 καὶ
3499 4134 3732 4215 δάκρυσι,

372 4217 506 4278 naci
529 4227 586 4279 et
608 4218 909 4299 lacrymis,
931 4226 1088 4280 tanto
1137 4219 1507 4299 splendidior
1525 4218 1762 4294 alfulget
1795 4235 1810 4291 ;
1841 4214 2014 4276 afful-

2128 4222 2506 4304 ηλαυγὲστερον
2577 4228 2811 4305 φαίνεται
2851 4214 2876 4260 ί
2919 4227 3208 4307 φαινομένη
3279 4214 3354 4306 δὲ,
3417 4214 3684 4304 ἀγαπᾶται
3717 4228 3732 4252 ⁶

370 4323 516 4394 gens
544 4325 682 4367 vero
713 4315 962 4381 amatur,
997 4317 1188 4368 amata
1220 4309 1514 4388 puriticat,
1540 4307 1858 4388 purificans
1893 4307 2033 4384 Deo,

2131 4314 2424 4391 γαπωμένη
2495 4312 2570 4386 δὲ,
2645 4317 2872 4394 καθαίρει
2910 4335 2924 4349 °
2988 4317 3299 4393 καθαίρουσα
3383 4313 3456 4387 δὲ,
3539 4311 3734 4378 θεοειδῆ

371 4378 625 4458 similem
657 4394 874 4475 reddit,
908 4378 1300 4458 illuminanda
1331 4415 1398 4458 ac
1426 4378 1696 4458 docendo
1728 4394 1947 4455 bonum
1979 4380 2033 4453 ab

2128 4402 2471 4480 περγάζεται,
2543 4406 2836 4481 φωτίζουσα
2929 4406 3016 4461 καὶ
3085 4403 3393 4463 διδάσκουσα
3463 4402 3734 4482 διακρίνειν

372 4485 527 4546 malo
557 4483 920 4544 discernere.
956 4483 1274 4557 Praeterea,
1333 4485 1535 4559 frater,
1570 4492 1801 4565 oportet
1830 4483 2014 4543 multo

2129 4490 2155 4544 ὸ
2211 4489 2374 4546 καλὸν
2417 4491 2522 4547 ἀπὸ
2570 4502 2664 4551 τοῦ
2719 4494 2982 4573 χείρονος.
3041 4492 3209 4573 ῌλὴν,
3270 4491 3479 4572 ἀδελιρέ,
3542 4488 3735 4547 πολλοῦ

369 4571 574 4634 labore
605 4574 724 4636 Deo
752 4576 1088 4652 cooperari,
1113 4581 1174 4634 ut
1195 4575 1296 4635 illa
1335 4575 1597 4654 perfecte
1633 4572 1924 4633 inhabitet
1953 4570 2014 4630 in

2128 4590 2179 4634 ετ
2219 4578 2407 4660 κόπου,
2456 4581 2545 4635 σὺν
2590 4589 2727 4656 Θεῷ,
2784 4588 2878 4640 τοῦ
2929 4581 3142 4644 τελείως
3199 4581 3394 4648 ταύτην
3425 4581 3732 4643 εἷσοικισθῆο

369 4669 468 4724 tua
493 4661 714 4741 anima,
750 4674 807 4722 et
845 4669 901 4750 te
931 4661 1230 4723 illuminet
1259 4662 1412 4724 sicut
1441 4663 1580 4724 luna
1596 4661 1878 4725 tenebras
1901 4679 2010 4721 no-

2128 4690 2178 4724 αι
2230 4674 2298 4744 τῇ
2347 4676 2417 4745 σῇ
2473 4673 2625 4750 ψυχῇ
2659 4689 2675 4705 ⁸
2731 4672 2817 4726 καὶ
2870 4672 3034 4747 ταύτῃ
3087 4669 3437 4747 καταυγάσαι,
3498 4667 3674 4744 ὥσπερ
3701 4665 3733 4731 ἡ

369 4751 499 4814 ctis.
517 4751 766 4831 Oportet
781 4749 959 4811 etiam
978 4769 1184 4813 cavere
1203 4752 1276 4813 ab
1299 4753 1540 4814 offensis
1563 4751 2007 4830 cogitationum,

2129 4755 2294 4828 ελήνη
2337 4765 2427 4814 τὸν
2485 4749 2583 4825 τῆς
2627 4762 2809 4824 νυκτὸς
2865 4760 3046 4840 ζόφον.
3109 4757 3399 4838 Προσέχειν
3456 4754 3513 4812 δὲ
3544 4753 3735 4811 δεῖκαὶ

366 4859 532 4903 vana:
578 4840 782 4920 gloriae
826 4858 894 4903 ac
925 4842 1427 4923 praesumptionis,
1455 4850 1512 4904 et
1543 4860 1617 4903 ne
1646 4839 2013 4902 condemnes

2128 4847 2187 4910 ὰς
2257 4845 2556 4926 προσϐολὰς
2622 4853 2725 4905 τῶν
2795 4839 3085 4929 λογισμῶν,
3157 4847 3451 4912 κενοδοξίας
3523 4867 3582 4903 τε
3650 4843 3736 4900 καὶ

368 4930 624 5012 aliquem
657 4949 834 5010 quem
859 4930 1026 4991 vides
1053 4930 1279 5012 aliquid
1312 4931 1638 5011 incongrue
1670 4929 2008 4992 facientem.

2128 4938 2342 5012 ἱήσεως,
2375 4939 2462 4994 καὶ
2493 4948 2584 4997 τοῦ
2633 4939 2710 5014 μὴ
2755 4940 3081 5018 κατακρίνειν
3137 4938 3254 4994 τινὰ
3309 4939 3512 5015 ὁρῶντα
3569 4934 3733 5011 ἀπρε-

366 5019 678 5082 Daemones
711 5020 870 5082 enim
901 5019 1172 5082 videntes
1201 5021 1458 5083 animam
1489 5041 1522 5083 a
1544 5021 1918 5102 passionibus
1943 5039 2012 5082 ac

2128 5025 2189 5090 τές
2247 5049 2296 5082 τι
2344 5028 2664 5106 πράττοντα.
2727 5031 2787 5085 Οἱ
2844 5029 2943 5107 γὰρ
3001 5025 3241 5102 δαίμονες
3296 5024 3582 5102 βλέποντες
3639 5023 3734 5088 τὴν

369 5107 818 5179 tentationibus,
852 5115 1095 5190 propter
1123 5108 1552 5172 inhabitantem
1613 5119 2010 5198 gratamsta-

2128 5118 2280 5198 ιυχὴν
2328 5117 2432 5174 ἀπὸ
2474 5125 2580 5175 τῶν
2625 5122 2805 5176 παθῶν
2861 5119 2950 5175 καὶ
3007 5123 3110 5173 τῶν
3167 5119 3473 5194 πειρασμῶν
3527 5112 3610 5168 διὰ
3638 5115 3731 5176 τῆς

367 5205 610 5288 tumque
642 5198 1048 5288 tranquillum,
1085 5198 1420 5288 liberatam,
1453 5199 1508 5262 ei
1533 5199 1668 5288 talia
1699 5197 2006 5288 objiciunt.

2128 5197 2412 5276 νοικήσεως
2441 5213 2540 5274 τῆς
2571 5208 2813 5288 χάριτος,
2873 5207 2960 5262 καὶ
3009 5210 3108 5272 τῆς
3165 5205 3431 5283 εἰρηνικῆς
3461 5199 3731 5258 καταστά-

364 5287 637 5378 Attamen
669 5287 953 5378 auxilium
1007 5304 1042 5348 a
1099 5287 1221 5378 Deo
1280 5291 1498 5352 veniet.
1558 5287 1648 5350 Sit
1679 5287 1784 5348 tibi
1815 5287 2014 5378 luctus

2129 5317 2228 5360 εως
2325 5287 2806 5378 ἐλευθερωθεῖσαν,
2885 5291 3234 5375 προϐάλλουσι
3331 5292 3397 5348 τὰ
3491 5296 3728 5348 τοιαῦτα.

363 5376 700 5454 continuus,
734 5384 798 5440 et
825 5377 1064 5440 satietas
1120 5376 1513 5460 lacrymarum
1571 5394 1874 5460 nunquam
1909 5376 2006 5438 sit.

2128 5393 2272 5460 )μως
2323 5387 2357 5453 ἡ
2415 5367 2633 5463 βοήθεια
2691 5367 2780 5443 ἔχ’
2807 5367 2960 5445 Θεοῑι.
3019 5381 3254 5440 Γενέσθω
3309 5378 3365 5438 δὲ
3419 5401 3501 5436 σοι
3559 5379 3646 5437 καὶ
3673 5378 3731 5434 τὸ

437 5557 492 5601 εδ
519 5558 778 5641 Philipp.
812 5572 878 5633 ιι,
908 5556 970 5621 8.
1055 5554 1109 5600 36
1135 5557 1340 5627 Matth.
1371 5575 1458 5644 ιι,
1493 5557 1590 5622 12.
