4054 6114
241 223 349 294 677

1574 215 1851 288 CAPITA
1891 215 2259 289 MORALIA.

3483 212 3606 285 678

238 358 419 424 πένθος
489 357 752 433 διηνεκὲς,
822 358 910 414 καὶ
972 358 1128 438 κόρος
1199 358 1305 414 τῶν
1375 354 1609 436 δακρύων
1678 356 1756 432 μὴ
1810 355 1913 431 ᾗ,λ

1998 355 2113 419 Iave
2143 365 2339 419 autem
2372 376 2449 419 ne
2496 355 2735 439 aliquod
2787 353 3032 439 patiaris
3080 356 3500 421 detrimentum
3534 375 3607 419 ex

239 450 473 529 Πρόσεχε
529 446 582 504 δὲ
640 447 717 524 μὴ
788 447 1039 505 ὲκπαθεϊν
1098 469 1149 503 τι
1197 446 1257 504 ἐκ
1310 443 1519 513 πολλῆς
1568 451 1740 525 χαρᾶς
1795 439 1882 501 καὶ

238 536 586 617 κατανύξεως,
620 534 754 613 μηδὲ
783 534 835 601 ἐξ
881 534 1008 593 ἰδίου
1049 536 1216 593 κόπου
1263 536 1351 593 καὶ
1394 540 1489 595 οὒκ
1543 534 1604 591 ἐκ
1661 539 1759 601 τῆς
1789 540 1880 590 τοῦ

242 635 368 686 Θεοῦ
438 627 657 707 χάριτος
726 631 890 682 ταῦτα
958 623 1288 704 λογίσασθαι,
1376 625 1465 681 καὶ
1533 623 1881 705 ἀφαιρεθῶσιν

243 715 299 773 ἐκ
324 722 438 777 σοῦ.
474 716 564 772 καὶ
590 712 767 772 πολλὰ
815 720 1066 785 ζητησεις
1125 715 1180 771 ἐν
1232 719 1302 783 τῆ
1361 714 1500 794 εὐχῇ
1555 715 1643 769 καὶ
1672 714 1775 792 οὐχ
1803 713 1883 767 εὕ-

245 805 420 884 ρήσεις
456 821 471 834 ⁸
543 805 630 860 καὶ
700 803 884 882 γνώση
961 807 1077 861 οἷον
1136 801 1298 884 δῶρον
1353 801 1633 866 ἀπώλεσας
1668 818 1681 831 ·
1748 799 1884 857 ἀλλὰ

249 891 537 970 μηδέποτε,
600 893 778 972 Κύριε,
862 894 1241 972 στερηθείημεν
1327 897 1424 959 τῆς
1480 896 1579 959 σῆς
1637 891 1883 971 χάριτος.

250 980 416 1058 Πλὴν,
465 979 681 1061 ἀδελφέ,
739 981 828 1037 ἐὰν
881 983 969 1037 καὶ
1026 982 1203 1059 συμβῇ
1257 991 1429 1056 τοῦτο,
1492 979 1757 1058 ἐπίῤῥιψον
1807 979 1892 1036 ἐπὶ

252 1071 378 1127 Θεὸν
433 1071 532 1132 τὴν
588 1067 855 1125 ἀσθένειάν
905 1091 1017 1143 σου,
1071 1071 1158 1126 καὶ
1209 1069 1459 1145 ἀναστὰς,
1516 1069 1744 1132 ἐκτείνας
1799 1070 1893 1131 τὰς

253 1171 468 1238 χεῖρας,
538 1156 677 1222 εἶξαι
746 1155 918 1235 λέγων
987 1156 1122 1215 οὕτω
1153 1176 1170 1193 ο
1266 1159 1439 1238 Κύριε,
1532 1156 1749 1224 ἐλέησόν
1829 1177 1895 1233 με

249 1250 337 1304 τὸν
392 1244 727 1326 ἁμαρτωλὸν,
788 1248 875 1302 καὶ
930 1247 1146 1327 ἀσθενῆ,
1221 1249 1310 1304 καὶ
1376 1246 1732 1326 ταλαίπωρον,
1807 1246 1896 1301 καὶ

249 1336 600 1411 κατάπεμψον
631 1334 713 1391 ἐπ’
774 1333 868 1410 ἐμὲ
920 1340 1018 1401 τὴν
1074 1336 1233 1416 χάριν
1288 1359 1404 1414 σου,
1465 1337 1543 1412 μὴ
1573 1334 1673 1391 ἐῶν
1702 1356 1893 1413 πειρα-

253 1426 435 1492 σθῆναί
491 1445 557 1499 με
609 1422 736 1503 ὑπὲρ
795 1424 821 1478 ὃ
877 1421 1122 1500 δύναμαι.
1189 1423 1291 1506 Ιδε,
1351 1426 1529 1505 Κύριε,
1587 1427 1638 1480 αἱ
1705 1421 1898 1480 πολλαὶ

250 1511 496 1592 ἁμαρτίαι
553 1533 654 1587 μου
711 1513 784 1574 εἰς
843 1510 962 1568 ο’ἷαν
1033 1513 1254 1590 ἀθυμίαν
1330 1516 1417 1570 καὶ
1473 1513 1759 1592 λογισμούς
1832 1532 1898 1586 με

252 1600 477 1679 ἤγαγον.
554 1598 715 1679 Ἐγὼ,
809 1601 986 1680 Κύριε,
1074 1604 1117 1658 εἰ
1209 1604 1296 1659 καὶ
1362 1601 1591 1677 θελήσω,
1664 1601 1725 1658 ἐκ
1791 1597 1900 1656 δαι-

257 1689 429 1766 μόνων
486 1691 573 1746 καὶ
634 1691 856 1761 οἰήσεως
915 1692 1013 1758 τὴν
1069 1690 1314 1771 στέρησιν
1388 1697 1486 1759 τῆς
1569 1696 1669 1759 σῆς
1728 1710 1898 1768 παρα-

255 1777 497 1848 κλήσεως
568 1777 884 1857 λογίσασθαι.
948 1783 1008 1839 οὔ
1071 1778 1291 1856 δύναμαι
1326 1798 1338 1812 ·
1413 1779 1536 1838 όῖδα
1607 1782 1705 1859 γὰρ
1768 1780 1899 1857 πρὸς

255 1867 466 1932 τούτους
549 1866 736 1932 αὐτοὺς
819 1869 1364 1949 ἀντιπαρατάσσεσθαι
1449 1870 1569 1933 τοὺς
1658 1870 1718 1924 τὸ
1810 1867 1900 1922 σὸν

257 1955 465 2033 θέλημα
520 1959 724 2036 θερμῶς
782 1956 1143 2022 ἐκτελοῦντας,
1205 1957 1349 2038 Ἐγὼ
1402 1956 1456 2014 δὲ
1498 1960 1559 2015 τὸ
1613 1960 1782 2016 αὐτῶν
1823 1954 1905 2011 θέ-

258 2043 406 2121 λημα
433 2044 550 2102 καθ’
604 2046 832 2113 ἑκάστην
886 2046 1186 2126 ἐκπληρῶν,
1245 2055 1359 2112 πῶς
1414 2045 1502 2105 ὑπ’
1555 2046 1724 2103 αὒτῶν
1773 2067 1898 2102 πει-

260 2137 641 2218 ρασθήσομαις
697 2138 1009 2217 πειράζομαι
1066 2136 1121 2194 δὲ
1176 2139 1387 2203 πάντως
1438 2138 1539 2195 ὑπὸ
1593 2144 1698 2193 τῶν
1761 2133 1902 2191 ἰδίων

259 2225 552 2303 ἁμαρτιῶν.
619 2227 718 2283 Καὶ
786 2236 895 2302 νῦν,
958 2227 1111 2307 Κύριέ
1166 2251 1289 2305 μου,
1358 2229 1536 2307 Κύριε,
1597 2249 1642 2283 ει
1697 2224 1904 2299 θέλημα

261 2315 349 2370 σὸν
419 2315 507 2372 καὶ
577 2314 696 2392 ἐμοὶ
762 2316 1045 2398 συμφέρον,
1116 2316 1388 2375 εἰσελθέτω
1444 2316 1600 2374 πάλιν
1655 2318 1690 2384 ἡ
1746 2315 1904 2395 χάρις

1966 445 2155 507 multa
2184 446 2383 508 laetitia
2412 455 2470 508 et
2498 449 2978 528 compunctione,
3033 465 3186 509 neve
3212 447 3338 509 haec
3366 444 3605 528 proprio

1963 531 2174 615 labori,
2204 553 2320 596 non
2340 542 2536 596 autem
2561 534 2764 613 gratiae
2790 535 3001 597 divina;
3025 535 3334 616 attribuas,
3366 542 3426 598 et
3447 534 3606 596 aufe-

1962 630 2171 684 rantur
2199 641 2234 684 a
2262 632 2337 697 te,
2372 642 2440 685 ac
2474 623 2660 685 multa
2714 642 2986 704 quaerens
3040 625 3101 685 in
3134 624 3423 699 oratione,
3457 623 3606 686 nihil

1964 709 2233 774 invenias
2255 721 2312 774 et
2332 713 2483 774 scias
2496 720 2778 794 quantum
2797 713 3017 775 donum
3036 713 3606 790 amiseris.Utinam,

1966 801 2246 875 Domine,
2271 819 2571 882 nunquam
2597 802 2924 882 Spoliemur
2954 810 3049 864 tua
3067 802 3285 883 gratia!
3311 809 3608 878 Attamen,

1971 887 2172 961 frater,
2200 890 2248 950 si
2271 890 2379 951 hoc
2406 889 2509 951 tibi
2541 890 2765 951 accidet
2786 890 2852 965 it,
2888 892 3122 971 conjice
3149 894 3206 953 in
3225 892 3408 954 Deum
3439 891 3611 954 inﬁr-

1975 977 2245 1039 mitatem
2280 988 2459 1050 tuam,
2496 988 2552 1040 et
2581 997 2850 1058 surgens,
2878 980 3138 1042 extensis
3166 981 3438 1044 manibus
3474 1001 3612 1064 pre-

1976 1085 2112 1128 care
2143 1067 2229 1128 sic
2260 1068 2510 1148 loquens
2543 1086 2556 1130 :
2599 1090 2624 1127 ε
2659 1067 2909 1131 Domine
2936 1069 3224 1133 miserere
3253 1072 3369 1133 mei
3402 1090 3614 1153 pecca-

1977 1155 2143 1230 toris,
2170 1157 2488 1233 etinlirmi,
2513 1166 2570 1217 et
2592 1158 2933 1233 miserrimi,
2970 1169 3027 1220 et
3058 1159 3224 1222 mitte
3254 1160 3311 1221 in
3344 1180 3437 1223 me
3454 1170 3614 1225 tuam

1976 1247 2248 1325 gratiam,
2283 1264 2399 1333 non
2453 1246 2687 1325 patiens
2733 1266 2829 1308 me
2888 1249 3101 1310 tentari
3161 1268 3340 1330 supra
3366 1251 3428 1312 id
3459 1252 3618 1333 quod

1978 1351 2239 1413 possum.
2267 1332 2729 1416 Vide,Domine,
2757 1336 2816 1396 in
2840 1345 3116 1417 quantam
3139 1338 3620 1421 animidejectio-

1979 1440 2141 1495 nem,
2179 1422 2238 1482 in
2270 1442 2414 1503 quas
2473 1424 2859 1500 cogitationes
2916 1445 3011 1489 me
3064 1426 3406 1490 induxerint
3437 1430 3624 1493 multa

1982 1519 2225 1591 peccata
2254 1531 2382 1573 mea
2440 1512 2583 1590 Ego,
2617 1513 2892 1591 Domine,
2948 1516 3178 1578 etiamsi
3209 1519 3471 1595 voluero,
3505 1520 3623 1582 ob-

1982 1599 2269 1661 stantibus
2299 1601 2664 1663 daemonibus
2704 1622 2951 1685 meaque
2983 1608 3461 1688 praesumptione,
3495 1609 3619 1690 pri-

1982 1687 2273 1750 vationem
2307 1698 2423 1751 tuae
2451 1692 2872 1753 consolationis
2932 1694 3226 1756 mstimare
3243 1687 3372 1757 non
3405 1687 3567 1759 valeo
3603 1718 3619 1758 :

1983 1776 2100 1837 scis
2125 1776 2285 1838 enim
2308 1788 2513 1840 contra
2542 1780 2688 1841 istos
2707 1781 3080 1844 adversarios
3098 1784 3469 1847 militandum
3492 1804 3627 1849 esse

1983 1863 2058 1926 iis
2079 1866 2179 1945 qui
2197 1874 2352 1928 tuam
2374 1870 2725 1932 voluntatem
2748 1871 2869 1932 fert
2887 1870 2983 1932 ide
2999 1880 3322 1934 sectantur.
3349 1872 3469 1951 Ego
3488 1893 3626 1936 vero

1985 1953 2221 2016 illorum
2255 1958 2611 2020 voluntatem
2644 1959 2908 2039 quotidie
2937 1961 3292 2041 adimplens,
3326 1964 3627 2043 quomodo

1985 2060 2190 2105 eorum
2213 2047 2964 2109 tentationibusobsistam?
2976 2050 3215 2123 Tentor,
3234 2051 3370 2112 heu!
3388 2070 3629 2131 semper

1983 2150 2019 2194 a
2047 2134 2303 2213 prOpriis
2335 2137 2615 2216 peccatis.
2640 2142 2712 2200 Et
2732 2156 2913 2209 nunc,
2942 2137 3193 2199 Domine
3219 2138 3320 2214 mi,
3351 2139 3625 2215 Domine,

1986 2220 2129 2282 sisit
2151 2227 2417 2285 voluntas
2469 2234 2565 2287 tua
2604 2235 2662 2288 et
2694 2245 2826 2288 mea
2854 2227 3098 2303 utilitas,
3131 2236 3464 2292 revertatur
3487 2249 3629 2308 gra-

1989 2311 2073 2374 tia
2105 2322 2203 2375 tua
2226 2313 2288 2374 in
2321 2315 2602 2378 famulum
2639 2326 2827 2398 tuum,
2860 2327 2924 2378 ut
2955 2336 3081 2380 eam
3109 2318 3318 2381 videns
3342 2321 3630 2400 gaudeam

262 2424 354 2459 σου
384 2405 456 2466 εἰς
503 2405 594 2460 τὸν
634 2403 817 2462 δοῦλόν
874 2429 969 2466 σου
1026 2405 1172 2472 ὅπως
1221 2407 1430 2485 βλέπων
1486 2407 1679 2473 ταύτην
1735 2404 1909 2484 χαίρω

1998 2400 2051 2462 in
2074 2405 2531 2484 compunctione
2552 2415 2611 2467 et
2632 2406 2979 2487 ploratibus,
3000 2407 3364 2469 illuminatus
3380 2410 3632 2472 hacluce

265 2491 314 2548 ἒν
360 2493 637 2559 κατανύξει
666 2495 753 2551 καὶ
807 2494 1079 2572 κλαυθμῷ,
1142 2498 1495 2577 φωτιζόμενος
1554 2497 1614 2552 ἐκ
1661 2500 1759 2562 τῆς
1790 2494 1908 2549 ταύ-

1998 2511 2227 2573 semper
2245 2505 2616 2572 curuscante,
2638 2515 2735 2557 me
2760 2497 3077 2576 diligenter
3102 2497 3637 2561 defendensabim—

266 2604 362 2649 της
395 2582 655 2663 ἀειφώτου
713 2582 1030 2661 ἐλλάμψεως
1065 2607 1081 2622 ο
1141 2585 1528 2667 φυλαττόμενος
1583 2586 1688 2642 ἀπὸ
1741 2585 1912 2661 ῥυπα-

1998 2581 2159 2661 puris
2173 2582 2648 2663 cogitationibus,
2680 2594 2736 2647 et
2758 2587 2917 2646 omni
2940 2585 3225 2666 nequitia,
3251 2587 3638 2668 quotidianis~

267 2677 373 2749 ρῶν
431 2670 723 2750 λογισμῶν,
783 2676 869 2730 καὶ
924 2677 1119 2739 παντὸς
1176 2683 1408 2755 πονηροῦ
1462 2676 1796 2755 πράγματος,
1827 2671 1913 2726 καὶ

1998 2688 2113 2749 que
2146 2673 2401 2751 peccatis
2431 2673 2488 2734 in
2521 2694 2652 2756 qua)
2695 2677 2890 2735 sciens
2944 2683 3000 2735 et
3032 2674 3328 2749 nesciens,
3364 2675 3549 2738 verbo
3580 2685 3640 2737 υι

265 2766 375 2815 τῶν
420 2760 536 2817 καθ’
593 2763 821 2831 ἑκάστην
890 2763 1268 2846 σφαλλομένων
1325 2789 1414 2842 μοι
1470 2767 1523 2823 ἐν
1581 2765 1773 2845 γνώσει
1828 2761 1913 2819 καὶ

1998 2777 2202 2841 opere,
2224 2760 2490 2835 delabor,
2518 2765 2872 2845 plenamque
2897 2763 2958 2824 in
2982 2772 3039 2825 te
3056 2765 3477 2826 conﬁdentiam
3493 2767 3640 2828 hau-

268 2848 479 2927 ἀγνοίᾳ,
538 2849 704 2931 ’έργων
760 2874 817 2908 τε
870 2855 958 2910 καὶ
1014 2853 1187 2933 λόγων
1221 2874 1238 2891 ⁶
1298 2854 1580 2933 λαμϐάνων
1638 2854 1913 2935 πληροφο-

1998 2848 2160 2911 riens
2190 2869 2258 2911 ex
2292 2850 2770 2914 tribulationibus
2827 2871 2972 2934 quas
3026 2871 3194 2914 servo
3250 2860 3347 2915 tuo
3378 2855 3642 2935 quotidie

268 2938 383 3016 ρίαν
464 2945 562 3007 τῆς
644 2943 717 3005 εἰς
788 2943 846 2998 σὲ
899 2942 1213 3026 παῤῥησίας,
1294 2946 1468 3025 Κύριε,
1528 2945 1591 3001 ἐκ
1644 2950 1747 3001 τῶν
1801 2941 1913 3001 καθ’

1998 2939 2286 3000 suscitant
2319 2959 2454 3001 cum
2477 2942 2776 3004 daemones
2803 2950 2923 3003 tum
2955 2941 3251 3017 homim-s,
3280 2951 3338 3004 et
3371 2962 3440 3004 ex
3467 2942 3641 3005 infir-

268 3000 278 3016 '
519 3000 557 3007 "
703 3000 714 3005 '
979 3000 1016 3023 ||
1061 3000 1072 3011 '
1154 3000 1187 3009 ν’
1294 3000 1335 3004 -
1371 3000 1391 3025 r
1434 3000 1468 3021 νγ
1538 3000 1541 3001 ν
1882 3000 1887 3001 ν

264 3028 474 3107 ἡμέραν
518 3038 959 3109 προσπιπτουσῶν
1009 3000 1236 3110 θλίψειιίν
1278 3041 1353 3110 τῷ
1408 3034 1573 3110 δούλῳ
1616 3056 1727 3110 σου,
1775 3035 1913 3114 παρὰ

1999 3028 2203 3090 mitate
2238 3031 2491 3110 promite
2520 3031 2859 3112 voluntatis,
2910 3040 3070 3093 ratus
3101 3033 3301 3094 omnia
3332 3032 3645 3112 cooperari

265 3137 321 3172 τε
378 3114 644 3193 δαιμόνῶν
699 3121 785 3177 καὶ
856 3120 1167 3203 ἀνθρώπων,
1230 3125 1317 3181 καὶ
1369 3130 1469 3191 τῆς
1541 3124 1774 3191 ἐκκοπῆς
1826 3131 1913 3182 τοῦ

2000 3117 2061 3177 in
2084 3116 2305 3180 bonum
2335 3119 2720 3198 diligentibus
2744 3128 2819 3195 te,
2846 3120 3097 3183 Domine
3124 3138 3140 3197 ;
3173 3139 3308 3182 nam
3332 3128 3391 3181 tu
3417 3120 3641 3197 dixisti,

265 3201 399 3264 ἰδίου
439 3205 759 3284 θελήματος,
813 3201 1163 3289 ἐννοούμενος
1208 3214 1297 3269 καὶ
1351 3214 1418 3269 τὰ
1472 3212 1695 3289 μένοντα
1749 3212 1913 3292 ἀγαθᾶ

2000 3207 2292 3271 Domine:
2336 3207 2447 3280 Qui
2488 3210 2656 3289 petit,
2707 3210 2946 3290 accipit,
2992 3217 3049 3271 et
3078 3209 3179 3290 qui
3208 3209 3443 3290 quaerit,
3473 3209 3645 3272 inve-

264 3307 391 3384 τοῖς
431 3294 679 3374 ἀγαπῶσί
728 3314 818 3375 σε,“
856 3301 1030 3380 Κύριε,
1090 3304 1163 3358 Σὺ
1218 3304 1317 3382 γὰρ
1371 3302 1554 3379 εἴπας,
1605 3304 1782 3384 Κύριε,
1840 3302 1913 3359 ὅτι

2004 3297 2112 3370 nit,
2147 3305 2203 3358 et
2237 3297 2491 3378 pulsanti
2541 3298 2843 3380 aperietur
2868 3300 2951 3358 37.
3013 3324 3034 3356 ι
3097 3299 3414 3374 Praeterea,
3448 3306 3652 3361 omnta

271 3400 302 3443 (
366 3375 429 3441 ι0
488 3386 647 3442 αἰτῶν
703 3386 979 3466 λαμϐάνει,
1060 3394 1147 3449 καὶ
1217 3395 1246 3448 ὁ
1299 3399 1473 3464 ζητῶν
1532 3394 1775 3473 εὑρίσκει,
1835 3393 1913 3448 καῖ

2007 3375 2396 3469 quaecumque
2422 3375 2877 3468 Deus—suggeret
2893 3389 3088 3451 animo
3110 3397 3230 3467 tuo,
3257 3406 3648 3468 perseveran-

268 3480 345 3549 τῷ
378 3473 617 3551 κρούοντι
666 3477 1024 3558 ἀνοιγήσεται.
1070 3502 1095 3539 ι
1145 3483 1281 3561 Πρὸς
1338 3480 1392 3538 δὲ
1435 3483 1656 3555 τούτοις,
1706 3481 1913 3564 ἀδελφέ,

2008 3484 2099 3551 ter
2129 3475 2405 3554 efﬂagita,
2430 3496 2548 3538 non
2571 3478 2857 3541 remissus
2876 3478 3104 3555 acedia,
3126 3477 3359 3540 etDeus
3383 3478 3650 3558 optimus

269 3564 360 3619 καὶ
392 3560 545 3643 ἕτερα
574 3563 671 3622 ὅσα
701 3565 1088 3649 ἐπιχορηγήσει
1121 3574 1149 3627 ὁ
1196 3560 1327 3636 Θεὸς
1388 3571 1441 3628 ἐν
1496 3578 1565 3649 τῇ
1594 3579 1662 3650 σῇ
1704 3560 1913 3645 διανοίᾳ,

2007 3584 2128 3628 non
2160 3565 2267 3627 tibi
2288 3565 2512 3629 deerit.

273 3651 550 3727 ἐπίμεινον
577 3656 922 3734 παρακαλῶν,
957 3664 1033 3734 μὴ
1094 3662 1455 3740 χαυνούμενος
1487 3661 1538 3727 ἐξ
1567 3659 1809 3742 ἀκηδίας,
1842 3662 1931 3717 καὶ

268 3742 359 3797 καὶ
396 3742 425 3796 ὁ
467 3739 820 3837 ἀγαθὸςςὶεὸς
851 3746 910 3837 ού
940 3755 1019 3837 μςι
1049 3770 1107 3804 σε
1125 3739 1525 3827 ίεγκαταλείπει.

352 3829 515 3908 ρμα’.
547 3829 808 3919 ΛΚελλίον
875 3833 930 3891 δὲ
988 3835 1018 3892 ὃ
1072 3839 1213 3918 παρὰ
1281 3845 1372 3896 τοῦ
1424 3845 1757 3919 προεστῶτος
1810 3837 1928 3896 κατ’

272 3918 485 4007 ἀρχὰς,
517 3916 771 4001 εἴληφας,
832 3916 1217 4005 ἐγκαρτέρησον
1277 3926 1438 4007 μέχρι
1469 3916 1697 3991 Ὕτέλουςί
1763 3929 1822 3986 Εἰ
1877 3926 1933 3984 δὲ

273 4004 360 4064 διὰ
398 4006 757 4089 παλαιότητα,
808 4011 842 4080 ἢ
900 4004 1206 4091 σύμπτωσιν
1261 4004 1419 4077 αὐτού
1470 4016 1576 4074 ἀπὸ
1634 4023 1727 4073 τοῦ
1774 4016 1930 4095 λογι-

274 4104 422 4173 σμοῦ
453 4095 677 4178 ἐνοχλῇ,
736 4100 904 4177 βελῶν
964 4105 1245 4179 μετάνοιαν
1300 4112 1377 4180 τῷ
1431 4110 1749 4185 προεστῶτι,
1798 4106 1934 4182 μετὰ

273 4184 657 4251 ταπεινώσεως
744 4189 1070 4263 ὑπόμνησον.
1162 4194 1259 4252 Καὶ
1350 4195 1394 4249 εἰ
1476 4184 1585 4269 μὲν
1652 4192 1932 4250 ἒπακούσει

276 4297 404 4349 σου,
450 4288 615 4356 χαῖρε
650 4297 663 4311 ⁸
723 4280 765 4334 εἰ
807 4278 853 4335 δ’
898 4282 1009 4356 οὖν,
1043 4284 1130 4339 καὶ
1163 4283 1327 4347 οὕτως
1359 4285 1764 4364 εὐχαρίστησον,
1795 4285 1933 4339 ὑπο-

284 4367 541 4440 μνησθεὶς
612 4374 702 4424 τοῦ
758 4377 851 4427 σοῦ
920 4373 1186 4429 Δεσπότου
1255 4379 1348 4430 τοῦ
1409 4376 1485 4448 μὴ
1559 4371 1778 4452 ἔχοντος
1836 4380 1936 4429 ποῦ

280 4455 389 4523 τὴν
444 4454 682 4537 κεφαλὴν
738 4458 939 4523 κλῖναι,
1002 4464 1062 4521 Εἰ
1120 4464 1220 4542 γὰρ
1273 4461 1372 4534 δὶς,
1430 4464 1517 4519 καὶ
1568 4465 1701 4543 τρὶς,
1754 4461 1791 4530 ἢ
1843 4483 1938 4518 τε·

278 4544 470 4625 τράκις
586 4548 716 4627 ὑπὲρ
823 4550 1006 4608 τούτου
1114 4551 1574 4632 παρηνώχλησας,
1702 4552 1934 4608 τίκτεται

276 4633 571 4716 παῤῥησία,
645 4635 748 4694 εἶθ’
819 4639 984 4704 οὕτως
1081 4640 1317 4715 ἀπιστία,
1405 4643 1492 4699 καὶ
1579 4640 1730 4704 τέλος
1827 4662 1934 4697 κα-

277 4725 631 4804 ταφρόνησις.
693 4729 751 4784 Εἰ
815 4729 903 4785 οὖν
959 4728 1125 4794 θέλεις
1180 4729 1376 4809 ἤρεμον
1423 4733 1511 4788 καὶ
1557 4731 1785 4810 ἡσύχιον
1827 4730 1936 4807 βίον

280 4813 478 4894 δοάξαι,
527 4816 603 4890 μὴ
652 4816 859 4875 ἀπαίτει
910 4820 972 4874 τὸ
1028 4818 1243 4875 σύνολον
1302 4822 1613 4895 σωματικὴν
1666 4819 1940 4898 θεραπείαν

282 4903 433 4983 παρὰ
493 4911 585 4961 τοῦ
649 4906 1045 4986 καθηγουμένου
1073 4925 1088 4940 ⁸
1156 4909 1243 4965 καὶ
1299 4909 1398 4987 γὰρ
1455 4906 1571 4965 κατ’
1644 4907 1815 4988 ἀρχὰς
1883 4912 1942 4966 οὒ

284 4999 448 5049 τοῦτο
491 4993 749 5076 ὑπέσχου,
821 4995 957 5053 ἀλλὰ
1012 4999 1100 5054 καὶ
1153 4999 1255 5054 ὑπὸ
1325 4997 1536 5054 πάντων
1582 5010 1944 5076 καταπρονεϊ-

289 5085 435 5159 σθαι,
499 5085 586 5143 καὶ
642 5084 1011 5151 ἐξουθενεϊσθαι
1069 5089 1205 5144 κατὰ
1258 5088 1359 5155 τὴν
1414 5085 1631 5154 ἐντολὴν
1685 5096 1777 5144 τοῦ
1834 5086 1944 5144 Κύ-

292 5177 431 5255 ρίου,
462 5178 559 5235 καὶ·
608 5179 780 5260 φέρειν
837 5180 1110 5258 γενναίως.
1173 5179 1230 5234 Εἰ
1274 5177 1361 5233 οὖν
1415 5174 1582 5239 θέλεις
1637 5174 1810 5231 πίστιν
1852 5175 1947 5231 παὶ

294 5266 515 5345 ἀγάπην
558 5269 689 5349 πρὸς
736 5271 919 5329 αὖτὸνἻ
948 5269 1157 5343 σώζειν,
1217 5267 1306 5323 καὶ
1369 5268 1443 5330 ὡς
1500 5263 1652 5343 ἅγιον
1707 5261 1943 5344 βλέπειν,

292 5358 368 5413 τὰ
411 5358 524 5437 τρία
552 5359 711 5416 ταύτα
737 5357 959 5440 φύλαξον
993 5378 1006 5392 ’
1071 5359 1147 5435 μὴ
1190 5357 1435 5414 ἀπαιτεῖν
1492 5355 1558 5413 τὰ
1599 5354 1729 5433 πρὸς
1786 5356 1946 5435 θερα-

381 5527 435 5599 37
460 5537 665 5605 Matth.
696 5555 798 5618 vn,
833 5541 893 5604 8.
981 5539 1034 5585 ³⁸
1058 5539 1268 5606 Matth.
1300 5554 1427 5621 vm,
1453 5539 1555 5606 20.

1956 4328 2006 4390 D

2102 3825 2232 3887 141.
2266 3824 2556 3888 Cellulam
2588 3844 2764 3906 quam
2808 3845 2842 3889 a
2899 3825 3207 3908 superiore
3265 3822 3551 3906 accepisti
3579 3821 3656 3887 ab

2011 3914 2205 3990 initio,
2239 3915 2430 3976 retine
2489 3933 2677 3995 usque
2732 3916 2807 3977 ad
2865 3916 3073 3978 tinem.
3135 3914 3302 3986 Quod
3335 3914 3385 3975 si
3414 3920 3659 3995 propter

2012 4011 2361 4066 vetustatem
2411 4011 2511 4065 aut
2539 4004 2771 4066 ruinam
2804 4004 2934 4085 ejus
2964 4002 3262 4065 fortuitam
3294 4012 3495 4066 mente
3526 4017 3661 4083 per-

2017 4092 2294 4164 turberis,
2329 4091 2598 4154 dolorem
2633 4101 2793 4154 tuum
2828 4091 3189 4173 exprimens,
3224 4091 3517 4172 superiori
3546 4092 3662 4152 liu-

2018 4183 2383 4245 militer'rem
2408 4200 2658 4262 expone.
2686 4181 2747 4244 Si
2766 4191 2818 4243 te
2841 4180 3134 4253 exaudiat,
3177 4180 3367 4258 gaude
3393 4199 3409 4257 ;
3437 4179 3488 4242 si
3515 4198 3657 4256 non,

2021 4270 2408 4334 nihilominus
2435 4272 2650 4350 gratias
2679 4288 2808 4351 age,
2846 4288 3075 4332 memor
3130 4269 3213 4331 tui
3264 4269 3526 4340 Domini,
3562 4268 3663 4349 qui

2023 4380 2139 4422 non
2202 4359 2455 4422 habebat
2483 4359 2581 4422 ubi
2611 4368 2790 4441 caput
2816 4359 3139 4423 reclinaret
3163 4361 3250 4423 38.
3285 4359 3350 4423 Si
3379 4356 3539 4420 enim
3570 4356 3665 4418 bis

2018 4457 2182 4512 terve
2211 4458 2311 4511 aut
2365 4461 2576 4532 quater
2630 4453 2788 4513 circa
2845 4450 2990 4512 illud
3053 4449 3352 4531 superiori
3384 4448 3668 4511 molestus

2017 4539 2223 4613 lueris,
2250 4549 2526 4602 nascetur
2555 4540 2740 4602 nimia
2761 4539 3030 4622 libertas,
3057 4538 3277 4602 deinde
3307 4536 3662 4610 difﬁdentia,

2018 4648 2086 4691 ac
2114 4631 2354 4693 demum
2387 4629 2722 4711 despectus.
2780 4629 2844 4692 Si
2900 4648 3039 4708 ergo
3070 4629 3159 4691 vis
3183 4627 3457 4710 quietam
3491 4634 3668 4689 tran-

2022 4719 2385 4800 quillamque
2415 4722 2634 4797 degere
2663 4719 2863 4795 vitam,
2912 4719 3075 4782 nulla
3103 4737 3362 4799 unquam
3397 4713 3667 4800 corporis

2023 4799 2335 4871 commoda
2370 4808 2685 4890 postulesa
2716 4808 3067 4889 superiore:
3103 4826 3222 4869 non
3259 4807 3371 4868 hoc
3405 4802 3563 4866 enim
3596 4799 3669 4864 ab

2022 4897 2192 4960 initio
2244 4897 2589 4979 promisisti,
2624 4897 2728 4959 sed
2759 4898 2832 4958 ab
2863 4898 3138 4959 omnibus
3171 4893 3401 4976 dt-spici
3431 4899 3490 4953 et
3517 4909 3667 4953 con-

2025 4987 2235 5069 temni,
2258 4987 2424 5068 juxta
2454 4996 2819 5068 praeceptum
2852 4985 3112 5056 Domini,
3140 4993 3198 5046 te
3226 4999 3517 5064 generose
3541 4996 3675 5060 per-

2026 5077 2280 5138 laturum
2309 5095 2463 5138 esse.
2499 5075 2557 5138 Si
2618 5076 2701 5137 vis
2750 5075 2931 5152 igitur
2981 5074 3256 5136 fiduciam
3316 5080 3375 5133 et
3405 5085 3672 5131 amorem

2027 5185 2169 5246 erga
2198 5166 2366 5228 illum
2393 5183 2654 5241 servare,
2711 5182 2968 5244 eumque
3025 5177 3091 5225 ut
3121 5169 3391 5223 sanctum
3421 5156 3669 5236 habere,

2029 5256 2141 5317 tria
2169 5255 2294 5318 haec
2325 5252 2556 5316 custodi
2585 5270 2599 5316 :
2637 5271 2713 5314 ne
2765 5260 2931 5333 petas
2983 5269 3114 5332 quae
3169 5248 3242 5311 ad
3274 5247 3541 5327 corporis
3571 5262 3681 5305 cu-

2028 5365 2157 5409 ram
2186 5344 2506 5429 pertinent,
2532 5360 2608 5405 ne
2639 5341 2883 5404 nimiam
2915 5341 3138 5403 habeas
3168 5338 3532 5418 libertatem,
3565 5348 3680 5397 nec
