4054 6114
339 197 460 264 679
1644 184 2030 257 SYMEONIS
2067 184 2421 266 JUNIORIS
3625 173 3753 242 680

343 331 691 410 frequenter
718 329 886 392 illum
910 329 1100 409 visita,
1131 334 1196 391 ut
1225 323 1466 409 quidam
1494 322 1782 400 factitant,
1823 320 1989 404 quasi

2079 324 2248 399 πείαν,
2307 325 2394 381 καὶ
2451 325 2529 402 μὴ
2598 322 3062 405 παρρησιάζεσθαι,
3136 321 3227 385 καὶ
3280 321 3387 410 μὴν
3443 315 3749 410 ωχνάζειν

342 407 701 483 medicinam
735 419 891 501 apud
925 438 1064 481 eum
1088 407 1427 499 quaer—entes
1460 436 1472 480 ;
1533 419 1645 479 hoc
1676 415 1834 478 enim
1868 433 1986 475 non

2079 416 2196 492 πρὸς
2266 417 2421 473 αὐτὸν
2491 414 2584 472 οἷά
2662 435 2835 479 τινες
2883 414 3174 493 πάσχουσι,
3232 413 3305 474 ὡς
3365 407 3527 476 δῆθεν
3586 409 3747 501 Sept}:

342 520 431 570 est
459 490 898 579 monachicum,
928 509 1029 569 sed
1088 490 1434 570 humanum.
1491 508 1623 570 Non
1655 504 1987 566 condemno

2079 503 2348 578 πευόμενοι
2402 503 2527 583 παρ’
2598 503 2777 584 αὒτοῦ,
2837 504 2898 560 οὗ
2974 504 3199 578 μόνιμον
3267 499 3320 556 δὲ
3360 507 3555 574 τοῦτο,
3618 490 3743 551 ἀλλ’

343 607 565 674 autem,
599 598 647 659 si
682 618 800 659 non
833 596 1117 660 celaveris
1146 596 1315 657 illum
1370 613 1578 656 omnes
1607 591 1988 673 cogitationes

2079 592 2417 671 ἀνθρώπινον.
2472 592 2543 650 Οὗ
2591 594 2888 672 κατακρίνω
2944 589 3047 648 δέ·
3107 592 3196 647 καὶ
3250 591 3312 646 τὸ
3369 589 3445 665 μὴ
3475 586 3744 668 κρύπτειν

343 685 450 748 tibi
488 695 908 748 succurrentes
940 704 955 747 :
992 686 1039 747 si
1074 686 1229 748 enim
1264 685 1375 745 hoc
1405 682 1832 752 observaveris,
1859 679 1991 741 sine

346 775 583 836 turbine
614 776 874 856 trajicies
906 775 1040 837 vitae
1076 792 1259 846 mare,
1297 772 1624 846 etPatrem,
1652 771 1995 852 qunliscun-

342 884 459 945 que
482 865 576 931 sit,
600 874 662 926 ut
682 875 951 927 sanctum
979 865 1249 927 habebis.
1280 862 1444 935 Quod
1473 865 1520 922 si
1563 866 1790 923 Patrem
1825 868 1990 921 tuum

343 954 402 1015 in
445 955 697 1016 ecclesia
758 954 1098 1015 consultum
1157 952 1336 1014 iveris
1392 951 1550 1013 circa
1598 949 1989 1012 directionem

343 1042 748 1117 conscientias,
795 1053 853 1104 et
872 1043 1051 1103 alium
1088 1040 1389 1105 inveneris
1417 1039 1521 1120 qui
1554 1047 1609 1100 te
1640 1036 1992 1119 praevenerit

348 1130 422 1194 ob
451 1131 723 1194 eamdem
753 1132 843 1193 vel
874 1131 1048 1193 aliam
1080 1129 1394 1210 rationem,
1418 1138 1476 1189 et
1504 1127 1681 1207 hujus
1712 1127 1901 1207 gratia
1932 1134 1989 1187 tu

343 1220 641 1301 paulisper
664 1218 1141 1300 procrastinaris,
1170 1236 1247 1279 ne
1264 1236 1418 1297 aegre
1432 1219 1606 1289 feras,
1632 1235 1744 1278 nec
1763 1213 1988 1296 aliquid

346 1308 453 1369 tibi
484 1309 797 1370 molestum
830 1307 912 1369 ibi
945 1326 1077 1369 esse
1130 1315 1374 1386 reputes
1408 1323 1424 1381 ;
1485 1305 1588 1368 sed
1622 1305 1870 1367 seorsim
1902 1312 1994 1366 sta

2073 678 2166 736 ἀπ’
2224 685 2381 740 αὐτοῦ
2446 682 2618 739 πάντα
2668 682 2922 760 λογισμὸν
2976 678 3420 761 ἐπεισερχόμενόν
3482 698 3577 733 σοι
3621 695 3635 709 ·
3699 673 3745 728 εί

2073 770 2173 848 γὰρ
2229 777 2393 826 ταῦτα
2452 768 2714 852 φυλάξεις,
2793 770 3106 846 ἀκυμάντως
3180 766 3388 844 διέλθῃς
3475 767 3588 832 τὴν
3648 768 3744 818 τοῦ

2070 859 2185 934 βίου
2239 851 2526 935 θάλασσαν,
2585 861 2674 916 καὶ
2741 861 2831 916 τὸν
2918 858 3144 939 Πατέρα,
3223 860 3341 919 οἷος
3395 853 3497 912 κᾶν
3566 851 3741 931 ἔστιν,

2069 949 2221 1027 ἅγιον
2273 952 2481 1030 ἡγήσῃ.
2541 948 2666 1009 Ἐὰν
2703 949 2759 1007 δέ
2814 949 3112 1031 προσελθὼν
3167 949 3499 1029 ἐπερωθῆσαι
3565 944 3625 1001 ὲν
3676 948 3746 1020 τῇ

2073 1037 2326 1112 ἐκκλησίᾳ
2376 1042 2468 1097 τὸν
2523 1041 2615 1097 σὸν
2670 1039 2878 1121 Πατέρα
2933 1040 3090 1120 χάριν
3146 1037 3425 1117 λογισμοῦ,
3487 1035 3748 1114 εὑρήσεις

2073 1125 2249 1207 ἕτερόν
2281 1149 2339 1184 σε
2395 1126 2750 1207 προλαϐόντα,
2811 1129 2970 1210 χάριν
3023 1134 3122 1196 τῆς
3182 1127 3344 1193 αὒτῆς
3399 1124 3743 1197 ὑποθέσεως,

2075 1215 2110 1284 ἢ
2167 1218 2255 1273 καὶ
2312 1217 2491 1298 ἐτέρας
2560 1220 2726 1295 τινὸς,
2786 1221 2872 1275 καὶ
2926 1216 3101 1275 ἕνεκεν
3156 1216 3341 1274 τούτου
3395 1235 3454 1270 σε
3521 1232 3752 1290 παρεω-

2080 1302 2303 1382 ραμένον
2367 1307 2496 1384 πρὸς
2568 1306 2777 1383 μικρὸν,
2866 1305 2943 1380 μὴ
3014 1303 3366 1384 δυσχεράνῃς,
3453 1302 3603 1377 μήτε
3693 1320 3746 1354 τι

338 1396 563 1477 junctis
594 1397 890 1472 manibus,
915 1396 1104 1458 donec
1124 1396 1226 1457 ille
1252 1394 1492 1473 ﬁnierit,
1530 1403 1707 1476 tuque
1736 1391 1990 1456 accersi-

2080 1390 2308 1449 ὲναντίον
2339 1390 2529 1472 λογίσῃ
2560 1410 2576 1426 ⁸
2609 1393 2746 1451 ἀλλὰ
2797 1391 2937 1458 ίδίως
2984 1393 3177 1450 ἵστασο
3230 1392 3323 1454 τὰς
3353 1404 3547 1471 χεῖρας
3587 1387 3747 1469 ἔχων

342 1495 437 1547 tus
466 1486 671 1549 fueris.
705 1485 924 1548 Solent
952 1485 1109 1548 enim
1146 1489 1345 1547 Patres
1375 1484 1458 1545 ita
1491 1503 1631 1564 erga
1661 1502 1770 1545 nos
1793 1500 1990 1572 agere1

2080 1477 2377 1557 δεδεμένας,
2426 1482 2589 1562 μέχρι
2634 1487 2734 1550 τῆς
2788 1485 2946 1541 αὐτοῦ
2999 1480 3459 1561 συμπληρώσεως,
3505 1480 3604 1534 καὶ
3638 1482 3746 1545 τῆς

345 1574 545 1635 forsan
581 1575 761 1637 etiam
809 1575 987 1649 ultro,
1048 1574 1119 1635 ad
1180 1573 1591 1655 probationem
1646 1584 1905 1639 nostram
1940 1569 1990 1638 ei

2081 1576 2182 1638 σῆς
2213 1570 2613 1651 προτκλήσεως.
2668 1571 2852 1628 Εἰώθει
2895 1570 2995 1651 γὰρ
3049 1576 3204 1627 τοῦτο
3253 1569 3395 1648 παρὰ
3448 1573 3556 1625 τῶν
3616 1574 3747 1655 Πα-

341 1664 803 1744 praacedentium
836 1654 1216 1745 peccatorum
1249 1663 1671 1745 expiationem.

2080 1660 2264 1742 τέρων,
2300 1661 2432 1727 ἴσως
2462 1664 2550 1718 καὶ
2577 1661 2826 1725 ἑκουσίως
2868 1663 2999 1740 πρὸς
3025 1658 3331 1734 δοκιμασίαν
3359 1659 3449 1714 καὶ
3472 1654 3745 1713 ἀπαλλα-

2076 1751 2177 1831 γὴν
2206 1754 2312 1833 τῷν
2341 1753 2863 1833 προημαρτημένων,
2889 1754 3025 1827 ἡμῖν
3057 1752 3312 1829 γίνεσθαι.

427 1840 563 1903 142.
585 1840 800 1922 Jejuna
835 1850 957 1904 tres
988 1840 1450 1923 quadragesiuas
1480 1863 1495 1877 ο
1531 1843 1591 1904 in
1625 1861 1836 1921 magna
1856 1843 1990 1924 qui-

2092 1829 2099 1831 V
2157 1829 2304 1920 ρμβ’.
2368 1829 2652 1910 Νηπεύειν
2713 1839 2769 1898 δὲ
2824 1843 2918 1905 τὰς
2975 1852 3121 1920 τρεῖς
3175 1836 3605 1918 τεσσαρακοστας
3669 1841 3747 1912 τῇ

343 1931 480 1993 dem
512 1930 756 1992 biduum
794 1931 1039 2011 jejunus
1072 1949 1310 2010 perage,
1337 1941 1579 2011 propter
1605 1950 1881 2011 magnum
1912 1932 1990 1994 fe-

2079 1931 2176 2007 μὲν
2248 1930 2457 2011 μεγάλῃ
2515 1929 2726 2012 διπλᾶς,
2784 1929 2919 2009 ἅπερ
2974 1927 3214 2007 μεγάλης
3271 1928 3456 2006 ἑορτῆς
3492 1943 3506 1956 ⁸
3567 1926 3741 1989 ἐκτὸς

342 2029 521 2092 stum,
560 2021 823 2100 exceptis
850 2019 1105 2081 Sabbato
1166 2033 1227 2081 et
1283 2019 1592 2082 Dominica
1626 2042 1640 2078 :
1676 2020 1734 2081 in
1767 2020 1990 2084 duabus

2079 2017 2352 2076 Σαϐϐάτου
2406 2022 2495 2077 καὶ
2581 2024 2847 2100 Κυριακῆς
2879 2039 2896 2056 ⁸
2982 2031 3104 2081 ταῖς
3188 2015 3243 2072 δὲ
3298 2014 3437 2075 δυσὶν
3492 2016 3773 2096 ἑτέραις,⁵

343 2109 495 2184 aliis,
519 2109 751 2172 alterno
773 2110 891 2172 die.
915 2107 1154 2171 Caeteris
1176 2116 1371 2170 autem
1393 2109 1532 2171 anni
1556 2108 1788 2184 diebus,
1810 2117 1990 2178 semel

2079 2110 2221 2188 παρὰ
2249 2111 2391 2185 μίαν,
2428 2110 2532 2173 Τὰς
2560 2107 2614 2165 δὲ
2643 2108 2957 2171 ὑπολοίπους
2987 2106 3188 2186 ἡμέρας
3215 2115 3306 2166 τοῦ
3333 2106 3551 2186 χρόνου,
3582 2103 3741 2172 ἅπαξ

342 2197 406 2259 in
435 2198 532 2260 die
563 2199 835 2272 comede,
890 2206 1104 2278 praeter
1152 2195 1500 2274 Sabbatum,
1534 2198 1903 2261 Dominicam
1941 2206 1990 2262 el

2079 2204 2177 2267 τῆς
2209 2200 2406 2279 ἡμέρας
2451 2199 2656 2271 ἐσθίειν,
2686 2198 2838 2262 ἐκτὸς
2864 2194 3136 2255 Σαϐϐάτου
3183 2197 3270 2253 καὶ
3309 2200 3600 2277 Κυριακῆς,
3636 2197 3738 2253 καὶ

344 2287 516 2366 festa,
550 2287 654 2348 sed
690 2306 810 2348 non
841 2304 1028 2367 usque
1057 2287 1129 2347 ad
1165 2286 1516 2350 satietatem.

425 2377 564 2440 149.
598 2375 779 2439 Stude
810 2377 1043 2456 signum
1079 2376 1347 2438 utilitatis
1398 2378 1527 2439 ﬁeri
1559 2378 1837 2440 omnibus
1867 2378 1992 2442 fra-

347 2464 560 2547 tribus,
593 2466 665 2527 ad
697 2485 936 2527 omnem
972 2466 1248 2529 virtutem
1287 2467 1679 2530 humilitatem
1713 2476 1772 2530 et
1818 2487 1990 2531 man-

348 2555 747 2628 suetudinem,
781 2555 1249 2617 misericordiam
1287 2564 1347 2617 et
1375 2557 1777 2619 obedientiam
1813 2559 1986 2621 etiam

349 2661 487 2720 erga
520 2642 820 2718 minimos,
854 2647 955 2705 irae
1010 2653 1070 2705 et
1119 2644 1617 2726 concupiscentiae
1645 2656 1990 2728 temperan-

349 2731 514 2807 tiam,
551 2739 955 2812 paupertatem
988 2740 1046 2794 et
1074 2734 1619 2814 compunctionem,
1666 2735 1991 2799 bonitatem

2078 2289 2311 2368 éoptﬁe'
2345 2285 2463 2345 ἀλλ’
2495 2292 2590 2347 οὒκ
2617 2290 2690 2351 εἰς
2718 2288 2894 2368 κόρον,

2155 2366 2304 2458 ρμγ’.
2364 2376 2666 2435 Σπούδασον
2723 2366 2794 2434 δὲή
2855 2376 3020 2435 τύπον
3101 2373 3357 2457 ὠφελείας
3429 2375 3576 2452 πάσῃ

2073 2464 2387 2548 ἀδελφότητι
2437 2466 2676 2546 γενέσθαι
2725 2487 2805 2547 σε,
2861 2467 2990 2546 πρὸς
3041 2470 3214 2521 πᾶσαν
3267 2463 3484 2542 ἀρετὴν,
3543 2465 3733 2522 ταπεί-

2071 2555 2227 2613 νωσίν
2257 2575 2314 2611 τε
2341 2556 2430 2612 καὶ
2483 2555 2760 2634 πραότητα
2804 2552 3167 2629 ἐλεημοσύνην
3227 2572 3286 2607 τε
3343 2552 3433 2608 καὶ
3488 2554 3729 2622 ὑπακοὴν

2074 2645 2235 2725 μέχρι
2308 2646 2397 2702 καὶ
2478 2650 2584 2702 τῶν
2666 2642 3072 2718 εὐτελεστάτων,
3160 2639 3449 2720 ἀοργησίαν
3524 2664 3582 2700 τε
3634 2645 3726 2701 καὶ

2074 2734 2489 2813 ἀπροσπάθειαν,
2548 2733 2923 2809 ἀκτημοσύνην
2976 2752 3033 2787 τε
3087 2730 3176 2786 καὶ
3237 2729 3536 2812 κατάνυξιν,
3592 2732 3724 2789 ἀκα-

350 2829 409 2882 et
429 2819 895 2901 simplicitatem,
911 2821 1228 2883 candorem
1247 2840 1506 2904 morum,
1520 2825 1990 2903 segregationem

2079 2825 2189 2881 κίαν
2270 2844 2327 2879 τε
2409 2824 2499 2879 καὶ
2580 2821 2906 2902 ἀπεριερθίαν
2942 2836 2958 2851 ·
3045 2817 3323 2887 ἁπλότητα
3396 2818 3575 2902 ἤθους,
3634 2830 3719 2886 καὶ

348 2928 383 2971 a
411 2910 639 2972 cunctis
671 2908 1040 2992 hominibus,
1066 2909 1467 2973 visitationem
1489 2913 1883 2989 inﬁrmorum,
1903 2915 1988 2976 af-

2079 2911 2320 2978 Ξενιτείαν
2390 2910 2450 2967 ἐκ
2528 2912 2725 2975 παντὸς
2796 2909 3092 2989 ἀνθρώπου,
3175 2907 3522 2966 ἀσθενούντων
3591 2908 3710 2965 ἐπί-

348 2999 644 3061 ﬂictorum
677 2998 1167 3060 consolationem.
1209 2999 1524 3064 Neminem
1556 3021 1669 3083 ope
1700 3010 1799 3064 tua
1827 3003 1989 3066 indi-

2079 3005 2286 3081 σκέψιν,
2345 2996 2666 3076 θλιϐομένων
2722 2997 3050 3079 παραμυθίαν
3089 3016 3104 3033 ⁸
3182 2997 3243 3052 τὸ
3307 2997 3380 3071 μή
3434 3018 3546 3053 τινα
3601 3002 3705 3054 τῶν

348 3096 584 3168 gentem
617 3087 863 3169 repelle,
899 3096 964 3149 ut
995 3090 1114 3150 Deo
1148 3088 1390 3151 intimus
1445 3090 1553 3153 ﬁas
1587 3111 1603 3170 ;
1667 3091 1878 3155 melior
1907 3101 1990 3156 est

2079 3090 2329 3171 ὠφελείας
2384 3095 2485 3157 τῆς
2540 3090 2682 3169 παρὰ
2748 3096 2842 3147 σοῦ
2913 3087 3175 3165 δεομένων
3210 3108 3223 3122 ⁸
3290 3087 3706 3169 ἀποστραφῆναι,

352 3177 513 3240 enim
543 3195 711 3239 amor
742 3176 1042 3257 precibus,
1101 3177 1239 3241 Com
1253 3179 1482 3260 patiens
1536 3189 1661 3242 esto
1693 3182 1990 3263 omnibus,

2079 3182 2232 3261 χάριν
2261 3178 2604 3258 προσομιλίας
2628 3185 2759 3237 Θεοῦ
2792 3195 2806 3209 ⁸
2852 3193 3099 3259 κρεῖσσον
3129 3179 3227 3258 γὰρ
3255 3177 3442 3257 εὒχῆς,
3475 3176 3662 3255 ἀγάπη
3687 3197 3702 3213 θ

352 3266 483 3328 sine
513 3284 661 3327 vana
692 3265 899 3346 gloria,
934 3265 1063 3327 sine
1096 3265 1279 3328 nimia
1309 3267 1604 3350 libertate,
1645 3289 1762 3331 non
1790 3290 1990 3336 amans

2079 3272 2326 3345 συμπαθῆ
2393 3290 2451 3323 τε
2529 3267 2669 3325 εἷναί
2735 3289 2794 3324 σε
2878 3269 3009 3347 πρὸς
3086 3268 3312 3340 πάντας,
3388 3263 3714 3341 ἀκενόδοξον,

348 3372 620 3434 arguere,
654 3353 804 3415 nihil
834 3358 1047 3431 rogans
1077 3355 1445 3436 Superiorem
1478 3366 1581 3420 aut
1611 3357 1869 3439 aliquem
1899 3362 1990 3423 in-

2079 3357 2520 3437 ἀπαῤῥησίαστον,
2581 3358 2657 3433 μὴ
2742 3356 3067 3437 ἐλεγκτικὸν,
3155 3357 3233 3433 μὴ
3292 3357 3613 3415 ἁπαιτοὺντά
3668 3355 3737 3414 τι

347 3443 675 3519 feriore‘m;
730 3444 1118 3507 reverentiam
1182 3463 1320 3523 erga
1379 3464 1585 3509 omnes
1616 3448 1990 3531 presbyteros

2079 3448 2162 3504 τὸν
2218 3452 2525 3525 προεστῶτα
2579 3444 2615 3513 ἤ
2671 3467 2785 3502 τινα
2839 3452 2943 3501 τῶν
3000 3443 3323 3512 διακονητῶν
3356 3460 3372 3475 ⁶
3433 3446 3533 3513 τῆν
3591 3447 3721 3526 πρὸς

349 3549 518 3594 serva
544 3532 932 3594 attentionem
964 3532 1025 3593 in
1072 3533 1363 3608 oratione,
1388 3534 1651 3615 habitum
1685 3535 1990 3613 inaffecta-

2079 3537 2193 3600 τοὺς
2249 3538 2406 3615 ίερεϊς
2463 3535 2665 3599 πάντας
2749 3535 2910 3611 τιμὴν
2992 3535 3333 3605 ἀποσώζονται
3367 3554 3381 3567 ⁸
3441 3536 3721 3615 προσοχὴν

350 3629 499 3703 tum,
533 3630 593 3683 et
621 3619 1097 3682 benevolentiam
1151 3640 1289 3701 erga
1349 3641 1557 3685 omnes
1587 3610 1877 3689 ostende.
1911 3627 1990 3690 Ne

2079 3625 2131 3681 ἐν
2160 3630 2229 3702 τῇ
2257 3626 2416 3704 εὒχῇ,
2474 3627 2563 3679 καὶ
2618 3623 2937 3680 κατάστασιν
2993 3621 3416 3697 ἀνεπιτήδευτον,
3463 3625 3553 3680 καὶ
3581 3624 3720 3701 ἀγά-

351 3718 594 3792 propter
622 3709 869 3789 gloriam
900 3711 1140 3775 studeas
1169 3711 1401 3774 curiose
1442 3714 1693 3775 scrutari
1722 3713 1990 3797 Scriptu-

2079 3737 2185 3782 πην
2244 3717 2373 3794 πρὸς
2427 3714 2627 3776 πάντας
2706 3712 3101 3775 ἐπιδείκνυσθαι,
3169 3713 3257 3779 Μὴ
3334 3712 3510 3770 ἕνεκεν
3568 3709 3721 3779 δόξης

348 3817 465 3861 ras.
491 3797 694 3863 Oratio
722 3800 879 3861 enim
904 3819 1038 3887 cum
1066 3800 1337 3881 lacrymis
1358 3809 1416 3863 et
1435 3802 1640 3881 gratia;
1676 3803 1990 3871 illustratio

2079 3802 2382 3875 σπουδάζειν
2433 3802 2882 3881 περιεργάζεσθαι,
2957 3803 3051 3858 καὶ
3116 3800 3322 3880 ἐρευνᾷν
3399 3802 3494 3866 τὰς
3577 3807 3718 3881 Γρα-

350 3888 551 3949 omnia
607 3891 732 3951 haec
790 3898 848 3950 te
902 3888 1168 3973 docebit,
1227 3891 1441 3970 Itaque
1490 3890 1889 3973 interrogatus
1919 3894 1990 3957 de

2079 3894 2199 3973 φάς·
2236 3885 2298 3949 «Η
2347 3893 2446 3970 γὰρ
2494 3891 2633 3970 εὒχὴ
2690 3892 2726 3959 ἦ
2783 3891 2917 3966 μετὰ
2969 3887 3228 3969 δακρύων,
3284 3891 3371 3946 καὶ
3420 3892 3455 3959 ἡ
3510 3889 3570 3946 ἐκ
3620 3894 3717 3956 τῆς

350 3975 549 4058 aliquo
578 3977 932 4053 officiorum,
965 3996 1179 4058 magna
1208 3996 1344 4039 cum
1400 3979 1758 4057 humilitate,
1795 4001 1867 4045 ex
1893 3991 1990 4045 tua

2079 3983 2296 4063 χάριτος
2354 3979 2643 4060 ἔλλαμψις,
2700 3980 2865 4039 ταῦτά
2918 4000 2977 4034 σε
3058 3976 3266 4044 διδάξει.
3344 3979 3717 4059 Ἐρωτώμενος

351 4066 485 4137 vita,
526 4076 796 4147 tanquam
847 4086 913 4128 ex
950 4067 1167 4147 aliena,
1202 4068 1473 4139 haustam
1506 4069 1806 4132 actionum
1840 4071 1990 4132 divi-

2079 4074 2244 4128 τοίνυν
2321 4070 2439 4147 περί
2486 4090 2627 4132 τινος
2683 4074 2789 4124 τῶν
2856 4067 3255 4147 προσηκόντων,
3322 4069 3457 4142 μετὰ
3510 4066 3715 4135 πολλῆς

352 4174 563 4217 narum
582 4154 981 4236 disciplinam,
1004 4157 1315 4237 adjuvante
1336 4158 1542 4235 gratia,
1564 4158 1735 4240 doce,
1769 4177 1804 4221 a
1830 4178 1990 4222 vanae

2079 4159 2443 4221 ταπεινώσεως
2471 4156 2531 4214 ἐκ
2586 4167 2678 4215 τοῦ
2733 4163 2825 4213 σοῦ
2885 4156 3020 4232 βίου,
3074 4158 3150 4219 ὡς
3198 4155 3248 4221 ἐξ
3305 4154 3488 4229 ἄλλου,
3521 4157 3587 4212 τὰ
3614 4162 3718 4213 τῶν

353 4246 560 4326 gloriae
580 4243 952 4322 cogitatione,
978 4264 1343 4327 quaecunque
1378 4245 1473 4323 sit,
1497 4246 1748 4325 alienus,
1771 4249 1990 4310 solam-

2079 4250 2263 4309 ἐνθέων
2317 4247 2575 4327 πράξεων,
2606 4320 2609 4325 _
2637 4245 2975 4325 χορηγούσης
3044 4250 3143 4309 τῆς
3205 4244 3424 4324 χάριτος
3488 4242 3716 4323 δίδασκε,

354 4340 468 4415 que
487 4332 734 4413 proximi
757 4332 1067 4395 utilitatem
1089 4333 1429 4397 intendens.
1453 4333 1737 4398 Juvamen
1760 4337 1821 4398 in
1842 4356 1987 4399 con-

2079 4335 2367 4411 ἀκενοδόξῳ
2420 4334 2684 4413 λογισμῷ,
2754 4332 2899 4397 ὅστις
2954 4330 3015 4390 ἂν
3085 4334 3173 4389 καὶ
3240 4336 3403 4412 τύχῃ,
3463 4331 3720 4414 ὠφελείας

352 4423 616 4484 fessione
646 4430 1003 4502 quaerentem
1035 4441 1070 4484 a
1120 4430 1175 4483 te
1219 4441 1295 4485 ne
1345 4425 1626 4505 repellas,
1662 4426 1766 4487 sed
1796 4426 1990 4508 recipe

2079 4428 2418 4508 ὀρεγὸμενος.
2477 4424 2577 4482 Καὶ
2628 4423 2747 4503 περὶ
2799 4421 3055 4502 λογισμοῦ
3133 4424 3226 4479 τὸν
3275 4428 3533 4493 ζητοῦντα
3584 4424 3722 4503 ὠφε-

358 4510 562 4589 culpas
592 4509 741 4589 ejus,
768 4527 1132 4591 quaecunque
1180 4510 1318 4584 sint,
1379 4530 1559 4592 super
1588 4513 1715 4594 ipso
1745 4514 1990 4577 fundens

2079 4515 2303 4584 ληθῆναι
2366 4513 2470 4569 ἀπὸ
2527 4518 2620 4568 σοῦ
2677 4512 2754 4587 μὴ
2837 4511 3179 4591 ἀποστραφῇς
3218 4533 3231 4546 ’
3301 4509 3420 4567 ἀλλ’
3479 4509 3719 4577 ἀνάδεξαι

355 4600 648 4679 lacrymas
675 4616 743 4660 ac
774 4616 983 4678 preces
1015 4615 1030 4661 :
1065 4600 1191 4662 haec
1221 4600 1378 4662 enim
1411 4609 1549 4662 sunt
1581 4603 1747 4682 signa
1776 4605 1990 4665 amoris

2079 4605 2143 4662 τὰ
2172 4606 2328 4661 αὐτοῦ
2356 4599 2641 4681 σφάλματα
2667 4604 2758 4656 οἷα
2812 4600 2901 4656 καὶ
2954 4599 3106 4675 ὦσιν,
3150 4600 3278 4679 ὑπὲρ
3336 4604 3492 4658 αὐτοῦ
3521 4598 3718 4656 κλαίων

356 4688 757 4767 perfectaeque
788 4686 1240 4767 compassionis.
1280 4691 1352 4750 Et
1377 4689 1449 4750 ad
1482 4698 1536 4751 te
1567 4691 1900 4753 venientem
1922 4711 1990 4754 ne

2079 4694 2166 4751 καὶ
2223 4692 2512 4773 εὐχόμενος
2546 4708 2563 4725 ο
2622 4690 2908 4768 τεκμήριον
2977 4688 3077 4768 γὰρ
3130 4689 3358 4769 ὑπάρχει
3412 4688 3501 4745 καὶ
3558 4694 3722 4745 ταῦτα

357 4776 613 4858 repellas
642 4776 860 4837 timens
919 4793 994 4837 ne
1052 4775 1385 4838 istiusmodi
1440 4778 1744 4859 culparum
1773 4781 1990 4842 auditio

2079 4783 2291 4862 ἀγάπης
2321 4781 2408 4837 καὶ
2435 4777 2636 4842 τελείας
2668 4776 2985 4852 συμπαθείας
3022 4793 3035 4806 ⁸
3092 4779 3181 4834 καὶ
3228 4778 3304 4853 μῆ
3335 4777 3493 4856 χάριν
3521 4786 3614 4862 τοῦ
3643 4776 3721 4852 μὴ

359 4865 465 4927 tibi
489 4873 699 4927 noceat
727 4885 742 4940 ;
770 4866 956 4943 gratia
988 4864 1147 4926 enim
1173 4866 1512 4946 adjuvante,
1544 4868 1773 4929 nullum
1802 4870 1990 4950 patie-

2079 4860 2339 4947 βλαϐῆναι
2380 4869 2481 4925 ὑπὸ
2528 4871 2625 4934 τῆς
2683 4865 2985 4947 ἀκροάσεως
3043 4872 3149 4922 τῶν
3197 4866 3474 4945 τοιούτων,
3530 4860 3721 4942 ἀπώσῃ

357 4956 442 5017 ris
465 4955 910 5017 detrimentum.
928 4954 1299 5035 Cmteroquin
1316 4956 1719 5035 (nelaedantur
1731 4958 1920 5035 multi,
1934 4958 1990 5019 in

2079 4963 2168 5017 τὸν
2196 4956 2550 5038 προσελθόντα
2582 4971 2596 4985 ⁸
2656 4960 2754 5022 τῆς
2786 4955 3008 5033 χάριτος
3040 4955 3139 5034 γὰρ
3166 4955 3545 5033 συνεργούσης,
3576 4952 3724 5013 οὐδὲν

362 5046 491 5107 loco
535 5054 765 5108 secreto
788 5044 847 5105 id
873 5044 1075 5106 dicere
1099 5048 1381 5127 oportet),
1405 5045 1515 5107 etsi
1536 5046 1688 5109 forte
1708 5047 1769 5109 in
1801 5049 1990 5110 otfen-

2079 5045 2324 5127 βλαϐήσῃ
2359 5061 2372 5076 ⁸
2406 5044 2549 5113 πλὴν
2577 5041 2661 5100 διὰ
2690 5043 2788 5110 τὴν
2817 5049 2922 5100 τῶν
2971 5042 3184 5100 πολλῶν
3238 5040 3464 5120 βλάϐην,
3498 5041 3551 5100 ἐν
3576 5042 3726 5118 τόπῳ
3776 5056 3781 5061 ‘

359 5153 482 5197 sam
516 5133 886 5213 cogitationis
918 5133 1156 5209 labaris,
1219 5143 1282 5199 ut
1337 5134 1515 5195 homo
1572 5136 1646 5216 (si
1703 5137 1862 5199 enim
1894 5137 1990 5200 tibi

2079 5137 2364 5217 ἀποκρύφῳ
2418 5143 2572 5193 τοῦτο
2625 5129 2708 5187 δεῖ
2757 5132 2928 5188 εἰπεῖν
2962 5147 2977 5161 ’
3037 5130 3135 5188 κᾶν
3186 5132 3330 5212 τάχα
3384 5132 3474 5187 καὶ
3500 5129 3727 5212 προσϐο-

361 5227 545 5302 gratia
598 5222 932 5295 auxiliatur,
993 5222 1056 5284 id
1115 5221 1223 5284 tibi
1288 5240 1409 5284 non
1465 5223 1739 5303 accidet),
1799 5244 1990 5288 nonne

2079 5225 2180 5294 λην
2202 5224 2458 5303 λογισμοῦ
2486 5224 2561 5285 ὡς
2618 5218 2885 5298 ἅνθρωπος
2940 5220 3173 5297 ὑποστῇς
3201 5235 3215 5250 '
3275 5219 3365 5278 ἐὰν
3418 5219 3520 5298 γὰρ
3545 5240 3723 5299 κεχα-

362 5312 556 5375 edocti
584 5330 788 5373 sumus
811 5329 1099 5393 quaerere,
1120 5330 1239 5372 non
1269 5312 1427 5392 quod
1460 5322 1678 5389 nostra,
1712 5314 1817 5377 sed
1840 5315 1990 5396 quod

2082 5312 2380 5395 ριτωμένως
2410 5315 2502 5389 ᾖς,
2558 5306 2867 5367 οὐδὲτοῦτο
2923 5309 3101 5384 πείσῃ.
3166 5308 3263 5366 Καὶ
3321 5308 3420 5386 γὰρ
3474 5306 3720 5364 διδασκό-

361 5401 611 5462 aliorum
632 5401 835 5477 refert,
857 5408 922 5462 ut
951 5401 1094 5462 salvi
1125 5402 1288 5463 fiant.
1330 5401 1498 5465 Sicut
1520 5411 1694 5464 antea
1719 5395 1990 5485 diximus,

2084 5407 2215 5480 μεθα
2245 5404 2322 5478 μὴ
2351 5403 2412 5457 τὸ
2443 5401 2639 5457 ἑαυτῶν
2685 5405 2888 5472 ζητεῖν,
2944 5396 3081 5455 ἀλλὰ
3135 5399 3197 5453 τὸ
3251 5403 3356 5453 τῶν
3386 5395 3601 5476 ἐτέρων,
3631 5395 3725 5455 ἵνα

362 5490 538 5554 vitam
570 5508 735 5553 serva
768 5490 1139 5571 tranquillam
1172 5497 1230 5552 et
1256 5508 1600 5573 pauperem,
1633 5510 1705 5556 ac
1748 5496 1990 5575 teipsum

2083 5498 2312 5556 σωθῶσι.
2372 5491 2555 5556 Καθὼς
2629 5488 2685 5547 δὲ
2765 5490 3110 5570 προείπομεν,
3193 5486 3471 5572 φυλάττειν
3526 5508 3586 5546 σε
3642 5485 3724 5550 δεῖ
