4054 6114
235 310 354 377 681

221 441 542 521 ἀπράγμονα
594 440 704 517 βίον
781 439 870 497 καὶ
947 439 1224 515 ἀκτήμονα
1265 455 1279 470 ⁸

221 529 414 609 λογίσῃ
444 530 812 607 ἐνεργούμενον
843 529 944 584 ὑπὸ
972 533 1071 595 τῆς
1102 529 1342 609 χάριτος.
1397 527 1521 584 ὅταν
1552 524 1872 606 ἁμαρτωλό-

222 641 376 698 τερον
406 618 620 674 πάντων
650 617 934 696 ἀνθρώπων
990 617 1043 674 ἐν
1104 616 1321 689 ἀληθείᾳ
1380 615 1516 696 ἔχῃς
1553 634 1566 644 ·
1624 622 1780 672 τοῦτο
1821 613 1876 670 δὲ

228 706 379 772 ὅπως
411 709 607 784 γίνεται
641 710 733 765 οὐκ
760 705 874 786 ἔχω
902 706 1097 785 λέγειν,
1131 709 1158 762 6
1189 708 1318 770 Θεὸς
1349 703 1512 766 οἶδεν.

315 789 458 878 ρμδ’.
492 797 596 859 Τὰς
647 793 702 850 δὲ
758 795 896 874 ὥρας
962 800 1059 862 τῆς
1116 794 1426 872 ἀγρυπνίας,
1487 791 1712 873 ὀφείλεις
1742 792 1878 850 ἀνα-

227 889 510 967 γινώσκειν
554 885 652 960 μὲν
704 884 843 964 ὥρας
880 882 1006 958 δύω,
1064 885 1151 940 καὶ
1207 881 1310 940 δύω
1367 880 1612 962 εὔχεσθαι
1670 881 1724 937 ἐν
1776 904 1879 937 κα-

227 975 431 1043 τανύξει
489 975 622 1052 μετά
670 971 926 1052 δακρύων,
984 976 1073 1030 καὶ
1124 973 1314 1030 κονόνα
1363 976 1480 1028 οἷον
1534 969 1731 1049 βούλει,
1792 971 1880 1025 καὶ

226 1066 495 1142 ψαλμοὺς,
529 1066 573 1120 εἰ
626 1062 824 1138 βούλει,
884 1062 1006 1126 τοὺς
1064 1060 1284 1134 δώδεκα,
1347 1062 1433 1116 καὶ
1490 1063 1579 1116 τὸν
1628 1058 1874 1134 ἄμωμον,

226 1156 318 1212 καὶ
346 1155 441 1222 τὴν
472 1153 639 1232 εὒχὴν
698 1159 790 1209 τοῦ
842 1151 991 1228 ἁγίου
1040 1150 1354 1229 Εὔστρατίου
1389 1165 1402 1178 ⁸
1457 1157 1619 1206 ταῦτα
1672 1147 1725 1203 ἐν
1756 1159 1877 1209 ταῖς

227 1244 490 1323 μεγάλαις
533 1238 689 1305 νυξίν.
753 1237 842 1296 Ἐν
896 1238 949 1294 δὲ
1007 1253 1127 1302 ταῖς
1185 1251 1425 1317 μικραῖς,
1480 1234 1878 1314 συντομωτέραν

225 1334 332 1400 τὴν
383 1329 711 1403 ἀκολουθίαν,
788 1329 924 1384 κατά
997 1328 1094 1392 τὴν
1166 1324 1542 1406 παρεχομένην
1596 1347 1678 1381 σοι
1737 1324 1879 1398 παρά

229 1421 365 1478 Θεοῦ
419 1417 634 1494 δύναμιν
668 1433 682 1447 ⁸
772 1413 892 1474 ἄνευ
945 1417 1044 1496 γὰρ
1099 1418 1255 1476 αὖτοῦ
1311 1413 1455 1471 οὖδὲν
1509 1421 1614 1470 τῶν
1671 1413 1878 1492 ἀγαθῶν

225 1512 588 1588 κατορθοῦται,
673 1507 845 1568 καθώς
923 1527 1084 1586 φησιν
1166 1507 1194 1561 6
1282 1504 1568 1583 Προφήτης
1623 1518 1637 1531 ⁶
1730 1501 1876 1580 Παρά

227 1599 418 1678 Κυρίου
486 1597 552 1652 τὰ
630 1592 928 1670 διαδήματα
1008 1595 1282 1674 ἀνθρώπου
1336 1593 1703 1649 κατευθύνεται
1765 1610 1778 1624 ⁸
1842 1613 1870 1644 ι)

229 1689 321 1744 καὶ
350 1683 508 1743 αὒτοῦ
558 1693 651 1742 τοῦ
705 1690 988 1774 Σωτῆροςν
1009 1685 1244 1745 εἰπόντος
1280 1697 1293 1711 ⁸
1354 1704 1382 1736 α
1446 1682 1614 1760 Χωρὶς
1666 1679 1794 1755 ἐμοῦ
1819 1679 1878 1734 ού

231 1773 446 1832 δύνασθε
490 1784 664 1829 ποιεῖν
695 1769 862 1835 οὒδέν,
902 1796 926 1831 υ
965 1768 1112 1830 Ἄνευ
1139 1769 1193 1826 δὲ
1219 1768 1450 1850 δακρύων
1469 1768 1733 1846 μηδέποτε
1753 1789 1876 1824 κοι-

231 1866 507 1938 uomicas-

313 1943 455 2033 ρμε’.
520 1949 737 2010 Ἐσθίειν
793 1949 846 2007 δὲ
901 1951 966 2007 τὰ
1022 1947 1408 2028 παρατιθέμενα
1467 1969 1550 2003 σοι
1609 1946 1701 2002 οἷά
1748 1947 1875 2001 εἰσιν

234 2033 464 2118 Ὀμοίως
519 2045 606 2098 καὶ
663 2041 813 2098 οἶνον
889 2040 1024 2116 μετά
1103 2037 1405 2115 ἐγκρατείας
1476 2035 1822 2114 ἀγογγύστως
1855 2049 1870 2064 ⁸

229 2133 276 2188 εἰ
305 2129 361 2186 δὲ
404 2131 492 2187 καὶ
547 2131 684 2188 κατά
736 2130 902 2204 μόνας
956 2129 1091 2204 κάθῃ
1148 2125 1212 2181 δι’
1273 2125 1562 2204 ἀσθένειαν,
1621 2123 1744 2198 ὠμά
1771 2121 1875 2178 λά-

230 2242 380 2302 χανα
404 2221 539 2296 μετὰ
567 2218 780 2282 ἐλαιῶν,
829 2216 954 2276 Ἐὰν
1001 2215 1060 2272 δέ
1115 2237 1195 2278 τις
1249 2221 1354 2270 τῶν
1410 2213 1647 2294 ἀδελφῶν
1676 2212 1876 2292 βρώσι-

233 2311 340 2386 μόν
366 2332 416 2365 τι
445 2309 635 2386 πέμψῃ
679 2331 786 2383 σοι,
843 2305 980 2372 δέξαι
1039 2303 1155 2381 μετ’
1205 2305 1537 2384 εὐχαριστίας
1571 2304 1658 2358 καὶ
1686 2323 1878 2358 ταπει-

234 2397 449 2460 νώσεως
504 2399 578 2460 ὡς
634 2395 776 2461 ξένος
809 2415 826 2432 ο
901 2395 988 2451 καὶ
1044 2392 1096 2459 ἐξ
1161 2395 1316 2449 αὗτού
1373 2389 1658 2469 μετάλαϐε,
1720 2388 1774 2445 εἴ
1829 2411 1878 2446 τι

233 2483 281 2540 δ’
345 2484 402 2542 ἄν
471 2486 582 2540 ἐστι
618 2500 631 2514 ⁶
717 2485 805 2540 καὶ
858 2485 920 2539 τὸ
975 2481 1300 2562 περιλειφθὲν
1352 2479 1662 2536 ἀπόστειλον
1693 2477 1880 2557 ίὲτέρῳ

232 2571 468 2653 ἀδελφῷ,
501 2576 710 2653 πτωχῷ
749 2573 838 2628 καὶ
893 2569 1125 2628 εὒλαϐεῖ.
1179 2568 1300 2627 Ἐὰν
1362 2567 1416 2624 δέ
1466 2591 1546 2632 τις
1575 2567 1776 2643 καλέσῃ
1822 2588 1880 2622 σε

230 2663 306 2725 εἷς
365 2661 718 2740 παρέκλησιν,
781 2661 841 2717 ὲκ
899 2660 1109 2716 πάντων
1166 2664 1270 2714 τῶν
1322 2657 1746 2736 παρατιθεμένων
1798 2677 1879 2712 σοι

228 2748 520 2826 μετάλαϐε,
572 2752 702 2829 πρὸς
758 2751 944 2829 μικρὸν
1002 2747 1078 2822 δὶ,
1142 2749 1278 2804 κατᾶ
1332 2747 1431 2814 τὴν
1491 2745 1733 2826 ἐντολὴν,
1781 2745 1881 2813 τὴν

227 2839 541 2917 ἐγκράτειαν
607 2837 900 2919 φυλάττων.
966 2835 1338 2911 Ἀνιστᾶμενος
1410 2833 1488 2910 δὲ,
1547 2833 1725 2911 βαλὼν
1781 2856 1880 2910 με·

226 2929 451 2984 τάνοιαν
500 2926 553 2983 ἐν
603 2927 715 2995 ἤθει
762 2926 905 2993 ξένου
945 2927 1033 2983 καὶ
1088 2931 1331 3004 πτωχοῦ,
1390 2924 1486 2990 τὴν
1547 2923 1880 3004 εὐχαριστίαν

229 3018 383 3090 αύτῷ
409 3016 638 3092 ἀπόνεμε
679 3016 849 3095 λέγων
877 3032 893 3049 ⁸
957 3006 1014 3072 εΟ
1059 3015 1212 3089 Θεὸς,
1275 3014 1444 3093 Πάτερ
1502 3013 1642 3093 ἅγιε,
1674 3014 1764 3068 τὸν
1793 3005 1941 3088 μι-σ

231 3108 362 3162 σθὸν
385 3103 493 3183 δώῃ
521 3128 628 3167 σοι.
658 3107 898 3185 Πρόσεχε
928 3102 982 3161 δὲ
1012 3105 1090 3180 μὴ
1133 3101 1364 3169 λαλῆσαί
1390 3123 1461 3178 τι,
1497 3100 1594 3157 κᾶν
1618 3102 1764 3182 τάχα
1793 3104 1881 3158 καὶ

235 3193 510 3274 ὠφέλιμον
535 3194 649 3264 εἴη.

321 3274 496 3362 Ρμςό
530 3287 588 3341 Ei
630 3284 684 3340 δὲ
712 3285 802 3342 καί
829 3307 910 3349 τις
962 3289 1068 3340 τῶν
1117 3279 1352 3361 ἀδελφῶν
1396 3276 1612 3354 θλιϐεὶς,
1673 3279 1709 3348 ἢ
1739 3281 1882 3359 παρὰ

231 3379 335 3430 τοῦ
389 3380 744 3452 προεστῶτος,
808 3374 844 3442 ἢ
894 3383 986 3432 τοῦ
1039 3372 1338 3448 οἰκονόμου,
1406 3367 1440 3436 ἧ
1483 3390 1622 3432 τινος
1680 3368 1880 3450 ἐτέρου,

233 3458 370 3538 ἔλθῃ
396 3463 525 3541 πρὸς
555 3463 636 3537 σὲ,
667 3463 1036 3542 παραμύθησαι
1089 3462 1242 3517 αὒτὸν
1302 3459 1467 3522 οὕτως
1503 3477 1515 3490 ⁸
1575 3459 1880 3533 Πίστευσον,

231 3547 454 3631 ἀδελφέ,
512 3553 642 3631 πρὸς
680 3550 903 3628 δοκιμήν
961 3573 1040 3607 σοι
1083 3556 1236 3605 τοῦτο
1275 3547 1460 3626 γέγονε
1495 3565 1512 3583 ⁶
1569 3546 1729 3622 κάμοὶ
1785 3548 1884 3626 γὰρ

231 3636 499 3719 διαφόρως
527 3647 682 3698 τοῦτο
733 3638 947 3720 συνέϐη,
990 3640 1078 3696 καὶ
1134 3638 1194 3695 ἐκ
1249 3637 1607 3717 μικροψυχίας
1660 3635 1884 3694 ἐλυπού-

235 3749 356 3802 μην
388 3745 402 3760 ⁶
435 3728 548 3786 ἐπεὶ
575 3727 630 3786 δὲ
653 3727 1089 3808 ἐπληροφορήθην
1117 3729 1247 3807 πρὸς
1276 3725 1501 3802 δοκιμὴν
1530 3731 1692 3781 ταῦτα
1714 3725 1881 3799 εἶναι,

232 3817 385 3897 φέρω
443 3823 786 3900 εύχαρίστως,
847 3821 946 3878 Καὶ
997 3819 1058 3874 σὺ
1113 3817 1280 3874 τοίνυν
1335 3814 1499 3880 οὕτως
1555 3816 1692 3872 ποίει
1726 3830 1740 3845 ⁸
1795 3814 1886 3870 καὶ

234 3907 447 3984 palmi
504 3898 846 3991 νεύφρανθήσή
917 3909 1004 3965 ἐπὶ
1069 3919 1191 3972 ταῖς
1246 3905 1510 3969 τοιαύταις
1550 3903 1778 3979 θλίψεσι,
1826 3898 1886 3961 Εἰ

236 3993 296 4052 δὲ
326 3997 415 4054 καὶ
468 3998 599 4072 πρὸς
649 3995 905 4078 λοιδορίας
959 4001 1159 4076 τραπῇ,
1207 3991 1333 4071 μηδ’
1390 3993 1555 4058 οὕτως
1608 3993 1881 4072 ἀποστρα-

231 4092 374 4166 φῇς,
404 4084 526 4145 ἀλλ’
559 4089 632 4152 ὡς
662 4085 725 4144 ἂν
749 4089 784 4156 ἦ
839 4087 996 4167 χάρις
1058 4083 1436 4164 επιχορηγήσῃ
1493 4103 1598 4158 σοι,
1629 4082 1880 4162 παραμύ-

229 4178 400 4243 θησαι
468 4176 644 4236 αὐτόν.
717 4175 915 4233 Πολλαὶ
970 4175 1070 4255 γάρ
1125 4175 1223 4230 εἰσι
1291 4169 1593 4250 διακρίσεις,
1652 4173 1743 4228 καὶ
1808 4173 1884 4235 ὡς

233 4276 389 4327 νοεῖς
445 4264 541 4333 τὴν
588 4271 678 4323 τοῦ
732 4264 955 4346 ἀδελφοῦ
1010 4263 1330 4320 κατάστασιν
1397 4261 1484 4317 καὶ
1535 4260 1658 4324 τοὺς
1727 4261 1886 4318 αὒτοῦ

1557 303 1835 374 GAPITA
1877 303 2242 367 MORALIA.

1367 439 1453 495 καὶ
1501 439 1685 497 ἑαυτὸν
1740 436 1859 492 τότε
1874 477 1880 492 .

1972 454 2086 498 unc
2115 443 2324 517 reputa
2351 435 2459 498 sub
2520 436 2721 515 gratiae
2778 435 3070 501 beneﬁcio
3128 450 3428 519 agentem,
3462 457 3599 502 cum

3487 282 3607 354 682

1960 526 2244 606 majorem
2278 524 2554 587 omnibus
2583 524 2926 588 hominibus
2957 546 3133 608 pecca
3147 537 3332 592 torem
3367 538 3424 592 te
3471 528 3596 589 sin-

1959 634 2095 679 cere
2124 614 2372 678 habebis
2401 635 2414 676 :
2449 614 2509 676 id
2541 621 2738 677 autem
2761 615 3059 696 quomodo
3089 616 3215 698 ﬁat,
3247 618 3452 680 dicere
3487 633 3608 678 non

1957 706 2147 781 valeo,
2179 705 2336 768 Deus
2362 705 2496 770 scit.

2043 795 2180 859 M4.
2215 793 2418 867 Quoad
2478 795 2655 856 horas
2711 795 2945 874 vigiliae,
2998 793 3182 857 debes
3227 794 3428 874 legere
3455 793 3601 856 duas

1960 884 2162 959 horas,
2196 889 2258 946 et
2287 883 2436 944 duas
2471 883 2698 962 precari
2746 903 2881 945 cum
2926 883 3387 964 compunctione
3423 891 3481 945 et
3509 883 3600 944 la-

1961 975 2195 1056 crymis,
2231 973 2538 1035 recitando
2567 974 2874 1055 quodlibet
2905 973 3182 1038 Ofﬁcium
3219 973 3598 1047 canonicum,

1961 1073 2020 1126 et
2042 1064 2322 1145 psalmos,
2354 1063 2404 1124 si
2432 1063 2542 1134 vis,
2573 1063 2912 1135 duodecim,
2949 1072 3008 1125 et
3037 1064 3358 1126 Marianam
3392 1062 3601 1134 globu-

1963 1153 2155 1215 lorum
2185 1152 2406 1214 amomi
2433 1171 2734 1227 coronam,
2770 1161 2828 1214 et
2875 1153 3063 1214 sancti
3107 1151 3428 1216 Eustrathii
3459 1169 3599 1213 ora-

1963 1243 2183 1305 tionem
2214 1264 2227 1301 :
2276 1243 2402 1303 haec
2430 1240 2491 1300 in
2522 1240 2710 1319 longis
2762 1241 3052 1303 noctibus.
3085 1241 3151 1303 In
3181 1240 3457 1302 brevibus
3485 1257 3595 1301 au-

1962 1339 2104 1405 tem,
2139 1330 2377 1393 brevius
2398 1329 2475 1390 sit
2502 1325 2803 1404 Ofﬁcium,
2839 1347 2944 1410 pro
2975 1329 3198 1392 viribus
3253 1328 3360 1390 tibi
3409 1347 3443 1390 a
3473 1327 3598 1389 Deo

1961 1419 2350 1500 suppeditatis
2378 1435 2390 1478 :
2417 1416 2549 1478 sine
2587 1416 2707 1478 Deo
2738 1417 2897 1478 enim
2929 1417 3078 1479 nihil
3103 1417 3245 1480 boni
3275 1417 3597 1498 peragitur,

1962 1515 2024 1568 ut
2051 1507 2130 1569 ait
2159 1506 2480 1586 Propheta:
2522 1525 2551 1565 ‹
2581 1506 2751 1586 Apud
2787 1505 3100 1568 Dominum
3127 1525 3366 1586 gressus
3397 1505 3596 1568 homi-

1959 1597 2051 1658 nis
2081 1595 2410 1674 dirigentur
2436 1595 2524 1658 49.
2560 1620 2582 1653 ν
2619 1595 2687 1658 Et
2720 1595 2847 1675 ipse
2878 1594 3141 1660 Salvator
3169 1596 3318 1658 dixit
3349 1612 3362 1658 :
3405 1619 3432 1651 α
3459 1593 3600 1657 Sine

1960 1705 2054 1747 me
2083 1684 2233 1746 nihil
2263 1686 2505 1765 potestis
2546 1685 2748 1747 facere
2765 1686 2850 1742 50.
2887 1711 2914 1741 ιο
2955 1720 3027 1731 -
3057 1683 3200 1748 Sine
3230 1684 3500 1765 lacrymis
3521 1701 3597 1745 ne

1956 1792 2216 1856 unquam
2245 1773 2316 1836 ad
2348 1774 2828 1836 communionem
2855 1773 3124 1836 accedas.

2043 1945 2178 2008 145.
2205 1943 2464 2008 Comede
2486 1943 2652 2005 cibos
2673 1942 2776 2005 tibi
2799 1943 3046 2013 oblatos,
3079 1942 3418 2026 quicunque
3439 1943 3593 2006 sint:

1961 2035 2188 2116 pariter
2217 2033 2503 2115 etjvinum
2564 2032 2702 2096 bibe
2759 2053 2892 2095 cum
2950 2034 3340 2114 temperantia
3387 2041 3444 2096 et
3472 2035 3603 2097 sine

1963 2122 2470 2199 murmuratione;
2500 2130 2558 2184 et
2587 2123 2636 2184 si
2656 2121 2819 2185 solus
2856 2121 3216 2184 remanseris
3236 2121 3310 2184 ob
3341 2121 3598 2184 inﬁrmi-

1962 2220 2164 2288 tatem,
2199 2212 2383 2274 cruda
2409 2212 2655 2274 comede
2685 2211 2984 2290 legumina
3012 2230 3144 2273 cum
3190 2211 3344 2273 oleo.
3377 2210 3603 2293 Siquis

1959 2300 2212 2364 fratrum
2244 2301 2350 2362 tibi
2381 2301 2578 2363 cibum
2626 2302 2882 2382 aliquem
2944 2299 3190 2376 miserit,
3229 2302 3434 2382 accipe
3465 2321 3599 2364 cum

1960 2389 2316 2470 gratitudine
2345 2397 2521 2468 atque
2571 2389 2902 2451 humilitate
2959 2398 3234 2470 tanquam
3266 2390 3506 2468 hospes,
3544 2397 3605 2453 et

1962 2479 2036 2540 de
2066 2478 2167 2540 illo
2197 2487 2495 2559 assumpta
2524 2479 3042 2559 quantulacunque
3089 2486 3272 2558 parte,
3306 2479 3600 2560 reliquum

1963 2567 2130 2630 mitte
2149 2566 2321 2629 alteri
2343 2568 2506 2630 fratri
2540 2567 2811 2630 mendico
2850 2576 2909 2630 et
2929 2567 3048 2648 pio.
3075 2565 3137 2629 Si
3159 2567 3295 2647 quis
3325 2567 3398 2628 ad
3427 2587 3598 2630 men-

1963 2674 2086 2718 sam
2119 2674 2287 2718 suam
2321 2663 2377 2718 te
2421 2655 2734 2736 vocaverit,
2793 2673 2870 2718 ex
2923 2655 3200 2716 omnibus
3256 2655 3365 2717 tibi
3392 2655 3605 2721 oblatis

1961 2748 2166 2826 accipe
2189 2745 2432 2826 aliquid,
2462 2745 2570 2807 etsi
2593 2764 2822 2826 parum,
2843 2746 3011 2826 juxta
3041 2753 3422 2828 praeceptum,
3447 2754 3599 2810 tem-

1965 2835 2291 2916 perantiam
2324 2853 2585 2898 servans.
2618 2837 2882 2914 Surgeus
2910 2844 3131 2911 autem,
3163 2855 3297 2897 cum
3329 2854 3609 2900 reveren-

1964 2922 2059 2984 tiae
2088 2923 2254 3004 signo
2310 2942 2477 2986 more
2532 2923 2784 3004 hospitis
2834 2931 2894 2986 et
2947 2924 3229 2996 mendici,
3287 2933 3484 3002 grates
3514 2926 3603 2988 illi

1964 3031 2070 3091 age
2099 3013 2303 3075 dicens
2329 3029 2343 3076 :
2388 3034 2412 3070 α
2449 3015 2630 3094 Deus,
2664 3012 2845 3074 frater
2874 3022 3101 3088 sancte,
3131 3012 3475 3075 mercedem
3495 3015 3602 3076 tibi

1961 3101 2272 3182 rependat.
2308 3126 2336 3158 ι
2392 3104 2543 3165 Cave
2570 3110 2767 3164 autem
2801 3120 2876 3164 ne
2904 3101 3043 3184 quid
3078 3102 3334 3176 eﬁ‘utias,
3367 3103 3602 3166 etiamsi

1964 3190 2113 3251 forte
2142 3189 2284 3251 utile
2305 3190 2478 3253 foret.

2052 3279 2180 3342 146.
2217 3279 2278 3342 Si
2306 3279 2440 3358 quis
2463 3279 2708 3341 fratrum
2738 3287 2975 3342 vexatus
3003 3282 3126 3342 sive
3179 3299 3214 3342 a
3268 3281 3600 3364 superiore,

1966 3367 2089 3429 sive
2119 3367 2192 3428 ab
2246 3385 2577 3447 (economo,
2608 3367 2734 3431 sive
2779 3369 2851 3430 ab
2877 3369 3074 3450 aliquo
3105 3369 3242 3444 alio,
3279 3377 3334 3432 te
3363 3369 3599 3448 adierit,

1965 3456 2048 3518 ita
2075 3474 2208 3518 eum
2242 3456 2474 3518 solare:
2505 3481 2532 3512 α
2556 3456 2722 3519 Habe
2761 3457 3061 3535 ﬁduciam,
3104 3457 3304 3522 frater.
3338 3459 3427 3520 Ad
3461 3478 3604 3539 pro-

1967 3544 2265 3607 bationem
2285 3545 2396 3606 hoc
2417 3544 2522 3606 tibi
2555 3546 2748 3607 evenit
2775 3567 2791 3628 ;
2835 3565 2975 3608 nam
3005 3547 3120 3628 ipsi
3152 3546 3296 3608 mihi
3328 3547 3441 3609 hoc
3482 3549 3604 3610 uti-

1967 3633 2102 3696 liter
2129 3634 2395 3714 contigit,
2430 3642 2489 3696 et
2517 3635 2678 3716 prius
2707 3636 2946 3716 quidem
2973 3653 3094 3717 prie
3121 3636 3605 3717 pusillanimitate

1965 3741 2122 3801 aegre
2148 3721 2413 3784 ferebam
2449 3741 2465 3800 ;
2501 3731 2808 3805 postquam
2833 3743 2971 3787 vero
3001 3725 3148 3787 mihi
3181 3726 3448 3806 persuasi
3478 3727 3606 3788 haec

1966 3812 2039 3873 ad
2099 3810 2511 3891 probationem
2587 3830 2743 3888 esse,
2817 3815 3036 3876 suffero
3093 3833 3228 3877 cum
3285 3814 3604 3894 gratiarum

1966 3899 2220 3962 actione.
2250 3900 2321 3962 Et
2341 3909 2400 3962 tu
2421 3900 2512 3962 fac
2534 3901 2833 3985 similiter,
2867 3903 3130 3984 etpotius
3159 3903 3357 3967 laetare
3385 3904 3461 3967 de
3492 3905 3610 3966 bu-

1959 3988 2226 4069 jusmodi
2255 3988 2754 4055 tribulationibus.
2787 4014 2812 4050 ι
2869 3991 2933 4055 Si
2961 3992 3036 4054 ad
3065 3992 3330 4055 convicia
3357 4011 3609 4057 conver-

1966 4084 2143 4154 tatur,
2178 4097 2298 4140 non
2327 4078 2462 4141 ideo
2495 4078 2663 4142 illum
2692 4080 2902 4161 rejice,
2942 4080 3047 4144 sed
3077 4090 3255 4162 prout
3283 4082 3388 4145 tibi
3419 4083 3609 4162 gratia

1965 4174 2262 4248 suggeret,
2294 4186 2429 4230 eum
2461 4169 2811 4233 consolare:
2871 4171 3039 4234 multi
3091 4173 3250 4234 enim
3295 4182 3433 4235 sunt
3460 4172 3609 4236 varii

1966 4256 2152 4319 modi.
2184 4255 2402 4330 Quales
2433 4257 2611 4338 igitur
2663 4258 2905 4322 noveris
2961 4278 3092 4324 esse
3120 4259 3316 4323 fratris
3344 4261 3608 4344 disposi-

233 4352 552 4435 λογισμοὺς,
585 4354 842 4437 συνέρχου
874 4345 1038 4430 αὐτῷ,
1089 4352 1177 4410 καὶ
1219 4351 1298 4428 μὴ
1347 4349 1482 4430 ἀφῇς
1536 4348 1880 4429 ἀθεράπευτον

1971 4345 2252 4437 tioneset
2279 4345 2686 4426 cogitationes,
2742 4353 2818 4437 te,
2859 4348 2976 4430 ipsi
3033 4351 3443 4429 accommoda,
3496 4369 3611 4414 nec

235 4444 404 4500 αὺτὸν
433 4443 706 4506 ἀπελθεῖν.

323 4521 466 4613 ρμζ’.
525 4531 850 4594 Ἀσθενοῦντι
906 4533 961 4591 δὲ
1015 4531 1246 4614 ἀδελφῷ,
1299 4530 1343 4587 εἰ
1398 4526 1574 4608 συμϐῇ
1639 4551 1744 4604 σοι,
1806 4528 1885 4604 μὴ

232 4620 625 4699 ἐπισκέψασθαι
674 4625 836 4706 μέχρι
879 4622 1098 4700 πολλοῦ,
1156 4620 1238 4678 δεῖ
1295 4619 1377 4676 σοί
1429 4641 1480 4675 τι
1535 4630 1888 4698 προαποστεῖ·

231 4709 360 4786 λαι,
394 4708 568 4780 δηλῶν
613 4715 701 4772 καὶ
749 4705 929 4789 τοῦτο,
990 4710 1094 4775 ὅτι,
1152 4710 1456 4784 Πίστευσον,
1519 4709 1691 4787 Πάτερ
1743 4705 1885 4786 ἅγιε,

233 4800 477 4880 σήμερον
530 4801 722 4880 ἔμαθον
777 4805 893 4883 περὶ
945 4807 1044 4870 τῆς
1101 4800 1276 4876 νόσου,
1331 4799 1419 4856 καὶ
1474 4799 1716 4873 αἰτοῦμαι
1768 4819 1890 4875 συγ-

237 4890 517 4970 χώρησιν.
562 4889 681 4950 Εἶθ’
726 4892 890 4957 οὕτως
945 4890 1185 4949 ἀπελθὼν
1241 4887 1524 4964 μετάνοιαν
1572 4907 1644 4942 τε.
1685 4884 1884 4962 βαλὼν,

238 4979 338 5036 καὶ
368 4981 534 5061 εὐχῆς
560 4982 875 5063 γενομένης,
923 4979 1087 5046 οὕτως
1137 4978 1251 5036 εἷπε
1305 4977 1446 5051 αὐτῷ
1477 4991 1492 5008 ⁸
1551 4981 1671 5063 Πῶς
1701 4977 1730 5032 6
1760 4975 1888 5039 Θεὸς

247 5065 511 5139 ἐϐοήθησέ
554 5092 658 5148 σοι,
716 5062 886 5152 Πάτερ
940 5071 1106 5151 ἅγιε,
1149 5069 1238 5125 καὶ
1285 5066 1548 5129 καθεσθεὶς
1592 5062 1888 5140 δεδεμέναις

235 5171 372 5221 ταῖς
401 5161 576 5240 χερσὶ,
627 5160 825 5221 σιώπα.
869 5161 930 5219 Εἰ
971 5159 1026 5217 δὲ
1086 5159 1174 5217 καὶ
1241 5154 1390 5214 ἄλλοι
1446 5155 1544 5211 εἶσὶ
1600 5154 1891 5233 παραγενό-

1965 4433 2098 4498 sine
2128 4435 2296 4497 illum
2327 4454 2447 4498 non
2475 4445 2742 4498 sanatum
2771 4436 2960 4500 abire.

2051 4524 2189 4588 147.
2220 4522 2548 4602 ιέΕετοιεωιί
2565 4525 2757 4602 fratri,
2779 4527 2830 4588 si
2849 4526 3208 4608 forteipsum
3230 4529 3471 4608 jamdiu
3491 4546 3614 4591 non

1968 4611 2320 4690 visitaveris,
2356 4613 2579 4694 aliquid
2611 4615 2970 4696 praemittere
3007 4615 3216 4694 debes,
3265 4618 3379 4683 hoc
3406 4617 3612 4680 decla-

1966 4722 2107 4767 rans
2137 4723 2151 4768 :
2188 4729 2216 4761 α
2241 4704 2454 4780 Crede,
2476 4704 2656 4768 frater
2677 4714 2906 4784 sancte,
2929 4709 3111 4771 hodie
3136 4709 3403 4792 comperi
3421 4709 3497 4772 de
3513 4716 3612 4772 tuo

1971 4793 2204 4875 morbo,
2238 4800 2298 4855 et
2327 4812 2506 4875 posco
2540 4794 2795 4857 veniam.
2824 4821 2853 4854 ι
2875 4796 3106 4860 Deinde
3127 4799 3446 4880 profectus,
3476 4815 3613 4859 cum

1967 4884 2304 4948 reverentia
2334 4885 2484 4948 facta
2513 4887 2824 4970 ioratione,
2881 4887 2979 4951 dic
3035 4889 3170 4952 illi:
3241 4912 3266 4948 ι
3304 4888 3614 4963 Quomodo

1973 4977 2134 5037 Deus
2155 4973 2264 5037 tibi
2291 4974 2603 5038 auxiliatus
2624 4985 2734 5055 est,
2759 4977 2941 5040 frater
2959 4987 3165 5042 sancte
3183 4977 3215 5039 ?
3251 5003 3275 5036 ι
3311 4987 3371 5041 et
3396 4975 3618 5042 Sedens

1969 5063 2196 5144 junctis
2223 5062 2498 5127 manibus
2519 5065 2712 5127 sileto.
2743 5065 2805 5130 Si
2835 5066 2935 5129 alii
2951 5067 3073 5132 sint
3107 5067 3440 5131 assidentes
3467 5065 3614 5128 visi-

1978 5152 2215 5216 tationis
2234 5171 2432 5229 causa,
2459 5171 2598 5216 cave
2620 5173 2696 5217 ne
2713 5155 2856 5237 quid
2880 5155 3140 5238 loquaris
3159 5158 3280 5219 sive
3299 5155 3376 5219 de
3404 5153 3621 5218 litteris

245 5269 427 5325 μενοι,
460 5248 789 5326 ἐπισκέψεως
837 5250 1020 5331 χάριν,
1080 5247 1313 5328 πρόσεχε
1369 5245 1448 5322 μὴ
1501 5241 1880 5322 προσομιλῆσαι

1975 5240 2098 5331 sive
2129 5241 2205 5304 de
2259 5241 2528 5331 scientiis
2585 5242 2974 5320 naturalibus,
3035 5244 3361 5326 praesertim
3418 5244 3469 5306 si
3497 5261 3619 5305 non

239 5358 323 5413 τι,
357 5335 394 5406 ἢ
423 5340 702 5419 γραφικὸν,
743 5339 780 5407 ἢ
811 5338 1174 5420 γυσιολογικόν
1207 5356 1220 5369 ⁶
1255 5334 1484 5413 μάλιστα
1515 5333 1592 5410 μὴ
1618 5332 1894 5411 ἐρωτώμε-

238 5446 335 5490 νος
369 5441 386 5508 f
417 5425 510 5484 ἵνα
539 5428 617 5503 μὴ
647 5426 862 5508 ὕστερον
889 5425 1097 5495 θλιϐἦς.
1129 5433 1292 5485 Τοῦτο
1317 5427 1418 5504 γὰρ
1445 5423 1530 5481 ἐπὶ
1552 5423 1613 5480 τὸ
1640 5419 1893 5480 πλεῖστον

233 5506 516 5593 συμϐαίνει
542 5529 660 5584 τοῖς
690 5506 1060 5596 ἁπλουστέροις
1087 5521 1195 5573 τῶν
1223 5512 1483 5596 ἀδελφῶν.

275 5675 286 5692 ,-
327 5621 398 5674 49
435 5621 592 5690 Psal.
624 5640 834 5706 ωτι,
863 5623 966 5692 23.
1049 5624 1114 5678 50
1138 5625 1310 5688 Joan.
1340 5639 1440 5702 xv,
1471 5624 1532 5687 5.

569 5735 822 5803 PATROL.
856 5735 966 5804 Gn.
998 5733 1164 5804 CXX.

1977 5329 2385 5411 interrogeris.
2425 5329 2513 5392 Ne
2543 5332 2785 5395 tandem
2818 5333 2924 5395 ﬁas
2951 5332 3236 5396 molestus
3269 5353 3284 5394 :
3315 5333 3431 5396 hoc
3459 5332 3621 5396 enim

1975 5419 2329 5502 plerumque
2357 5419 2573 5484 accidit
2599 5420 3065 5504 simplicioribus
3094 5421 3396 5486 fratribus.
