4054 6114
3713 271 3835 340 684

451 267 572 337 683
1756 269 2062 338 SYMEON
2073 270 2140 336 IS
2178 271 2533 341 JUNIORIS

534 401 674 467 148.
707 404 856 466 Cum
889 403 1001 484 piis
1030 403 1313 467 fratribus
1344 404 1396 466 si
1443 405 1745 484 contingat
1795 403 1900 467 tibi
1937 424 2095 486 pran-

2182 464 2188 474 ,
2271 397 2424 488 ρμη’.
2467 406 2597 465 Μετ’
2654 407 2888 466 εὐλαϐων
2926 407 3163 491 ἀδελφῶν
3218 411 3264 466 εί
3304 406 3478 487 συμϐῃ
3509 409 3836 478 ἐστιαθῆναι,

451 489 617 579 dere,
649 491 724 554 de
745 491 1023 554 omnibus
1047 491 1568 555 indiscrimiuatim
1602 501 1833 576 oportet
1856 503 1911 555 te
1935 514 2095 557 man-

2185 504 2292 554 τῶν
2321 549 2332 556 .
2360 497 2719 576 προκειμένων
2787 489 3095 578 ἆδιακρίτως
3180 501 3291 579 χρή
3367 521 3426 555 σε
3481 493 3833 575 μεταλαμϐά-

450 578 692 658 ducare,
721 600 1090 662 quaecunque
1122 586 1262 643 sint.
1296 581 1359 645 Si
1388 582 1520 664 quis
1575 583 1874 663 prohibuit
1903 603 1978 645 ne
2008 585 2095 664 pi-

2185 585 2394 661 νειν,εἵ
2427 610 2475 642 τι
2505 585 2549 642 δ’
2605 587 2667 642 ἂν
2717 588 2869 646 ὦσιν.
2931 586 3056 646 Ἐὰν
3111 578 3444 660 δέγέντολήν
3500 610 3641 651 τινος
3670 585 3831 666 ἔχῃς,

449 686 614 732 scem
677 680 780 734 aut
835 671 1068 752 quidvis
1123 671 1284 732 aliud
1340 671 1717 751 comederes,
1771 671 1874 733 tibi
1902 680 2100 733 autem

449 757 576 821 haec
597 759 944 836 offerantur,
978 768 1140 836 tunc,
1168 761 1219 822 si
1242 760 1350 823 sub
1377 780 1554 823 manu
1594 760 1815 823 habeas
1840 779 1974 822 eum
2000 760 2099 841 qui

448 849 778 928 prohibuit,
804 858 938 932 pete
959 850 1032 912 ab
1055 850 1184 931 ipso
1200 850 1433 912 veniam
1448 852 1522 912 de
1539 850 1657 911 illis
1673 849 2095 920 comedendis;

448 936 499 998 si
531 957 669 1001 vero
701 939 876 1021 absit,
911 948 1010 1001 aut
1038 938 1190 1002 scias
1248 957 1384 1001 eum
1439 941 1552 1002 hoc
1584 938 1689 1000 tibi
1720 957 1838 1000 non
1870 938 2098 999 condo-

449 1042 618 1103 nare,
644 1027 777 1090 illos
793 1036 989 1091 autem
1015 1027 1417 1090 scandalizare
1435 1028 1610 1100 nolis,
1633 1033 1766 1106 post
1785 1025 2098 1106 prandium

443 1133 572 1177 rem
597 1115 651 1178 ei
674 1118 1249 1198 expone,postulans
1272 1116 1526 1190 veniam,
1549 1115 1715 1189 Quod
1748 1118 1796 1177 si
1821 1122 2098 1176 neutrum

445 1205 592 1279 velis
622 1205 836 1268 melius
868 1205 974 1267 tibi
1007 1217 1101 1270 est
1157 1206 1292 1268 illos
1339 1225 1455 1268 non
1514 1205 1681 1267 adire
1714 1222 1730 1282 ;
1787 1203 1904 1267 duo
1939 1203 2098 1264 enim

443 1290 811 1358 lucraberis:
841 1294 1070 1358 scilicet
1093 1294 1287 1357 inanis
1311 1294 1514 1374 gloriae
1531 1293 1859 1356 daemonem
1886 1290 2096 1370 fugies,

444 1381 700 1464 illosque
727 1403 761 1445 a
792 1383 1070 1446 scaudalo
1103 1393 1161 1445 et
1194 1383 1464 1445 molestia
1522 1381 1828 1444 liberabis.
1867 1379 1929 1443 Si
1963 1379 2097 1458 pin-

445 1470 683 1550 guiores
711 1474 833 1534 sint
861 1473 1003 1549 cibi,
1038 1491 1206 1535 serva
1261 1471 1543 1551 Regulam
1577 1493 1594 1550 ;
1657 1471 1870 1533 melius
1901 1477 1990 1531 est
2019 1476 2100 1529 ta-

447 1579 585 1622 men
619 1561 796 1624 etiam
856 1561 932 1624 de
988 1562 1082 1624 his
1140 1561 1415 1624 omnibus
1475 1561 1778 1644 paululum
1831 1577 2092 1621 sumere.

443 1647 675 1712 Pariter
704 1671 837 1713 cum
897 1651 1118 1714 alicubi
1179 1652 1459 1714 invitatus
1514 1652 1719 1721 fueris,
1748 1651 1916 1730 juxta
1945 1649 2097 1728 Apo-

444 1738 584 1800 stoli
617 1749 1004 1822 praeceptum,
1040 1740 1116 1803 de
1144 1740 1426 1802 omnibus
1467 1739 1572 1802 tibi
1603 1739 1817 1801 oblatis
1846 1736 2095 1800 comede

443 1826 576 1890 sine
606 1828 728 1892 ullo
758 1829 1108 1892 discrimine
1139 1837 1386 1912 propter
1415 1827 1864 1892 conscientiam.

525 2023 660 2088 149.
698 2023 781 2099 Si,
824 2033 884 2088 te
914 2035 1235 2110 peragente
1267 2027 1329 2089 in
1365 2034 1463 2089 tua
1489 2024 1712 2088 cellula
1739 2023 2095 2097 orationem,

450 2113 648 2195 pulset
674 2116 890 2198 aliquis
911 2118 1178 2199 januam,
1214 2118 1270 2180 ei
1320 2116 1512 2198 aperi.
1557 2116 1635 2178 Et
1662 2115 1878 2177 sedens
1909 2113 2098 2175 collo-

447 2220 632 2284 quere
663 2203 994 2284 humiliter,
1028 2207 1079 2268 si
1135 2206 1277 2288 quid
1312 2204 1417 2268 tibi
1449 2211 1739 2287 proponat
1767 2203 1841 2265 ad
1873 2201 2098 2264 utilita-

448 2295 570 2353 tem
601 2293 987 2371 conducens;
1014 2296 1138 2358 etsi
1161 2312 1278 2377 qua
1298 2293 1570 2356 molestia
1599 2301 1892 2372 gravetur,
1929 2290 2099 2351 stude

443 2378 748 2443 verbovel
779 2401 961 2464 opere
1019 2383 1188 2446 illum
1249 2401 1485 2446 sanare.
1544 2380 1629 2444 Eo
1687 2388 1890 2443 autem
1922 2397 2094 2441 rece-

445 2468 648 2548 dente,
683 2478 744 2534 tu
768 2473 954 2553 jauua
981 2473 1181 2536 clausa
1209 2482 1574 2554 resumptam
1627 2470 1955 2532 orationem
1986 2467 2096 2528 ab-

446 2557 610 2620 solve
638 2576 652 2622 :
689 2578 826 2623 nam
857 2562 1150 2644 aequanda
1180 2569 1269 2625 est
1297 2558 1773 2624 reconciliationi
1821 2575 1964 2620 cura
1993 2557 2098 2618 ad-

447 2647 716 2710 euntium
749 2649 900 2732 (22).
935 2649 1021 2714 De
1077 2651 1460 2714 saecularibus
1515 2667 1654 2711 vero
1685 2649 2096 2710 consulentem

445 2752 567 2883 :10!)
592 2735 674 2799 ita
699 2738 934 2822 excipe,
966 2739 1074 2803 sed
1106 2739 1345 2802 nonnisi
1399 2737 1676 2801 absoluta
1705 2734 1973 2798 oratione
2001 2733 2094 2795 al—

471 2841 716 2883 cauere.

471 2841 716 2906 oquere.

534 3037 668 3100 150.
689 3036 841 3100 Dum
862 3056 1018 3115 oras,
1038 3038 1086 3102 si
1111 3038 1244 3117 quis
1277 3046 1492 3112 terror,
1538 3042 1638 3098 aut
1658 3032 1966 3116 strepitus,
1998 3040 2100 3094 aut

449 3121 642 3202 fulgor
696 3127 865 3206 quasi
919 3127 1189 3209 luminis,
1250 3133 1350 3189 aut
1399 3124 1723 3207 quidquam
1775 3122 1935 3184 aliud
1991 3139 2098 3182 su-

449 3215 807 3293 pervenerit,
835 3223 898 3278 tu
925 3234 1002 3278 ne
1026 3215 1308 3296 turberis,
1329 3214 1433 3276 sed
1463 3213 1731 3276 tenacius
1752 3209 2099 3292 inforatioue
2118 3221 2157 3271 C

449 3318 793 3382 persevera:
819 3323 956 3366 nam
983 3323 1018 3366 a
1031 3303 1402 3367 daemonibus
1423 3301 1740 3364 suscitatur
1754 3300 2097 3377 commotio,

450 3406 512 3451 et
539 3390 834 3469 fremitus,
867 3401 926 3455 et
956 3392 1290 3469 distractio,
1323 3399 1390 3455 ut
1419 3391 1621 3454 animo
1653 3389 1943 3452 deﬁciens
1966 3407 2096 3452 ora-

447 3477 670 3542 tionem
699 3481 960 3558 omittas,
1013 3489 1073 3544 et
1127 3483 1243 3544 hoc
1294 3480 1581 3562 deinceps
1631 3478 1694 3541 in
1725 3478 2100 3541 consuetudi-

449 3586 588 3630 nem
617 3569 995 3647 deveniente,
1028 3570 1322 3652 captivum
1355 3584 1414 3633 te
1443 3569 1552 3632 sub
1605 3587 1782 3632 manu
1813 3567 2092 3630 habeant.

450 3655 512 3721 Si
543 3677 681 3722 vero
725 3659 834 3722 tibi
890 3661 1220 3724 orationem
1279 3659 1585 3742 peragenti
1639 3659 1798 3720 aliud
1823 3658 2098 3737 aﬂ‘ulgeat

447 3746 652 3810 lumen
681 3748 757 3811 de
785 3767 902 3830 quo
933 3749 1097 3830 loqui
1125 3768 1244 3811 non
1297 3749 1485 3830 valeo,
1517 3747 1738 3830 tibique
1771 3747 1871 3808 fiat
1899 3747 2097 3810 anima

449 3836 662 3917 gaudio
682 3837 1004 3914 exsultans,
1025 3846 1085 3900 et
1111 3837 1494 3921 perfectionis
1514 3835 1902 3911 desiderium,
1931 3845 1988 3898 et
2003 3835 2094 3898 la-

446 3943 778 4007 crymarum
811 3927 1022 3989 effusio
1054 3946 1188 3990 cum
1220 3924 1700 4008 compunctione,
1734 3924 2094 4005 hicagnosce

449 4014 559 4078 Dei
581 4015 977 4079 visitationem
1003 4024 1060 4079 et
1087 4017 1396 4078 auxilium:
1435 4021 1494 4077 et
1524 4014 1575 4076 si
1606 4014 1708 4075 diu
1744 4032 2092 4094 persevera-

445 4103 617 4184 verit,
648 4109 707 4165 te
727 4103 1120 4168 nihilominus
1148 4104 1396 4167 humilia
1427 4121 1498 4165 eo
1527 4101 1686 4184 quod
1717 4102 1866 4164 nihil
1898 4103 2094 4183 perfe-

451 4190 606 4252 ceris
629 4208 696 4252 ex
716 4192 828 4254 hac
858 4193 1246 4275 lacrymarum
1281 4191 1692 4266 continuitate,
1727 4191 1883 4272 quod
1914 4209 2090 4252 men-

449 4287 567 4340 tem
600 4287 759 4341 tuam
791 4279 865 4342 ad
894 4282 1116 4363 aliquid
1167 4281 1406 4344 carnale
1455 4279 1766 4341 ducturum
1798 4287 1906 4342 est.
1940 4278 2092 4343 Ora-

449 4455 734 4519 midinem
761 4475 778 4532 ;
805 4459 932 4540 sed,
958 4459 1110 4522 sicut
1132 4478 1278 4541 puer
1307 4459 1661 4540 quibusdam
1699 4457 1895 4519 lamiis
1917 4458 2096 4520 terri-

447 4551 542 4606 tus
571 4544 633 4606 in
661 4544 831 4606 ulnas
860 4547 1066 4610 matris
1125 4549 1384 4631 patrisve
1430 4546 1787 4628 aufugiendo
1816 4547 1963 4608 tales
1989 4565 2090 4610 re-

447 4641 641 4697 movet
674 4641 952 4711 terrores,
985 4635 1070 4699 sic
1101 4626 1160 4700 e't
1189 4645 1250 4699 tu
1281 4655 1389 4718 per
1441 4626 1772 4698 orationem
1800 4634 1874 4698 ad
1903 4635 2092 4698 Deum
2113 4626 2158 4679 D

445 4740 696 4787 currens
725 4721 1067 4803 hujusmodi
1097 4726 1374 4790 timorem
1403 4724 1615 4806 fugies.

529 4932 635 4994 151
654 4983 669 4999 .
689 4931 753 4996 Si
777 4939 834 4995 te
852 4932 916 4996 in
931 4933 1082 4997 cella
1100 4935 1408 4998 sedentem
1421 4933 1640 5015 aliquid
1653 4933 1834 4997 frater
1844 4934 2091 4999 veniens

445 5019 778 5102 interroget
807 5021 967 5086 circa
997 5042 1252 5106 pugnam
1289 5024 1614 5105 carnalem,
1662 5042 1737 5086 ne
1786 5023 1953 5086 illum
1983 5043 2086 5088 re-

447 5111 656 5193 pellas,
686 5111 790 5174 sed
847 5132 981 5176 cum
1033 5113 1496 5198 compunctione
1550 5131 1682 5195 quae
1740 5111 1847 5175 tibi
1905 5114 2092 5192 gratia

442 5209 719 5283 suggeret
748 5209 806 5264 et
835 5221 967 5284 qua;
997 5222 1067 5268 ex
1097 5213 1196 5268 tua
1246 5202 1614 5287 experientia
1651 5201 1932 5280 didicisti,
1965 5204 2091 5267 haec

438 5289 529 5354 illi
557 5291 634 5354 ad
665 5290 851 5374 ipsius
903 5293 1217 5357 utilitatem
1276 5291 1654 5356 communica
1716 5308 1973 5371 eumque
2002 5291 2090 5356 sic

441 5379 653 5445 libera.
686 5380 1109 5462 Egredientem
1155 5389 1354 5447 autem
1406 5385 1756 5444 reverenter
1801 5378 2086 5461 salutans,

2182 673 2218 743 ἢ
2250 676 2432 755 ἰχθύος
2463 679 2498 744 ἢ
2529 676 2706 755 ἐτέρου
2736 676 2853 733 ο’ῗου
2910 677 2986 753 μὴ
3045 676 3394 754 μεταλαϐεῖν,
3438 679 3536 734 εἶσὶ
3583 675 3637 733 δὲ
3664 697 3835 754 παρα-

2181 765 2445 840 τιθέμενα,
2482 767 2524 821 εἰ
2552 768 2850 846 προχείρως
2909 767 2944 842 ᾗ
2994 769 3022 822 ὁ
3083 767 3183 834 τὴν
3238 767 3456 835 ἐντολὴν
3490 765 3628 840 δοὺς,
3660 764 3833 822 ἀπελ-

2181 853 2283 910 θὼν
2353 867 2544 910 πεῖσον
2630 856 2785 911 αύτὸν
2863 856 3211 935 συγχωρῆσαί
3285 878 3367 912 σοι
3440 865 3533 915 τοῦ
3603 853 3835 931 μεταλα-

2181 937 2319 1000 ϐεῖν.
2368 944 2427 998 Εἰ
2474 940 2528 998 δὲ
2586 945 2644 1000 οὗ
2695 943 2967 1023 πάρεστιν,
3029 945 3064 1012 ἢ
3117 946 3206 1002 καὶ
3259 946 3538 1024 γινώσκεις
3585 945 3664 1020 μὴ
3697 965 3832 1021 συγ-

2183 1044 2388 1110 χωρεῖν
2446 1055 2553 1106 σοι,
2614 1035 2701 1088 καὶ
2755 1032 2914 1089 πᾶλιν
2972 1035 3155 1097 αὐτοὺς
3211 1035 3270 1092 οὗ
3317 1033 3492 1110 βούλει
3548 1031 3832 1090 σκανδαλί-

2182 1142 2292 1192 σαι,
2325 1121 2459 1196 μετὰ
2513 1122 2610 1188 τὴν
2667 1121 2919 1198 ἑστίασιν,
2987 1122 3177 1181 ἀνάθοο
3233 1125 3374 1198 αῦτῷ
3414 1123 3482 1179 τὰ
3534 1127 3633 1190 τῆς
3689 1121 3832 1200 πρά-

2182 1207 2333 1280 ξεως,
2395 1212 2552 1265 αἰτῶν
2610 1211 2970 1290 συγχώρησιν.
3050 1214 3106 1270 Εἰ
3162 1210 3215 1268 δὲ
3273 1213 3333 1269 ἐκ
3383 1214 3581 1269 τούτων
3624 1210 3832 1268 οὐδέτε-

2182 1318 2270 1376 ρον
2297 1296 2494 1377 βούλει,
2539 1299 2781 1376 κρεῖττόν
2840 1301 2921 1355 σοὶ
2977 1300 3055 1375 μὴ
3109 1299 3359 1357 ἀπελθεῖν
3414 1302 3545 1379 πρὸς
3595 1300 3777 1362 αὐτούς
3811 1318 3826 1331 ·

2181 1382 2286 1440 δύω
2314 1386 2413 1465 γὰρ
2467 1383 2761 1464 κερδανεῖς,
2811 1389 2899 1443 καὶ
2954 1391 3044 1444 τὸν
3101 1394 3201 1456 τῆς
3259 1387 3552 1454 κενοδοξίας
3608 1386 3831 1462 δαίμονα

2180 1473 2427 1554 ἐκφεύξῃ,
2499 1476 2585 1530 καὶ
2642 1476 2827 1540 αὖτοὺς
2874 1475 3166 1534 σκανδάλου
3219 1479 3307 1535 καὶ
3361 1476 3589 1552 θλίψεως
3644 1474 3828 1532 ἀπαλ-

2178 1562 2363 1640 λάξῃς.
2415 1565 2472 1620 Εἰ
2522 1561 2576 1618 δὲ
2632 1570 2739 1619 τῶν
2792 1566 3107 1645 παχυτέρων
3166 1568 3287 1640 εἶσὶ,
3348 1563 3576 1647 φύλαξον
3617 1567 3709 1621 τὸν
3737 1586 3833 1620 κα·

2179 1653 2326 1712 νόνα.
2361 1663 2616 1731 Κρεϊσσον
2648 1651 2702 1708 δὲ
2732 1655 2819 1720 καὶ
2865 1654 2947 1710 ἐπὶ
2982 1656 3150 1711 αὐτῶν
3182 1655 3240 1712 ἐκ
3281 1656 3494 1712 πάντων
3522 1657 3708 1734 μικρὸν
3735 1675 3835 1730 μεο

2177 1738 2456 1800 ταλαϐεῖν.
2491 1733 2716 1817 (Ομοίως
2746 1745 2834 1800 καὶ
2863 1742 2947 1800 ἐπὶ
2977 1744 3364 1823 παρακλήσεώς
3393 1767 3560 1820 τινος,
3583 1733 3721 1802 κατὰ
3738 1746 3832 1801 τὸν

2181 1827 2504 1887 Ἀπόστολον
2550 1834 2929 1905 νομοθετοῦντα
2956 1839 3059 1888 πᾶν
3088 1835 3148 1890 τὸ
3179 1834 3589 1914 παρατιθέμενον
3619 1833 3832 1914 ἐσθίειν,

2116 1941 2156 1991 Β
2180 1917 2358 1994 μηδὴν
2379 1918 2754 1997 ἀνακρίνοντας
2785 1918 2868 1976 διὰ
2895 1922 2992 1988 τὴν
3022 1920 3336 1990 συνείδησιν,

2264 1996 2407 2086 ρμθ’,
2468 1996 2591 2065 Ἐὰν
2647 2009 2924 2074 ποιοῦντός
2978 2032 3069 2067 σου
3120 2012 3176 2067 ἐν
3217 2019 3296 2086 τῷ
3348 2009 3544 2086 κελλίῳ
3583 2033 3676 2068 σου
3728 2011 3832 2078 τὴν

2183 2097 2374 2176 εὐχὴν,
2432 2097 2628 2175 κρούσῃ
2683 2119 2769 2153 τισ
2824 2099 2922 2166 τὴν
2995 2100 3173 2178 θύραν,
3233 2099 3432 2166 ἄνοιξον
3501 2102 3666 2176 αὐτῷ.
3731 2100 3832 2158 Καὶ

2181 2186 2446 2248 καθεσθεὶς
2499 2184 2756 2260 ὁμίλησον
2815 2187 2948 2262 μετὰ
3001 2188 3396 2265 ταπεινώσεως,
3453 2187 3508 2246 εἴ
3558 2211 3608 2245 τι
3666 2186 3711 2245 δ’
3763 2188 3830 2246 ἂν

2181 2271 2457 2351 προϐάλλῃ
2512 2280 2618 2330 τῶν
2676 2276 3045 2334 συντεινόντων
3103 2279 3176 2342 εἰς
3231 2277 3490 2358 ὠφέλειαν
3523 2293 3538 2307 ⁶
3614 2279 3703 2334 καὶ
3783 2280 3831 2335 εἱ

2179 2364 2282 2418 ὑπὸ
2310 2361 2538 2437 θλίψεώς
2568 2359 2679 2418 ἐστι
2735 2360 3116 2442 βεϐαρημένος,
3175 2364 3463 2424 σποῶασον
3520 2365 3558 2434 ἢ
3601 2365 3655 2422 ἐν
3683 2365 3832 2445 λόγῳ

2179 2451 2215 2518 ἢ
2269 2450 2323 2506 ἐν
2354 2449 2490 2530 ἔργῳ
2535 2455 2845 2528 θεραπεῦσαι
2902 2453 3081 2516 αὐτόν,
3143 2455 3240 2512 Καὶ
3294 2453 3455 2512 πάλιν
3513 2455 3668 2512 αὐτοῦ
3695 2455 3829 2514 ἀνα-

2179 2547 2503 2619 χωροῦντος,
2595 2537 2835 2613 κλείσας,
2915 2539 3377 2618 ἐπαναλαϐόμενος
3476 2545 3576 2612 τὴν
3658 2545 3830 2625 εὐχὴν

2178 2627 2430 2687 ἐπιτέλει.
2487 2628 2587 2685 Καὶ
2644 2629 2744 2706 γὰρ
2794 2630 2988 2704 ὁμοίως
3044 2636 3142 2698 τῆς
3197 2631 3542 2711 καταλλαγῆς
3601 2635 3832 2714 ὑπάρχει

2177 2718 2266 2774 καὶ
2293 2718 2327 2785 ἡ
2379 2717 2626 2795 θεραπεία
2678 2723 2783 2773 τῶν
2839 2719 3187 2796 προσιόντων.
3248 2722 3357 2778 Οόκ
3411 2721 3500 2779 ἐπὶ
3551 2723 3824 2800 κοσμικῶν

2179 2803 2234 2861 δὲ
2276 2805 2442 2869 οὕτως
2499 2803 2582 2860 δεῖ
2623 2819 2797 2862 ποιεῖν
2829 2822 2845 2838 ·
2905 2805 3042 2863 ἀλλὰ
3090 2806 3423 2887 πληροῦντας
3499 2811 3600 2880 τὴν
3654 2811 3825 2894 εῦχὴν

2180 2893 2344 2959 οὕτως
2374 2897 2516 2968 αὐτῷ
2547 2892 2780 2970 ὁμιλεῖν,

2261 3065 2361 3156 ρν’.
2413 3077 2739 3160 Ἐῦχομένου
2787 3077 2842 3136 δέ
2899 3102 3014 3161 σου,
3074 3081 3120 3138 εί
3173 3079 3332 3138 δειλία
3382 3103 3463 3146 τις
3517 3081 3554 3151 ἢ
3600 3081 3827 3150 κτύπος,

2181 3163 2218 3233 ἢ
2280 3167 2354 3231 ὡς
2439 3175 2550 3248 φῶς
2636 3165 2940 3248 επιλάμψῃ,
3017 3169 3054 3238 ἢ
3135 3168 3262 3227 ἄλλο
3332 3192 3383 3227 τι
3460 3169 3708 3250 γένηται,
3766 3173 3835 3229 σὺ

2185 3254 2263 3329 μὴ
2317 3258 2567 3334 θροηθῇς,
2649 3255 2786 3313 ἀλλὰ
2867 3255 3070 3333 μᾶλλον
3124 3256 3479 3339 ἐκτενέστερον
3533 3265 3607 3338 τῇ
3659 3281 3832 3340 προσ·-

2183 3350 2322 3423 ευχῇ
2429 3345 2752 3426 καρτέρησον
2787 3365 2802 3380 ⁶
2907 3347 3120 3427 ταραχὴ
3215 3349 3315 3429 γὰρ
3412 3350 3615 3430 γίνεται
3711 3347 3837 3408 δαι-

2181 3433 2404 3509 μονικὴ,
2461 3436 2548 3492 καὶ
2606 3436 2788 3515 φρίκη,
2848 3436 2936 3493 καὶ
3006 3433 3274 3512 ἔκστασις,
3333 3435 3482 3504 ὅπως
3541 3439 3833 3520 χαυνωθεὶς

2177 3521 2277 3588 τὴν
2307 3523 2474 3602 εὐχὴν
2504 3522 2665 3600 ἐάσῃς
2699 3539 2716 3557 ⁸
2764 3525 2851 3581 καὶ
2901 3522 3087 3582 λοιπὸν
3143 3525 3198 3583 ἐν
3255 3523 3356 3592 ἕξει
3385 3527 3573 3585 τούτου
3599 3527 3833 3608 γενομέ-

2176 3631 2278 3682 νου,
2319 3611 2622 3691 ὑποχείριόν
2680 3634 2738 3669 σε
2792 3609 3014 3670 λάϐωσι.
3079 3616 3137 3672 Εἰ
3191 3612 3245 3671 δὲ
3302 3615 3402 3684 τὴν
3461 3617 3630 3697 εὐχὴν
3677 3616 3834 3674 ἐκτε-

2175 3697 2415 3774 λοῦντος,
2483 3700 2660 3780 ἕτερον
2729 3706 2840 3781 φῶς
2899 3700 3178 3781 ἐπιλάμψῃ
3239 3726 3344 3779 σοι,
3405 3703 3536 3785 ὅπερ
3594 3701 3836 3764 ἀδυνατῶ

2175 3788 2389 3868 φράσαι,
2441 3796 2612 3868 χαρᾶς
2669 3811 2726 3846 τε
2781 3789 2994 3871 πλήρης
3051 3793 3086 3860 ἡ
3141 3793 3294 3873 ψυχὴ
3349 3792 3595 3871 γένηται,
3648 3794 3835 3851 ἐπιθυ-

2177 3875 2272 3952 μία
2327 3898 2386 3934 τε
2431 3883 2537 3932 τῶν
2591 3879 2926 3957 κρειττόνων,
2969 3881 3058 3936 καὶ
3111 3877 3345 3961 δακρύων
3399 3881 3634 3961 ἐπίῤῥοια
3690 3883 3836 3959 μετὰ

2174 3965 2522 4048 κατανύξεως,
2580 3968 2804 4046 γίνωσκε
2859 3968 2998 4024 θείαν
3053 3968 3352 4039 ἐπισκοπὴν
3407 3971 3552 4028 εἶναι
3611 3973 3704 4029 καὶ
3728 3972 3834 4028 ἀν-

2173 4053 2389 4130 τίληψιν
2437 4062 2590 4113 τοῦτο
2619 4075 2633 4091 ⁸
2693 4058 2780 4113 καὶ
2837 4058 2882 4112 εἶ
2910 4057 3135 4136 ἐπιμένῃ
3165 4058 3326 4141 μέχρι
3357 4059 3582 4136 πολλοῦ,
3651 4059 3742 4117 διὰ
3767 4061 3837 4118 τὸ

2174 4145 2250 4218 μή
2281 4165 2331 4198 τι
2378 4142 2540 4200 πλέον
2584 4167 2665 4202 σοι
2715 4145 2952 4223 γενέσθαι
3002 4147 3066 4204 ἐκ
3113 4153 3213 4216 τῆς
3269 4155 3375 4205 τῶν
3429 4147 3664 4228 δακρύων
3697 4171 3832 4208 συν-

2175 4237 2340 4312 οχῆς,
2373 4233 2774 4313 αἰχμαλώτισον
2816 4237 2907 4291 τὸν
2935 4240 3054 4292 νοῦν
3103 4259 3196 4296 σου
3243 4236 3325 4302 εἴς
3358 4261 3408 4295 τι
3437 4244 3546 4296 τῶν
3576 4261 3833 4315 σωματι-

2218 4327 2283 4357 ἶῗη.
2338 4324 2423 4357 νηὶ
2457 4324 2510 4357 Ζ..
2537 4324 2704 4357 ..κω-..-ι
2746 4327 3111 4357 ---ι-...ηαλμ
3152 4343 3165 4357 ο
3223 4327 3322 4357 ..Συ
3355 4325 3406 4357 ὶὶ
3453 4329 3498 4357 ,Ρ

451 4322 567 4340 η...
603 4322 759 4341 κιαι..
791 4322 865 4342 αι.
894 4322 1116 4363 euq...“
1167 4322 1406 4344 ναιιιαω
1455 4322 1766 4341 “cum...
1798 4322 1906 4342 νο..
1942 4322 2092 4343 νη.-

449 4367 674 4430 tionem
703 4386 844 4430 vero
869 4387 1008 4433 cave
1029 4390 1105 4433 ne
1134 4371 1438 4452 relinquas
1455 4373 1529 4431 ob
1560 4368 1937 4431 inimicorum
1967 4371 2090 4430 for-

2182 4327 2306 4406 κῶν,
2338 4323 2426 4378 καὶ
2457 4322 2510 4378 ἐν
2537 4324 2705 4399 τούτῳ
2746 4327 3117 4405 ταπεινωθήσῃ
3152 4343 3165 4357 ⁸
3222 4327 3323 4395 τὴν
3355 4325 3409 4384 δὲ
3453 4329 3623 4408 εὒχὴν
3663 4329 3841 4408 πρόσ-

2182 4431 2270 4452 tu:
2332 4411 2407 4452 n-‘n
2469 4411 2521 4452 ἓν
2580 4419 2645 4452 η-Σιτι
2696 4419 2801 4452 η-οῖιυ
2856 4411 3062 4452 Lallme
3131 4413 3407 4452 ἒυηλξηλρε.
3469 4415 3797 4452 ..κυκλεῖ-1....

2176 4431 2271 4496 εχε
2331 4411 2410 4486 μὴ
2467 4411 2521 4468 ἐν
2580 4419 2648 4489 τῇ
2696 4419 2801 4468 τῶν
2855 4411 3062 4493 ἐχθρῶν
3131 4413 3412 4496 ἐκφοϐήσει
3469 4415 3833 4492 καταλεῖψαι,

2176 4494 2326 4554 Ἀλλ’
2375 4499 2552 4579 ὥσπερ
2593 4513 2724 4565 παῖς
2779 4501 2882 4557 ὑπό
2931 4524 3089 4560 τινων
3142 4494 3540 4584 μορμολυκείων
3591 4502 3838 4562 δεδιττό-

2176 4608 2332 4661 μενος
2375 4589 2478 4644 ὑπὸ
2524 4589 2618 4652 τὰς
2675 4588 2912 4667 ἀγκάλας
2969 4596 3068 4659 τῆς
3125 4595 3327 4672 μητρὸς
3385 4593 3422 4662 ἢ
3476 4599 3571 4651 τοῦ
3625 4594 3838 4674 πατρὸς

2173 4677 2542 4756 προσφεύγων,
2589 4680 2679 4734 τὸν
2733 4677 2932 4735 τούτων
2985 4678 3280 4740 ἀπωθεῖται
3336 4679 3519 4763 φόϐον,
3576 4680 3718 4740 οὕτω
3742 4685 3844 4742 καὶ

2172 4763 2234 4822 σὺ
2285 4763 2368 4820 διὰ
2421 4771 2516 4852 τᾶς
2576 4768 2770 4848 εὖχῆς,
2834 4770 2965 4848 πρὸς
3021 4771 3114 4827 τὸν
3172 4772 3303 4828 Θεὸν
3355 4769 3694 4852 ἀναῷαμὼν,
3740 4775 3841 4830 τὸν

2169 4852 2371 4936 τούτων
2407 4851 2566 4933 φόϐον
2596 4853 2873 4936 διαφεύξει.

2250 4931 2386 5031 ρνα’,
2421 4931 2548 5000 Ἕὰν
2589 4931 2938 5023 καθεζομένου
2997 4970 3090 5006 σου
3142 4947 3196 5006 ἐν
3251 4955 3332 5025 τῷ
3355 4947 3582 5025 κελλίῳ,
3601 4947 3838 5031 ἆᾶὶλφός

2167 5051 2248 5095 τις
2299 5029 2462 5090 ἐλθὼν
2519 5031 2774 5112 ἐρωτήσει
2823 5058 2906 5092 σοι
2963 5037 3081 5115 περὶ
3136 5045 3388 5117 σαρκικοῦ
3437 5037 3703 5115 πολέμου,
3748 5029 3836 5115 μὴ

2170 5118 2508 5208 ᾇποστρέψῃς
2564 5123 2656 5178 τὸν
2711 5131 2970 5201 τοιοῦτον,
3050 5124 3187 5184 ἀλλὰ
3266 5129 3404 5205 μετὰ
3471 5125 3838 5208 κατανύξεως,

2172 5205 2225 5273 ἐξ
2251 5211 2326 5264 ὧν
2355 5210 2390 5278 ἡ
2437 5216 2530 5266 τοῦ
2577 5218 2709 5270 Θεοῦ
2762 5214 2920 5294 χάρις
2981 5214 3374 5296 ἐπιχορηγήσει
3425 5239 3533 5290 σοι,
3590 5218 3680 5274 καὶ
3712 5217 3742 5275 ὃ
3773 5205 3844 5274 ἐκ

2170 5296 2715 5388 πράξεως-κέκτησαι,
2773 5302 3052 5384 ὠφέλησον
3105 5307 3287 5388 αὐτὸν,
3343 5308 3432 5364 καὶ
3485 5303 3654 5371 οὕτως
3679 5305 3837 5363 ἀπό-

2172 5383 2350 5445 λυσον.
2416 5385 2799 5469 Ἐξερχομένου
2850 5389 2931 5469 δὲ,
2988 5393 3166 5469 βαλὼν
3222 5383 3506 5471 μετάνοιαν
3562 5396 3692 5473 πρὸς
3724 5395 3840 5452 αδε-

524 5577 645 5674 (32)
685 5573 754 5638 Id
785 5574 1610 5674 est,_sicut_interrumpenda
1637 5581 1731 5639 est
1766 5573 1991 5674 oratio,
2024 5573 2274 5660 ipsaque
2313 5578 2516 5644 altaris
2561 5578 2808 5663 oblatio,
2853 5591 2932 5656 ut.
2970 5605 3106 5652 cum
3157 5587 3348 5662 fratre
3386 5586 3840 5673 recalcilleris,

445 5667 528 5732 ita
556 5667 737 5731 etiam
770 5677 836 5732 ut
861 5669 996 5758 ejus
1021 5671 1235 5734 salutis
1262 5690 1466 5737 curam
1496 5689 1691 5754 geras.
