4054 6114
487 267 604 335 687

1807 261 2190 328 SYMEONIS
2228 262 2579 332 JUNIORIS

3763 272 3875 342 688

483 405 695 468 intimo
725 401 1302 466 communicantem:
1361 422 1384 456 α
1420 399 1736 480 Nunquam
1769 395 2167 459 sacriﬁciuml

2228 404 2566 483 ὶαρρήσαντός
2627 432 2716 484 μοι
2772 413 2845 473 ὡς
2902 408 3184 490 προσ-φιλεῖ
3225 415 3403 484 αὒτοῦ,
3465 409 3545 467 ὅτι
3617 410 3876 470 Οιῦὃέποτε

486 494 696 567 obtuli,
757 491 902 573 quin
956 489 1206 553 viderim
1280 488 1571 570 Spiritum
1631 495 1929 557 sanctum,
1992 487 2146 548 sicut

485 583 682 665 ipsum
706 581 826 643 vidi
856 582 917 641 in
949 599 1046 642 me
1073 580 1565 651 descendentem,
1593 576 1833 656 quando
1851 593 2032 655 super
2051 593 2143 636 me

487 670 966 735 extendebantur
996 688 1227 746 manus,
1264 666 1772 746 sacerdotalisque
1820 683 2140 726 consecra-

487 759 669 825 tionis
696 759 1024 822 orationem
1058 758 1435 838 metropolita
1489 754 1798 828 recitabat,
1835 762 1892 816 et
1925 754 2143 814 eucho-

486 851 708 929 legium
744 849 961 911 misero
995 847 1170 928 capiti
1197 865 1329 908 meo
1353 843 1791 924 imponebatur.
1819 868 1845 898 »
1874 841 2140 903 Interro-

487 948 654 1018 gatus
686 937 862 1016 igitur
891 957 925 998 a
956 955 1052 998 me
1083 935 1380 1016 quomodo
1425 933 1594 995 illum
1640 940 1777 993 tunc
1809 930 2050 992 vidisset
2082 938 2140 991 et

487 1028 597 1090 sub
625 1046 741 1108 qua
768 1027 978 1106 forma,
1033 1023 1393 1106 reSpondit:
1448 1048 1475 1078 α
1526 1021 1792 1101 Simplex
1850 1027 1997 1100 erat,
2030 1038 2140 1080 nec

486 1117 676 1180 videri
706 1126 960 1198 poterat,
996 1115 1114 1176 nisi
1148 1122 1211 1175 ut
1240 1114 1339 1175 lux
1368 1137 1384 1185 ;
1421 1120 1480 1174 et
1508 1131 1644 1172 cum
1677 1109 1934 1191 primum
1967 1109 2142 1169 mira-

486 1225 610 1282 rer,
644 1206 852 1268 videns
913 1204 1071 1286 quod
1129 1221 1434 1284 nunquam
1491 1200 1781 1274 videram,
1816 1207 1875 1260 et
1904 1217 2138 1259 mecum

491 1298 814 1377 cogitarem
847 1296 1127 1376 quidnam
1162 1295 1274 1357 hoc
1305 1299 1484 1367 esset,
1527 1291 1674 1354 dixit
1703 1291 1803 1352 ille
1836 1289 1984 1351 mihi
2008 1308 2138 1368 my-

490 1385 661 1462 stice,
697 1385 865 1467 quasi
915 1385 1173 1464 linguam
1236 1382 1488 1445 sciens:
1547 1405 1573 1436 α
1633 1379 1755 1459 Ego
1814 1379 1901 1441 sic
1933 1397 2141 1438 omnes

491 1476 632 1538 olim
666 1474 990 1556 prophetas
1020 1481 1077 1535 et
1126 1472 1450 1555 apostolos,
1502 1478 1565 1532 et
1595 1488 1756 1531 nunc
1785 1467 1892 1531 Dei
1923 1467 2144 1528 electos

488 1565 838 1646 frequenter
890 1563 1108 1625 visite:
1171 1581 1303 1624 sum
1359 1561 1516 1623 enim
1587 1566 1823 1621 sanctus
1881 1556 2143 1638 Spiritus

490 1655 624 1718 Dei.
661 1675 692 1716 ›
727 1653 838 1717 Cui
865 1653 1052 1732 gloria
1081 1660 1140 1716 et
1166 1652 1351 1714 virtus
1380 1651 1442 1713 in
1468 1649 1705 1712 saecula.
1739 1648 1956 1710 Amen.

2225 491 2618 574 ἐλειτούργησα,
2656 498 2731 573 μὴ
2787 497 2906 556 ἰδὼν
2965 501 3024 554 τὸ
3085 506 3294 575 Πνεῦμα
3349 501 3409 555 τὸ
3466 499 3640 577 ἅγιον,
3703 503 3877 566 καθὼς

2227 585 2351 640 αὒτὸ
2380 583 2525 641 εἶδον
2553 585 2702 642 ἐλθὸν
2760 586 2843 643 ἐπ’
2893 587 3030 664 ἐμοὶ,
3093 587 3181 644 ὅτε
3241 609 3306 662 με
3365 585 3754 668 ἐχειροτόνονιν,
3788 593 3878 647 καὶ

2224 673 2323 740 τὴν
2379 673 2545 752 εὒχὴν
2602 683 2692 732 τοῦ
2745 677 2922 756 ἱερέως
2997 680 3025 733 ὁ
3093 675 3488 756 μητροπολίτης
3548 676 3722 756 ἔλεγε,
3782 687 3875 736 τοῦ

2226 760 2553 841 Εὖχολογίου
2582 764 2914 840 ἐπικειμένου
2944 771 3010 842 τῇ
3068 765 3216 837 ἆθλίᾳ
3273 789 3372 841 μου
3427 764 3658 846 κεφαλῇ.
3694 764 3873 846 Ἐρω-

2223 852 2398 917 τηθεὶς
2428 852 2515 908 οὖν
2573 852 2695 932 παρ’
2761 853 2888 929 ἐμοῦ
2936 862 3048 918 πῶς
3106 865 3258 913 τοῦτο
3317 852 3427 910 εἶδε
3485 854 3629 934 τότε,
3683 857 3773 912 καὶ
3817 857 3872 912 ἐν

2222 939 2371 996 ποίου
2414 939 2586 1005 εἴδους
2617 949 2812 1022 μορφῇ,
2850 943 3001 1000 εἶπεν
3037 959 3051 971 ”
3104 934 3327 999 ’.ἁπλοῦν
3367 943 3465 1018 μὲν
3497 945 3582 998 καὶ
3613 943 3872 1019 ἀνείδεον,

2222 1027 2363 1096 πλὴν
2408 1032 2480 1093 ὡς
2513 1037 2622 1110 φῶς
2658 1051 2673 1068 ⁶
2707 1033 2793 1088 καὶ
2822 1034 2895 1094 ὡς
2926 1032 3212 1108 ἐθαύμαζον
3241 1028 3360 1087 κατ’
3419 1031 3592 1112 ἀρχὰς
3651 1030 3799 1106 ἰδὼν,
3847 1034 3874 1088 ὃ

2223 1116 2468 1176 οὒδέποτε
2525 1119 2822 1195 ἐθεασάμην
2859 1137 2872 1150 ⁸
2931 1124 3019 1177 καὶ
3073 1122 3121 1176 τί
3184 1117 3243 1175 ἂν
3288 1119 3378 1184 εἴη
3431 1131 3582 1179 τοῦτο
3626 1118 3873 1200 διαλογι-

2222 1206 2442 1282 ζομένου
2474 1230 2595 1283 μου,
2653 1206 2802 1286 ἔλεγέ
2863 1232 2951 1284 μοι
3009 1208 3274 1283 μυστικῶς
3326 1208 3524 1288 ἐκεῖνο,
3583 1209 3765 1288 ὥσπερ
3821 1209 3873 1265 ἐν

2223 1296 2411 1374 γνώσει
2470 1303 2651 1378 φωνῆς
2687 1314 2700 1326 '
2769 1299 2911 1376 Ἐγὼ
2981 1298 3117 1355 οὕτω
3173 1305 3331 1354 πᾶσιν
3399 1300 3727 1378 *προφήταις³
3787 1300 3876 1354 καὶ

2224 1385 2562 1466 ἀποστόλοις,
2595 1389 2681 1443 καὶ
2710 1402 2827 1452 τοῒς
2857 1394 2942 1444 νῦν
2973 1387 3247 1451 ἐκλεκτοῖς
3278 1387 3368 1445 τοῦ
3398 1395 3552 1468 Θεοῦ⁷
3581 1389 3673 1444 καὶ
3699 1387 3876 1466 ἅγίοις

2224 1476 2480 1554 ἐπιφοιτῶ
2513 1498 2526 1511 ·
2565 1479 2624 1532 τὸ
2656 1478 2756 1557 γὰρ
2784 1477 2933 1555 ἅγιον
2983 1478 3190 1552 Πνεῦμά
3220 1479 3325 1538 εἶμι
3352 1486 3444 1535 τοῦ
3475 1485 3625 1539 Θεοῦ,
3662 1481 3817 1551 Λῦτῷ
3843 1479 3874 1545 ἡ

2227 1563 2370 1639 δόξα,
2401 1567 2489 1622 καὶ
2514 1567 2573 1621 τὸ
2603 1567 2793 1645 κράτος
2825 1569 2896 1631 εἷς
2926 1567 3046 1631 τοὺς
3079 1569 3294 1630 αἰῶνας,
3330 1567 3503 1642 Αμήν,

1729 2007 2008 2072 SANCTI
2043 2005 2325 2070 PATRIS
2361 2005 2647 2071 NOSTRI

598 2196 1562 2334 SYMEONIS
1719 2191 2612 2322 JUNIORIS
2776 2192 3760 2327 THEOLOGI

1408 2462 1654 2512 ABBATIS
1692 2461 2051 2511 MONASTEBII
2093 2461 2145 2508 S.
2192 2459 2501 2509 MAMANTIS
2539 2457 2602 2506 IN
2643 2459 2992 2510 XEROGERCO

785 2645 942 2740 DE
1018 2638 2115 2740 ALTERATIONIBUS
2202 2638 2630 2734 ΑΝΙΜλἘ
2730 2636 2888 2730 ET
2969 2637 3568 2737 CORPORIS

749 2863 917 2949 Quae
956 2883 1034 2934 ex
1073 2856 1402 2933 varietate
1440 2855 1595 2931 caeli
1635 2864 1755 2930 aut
1789 2854 1992 2946 aeris,
2031 2876 2324 2952 quaeque
2362 2875 2444 2928 ex
2477 2852 2866 2952 elementis,
2909 2879 2989 2930 ex
3024 2857 3226 2948 cibis,
3269 2859 3614 2937 interdum

1258 2978 1469 3054 etiam
1507 3001 1593 3053 ex
1630 2976 2097 3064 daemonibus,
2141 2975 2470 3054 exsistere
2507 2979 2579 3053 in
2618 2978 2822 3055 nobis
2865 2980 3116 3070 solent,

1929 3171 2449 3239 DISSERTATIO.

1269 3345 1622 3424 Interprete
1649 3343 1834 3407 Petro
1861 3343 2142 3426 Possino,
2192 3342 2510 3409 societatis
2536 3346 2571 3408 J
2573 3359 2684 3409 esu
2717 3347 3110 3431 presbytero.

578 3736 818 3798 Fratres
840 3735 902 3793 et
925 3731 1152 3798 Patres,
1179 3719 1357 3783 debet
1374 3717 1701 3780 monachus
1718 3735 1848 3798 quae
1866 3716 1928 3778 in
1953 3717 2149 3781 anima
2171 3727 2208 3776 Β
2232 3722 2454 3786 tionem
2482 3724 2742 3806 patiens,
2774 3731 2838 3786 ut
2862 3724 3037 3786 vitam
3068 3727 3244 3790 etiam
3275 3738 3533 3796 recuset.
3573 3733 3734 3799 Alias
3761 3753 3878 3800 au-

496 3822 853 3900 contingunt
880 3813 1265 3880 alterationes
1288 3807 1785 3900 mutationesque,
1813 3826 1930 3868 non
1958 3808 2146 3869 solum

495 3931 677 3976 nosse
707 3896 768 3972 et
815 3906 1171 3985 intelligere,
1229 3899 1334 3961 sed
1394 3897 1572 3959 etiam
1628 3915 1834 3959 causas
1864 3896 2148 3985 ipsarum,

499 4002 710 4084 quales
741 3997 978 4061 tandem
1035 3996 1179 4084 sint,
1233 3987 1511 4084 undeque
1563 3985 1634 4084 in.
1681 3985 1812 4084 ipso
1842 3984 2152 4084 exsistant.

495 4073 829 4171 Aliquando
854 4085 1014 4148 enim
1040 4079 1236 4142 subita
1255 4075 1521 4171 exoritur
1540 4073 1754 4171 animae
1773 4073 1996 4171 laetitia,
2034 4074 2148 4134 ali-

497 4162 736 4260 quando
767 4174 949 4237 simili
973 4170 1149 4260 modo
1176 4163 1664 4260 mmstitiaipsam
1683 4162 1906 4260 invadit
1924 4169 1982 4260 et
2009 4181 2145 4244 gra-

493 4251 645 4330 vedo
673 4265 1020 4327 vehemens.
1053 4259 1244 4338 Atque
1273 4252 1573 4316 interdum
1604 4251 1843 4332 quidem
1873 4252 1947 4313 ad
1978 4271 2143 4312 com-

496 4355 836 4439 punctionis
866 4359 1087 4414 motum
1119 4366 1190 4408 ac
1245 4362 1487 4439 sensum
1514 4340 1832 4439 _i'acillima_
1879 4348 1968 4403 est
1999 4359 2013 4404 :
2045 4340 2144 4402 in-

495 4429 732 4507 terdum
765 4437 1132 4512 obcallescit,
1167 4442 1225 4496 et
1279 4432 1352 4494 ad
1413 4429 1628 4512 lapidis
1657 4429 1934 4516 duritiem
1968 4431 2141 4510 riget.

494 4533 659 4598 Alias
686 4547 893 4594 rursus
917 4531 1225 4589 mansueta
1254 4530 1310 4583 et
1332 4518 1576 4583 humilis
1591 4527 1704 4594 est,
1724 4527 1781 4579 at
1812 4519 1986 4600 paulo
2013 4530 2145 4599 post

494 4642 639 4701 vaga
668 4628 888 4694 mente,
923 4611 1499 4696 cogitationibusque
1555 4608 1840 4701 dispersis
1873 4617 1996 4701 t_um
2018 4609 2144 4672 ira-

497 4697 692 4775 cunda
717 4717 778 4773 et
832 4705 1132 4768 rabiosula
1185 4701 1257 4763 ad
1316 4716 1524 4761 omnes
1581 4697 1816 4760 fratres.
1877 4697 1948 4759 Et
1988 4717 2145 4761 nunc

496 4801 738 4883 quidem
767 4795 1018 4859 remissa
1038 4811 1106 4854 ac
1129 4788 1401 4868 languida
1430 4787 1494 4847 ﬁt
1523 4785 1932 4883 segnisquead
1965 4806 2143 4849 omne

494 4873 681 4969 opus:
713 4887 857 4950 alias
879 4902 1017 4946 vero
1037 4885 1381 4962 experrecta
1398 4882 1455 4969 et
1500 4873 1662 4969 vigil,
1695 4894 1764 4937 ac
1795 4874 1868 4936 ad
1901 4894 2140 4938 omnem

492 4961 895 5040 obedientiam
927 4961 1220 5053 prompta,
1255 4973 1318 5028 ut
1346 4963 1525 5053 etiam
1545 4961 2010 5053 _circumstantes
2038 4972 2144 5028 aut

2233 3819 2349 3903 tem
2381 3813 2444 3903 in
2474 3819 2696 3903 tantum
2728 3832 2863 3903 sese
2892 3814 3144 3878 dilatans
3173 3817 3235 3879 in
3261 3818 3388 3900 ipsa
3418 3823 3586 3903 quasi
3616 3825 3883 3888 exundat

2232 3901 2451 3996 laetitiae
2478 3900 2586 3996 vis,
2619 3909 2684 3963 ut
2712 3901 2995 3968 cohibere
3051 3906 3310 3988 seipsam
3369 3900 3650 3993 nequeat,
3679 3933 3880 3996 quan-

2235 3991 2448 4052 tumvis
2475 3990 2534 4051 id
2567 3998 2836 4054 conetur.

2309 4078 2448 4141 Haec
2468 4087 2677 4141 natura
2698 4091 3100 4162 comparatum
3129 4085 3311 4149 estita
3341 4089 3473 4151 fieri
3509 4091 3668 4155 circa
3694 4102 3881 4158 natu-

2231 4167 2388 4264 rales
2408 4169 2819 4264 innovationes
2833 4170 3048 4264 animae
3069 4185 3128 4235 et
3153 4177 3447 4260 corporis,
3470 4178 3612 4242 dum
3634 4200 3746 4244 nos
3769 4202 3884 4264 pro

2231 4255 2384 4318 virili
2414 4257 2830 4320 contendimus
2859 4257 2922 4321 in
2952 4262 3235 4325 exercitio
3260 4255 3504 4329 virtutis
3535 4275 3592 4330 et
3621 4255 3882 4335 manda—

2225 4352 2418 4406 torum
2435 4344 2588 4408 adim
2597 4347 2875 4426 pletione.
2893 4351 3110 4411 Verum
3128 4354 3625 4433 quemadmodum
3640 4358 3703 4420 in
3717 4359 3886 4426 hunc

2230 4433 2474 4495 modum
2505 4432 2788 4498 alteratur
2815 4437 3033 4515 anima,
3066 4432 3236 4503 itaet
3264 4461 3436 4506 mens
3467 4455 3687 4523 nostra,
3723 4468 3885 4511 con-

2229 4523 2531 4604 similique
2562 4524 2685 4586 haec
2733 4544 2870 4588 cum
2924 4526 3027 4589 illa
3080 4529 3488 4596 vicissitudine
3542 4553 3610 4598 ac
3640 4537 3889 4602 ratione

2227 4622 2648 4675 commutatur.
2684 4613 2784 4675 Est
2815 4615 2975 4676 enim
3005 4616 3308 4680 interdum
3342 4629 3515 4685 acuta
3542 4624 3617 4686 ad
3644 4624 3887 4689 intelli-

2227 4702 2530 4800 gendum:
2557 4703 2784 4800 acutior
2806 4713 2863 4766 et
2878 4706 3214 4784 .micantior
3234 4710 3352 4772 illis
3372 4731 3504 4793 quae
3525 4713 3888 4796 intelligen-

2229 4791 2312 4888 tia
2336 4798 2526 4888 versat
2546 4791 2710 4888 intra
2766 4811 2831 4854 se
2890 4797 3312 4888 percurrendis
3343 4791 3407 4861 et
3428 4791 3888 4888 discernendis,

2225 4881 2524 4943 celeriter.
2545 4879 2981 4963 Nonnunquam
2998 4884 3070 4946 ad
3085 4892 3404 4968 utrumque
3424 4890 3581 4952 lenta
3597 4899 3657 4953 et
3677 4879 3887 4960 tarda.

2224 4969 2311 5032 Ac
2337 4969 2651 5049 aliquando
2682 4969 2924 5051 quidem
2957 4973 3166 5035 eadem
3201 4975 3363 5038 velut
3388 4996 3594 5041 amens
3624 4987 3684 5042 et
3717 4991 3894 5047 muta

493 5067 702 5130 obvios
727 5050 1006 5146 provocet
1036 5067 1096 5121 et
1124 5054 1294 5138 quasi
1322 5050 1597 5150 convicio
1628 5051 1848 5150 excitet
1875 5052 1950 5113 ad
1971 5059 2141 5150 recte
2161 5058 2200 5108 C
2227 5058 2523 5140 surdaque
2545 5059 2634 5140 ﬁt,
2651 5059 2797 5150 alias
2817 5060 3006 5123 solers
3023 5062 3262 5144 quidem
3287 5073 3345 5127 et
3391 5066 3635 5150 diserta,
3668 5078 3892 5135 atten-

490 5141 810 5235 agendum.
835 5151 1269 5229 Nonnunquam
1293 5159 1528 5205 rursum
1551 5141 1613 5201 in
1625 5141 1879 5235 seipsam
1897 5142 2144 5204 collecta

493 5227 558 5308 et
593 5243 824 5318 devota,
857 5259 995 5302 mox
1024 5227 1247 5318 passim
1278 5232 1464 5294 eﬂ‘usa
1496 5246 1513 5304 ;
1561 5237 1684 5318 tum
1715 5227 2143 5318 subcontumax

489 5351 558 5396 ac
589 5315 927 5414 impudens.
967 5315 1406 5414 Nonnunquam
1455 5315 1721 5379 omnium
1766 5315 2053 5414 benevole
2083 5325 2144 5381 et

491 5415 625 5484 cum
671 5404 958 5482 charitate
987 5411 1409 5483 reminiscens,
1469 5423 1691 5486 eosque
1719 5404 1793 5466 ad
1823 5423 1890 5466 se
1920 5423 2138 5486 provo-

488 5537 630 5582 cans
662 5537 678 5579 :
709 5515 856 5578 alias
894 5529 1089 5593 neque
1119 5509 1277 5585 illos,
1324 5521 1518 5586 neque
1570 5503 1666 5593 qui
1696 5520 1898 5593 coram
1925 5502 2139 5566 adsunt

491 5605 714 5670 intueri
737 5591 1015 5666 sustinet.
1081 5597 1516 5677 Nonnunquam
1573 5591 1832 5674 denique
1859 5599 2142 5656 contrusa

493 5694 560 5758 in
587 5711 654 5757 se
679 5695 871 5775 ipsam
894 5687 1162 5770 undique
1190 5692 1249 5749 et
1278 5682 1449 5767 quasi
1478 5680 1544 5745 in
1568 5680 1859 5761 angustiis
1883 5679 2142 5744 suﬂ‘oca-

2226 5154 2397 5246 taque
2454 5154 2513 5246 et
2570 5148 2851 5246 prudens,
2913 5148 3628 5246 expeditiqueconsilii,
3665 5174 3893 5222 rursus

2223 5235 2557 5324 aliquando
2574 5254 2750 5314 caeca,
2775 5236 3090 5319 aliquando
3117 5242 3594 5324 perspicax,acie
3615 5247 3789 5310 oculi
3817 5265 3892 5312 eo

2223 5343 2413 5415 usque
2443 5323 2577 5415 acri
2596 5325 2909 5415 ac‘vivida,
2942 5334 3006 5389 ut
3065 5323 3269 5390 etiam
3300 5350 3490 5414 usque
3516 5331 3590 5394 ad
3619 5335 3894 5415 profun-

2223 5412 2469 5475 ditatem
2480 5412 2973 5496 altitudinemque
2986 5412 3408 5496 mysteriorum
3413 5412 3893 5502 contemplanda

2223 5509 2516 5584 penetret,
2551 5520 2705 5584 pene
2735 5502 2890 5565 ultra
2944 5523 3121 5585 quam
3173 5508 3489 5587 pervenire
3520 5507 3767 5574 homini
3799 5512 3895 5579 fas

2223 5598 2340 5680 est,
2368 5590 2525 5680 viam
2557 5591 2672 5680 sibi
2705 5610 2812 5674 per
2838 5591 2957 5655 vim
3015 5596 3332 5676 quamdam
3359 5597 3659 5680 aperiens.
3688 5598 3898 5670 Inter-

2227 5678 2372 5744 dum
2393 5679 2648 5763 simplex
2674 5687 2734 5745 et
2751 5680 2828 5746 ad
2847 5700 3090 5750 omnem
3107 5678 3628 5770 contemplationis
3641 5699 3894 5760 motum
