4054 6114
229 249 357 336 689

1589 273 1862 338 CAPITA
1906 244 2273 340 MORALIA.

3489 269 3609 342 690

220 391 537 488 procincta
570 404 631 460 et
656 396 864 463 libera.
897 401 1196 486 Septaque
1245 394 1457 470 eadem
1489 423 1560 470 ac
1585 406 1648 470 in
1681 426 1746 470 se
1773 426 1876 470 re-
1899 416 1942 466 Α
1965 427 2082 488 quo
2113 407 2169 469 ei
2198 405 2383 469 semel
2414 403 2770 486 agglutinata
2785 404 3106 468 concrevit.
3133 402 3311 485 Cujus
3333 402 3398 466 in
3427 421 3599 466 cceno

219 477 427 570 ducta,
461 503 712 570 seseque
741 508 936 553 coram
960 477 1324 556 ostentantes
1354 496 1644 559 malorum
1676 497 1874 560 illece-

219 563 368 668 bras
399 590 472 634 ne
501 563 819 668 attendens
843 579 1082 668 quidem
1114 589 1216 645 aut
1266 583 1443 644 ullam
1479 603 1682 647 earum
1715 585 1874 664 cogi-

219 661 513 753 tationem
538 665 810 743 capiens:
840 667 926 729 sic
950 676 1224 750 tanquam
1252 691 1492 753 prorsus
1512 693 1632 734 non
1649 661 1867 735 essent.

220 747 535 812 Interdum
559 771 696 816 vero
715 747 1085 838 voluptatum
1101 747 1388 840 imagines
1408 762 1596 824 varias
1618 763 1870 842 ﬁngens,

215 854 472 900 versans
493 843 950 932 etreciprocans
974 848 1201 910 alterno
1253 858 1421 926 aestu,
1447 869 1632 932 seque
1655 851 1716 912 in
1738 870 1870 912 om-

223 943 371 1021 nem
395 930 682 1021 nequitiae
701 936 963 1014 speciem
987 936 1262 1007 induens,
1279 930 1871 1021 autpotiustanquam

1957 497 2074 560 sibi
2099 497 2314 577 placet,
2363 496 2686 558 immundae
2743 495 2866 556 suis
2923 494 3110 556 instar
3165 492 3442 555 obscenis
3469 511 3604 556 sese

1955 587 2187 665 gaudiis
2235 587 2593 664 immergere
2651 585 3031 664 volutareque
3069 581 3351 662 gestiens.
3410 581 3600 644 Nemo

1957 676 2138 753 igitur
2159 675 2231 737 ad
2254 677 2380 737 hinc
2396 695 2430 736 a
2455 674 2692 755 proprio
2722 691 2971 752 corpore
2992 671 3218 752 impelli
3241 690 3305 733 se
3331 671 3602 751 trahique

1957 767 2252 844 opinetur.
2288 763 2417 824 Non
2445 764 2526 824 ita
2556 771 2669 826 est.
2707 762 2860 834 Quid
2880 760 3067 839 ergo?
3096 760 3409 823 commoda
3440 778 3605 822 men-

1957 861 2073 914 tem
2106 860 2414 934 attentam,
2478 851 2643 914 {iuvit
2699 850 2855 912 Deus
2911 850 3240 926 hominem,
3293 849 3602 931 pulvereo

1957 950 2115 1003 terra
2144 949 2402 1020 sumpto.
2433 941 2520 1002 En
2540 959 2646 1018 ego
2681 939 2788 1000 tibi
2815 939 3052 1001 ostendi
3083 957 3321 1020 corpus,
3356 938 3603 1000 ostende

216 1015 466 1115 ﬂamma
493 1019 554 1079 in
584 1020 913 1115 virentibus
943 1025 1117 1104 lignis
1147 1046 1180 1088 a
1215 1015 1405 1088 multo
1431 1029 1594 1090 fumo
1626 1015 1873 1090 suﬂoca-
1951 1033 2073 1110 jam
2111 1045 2170 1092 et
2204 1039 2264 1092 tu
2285 1015 2443 1092 imihi
2500 1015 2631 1111 qua;
2677 1029 3000 1112 qualesque
3030 1015 3505 1109 perturbationes
3534 1046 3603 1090 ac

221 1110 454 1200 tionem
485 1110 803 1200 quamdam
855 1115 1106 1194 patiens,
1167 1133 1262 1176 res
1319 1117 1570 1178 maxime
1620 1117 1875 1180 nefarias
1958 1119 2312 1200 cupiditates
2341 1118 2401 1178 in
2435 1110 2564 1199 ipso
2600 1110 2740 1191 sint,
2776 1117 3037 1198 profecto
3096 1117 3316 1178 nullam
3347 1116 3603 1177 demon-

221 1193 384 1254 ultro
410 1194 757 1286 designans,
792 1193 908 1262 nun
960 1204 1150 1264 solum
1204 1223 1318 1284 qua
1371 1205 1604 1286 objecta
1634 1207 1878 1267 invitant

222 1283 608 1376 qccasionum
638 1291 1042 1372 praesentium,
1075 1293 1181 1354 sed
1212 1283 1481 1356 absentia
1501 1295 1674 1356 etiam
1709 1314 1874 1376 quaa—

222 1369 364 1462 dam
396 1376 602 1454 procul
634 1396 969 1462 accersens,
1006 1369 1236 1462 sibique
1267 1383 1592 1446 admovens
1620 1369 1798 1446 stulta
1819 1391 1876 1446 et

221 1457 460 1550 fallacia
494 1463 609 1526 sibi
639 1465 700 1528 in
738 1486 802 1529 se
827 1457 964 1550 ipsa
987 1457 1278 1533 deformat
1308 1472 1468 1534 idola
1499 1473 1872 1536 mendacium

225 1549 675 1629 cogitationum.
708 1555 832 1629 Qua
858 1549 990 1621 ’vice
1038 1579 1238 1622 rerum
1297 1581 1420 1639 cor,
1457 1563 1596 1624 licet
1625 1564 1872 1626 multum

219 1656 473 1717 gemens
507 1651 565 1704 et
591 1643 892 1709 reluctans
921 1650 1214 1732 anxieque
1243 1659 1603 1728 contestans,
1646 1671 1870 1733 nequa-

1957 1216 2144 1270 strare
2166 1216 2354 1289 potes.
2379 1208 2531 1282 Quid
2557 1207 2815 1271 deinde?
2857 1208 2938 1269 Et
2958 1207 3285 1286 insufflauit
3305 1207 3372 1268 in
3387 1206 3604 1284 faciem

1954 1300 2084 1375 ejus
2107 1300 2400 1360 Dominus
2424 1297 2614 1373 Deus,
2645 1305 2703 1358 et
2721 1298 2925 1376 factus
2939 1305 3027 1358 est
3043 1296 3219 1358 homo
3243 1301 3310 1357 in
3330 1298 3603 1358 animam

1955 1387 2256 1448 viventem
2284 1387 2330 1461 ί,
2367 1394 2423 1448 et
2443 1385 2697 1447 surrexit
2739 1404 2772 1446 e
2804 1393 2982 1460 terra,
3018 1393 3076 1446 et
3106 1383 3447 1446 ambulabat
3474 1385 3602 1466 spi-

1955 1475 2070 1536 ritu
2102 1476 2331 1538 scilicet
2359 1476 2460 1557 qui
2487 1477 2610 1556 jam
2643 1475 2703 1536 in
2737 1475 2864 1555 ipso
2895 1482 3021 1536 erat
3051 1493 3156 1555 pro
3188 1482 3477 1556 potestate
3505 1493 3603 1536 ar-

1957 1564 2256 1646 bitrioque
2286 1583 2391 1626 suo
2422 1572 2694 1626 movente
2723 1581 2956 1643 corpus,
3006 1563 3196 1624 fomes
3227 1582 3389 1645 vero,
3421 1564 3599 1626 inde-

1956 1653 2721 1734 liberatusirrationalisque
2737 1660 2928 1714 motus
2938 1659 3302 1714 secretarum
3319 1653 3598 1734 partium:

225 1747 404 1824 quam
427 1750 492 1796 se
513 1734 920 1816 acquiescere,
935 1741 1084 1802 nihil
1105 1725 1298 1804 tamen
1321 1744 1552 1822 proﬁcit
1567 1725 1640 1804 ad
1656 1725 1870 1805 sedan-
1897 1725 1934 1772 Β
1956 1743 2524 1824 furor,inquam,ille
2539 1761 2606 1804 ac
2619 1725 2802 1803 libido
2819 1759 3189 1823 nequaquam
3203 1725 3599 1820 adhucerant,

223 1817 363 1912 dam
386 1827 819 1904 tempestatem,
847 1838 1224 1912 mentemque
1248 1817 1335 1892 ab'
1368 1833 1591 1895 insanis
1608 1833 1875 1911 cogitatis

223 1907 665 1999 deducendam.
699 1914 772 1976 Et
801 1917 926 1979 haec
957 1907 1196 1999 quidem
1230 1921 1522 1984 hactenus
1552 1922 1628 1983 de
1651 1907 1873 1985 altera-

225 1996 725 2092 tionibus_mentis
749 2015 806 2069 et
847 1996 1268 2071 intellectualis
1301 2019 1518 2072 nostra;
1546 2011 1875 2092 divinaeque

223 2086 462 2182 animas.
481 2090 624 2164 Quae
643 2113 782 2157 vero
805 2096 1158 2176 contingunt
1177 2099 1336 2161 circa
1360 2118 1575 2179 corpus
1606 2086 1873 2182 inaequa-

223 2175 444 2254 litates,
466 2183 732 2260 quamvis
748 2184 820 2246 ad
852 2175 1316 2250 discernendum
1343 2175 1657 2264 notabiles,
1678 2175 1876 2269 cogni-

225 2273 414 2358 tu‘que
441 2269 616 2332 nobis
647 2272 852 2335 faciles
906 2274 1238 2352 videantur,
1275 2296 1644 2358 nequaquam
1677 2287 1873 2339 tamen

228 2353 376 2418 tales
405 2366 560 2447 sunt.
587 2359 774 2442 Hujus
805 2363 967 2424 enim
999 2364 1187 2444 partis
1219 2353 1502 2447 pleraque
1533 2366 1728 2428 omnis
1750 2367 1874 2428 fere

229 2446 476 2535 mutatio
496 2466 530 2508 a
553 2456 762 2513 natura
785 2459 897 2514 est.
921 2454 1135 2516 Nostra
1155 2446 1375 2535 quippe
1407 2446 1614 2517 anima
1646 2456 1869 2518 immu-

224 2532 427 2596 tabilis
451 2546 660 2600 natura
690 2541 1136 2622 substantiaque
1167 2532 1278 2605 est:
1304 2532 1626 2606 Similiter
1675 2553 1871 2606 autem

227 2629 291 2685 et
322 2643 490 2687 mens
521 2628 732 2690 eodem
762 2630 937 2691 modo
970 2639 1028 2693 et
1073 2632 1414 2695 conditione
1448 2642 1673 2696 naturae
1696 2634 1872 2696 simul

227 2731 367 2807 cum
396 2717 524 2798 ipsa
553 2739 588 2781 a
619 2721 898 2784 Creatore
929 2723 1107 2785 edita.
1147 2723 1284 2786 Sola
1312 2734 1562 2807 utraque
1591 2725 1872 2788 nimirum

225 2805 478 2896 arbitrio
511 2828 647 2871 sese
677 2831 920 2873 movens
949 2813 1190 2894 proprio
1217 2822 1273 2875 et
1302 2805 1492 2878 libero
1513 2816 1739 2896 impetu
1767 2833 1874 2875 vo-

225 2894 476 2985 luntatis
521 2898 796 2961 virtutem
843 2900 1119 2964 vitiumve
1173 2905 1550 2985 participans.
1605 2894 1734 2966 Hoc
1785 2910 1876 2966 est

1956 1832 2060 1893 sed
2085 1840 2210 1893 erat
2233 1831 2293 1892 in
2317 1831 2446 1912 ipso
2468 1833 2583 1893 vita
2603 1849 2854 1894 concors
2875 1830 2948 1891 ab
2963 1831 3262 1892 intestinis
3284 1832 3603 1912 tranquilla

1957 1920 2221 1982 dissidiis
2243 1929 2301 1982 et
2322 1921 2643 1983 individuae
2681 1920 3095 1982 consensionis
3129 1920 3446 1983 securitate
3461 1921 3603 1983 felix

1957 2016 2161 2070 status.
2192 2010 2512 2072 Videamus
2533 2009 2710 2090 igitur
2731 2027 2806 2072 ne
2836 2010 2985 2071 forte
3015 2028 3085 2070 eo
3114 2009 3268 2091 quod
3295 2028 3414 2071 non
3445 2017 3602 2073 esset

1959 2098 2194 2174 mulier,
2220 2107 2321 2160 aut
2341 2100 2481 2180 quia
2497 2118 2614 2160 non
2633 2107 2759 2161 erat
2779 2107 2990 2180 praesto
3013 2099 3184 2178 copia
3199 2099 3471 2161 ciborum
3501 2117 3598 2162 sa-

1959 2186 2133 2248 livam
2151 2189 2766 2263 moventium,idcirco
2778 2206 2975 2269 neque
2991 2188 3060 2249 ad
3078 2187 3387 2250 libidinem
3404 2207 3601 2270 neque

1956 2275 2028 2336 ad
2057 2277 2251 2354 gulam
2283 2279 2460 2339 homo
2493 2289 2849 2340 moveretur.
2895 2275 3140 2350 Quando
3169 2277 3347 2356 igitur
3376 2277 3602 2357 produ-

1955 2366 2039 2427 xit
2063 2367 2137 2428 de
2162 2366 2340 2428 humo
2369 2366 2525 2428 Deus
2553 2367 2801 2429 arbores
2830 2385 3006 2428 omne
3030 2383 3221 2446 genus
3239 2365 3594 2445 fructiferas,

1960 2455 2263 2534 speciosas
2279 2455 2426 2530 visu,
2446 2463 2676 2533 gustatu
2700 2457 2946 2518 suaves?
2983 2453 3230 2528 Quando
3253 2474 3390 2517 vero
3411 2456 3600 2518 Adam

1957 2553 2014 2605 et
2045 2545 2162 2606 Eva
2188 2544 2329 2606 nudi
2359 2545 2535 2606 simul
2593 2552 2760 2607 erant
2813 2545 2876 2606 in
2933 2545 3206 2626 paradiso
3237 2563 3349 2606 nec
3379 2545 3599 2607 erube-

1957 2633 2202 2696 scebant
2228 2635 2259 2685 2
2285 2635 2316 2696 ?
2347 2634 2526 2696 Vides
2558 2653 2752 2715 neque
2805 2634 2962 2714 quod
3023 2643 3181 2696 esset
3207 2632 3323 2694 Eva
3353 2634 3596 2712 femina,

1955 2741 2066 2784 nec
2096 2725 2253 2804 quod
2279 2723 2472 2786 nudus
2492 2731 2743 2804 uterque
2765 2724 2948 2785 ullum
2977 2724 3325 2804 cujusquam
3354 2723 3594 2785 illorum

1955 2811 2335 2874 continentiae
2360 2810 2736 2892 dispendium
2770 2829 2900 2872 esse
2955 2811 3240 2872 oblatum.
3275 2809 3391 2874 Sed
3420 2830 3596 2892 quam

1957 2898 2100 2960 libet
2126 2901 2288 2976 nudi,
2324 2901 2511 2962 mutui
2542 2907 2730 2961 tactus
2761 2899 3126 2981 experientia
3175 2900 3477 2963 carebant.
3511 2901 3598 2965 Ac

229 2984 389 3066 quod
418 2985 548 3048 aliis
576 2989 778 3050 verbis
800 2989 919 3052 dici
944 2993 1119 3068 solet,
1144 2993 1296 3056 lucis
1317 2983 1448 3056 illas
1477 3004 1575 3056 aut
1596 2994 1872 3057 tenebra-
1892 2983 1931 3033 C
1958 3007 2149 3070 neque
2181 2990 2301 3051 ulla
2331 2988 2774 3070 perturbatione
2808 2989 3071 3070 pudoris,
3098 3008 3292 3070 neque
3314 2990 3600 3053 naturalis

226 3091 363 3134 rum
399 3093 505 3155 pro
535 3077 780 3140 arbitrio
815 3079 1125 3142 electionis
1180 3100 1300 3144 suae
1331 3083 1870 3166 participandarum
1954 3077 2303 3158 corporibus
2361 3077 2684 3158 pruriginis
2740 3078 2982 3140 stimulo
3059 3079 3462 3143 tentabantnr.
3520 3085 3599 3146 At

225 3167 625 3228 communiter
650 3167 711 3228 in
771 3187 947 3230 omne
1001 3189 1186 3232 aevum
1245 3172 1516 3234 dominas
1545 3181 1602 3234 et
1626 3192 1870 3254 capaces
1955 3175 2085 3245 post
2109 3174 2417 3246 peccatum
2440 3167 3597 3248 ettransgressionem,ejectisambobus

222 3271 296 3315 ac
327 3254 494 3344 quasi
525 3256 792 3319 haeredes
822 3259 1189 3321 constitutas.
1245 3260 1478 3338 Anima,
1515 3262 1776 3344 inquam,
1813 3271 1870 3325 et
1951 3275 1984 3317 e
2005 3255 2302 3336 paradiso,
2329 3257 2572 3334 Deoque
2594 3256 2853 3333 nudatis,
2877 3256 3191 3338 divinaque
3212 3258 3342 3336 ejus
3371 3258 3597 3323 exclusi

222 3360 399 3404 mens
427 3343 597 3406 alteri
627 3347 864 3424 horum,
900 3357 962 3408 ut
991 3349 1218 3411 dictum
1273 3357 1388 3426 est,
1421 3343 1664 3413 arbitrio
1692 3343 1862 3415 dele-
1950 3345 2158 3425 gloria,
2193 3354 2316 3409 tum
2349 3345 2616 3427 demum,
2648 3354 2708 3408 ut
2739 3345 3027 3426 scriptum
3088 3355 3178 3408 est
3203 3347 3260 3423 3,
3319 3349 3596 3427 cognovit

219 3437 353 3492 ctus
377 3438 437 3493 et
465 3433 795 3497 voluntaria
824 3437 1161 3499 adhaesione
1191 3439 1436 3502 affectus
1465 3438 1643 3501 liberi
1670 3441 1861 3516 aﬂixa,
1946 3435 2139 3497 Adam
2169 3453 2415 3496 uxorem
2449 3453 2616 3496 suam
2645 3454 2776 3516 quae
2801 3435 3077 3516 concepit
3105 3443 3163 3498 et
3192 3437 3438 3516 peperit.
3471 3437 3594 3516 Igi-

218 3520 541 3602 siquidem
602 3523 781 3601 bono,
842 3525 1015 3588 bonae
1069 3528 1216 3589 ﬁunt
1253 3545 1268 3602 ;
1327 3528 1418 3590 sin
1453 3537 1648 3591 autem
1684 3529 1861 3606 malo,

219 3611 392 3673 malae
423 3613 700 3679 evadunt.
746 3616 822 3678 At
861 3635 1078 3697 corpus
1111 3625 1168 3679 et
1198 3626 1407 3680 natura
1435 3619 1739 3694 mutabile,
1769 3627 1866 3680 ut-

219 3709 360 3784 pote
387 3704 778 3784 compositum
812 3712 870 3767 et
899 3707 1227 3770 substantia
1254 3709 1498 3785 ﬂuxum,
1527 3716 1587 3769 ut
1615 3709 1771 3789 quod
1795 3728 1862 3770 ex

1952 3532 2064 3596 tur,
2098 3522 2467 3599 charissime,
2501 3524 2552 3586 si
2579 3523 2764 3585 Deum
2813 3525 3048 3586 sincere
3100 3525 3392 3587 amaveris
3420 3534 3478 3587 et
3508 3533 3593 3602 tu,

1950 3619 2008 3672 et
2034 3612 2094 3672 in
2126 3613 2256 3693 ejus
2287 3612 2608 3674 dilectione
2639 3613 2954 3688 manseris,
3005 3614 3166 3676 nulla
3195 3613 3302 3674 tibi
3332 3633 3592 3695 unquam

1951 3701 2316 3781 perturbatio
2335 3701 2758 3782 dominabitur,
2779 3721 2890 3763 nec
2914 3711 2971 3764 te
2989 3699 3100 3765 sub
3123 3701 3408 3764 ditionem
3423 3722 3592 3767 suam

221 3792 470 3853 materia
490 3794 860 3875 corruptibili
881 3797 1152 3877 ﬂuxaque
1175 3806 1426 3873 constet,
1451 3799 1866 3861 commistione
1947 3809 2244 3871 corporeae
2277 3790 2646 3855 necessitatis
2677 3791 2936 3873 tyrannis
2991 3809 3250 3873 unquam
3283 3793 3404 3855 ulla
3429 3794 3594 3856 redi-

218 3889 326 3943 aut
346 3883 894 3963 contemperatione
916 3887 1231 3948 conﬂatum
1259 3887 1689 3949 contrariorum
1718 3889 1867 3950 invi-
1946 3893 2067 3959 get.
2103 3881 2615 3954 Quemadmodum
2641 3882 2800 3943 enim
2831 3883 2905 3944 ad
2937 3881 3086 3944 nihil
3119 3901 3336 3962 corpus
3369 3889 3598 3951 moveri

219 3989 376 4032 cem.
396 3969 479 4032 Ex
501 3971 693 4034 calido
715 3973 1007 4054 siquidem
1034 3983 1090 4036 et
1112 3975 1348 4058 frigido,
1376 3983 1440 4038 ut
1481 3977 1684 4038 talium
1715 3996 1863 4038 con-
1949 3975 2139 4046 potest
2186 3967 2316 4058 Sine
2347 3969 2583 4058 animo:
2630 3968 2717 4031 sic
2747 3987 2942 4050 neque
2971 3970 3094 4032 Deo
3125 3968 3290 4031 unita
3314 3989 3420 4052 per
3448 3971 3594 4032 cha-

214 4058 360 4120 sulti
390 4077 529 4123 vere
552 4060 777 4143 dicunt,
815 4082 1006 4144 exque
1037 4063 1195 4127 sicco
1227 4056 1403 4147 atque
1433 4064 1678 4126 humido
1710 4065 1857 4128 sub-
1945 4059 2178 4118 ritatem
2201 4057 2398 4147 animi!
2426 4056 2566 4118 inde
2596 4057 2812 4120 abduci
2841 4058 2960 4121 ulla
2992 4061 3046 4119 Vi
3092 4066 3288 4141 potest
3313 4060 3387 4122 ad
3419 4061 3592 4122 volu-

211 4149 431 4210 stantia
459 4150 586 4229 ejus
617 4158 726 4214 est,
765 4150 1054 4214 Caeterum
1077 4153 1271 4234 ipsum
1303 4146 1414 4235 per
1441 4154 1701 4235 seipsum
1737 4154 1859 4217 ele-
1943 4155 2129 4228 ptates
2158 4146 2592 4228 cupiditatesve
2613 4166 2930 4228 corporeas
2975 4147 3092 4211 Sed
3119 4167 3311 4230 neque
3339 4149 3414 4211 ad
3443 4149 3591 4212 alias

211 4237 418 4302 ctione
443 4239 808 4322 arbitrioque
838 4261 1069 4304 cassum
1129 4254 1242 4317 est,
1304 4247 1421 4305 imo
1454 4244 1504 4306 si
1537 4244 1854 4307 dicendum
1891 4305 1927 4322 ﬁ
1948 4237 2461 4317 concupiscentias
2485 4235 2720 4318 quasvis
2741 4236 3058 4299 visibilium
3081 4245 3180 4300 aut
3201 4237 3592 4301 invisibilium

214 4335 333 4408 est,
373 4335 430 4389 et
484 4338 648 4391 motu
684 4305 728 4392 ε’
758 4331 869 4394 nisi
929 4331 979 4394 si
1029 4333 1162 4414 quis
1219 4305 1623 4396 caducitatem’
1648 4336 1865 4416 ejuset
1891 4305 2157 4389 Drerum.
2175 4341 2278 4388 aut
2307 4305 2604 4403 vitiorum,
2641 4335 2876 4390 tenetur
2906 4328 3066 4391 enim
3119 4329 3400 4392 astrictus
3431 4329 3592 4392 dulci

216 4418 443 4479 ﬂuxum
475 4417 535 4479 in
566 4421 1007 4501 corruptionem
1069 4431 1290 4484 motum
1349 4423 1692 4487 substantiam,
1735 4426 1864 4505 ejus
1948 4417 2054 4479 Dei
2087 4417 2374 4478 charitate
2403 4416 2662 4498 impetus
2693 4417 2890 4479 cordis
2914 4418 3067 4498 ejus.
3091 4417 3198 4480 Illa
3221 4418 3401 4499 igitur
3421 4417 3596 4482 Crea-

217 4507 550 4569 naturalem
574 4509 888 4588 quemdam
914 4509 1150 4586 dixerit,
1185 4512 1285 4593 qui
1317 4513 1518 4594 utique
1549 4514 1865 4576 irrationa-
1951 4506 2121 4583 toris,
2155 4515 2218 4567 ut
2241 4506 2462 4568 dictum
2497 4514 2606 4583 est,
2641 4507 2732 4568 sui
2764 4509 3080 4587 complexu
3109 4507 3452 4584 constricta,
3486 4527 3596 4589 age

217 4595 298 4656 lis
328 4603 436 4656 est.
465 4594 526 4659 Si
547 4605 741 4659 autem
773 4597 1149 4674 irrationalis,
1181 4609 1240 4663 et
1268 4603 1454 4684 culpae
1486 4622 1719 4684 expers,
1751 4622 1863 4666 ne—
1949 4615 2064 4678 qua
2087 4597 2324 4658 tandem
2348 4596 2577 4658 ratione
2600 4604 2775 4677 queat
2796 4598 3066 4678 corporei
3106 4598 3329 4660 fomitis
3357 4600 3597 4661 ﬂamma

218 4701 339 4767 que
369 4684 656 4748 obnoxius
689 4687 788 4749 Dei
835 4687 1089 4768 judicio.
1144 4689 1358 4753 Fomes
1385 4711 1548 4768 vero,
1584 4694 1866 4774 concupi-
1948 4686 2194 4767 corripi,
2227 4693 2330 4747 aut
2357 4685 2602 4747 omnino
2647 4685 2948 4767 cupidinis
3005 4688 3183 4750 ullius
3214 4688 3474 4750 carnalis
3503 4687 3596 4749 af-

216 4775 471 4856 scentia,
536 4775 744 4854 libido,
808 4777 1103 4858 voluptas,
1161 4779 1318 4860 gula,
1379 4781 1861 4864 intemperantia,
1947 4777 2128 4838 fectui
2160 4775 2496 4857 mancipare
2553 4778 2914 4838 consensum
2969 4796 3166 4860 suum,
3222 4777 3383 4838 nullo
3431 4784 3592 4839 certo

213 4864 638 4947 somnolentia,
696 4865 953 4942 desidia,
1013 4867 1186 4929 luxus
1237 4869 1484 4932 vestium
1538 4885 1595 4930 et
1647 4871 1867 4932 similia
1949 4865 2145 4928 modo.
2181 4863 2348 4937 Quod
2382 4883 2520 4927 vero
2551 4868 2910 4929 mutationes
2965 4866 3098 4928 illas
3126 4866 3334 4928 attinet
3361 4883 3491 4946 quae
3522 4884 3595 4927 ex

213 4952 440 5036 omnia,
475 4973 606 5036 quae
637 4955 902 5037 plerique
949 4957 1182 5038 corpori
1234 4959 1548 5040 imputant,
1584 4968 1856 5042 tanquam
1946 4954 2197 5017 naturali
2255 4953 2597 5016 conditione
2656 4955 2924 5036 corporis
2982 4955 3318 5017 necessario
3372 4954 3432 5015 in
3462 4953 3593 5034 ipso

213 5043 278 5106 id
303 5043 363 5105 in
385 5062 455 5106 ea
474 5044 717 5123 feratur,
745 5065 862 5107 non
884 5053 1019 5107 sunt
1042 5055 1236 5109 tamen
1255 5048 1384 5128 ejus
1408 5050 1646 5131 pr0pria
1669 5049 1858 5132 ;quod
1943 5044 2258 5125 exsistunt,
2291 5061 2375 5105 ea;
2403 5062 2546 5105 sane
2595 5043 2922 5106 manifestae
2977 5053 3136 5120 sunt,
3185 5044 3402 5132 cadunt
3429 5042 3592 5106 enim

214 5142 463 5214 apparet
491 5133 551 5195 in
586 5144 796 5216 morte,
829 5135 1064 5216 quando
1095 5146 1325 5199 remota
1352 5139 1549 5201 anima
1570 5131 1859 5216 nihiliho-
1943 5152 2112 5216 aeque
2142 5132 2204 5193 in
2253 5151 2465 5195 omnes
2521 5132 2698 5194 etiam
2763 5139 3022 5210 sanctos,
3081 5131 3400 5214 aliquando
3431 5132 3593 5194 enim

215 5239 351 5283 rum
385 5241 600 5304 corpus
629 5225 868 5306 appetit.
899 5224 1123 5287 Animae
1146 5225 1326 5306 igitur
1351 5246 1457 5308 per
1477 5247 1694 5308 organa
1723 5246 1863 5292 cor-
1947 5224 2100 5286 bene
2118 5223 2316 5285 valere
2337 5221 2552 5284 dicitur
2571 5239 2705 5283 cum
2729 5223 2936 5302 primae
2981 5220 3296 5302 qualitates
3323 5219 3595 5282 inducias

219 5310 387 5392 poris
415 5311 518 5374 isti
551 5321 742 5374 motus
771 5321 928 5375 sunt.
978 5313 1116 5376 Haec
1146 5315 1248 5376 illa
1278 5315 1393 5378 sibi
1423 5315 1710 5398 indulget,
1731 5317 1866 5379 haec
1945 5320 2144 5394 agunt,
2175 5311 2489 5394 aliquando
2521 5313 2580 5372 in
2611 5310 2886 5372 morbum
2934 5310 3112 5387 trahi,
3145 5309 3376 5394 quoties
3404 5328 3590 5372 unum

216 5399 444 5481 appetit
472 5399 717 5464 delinita
745 5401 1191 5466 necessitudine
1239 5403 1544 5468 lutulentae
1569 5406 1765 5469 carnis
1797 5425 1868 5468 ex
1949 5401 2268 5485 quodpiam
2301 5419 2368 5464 ex
2429 5407 2677 5482 quatuor
2733 5399 3048 5463 elementis
3102 5407 3202 5464 aut
3231 5417 3594 5483 exsuperans

300 5619 323 5663 ί
374 5617 526 5684 Gen.
560 5637 625 5699 ιι,
657 5621 719 5683 7.
803 5617 837 5674 9
873 5573 1024 5686 Ibid.
1056 5623 1156 5687 95.
1240 5625 1276 5675 δ
1303 5623 1458 5692 Gen.
1491 5642 1573 5691 Iv.
1605 5629 1667 5703 1,
