4054 6114
463 240 577 320 691

1773 256 2156 323 SYMEONIS
2193 250 2543 323 IUNIORIS

3732 253 3852 320 692

462 384 876 462 abundaverit,
908 396 1008 451 aut
1031 387 1327 453 inﬁrmius
1367 389 1433 452 in
1473 388 1738 454 minores
1765 409 1940 474 quam
1970 396 2315 471 pro-Aque
2358 389 2489 471 ipso
2537 370 2701 473 aptas
2753 401 2812 455 et
2865 410 3191 474 suspensas
3242 390 3590 455 habeamus.
3620 388 3851 453 Verum

463 475 661 557 portio
696 479 1154 558 temperamenti
1181 479 1453 560 requirit,
1487 481 1579 543 sui
1607 480 1798 561 ipsius
1829 477 2111 560 reliquias

464 562 775 646 defecerit,
809 566 968 647 quod
1000 567 1281 630 nimirum
1330 577 1431 630 aut
1460 569 1656 651 ipsum
1689 587 1868 651 supra
1898 574 2113 630 caetera

465 654 835 734 praevaluerit
872 678 885 716 :
922 665 1024 719 aut
1072 657 1217 739 ipsis
1253 662 1312 721 in
1360 677 1427 720 se
1479 658 1925 737 insurgentibus
1951 656 2110 718 resi—

463 742 679 804 stendo
710 743 903 825 impar
932 746 1293 809 succuberit.
1318 748 1405 811 Ex
1424 747 1644 828 quibus
1679 746 2110 809 destillationes

464 833 875 917 ﬂuxionesque
908 838 1223 914 exsistunt,
1276 846 1337 903 et
1384 847 1783 901 extremarum
1814 837 2111 899 interdum

463 922 718 1004 partium
767 927 1224 990 resecandarum
1283 928 1659 992 necessitas:
1725 935 1783 991 et
1835 925 2115 989 videlicet

461 1012 734 1075 animalis
764 1016 1063 1078 interdum
1092 1018 1272 1079 totius
1328 1018 1651 1098 corruptio,
1713 1016 1862 1079 nihil
1917 1035 1989 1078 ex
2018 1016 2115 1078 his

464 1100 809 1164 detrimenti
839 1106 1112 1186 capiente
1144 1114 1345 1168 nostra
1390 1107 1608 1168 anima.
1670 1106 1960 1179 Quoniam
1993 1104 2116 1186 ple-

462 1204 598 1251 rare
627 1191 841 1253 horum
872 1211 943 1255 ex
992 1193 1451 1275 intemperantia
1498 1194 1618 1256 cibi
1648 1203 1938 1275 potusque
1970 1210 2112 1272 pro-

460 1280 751 1342 veniunt:
788 1300 1117 1365 eorumque
1146 1302 1218 1345 ex
1264 1283 1580 1365 indigesta,
1632 1284 1907 1365 maleque
1938 1281 2115 1343 mista

463 1376 523 1429 et
552 1379 832 1449 congesta
861 1373 1050 1453 copia.
1095 1372 1374 1445 Quaedam
1428 1384 1625 1435 tamen
1654 1382 1847 1434 ortum
1887 1372 2113 1435 habent

2195 479 2497 542 enimvero
2524 500 2642 543 non
2666 482 2791 545 haec
2812 501 3020 545 omnes
3042 482 3401 562 intelligunt.
3420 481 3535 545 Sed
3548 479 3851 544 animales

2194 569 2435 649 quidem
2464 570 2852 633 alterationes
2907 590 2976 633 ac
3034 571 3387 635 mutationes
3443 568 3713 651 corporis
3745 568 3851 649 qui

2195 658 2431 737 paulum
2464 659 2621 721 ultra
2652 660 2947 740 principia
2975 660 3365 742 aliquousque
3394 659 3455 719 in
3485 658 3724 721 virtutis
3754 656 3849 718 via

2194 757 2638 827 processerunt,
2685 767 2791 830 per
2842 758 3035 830 partes
3092 749 3300 811 horum
3359 747 3556 827 aliqua
3586 746 3848 828 quisque

2193 835 2499 899 sentiunt:
2534 846 2707 917 prout
2759 838 2986 899 scilicet
3040 837 3103 899 in
3161 838 3304 918 ipsis
3368 836 3495 898 fieri
3529 834 3841 916 quidpiam

2193 923 2529 1002 contigerit.
2563 925 2647 987 De
2676 925 2749 988 iis
2780 929 2935 989 enim
2967 927 3069 1007 qui
3121 926 3225 988 toti
3255 926 3449 989 adhuc
3479 924 3541 985 in
3570 922 3846 986 tenebris

2186 1011 2409 1092 jacent,
2438 1014 2636 1076 nullus
2658 1015 2827 1077 nobis
2859 1034 3080 1077 sermo.
3116 1014 3463 1077 Mutationes
3485 1021 3683 1076 autem
3706 1030 3845 1094 quae

2194 1102 2255 1162 in
2288 1109 2487 1164 mente
2517 1104 2829 1179 exsistunt,
2863 1117 2931 1166 ut
2977 1104 3255 1181 diximus,
3308 1111 3368 1165 et
3396 1101 3847 1165 vicissitudines

2193 1190 2305 1252 soli
2337 1192 2848 1272 perturbationum
2879 1194 3129 1257 victores
3186 1194 3556 1276 perfectique
3586 1198 3646 1252 et
3675 1190 3843 1272 puri,

2194 1280 2483 1359 expeditae
2521 1281 2677 1343 vitiis
2707 1282 2925 1345 animae
2955 1290 3013 1344 et
3042 1283 3375 1345 libertatem
3405 1281 3620 1342 virtute
3650 1284 3847 1340 nactae

2195 1386 2540 1450 perspectas
2559 1371 2791 1434 scilicet
2813 1372 3149 1435 habuerint.
3174 1371 3380 1454 Neque
3401 1371 3463 1433 id
3496 1368 3611 1451 ipsi
3642 1388 3717 1432 ex
3750 1386 3845 1450 se,

465 1475 537 1520 ex
564 1468 872 1523 ventorum
904 1462 1228 1525 mutatione
1290 1472 1464 1545 atque
1517 1463 1695 1539 aeris,
1731 1482 1873 1543 quo,
1905 1469 2111 1542 utpote
2197 1458 2302 1520 sed
2332 1460 2464 1539 ejus
2489 1462 2657 1541 cujus
2700 1469 2855 1537 sunt,
2912 1462 3132 1544 quique
3188 1461 3323 1523 illos
3378 1468 3442 1523 ut
3469 1478 3608 1523 suos
3640 1465 3841 1533 curat,

463 1555 675 1611 natura
703 1549 944 1631 frigido,
978 1553 1160 1631 frigus
1216 1552 1568 1634 saepiuscule
1599 1551 1974 1632 concipiente
2004 1570 2109 1613 so-
2192 1547 2563 1612 institutione
2588 1550 2769 1627 docti,
2797 1550 3232 1633 Nonnunquam
3256 1551 3552 1633 siquidem
3576 1569 3649 1611 ex
3677 1548 3842 1609 inae—

462 1636 567 1701 lito
599 1641 813 1720 majus,
846 1661 977 1723 quae
1030 1643 1354 1723 frigidioris
1409 1651 1634 1704 naturae
1664 1649 1802 1704 sunt
1829 1642 2105 1704 imbecil-
2132 1672 2170 1721 Β
2194 1637 2570 1717 qualitatibus
2588 1659 2719 1723 qum
2740 1640 2992 1704 subinde
3015 1653 3275 1704 mentem
3300 1639 3682 1721 interpolant,
3708 1635 3844 1699 ani-

462 1725 616 1790 liora
638 1729 870 1792 scilicet
900 1732 1071 1793 ﬁunt.
1104 1730 1249 1804 Quae
1280 1750 1421 1794 vero
1450 1731 1629 1794 calidi
1651 1730 2110 1813 temperamenti
2192 1745 2289 1788 ma
2316 1736 2647 1791 coarctatur
2677 1739 3002 1813 maestaque
3032 1732 3116 1807 fit,
3176 1732 3459 1794 afﬂuente
3490 1727 3665 1810 paulo
3696 1732 3847 1788 ante

464 1824 623 1898 sunt,
664 1818 999 1883 robusiiora
1029 1821 1464 1901 vegetioraque.
1521 1820 1666 1883 Cum
1722 1839 1866 1883 vero
1896 1838 2108 1882 rvrsus

463 1904 697 1968 fervore
725 1908 1156 1972 vehementiori
1182 1928 1286 1971 aer
1312 1909 1708 1987 incanduerit,
1745 1909 1955 1989 frigida
1983 1910 2109 1990 qui-

463 1993 602 2058 dem
633 1996 978 2061 refoventur
1004 2007 1064 2061 et
1088 1999 1259 2081 quasi
1288 1999 1685 2062 reviviscunt:
1746 2007 1809 2059 ut
1837 1998 2107 2060 videmus

461 2083 537 2145 ad
569 2085 754 2147 solem
785 2105 1045 2165 muscas,
1080 2096 1139 2150 et
1166 2088 1225 2149 id
1258 2106 1444 2165 genus
1488 2087 1735 2163 insecta,
1768 2090 1965 2167 vigere
1993 2104 2104 2149 vo-

462 2171 752 2256 litareque
782 2176 940 2238 vitali
972 2184 1176 2254 tepore
1198 2177 1537 2239 collustrata
1555 2183 1616 2238 et
1639 2175 1873 2239 confota
1902 2176 2106 2238 radio-

461 2280 598 2325 rum
631 2265 781 2345 ejus,
814 2264 1066 2329 valentia
1088 2267 1212 2347 jam
1245 2276 1304 2328 et
1333 2274 1574 2328 strenua
1626 2266 1698 2328 ad
1730 2285 1968 2328 omnem
1998 2284 2106 2329 ex-

463 2352 652 2433 pediti
677 2364 873 2418 motus
903 2354 1125 2417 micare
1155 2355 1513 2418 facultatem.
1559 2353 1778 2418 Contra
1810 2373 1948 2417 vero
1978 2374 2110 2437 quae

464 2440 815 2504 calidiorem
848 2444 1288 2507 concretionem
1319 2444 1543 2508 habent
1595 2462 1837 2525 prorsus
1865 2444 2106 2505 inﬂam-

466 2537 705 2593 mantur
734 2540 791 2594 et
811 2531 1124 2614 liquefacta
1140 2534 1549 2596 resolvuntur:
1582 2541 1757 2615 atque
1772 2533 1845 2595 ad
1867 2551 2105 2595 omnem

467 2620 761 2683 actionem
784 2640 852 2684 ac
877 2630 1099 2684 motum
1134 2623 1353 2704 pariter
1381 2623 1681 2685 imbecilla
1708 2623 1857 2684 ﬁunt
1885 2632 1945 2685 et
1972 2623 2108 2684 lan-

468 2710 666 2792 guida.
692 2711 974 2791 Adeoque
998 2712 1057 2773 in
1080 2712 1420 2774 universum
1443 2730 1808 2793 unaquaeque
1831 2730 1929 2775 res
1939 2713 2109 2792 juxta

468 2801 918 2881 proportionem
957 2802 1411 2882 temperamenti
1469 2802 1691 2882 proprii
1748 2800 1808 2861 in
1838 2801 2016 2875 aeris,
2050 2808 2108 2862 et

2189 1814 2400 1895 gaudio
2420 1825 2667 1899 repente
2687 1821 2946 1882 multata.
2962 1820 3387 1883 Verumtamen
3401 1817 3613 1879 virtute
3632 1824 3843 1888 utens,

2191 1912 2591 1987 conatumque
2612 1909 2957 1986 intendens,
2973 1910 3244 1991 emergit,
3270 1917 3327 1971 et
3351 1917 3608 1970 mentem
3632 1904 3843 1985 erigit,

2188 1993 2332 2058 Vice
2358 2014 2529 2058 versa
2546 2016 2970 2080 nonnunquam
2994 2018 3065 2062 ex
3090 1999 3165 2061 iis
3188 2018 3318 2080 quae
3355 1996 3577 2079 patitur
3603 1994 3840 2068 anima,

2190 2094 2545 2166 propagatur
2574 2089 2905 2170 compassio
2954 2089 3016 2151 in
3073 2097 3358 2163 mentem,
3417 2105 3548 2168 quae
3595 2092 3655 2147 et
3703 2084 3848 2165 ipsa

2190 2190 2368 2236 sensu
2388 2174 2701 2239 involvrtur
2720 2178 3009 2239 malorum
3034 2178 3186 2257 ejus,
3219 2185 3278 2239 et
3308 2183 3481 2236 nocte
3510 2174 3845 2252 ingruente

2188 2264 2366 2326 veluti
2388 2283 2692 2346 oppressa,
2717 2267 2965 2331 subesse
2990 2267 3232 2348 quidem
3260 2264 3525 2328 tenebris
3555 2262 3836 2341 cogitur;

2190 2373 2310 2416 non
2326 2356 2652 2437 acquiescit
2674 2363 2895 2433 tamen,
2922 2359 3025 2421 sed
3051 2357 3246 2418 lucem
3266 2356 3355 2416 vel
3368 2355 3646 2416 amissam
3665 2353 3838 2413 omni

2190 2444 2240 2504 vi
2255 2445 2484 2526 quaerit,
2508 2445 2601 2507 vel
2626 2446 2961 2510 elabentem
2984 2452 3239 2508 retentat
3263 2443 3598 2506 mordicus:
3626 2460 3699 2504 ex
3716 2457 3841 2522 qua

2189 2533 2486 2595 interdum
2500 2534 2708 2598 victrix
2720 2536 3066 2597 auxiliarem
3079 2551 3319 2615 quoque
3346 2532 3578 2594 radium
3608 2530 3673 2592 in
3696 2527 3837 2591 ani-

2192 2641 2345 2683 mam
2373 2624 2569 2685 mittit.
2596 2624 2756 2687 Alias
2775 2644 2846 2687 ex
2876 2623 3150 2707 inaequali
3183 2641 3390 2686 rursus
3418 2619 3835 2683 vicissitudine

2190 2712 2555 2775 habitudinis
2571 2714 2838 2796 corporis
2859 2706 3111 2795 utraque
3129 2721 3390 2788 vexatur,
3416 2720 3474 2775 at
3492 2710 3661 2793 quasi
3690 2706 3830 2770 sub-

2180 2802 2464 2881 jugantur
2511 2803 2669 2881 gravi
2723 2803 3055 2884 tyrannide.
3102 2802 3540 2883 Nonnunquam
3572 2798 3828 2860 obsessae

465 2897 774 2951 ventorum
808 2890 1151 2965 mutatione,
1188 2890 1569 2951 mutationem
1615 2890 1883 2971 suscipit.
1916 2893 2102 2954 Caete-
2126 2919 2166 2970 α
2190 2891 2329 2953 licet
2357 2892 2700 2974 circumque
2731 2898 3079 2973 oppugnata:
3100 2894 3378 2971 exterius,
3411 2889 3552 2951 belli
3581 2887 3825 2968 quidem

466 2998 597 3042 rum
633 2987 845 3061 praeter
872 2980 996 3041 haec
1024 2997 1154 3059 quae
1185 2978 1442 3040 diximus
1471 2978 1585 3040 alia
1636 2990 1725 3039 est
1776 2980 1954 3040 etiam
1985 2979 2110 3040 ani-

469 3070 759 3131 mantium
789 3068 1028 3149 propria
1059 3067 1324 3148 mutatio,
1355 3086 1485 3148 quae
1540 3067 1632 3129 vel
1665 3087 1739 3129 ex
1773 3067 1966 3130 cibatu
2000 3088 2107 3149 po-

473 3168 653 3238 tuque
684 3156 893 3232 nimio,
914 3157 1005 3217 vel
1039 3176 1107 3218 ex
1128 3157 1357 3238 jejunio
1381 3174 1613 3218 summo
1632 3156 1882 3221 exsistit.
1905 3157 2111 3238 Neque

468 3247 597 3310 haec
626 3245 839 3322 solum,
873 3245 977 3307 sed
1010 3246 1185 3308 etiam
1218 3266 1288 3308 ex
1318 3246 1503 3307 multo
1533 3264 1742 3308 somno
1797 3255 1897 3308 aut
1922 3248 2108 3309 multa

467 3336 689 3414 vigilia,
724 3354 793 3397 ex
823 3334 1025 3397 labore
1075 3343 1175 3397 aut
1228 3334 1456 3398 desidia
1514 3354 1801 3417 corporea
1831 3337 1896 3397 fit
1926 3338 2105 3400 etiam

466 3425 583 3488 alia
606 3424 874 3506 quaedam
920 3425 1167 3486 mutatio
1198 3423 1258 3485 in
1292 3424 1483 3488 nobis.
1518 3425 1652 3487 Alia
1672 3444 1877 3487 rursus
1907 3444 1977 3489 ex
2007 3429 2106 3489 in-

467 3515 787 3579 exsistente
816 3513 1055 3594 corpori
1113 3514 1360 3575 materia
1410 3521 1467 3575 et
1518 3515 1769 3576 naturali
1826 3516 1887 3577 in
1936 3517 2109 3579 nobis

466 3604 661 3667 calido
693 3610 987 3665 commoto
1019 3601 1246 3665 exsistit
1274 3602 1457 3664 motio
1481 3605 1851 3684 evaporantis
1871 3624 2107 3669 sursum

466 3694 684 3757 fumosi
728 3691 1015 3766 incendii,
1048 3699 1111 3753 ut
1158 3692 1222 3753 tit
1281 3711 1413 3753 cum
1470 3711 1622 3773 aqua
1683 3712 1864 3775 super
1894 3697 2110 3776 injecta

467 3782 957 3866 prunaeardentes
976 3779 1577 3863 existinguuntur,qui
1595 3802 1777 3864 vapor
1796 3784 2110 3866 aliquando

466 3875 530 3938 in
554 3874 744 3936 solum
766 3878 966 3953 caput,
990 3870 1305 3951 aliquando
1325 3879 1443 3933 toto
1464 3892 1712 3953 corpore
1737 3875 2106 3940 diffunditur.

2190 2980 2357 3061 quasi
2383 2982 2679 3059 fragorem
2701 2982 2969 3059 audiunt,
2989 2990 3046 3043 et
3068 2982 3224 3043 facili
3254 2999 3428 3042 sensu
3458 2979 3825 3057 repulsaque

2190 3069 2613 3149 defunguntur,
2647 3072 2803 3134 salvo
2832 3071 2991 3133 intus
3047 3078 3195 3132 statu
3250 3070 3433 3130 beatae
3488 3066 3671 3147 pacis,
3706 3080 3823 3145 qua

2191 3160 2709 3239 gaudentinterim
2741 3162 2801 3223 in
2850 3162 3005 3223 sinu.
3064 3161 3224 3224 Alias
3271 3175 3439 3219 versa
3490 3156 3621 3217 vice
3651 3153 3827 3216 civile

2192 3249 2669 3329 perturbatorum
2709 3252 3025 3313 aﬂ‘ectuum
3057 3250 3276 3313 bellum
3304 3255 3360 3309 et
3388 3245 3711 3308 seditiosus
3743 3255 3832 3304 tu-

2192 3340 2409 3400 multus
2430 3338 2737 3421 fertatque
2757 3340 3045 3418 agiliutus
3065 3339 3283 3401 omnia.
3320 3336 3511 3399 tristie
3548 3334 3698 3396 facie
3724 3350 3828 3394 re-

2188 3444 2321 3489 rum
2352 3436 2409 3490 et
2437 3428 2764 3490 miserabili
2822 3428 3046 3502 labore,
3102 3436 3167 3490 ut
3221 3446 3415 3507 neque
3446 3424 3546 3485 illa
3573 3431 3833 3484 extrema

2192 3516 2437 3596 patienti
2466 3536 2602 3597 spes
2630 3526 2813 3579 restet
2856 3516 3297 3598 tranquillitatis
3346 3532 3694 3577 reversurae.
3727 3510 3830 3575 Sic

2190 3606 2298 3667 ista
2316 3622 2447 3669 sese
2470 3606 2727 3667 invicem
2755 3606 3059 3686 infestant,
3086 3608 3225 3668 dum
3261 3614 3319 3668 et
3343 3604 3543 3666 anima
3571 3611 3630 3665 et
3659 3619 3831 3663 mens

2190 3713 2224 3756 a
2255 3712 2526 3775 corpore,
2561 3703 2619 3756 et
2648 3714 2815 3757 mens
2844 3695 2917 3757 ab
2946 3696 3144 3757 anima
3192 3714 3398 3757 rursus
3431 3695 3558 3774 ipsa
3592 3715 3604 3753 :
3634 3690 3837 3753 anima

2191 3802 2329 3844 vero
2352 3784 2611 3845 vicissim
2632 3804 2665 3846 a
2685 3792 2884 3846 mente
2911 3794 2968 3846 et
2988 3803 3236 3866 corpore
3257 3784 3699 3846 incommodum
3716 3800 3829 3843 ac-

2193 3873 2358 3951 cipit.
2383 3873 2589 3955 Neque
2611 3894 2751 3936 vero
2775 3875 3077 3939 individue
3101 3892 3339 3955 semper
3356 3876 3575 3950 anima,
3592 3880 3837 3935 etmens

468 3967 663 4043 Super
691 3964 818 4025 haec
847 3960 1047 4023 omnia
1074 3979 1238 4041 vero,
1270 3961 1384 4023 alia
1440 3980 1646 4024 rursus
1702 3974 1809 4041 est,
1842 3966 2105 4044 permis-
2195 3965 2526 4036 turbantur,
2548 3982 2751 4026 verum
2777 3983 2846 4026 ex
2871 3965 2964 4026 his
2984 3966 3336 4046 quandoque
3357 3965 3552 4026 anima
3574 3962 3697 4024 sola
3720 3979 3830 4042 pa-

468 4054 634 4115 sione
666 4050 806 4113 boni
836 4050 1025 4112 nostri
1057 4051 1167 4111 Dei
1199 4058 1258 4112 et
1302 4051 1562 4127 Domini,
1596 4052 1879 4131 ingruens
1909 4055 1970 4115 in
2002 4074 2108 4117 nos
2192 4053 2353 4128 titur,
2379 4062 2577 4115 mente
2599 4054 2786 4136 ipsam
2815 4054 2980 4135 quasi
3002 4074 3105 4135 pro
3129 4054 3317 4116 oﬂicio
3363 4053 3643 4116 naturalis
3673 4050 3837 4113 ami-

469 4162 505 4207 a
532 4139 899 4207 daemonibus
933 4138 1006 4200 ad
1035 4138 1433 4202 eruditionem
1467 4148 1523 4202 et
1553 4142 1868 4204 salutarem
1900 4162 2106 4206 corre-
2190 4142 2346 4204 citiae
2376 4143 2742 4207 consolante.
2791 4144 3126 4224 Aliquando
3178 4161 3345 4206 mens
3397 4155 3721 4209 excaecatur
3773 4157 3843 4212 et

470 4232 752 4310 ctionem,
785 4227 1053 4327 reptatio.
1089 4227 1290 4327 Qualis
1318 4247 1454 4291 vera
1508 4230 1773 4327 haec-est
1807 4249 1823 4307 ;
1857 4233 2106 4311 gravedo
2129 4232 2481 4327 l)obruitur,
2502 4233 2643 4295 dum
2664 4234 3069 4296 animalibera
3110 4252 3461 4312 permanens
3491 4237 3705 4299 virtute
3733 4237 3841 4299 di-

469 4320 598 4401 ipsa
628 4316 897 4397 corporis
927 4329 986 4377 et
1018 4334 1090 4377 ex
1121 4317 1378 4379 maxime
1401 4318 1781 4381 terrestribus
1806 4340 1875 4383 ac
1892 4322 2109 4383 crassis
2131 4316 2170 4327 ”
2193 4322 2311 4382 vini
2341 4322 2495 4401 ignis
2525 4322 2704 4402 abigit
2726 4323 3062 4402 caliginem,
3087 4332 3145 4384 et
3171 4323 3364 4385 velum
3400 4325 3571 4398 tollit,
3604 4327 3837 4390 visum-

471 4410 597 4487 ejus
623 4405 855 4469 fecibus
910 4405 1245 4468 lentescens
1297 4415 1501 4487 torpor
1556 4408 1829 4471 tristitiae.
1864 4410 2109 4483 Quando

470 4496 649 4559 etiam
690 4494 821 4555 sine
851 4512 1001 4555 nova
1054 4504 1376 4575 apparente
1435 4517 1609 4560 causa
1663 4499 1723 4559 in
1756 4518 1991 4579 poenam
2028 4500 2106 4561 ti-

474 4583 781 4648 tillationis
837 4588 1013 4645 unius
1072 4601 1235 4646 vanae
1291 4585 1575 4663 gloriolae,
1666 4587 1759 4649 cui
1819 4588 1969 4651 forte
2023 4589 2111 4651 in-

473 4671 835 4736 dulserimus
864 4689 1221 4735 consensum
1253 4683 1356 4736 aut
1408 4673 1967 4739 delectatiunculam
2000 4698 2108 4740 vo-

473 4760 814 4833 luntariam,
873 4767 974 4821 aut
1053 4761 1211 4841 quod
1289 4763 1348 4823 in
1425 4765 1767 4844 superbiam
1829 4767 1966 4829 elati
2024 4768 2110 4829 si-

471 4870 627 4934 mus,
659 4850 937 4932 quodque
970 4849 1044 4911 de
1073 4848 1204 4911 aliis
1256 4862 1484 4914 temere
1506 4854 1800 4932 judicium
1832 4857 2111 4938 praecipi-

476 4941 818 5013 taverimus,
851 4938 953 5020 qui
985 4941 1304 5001 multorum
1364 4943 1744 5022 quotidianus
1775 4954 1863 5006 est
1888 4947 2110 5026 lapsus,

468 5030 560 5092 vel
582 5030 728 5092 alias
753 5029 968 5092 multas
991 5028 1065 5091 ob
1090 5047 1295 5091 causas
1316 5029 1410 5091 isti
1434 5031 1686 5094 daemoni
1712 5034 2117 5097 condonamur

468 5121 533 5183 in
552 5119 855 5182 interitum
877 5118 1117 5200 quidem
1141 5119 1357 5193 carnis,
1383 5120 1797 5183 contritionem
1821 5142 1958 5186 vero
1979 5125 2112 5186 ani-

470 5228 604 5287 mae,
628 5207 1179 5290 probationemque,
1196 5217 1332 5270 etex
1342 5208 1744 5272 ercitationem
1763 5212 2112 5293 ampliorem

469 5300 625 5379 ejus,
660 5305 781 5359 tum
807 5305 870 5359 ut
892 5305 1060 5384 capto
1078 5298 1317 5359 interim
1336 5298 1742 5379 experimento
1769 5302 2113 5364 misericor-

466 5389 731 5452 dissimae
745 5388 1172 5468 compassionis
1199 5388 1307 5452 Dei
1330 5408 1468 5469 erga
1491 5409 1597 5452 nos
1620 5399 1805 5454 totum
1834 5392 1896 5454 in
1920 5394 2114 5475 ipsum

468 5498 540 5541 ex
558 5478 789 5540 sincera
811 5477 1239 5557 praparatione
1262 5478 1446 5541 animi
1487 5480 1916 5545 transferamus
1942 5502 2113 5545 amo-

466 5585 620 5648 rem,
649 5564 1070 5647 desideriaque
1102 5564 1302 5629 omnia
1332 5574 1391 5629 et
1421 5584 1561 5649 spes
1592 5569 1798 5653 inipso
1818 5571 1984 5654 fixas,
2017 5590 2105 5635 ex-

2190 4431 2307 4492 que
2337 4412 2520 4474 menti
2551 4414 2836 4476 restituit.
2871 4416 3188 4492 Propterea
3241 4412 3384 4486 dixi,
3439 4433 3472 4474 ο
3520 4418 3721 4479 Patres
3772 4427 3838 4481 et

2190 4500 2450 4583 Fratres,
2482 4509 2759 4583 oportere
2789 4522 2908 4564 non
2937 4503 3127 4563 solum
3163 4508 3333 4565 notas
3363 4521 3494 4565 esse
3526 4505 3694 4569 nobis
3723 4526 3836 4570 va-

2190 4590 2430 4653 rietates
2462 4591 2956 4672 mutationesque,
3017 4609 3085 4652 ac
3142 4591 3482 4670 contingere
3542 4595 3740 4656 solitas
3767 4597 3838 4659 in

2192 4680 2368 4742 nobis
2396 4680 2777 4742 alterationes
2806 4700 2819 4745 :
2856 4681 2961 4743 sed
2994 4682 3149 4743 scire
3172 4682 3346 4743 etiam
3373 4691 3659 4763 praeterea
3674 4685 3839 4748 unde

2192 4771 2335 4851 ipsae
2366 4778 2424 4831 et
2453 4770 2750 4851 quomodo
2795 4777 2853 4832 et
2905 4788 2939 4832 a
2990 4770 3203 4852 quibus
3259 4772 3579 4854 qualesque
3610 4774 3841 4853 spirent

2194 4859 2616 4939 cogitationum
2648 4861 2845 4936 venti;
2880 4868 2937 4922 et
2961 4880 3027 4921 ex
3058 4860 3274 4941 quibus
3303 4861 3564 4924 fontibus
3594 4864 3841 4926 effluant

2196 4958 2371 5031 atque
2403 4947 2703 5011 exundent
2732 4948 2975 5010 flumina
3006 4950 3519 5029 perturbationum
3552 4955 3837 5015 tentatio-

2197 5058 2482 5120 numque,
2517 5046 2580 5100 ut
2611 5047 2669 5099 et
2712 5039 2935 5099 donum
2978 5038 3191 5100 animae
3248 5040 3729 5103 constabiliamus
3758 5044 3838 5105 ad

2198 5128 2539 5191 firmitatem
2562 5127 2891 5189 resistendo
2915 5146 3140 5208 parem,
3168 5137 3225 5189 et
3250 5129 3711 5208 gubernaculum
3733 5151 3842 5194 na-

2196 5218 2284 5279 vis
2313 5224 2533 5279 nostraa
2560 5216 2885 5297 dirigamus
2916 5217 3192 5293 feliciter,
3230 5238 3347 5279 non
3399 5225 3597 5283 autem
3626 5221 3845 5285 inscite

2196 5307 2523 5387 ignavaque
2557 5312 2895 5367 tractemus.
2934 5303 3158 5367 Horum
3208 5315 3403 5369 autem
3436 5309 3842 5388 cognitionem

2197 5416 2338 5459 usus
2357 5395 2631 5459 assiduus
2653 5403 2710 5456 et
2732 5394 3097 5474 experientia
3128 5395 3302 5475 longe
3326 5397 3456 5458 vitae
3476 5398 3841 5479 suppeditat,

2196 5505 2331 5547 cum
2357 5485 2665 5548 exactione
2693 5483 2826 5544 vitae
2855 5484 3007 5544 intra
3040 5483 3336 5546 inviolatae
3377 5485 3711 5567 disciplina;
3737 5488 3849 5550 ob-

2196 5574 2591 5638 servationem
2608 5579 2813 5637 sancte
2842 5581 3176 5637 transactw.
3205 5572 3361 5638 Sane
3381 5594 3531 5657 opus
3554 5584 3645 5639 est
3671 5578 3846 5660 quis-
