4054 6114
232 267 382 340 893
1631 275 1908 340 carm
1949 272 2343 339 MORALlAr
3519 251 3643 338 691'

237 406 716 489 quemonachus
727 423 974 488 scopum
988 405 1185 471 sibiac
1207 408 1389 472 ﬁnem
1403 408 1669 492 quotidie
1687 406 1912 491 praesti-
1931 415 1983 480 Α⁴
1994 424 2270 470 currens.
2305 404 2432 480 Quo
2459 404 2520 468 id
2553 421 2790 488 quoque
2805 409 3204 485 consequetur
3228 407 3297 466 ut
3323 419 3533 492 eorum
3564 401 3641 466 de
3662 435 3688 461 ο

232 500 405 571 tuat,
433 493 922 577 prapositumque
967 495 1126 558 velut
1175 496 1238 559 in
1267 491 1596 580 exemplari
1625 497 1907 561 continuo
1991 496 2208 579 quibus
2236 495 2467 576 egimus
2499 495 2765 557 omnium
2796 493 3121 576 perfectam
3151 491 3458 555 scientiam
3487 511 3638 554 con-

232 592 484 657 cernat,
512 603 628 666 quo
650 584 1678 668 quamquediemtransigereipsum
1702 585 1910 649 deceat
1989 594 2292 666 sequatur,
2329 584 2670 667 peritusque
2726 582 3046 665 aliquando
3100 581 3379 662 magister
3432 581 3642 646 evadat

237 674 438 736 modo
462 680 560 734 :ut
578 683 855 736 strenuus
875 673 948 735 ad
969 674 1314 738 exercitium
1337 675 1570 739 virtutis
1589 675 1688 752 sit,
1714 694 1906 757 neque
1991 675 2312 737 multorum
2344 674 2591 736 aliorum
2627 692 2641 736 :
2693 672 3043 734 illuminans
3089 679 3147 733 et
3174 670 3340 734 verbi
3371 671 3644 734 doctrina

237 763 381 824 ullo
405 761 480 824 ab
505 760 619 823 isto
641 780 820 824 cursu
837 760 1157 843 imperitiae
1185 763 1617 843 impedimento
1640 764 1910 826 retarde-
1992 773 2051 826 et
2081 765 2215 826 vitae
2245 765 2518 845 exemplo
2545 768 2966 826 éonversantes
3010 779 3236 839 secum,
3267 767 3470 841 utpote
3494 758 3649 827 illu-,

238 857 378 914 tur.
411 849 692 920 Sic,enim
732 851 1008 932 quamvis
1046 869 1319 933 asperam
1342 861 1403 915 et
1425 852 1783 916 laboriosam
1814 853 1908 914 di-
1990 853 2247 914 minatus
2285 861 2348 914 et
2373 853 2504 933 ipse
2533 852 2814 934 desuper,
2849 859 2907 913 et
2935 851 3209 913 revelans
3240 848 3534 931 profunda
3564 848 3640 911 iis

233 939 526 1022 sciplinaa
552 939 704 1001 viam
735 939 1100 1002 consuetudo
1132 952 1190 1003 et
1218 941 1373 1006 bene
1399 943 1616 1023 agendi
1640 961 1786 1005 usus
1810 951 1905 1005 at-
1986 942 2090 1023 qui
2149 942 2289 1003 dum
2346 941 2648 1003 desiderio
2697 946 2966 1022 quaerunt
3037 937 3331 1021 profunda
3386 936 3642 1020 Spiritus

239 1048 377 1111 que
408 1027 644 1092 habitus
664 1029 835 1110 quasi
851 1029 1200 1110 comquabit.
1235 1031 1451 1112 Sicque
1481 1033 1604 1094 Deo
1649 1030 1908 1112 placebit
1988 1031 2212 1094 dicere.
2246 1029 2313 1091 In
2343 1031 2577 1094 Christo
2607 1029 2747 1094 Jesu
2781 1030 3032 1092 Domino
3073 1037 3298 1106 nostro,
3330 1027 3426 1091 cui
3453 1027 3645 1109 gloria

231 1117 496 1182 assidue
526 1119 850 1198 proﬁciens
875 1125 930 1180 et
955 1119 1418 1182 ascensionesiu
1441 1119 1623 1182 corde
1654 1138 1760 1182 suo
1792 1119 1910 1182 dis-
1989 1129 2047 1183 et
2092 1128 2353 1201 potestas
2378 1120 2440 1181 in
2470 1119 2688 1182 saecula
2709 1119 3090 1183 saeculorum.
3134 1119 3356 1183 Amen.

233 1226 508 1292 ponens,
542 1227 611 1272 ex
635 1208 886 1273 modicis
914 1209 989 1271 ad
1021 1209 1248 1290 majora
1281 1217 1339 1272 et
1368 1209 1727 1292 perfectiora
1758 1228 1902 1292 pro-

288 1357 2345 1385 ω

1209 1491 1338 1542 ΤΟΥ
1383 1490 1580 1543 ΟΣΙΟΥ
1626 1492 1740 1543 ΚΑΙ
1786 1488 2136 1541 ΘΕΟΦΟΡΟΥ
2182 1488 2442 1540 ΠΑΤΡΟΣ
2488 1487 2686 1540 ΗΜΩΝ

1548 1621 2367 1840 ΣΥΜΕΩΝ

968 1980 1318 2110 ΤΟΥ
1418 1977 1892 2108 ΝΕΟΥ
1977 1977 2934 2111 ΘΕΟΛΟΓΟΥ

735 2240 1097 2331 ΛΟΓΟΣ
1190 2241 1454 2330 ΠΕΡΙ
1542 2241 2058 2347 ΠΙΣΤΕΩΣ,
2154 2240 2341 2325 ΚΑΙ
2423 2242 3154 2328 ΔΙΔΑΣΚΑΛΙΑΣ

1447 2443 1555 2496 ΕΙΣ
1608 2443 1944 2496 ΕΚΕΙΝΟΥΣ
1989 2442 2167 2495 ΟΠΟΥ
2211 2439 2475 2494 ΛΕΓΟΥΝ

1056 2617 1148 2667 Οτι
1178 2607 1262 2667 δὲν
1292 2608 1432 2666 εἶναι
1463 2605 1676 2666 δυνατὸν
1707 2605 1926 2681 ἐκε’ίνοι,
1961 2606 2093 2662 61:06
2123 2605 2445 2685 εὑρίσκονται
2477 2604 2612 2682 μέσα
2641 2606 2714 2670 εἷς
2744 2606 2835 2663 τὸν

429 2742 654 2824 κόσμον,
685 2745 776 2801 καὶ
806 2741 967 2826 ἔχουν
994 2743 1260 2825 φροντίδες
1291 2755 1578 2820 κοσμικαῖς
1611 2741 1686 2818 μὰ
1714 2739 1936 2821 φθᾶσουν
1972 2739 2044 2802 εἷς
2076 2739 2173 2806 τὴν
2201 2735 2512 2805 τελειότητα
2539 2742 2638 2804 τῆς
2667 2738 2859 2818 ἀρετῆς
2890 2755 2904 2770 ⁶
2938 2743 3027 2798 καὶ
3053 2739 3301 2823 διὴγησις
3331 2745 3449 2825 περὶ

715 2879 900 2937 τούτου
929 2882 1003 2946 εἰς
1033 2880 1130 2948 τὴν
1162 2879 1363 2960 ἀρχὴν,
1397 2877 1572 2936 πολλὰ
1599 2874 1866 2958 ὠφέλιμος
1894 2892 1908 2907 ο
1941 2873 2029 2929 καὶ
2059 2870 2517 2951 ἐμεταγλωττίσθη
2548 2875 2620 2938 εἶς
2649 2875 2710 2932 τὸ
2740 2873 2963 2954 ἁπλοῦν,
2994 2874 3080 2934 διὰ
3108 2877 3186 2956 μὰ

1485 3011 1546 3069 τό
1573 3005 1959 3084 καταλαμϐάνῃ
1989 2967 2104 3064 κᾶθ’
2134 3003 2252 3069 ἕνας

335 3261 580 3346 Ἀδελφοί
640 3289 742 3342 μου
810 3265 1176 3344 περιπόθητοι,
1248 3267 1337 3322 καὶ
1407 3263 1657 3344 Πατέρες,
1726 3259 2078 3328 πολλαΒτὴν
2110 3261 2435 3340 εὑρίσκομεν.
2469 3258 2689 3329 Ἐπειδὴ
2745 3262 2832 3318 καὶ
2886 3264 2920 3330 ἡ
2981 3264 3156 3330 πίστις
3207 3265 3350 3324 εἶναι
3398 3267 3640 3348 χάρισμα

236 3350 419 3410 καλὸν
487 3354 576 3411 καὶ
641 3353 1120 3436 ψυχωφελέστατον
1179 3361 1396 3434 πρᾶγμα
1450 3353 1613 3423 εἶναι,
1688 3353 1753 3409 νὰ
1793 3373 1904 3418 κη-

237 3443 521 3523 ρύττωμεν
592 3446 665 3508 εἷς
735 3443 888 3508 ὅλους
943 3449 1136 3508 κοινῶς
1206 3446 1267 3500 τὸ
1337 3443 1476 3521 μέγα
1532 3443 1621 3499 καὶ
1690 3440 1904 3520 ἄπειρον

234 3530 402 3596 ἔλεος
431 3540 523 3590 106
574 3533 878 3611 παναγάθου
932 3535 1020 3590 καὶ
1052 3531 1340 3591 πολυελὲου
1396 3538 1527 3589 Θεοῦ
1582 3532 1760 3607 ἡμῶν,
1819 3529 1906 3585 καὶ

236 3619 322 3676 νᾶ
349 3621 729 3702 φανερώνωμεν
777 3624 850 3686 εἰς
908 3621 1062 3686 ὅλους
1115 3624 1236 3686 τοὺς
1293 3620 1541 3702 ἀδελφούς
1601 3642 1710 3696 μασ
1770 3626 1902 3698 Χρι-

236 3711 492 3775 στιανοὺς
519 3714 582 3768 τὸ
622 3710 1013 3792 ἀνεξιχνίαστον
1071 3712 1304 3790 πέλαγος
1358 3718 1457 3779 τῆς
1512 3708 1902 3788 εὔσπλαγχνίας

238 3800 465 3868 καὶτῆς
520 3800 847 3878 ἆγαθότητος
904 3809 998 3858 106
1055 3809 1186 3858 Θεοῦ
1242 3803 1374 3858 ὁπηῦ
1431 3802 1549 3880 ἔχει
1606 3801 1678 3863 εἰς
1732 3800 1898 3872 ἡμᾶς.

242 3886 401 3966 Ἐγὼ
445 3889 654 3964 λοιπὸν,
707 3891 880 3955 καθὼς
936 3892 997 3946 τὸ
1055 3889 1299 3967 βλέπετε,
1360 3888 1573 3968 ἀδελφοί
1629 3910 1753 3964 μου,
1816 3887 1902 3940 καὶ

242 3980 430 4045 καθὼς
497 3981 559 4036 τὸ
614 3977 834 4058 ἰξεύρετε
889 3977 1194 4055 καλώτατα,
1253 3980 1391 4055 μήτε
1449 3977 1692 4044 νηστείας
1759 3972 1900 4031 πολ-

244 4070 355 4134 λὰς
409 4070 496 4127 καὶ
549 4067 894 4147 ὑπερϐολικὰς
956 4069 1150 4146 ἐκαμα,
1211 4069 1349 4144 μήτε
1406 4066 1711 4144 ἀγρυπνίας,
1764 4064 1902 4138 μήτε

248 4157 665 4240 χαμαικοιτίας,
725 4155 862 4215 ἀλλὰ
912 4158 1050 4233 μήτε
1106 4155 1292 4222 ἄλλαις
1350 4157 1665 4235 παρόμοιαις
1695 4151 1901 4240 σκληρ-

246 4239 510 4324 ὰγωγίαις
577 4252 669 4302 τοῦ
737 4245 982 4320 σώματος
1053 4243 1452 4323 ὑπερϐολικαϊς,
1526 4241 1662 4299 ἀλλὰ
1731 4239 1902 4319 ἐγνώ-

251 4359 382 4417 ρισα
447 4337 548 4404 τὴν
601 4335 918 4402 ἆναξιότητά
974 4357 1098 4410 μου,
1145 4335 1517 4414 ἐστοχάσθηκα
1575 4334 1667 4396 τὰς
1725 4333 1903 4409 ἁμαρ-

249 4423 374 4488 τίας
447 4446 571 4503 μου,
631 4421 1002 4502 ἐκατηγόρησα
1065 4424 1155 4479 τὸν
1215 4423 1398 4479 ἑαυτὸν
1455 4444 1576 4497 μου,
1637 4421 1724 4477 καὶ
1779 4419 1906 4475 ἐτα-

250 4513 580 4586 πεινώθηκα,
639 4513 728 4567 καὶ
795 4513 823 4566 6
893 4509 1396 4589 πολυεύσπλαγχνος
1445 4511 1534 4566 καὶ
1599 4508 1957 4586 πανάγαθοςο
1981 4507 2266 4586 φαντασίαν
2338 4505 2647 4584 ἐξωτερικὴν
2740 4505 3174 4584 ἐπεριπατοῠσεν,

255 4601 445 4680 Κύριος
475 4601 542 4678 μὲ
570 4602 697 4657 αὐτὸ
725 4621 793 4676 με
823 4600 1011 4679 ἔσωσε,
1043 4602 1216 4665 καθὼς
1246 4601 1307 4656 τὸ
1353 4597 1495 4678 λέγει
1545 4599 1632 4654 καὶ
1674 4599 1702 4654 6
1756 4600 1898 4662 θεῖος

256 4688 418 4749 Δαϐίδ
449 4707 463 4722 °
500 4712 524 4750 ε
592 4687 1004 4768 Ἐταπεινώθην,
1050 4691 1137 4745 καὶ
1194 4687 1358 4745 ἔσωσέ
1416 4710 1505 4762 με.
1574 4710 1597 4742 ι)
1661 4687 1760 4744 Καὶ
1815 4683 1901 4741 διὰ

250 4780 333 4838 πὰ
364 4786 458 4845 σᾶς
506 4780 569 4836 τὸ
605 4780 753 4835 εἰπῶ
792 4777 858 4854 μὲ
914 4777 1066 4856 ὀλίγα
1119 4776 1294 4856 λόγια,
1356 4777 1632 4835 ἐπίστευσα
1687 4774 1902 4854 μοναχὰ

250 4870 329 4933 εἷς
358 4869 424 4931 τὰ
451 4866 606 4947 λόγια
632 4873 725 4924 106
768 4872 921 4946 Θεοῦ,
979 4867 1066 4923 καὶ
1115 4866 1182 4941 μὲ
1237 4864 1430 4946 ἐδέχθη
1489 4867 1516 4920 6
1573 4864 1758 4942 Κύριος
1814 4862 1901 4918 καὶ

251 4957 386 5023 Θεός
442 4979 543 5033 μου
597 4956 666 5031 μὲ
723 4956 884 5023 αὐτὴν
926 4954 1026 5022 τὴν
1054 4955 1231 5011 πίστιν
1265 4975 1277 4987 ’
1342 4951 1524 5020 ἐπειδὴ
1580 4953 1668 5007 καὶ
1721 4952 1783 5007 τὸ
1841 4950 1904 5005 νὰ

252 5047 539 5122 ἇποκτήσῃ
568 5045 713 5109 τινας
766 5043 863 5111 τὴν
916 5044 1254 5124 ταπείνωσιν,
1300 5044 1522 5121 εὕρισκει
1574 5038 1748 5096 πολλὰ
1803 5037 1900 5114 ἒμο

245 5134 408 5194 πόδια
438 5138 571 5192 61:06
595 5135 686 5189 τὸν
715 5130 1018 5208 ἐμποδίζων
1053 5149 1066 5161 ⁸
1100 5132 1214 5207 ἆμή
1262 5133 1323 5187 τὸ
1381 5131 1444 5186 να
1500 5127 1626 5210 εὸρη
1672 5128 1772 5196 τὴν
1805 5128 1900 5183 πί-

253 5247 372 5282 στιν
399 5224 488 5281 καὶ
514 5224 580 5280 νὰ
607 5221 864 5297 πιστεύσῃ
896 5222 967 5285 εἷς
1011 5221 1079 5276 τὰ
1107 5220 1261 5298 λόγια
1287 5226 1379 5276 τοῦ
1423 5226 1576 5294 Θεοῦ,
1621 5217 1702 5274 δέν
1754 5216 1896 5272 εἶναι

254 5313 448 5372 ’ἀνένα
476 5307 723 5386 ἐμπόδιον
775 5311 906 5364 61:06
960 5309 1023 5364 να
1093 5310 1183 5366 τὸν
1237 5307 1498 5385 ἐμποδίσῃ
1531 5325 1546 5340 ⁸
1609 5305 1743 5362 διατὶ
1798 5304 1897 5362 ἆν-

252 5403 378 5466 ίσως
407 5402 495 5459 καὶ
521 5397 830 5472 θελήσωμεν
887 5395 939 5462 ἐξ
993 5395 1123 5464 ὅλης
1167 5419 1270 5472 pa;
1317 5403 1416 5465 τῆς
1467 5401 1652 5476 ψυχῆς
1706 5395 1776 5452 κὰ
1805 5391 1897 5450 είς..

255 5511 429 5570 ρωμεν
479 5489 578 5558 τὴν
661 5486 857 5562 πίστιν,
916 5487 1169 5566 παρευθὺς
1239 5488 1404 5567 χωρὶς
1473 5483 1666 5542 κᾶνένα
1731 5482 1898 5541 κόπον

1987 3357 2079 3406 τοῦ
2108 3351 2407 3428 παναγάθου
2457 3357 2588 3408 Θεοῦ
2635 3353 2766 3409 61:06
2821 3357 2927 3427 μᾶς
2984 3353 3046 3408 τὸ
3095 3351 3313 3434 ἐχάρισε
3358 3357 3550 3437 φυσικὰ
3577 3359 3641 3417 νὰ

1986 3439 2048 3493 τὸ
2078 3437 2291 3519 ἔχωμεν
2340 3440 2414 3504 είς
2461 3439 2559 3506 την
2607 3439 2902 3519 προαίρεσίν
2951 3463 3082 3521 μας,
3139 3443 3227 3499 καὶ
3283 3441 3410 3500 ὅταν
3465 3445 3636 3503 θέλω-

1988 3549 2082 3602 μεν
2117 3528 2176 3584 νά
2201 3528 2261 3583 τὸ
2291 3525 2528 3605 ἔχωμεν.
2584 3527 2680 3583 Διὰ
2735 3535 2889 3585 τοῦτο
2945 3527 3212 3605 βλέπυμεν
3261 3533 3289 3587 6
3345 3539 3449 3590 1:06
3475 3535 3563 3590 καὶ
3593 3537 3639 3591 οἱ

1988 3615 2234 3695 Τάτχροι,
2295 3617 2382 3672 καὶ
2439 3619 2485 3672 οἱ
2541 3613 2787 3696 βάρϐαροι
2836 3617 2924 3673 καὶ
2977 3615 3074 3674 ὅλα
3105 3619 3170 3674 τὰ
3194 3617 3314 3686 ἔθνη
3347 3618 3505 3700 ἔχουν
3535 3644 3638 3701 φυ-

1985 3703 2106 3759 σικὰ
2134 3703 2231 3770 τὴν
2262 3704 2457 3776 πίστιν,
2513 3706 2600 3762 καὶ
2655 3704 2888 3761 πιστεύει
2947 3707 2975 3762 6
3033 3704 3152 3771 ἕνας
3210 3708 3282 3770 εἷς
3329 3715 3423 3764 τοῦ
3477 3707 3637 3767 ἄλλοι)

1983 3794 2050 3849 τὰ
2099 3792 2276 3871 λόγια,
2334 3797 2421 3852 καὶ
2471 3794 2706 3876 δείχνουν
2759 3795 2932 3852 πίστιν
2989 3794 3281 3872 ἁναμεταξύ
3329 3819 3474 3862 τους.
3538 3799 3640 3857 Καὶ

1984 3879 2068 3937 διὰ
2137 3884 2200 3938 να
2272 3890 2365 3949 σᾶς
2434 3883 2688 3950 ἀποδείξω
2757 3884 2937 3941 ἐτοῠτο
3005 3887 3136 3942 ὀποῦ
3205 3883 3344 3962 λέγω
3415 3887 3484 3961 μὲ
3535 3888 3636 3955 τὴν

1983 3969 2190 4050 πρᾶξιν,
2249 3974 2337 4028 καὶ
2393 3971 2484 4053 ὅχι
2534 3975 2602 4048 μὲ
2655 3973 2808 4050 λόγια
2863 3973 3072 4048 μοναχά
3118 3973 3374 4030 ἀκούσατε
3402 3975 3502 4042 τὴν
3530 3975 3637 4032 κά-

1982 4062 2146 4116 τωθεν
2215 4058 2459 4139 διήγησιν
2496 4079 2509 4094 ’
2587 4060 2817 4126 Κᾶποιος
2907 4061 3167 4141 Γεώργιος
3223 4063 3636 4145 ὀνομαζόμενος,

1985 4148 2098 4214 νέος
2155 4149 2326 4206 πολλὰ
2381 4153 2453 4214 εἰς
2529 4152 2628 4218 τὴν
2703 4149 2938 4230 ἡλικίαν,
2995 4151 3097 4216 ἕως
3151 4151 3324 4209 εἴκοσι
3398 4153 3636 4234 χρόνων,

1987 4237 2320 4296 ἐκατοικοῦσε
2379 4239 2516 4315 μέσα
2571 4241 2643 4305 εἰς
2711 4240 2811 4307 τὴν
2883 4239 3432 4299 Κωνσταντινούπολιν
3494 4242 3639 4322 τώρα

1989 4329 2060 4392 εἰς
2116 4329 2235 4393 τοὺς
2287 4329 2496 4406 καιροὺς
2547 4329 2666 4393 τοὺς
2724 4325 2924 4392 ἐδικοὺς
2981 4351 3086 4403 μας
3121 4345 3135 4359 ⁸
3189 4332 3218 4386 6
3265 4331 3454 4397 ὁποῖος
3504 4330 3636 4399 ἦτον

1990 4414 2245 4496 εὔμορφος
2315 4415 2485 4474 πολλὰ
2557 4419 2652 4481 εἰς
2703 4416 2802 4484 τὴν
2877 4417 3118 4496 Θεωρίαν,
3192 4420 3280 4475 καὶ
3349 4419 3418 4495 μὲ
3473 4419 3638 4487 τόσην

3263 4510 3394 4565 ὀποῦ
3451 4507 3638 4566 πολλοὶ

1983 4596 2074 4650 τὸν
2104 4595 2270 4674 εἶχαν
2301 4596 2372 4658 εἰς
2425 4594 2680 4674 ἀχαμνὴν
2725 4593 3019 4670 ὑπόληψιν,
3072 4594 3328 4676 μάλιστα,
3363 4596 3476 4654 ὅσοι
3508 4619 3639 4654 συν-

1983 4685 2187 4754 ηθίζουν
2246 4684 2307 4738 νὰ
2375 4684 2645 4754 κοιτάζουν
2717 4683 2878 4759 μόνον
2934 4686 2995 4740 τὸ
3065 4684 3372 4766 ἐξωτερικὸν
3444 4692 3638 4768 σχῆμα

1982 4781 2076 4830 106
2104 4772 2395 4851 ἀνθρώπου,
2449 4774 2536 4829 καὶ
2570 4774 2736 4853 χωρὶς
2784 4774 2849 4830 νὰ
2899 4770 3126 4853 ἶξεόρουν
3173 4776 3240 4836 τὰ
3286 4776 3489 4855 κρυπτὰ
3546 4783 3640 4833 τοῦ

1982 4861 2107 4917 κάθε
2177 4862 2316 4941 ἐνὸς,
2387 4862 2478 4918 τὸν
2567 4861 2934 4940 κατακρίνουν,
3007 4864 3097 4920 καὶ
3163 4865 3394 4942 γίνονται
3465 4865 3637 4943 κριταὶ

1981 4949 2267 5029 ἀδιαιριτοι
2337 4953 2410 5016 εἰς
2481 4951 2603 5016 τοὺς
2676 4948 2886 5017 ἄλλους.
2966 4959 3160 5018 Τοῦτος
3231 4954 3260 5010 6
3316 4951 3430 5018 νέος
3480 4949 3637 5009 ἔλαϐε

1981 5041 2267 5118 γνωριμίαν
2353 5041 2420 5116 μὲ
2505 5038 2597 5096 ἕνα
2687 5043 2930 5121 μοναχὸν
3002 5042 3298 5119 ἁγιώτατον
3367 5039 3635 5121 ἄνθρωπον

1983 5129 2136 5184 61:06
2185 5127 2546 5188 ἐκατοικοῦσεν
2617 5130 2690 5194 εἷς
2747 5126 2840 5186 ἕνα
2895 5132 3252 5209 μοναστήριον
3303 5135 3402 5198 τῆς
3478 5139 3636 5188 Κων-

1979 5216 2485 5291 σταντινουπόλεως,
2585 5219 2673 5274 καὶ
2767 5217 3174 5299 φανερώνωντάς
3245 5225 3339 5276 106
3395 5216 3494 5275 ὅλα
3569 5218 3636 5276 τὰ

1978 5307 2180 5385 κρυπτὰ
2209 5311 2307 5373 τῆς
2337 5305 2548 5386 καρδίας
2607 5329 2699 5364 του
2747 5313 2840 5364 τοῦ
2888 5305 3043 5362 εἴπεν
3100 5305 3262 5382 ἀκόμι
3300 5307 3388 5364 καὶ
3417 5305 3498 5363 ὅτι
3526 5329 3636 5365 πο·-

1978 5398 2062 5452 θεϊ
2090 5395 2189 5451 τὴν
2220 5397 2482 5476 σωτηρίαν
2527 5401 2625 5464 τῆς
2684 5401 2869 5477 ψδχῆς
2916 5416 3032 5467 του,
3083 5396 3173 5452 καὶ
3219 5393 3335 5476 ἔχει
3389 5393 3633 5474 μεγάλην

1980 5482 2252 5560 ἐπιθυμίαν
2308 5485 2371 5540 νὰ
2439 5483 2771 5566 ἀναχωρήσῃ
2839 5484 2945 5542 ἀπὸ
3011 5485 3104 5542 τὸν
3155 5484 3380 5562 κόσμον,
3424 5485 3514 5542 καὶ
3571 5485 3637 5544 νὰ

348 5658 435 5741 (a)
465 5652 945 5741 Translationem
969 5652 1140 5741 istam
1167 5651 1231 5716 in
1262 5652 1645 5719 vernaculum
1675 5668 2016 5717 sermonem
2046 5653 2316 5718 Graecum
2335 5659 2399 5715 ut
2417 5651 2734 5719 Latinitate
2762 5655 3123 5722 donaremus
3151 5671 3347 5740 operae
3375 5652 3631 5740 pretium

258 5739 392 5807 fore
413 5733 540 5804 'non
567 5734 870 5803 duximus.
897 5736 1066 5802 Eorr.
1097 5733 1281 5801 Pam.
