4076 6114
284 253 414 323 097
1796 251 1913 317 .1111
1943 249 2148 319 mm.
3550 256 3672 330 σου

285 394 405 463 λῶς
447 397 523 465 ιῑς
563 398 655 457 τὸν
696 400 817 454 νοῦν
855 416 974 471 του,
1017 394 1135 471 ἀμὴ
1177 386 1524 467 ἀλησμόνησε
1559 386 1774 455 τελείως
1817 384 1942 445 ὅλον
1958 391 2008 447 Δ
2022 386 2113 447 καὶ
2138 386 2234 472 ὅχι
2257 387 2418 457 ἄλλος
2445 409 2465 467 ;
2494 392 2595 452 Καὶ
2625 391 2690 453 νᾶ
2729 392 2862 452 ὀποῦ
2889 394 2964 460 είς
3016 400 3199 455 τοῦτον
3253 395 3348 454 τὸν
3400 392 3520 455 νέον
3547 394 3676 456 ἀκο-

288 488 392 544 τὸν
432 486 653 565 κόσμον,
696 488 785 545 καὶ
826 483 1115 562 ἀνταμώθη
1156 479 1303 554 ὅλος,
1347 480 1437 538 καὶ
1503 477 1673 558 ἕγινεν
1743 476 1837 536 ἕνα
1878 475 1948 554 μὲ
2027 478 2252 548 λούθησε
2291 482 2659 563 περισσότερον
2687 483 2794 541 ἀπὸ
2832 484 2925 543 τὸν
2980 482 3161 561 Δαϐὶδ,
3224 485 3372 543 Διατὶ
3425 487 3456 543 6
3516 483 3675 544 Δαϐὶδ

290 577 366 633 τὸ
410 582 519 659 φῶς
561 577 739 636 ἐκεῖνο
778 578 841 635 τὸ
881 576 1085 650 θετκὸν,
1116 573 1206 629 καὶ
1235 575 1330 628 τοῦ
1370 568 1609 659 ἐφαίνετο
1642 570 1786 659 ,πῶς
1809 566 1948 646 ἕγινε

295 668 397 724 καί
424 654 591 732 *αὐτὸς
633 671 770 747 φῶς,
812 666 901 723 καὶ
939 664 1067 733 ἦτον
1108 660 1231 727 ὅλος
1285 658 1537 747 γεμάτος
1562 657 1668 747 ἀπὸ
1729 654 1946 747 δάκρυα,

296 756 397 814 καὶ
436 756 541 813 ἀπὸ
569 742 692 832 μίαν
733 742 904 836 χαρὰν
966 750 1349 830 ἀνεκδιήγητον
1382 765 1398 783 °
1463 746 1568 836 καὶ,
1615 744 1806 836 ὕστεροι

298 850 461 902 τοῦτο
502 844 663 913 ἀνέϐη
692 832 881 909 δ’νοῦς
923 865 1015 900 του
1056 842 1130 907 είς
1191 839 1312 903 τοὺς
1375 835 1644 917 οὐρανοὺς,
1707 835 1796 891 καὶ
1837 832 1954 890 ἐκεῖ

298 930 450 990 εἶδεν
490 931 624 991 ἄλλο
665 938 778 1014 φῶς
818 931 981 991 πλέον
1042 927 1428 1009 λαμπρότερον,
1494 925 1583 982 καὶ
1619 923 1812 1014 ,κοντα
1879 922 1953 987 είς

298 1021 484 1080 ἐχετνο
509 1024 570 1079 τὸ
750 1028 842 1079 τοῦ
870 1021 1035 1103 ξφανη
1081 1023 1197 1083 πῶς
1240 1014 1480 1104 ἐστέκετο
1520 1016 1549 1071 ὁ
1600 1012 1773 1104 ἅγιος,
1796 1011 1947 1104 ἐλεεῖ..

298 1132 396 1175 νος
423 1111 592 1191 γέρων
611 1098 753 1169 61:06
778 1120 872 1171 106
910 1098 1135 1189 ἔδωκεν,
1181 1108 1257 1169 ὡς
1326 1103 1580 1179 εἴπαμεν,
1632 1102 1697 1159 τὸ
1744 1098 1949 1191 ,βιϐλίον

298 1207 400 1258 σοῦ
444 1190 602 1258 ἀϐϐἇ
657 1203 896 1282 Μάρκου,
964 1200 1054 1256 καὶ
1131 1198 1223 1254 τὸν
1305 1195 1499 1253 κανόνα
1554 1195 1688 1282 ὀποῦ
1742 1190 1946 1282 ᾂανεν.

295 1286 449 1369 Ἐγὼ
474 1288 660 1348 λοιπὸν
944 1290 1013 1346 16
1066 1285 1264 1345 ἃκουσα
1318 1284 1424 1341 ἀπὸ
1466 1283 1558 1340 τὸν
1606 1280 1749 1357 νέον,
1791 1279 1949 1337 ἐστο-

297 1379 556 1459 χάσθηκα
623 1385 739 1444 πῶς
807 1381 897 1436 καὶ
964 1380 1001 1448 ἡ
1069 1372 1317 1457 πρεσϐεία
1360 1382 1454 1434 τοῦ
1504 1371 1651 1451 ἁγίου
1705 1370 1951 1450 γέροντος

299 1466 619 1550 ἐσυνέργησε
660 1468 837 1528 πολλά
894 1470 968 1533 εἰς
1022 1472 1200 1546 τοῦτο,
1243 1465 1332 1520 καὶ
1388 1461 1494 1535 ἔτζι
1543 1463 1606 1518 τὸ
1658 1459 1950 1550 οἰκονόμη-

299 1578 396 1614 σεν
423 1548 464 1614 ὅ
495 1560 623 1623 Θεὸς
650 1557 735 1615 διὰ
763 1559 827 1615 νὰ
851 1555 989 1635 δείξῃ
1038 1565 1132 1615 τοῦ
1172 1552 1289 1612 νέου
1318 1554 1392 1617 είς
1433 1565 1591 1619 ποῖον
1639 1548 1772 1626 ὕψος
1820 1548 1946 1629 ἀρε-

298 1651 407 1713 τῆς
435 1646 699 1727 εὑρίσκετο
741 1650 770 1705 6
797 1647 948 1727 ἅγιος
1016 1644 1220 1708 ἐκεῖνος
1290 1642 1480 1723 γέρων,
1528 1639 1612 1698 6:6
1652 1644 1807 1697 10610
1859 1639 1951 1695 τὸν

2029 567 2185 627 ἔλαϐε
2212 570 2312 638 τὴν
2338 571 2616 652 μαρτυρίαν
2645 571 2751 629 ἀπὸ
2825 574 2915 630 τὸν
2956 571 3095 630 ἴδιον
3147 574 3239 631 τὸν
3307 575 3459 650 Θεὸν,
3520 574 3671 656 ἐχρι-

2031 661 2131 726 σθη
2213 660 2303 717 καὶ
2380 661 2683 741 προφήτης,
2752 662 2843 719 καὶ
2903 660 3172 739 βασιλεὺς,
3210 659 3372 720 ἔλαϐε
3425 662 3515 720 καὶ
3573 663 3676 732 τὴν

2033 748 2193 828 χάριν
2232 757 2325 808 τοῦ
2366 749 2514 828 ἁγίου
2573 750 2901 827 Πνεύματος.
2947 750 3168 816 Ἀνίσως
3227 749 3414 809 λοιπὸν
3455 751 3545 809 καὶ
3598 753 3674 817 είς

2031 839 2214 917 καιρὸν
2267 839 2398 895 61:06
2453 836 2676 920 ἔσφαλεν
2730 840 2805 906 εἷς
2853 840 2945 898 τὸν
3028 841 3181 919 Θεὸν,
3224 840 3314 898 καὶ
3354 838 3523 921 ἔχασε
3575 840 3677 909 τὴν

2032 926 2192 1007 χάριν
2217 932 2310 983 τοῦ
2338 926 2489 1007 ἁγίου
2528 928 2857 1005 Πνεύματος,
2900 929 2991 987 καὶ
3029 930 3092 986 τὸ
3133 927 3338 1006 ἀξίωμα
3389 933 3490 997 τῆς
3534 950 3674 1009 προ-

2031 1016 2273 1097 φητείας,
2331 1018 2421 1074 καὶ
2483 1016 2842 1097 ἀπεμάκρυνεν
2907 1017 3013 1076 ἀπὸ
3080 1018 3183 1086 τὴν
3250 1018 3677 1100 συναναστροφὴν

2029 1110 2121 1162 τοῦ
2162 1110 2315 1179 Θεοῦ,
2372 1105 2562 1171 ἀνίσως
2631 1104 2775 1186 λέγω
2829 1105 2987 1176 ἢλθεν
3040 1105 3230 1188 ὕστερα
3286 1109 3360 1173 εἷς
3402 1106 3673 1185 αἴσθησιν,

2029 1194 2119 1249 καὶ
2159 1192 2422 1269 ἐνθυμήθη
2464 1195 2532 1252 16
2570 1193 2709 1252 καλά
2750 1197 2882 1253 61:06
2945 1195 3074 1276 εἷχε
3115 1196 3205 1253 καὶ
3244 1196 3311 1253 16
3351 1195 3541 1278 ἔχασε,
3586 1198 3677 1256 καὶ

2029 1282 2097 1341 τὰ
2136 1283 2362 1355 ἐζήτησε
2403 1282 2564 1341 πάλιν
2632 1285 2696 1342 νὰ
2760 1286 2827 1342 16
2894 1284 3199 1363 ἀποκτήσῃ.
3242 1286 3295 1342 τί
3334 1287 3674 1369 θωυμαστόνς

2032 1376 2106 1434 Τὸ
2141 1374 2438 1449 θαυμαστὸν
2480 1372 2622 1430 εἶναι
2662 1374 2752 1431 καὶ
2820 1373 3142 1452 ἀξιέπαινον,
3201 1377 3334 1433 61:06
3373 1375 3495 1442 ἕνας
3557 1374 3678 1443 νέος

2031 1463 2301 1544 ἅνθρωπος
2354 1462 2525 1519 εἴκοσι
2594 1463 2825 1543 χρόνων,
2872 1466 3005 1522 61:06
3076 1464 3140 1525 v6
3199 1463 3343 1521 εἶναι
3395 1462 3678 1543 προσηλω-

2031 1552 2190 1631 μένος
2246 1550 2368 1615 ὅλος
2423 1548 2596 1608 διόλου
2651 1552 2724 1615 είς
2774 1553 2841 1610 16
2908 1552 3139 1629 κοσμικὰ
3203 1551 3516 1634 πράγματα,
3584 1548 3676 1611 καὶ

2032 1647 2105 1708 εἷς
2162 1642 2294 1701 αὑτὰ
2342 1643 2410 1699 16
2462 1642 2753 1722 πρόσκαιρα
2813 1642 2878 1701 v6
2930 1641 3037 1724 ἔχῃ
3102 1644 3194 1700 τὸν
3263 1649 3382 1702 νοῦν
3415 1666 3532 1718 του,
3583 1645 3674 1701 καὶ

300 1735 420 1793 εἶδε
462 1726 579 1801 τέῶς
621 1726 863 1794 ἐπέκετό
912 1735 1077 1792 κοντᾶ
1131 1735 1205 1798 εἷς
1260 1733 1438 1790 έκεῖνο
1489 1732 1552 1788 τὸ
1593 1735 1730 1812 φῶς.
1761 1726 1892 1787 Τότε
1921 1729 1949 1783 6
1970 1761 2010 1812 Β
2032 1733 2131 1800 ἔξω
2171 1732 2277 1790 ἀπὸ
2318 1733 2449 1792 αὒτά
2488 1730 2620 1789 ἄλλο
2670 1732 2880 1797 τίποτες
2927 1731 3254 1814 ὑψηλότερον
3295 1733 3361 1791 νὰ
3402 1734 3509 1809 μὴν
3555 1755 3676 1791 στο-

298 1823 422 1889 νέος
480 1824 712 1900 ἐκεῖνος,
765 1826 908 1883 ὡσὰν
974 1822 1224 1903 ἐπέρασεν
1296 1821 1430 1889 αύτὴ
1501 1821 1538 1888 ἡ
1591 1816 1802 1898 θεωρία,
1861 1817 1950 1873 καὶ

298 1913 431 1983 ἦλθε
459 1913 619 1971 πάλιν
648 1916 721 1979 είς
749 1917 841 1972 τὸν
873 1912 1056 1971 ἑαυτόν
1109 1934 1223 1991 του,
1280 1910 1408 1980 ἧτον
1464 1908 1718 1989 γεμάτος,
1776 1907 1949 1971 καθὼς

298 2003 504 2083 ἔλεγεν,
536 2003 643 2061 ἀπὸ
685 2005 859 2085 χαρὰν
899 2004 989 2061 καὶ
1040 2002 1372 2080 θαυμασμὸν,
1447 2000 1535 2056 καὶ
1603 1996 1816 2077 εύγανεν
1844 1995 1950 2085 ἀπὸ

297 2094 400 2161 τὴν
441 2090 655 2173 καρδίαν
689 2084 781 2151 του
824 2094 890 2150 16
931 2091 1150 2174 δάκρυα,
1207 2091 1296 2148 καὶ
1359 2088 1502 2166 μαζὴ
1545 2086 1612 2164 μὲ
1656 2085 1836 2174 ἐκεῖνα
1885 2084 1954 2142 16

299 2172 521 2262 δάκρυα
554 2182 898 2242 ἀκολουθοῦσε
964 2172 1053 2239 καὶ
1110 2179 1205 2257 μία
1273 2178 1536 2258 γλυκύτης
1606 2172 1952 2257 ὑπερϐολική.

301 2270 468 2335 Τέλος
497 2270 712 2329 πάντων
758 2271 944 2328 ἔπεσεν
984 2273 1058 2334 εἷς
1101 2271 1162 2328 τὸ
1204 2264 1449 2348 κρεϐϐάτι
1491 2264 1576 2326 διὰ
1618 2266 1680 2325 v6
1722 2267 1956 2341 κοιμηθῇ

302 2360 506 2441 ὀλίγον,
538 2362 627 2418 καὶ
653 2363 753 2429 τὴν
795 2359 939 2418 ἴδιαν
974 2359 1115 2440 ὥραν
1168 2355 1425 2440 ἐφώναξεν
1470 2357 1499 2412 6
1548 2354 1810 2433 πετεινὸς,
1868 2353 1956 2409 καὶ

301 2448 389 2508 δὶν
459 2449 712 2530 ἐπέρασεν
778 2449 981 2529 ὀλίγον,
1052 2450 1143 2506 καὶ
1211 2447 1502 2523 ἐσήμαιναν
1554 2446 1592 2522 ῃ
1649 2442 1956 2530 ἐκκλησίαις

301 2536 388 2595 διὰ
429 2539 523 2595 τὸν
558 2528 766 2621 ήὸρθρον,
799 2528 888 2597 καὶ
930 2538 1176 2606 ἐσηκώθη
1219 2539 1248 2593 6
1304 2534 1420 2599 νέος
1462 2530 1547 2592 διὰ
1601 2532 1665 2589 v6
1696 2620 1699 2621 ν
1732 2528 1955 2621 διαϐάσῃ

300 2629 395 2685 τὸν
430 2626 634 2708 ὄρθρον,
666 2620 802 2688 κατὰ
843 2629 943 2697 τὴν
983 2625 1257 2698 συνήθειάν
1286 2647 1398 2699 του,
1448 2625 1538 2681 καὶ
1594 2620 1799 2689 ἐκείνην
1854 2620 1955 2688 τὴν

300 2717 466 2775 νύκτα
535 2718 673 2793 μὴτε
757 2717 1021 2794 ἐκοιμήθη
1110 2714 1348 2787 τελείως,
1451 2712 1588 2788 μῆτε
1644 2710 1953 2790 στοχασμὸς

298 2804 465 2864 ὕπνου
490 2814 583 2863 τοῦ
611 2806 741 2877 ἦλθε
767 2805 1065 2870 παντελῶς.
1111 2804 1256 2861 Αὖτᾶ
1305 2810 1406 2875 μοῦ
1463 2800 1730 2879 ἐδιηγεττο
1758 2800 1786 2855 6
1837 2797 1954 2862 νέος

302 2902 417 2959 πῶς
460 2894 821 2963 ἠκολούθησαν
850 2896 923 2960 εἰς
975 2895 1156 2956 αὐτὸν.
1216 2883 1274 2950 Ὀ
1333 2894 1521 2955 ὁποῖος
1567 2888 1699 2947 ἄλλο
1742 2887 1953 2952 τίποτες

2031 1823 2275 1904 χάζεται,
2323 1822 2458 1898 μήτε
2517 1822 2589 1886 είς
2636 1822 2728 1880 τὸν
2768 1827 2887 1880 νοῦν
2940 1844 3031 1879 του
3086 1823 3150 1879 νά
3205 1820 3330 1900 ἔλθῃ
3368 1821 3499 1880 ποτὲ
3537 1843 3674 1903 παρ-

2030 1913 2214 1989 όμοιος
2254 1910 2531 1992 λογισμὸς,
2572 1912 2659 1969 καὶ
2701 1910 2862 1988 μόνον
2903 1913 3034 1973 ἁποῦ
3064 1910 3252 1972 ἄκουσε
3294 1910 3470 1991 ὀλίγον
3512 1912 3671 1969 τίπο-

2030 2023 2119 2067 τες
2174 2001 2279 2059 ἀπὸ
2346 2003 2438 2058 τὸν
2502 2000 2652 2080 ἅγιον
2721 2001 2926 2058 ἐκεῖνον
2979 2000 3218 2081 γέροντα,
3290 2003 3378 2059 καὶ
3432 1998 3672 2058 ἐδιάϐασε

2032 2094 2121 2149 καὶ
2186 2092 2253 2149 16
2306 2091 2423 2172 τρία
2504 2089 2685 2149 ἐκεῖνα
2752 2089 3015 2173 κεφάλαια
3080 2097 3172 2149 τοῦ
3236 2088 3371 2147 ἀϐϐἇ
3436 2090 3672 2171 Μάρκου,

2034 2181 2288 2261 παρευθὺς
2342 2181 2408 2238 v6
2470 2180 2728 2257 πιστεύσῃ
2783 2178 3107 2244 ἀδιστάκτως
3163 2182 3237 2245 εἰς
3298 2180 3366 2238 16
3432 2200 3676 2258 γεγραμ-

2038 2269 2191 2347 μένα,
2236 2270 2325 2326 καὶ
2370 2270 2433 2328 116
2484 2270 2553 2326 16
2592 2268 2731 2347 βάλῃ
2774 2270 2847 2335 είς
2916 2267 3100 2349 πρᾶξιν
3156 2268 3225 2345 μέ
3279 2266 3462 2325 ἐλπίδα
3510 2267 3679 2344 ἀναμ-

2038 2355 2272 2439 φίϐολον,
2316 2358 2405 2414 καὶ
2441 2358 2510 2433 μὲ
2577 2356 2780 2425 ἐκείνην
2834 2358 2933 2425 τὴν
3001 2355 3186 2436 όλίγην
3256 2356 3501 2436 ἐργασίαν
3546 2358 3678 2413 ὀποῦ

2038 2447 2223 2528 ἔκαμε,
2267 2446 2332 2503 νὰ
2371 2444 2566 2524 ἀξιωθῇ
2614 2446 2677 2502 νὰ
2729 2446 2921 2523 ὑψώσῃ
2965 2446 3055 2502 τὸν
3114 2452 3234 2503 νοῦν
3274 2467 3368 2504 του
3430 2444 3531 2510 ἕως
3601 2446 3676 2510 είς

2036 2538 2124 2593 τὸν
2166 2536 2404 2616 οὐρανὸν,
2447 2536 2534 2592 καὶ
2595 2535 2661 2592 νᾶ
2698 2535 2848 2612 κάμῃ
2901 2535 3001 2603 τὴν
3043 2536 3297 2592 Θεοτόκον
3355 2534 3420 2590 v6
3457 2535 3549 2591 τὸν
3594 2537 3679 2594 εύ-

2035 2625 2430 2705 σπλαγχνισθῇ,
2488 2624 2579 2680 καὶ
2665 2624 2733 2699 μὲ
2797 2625 2895 2692 τὴν
2977 2621 3254 2705 πρεσϐείαν
3306 2627 3406 2691 τῆς
3455 2624 3529 2689 είς
3581 2624 3676 2680 τὸν

2038 2716 2190 2788 Θεὸν,
2237 2714 2301 2770 νὰ
2337 2714 2427 2771 τὸν
2470 2712 2699 2795 φιλιώσῃ
2746 2712 2904 2771 τόσον
2946 2714 3013 2789 μὲ
3057 2714 3234 2795 αὑτὸν,
3280 2715 3413 2771 61:06
3466 2713 3532 2771 νὰ
3583 2719 3676 2770 τοῦ

2035 2802 2215 2881 στείλῃ
2242 2802 2349 2860 ἀπὸ
2388 2804 2479 2861 τὸν
2521 2805 2735 2884 οὐρανὸν
2777 2805 2868 2861 τὸν
2922 2802 3067 2860 θετόν
3108 2825 3200 2860 του
3248 2803 3545 2882 φωτισμὸν,
3588 2800 3676 2859 καὶ

2033 2893 2134 2961 τὴν
2169 2893 2327 2973 χάριν
2355 2898 2445 2950 τοῦ
2489 2894 2745 2972 παναγίου
2811 2893 3136 2973 Πνεύματος,
3183 2894 3219 2961 ἡ
3263 2891 3419 2949 ὁποία
3468 2892 3532 2950 v6
3582 2892 3675 2948 τὸν

186 3038 193 3043 .
299 2985 383 3044 δὲν
424 2982 615 3061 ἂαμε,
659 2985 832 3050 καθὼς
865 2984 932 3060 μὲ
974 2979 1284 3040 ἐϐεϐαίωνεν
1315 2983 1343 3038 6
1382 2978 1545 3057 ἴδιος,
1606 2975 1769 3059 πάρεξ
1822 2977 2014 3058 αὒτὰα
2036 2980 2318 3058 δυναμώσῃ
2367 2981 2431 3038 v6
2485 2981 2656 3062 φθάσῃ
2704 2980 2805 3047 ἕως
2858 2983 2950 3039 τὸν
3002 2982 3242 3061 οὗρανὸν,
3287 2981 3373 3038 καὶ
3426 2981 3490 3040 v6
3545 2979 3679 3039 ἀποο

301 3078 434 3134 61:06
472 3073 733 3142 ἠκούσατε
777 3074 958 3150 μόνον,
1006 3071 1150 3141 πλὴν
1216 3070 1345 3152 εἶχε
1402 3070 1576 3126 πίστιν
1637 3068 1728 3125 καὶ
1770 3063 1954 3124 ἐλπίδα
2035 3070 2204 3149 λαύσῃ
2233 3072 2294 3127 τὸ
2322 3075 2433 3153 φῶς
2462 3070 2658 3147 ἐκεῖνο,
2705 3072 2765 3129 τὸ
2792 3074 2977 3129 ὁποῖον
3019 3070 3208 3129 πολλοὶ
3265 3072 3328 3128 τὸ
3370 3068 3676 3146 ἐπιθυμοῦν,

300 3162 633 3239 ἀδίστακτον,
696 3163 784 3219 καὶ
846 3161 930 3218 διὰ
970 3171 1126 3221 τυῦτο
1195 3157 1395 3230 ἠξιώθη
1466 3159 1529 3215 νά
1596 3155 1680 3236 ίδῇ
1747 3155 1952 3214 τέτοιαν
2036 3161 2113 3236 9.6
2154 3158 2318 3239 ὀλίγοι
2361 3161 2422 3217 τὸ
2463 3159 2851 3241 ἐπιτυχαίνουν.
2885 3162 2965 3219 Μὲ
2994 3159 3117 3218 ὅλον
3147 3166 3298 3218 τοῦτο
3326 3162 3354 3217 6
3385 3158 3497 3223 νέος
3527 3160 3677 3225 οὗτος

298 3253 540 3334 θεωρίαν.
574 3254 674 3311 Καὶ
732 3253 841 3329 μὴν
910 3257 1011 3328 μοῦ
1071 3251 1197 3327 είπῇ
1250 3250 1398 3312 τινὰς
1454 3254 1568 3312 πῶς
1629 3246 1832 3311 ἐκεῖνος
1888 3245 1955 3300 τὰ
2035 3251 2124 3306 καὶ
2165 3248 2518 3328 εὐλογημένος
2586 3248 2867 3331 Γεώργιος,
2913 3253 3045 3308 ὀποῦ
3103 3250 3240 3326 μήτε
3281 3249 3505 3330 χρόνους
3547 3246 3681 3305 πολ-

300 3341 496 3419 ἒιαμεν
539 3342 669 3401 αὐτὰ
710 3339 795 3397 διὰ
862 3342 927 3397 v6
994 3337 1279 3417 δοκιμάσῃ,
1327 3336 1460 3395 διατὶ
1508 3336 1688 3412 αὒτὸς,
1735 3337 1807 3399 ὡς
1852 3340 1955 3410 μοῦ
2035 3337 2159 3402 λοὺς
2228 3339 2557 3414 ἐνήστευσεν,
2628 3338 2665 3407 ἢ
2729 3339 3083 3421 ἀγρύπνησεν,
3140 3339 3175 3407 ἢ
3231 3337 3423 3404 ἄλλους
3465 3337 3676 3416 ἀγῶνας

301 3430 478 3511 ἔλεγε,
510 3433 647 3505 μήτε
690 3430 757 3508 μὲ
798 3430 889 3487 τὸν
931 3428 1187 3509 λογισμόν
1228 3450 1321 3487 του
1362 3428 1423 3485 τὸ
1467 3426 1651 3484 ’έϐαλεν
1683 3426 1831 3505 αὐτὸ,
1869 3421 1954 3479 διὰ
2033 3428 2349 3497 ἀσκητικοὺς
2401 3428 2596 3507 ἔκαμεν
2627 3447 2644 3464 ⁸
2719 3429 2855 3487 ἀλλὰ
2913 3431 3049 3506 μὴτε
3090 3428 3221 3488 ποτέ
3276 3451 3369 3486 του
3411 3428 3673 3504 ἐκοιμήθη

299 3522 364 3579 νὰ
404 3518 669 3596 δοκιμάσῃ
711 3520 861 3593 ποτὲ,
908 3516 1047 3575 ἀλλὰ
1088 3518 1216 3598 εἶχε
1244 3516 1417 3574 πίστιν
1460 3515 1787 3589 ἀδίστακτον,
1836 3511 1953 3570 ὅθεν
2032 3519 2199 3600 χάμω
2225 3567 2243 3594 ,
2327 3520 2465 3596 μὴτε
2531 3520 2753 3601 τρύχινα
2828 3518 3041 3599 ἐφόρεσε
3074 3567 3091 3599 ,
3165 3519 3302 3594 μὴτε
3376 3516 3676 3597 καλόγηρος

298 3609 729 3689 ἀπορῤίπτωντας
772 3608 878 3665 ἀπὸ
919 3606 1081 3687 λόγου
1135 3629 1226 3664 του
1294 3606 1419 3664 κάθε
1472 3603 1634 3663 ἄλλον
1690 3603 1949 3683 λογισμὸν
2032 3605 2193 3687 ἕγινε,
2228 3610 2367 3685 μὴτε
2428 3609 2535 3666 ἀπὸ
2582 3610 2671 3666 τὸν
2733 3609 2933 3684 κόσμον
2990 3608 3310 3688 ἀναχώρησε
3350 3606 3672 3689 σωματικάς

297 3685 546 3779 σαρκικὸν
612 3699 702 3755 καὶ
766 3685 1047 3773 κοσμικὸν,
1120 3695 1285 3764 τόσην
1329 3694 1570 3777 μεγάλην
1640 3692 1947 3769 ἐπιμέλειαν
2033 3685 2194 3775 μόνον
2256 3697 2341 3755 διὰ
2396 3696 2583 3777 ὀλίγην
2658 3697 2965 3778 ἀγρυπνίαν,
3036 3685 3132 3754 διάῖ
3179 3685 3485 3777 προσευχὴν
3542 3685 3675 3751 61:06

295 3786 453 3846 ἕκαλε
488 3785 574 3843 6:6
601 3788 665 3844 v6
691 3783 892 3868 φυλάξῃ
919 3785 1018 3854 τὴν
1049 3783 1338 3852 συνείδησίν
1386 3806 1502 3860 του,
1546 3784 1635 3841 καὶ
1690 3783 1754 3839 νά
1809 3803 1947 3839 κατ-ι
2028 3787 2246 3864 ἔκαμεν,
2333 3786 2501 3865 ἔγινεν
2598 3785 2822 3866 ἅγγελος
2905 3786 3158 3865 ἐπίγειος,
3231 3785 3320 3842 καὶ
3402 3784 3674 3864 ἅνθρωπος

296 3876 504 3956 ορθώσῃ
557 3874 738 3933 ἐκεῖνα
780 3876 913 3957 δῖτοῦ
954 3878 1044 3930 τοῦ
1094 3870 1272 3951 ἔλεγεν
1342 3874 1378 3943 ἦ
1424 3870 1739 3946 συνείδησις,
1816 3872 1947 3927 ὅποῧ
2028 3876 2333 3957 ἐπουράνιος
2364 3890 2379 3907 ⁸
2412 3874 2682 3955 ἅνθρωπος
2752 3877 2826 3940 εἰς
2881 3876 2942 3931 τὸ
2995 3875 3333 3955 φαινόμενον,
3390 3874 3479 3930 καὶ
3517 3871 3678 3953 ἄσαρ-

297 3967 370 4031 εἷς
416 3963 517 4022 ὅλα
543 3964 611 4021 16
642 3961 776 4020 ἄλλα
826 3962 1113 4043 πράγματα
1166 3962 1350 4019 τούτου
1405 3968 1496 4018 τοῦ
1550 3960 1751 4036 κόσμον
1806 3958 1946 4038 εὑρί-
2027 3987 2120 4032 κος
2190 3968 2262 4031 εἰς
2321 3966 2383 4021 τὸ
2442 3965 2721 4040 νοούμενον
2754 3980 2769 3995 ο
2829 3965 3114 4043 κρατητὺς,
3188 3964 3276 4019 καὶ
3328 3961 3623 4041 ἀχράτητος
3657 3980 3675 3998 ο

296 4054 456 4113 σκέτο
488 4055 632 4111 ὡσάν
678 4052 1014 4132 ἀναίσθητος,
1070 4051 1159 4107 καὶ
1201 4048 1286 4107 δὲν
1339 4051 1407 4107 16
1475 4050 1748 4108 αἰσθάνετο
1803 4070 1946 4105 παν·
2028 4054 2349 4132 βλεπόμενος
2403 4053 2509 4110 ἀπὸ
2576 4051 2752 4125 ὅλους,
2810 4054 2899 4110 καὶ
2964 4052 3128 4128 μόνος
3185 4051 3549 4132 εύρισκόμενος
3606 4051 3675 4126 μὲ

295 4143 490 4208 τιλῶς.
522 4140 691 4200 Ἀλλά
719 4142 855 4217 μήτε
897 4141 960 4197 Va
987 4139 1157 4221 φάγῃ,
1190 4139 1224 4208 ἢ
1268 4140 1333 4199 νά
1372 4139 1469 4216 πίῃ
1525 4138 1653 4220 εἶχε
1710 4137 1948 4214 κάμμίαν
2028 4145 2192 4222 μόνον
2248 4144 2340 4200 τὸν
2383 4144 2512 4201 Θεὸν
2562 4144 2693 4200 61:06
2751 4140 2932 4221 ίξεύρει
2986 4140 3052 4200 16
3106 4141 3300 4199 πάντα.
3370 4142 3469 4197 Διά
3522 4146 3678 4198 τοῦτο

300 4232 491 4312 ὄρεξιν,
523 4230 660 4289 ὥστε
715 4233 848 4289 61:06
902 4229 989 4284 καὶ
1042 4226 1272 4293 πολλαῖς
1328 4241 1519 4308 φοραῖς
1576 4225 1728 4303 ἔμενε
1770 4248 1951 4294 νηστι-
2028 4235 2119 4290 καὶ
2157 4232 2356 4301 ἠξιώθη
2413 4233 2477 4291 v6
2543 4229 2629 4309 ίδῇ
2681 4233 2743 4289 τὸ
2811 4230 3129 4311 γλυκύτατον
3186 4230 3361 4288 ἐκεῖνο
3431 4234 3543 4310 φῶς
3583 4234 3678 4285 τοῦ

296 4321 414 4385 κός.
488 4317 799 4396 ’Δκούσατε,
856 4315 1070 4397 ἀδελφοί
1121 4340 1250 4422 ,μου
1313 4316 1605 4422 ἀγαπητοὶ.
1661 4316 1711 4373 τί
1736 4315 2221 4422 κλογῆςῡνοητοῦ
2305 4313 2481 4380 Ἠλίου
2550 4326 2650 4389 τῆς
2719 4319 3077 4389 δικαιοσύνης.
3161 4321 3260 4378 Καὶ
3340 4318 3674 4401 πρεπόντως.

294 4410 585 4489 πράγματα
637 4408 951 4486 κατορθώνει
996 4408 1033 4476 ἡ
1074 4406 1270 4485 πίστις,
1345 4406 1433 4463 καὶ
1499 4406 1672 4474 πόσην
1730 4404 1945 4482 δύναμιν
1966 4404 2011 4422 ⁵’
2034 4414 2182 4470 Διατὶ
2210 4413 2245 4481 ἡ
2273 4411 2455 4491 ἀγάπη
2510 4413 2655 4469 καὶὸ
2710 4412 2869 4475 πόθος
2897 4412 3029 4469 ὀποῦ
3067 4410 3226 4492 εἶχεν
3282 4411 3355 4474 είς
3399 4410 3488 4467 τὸν
3519 4409 3674 4482 Θεὸν,

293 4497 434 4578 ἔχει,
482 4496 608 4554 ὅταν
637 4496 979 4577 στερεώνεται
1010 4496 1077 4571 μὲ
1106 4496 1169 4552 v6
1224 4493 1353 4575 ἔργα
1393 4495 1460 4552 16
1511 4494 1691 4576 καλά;
1748 4494 1948 4574 Ἐγνω-
2028 4502 2118 4558 τὸν
2147 4498 2312 4577 ἔκαμε
2367 4500 2431 4556 νά
2485 4500 2615 4579 γένῃ
2670 4497 2771 4566 ἔξω
2822 4501 3025 4576 κόσμου
3070 4505 3465 4575 πνευματικῶς,
3498 4498 3586 4555 καὶ
3614 4496 3677 4553 v6

293 4589 461 4668 ρίσετε
490 4591 605 4651 πῶς
637 4586 773 4663 μὴτε
803 4588 839 4655 η
883 4585 1075 4653 νεότησ
1117 4590 1220 4660 μᾶς
1250 4584 1473 4662 βλάπτει
1522 4585 1755 4659 τίποτες,
1808 4586 1945 4661 μήτε
2027 4589 2380 4667 ἀλησμονήσῃ
2423 4589 2511 4645 καὶ
2538 4590 2760 4666 κύσμον,
2795 4591 2882 4645 καὶ
2936 4588 3124 4669 σάρκα,
3184 4591 3271 4646 καὶ
3313 4586 3411 4646 ὅλα
3468 4588 3533 4644 16
3561 4585 3675 4663 μά-

296 4676 458 4734 πάλιν
498 4677 560 4732 τὸ
586 4688 873 4756 γηρατεῒον
904 4680 1007 4750 μᾶς
1051 4672 1274 4755 ὠφελεῖ,
1320 4674 1512 4738 ἀνίσως
1567 4675 1655 4731 καὶ
1684 4680 1788 4750 μᾶς
1829 4672 1946 4731 λεί·
2025 4700 2148 4736 ταια
2224 4679 2510 4757 πράγματα
2588 4685 2679 4735 τοῦ
2777 4677 2980 4753 κόσμου
3004 4725 3021 4753 ,
3065 4677 3154 4735 καὶ
3222 4677 3287 4733 v6
3355 4673 3676 4756 προσηλωθῇ

298 4788 386 4824 πει
429 4768 458 4823 ὁ
501 4762 662 4846 φόϐος
692 4771 784 4820 τοῦ
832 4773 1007 4844 Θεοΰ;
1055 4762 1309 4840 Ἐμάθετε
1364 4764 1531 4844 τώρα,
1589 4770 1704 4827 πῶς
1749 4765 1886 4840 μήτε
1916 4766 1944 4820 ὁ
2026 4767 2149 4834 ὅλος
2204 4766 2378 4825 διόλου
2435 4769 2507 4832 εὶς
2562 4769 2653 4825 τὸν
2713 4768 2865 4843 Θεὸν,
2929 4769 3017 4824 καὶ
3074 4766 3179 4839 ἔτζι
3236 4766 3301 4825 νὰ
3353 4765 3482 4844 γένῃ
3548 4762 3672 4826 ὅλος

299 4855 526 4935 κόσμος,
568 4855 719 4931 καὶῇ
772 4852 1063 4918 πολιτείαις
1111 4859 1214 4930 μᾶς
1283 4850 1591 4929 ἐμποδίζουν
1646 4854 1719 4918 είς
1774 4855 1836 4909 τὸ
1883 4852 1948 4910 v6
2027 4858 2405 4932 πνευματικὸς,
2437 4857 2524 4913 καὶ
2553 4855 2675 4921 ὅλος
2703 4861 2838 4937 φῶς,
2890 4858 2977 4913 καὶ
3024 4857 3089 4913 v6
3143 4855 3228 4933 ίδῇ
3284 4854 3493 4912 τέτοιαν
3532 4856 3673 4910 θεω-

301 4945 560 5022 κάμωμεν
613 4944 710 5007 τὰς
764 4941 979 5008 ἐντολὰς
1037 4949 1128 5000 τοῦ
1184 4950 1338 5024 Θεοῦ,
1395 4942 1585 5007 ἀνίσως
1639 4944 1727 4999 καὶ
1780 4945 1944 5018 ἡμεῖς
2028 4945 2164 5027 ρίαν,
2194 4947 2282 5002 καὶ
2336 4946 2401 5003 v6
2446 4944 2721 5023 ἀπολαύσῃ
2777 4944 2985 5003 τέτοιαν
3039 4943 3326 5004 ἀπόλαυσιν
3352 4963 3367 4980 ο
3432 4944 3519 5000 καὶ
3575 4942 3677 5019 9.6-

302 5033 502 5116 ἔχομεν
544 5033 831 5113 προθυμίαν
865 5051 878 5065 ⁸
947 5033 1084 5107 μήτε
1152 5031 1311 5090 πάλιν
1366 5033 1402 5101 η
1456 5031 1799 5112 ἀναχώρησις
1856 5038 1947 5089 τοῦ
2028 5032 2183 5091 λιστα
2212 5036 2344 5091 61:06
2400 5032 2736 5092 ἐκατοικοῦσε
2799 5033 2936 5110 μέσα
2991 5035 3064 5099 είς
3119 5032 3412 5114 πολιτείαν,
3470 5033 3558 5089 καὶ
3602 5032 3677 5096 είς

302 5123 527 5199 κόσμου,
597 5121 686 5179 καὶ
740 5122 776 5190 ἡ
848 5120 1039 5202 ἐρημία
1103 5127 1208 5198 μᾶς
1283 5118 1539 5202 ὠφελοῦν,
1600 5120 1790 5185 ἀνίσως
1859 5122 1948 5178 καὶ
2028 5122 2236 5181 τέτοιαν
2264 5121 2555 5199 πολιτείαν,
2606 5124 2694 5181 καὶ
2735 5119 2988 5203 ἐδιάτριϐε
3044 5123 3131 5180 καὶ
3170 5124 3244 5187 είς
3310 5122 3377 5179 16
3433 5120 3676 5199 βασιλικὸ

301 5213 464 5288 ἡμεῖς
534 5210 945 5291 εὒρισκώμεσθεν
1028 5212 1100 5275 εἷς
1169 5210 1415 5290 ὀκνηρίαν
1487 5209 1577 5266 καὶ
1649 5208 1939 5290 ἀμέλειανς
2028 5211 2283 5289 παλάτια,
2314 5213 2402 5270 καὶ
2442 5213 2569 5294 εἶχε
2623 5213 2710 5271 καὶ
2764 5210 3068 5269 ἐπιστασίαν
3129 5210 3308 5271 ἐπάνω
3348 5217 3441 5269 τοῦ
3481 5210 3677 5292 ἀρχον-

320 5300 446 5359 Ολοι
489 5321 593 5378 μας
623 5299 880 5375 ἀκούομεν
922 5301 1014 5357 τὸν
1074 5297 1234 5357 Δακὶδ
1286 5304 1402 5364 πῶς
1457 5298 1525 5374 μὲ
1580 5297 1740 5362 τόσας
1783 5320 1946 5380 φρον-
2024 5307 2173 5359 τικοῦ
2228 5300 2484 5381 μεγάλου,
2557 5301 2624 5378 μὲ
2724 5301 2909 5365 τόσους
2999 5298 3280 5375 σκλάϐους,
3351 5301 3440 5357 καὶ
3481 5297 3674 5365 ἄλλους

296 5387 465 5466 τίδας,
520 5390 608 5447 καὶ
662 5387 939 5467 βασιλικὰς
983 5388 1275 5463 ὑποθέσεις,
1335 5388 1463 5468 εἶχε
1518 5389 1610 5445 τὸν
1679 5394 1799 5446 νοῦν
1852 5410 1946 5449 του
2024 5387 2292 5469 ὑπηρέτας
2372 5388 2624 5465 πολλοὺς,
2694 5390 2783 5447 καὶ
2832 5388 3140 5471 ὑπηρεσίας,
3226 5390 3316 5447 καὶ
3400 5387 3672 5454 ὖποθέσεις

293 5476 431 5544 ὅλως
460 5477 637 5537 διόλου
684 5476 1040 5559 ἀφιερωμένον
1082 5480 1156 5544 είς
1213 5478 1306 5535 τὸν
1363 5477 1518 5552 Θεὸν,
1588 5477 1677 5533 καὶ
1733 5477 1944 5554 θαυμά-
2026 5476 2265 5558 μεγάλας
2292 5480 2382 5536 καὶ
2421 5477 2697 5560 περισσάς.

291 5574 451 5647 ζομεν
481 5569 554 5636 είς
583 5573 763 5645 τοῦτο,
792 5568 881 5626 καὶ
930 5566 1183 5648 λέγομεν,
1218 5571 1335 5635 πῶς
1389 5564 1510 5631 ἕνας
1555 5561 1729 5625 Δαϐὶδ·
1771 5563 1938 5648 ἶγινε,
2105 5564 2276 5629 Ἀλλὰ
2338 5567 2536 5649 ἀρκετὰ
2606 5566 2752 5628 εἶναι
2824 5566 2958 5628 ὠτὰ
3007 5569 3141 5630 61:06
3188 5567 3419 5649 εἴπαμεν
3460 5566 3551 5628 καὶ
3588 5564 3676 5627 616
