4054 6114
347 238 466 309 m
1651 244 1987 311 SYMEONI

2073 239 2428 313 IUNIORI!
3616 241 3744 310 τοο

341 377 554 438 ἔπαινον
611 386 708 440 τοῦ
767 378 882 438 νέου
938 378 1158 455 ἐκείνου,
1219 380 1308 438 καὶ
1362 377 1449 437 διὰ
1489 381 1838 460 παρακίνησιν
1890 380 2000 438 ἐδι-
2021 383 2216 439 ιΘεὸν
2268 385 2400 440 61:06
2454 391 2546 444 τοῦ
2579 384 2645 441 :6
2707 381 2893 459 ἔδωκε,
2953 383 3040 441 καὶ
3099 382 3330 464 γνωρίσῃ
3384 382 3474 440 τὸν
3529 377 3740 459 56:916-

345 469 446 538 κήν
516 490 614 534 σας
686 471 820 530 61:06
887 469 951 526 1:6:
1019 467 1205 535 ἐλθῆτε
1269 469 1358 526 καὶ
1433 478 1526 530 τοῦ
1594 469 1854 549 λόγουσας
1925 473 2000 535 εἰς
2081 493 2179 538 την
2208 494 2322 552 του,
2354 474 2442 529 καὶ
2470 473 2560 529 τὸν
2616 471 2982 544 καλοθελητήν
3043 495 3159 548 του,
3217 473 3304 531 καὶ
3359 473 3424 529 1:6
3476 472 3566 528 :61:
3619 492 3736 526 1:0-

343 557 508 616 πόθον
577 566 835 638 τοιοῦτον,
909 558 998 614 καὶ
1080 557 1144 614 1:6
1231 558 1324 614 :61:
1396 562 1691 635 μιμηθῆτε,
1785 558 1870 617 6:6
1936 560 2000 616 1:6
2079 561 2240 637 θήσῃ,
2276 563 2362 619 καὶ
2421 562 2483 618 1:6
2551 563 2641 619 τὸν
2695 565 3080 644 εὔχαριστήσῃ,
3135 564 3222 620 καὶ
3277 563 3346 639 μὲ
3395 561 3733 641 εὖχαριστίαν

339 643 595 738 ἀξιωθῆξε
666 646 730 738 1:6
818 645 1006 738 λάϐετε
1089 646 1395 738 παρόμοιανγ
1472 648 1632 738 χάριν
1719 648 1824 738 ἀπὸ
1905 649 1996 706 τὸν
2079 647 2263 728 λόγου,
2324 652 2412 707 καὶ
2471 651 2539 727 μὲ
2597 643 2934 732 εὐχαριστίαν
2989 643 3282 731 θεαρέστων
3337 647 3595 730 πράξεων,
3628 646 3733 738 ,καὶ

343 736 498 797 Θεόν.
542 733 597 793 Ἠ
650 733 825 793 θέλετε
873 735 936 791 1:6
979 741 1074 798 σᾶς
1130 736 1288 820 είπῶκ
1317 737 1405 792 καὶ
1465 733 1600 792 ἄλλα
1656 735 1996 816 μεγαλήτερα
2079 738 2184 810 ἔτζι
2215 741 2276 796 1:6
2335 738 2530 817 ἀξιωθῇ
2577 742 2643 809 1:6
2698 739 2836 817 λάϐῃ
2893 743 2979 800 καὶ
3036 740 3220 806 ἄλλαις
3279 740 3590 820 εὐεργεσίαις
3619 737 3732 793 ἀπὸ

340 827 448 884 ἀπὸ
516 827 648 884 αύτά
704 829 835 884 61:06
892 834 989 890 σᾶς
1048 826 1222 907 εἶπα,
1264 808 1434 903 Ὅμως
1478 829 1526 884 τί
1554 808 1684 884 ἄλλο
1727 808 1870 887 εἶναι
1902 808 1995 905 με·

340 915 633 996 γαλήτερον
691 917 796 974 ἀπὸ
853 917 945 972 τὸν
1011 914 1172 996 φόϐον
1227 923 1319 974 τοῦ
1363 923 1514 988 Θεοῦ,
1574 919 1747 982 καθὼς
1789 917 1932 998 λέγει
1965 921 1994 975 6

343 1004 605 1084 Θεολόγος
634 1006 924 1085 Γρηγόριος
949 1024 966 1083 ς
1023 1012 1139 1068 πῶς
1168 1003 1374 1073 δηλαδὴ
1403 1008 1438 1074 ἡ
1482 1006 1628 1087 ἀρχὴ
1679 1013 1776 1075 τῆς
1808 1009 1992 1088 σοφίας

342 1094 486 1151 εἶναι
515 1097 544 1151 6
586 1092 748 1175 φόϐος
775 1094 868 1152 τοῦ
897 1101 1068 1176 Θεοῦς
1117 1095 1266 1151 Διατὶ
1309 1093 1425 1151 ἐκεῖ
1473 1097 1605 1153 61:06
1661 1097 1805 1153 εἶναι
1836 1099 1864 1154 6
1891 1099 1992 1177 φό-

340 1181 434 1247 ϐος
489 1190 581 1242 τοῦ
665 1191 819 1260 Θεοῦ,
907 1183 1022 1240 ἐκεῖ
1111 1183 1253 1242 εἶναι
1311 1185 1399 1241 καὶ
1455 1183 1669 1266 φύλαξις
1739 1191 1844 1243 τῶν
1900 1186 1992 1243 ἐν-

337 1270 559 1330 τολῶν(
632 1274 721 1330 καὶ
775 1271 907 1331 ὅπου
965 1271 1108 1330 εἶναι
1165 1275 1201 1343 ἡ
1256 1271 1469 1354 φύλαξις
1539 1281 1644 1332 τῶν
1711 1273 1937 1333 ἐντολῶν
1972 1292 1987 1308 ⁸

335 1361 453 1419 ἐκεῖ
481 1362 616 1420 εἶναι
670 1365 699 1420 6
745 1363 1068 1442 καθαρισμὸς
1125 1367 1225 1430 τῆς
1275 1364 1489 1442 σαρκὸς,
1544 1366 1579 1434 ἡ
1636 1365 1792 1423 ὁποία
1847 1365 1992 1423 εἶναι

337 1450 428 1509 ἕνα
469 1451 619 1532 παχὺ
648 1452 899 1532 σύγνεφον
955 1449 1155 1530 ἐμπρὸς
1210 1453 1283 1516 είς
1340 1452 1438 1519 τὴν
1496 1453 1703 1534 ψυχὴν,
1765 1453 1853 1511 καὶ
1908 1452 1992 1510 δὲν

336 1539 436 1610 τὴν
464 1540 630 1622 ἀφίνει
660 1541 726 1599 νά
773 1539 858 1618 ίδῇ
913 1541 1176 1620 παστρικά
1203 1541 1300 1610 τὴν
1358 1537 1562 1618 λάμψιν
1621 1543 1720 1611 τὴν
1773 1544 1986 1614 θεῖκήν,

2075 831 2166 884 τὸν
2237 830 2390 908 Θεὸν,
2458 831 2547 886 καὶ
2603 831 2908 910 χαρίσματα
2979 831 3317 910 μεγαλήτερα
3371 831 3460 886 καὶ
3514 828 3726 885 αἰώνια.

2075 914 2242 973 Ἀλλά
2295 919 2481 992 ἡμεῖς,
2551 917 2867 994 ἀλήμονονὲ
2913 919 3149 994 τελείως,
3213 919 3296 978 δὲν
3326 917 3729 999 ἐγνοιαζόμεσθε

2073 1003 2157 1062 διὰ
2183 1006 2362 1062 ἐκεῖνα
2416 1007 2483 1064 :6
2537 1006 2822 1089 μέλλοντα,
2881 1009 3043 1085 μόνον
3099 1008 3312 1086 εῗμεσθε
3355 1006 3596 1084 δοσμένοι
3645 1006 3727 1067 εἰς

2073 1094 2140 1152 :6
2164 1095 2420 1176 παρόντα,
2479 1097 2568 1154 καὶ
2621 1095 2707 1153 6:6
2760 1097 2942 1155 ἐκεῖνα
2994 1100 3355 1179 φροντίζομεν,
3405 1098 3494 1154 καὶ
3525 1095 3724 1170 ἐπιμε-

2073 1181 2300 1260 λούμεθα
2328 1191 2443 1249 πῶς
2473 1186 2536 1242 1:6
2563 1187 2630 1244 :6
2657 1186 3070 1268 ἀποκτήσωμεν,
3121 1194 3236 1252 πῶς
3294 1187 3358 1242 1:6
3411 1186 3478 1242 :6
3528 1203 3726 1263 περισ-

2073 1274 2365 1349 σεύσωμεν,
2395 1275 2482 1332 καὶ
2531 1272 2616 1336 διά
2673 1275 2876 1335 ἐκεῖνον
2929 1279 3062 1337 ὀποῦ
3117 1283 3219 1353 μᾶς
3275 1276 3340 1333 :6
3369 1273 3559 1332 ’έδωκεν
3588 1271 3725 1331 ὁλό-

2071 1361 2200 1419 τελα
2228 1360 2312 1418 δὲν
2369 1369 2472 1440 μᾶς
2527 1362 2806 1444 ἐγνοιάζει,
2839 1365 2952 1444 ἀμὴ
3007 1365 3286 1448 δείχνομεν
3335 1365 3424 1422 καὶ
3478 1359 3726 1442 μεγάλην

2073 1451 2387 1532 ἀχαριστίαν
2454 1454 2526 1518 είς
2595 1454 2771 1532 αὐτὸν,
2846 1457 2935 1514 καί
3001 1458 3253 1536 γινόμεθα
3297 1453 3580 1533 παρόμοιοι
3649 1449 3726 1526 μὶ

2071 1541 2192 1605 τοὺς
2223 1538 2495 1622 δαίμονας,
2527 1541 2566 1611 ἢ
2613 1543 2702 1600 καὶ
2751 1544 3072 1626 χειρότεροι,
3129 1543 3192 1602 ἂν
3233 1542 3412 1623 πρέπῃ
3469 1542 3532 1599 1:6
3585 1541 3727 1598 είπῶ

336 1631 436 1690 Καὶ
477 1629 636 1688 πάλιν
684 1629 800 1687 ἐκεῖ
842 1632 973 1687 ὀποῦ
1043 1630 1184 1688 εἶναι
1232 1633 1556 1710 καθαρισμὸς
1611 1637 1710 1700 τῆς
1768 1634 1987 1713 σαρκὸς,
2011 1628 2052 1679 Β
2072 1629 2170 1696 τὴν
2237 1629 2508 1701 ἀλήθειαν.
2583 1633 2683 1691 Καὶ
2749 1631 2834 1692 6:6
2897 1643 3050 1694 τοῦτο
3096 1633 3282 1714 πρέπει
3341 1633 3404 1689 νά
3471 1651 3723 1710 τιμωρη-

333 1717 450 1776 ἐκεῖ
479 1717 620 1776 εἶναι
653 1717 920 1795 ’έλλαμψις
975 1721 1130 1790 θεϊκή
1166 1733 1182 1749 ⁶
1239 1719 1325 1777 καὶ
1381 1717 1513 1777 ὅπου
1556 1719 1699 1776 ε’ίναι
1727 1722 1762 1790 ἡ
1795 1719 1991 1798 ἔλλαμ-

332 1812 426 1884 ψις
467 1809 712 1884 ἡᾼθεϊκή,
747 1807 864 1865 ἐκεῖ
914 1807 1055 1864 εἶναι
1106 1809 1142 1876 ἡ
1200 1807 1468 1872 τελείωσις
1521 1815 1615 1866 τοῦ
1670 1813 1852 1870 θεϊκοῦ
1879 1811 1988 1868 πό-

330 1880 444 1960 00:1.
507 1880 659 1954 c'96::
698 1880 865 1956 ’ὀποῦ
920 1898 955 1964 ἡ
1013 1896 1277 1974 ἕλλαμψις
1334 1900 1370 1966 ἡ
1420 1900 1576 1968 θεῒκή
1624 1900 1712 1956 καὶ
1744 1902 1772 1956 6
1816 1901 1984 1981 φωτί-

330 1989 466 2062 σμὸς
524 1993 616 2044 τοῦ
669 1987 819 2066 ἁγίου
895 1986 1196 2063 Πνεύματος
1270 1987 1413 2045 εἶναι
1468 1986 1620 2052 τέλος
1673 1987 1985 2048 ἀτελείωτον

329 2077 455 2134 κάθε
484 2077 699 2157 ἀρετῆς,
731 2077 821 2133 καὶ
861 2074 1044 2141 ὅποιος
1079 2075 1203 2153 ’έλθῃ
1261 2078 1334 2141 εἷς
1382 2078 1507 2136 αὐτὸ
1553 2077 1614 2134 τὸ
1653 2077 1830 2154 τέλος,
1861 2079 1983 2136 ἐτε-

329 2164 545 2225 λείωσεν
575 2165 675 2224 ὅλα
705 2165 774 2222 :6
801 2166 1048 2241 αἰσθητὰ,
1080 2167 1169 2223 καὶ
1210 2164 1401 2248 ἔρχισε
1443 2166 1507 2224 1:6
1535 2164 1749 2249 ἔρχεται
1779 2170 1853 2234 είς
1882 2169 1980 2238 τὴν

327 2263 523 2338 γνῶσιν
552 2257 656 2315 τῶν
686 2262 1078 2332 πνευματικῶν.

407 2346 552 2406 A6:6
606 2346 773 2424 εἶναι,
828 2343 1042 2425 ἀδελφοί
1083 2367 1207 2421 μου,
1265 2345 1331 2404 :6
1371 2345 1637 2422 θαυμάσια
1689 2353 1780 2404 τοῦ
1831 2348 1981 2428 ἁγίου

333 2444 487 2496 Θεοῦ.
548 2436 647 2492 Διά
697 2441 854 2494 τοῦτο
913 2435 1198 2514 φανερώνει
1267 2436 1296 2492 6
1351 2434 1620 2516 πάνσοφος
1670 2436 1804 2500 Θεὸς
1855 2437 1977 2502 τοὺς

329 2525 588 2604 κρυπτοὺς
643 2524 822 2603 ἁγίους
872 2545 988 2603 του,
1050 2522 1086 2591 ἢ
1143 2522 1228 2581 6:6
1281 2523 1346 2581 1:6
1424 2524 1546 2589 τοὺς
1602 2528 1864 2600 μιμηθοῦν
1935 2528 1983 2582 οἱ

2067 1721 2257 1795 θοῦμεν
2326 1721 2414 1776 καὶ
2462 1720 2828 1801 περισσότερον
2909 1723 3014 1780 ἀπὸ
3092 1723 3346 1804 ἐκείνους,
3414 1719 3550 1777 διατὶ
3629 1719 3723 1776 καὶ

2068 1808 2461 1888 περισσότεραις
2560 1812 2878 1892 εὐεργεσίαις
2971 1810 3258 1889 ἐλὰϐαμεν.
3337 1807 3557 1879 Ἐπειδὴ
3625 1808 3719 1866 καὶ

2066 1897 2229 1973 ἡμεῖς
2284 1897 2644 1978 ἐγεννήθημεν
2704 1903 3027 1980 Χριστιανοὶ,
3091 1898 3354 1972 ἐλάϐαμεν
3407 1900 3540 1956 τόσα
3604 1919 3712 1972 μυ-

2066 1988 2276 2068 στήρια,
2349 1988 2480 2046 τόσα
2550 1989 2856 2070 χαρίσματα
2921 1991 3272 2072 πνευματικὰ,
3331 1987 3421 2046 καὶ
3472 1987 3716 2046 πιστεύο-

2067 2097 2161 2152 μεν
2217 2076 2308 2135 ἕνα
2363 2079 2491 2136 Θεὸν
2545 2081 2678 2140 61:06
2727 2077 2866 2159 ἔγινε
2921 2078 3006 2139 διὰ
3075 2081 3218 2156 ἡμᾶς
3262 2078 3555 2160 ἄνθρωπος,
3625 2073 3714 2134 καὶ

2065 2163 2222 2223 ἔπαθε
2313 2167 2441 2225 τόσα
2510 2169 2734 2246 βάσανα,
2829 2169 2916 2226 καὶ
2993 2168 3145 2234 τέλος
3211 2167 3420 2228 πάντων
3489 2165 3711 2224 θάνατον

2064 2257 2338 2338 σταυρικὸν
2395 2255 2480 2314 6:6
2533 2259 2595 2314 1:6:
2651 2264 2756 2334 μᾶς
2783 2257 3105 2338 ἐλευθερώσῃ
3162 2258 3268 2316 ἀπὸ
3335 2258 3434 2326 τὴν
3503 2254 3710 2322 πλάνην

2063 2355 2155 2406 τοῦ
2203 2344 2471 2421 διαϐόλου,
2531 2348 2620 2405 καὶ
2665 2347 2770 2406 ἀπὸ
2839 2349 2937 2418 τὴν
2993 2346 3275 2429 ἁμαρτίαν.
3338 2348 3439 2406 Καὶ
3489 2345 3560 2422 μὲ
3611 2341 3712 2401 ὅλα

2062 2441 2225 2492 ταῦτα
2255 2437 2346 2493 σὸν
2379 2437 2696 2514 πιστεύομεν
2759 2436 2827 2516 μὲ
2866 2438 2934 2495 :6
2985 2436 3143 2518 λόγια
3201 2436 3441 2517 μοναχὰ,
3494 2434 3583 2493 καὶ
3637 2433 3709 2510 μὲ

2063 2523 2129 2582 :6
2156 2522 2282 2604 ἔργα
2313 2547 2416 2602 μας
2445 2526 2536 2583 τὸν
2567 2527 2856 2606 ἀρνούμεθα
2885 2526 3126 2591 τελείως,

327 2613 503 2693 ἄλλοι,
566 2614 654 2671 καὶ
709 2613 772 2670 1:6
825 2615 1257 2692 μεταχειρισθοῦν
1304 2614 1392 2670 καὶ
1448 2616 1592 2672 αὖτοὶ
1660 2615 1760 2682 τὴν
1816 2613 1979 2673 πολι·
2147 2613 2245 2669 Δέν
2273 2613 2582 2693 κηρύττεται
2620 2616 2682 2672 τὸ
2712 2614 2878 2691 ὄνομα
2929 2623 3020 2673 τοῦ
3067 2623 3294 2694 Χριστοῦ
3336 2614 3435 2682 τὴν
3478 2612 3710 2691 σήμερον

325 2703 468 2761 τείαν
535 2725 678 2778 τους,
739 2703 774 2771 ἢ
831 2700 893 2758 ἂν
971 2699 1062 2760 δὲν
1115 2703 1238 2766 τοὺς
1307 2705 1592 2783 μιμηθοῦν,
1651 2704 1714 2760 1:6
1773 2705 1978 2779 μείνουν
2063 2697 2298 2776 ὸλοῦθεν,
2355 2703 2442 2758 καὶ
2495 2704 2568 2768 εἷς
2637 2717 2762 2768 ταῖς
2816 2703 3128 2781 πολιτείαις,
3183 2703 3273 2760 καὶ
3343 2704 3416 2768 είς
3444 2702 3512 2759 :6
3539 2701 3714 2782 χωρία

327 2791 742 2872 ἀναπολόγητοι,
787 2793 873 2849 καὶ
930 2793 992 2849 1:6
1041 2791 1149 2868 μὴν
1206 2791 1368 2872 ἔχουν
1427 2792 1663 2868 κάμεὶλαν
1720 2793 1979 2874 πρόφασιν
2060 2791 2148 2846 καὶ
2203 2793 2276 2854 εἷς
2317 2791 2384 2848 :6:
2439 2795 2788 2874 μοναστήρια,
2860 2795 2948 2851 καὶ
3004 2795 3077 2857 εἷς
3135 2793 3228 2857 τὰς
3285 2791 3545 2872 ἐρημίαςς
3600 2790 3710 2864 M6,

326 2883 390 2939 1:6:
430 2883 634 2943 είποῦν.
689 2883 839 2938 Διατὶ
899 2883 986 2938 καὶ
1043 2881 1238 2938 ἐκεῖνοι
1295 2883 1428 2938 ὀποῦ
1470 2881 1789 2960 εὑρίσκονται
1843 2877 2036 2958 μέσαα
2061 2877 2123 2934 ἂν
2176 2879 2410 2958 ἀγαπᾷς,
2473 2879 2673 2948 ἐξέταξε
2727 2881 2955 2961 ἀκριϐῶς
3008 2884 3072 2939 1:6
3128 2883 3303 2960 μάθῃς
3360 2881 3514 2939 πόσοι
3572 2887 3709 2957 Χρι-

326 2974 401 3035 είς
464 2971 586 3035 τοὺς
653 2972 1056 3052 περισπασμοὺς
1140 2971 1228 3027 καὶ
1295 2970 1559 3049 ταραχὰς,
1631 2971 1821 3034 ἀνίσως
1889 2969 1978 3028 καὶ
2057 2971 2258 3026 στιανοὶ
2309 2968 2596 3050 φυλάττουν
2653 2971 2746 3036 τὰς
2803 2971 3019 3035 ἐντολάς
3059 2993 3153 3029 του
3186 2988 3201 3003 ⁶
3256 2971 3338 3027 καὶ
3398 2969 3533 3044 μετά
3583 2967 3702 3042 βίας

325 3059 703 3120 πολιτεύωνται
759 3061 934 3125 καθὼς
999 3059 1208 3140 πρέπει,
1301 3059 1583 3134 σώνονται,
1653 3061 1743 3117 καὶ
1811 3058 1974 3126 ἀξιώ-
2056 3058 2293 3133 ἀνάμεσα
2352 3061 2426 3122 εἷς
2494 3060 2680 3124 τόσους
2749 3060 2918 3126 θέλεις
2977 3060 3103 3141 εῧρῃ
3151 3061 3266 3118 ἕναν
3294 3063 3422 3117 61:06
3465 3057 3529 3116 v6
3555 3055 3697 3113 εἶναι

325 3172 502 3210 νονται
574 3149 637 3205 1:6
693 3147 884 3211 λάϐουν
939 3148 1044 3205 ἀπὸ
1086 3149 1176 3204 τὸν
1238 3149 1366 3205 Θεὸν
1429 3146 1636 3227 μεγάλα
1685 3147 1845 3223 καλὰ,
1893 3147 1977 3205 διὰ
2055 3145 2279 3214 ἀληθινά
2336 3151 2646 3227 Χριστιανὸς
2703 3152 2791 3207 καὶ
2853 3151 2920 3227 μὲ
2993 3152 3060 3207 :6
3123 3149 3295 3230 λόγια,
3353 3147 3441 3205 καὶ
3509 3146 3578 3221 με
3632 3143 3704 3199 τὰ

323 3239 576 3318 μοναχὴν
621 3238 720 3305 τὴν
775 3239 948 3294 πίστιν
1006 3239 1138 3294 61:06
1193 3235 1350 3317 ἔχουν
1408 3237 1480 3300 εἷς
1537 3236 1718 3300 αὐτὸν.
1778 3239 1974 3294 Λοιπὸν
2057 3234 2206 3314 ἔργα.
2271 3236 2369 3292 Δὲν
2423 3238 2577 3294 εἶπεν
2633 3241 2662 3296 6
2721 3241 2907 3317 Κύριός
2967 3263 3072 3316 μας
3131 3242 3204 3303 είς
3259 3240 3319 3294 τὸ
3363 3238 3500 3316 ἱερὸν
3525 3234 3709 3312 Εὔαγ-

324 3327 594 3396 λυπηθῆτε
651 3327 750 3395 τὴν
807 3328 991 3407 ψυχήν
1046 3348 1142 3390 σας
1206 3324 1441 3406 ἀδελφοὶ,
1514 3327 1603 3382 καὶ
1671 3327 1974 3383 πιστεύσετε
2057 3323 2231 3403 γέλιον
2267 3343 2282 3358 ⁶
2323 3349 2351 3380 α
2417 3335 2611 3392 Οποιος
2683 3330 2915 3385 πιστεύει
2967 3331 3040 3392 εἰς
3091 3328 3210 3409 ἐμὲ,
3261 3325 3399 3385 θέλει
3427 3326 3581 3402 κάμῃ
3623 3322 3711 3379 καὶ

327 3418 395 3494 μὲ
451 3416 584 3485 ὅλην
615 3423 737 3481 ’σας
793 3415 892 3484 :61:
939 3413 1153 3496 καρδίαν
1181 3414 1506 3478 ἀδιστάκτως
1549 3415 1622 3480 εἰς
1665 3416 1755 3471 τὸν
1788 3415 1974 3496 Κύριόν
2058 3413 2214 3478 αὒτὸς
2258 3413 2357 3471 ὅσα
2384 3415 2542 3490 κάμω
2584 3419 2672 3474 καὶ
2722 3417 2851 3498 ἐγὼ,
2896 3419 2984 3475 καὶ
3043 3418 3205 3493 ἀκόμι
3261 3415 3642 3496 μεγαλήτερας
3679 3435 3703 3468 ι

324 3529 455 3583 μας,
486 3508 574 3563 καὶ
605 3507 677 3571 εἷς
735 3506 801 3562 :6
856 3503 1013 3584 λόγιά
1062 3527 1175 3584 του,
1223 3505 1312 3561 καὶ
1363 3505 1623 3580 μισήσατε
1672 3503 1856 3563 ἐτοῦτα
1910 3504 1976 3560 :6
2058 3503 2210 3582 Τώρα
2240 3517 2398 3568 ποῖος
2449 3504 2554 3561 ἀπὸ
2614 3508 2755 3583 ἡμᾶς
2815 3507 3054 3581 ἀποκοτᾷ
3107 3508 3169 3564 1:6
3212 3509 3361 3583 είπῇ,
3423 3511 3540 3568 πῶς
3569 3501 3710 3580 Ἐγὼ

325 3596 548 3673 ψεύτικα
596 3595 883 3674 πράγματα
943 3603 1036 3653 τοῦ
1093 3595 1318 3673 κόσμου,
1388 3594 1476 3648 καὶ
1505 3593 1736 3672 ἀφήσετέ
1781 3616 1870 3673 τα,
1902 3595 1975 3658 ὡς
2057 3592 2203 3647 κάνω
2231 3593 2296 3648 τὰ
2345 3591 2472 3672 ἔργα
2527 3604 2619 3654 τοῦ
2675 3603 2920 3675 Χριστοῦ,
2981 3599 3070 3654 καὶ
3127 3597 3358 3653 πιστεύω
3413 3596 3577 3674 ὀρθῶς
3633 3592 3705 3653 εἷς

323 3686 622 3766 προσωρινά
677 3687 810 3741 61:06
869 3684 1034 3762 εῖναι,
1080 3685 1168 3740 καὶ
1225 3680 1540 3762 προσέλθετε
1596 3683 1669 3745 εἰς
1699 3684 1790 3738 τὸν
1819 3685 1972 3757 Θεὸν,
2057 3683 2257 3761 αὐτὸν,
2317 3681 2570 3758 Βλέπεσε,
2630 3683 2868 3767 ἀδελφοὶ,
2925 3689 3058 3743 61:06
3113 3685 3314 3767 ἔχομεν
3371 3685 3436 3741 1:6
3466 3683 3703 3760 εὓρεθοῦ-

323 3776 412 3832 καὶ
468 3773 904 3856 προσκολληθῖπε
963 3773 1029 3850 μὲ
1081 3773 1260 3832 αὐτὸν.
1324 3775 1474 3857 Διειτὶ
1526 3773 1692 3852 χωρὶς
1726 3773 1817 3829 τὸν
1845 3773 1974 3828 Θεὸν
2057 3791 2154 3845 μεν
2223 3769 2433 3829 ἄπιστοι
2489 3775 2561 3837 εἷς
2613 3774 2817 3842 ἐκείνην
2885 3775 2983 3843 τὴν
3073 3773 3294 3857 φοϐερὰν
3343 3771 3548 3850 ἡμέραν
3606 3774 3705 3836 τῆς

325 3861 408 3920 δὲν
433 3843 574 3920 εἶναι
605 3862 814 3927 τίποτες
865 3863 938 3926 είς
964 3843 1070 3920 ’τὸν
1122 3862 1348 3937 κόσμον,
1390 3843 1632 3919 εὗλαητά
1688 3861 1974 3939 πράγματα
2055 3843 2297 3940 κρίσεως,
2339 3863 2444 3943 ,καὶ
2491 3861 2688 3943 ἔχομεν
2745 3865 2809 3923 1:6
2863 3843 3222 3940 κολασθοῦμεν
3279 3843 3559 3943 χειρότερα
3599 3859 3704 3916 ἀπὸ

325 3952 468 4010 εἶναι
511 3951 680 4032 οῦδὲν,
714 3950 838 4008 ὅταν
898 3949 1115 4031 λείπῃὸ
1145 3951 1296 4013 Θεός.
1335 3949 1432 4006 Διά
1486 3956 1638 4006 τοῦτο
1666 3948 1855 4029 κλαίω,
1887 3951 1975 4006 καὶ
2055 3947 2278 4014 ἐκείνους
2337 3941 2484 4008 ὀποῦ
2520 3941 2623 4009 7661:
2679 3955 2955 4033 γνωρίζουν
3023 3953 3234 4018 τελείως
3283 3941 3382 4010 τὸν
3453 3951 3698 4032 Χριστὸν,

322 4045 522 4122 θρηνῶ,
577 4027 676 4099 καὶ⁷
720 4040 983 4118 λυποῦμαι
1035 4027 1388 4120 ύπερϐολικά,
1453 4037 1577 4096 ὅταν
1649 4027 1975 4118 συλλογισθῶ
2057 4038 2192 4112 μήτε
2221 4041 2313 4095 τὸν
2341 4041 2656 4122 πιστεύουνς
2694 4027 2840 4100 Ᾰιατὶ
2890 4044 3096 4123 ἀνάγκη
3159 4045 3326 4119 εἶναι,
3357 4042 3392 4111 ἢ
3445 4027 3612 4116 ἡμεῖς
3640 4039 3705 4097 1:6

323 4132 436 4194 πῶς
468 4130 666 4211 ’έχομεν
724 4131 924 4190 τέτοιον
977 4130 1229 4198 αὐθέντην
1287 4125 1674 4208 πλουσιόδωρον
1717 4131 1804 4185 καὶ
1848 4127 1973 4208 φιλ·
1996 4126 2535 4212 υκαταδικασθοῦμεν
2591 4132 2734 4188 ὠσάν
2791 4131 3023 4207 ἄπιστοι,
3078 4133 3114 4201 ἢ
3164 4135 3350 4214 Κύριος
3399 4134 3553 4206 ἡμῶν
3585 4127 3697 4196 ’1η-

323 4222 614 4301 άνθρωπον,
650 4224 780 4280 ὀποῦ
816 4218 900 4278 διὰ
955 4220 1126 4296 μόνην
1180 4221 1278 4287 την
1333 4221 1508 4275 πίστιν
1578 4221 1710 4277 ὀποῦ
1759 4216 1974 4299 δείχνο-
2057 4222 2178 4301 σοῦς
2211 4219 2454 4296 Χριστὸς,
2487 4219 2522 4286 ἡ
2556 4217 2926 4294 αὖτοαλτξθεια,
2973 4223 3037 4277 1:6
3065 4219 3358 4301 ἀποδειχθῇ
3414 4219 3648 4295 ψεύστης
3682 4232 3698 4247 ⁶

323 4296 428 4388 μεν-
463 4312 536 4374 είς
566 4309 686 4372 τοὺς
716 4308 906 4388 λόγους
936 4330 1052 4389 του,
1096 4309 1184 4365 καὶ
1243 4310 1317 4371 είς
1361 4309 1454 4372 τὰς
1511 4296 1976 4387 ὑποσχέσεις-’του
2054 4305 2116 4359 τὸ
2149 4296 2352 4363 (οποῖον
2384 4307 2524 4364 εἶναι
2555 4307 2827 4368 ἀδύνατον.
2877 4311 2974 4369 Καὶ
3003 4310 3134 4367 αὒτά
3184 4313 3250 4366 :6
3277 4310 3507 4388 ἐγραψα,
3539 4305 3705 4364 ἀδελ-

322 4401 390 4478 μέ
447 4400 543 4468 τὴν
600 4397 808 4478 πρᾶξιν,
869 4404 974 4474 μᾶς
1031 4398 1236 4477 χαρίζει
1293 4397 1470 4454 τέτοια
1519 4397 1849 4477 χαρίσματα,
1880 4419 1974 4453 κα·
2055 4396 2141 4476 φοί
2185 4418 2309 4472 μου,
2340 4395 2432 4478 6’χι
2477 4398 2543 4473 μὲ
2573 4401 2771 4457 σκοπὸν
2818 4397 2902 4459 διὰ
2957 4400 3020 4455 1:6
3076 4395 3344 4474 ἐμποδίσω
3395 4397 3522 4459 τοὺς
3567 4404 3700 4476 Χρι-

319 4491 422 4553 θὼς
453 4489 519 4544 :6:
547 4487 871 4566 ἠκούσαμεν,
906 4488 996 4544 καὶ
1051 4487 1116 4542 τὰ
1160 4485 1401 4562 εἴδαμεν,
1450 4488 1549 4544 Καὶ
1595 4489 1758 4563 ἡμεῖς
1816 4485 1974 4543 ἀσυλ-
2055 4486 2295 4548 στιανοὺς
2326 4486 2430 4542 ἀπὸ
2459 4487 2555 4549 τὴν
2586 4488 2926 4568 ἀναχώρησιν
2981 4489 3070 4544 καὶ
3127 4489 3224 4556 τὴν
3277 4487 3528 4566 ἡσυχίαν,
3562 4507 3703 4564 προ-

321 4576 542 4657 λόγιστα
573 4575 714 4633 ώσάν
742 4576 808 4631 τά
835 4574 1002 4654 ἄλογα
1045 4583 1156 4647 ζῶα
1183 4583 1524 4655 προτιμῶμεν
1578 4575 1844 4656 καλή-τερα
1873 4577 1972 4642 τὴν
2055 4573 2319 4649 τιμῶντας
2376 4574 2643 4656 καλήτερα
2694 4579 2792 4644 τὴν
2848 4575 3114 4634 πολιτείαν
3170 4576 3270 4643 τὴν
3300 4574 3566 4651 κοσμικὴν
3600 4572 3704 4654 (μὴ

322 4672 449 4746 γῆν,
481 4667 569 4722 καὶ
595 4665 662 4722 τὰ
691 4666 854 4743 γήϊνα
883 4667 971 4722 καὶ
999 4666 1201 4745 φθαρτά
1254 4665 1562 4743 πράγματα,
1616 4666 1682 4722 :6
1736 4667 1900 4722 ὁποτα
1945 4668 1972 4721 6
2055 4663 2259 4741 γένοιτο
2315 4674 2468 4724 τοῦτο
2522 4665 2652 4723 ποτέ
2703 4665 2776 4747 ί),
2833 4665 2969 4722 ἀλλά
3016 4657 3061 4722 ιο
3110 4665 3306 4728 σκοπός
3335 4686 3434 4740 μου
3464 4664 3606 4720 εἶναι
3638 4663 3705 4722 1:6

323 4756 624 4834 πανάγαθος
656 4755 784 4818 Θεὸς
816 4751 899 4810 διὰ
927 4754 1025 4822 τὴν
1053 4751 1216 4832 ἅρκαν
1271 4777 1364 4813 του
1417 4751 1808 4833 εὖσπλαγχνίαν
1868 4761 1972 4830 μᾶς
2055 4751 2447 4834 πληροφορήσω
2517 4754 2670 4820 ὅλους
2729 4746 2964 4820 ἐκείνους
3048 4746 3197 4812 ὀποῦ
3270 4750 3545 4810 διαϐάσουν
3604 4753 3705 4819 τὴν

323 4846 389 4901 :6
419 4842 540 4901 δίδει
571 4842 1008 4923 πλουσιοπάροχα
1038 4839 1121 4898 διὰ
1172 4844 1270 4911 τὴν
1313 4843 1497 4923 χρείαν
1553 4851 1646 4902 τοῦ
1699 4843 1971 4918 σώματος,
2056 4849 2322 4922 παροῦσαν
2379 4842 2649 4925 διήγησιν,
2694 4847 2808 4910 πῶς
2851 4846 3052 4910 ἐκεῖνος
3115 4835 3265 4902 ὀποῦ
3307 4841 3446 4900 θέλει
3475 4843 3562 4898 καὶ
3591 4864 3704 4900 πο-

324 4931 408 4991 διὰ
439 4933 503 4991 νὰ
530 4930 838 5012 κυϐερνᾶται
870 4931 976 4988 ἀπὸ
1006 4932 1136 4990 αὐτὰ
1166 4931 1376 5011 μέτρια,
1423 4929 1522 4987 ὅσα
1548 4938 1640 4988 τοῦ
1670 4931 1812 4987 εἶναι
1837 4931 1972 4989 ἀνα-
2055 4934 2139 4988 θεῖ
2166 4930 2217 4997 ἐξ
2264 4930 2395 5000 ὅλης
2452 4955 2542 4990 του
2595 4939 2780 5016 ψυχῆς
2822 4937 2911 4993 καὶ
2967 4931 3178 5015 καρδίας
3237 4933 3300 4991 v6
3341 4932 3491 5008 κάμῃ
3518 4932 3581 4987 τὸ
3609 4953 3706 4988 κα-

322 5034 490 5102 γκαῖα
517 5019 601 5078 6:6
629 5022 692 5077 1:6
719 5026 807 5096 ζῇ.
843 5021 994 5089 Καὶὴ
1026 5022 1180 5100 ψυχὴ
1205 5020 1270 5076 1:6
1298 5021 1405 5095 μὴν
1436 5018 1543 5100 ἔχῃ
1587 5019 1778 5076 κάνένα
1811 5019 1976 5095 ἐμπό-
2056 5019 2148 5077 λὸν
2176 5023 2264 5078 καὶ
2311 5023 2409 5089 τὴν
2459 5023 2672 5101 ἀρετὴν,
2732 5023 2885 5082 ἔλαϐε
2943 5022 3159 5099 δύναμιν
3213 5021 3320 5078 ἀπὸ
3374 5022 3466 5077 τὸν
3494 5042 3702 5078 παντο-

323 5108 456 5184 διον,
502 5109 636 5166 ἀλλὰ
666 5109 730 5166 1:6
758 5107 864 5188 ἔχῃ
895 5109 990 5176 τὴν
1020 5107 1197 5179 ἐδικήν
1223 5130 1321 5176 της
1354 5107 1584 5187 ἔγνοιαν,
1613 5109 1700 5164 καὶ
1730 5109 1792 5164 νὰ
1820 5107 1971 5165 πολι·
2055 5108 2281 5187 δύναμον
2331 5113 2460 5168 Θεὸν
2512 5114 2576 5170 1:6
2631 5114 2869 5194 ἡμπορεῖ
2935 5113 3000 5170 v6
3049 5113 3110 5168 :6
3163 5111 3300 5187 κὰνῃ
3357 5109 3430 5172 εἷς
3458 5109 3584 5165 κάθε
3613 5109 3705 5165 τό·

322 5201 525 5257 τεύεται
582 5199 670 5255 καὶ
726 5197 858 5266 αύτὴ
941 5199 1115 5261 καθὼς
1193 5198 1400 5278 πρέπει,
1457 5200 1544 5254 καὶ
1613 5198 1676 5252 1:6
1729 5197 1968 5278 τρέφεται
2050 5223 2172 5274 πον,
2205 5202 2292 5256 καὶ
2321 5201 2381 5256 1:6
2439 5199 2634 5280 ἀξιωθῇ
2663 5204 2728 5260 1:6:
2777 5201 2914 5280 λάϐῃ
2967 5203 3054 5258 καὶ
3095 5200 3402 5282 χαρίσματα
3455 5220 3702 5274 πνευμα-

325 5291 412 5346 καὶ
455 5288 590 5356 αὒσὴ
647 5288 714 5364 μὲ
759 5287 858 5356 τὴν
908 5288 1091 5366 νοερὰν
1147 5289 1371 5368 τροφὴν,
1427 5289 1515 5344 καὶ
1569 5286 1635 5362 μὲ
1680 5286 1779 5354 τὴν
1811 5287 1970 5367 χάριν
2050 5289 2194 5363 τικὰ,
2222 5290 2310 5346 καὶ
2357 5291 2495 5355 θείας
2551 5294 2791 5372 θεωρίας,
2833 5293 2975 5350 ὡσάν
3034 5290 3122 5347 καὶ
3173 5295 3356 5346 τοῦτον
3410 5287 3502 5344 τὸν
3556 5285 3700 5362 νέον,

323 5384 416 5436 τοῦ
468 5378 618 5457 ἁγίου
667 5377 990 5452 Πνεύματος.
1056 5379 1204 5434 Διατὶ
1259 5380 1288 5434 6
1339 5376 1608 5456 ἄνθρωπος
1681 5373 1765 5431 δια
1815 5385 1969 5435 τοῦτο
2049 5379 2140 5435 τὸν
2171 5377 2525 5459 εὐλογημένον
2575 5368 2716 5461 λέγω
2773 5382 3060 5461 Γεώργιον.
3119 5380 3220 5438 Τὸν
3279 5368 3510 5452 ὀποῖον,
3545 5373 3613 5452 μὲ
3641 5377 3705 5432 τὸ

319 5465 488 5546 ἓγινεν
558 5467 630 5530 είς
698 5467 790 5522 τὸν
845 5464 1044 5540 κόσμον
1101 5473 1308 5530 τοῦτον,
1369 5465 1453 5523 διὰ
1501 5466 1565 5524 v6
1619 5463 1744 5542 εὕρῃ
1801 5464 1969 5522 αἰτίαν
2050 5467 2116 5524 1:6:
2143 5469 2229 5526 :61:
2261 5481 2394 5549 εῖχα
2446 5470 2533 5526 καὶ
2580 5469 2688 5550 ἐγὼ
2736 5471 3024 5550 γνώριμον,
3080 5468 3168 5525 καὶ
3218 5465 3368 5548 φίλον
3409 5487 3513 5541 μου
3541 5464 3702 5544 ἀκρισ-

319 5556 426 5623 ἀπὸ
495 5554 679 5620 ἐτοῦτα
745 5554 812 5610 :6
880 5555 1112 5629 κοσμικὰ
1167 5556 1456 5640 πράγματα
1496 5555 1559 5618 1:6
1629 5551 1822 5634 δοξάσῃ
1877 5555 1967 5613 τὸν
2051 5553 2144 5613 ϐὸν
2170 5557 2262 5618 τὸν
2311 5557 2712 5642 ἐπαρακάλεσα,
2759 5562 2848 5620 καὶ
2897 5564 3002 5640 μοῦ
3056 5557 3124 5616 :6
3181 5553 3468 5636 ἐδιηγήθη,
3525 5554 3704 5617 καθὼς
