4054 6114
326 217 450 290 703

1637 214 2020 291 SYMEONIS
2057 215 2408 291 JUNIORIS

3589 222 3702 292 704

331 358 578 441 ἀδελφόν.
665 362 845 420 Ἀλλοι
927 357 984 416 δὲ
1069 357 1176 416 ἀπὸ
1254 356 1442 423 αὖτοὺς
1517 357 1979 439 ἐπαρακινηθηκαν
2000 375 2044 414 Α
2063 355 2263 436 λήτερη
2293 355 2381 414 καὶ
2435 358 2470 426 ἡ
2529 357 2690 416 νύκτα
2744 355 2919 429 ἐκείνη
2965 359 3098 419 61:06
3150 359 3268 444 ἔχει
3310 360 3558 444 φεγγάρι,
3603 360 3700 418 ἀπὸ

333 451 440 508 ἀπὸ
469 452 560 508 τὸν
589 449 851 526 διάϐολον,
886 449 975 506 καὶ
1002 447 1350 528 ἐφονεύθηκαν
1394 448 1624 529 μοναχοί
1679 470 1801 512 τους
1837 464 1852 480 ⁸
1897 449 1988 505 καὶ

335 539 485 599 ἄλλοι
515 539 937 620 ἐκρημνίσθηκαν
973 556 988 573 ⁸
1043 537 1131 594 καὶ
1184 536 1336 595 ἄλλοι
1396 538 1806 618 ἐφουρκίσθησαν
1840 557 1854 570 ⁸
1901 538 1989 594 καὶ

335 643 494 694 ποῖος
551 630 790 708 ἧμπορεϊ
846 629 909 684 νὰ
968 625 1217 706 διηγῆναι
1283 640 1405 691 ταῖς
1464 625 1734 708 διάφοραις
1762 625 1988 690 πλάναις

335 729 430 778 τοῦ
457 715 721 794 διαϐόλου,
759 718 826 795 μὲ
855 729 977 781 ταῖς
1035 717 1240 781 ὁποίαις
1295 717 1418 780 τοὺς
1460 715 1656 790 πλανᾷ,
1691 719 1822 774 ὀποῦ
1848 717 1990 772 εἶναι

343 806 707 886 ἀδιήγηταιςς
785 805 932 874 Πλὴν
1014 804 1120 862 ἀπὸ
1190 805 1320 861 αὒτὰ
1389 807 1518 865 ὀποῦ
1577 805 1806 881 εἴπαμεν
1840 805 1992 862 ’κάθε

338 897 592 980 φρόνιμος
650 895 918 974 ἅνθρωπος
977 895 1215 974 ἠμπορετ
1282 895 1346 952 νὰ
1388 893 1666 973 καταλάβῃ
1721 897 1770 951 τί
1823 893 1990 974 λογῆς

339 986 505 1062 ζημία
556 985 874 1066 προέρχεται
949 985 1053 1041 ἀπὸ
1132 985 1315 1041 τοότον
1393 985 1480 1041 τὸν
1537 990 1746 1064 πρῶτον
1801 985 1992 1064 τρόπον

342 1080 442 1142 τῆς
472 1079 750 1154 προσοχῆς
793 1076 881 1130 καὶ
941 1079 1271 1154 προσευχῆς.
1331 1075 1388 1130 Εἰ
1445 1072 1501 1129 δὲ
1543 1075 1631 1130 καὶ
1672 1096 1816 1154 τυχῃ
1844 1075 1990 1138 τινὰς

343 1164 450 1220 ἀπὸ
520 1162 745 1227 ἐκείνως
806 1166 939 1220 61:06
991 1162 1444 1242 μεταχειρίζονται
1502 1164 1657 1222 αὐτὸν
1713 1165 1805 1220 16v
1859 1163 1990 1244 τρό-

342 1275 466 1328 πον,
525 1253 610 1308 καὶ
673 1251 753 1309 δέν
807 1252 949 1330 πάθῃ
1001 1251 1197 1309 κάκένα
1276 1253 1438 1310 κακὸν
1512 1252 1617 1308 ἀπὸ
1672 1252 1805 1308 αὐτὰ
1861 1255 1992 1312 61:06

345 1343 600 1418 εἴπαμεν,
633 1340 817 1410 ἐπειδὴ
877 1343 965 1399 καὶ
1021 1343 1306 1420 εὑρίσκεται
1366 1343 1433 1418 μὲ
1489 1339 1722 1399 συνοδίαν
1752 1340 1990 1423 ἀδελφῶν

349 1430 506 1512 (διατὶ
534 1431 664 1491 αὐτὰ
694 1431 760 1488 τὰ
807 1432 946 1488 κακὰ
975 1431 1038 1486 νὰ
1079 1433 1140 1488 τὸ
1195 1432 1474 1488 παθαίνουν
1521 1431 1750 1508 μάλιστα
1779 1436 1827 1488 οἱ
1857 1431 1991 1488 ἀνα-

346 1522 591 1602 χωρηταὶ
634 1524 765 1578 ὀποῦ
801 1523 942 1578 εἶναι
974 1523 1204 1601 μοναχοί
1231 1524 1397 1598 τους),
1457 1519 1603 1596 ὅμως
1633 1520 1832 1600 ἀπερνᾷ
1860 1519 1991 1588 ὅλην

346 1633 438 1670 του
467 1611 563 1678 τὴν
593 1611 737 1683 ζωὴν
766 1611 1092 1690 ἀπρόκοπος,

719 1752 743 1788 α
779 1733 902 1811 Περὶ
931 1739 1022 1789 τοῦ
1050 1730 1286 1812 δευτέρου
1313 1731 1528 1812 τρόπου.
1582 1753 1608 1791 ι

430 1844 488 1912 εΟ
531 1852 763 1934 δεύτερος
777 1855 1004 1937 ⁸,τρόπος
1048 1859 1146 1921 τῆς
1199 1861 1483 1936 προσοχῆς
1543 1856 1630 1912 καὶ
1687 1861 1995 1937 προσευχῆς

347 1946 489 2003 εἶναι
532 1943 688 2007 αὐτός
722 1961 736 1978 ⁴
777 1925 928 2001 (ὃταν
985 1945 1131 2008 τινὰς
1187 1945 1387 2023 συνάγῃ
1441 1946 1532 2001 τὸν
1592 1952 1709 2000 νοῦν
1737 1968 1829 2002 του
1860 1945 1995 2021 μέσα

349 2037 422 2098 εἷς
449 2034 540 2090 τὸν
583 2034 766 2090 ἑαυτόν
796 2055 908 2107 του,
972 2033 1297 2111 εὗγάνωντάς
1351 2056 1440 2090 τον
1491 2034 1596 2090 ἀπὸ
1640 2032 1737 2090 ὅλα
1792 2035 1858 2090 τὰ
1907 2036 1992 2091 11-

347 2124 534 2198 σθητὰ,
593 2125 681 2179 καὶ
735 2121 972 2203 φυλάττῃ
1029 2123 1154 2186 ταῖς
1194 2123 1447 2190 αἴσθησές
1491 2146 1582 2180 του
1639 2126 1726 2180 καὶ
1776 2124 1993 2200 μαζώνῃ

346 2211 500 2276 ὅλους
529 2234 619 2269 του
661 2213 781 2274 τοὺς
833 2211 1120 2289 λογισμοὺς
1177 2209 1260 2268 διὰ
1316 2213 1380 2268 νὰ
1434 2213 1512 2288 μὴ
1567 2219 1886 2292 περιπατοῦν
1918 2214 1990 2276 εἷς

347 2303 413 2358 τὰ
469 2301 667 2376 μάταια
712 2301 998 2380 πράγματα
1038 2301 1225 2358 τούτου
1273 2310 1366 2360 τοῦ
1420 2303 1621 2378 κόσμου
1655 2319 1669 2334 ’
1729 2303 1816 2357 καὶ
1863 2303 1992 2358 πότε

349 2389 572 2462 ἐξετάζει
627 2390 748 2453 τοὺς
790 2389 1075 2469 λογισμούς
1143 2413 1258 2470 του,
1319 2391 1447 2447 πότε
1504 2391 1756 2472 προσέχει
1800 2393 1873 2454 εἷς
1930 2392 1995 2447 τὰ

347 2479 503 2559 λόγια
555 2485 652 2546 τῆς
714 2485 1022 2560 προσευχῆς
1077 2483 1209 2538 61:06
1264 2478 1405 2558 λέγει
1441 2499 1455 2514 ’
1500 2483 1588 2537 καὶ
1637 2478 1803 2548 ἄλλην
1853 2481 1992 2560 ὥραν

346 2570 540 2650 γυρίζει
595 2569 765 2626 ὀπίσω
821 2570 941 2633 τοὺς
1004 2569 1288 2649 λογισμούς
1330 2594 1421 2627 του
1470 2571 1601 2627 61:06
1658 2569 1994 2650 αἰχμαλωτί-

347 2666 546 2728 σθηκαν
589 2661 694 2717 ἀπὸ
749 2662 840 2718 τὸν
885 2659 1149 2737 διάϐολον,
1197 2664 1283 2718 καὶ
1340 2662 1624 2742 ἐσύρθηκαν
1670 2664 1742 2726 εἷς
1793 2664 1858 2718 τὰ
1886 2686 1995 2719 πο-

350 2751 484 2829 νηρὰ
512 2751 598 2806 καὶ
629 2750 828 2825 μάταια
863 2769 879 2786 ⁸
930 2751 1018 2806 καὶ
1080 2750 1248 2818 ἄλλην
1305 2751 1446 2830 ὥραν
1501 2750 1682 2826 πάλιν,
1736 2751 1802 2825 μὲ
1832 2751 1995 2808 κόπον

348 2838 513 2897 πολὺν
553 2841 641 2896 καὶ
683 2839 798 2917 βίαν
829 2838 1043 2920 ἔρχεται
1074 2843 1146 2904 εἰς
1206 2843 1296 2896 τὸν
1356 2840 1538 2898 ἑαυτόν
1567 2863 1681 2920 του,
1712 2843 1843 2899 61:06
1866 2841 1994 2908 ἦτον

349 2929 682 3009 κυριευμένος
741 2930 830 2986 καὶ
885 2930 1167 3005 νικημένος
1239 2929 1344 2985 ἀπὸ
1400 2929 1594 2986 κάκένα
1650 2930 1814 2993 πάθος

348 3017 589 3098 ἔχωντας
616 3025 798 3075 τοῦτον
827 3020 918 3074 τὸν
977 3019 1157 3096 ἀγῶνα
1207 3019 1296 3074 καὶ
1349 3017 1582 3094 πόλεμον
1627 3020 1700 3082 εἰς
1756 3021 1846 3075 τὸν
1878 3019 1991 3074 έαυ·

348 3107 438 3164 τόν
481 3129 596 3188 του,
644 3106 728 3163 δὲν
786 3109 926 3164 εἶναι
978 3108 1192 3164 δυνατὸν
1239 3109 1301 3164 νὰ
1344 3108 1618 3187 εἷρηνεύσῃ
1669 3107 1817 3178 ποτὲ,
1857 3109 1994 3183 μήτε

348 3197 414 3254 νᾶ
456 3196 580 3277 εὕρῃ
613 3199 791 3276 καιρὸν
849 3199 914 3254 τὰ
969 3197 1196 3278 ἐργασθῃ
1251 3199 1344 3262 τὰς
1375 3198 1586 3277 ἀρετὰς,
1630 3199 1718 3253 καὶ
1765 3197 1828 3253 νὰ
1856 3194 1994 3272 λάϐῃ

349 3287 441 3342 τὸν
484 3286 738 3368 στέφανον
785 3293 883 3354 τῆς
928 3287 1285 3354 δικαιοσόνης.
1351 3287 1494 3343 Διότι
1538 3290 1566 3344 6
1621 3293 1856 3349 τοιοῦτος
1900 3285 1997 3343 ἅν-

348 3379 554 3455 θρωπος
585 3377 928 3456 παρομοιάζει
989 3377 1056 3452 μὲ
1113 3375 1318 3433 ἐκεῖνον
1376 3378 1508 3432 ὀποῦ
1561 3375 1706 3435 κάνει
1758 3375 1996 3450 πόλεμον

350 3465 418 3541 μὲ
457 3467 578 3529 τοὺς
635 3467 854 3547 ἐχθρούς
909 3488 1000 3522 του
1042 3466 1142 3532 τὴν
1197 3466 1356 3522 νύκτα
1413 3467 1484 3528 εἷς
1541 3467 1601 3520 16
1659 3463 1870 3520 σκοτάδι
1906 3481 1919 3494 ·
1968 3467 1996 3521 6

347 3557 536 3619 ὁποῖος
567 3556 743 3613 ἀκούει
800 3568 922 3620 ταῖς
968 3568 1173 3637 φωναῖς
1225 3562 1331 3612 τῶν
1377 3556 1604 3636 ἐχθρῶν,
1663 3555 1750 3611 καὶ
1778 3552 1990 3634 δέχεται

347 3656 469 3707 ταῖς
515 3641 884 3721 λαϐωματιατς
941 3666 1086 3719 τους,
1134 3645 1208 3720 μὰ
1263 3643 1347 3700 δέν
1389 3645 1619 3724 ἠμσορεϊ
1672 3645 1736 3700 νὰ
1775 3643 1865 3721 ίδῇ
1901 3666 1993 3701 κα-

346 3737 497 3814 θαρὰ,
536 3747 685 3792 ποῖοι
738 3734 904 3810 εἶναι,
951 3735 1038 3792 καὶ
1093 3736 1199 3792 ἀπὸ
1231 3745 1333 3795 1:06
1359 3733 1546 3814 ἦλθαν,
1593 3735 1680 3790 καὶ
1723 3740 1862 3812 πῶς,
1905 3735 1993 3790 καὶ

345 3824 480 3882 διατὶ
529 3826 620 3882 τὸν
677 3823 1015 3902 πληγώνουν.
1081 3821 1299 3891 Ἐπειδὴ
1357 3825 1444 3880 καὶ
1498 3825 1559 3880 τὸ
1615 3823 1801 3886 σκότος
1861 3825 1993 3880 61:06

348 3915 487 3972 εἶναι
521 3915 593 3980 εἷς
637 3915 726 3970 τὸν
769 3921 886 3971 νοῦν
915 3936 1031 3994 του,
1077 3915 1165 3971 καὶ
1204 3916 1239 3982 ἡ
1281 3912 1416 3984 ζάλη
1448 3915 1579 3970 61:06
1617 3911 1734 3992 ἔχει
1773 3913 1844 3976 εἷς
1874 3912 1994 3975 τοὺς

346 4003 655 4085 λογισμοὺς,
718 4011 811 4062 τοῦ
867 4001 1146 4084 προξενοῦν
1184 4004 1344 4070 αὐτὴν
1395 4005 1494 4069 τὴν
1536 4003 1753 4077 ζημίαν,
1793 4003 1881 4058 καὶ
1911 3999 1994 4055 δὲν

347 4096 489 4152 εἶναι
545 4093 757 4150 δυνατὸν
817 4096 948 4150 ποτὲ
1005 4093 1069 4148 νὰ
1124 4091 1370 4170 γλυτώσῃ
1428 4091 1532 4148 ἀπὸ
1591 4091 1710 4153 τοὺς
1775 4089 1994 4169 ἐχθρούς

345 4206 436 4240 του
463 4183 585 4246 τοὺς
629 4182 878 4258 δαίμονας
922 4184 1053 4239 61:06
1096 4182 1159 4238 νὰ
1215 4183 1323 4256 μὴν
1377 4181 1468 4236 16v
1526 4177 1846 4259 συντρίϐουν.
1897 4180 1994 4236 Καὶ

346 4271 592 4348 ὑπομένει
624 4275 652 4327 6
695 4270 959 4351 δυστυχὴς
1008 4273 1097 4327 τὸν
1147 4272 1312 4327 κόπον
1373 4268 1630 4348 ματαίως,
1677 4267 1810 4324 διατὶ
1838 4269 1992 4348 χάνει

345 4363 437 4418 τὸν
470 4362 678 4436 μισθὸν,
712 4358 778 4434 μὲ
828 4360 890 4415 16
945 4360 1008 4417 νὰ
1051 4359 1192 4414 εἶναι
1243 4357 1577 4438 κυριευμένος
1633 4358 1737 4414 ἀπὸ
1767 4359 1863 4426 τὴν
1895 4379 1993 4412 κε-

345 4446 599 4522 νοδοξίαν,
661 4449 826 4526 χωρὶς
873 4449 937 4504 νὰ
991 4449 1051 4504 16
1095 4444 1502 4523 καταλαμϐάνῃ,
1547 4448 1634 4504 καὶ
1686 4457 1778 4505 τοῦ
1806 4447 1990 4527 φαίνε-

345 4562 432 4596 ται
461 4543 576 4601 πῶς
605 4551 744 4595 εῖναι
775 4538 920 4617 τάχα
974 4536 1340 4616 προσεκτικός.
1405 4537 1502 4593 Καὶ
1543 4535 1771 4600 πολλαῖς
1803 4548 1992 4616 φοραῖς

345 4640 666 4709 καταφρονεῖ
711 4627 816 4682 ἀπὸ
864 4627 962 4694 τὴν
1016 4625 1399 4704 ὑπερηφάνειάν
1452 4647 1543 4682 του
1597 4625 1716 4688 τοὺς
1777 4622 1990 4699 ἄλλους,

345 4719 433 4774 καὶ
481 4719 602 4782 τοὺς
660 4729 975 4796 κατηγορεῖ,
1037 4715 1122 4771 καὶ
1180 4715 1441 4770 συσταίνει
1515 4715 1606 4770 τὸν
1665 4715 1848 4770 ἑαυτόν
1904 4736 1995 4770 του

345 4807 732 4889 φανταζόμενος
803 4805 869 4882 μὲ
923 4805 1019 4872 τῆν
1090 4802 1266 4874 ἐδικήν
1323 4826 1414 4860 του
1493 4803 1802 4884 φαντασίαν,
1879 4811 1992 4867 πῶς

345 4897 488 4954 εἶναι
529 4895 668 4960 ἄξιος
700 4895 760 4950 νὰ
791 4894 919 4974 γένῃ
968 4893 1224 4970 ποιμένας
1281 4890 1580 4972 προϐάτων,
1613 4892 1701 4947 καί
1732 4893 1793 4947 νὰ
1824 4890 1994 4971 ὁδηγῇ

345 4985 535 5048 ἄλλους
570 5000 584 5014 ⁶
647 4985 733 5040 καὶ
783 4984 1020 5058 ὁμοιάζει
1071 4983 1138 5059 μὲ
1206 4981 1297 5038 τόν
1354 4980 1549 5062 τυφλὸν
1601 4979 1807 5037 ἐκεῖνον
1864 4983 1994 5040 61:06

344 5076 639 5155 ὑπόσχεται
671 5074 734 5129 νὰ
763 5071 934 5152 ὁδηγῇ
964 5070 1153 5136 ἄλλους
1197 5069 1444 5150 τυφλούς.

425 5217 618 5277 Τοῦτος
670 5208 812 5266 εἶναι
870 5210 898 5265 6
956 5205 1188 5288 δεύτερος
1244 5205 1464 5285 τρόπος,
1524 5205 1612 5262 καὶ
1665 5204 1811 5261 κάνει
1842 5205 1994 5284 χρεία

344 5304 373 5360 6
401 5300 518 5359 καθ’
547 5300 668 5364 ἕνας
724 5301 857 5358 ὀποῦ
908 5296 1045 5354 θέλει
1101 5298 1199 5364 τῆν
1254 5295 1516 5375 σωτηρίαν
1571 5315 1684 5367 του,
1755 5295 1816 5349 νᾶ
1846 5295 1987 5370 μάθῃ

346 5393 446 5460 τὴν
488 5391 682 5466 ζημίαν
739 5391 870 5446 61:06
927 5397 1026 5466 106
1073 5385 1317 5466 προξενεῖ
1373 5387 1445 5450 εἷς
1495 5385 1594 5453 τὴν
1636 5385 1843 5464 ψυχὴν,
1901 5385 1989 5440 καὶ

343 5481 408 5538 νὰ
447 5463 694 5561 προσέχῃ
745 5476 946 5542 καλῶς.
1001 5463 1172 5553 ’ὅμως
1215 5483 1398 5540 τοῦτος
1441 5477 1470 5532 6
1529 5463 1765 5554 δεύτερος
1795 5472 1989 5555 τρόπος

343 5569 466 5633 ι’ίνα
519 5567 812 5650 καλήτερος
859 5565 969 5625 ἀπὸ
1017 5565 1108 5624 τὸν
1177 5569 1386 5648 πρῶτον
1441 5564 1615 5630 καθὼς
1682 5563 1826 5624 εἶναι
1891 5584 1992 5622 κα-

1895 2931 1993 2987 Καὶ
2012 2939 2052 2988 C

2068 447 2166 514 τὴν
2209 446 2368 504 νύκτα
2395 448 2492 515 τὴν
2523 449 2822 527 σκοτεινὴν,
2866 450 2955 508 1:11
2981 450 3184 520 ἐκείνην
3215 454 3346 512 61:06
3373 452 3517 510 εἶναι
3544 453 3700 533 χωρὶς

2069 535 2314 592 ωεγγάοι.

2069 556 2290 616 φεγγαρι
2299 580 2314 596 ο

2482 687 2510 720 α
2544 667 2667 746 Περὶ
2695 673 2784 724 τοῦ
2812 669 2982 746 τρίτου
3014 669 3233 750 τρόπου.
3270 691 3296 729 ι

2156 816 2215 883 Ὀ
2270 826 2440 906 τρίτος
2487 828 2679 907 τρόπος
2741 829 2883 886 εἶναι
2949 830 3172 899 ἀληθινὰ
3226 837 3447 912 πρᾶγμα
3489 831 3707 912 παράδο-

2075 913 2183 994 ξον,
2241 916 2330 971 καὶ
2397 913 2962 997 δυσκολοερμήνευτον,
3032 921 3120 977 καὶ
3175 921 3248 984 εἷς
3305 920 3539 986 ἐκείναυς
3588 925 3709 983 ὀποῦ

2076 1001 2160 1061 δέν
2189 1004 2278 1060 τὸν
2306 1003 2530 1084 ίξεύρουν
2574 1005 2666 1086 ὄχι
2719 1007 2878 1083 μόνον
2928 1009 3069 1066 εἶναι
3127 1007 3704 1088 δυσκολοκατάληπτος,

2074 1089 2210 1147 ἀλλὰ
2263 1093 2384 1157 τοὺς
2437 1094 2670 1174 φαίνεται
2723 1093 2916 1176 σχεδὸν
2965 1099 3053 1154 καὶ
3106 1096 3437 1175 ἀπίστευτος,
3506 1101 3594 1156 καὶ
3634 1098 3711 1156 δέν

2072 1184 2134 1239 16
2161 1183 2435 1240 πιστεύουν
2486 1190 2600 1248 πῶς
2659 1185 2855 1264 γίνεται
2911 1187 3199 1267 παρόμοιον
3242 1195 3485 1268 πρᾶγμα,
3538 1188 3712 1258 ἐπειδὴ

2072 1273 2160 1329 καὶ
2219 1275 2292 1336 είς
2360 1273 2484 1336 τοὺς
2527 1274 2738 1352 καιροὺς
2794 1276 3006 1340 τούτους
3052 1274 3136 1332 δὲν
3197 1279 3484 1357 εὑρίσκεται
3538 1285 3714 1342 τοῦτος

2074 1366 2102 1421 6
2143 1365 2337 1444 τρόπος
2395 1366 2468 1428 είς
2510 1363 2762 1441 πολλοὺς,
2807 1365 2942 1424 ἀλλὰ
2997 1369 3069 1432 εἰς
3115 1366 3288 1427 πολλὰ
3343 1368 3577 1448 ὀλίγους.
3621 1371 3714 1429 Καὶ

2075 1455 2246 1518 καθὼς
2279 1453 2387 1531 ἐγὼ
2413 1453 2645 1532 λογιάζω
2701 1456 2828 1512 1616
2881 1457 2942 1512 16
2998 1455 3160 1514 καλὸν
3201 1457 3386 1538 ἔφυγεν
3442 1458 3549 1515 ἀπὸ
3578 1461 3714 1535 ἡμᾶς

2076 1548 2218 1619 μαζὴ
2248 1543 2315 1619 μὲ
2344 1543 2442 1612 τὴν
2496 1543 2756 1612 ὑπακοήν.
2794 1547 2940 1602 Διατὶ
2993 1547 3028 1614 ἡ
3083 1547 3291 1614 ὑπακοὴ
3339 1550 3474 1605 ὀποῦ
3520 1549 3663 1610 κάνει
3688 1551 3715 1606 6

2013 1609 2054 1659 Β
2248 1609 2410 1697 *ἕνας*
2447 1634 2520 1697 είς
2575 1635 2666 1690 τὸν
2692 1609 3074 1710 ’πνευματικόν
3140 1659 3232 1693 του
3273 1609 3504 1716 Πατέρα,
3550 1637 3714 1706 ἐκείνη

2076 1722 2168 1778 τὸν
2217 1722 2363 1783 κάνει
2405 1723 2693 1803 ἀμέριμνον
2723 1725 2829 1781 ἀπὸ
2872 1723 2992 1800 ὅλα,
3037 1725 3220 1794 ἐπειδὴ
3262 1727 3351 1782 καὶ
3394 1724 3572 1805 ἔρῥιψε
3622 1729 3714 1796 τὴν

2079 1811 2333 1890 μέριμνάν
2395 1835 2487 1872 του
2542 1815 2615 1878 είς
2666 1816 2755 1871 16v
2811 1815 3164 1890 πνευματικόν
3223 1837 3314 1872 του
3358 1815 3588 1895 Πατέρα,
3633 1818 3714 1873 καὶ

2079 1898 2410 1958 εἶναιπλέον
2455 1903 2658 1980 μακρὰν
2717 1902 2821 1958 ἀπὸ
2877 1902 2977 1970 τὴν
3029 1903 3384 1982 προσπάθειαν
3413 1905 3598 1962 τούτου
3627 1912 3712 1962 τοῦ

2078 1987 2303 2070 κόσμου,
2361 1991 2447 2046 καὶ
2499 1989 2674 2048 πολλά
2727 1991 2992 2070 πρόθυμος
3074 1992 3161 2048 καὶ
3243 1991 3429 2057 ἄοκνος
3492 1994 3710 2073 ἐργάτης

2077 2078 2259 2134 τούτου
2287 2085 2379 2135 τοῦ
2436 2078 2608 2158 τρίτου
2657 2080 2853 2159 τρόπου
2887 2099 2901 2114 ·
2949 2080 3140 2144 ἀνίσως
3195 2079 3341 2157 ὅμως
3393 2079 3483 2139 καὶ
3538 2082 3712 2150 ἤθελεν

2077 2165 2307 2247 ἐπιτύχῃ
2366 2165 2696 2243 διδάσκαλον,
2764 2170 2851 2226 καὶ
2904 2171 3257 2244 πνευματικὸν
3314 2169 3521 2249 Πατέρα
3576 2170 3710 2240 ἀλη-

2073 2257 2214 2312 θινὸν
2277 2257 2364 2312 καὶ
2419 2255 2654 2337 ἀπλανῆ,
2709 2259 2875 2338 χωρὶς
2920 2258 2983 2315 νὰ
3042 2257 3148 2338 ἔχη
3206 2259 3445 2334 κᾶμμίαν
3485 2259 3706 2336 πλάνην.

2080 2345 2223 2401 Διότι
2281 2344 2483 2410 ἐκεῖνος
2537 2348 2670 2406 ὀποῦ
2724 2347 2991 2428 ἀφιερώσῃ
3060 2349 3150 2404 τὸν
3221 2350 3403 2405 ἑαυτόν
3460 2371 3573 2429 του,
3630 2351 3710 2407 καὶ

2076 2432 2206 2501 ὅλην
2262 2456 2353 2490 του
2403 2433 2500 2501 τὴν
2561 2433 2818 2514 μέριμναν
2878 2438 2951 2499 εἰς
2993 2437 3084 2492 τὸν
3145 2438 3296 2511 Θεὸν,
3363 2439 3449 2495 καὶ
3497 2440 3569 2502 εἰς
3623 2441 3706 2496 τὸν

2075 2525 2428 2602 πνευματικόν
2472 2548 2561 2582 του
2621 2526 2847 2606 Πατέρα,
2909 2528 3001 2587 μαὶ
3059 2527 3126 2602 μὲ
3175 2530 3274 2590 τὴν
3325 2529 3561 2596 ὑπακοὴν
3616 2530 3706 2596 τὴν

2077 2614 2354 2688 ἀληθινὴν,
2414 2613 2498 2671 δὲν
2673 2615 2833 2672 πλέον
2890 2616 3032 2687 ζωὴν
3092 2615 3270 2687 ἐδικήν
3319 2640 3427 2690 του,
3475 2621 3602 2675 61:06
3649 2621 3707 2678 νᾶ

2077 2704 2213 2780 κάνῃ
2245 2705 2305 2760 τό
2352 2702 2559 2779 θέλημά
2613 2727 2726 2780 του,
2787 2703 2922 2760 ἀλλὰ
2973 2709 3206 2782 νεκρωθῇ
3248 2706 3353 2763 ἀπὸ
3395 2707 3513 2764 κάθε
3543 2731 3702 2786 προσ-

2078 2793 2295 2849 πάθειαν
2351 2802 2443 2852 τοῦ
2517 2793 2743 2874 κόσμου,
2821 2796 2907 2850 καὶ
2960 2804 3052 2853 τοῦ
3120 2793 3246 2852 ἰδίου
3298 2818 3390 2852 του
3443 2797 3698 2874 σώματος,

2079 2880 2284 2946 ἐκεῖνος
2349 2882 2454 2938 ἀπὸ
2509 2895 2666 2940 ποῖον
2724 2889 2943 2962 πρᾶγμα
3001 2887 3322 2963 προσωρινὸν
3374 2885 3598 2964 ἠμπορετ
3639 2887 3697 2940 νά

2075 2974 2266 3047 νικηθῇ
2339 2972 2425 3027 καὶ
2481 2973 2545 3028 νὰ
2597 2970 2879 3052 δουλωθῇ;
2959 2972 2994 3041 ἢ
3072 2975 3224 3030 ποίαν
3295 2973 3554 3052 μέριμναν,
3608 2974 3689 3028 καὶ

2076 3058 2317 3140 φροντίδα
2344 3061 2582 3139 ἠμπορεϊ
2624 3062 2686 3116 να
2716 3059 2822 3141 ἔχῃ
2847 3065 2874 3117 6
2917 3068 3155 3126 τοιοῦτος
3207 3061 3456 3141 ἄνθρωπος
3487 3080 3502 3140 ;
3559 3057 3683 3117 Ἀπὸ

2077 3159 2260 3208 τοῦτον
2310 3151 2401 3206 τὸν
2458 3151 2650 3229 τρόπον
2711 3149 2897 3207 λοιπὸν
2941 3153 3072 3210 61:06
3127 3151 3264 3208 εἶναι
3316 3151 3450 3226 μαζῆ
3492 3149 3555 3225 μὲ
3593 3149 3688 3216 τῆν

2080 3239 2319 3306 ὑπακοὴν
2366 3238 2513 3302 ὅλαις
2573 3242 2609 3316 ῃ
2665 3239 2882 3319 τέχναις
2935 3246 3043 3296 τῶν
3087 3237 3370 3320 δαιμόνων,
3424 3241 3505 3296 1:11
3553 3237 3694 3303 ὅλαις

2079 3351 2199 3391 τους
2243 3330 2278 3404 ᾖ
2337 3327 2606 3408 ἐφεύρεσες
2662 3331 2793 3388 ὀποῦ
2849 3327 3212 3404 μεθοδεύονται
3273 3327 3357 3386 διὰ
3423 3328 3482 3384 νὰ
3529 3329 3701 3407 σύρουν

2079 3419 2166 3474 τὸν
2196 3425 2315 3474 νοῦν
2343 3419 2415 3480 είς
2471 3416 2699 3482 πολλοὺς
2754 3420 2839 3474 καὶ
2881 3415 3156 3498 διαφόρους
3207 3417 3516 3497 λογισμοὺς,
3563 3415 3702 3481 ὅλαις

2080 3507 2412 3587 ἀφανίζονται
2443 3507 2530 3563 καὶ
2579 3505 2900 3566 διαλύονται.
2954 3508 3052 3565 Καὶ
3107 3507 3226 3564 τότε
3269 3511 3298 3564 6
3352 3515 3470 3571 νοῦς
3520 3507 3706 3565 ἐκείνου

2074 3603 2165 3653 τοῦ
2213 3595 2483 3675 ἀνθρώπου
2530 3596 2673 3672 μένει
2717 3596 2980 3675 ἐλεύθερος
3023 3596 3128 3653 ἀπὸ
3183 3595 3302 3670 ὅλα,
3363 3598 3450 3653 καὶ
3506 3597 3570 3672 μὲ
3624 3617 3710 3672 με-

2074 3684 2244 3764 γάλην
2287 3683 2463 3742 ἄδειαν
2517 3688 2605 3742 καὶ
2663 3687 2924 3766 εὐκαιρίαν
2979 3685 3202 3758 ἐξετάζει
3258 3686 3378 3749 τοὺς
3433 3685 3707 3765 λογισμοὺς

2075 3778 2206 3835 ὁποῦ
2261 3784 2353 3834 τοῦ
2404 3774 2588 3855 φέρουν
2653 3779 2699 3831 οἱ
2755 3773 3018 3850 δαίμονες,
3064 3777 3152 3832 καὶ
3189 3775 3258 3850 μὲ
3315 3773 3711 3843 ἐπιτηδειότητα

2079 3864 2318 3944 μεγάλην
2360 3865 2482 3929 τοὺς
2541 3864 2887 3946 ἀποδιώχνει,
2947 3866 3034 3921 καὶ
3089 3865 3156 3940 μὲ
3213 3862 3427 3944 καρδίαν
3497 3865 3711 3942 καθαρὰν

2076 3953 2358 4033 προσφέρει
2431 3954 2524 4018 τὰς
2579 3954 2882 4033 προσευχάς
2940 3975 3032 4012 του
3085 3954 3157 4016 είς
3213 3954 3305 4009 τὸν
3363 3953 3520 4012 Θεόν.
3579 3952 3714 4018 Αἰ)τῆ

2077 4044 2219 4100 εἶναι
2247 4045 2281 4112 ἡ
2335 4043 2482 4123 ἀρχὴ
2529 4049 2627 4110 τῆς
2677 4041 2932 4110 ἀληθινῆς
2993 4041 3282 4116 πολιτείας,
3342 4044 3433 4099 καὶ
3487 4041 3598 4099 ὅσοι
3637 4039 3715 4097 δέν

2015 4132 2274 4194 Βκάυιοδν
2319 4132 2520 4189 νέτοιαν
2564 4131 2763 4212 ἀρχὴν,
2812 4131 3046 4208 ματαίως
3089 4131 3396 4212 κοπιάζουν,
3428 4134 3518 4189 καὶ
3551 4130 3633 4188 δὲν
3661 4131 3715 4187 τὸ

2075 4221 2379 4300 γνωρίζουν.

2158 4311 2255 4367 Καὶ
2307 4312 2341 4378 ἡ
2403 4310 2549 4390 ἀρχὴ
2606 4311 2790 4367 τούτου
2845 4318 2938 4368 τοῦ
2985 4309 3158 4389 τρίτου
3205 4309 3399 4390 τρόπου
3442 4309 3526 4367 δέν
3557 4310 3715 4385 εἶναι,

2075 4400 2135 4455 16
2183 4400 2247 4456 νὰ
2297 4401 2516 4476 κοιτάζῃ
2553 4401 2700 4462 τινὰς
2744 4401 2816 4463 εἷς
2873 4400 2962 4455 τὸν
3018 4399 3256 4478 ούρανὸν,
3310 4401 3398 4455 καὶ
3454 4401 3518 4455 νὰ
3584 4400 3720 4465 ἀση-

2073 4487 2221 4564 κώνῃ
2251 4489 2317 4544 τὰ
2347 4488 2504 4569 χέριά
2528 4512 2616 4545 του
2661 4486 2866 4564 ὑψηλὰ,
2928 4487 3016 4543 καὶ
3045 4487 3108 4542 νὰ
3165 4485 3270 4567 ἔχῃ
3329 4489 3423 4544 τὸν
3468 4497 3585 4548 νοῦν
3636 4509 3721 4545 του

2077 4579 2149 4641 εἰς
2179 4578 2244 4634 τὰ
2296 4579 2530 4657 οὐράνια,
2585 4579 2673 4634 καὶ
2715 4577 2916 4634 ἐκεῖθεν
2976 4577 3038 4634 νὰ
3092 4581 3228 4652 ζητῇ
3281 4577 3534 4651 βοήθειαν
3569 4599 3585 4614 ο
3643 4577 3719 4634 ὅτι

2077 4667 2229 4748 αὐτὰ,
2288 4670 2463 4731 καθὼς
2519 4668 2772 4747 εἴπαμεν,
2833 4667 2976 4723 εἶναι
3051 4663 3309 4740 ἰδιώματα
3363 4673 3460 4723 τοῦ
3517 4668 3722 4747 πρώτου

2076 4758 2294 4836 τρόπου,
2352 4759 2440 4814 καὶ
2483 4757 2625 4813 εἶναι
2683 4761 2781 4823 τῆς
2838 4753 3070 4821 πλάνης.
3126 4755 3273 4824 Μήτε
3328 4755 3492 4814 πάλιν
3524 4759 3590 4818 νὰ
3639 4782 3726 4837 φυ-

2076 4843 2245 4922 λάττῃ
2275 4847 2418 4910 τινὰς
2449 4846 2516 4920 μὲ
2547 4846 2634 4901 τὸν
2689 4855 2808 4903 νοῦν
2859 4865 2950 4901 του
3006 4855 3128 4907 ταῖς
3185 4841 3442 4911 αἵσθησές
3500 4869 3615 4921 του,
3643 4851 3727 4907 καὶ

2077 4936 2139 4991 νά
2167 4934 2412 5016 προσέχῃ
2443 4933 2564 4999 ὅλος
2596 4932 2661 4990 δι’
2693 4933 2817 4991 ὅλου
2879 4935 2952 4996 εἰς
3003 4939 3155 4989 τοῦτο
3190 4951 3206 4969 ⁶
3263 4933 3350 4988 καὶ
3408 4935 3532 4998 τοὺς
3560 4933 3725 4992 πολέ-

2076 5047 2208 5099 μους
2263 5026 2384 5088 τοὺς
2428 5024 2770 5104 ἐσωτερικοὺς
2825 5027 2923 5090 τῆς
2984 5025 3169 5101 ψυχῆς
3212 5023 3344 5078 ὀποῦ
3392 5031 3486 5081 τοῦ
3543 5025 3727 5086 κάνουν

2075 5117 2122 5171 οἱ
2152 5115 2332 5194 ἐχθροὶ
2359 5115 2422 5172 νὰ
2451 5113 2559 5190 μὴν
2602 5114 2722 5177 τοὺς
2783 5110 2979 5189 βλέπῃ,
3035 5111 3171 5186 μήτε
3225 5111 3288 5167 νὰ
3338 5113 3592 5194 προσέχῃ
3621 5113 3723 5170 ἀπὸ

2075 5204 2262 5267 αὖτοὺς
2308 5201 2388 5260 ὅτι
2421 5203 2549 5260 αὐτὰ
2598 5203 2740 5260 εἶναι
2787 5199 3048 5276 ἰδιώματα
3089 5209 3181 5258 τοῦ
3235 5197 3477 5279 δευτέρου
3507 5203 3724 5282 τρόπω,

2071 5294 2157 5351 καὶ
2206 5290 2388 5357 ὅποιος
2434 5293 2499 5352 τὰ
2556 5291 3002 5372 μεταχειρίζεται,
3063 5285 3380 5365 λαϐώνεται,
3441 5290 3549 5348 ἀπὸ
3609 5291 3726 5355 τοὺς

2070 5381 2341 5459 δαίμονας,
2379 5383 2455 5460 μὰ
2480 5380 2564 5439 δὲν
2620 5379 2846 5438 λαϐώνει
2883 5399 2898 5412 ·
2958 5376 3322 5457 πληγώνεται,
3377 5381 3470 5437 καὶ
3527 5378 3613 5437 δέν
3666 5381 3727 5438 16

2068 5470 2249 5552 ίξεύρει
2284 5490 2299 5504 ⁶
2345 5469 2704 5531 σκλαϐώνεται
2771 5471 2859 5527 καὶ
2913 5465 3252 5541 δουλώνεται,
3291 5469 3380 5526 καὶ
3421 5466 3508 5528 δὲν
3539 5470 3724 5547 ἠμπο-

2070 5573 2158 5644 ρετ
2227 5561 2293 5620 νὰ
2358 5562 2511 5642 κάμῃ
2562 5559 2662 5630 τὴν
2716 5557 2982 5628 ἐκδίκησιν
3034 5557 3108 5623 εἷς
3166 5555 3394 5622 ἐκείνους
3453 5559 3591 5619 61:06
3631 5559 3720 5616 τὸν
