4076 6114
332 297 474 364 705

1463 307 1564 372 DE
1606 306 1887 373 TRIBUS
1925 297 2158 368 MODIS
2197 301 2631 369 ORATIONIS.

3593 293 3716 373 706

338 431 714 512 ἐσκλάϐωσαν,
750 435 885 494 ἀλλὰ
931 437 1157 496 πάντοτε
1211 441 1258 497 οἱ
1313 439 1490 522 ἐχθροὶ
1546 444 1633 500 καὶ
1675 442 1871 524 φανερὰ
1897 440 1983 498 καὶ
2002 458 2048 498 Α
2149 438 2297 495 Διατὶ
2326 441 2374 495 οἱ
2414 437 2555 518 ἅγιοι
2600 436 2826 518 Πατέρες
2884 460 3014 519 μας,
3072 437 3348 505 ἀκούοντες
3403 439 3494 496 τδν
3525 444 3711 524 Κύριον

336 528 520 606 κρυφᾶ
545 530 636 584 τὸν
663 528 952 608 πολεμοῦν,
984 533 1071 588 καὶ
1098 535 1186 592 τὸν
1215 535 1588 593 κατασταίνουν
1613 535 1883 601 κενόδοξον
1909 531 1996 590 καὶ

338 615 707 697 ὑπερήφανον,

431 706 598 766 ’Λλλά
652 713 737 787 σὺ,
809 713 1076 793 ἀγαπητὲ,
1122 717 1312 780 ἀνίσως
1367 720 1455 775 καὶ
1493 718 1662 783 θέλεις
1720 723 1817 788 τὴν
1879 742 1992 776 σω-

337 799 535 877 τηρίαν
566 821 683 876 σου,
715 801 901 882 πρέπει
959 804 1020 859 νὰ
1072 805 1249 889 κάμῃς
1303 806 1478 887 ἀρχὴν
1534 809 1691 866 αὐτοῦ
1733 818 1824 866 τοῦ
1877 810 1992 889 τρί-

339 908 444 944 του
486 889 679 968 τρόπου
709 890 814 948 ἀπὸ
860 891 959 949 έδώ
992 911 1006 924 ⁸
1072 875 1283 972 σΥστερα
1337 875 1443 952 ἀπὸ
1486 897 1584 964 τὴν
1639 897 1841 956 τελείαν
1898 875 1993 956 61:-

340 977 526 1068 ακοὴν
578 979 709 1035 ὁποῦ
761 980 1111 1061 ἐπροείπάμεν
1166 989 1281 1048 πῶς
1350 986 1535 1064 πρέπει
1613 989 1675 1044 νὰ
1730 986 1993 1068 φυλάττῃς

343 1065 425 1128 εἰς
483 1066 576 1122 τὸν
630 1071 981 1145 πνευματικόν
1065 1093 1157 1127 σου
1235 1073 1464 1152 Πατέρα,
1524 1075 1665 1132 εἶναι
1721 1065 1875 1156 χρεία
1932 1078 1994 1133 νά

343 1154 520 1230 κάνῃς
547 1157 636 1212 καὶ
691 1156 790 1215 ὅλα
844 1181 936 1217 σου
983 1159 1048 1216 τὰ
1104 1159 1230 1241 ἔργα
1285 1163 1352 1238 μὲ
1411 1163 1698 1232 συνείδησιν
1726 1154 1992 1244 καθαρὰν,

343 1245 496 1301 ὼσὰν
525 1246 589 1302 νὰ
618 1247 764 1304 εἵσαι
794 1245 1080 1329 ἔμπροσθεν
1112 1252 1182 1314 εἷς
1234 1254 1294 1308 τὸ
1350 1254 1630 1332 πρόσωπον
1687 1262 1780 1311 τοῦ
1838 1261 1991 1314 Θεοῦ.

346 1334 506 1390 Διατὶ
536 1337 702 1415 χωρὶς
749 1338 988 1406 ὑπακοὴν
1040 1336 1123 1394 δέν
1176 1353 1314 1397 εῖναι
1367 1342 1559 1421 τρόπος
1602 1344 1732 1401 ποτὲ
1762 1345 1825 1402 vc‘:
1853 1345 1994 1400 εἶναι

340 1422 380 1490 ἡ
446 1423 736 1491 συνείδησις
791 1429 990 1507 καθαρά
1022 1443 1036 1456 ·
1114 1430 1202 1485 καὶ
1277 1431 1374 1498 τὴν
1429 1429 1714 1499 συνείδησιν
1771 1455 1864 1490 σου
1923 1435 1994 1496 εἰς

339 1512 468 1591 τρία
525 1514 812 1594 πράγματα
865 1518 1051 1596 πρέπει
1130 1521 1192 1576 νὰ
1246 1520 1345 1587 τὴν
1395 1519 1660 1600 φυλάττῃς
1719 1523 1944 1600 καθαράν
1977 1542 1992 1560 ⁸

2077 529 2208 587 ὀποῦ
2258 527 2401 606 λέγει
2455 531 2528 592 εἷς
2581 530 2642 584 τὸ
2699 529 2835 608 ἱερὸν
2889 526 3229 608 Εὖαγγέλιον,
3291 536 3404 595 πῶς
3452 531 3558 589 ἀπὸ
3613 535 3713 602 τὴν

2075 614 2286 696 καρδίαν
2344 617 2609 696 εὒγαίνουν
2652 621 2698 675 οἱ
2754 617 2975 696 πονηροὶ
3017 615 3284 696 λογισμοὶ,
3349 620 3518 700 φόνοι,
3579 647 3716 704 πορ-

2075 719 2236 778 νεῖαι,
2311 719 2578 786 μοιχεῖαι,
2659 705 3410 794 κλεψίαιηψευδομαρτυρίαι,
3467 710 3715 794 βλασφη-

2077 795 2189 872 μίαι
2223 811 2237 824 ⁸
2281 797 2370 852 καὶ
2397 803 2512 860 πῶς
2556 796 2686 852 αὒτά
2715 796 2855 853 εἶναι
2912 786 3060 854 ιοποῦ
3108 786 3363 873 μολύνουν
3391 786 3483 856 τὸν
3511 786 3715 881 ἅνθρω-

2074 907 2195 943 πον.
2256 885 2354 942 Καὶ
2400 886 2559 941 πάλιν
2609 885 2884 950 ἀκούοντές
2939 908 3027 942 τον
3097 887 3170 950 εἰς
3226 883 3356 945 ἄλλο
3413 889 3570 969 μέρος
3629 903 3720 952 τοῦ

2077 972 2394 1052 Εὒπγγελίου
2452 969 2533 1030 νὰ¹
2559 981 2662 1050 μᾶς
2719 973 3089 1054 παραγγέλλῃ,
3148 975 3212 1032 νᾶ
3267 979 3626 1057 καθαρίσωμεν
3655 984 3717 1039 τὸ

2077 1061 2264 1118 ἔσωθεν
2337 1070 2428 1119 τοῦ
2484 1065 2758 1143 ποτηρίου,
2831 1062 2913 1119 διὰ
2971 1065 3033 1122 νά
3097 1064 3225 1142 γένῃ
3280 1068 3368 1122 καὶ
3423 1070 3485 1124 τὸ
3541 1069 3718 1136 ἀπέξω

2075 1153 2323 1232 καθαρὸν,
2371 1149 2576 1232 ἅφησαν
2620 1154 2746 1210 κάθε
2805 1151 2935 1210 ἄλλο
2992 1152 3142 1233 ἔργον
3193 1160 3572 1239 πνευματικὸν,
3631 1162 3720 1217 καὶ

2077 1240 2442 1328 ἀγωνίσθησαν
2497 1240 2636 1328 δ’λως
2695 1240 2868 1298 διόλου
2925 1244 2998 1306 εἷς
3056 1244 3181 1300 αὐτὸ
3233 1245 3295 1302 τὸ
3351 1244 3523 1328 ἔργον,
3557 1247 3719 1328 ἤγουν

2080 1331 2154 1392 εἷς
2209 1329 2307 1396 τὴν
2366 1327 2578 1409 φύλαξιν
2630 1335 2728 1407 τῆς
2800 1327 3034 1410 καρδίας,
3120 1331 3265 1396 ὄντες
3346 1327 3714 1415 βεϐαιωμένοι,

2080 1423 2195 1481 πῶς
2254 1417 2394 1492 μαζὴ
2445 1418 2511 1493 μὲ
2567 1420 2694 1475 αὐτὸ
2735 1420 2796 1476 τὸ
2853 1418 3025 1498 ἔργον,
3087 1419 3223 1476 θέλει
3267 1421 3599 1494 ἆποκτήσουν
3629 1424 3721 1483 εύ-

2079 1505 2212 1563 κολα
2266 1507 2391 1563 κάθε
2422 1504 2590 1573 ἄλλην
2621 1508 2813 1586 ἀρετήν
2847 1527 2860 1540 ⁸
2923 1508 3036 1584 ἀμὴ
3095 1511 3262 1589 χωρὶς
3314 1514 3437 1570 αὐτὸ
3468 1511 3552 1570 δέν
3580 1516 3722 1573 εἶναι

340 1603 560 1679 πρῶτον
590 1605 662 1666 εἷς
715 1606 806 1661 τὸν
866 1593 993 1663 Θεόν
1035 1628 1050 1642 ⁸
1109 1607 1342 1688 δεύτερον
1384 1593 1457 1671 είς
1500 1593 1615 1665 τὸν⁷
1646 1593 2415 1710 πνευματικόνΒδξνθξτδνὶνξ
2455 1595 2775 1710 ἀτττοδσδτηθῇιὶ
2800 1597 2891 1706 καὶ
2946 1597 3008 1710 ἴδε
3066 1597 3219 1706 ξείνη
3276 1599 3482 1698 κδξμμία
3536 1603 3721 1683 ἀρετή.

343 1711 449 1746 σου
490 1691 699 1771 Πατέρα
729 1709 743 1723 ⁸
804 1695 892 1750 καὶ
934 1697 1103 1774 τρίτον
1148 1699 1220 1760 εἰς
1254 1683 1383 1761 ’τοὺς
1440 1696 1629 1764 ἄλλους
1673 1683 1996 1778 ἀνθρώπους,
2021 1683 2059 1710 D
2082 1683 2218 1778 λδῦτξδ
2274 1684 2335 1740 τδ
2391 1683 2540 1778 ἔργον
2574 1687 2838 1778 ,μερικδνμ
2869 1685 2973 1778 διπρ
3019 1686 3171 1778 τοὺς.-
3192 1688 3434 1778 ματέρας
3490 1715 3595 1768 μας
3663 1694 3724 1751 τό

343 1781 444 1835 καὶ
473 1781 545 1844 εἰς
591 1781 655 1837 τὰ
683 1783 968 1862 πράγματα
995 1793 1088 1842 τοῦ
1117 1787 1346 1863 κόσμου.

439 1870 538 1926 Καὶ
567 1872 640 1936 εἷς
669 1874 760 1929 τὸν
793 1876 922 1930 Θεὸν
952 1873 1099 1956 ἔχεις
1141 1875 1303 1956 χρέος
1346 1876 1409 1932 νὰ
1463 1874 1692 1956 φυλάξῃς
1743 1879 1841 1946 τὴν
1870 1901 1999 1936 συν-

347 1955 551 2026 είδησίν
619 1983 712 2018 σου
767 1955 1048 2043 καθαράν·
1107 1963 1268 2042 ἤγουν
1316 1965 1379 2023 νὰ
1434 1955 1542 2041 μὴν
1595 1967 1762 2042 κάνῃς
1821 1967 1998 2025 ἐκεῖνα

346 2049 487 2104 61:06
513 2046 724 2130 ἰξεύρεις
755 2058 869 2116 πῶς
925 2050 1008 2109 δὲν
1061 2053 1358 2110 ἀναπαύουν
1415 2056 1504 2110 τὸν
1561 2056 1714 2135 Θεὸν,
1743 2057 1879 2130 μήτε
1909 2064 1999 2113 τοῦ

348 2135 596 2216 ἀρέσουν.
625 2140 714 2203 Εἷς
764 2141 853 2197 τὸν
909 2143 1262 2218 πνευματικόν
1325 2165 1417 2202 σου
1475 2143 1681 2223 Πατέρα
1737 2143 1895 2200 πάλιν
1937 2147 1999 2202 νὰ

347 2224 524 2301 κάνῃς
568 2225 665 2284 ὅλα
695 2226 877 2285 ἐκεῖνα
918 2231 1050 2286 ὀποῦ
1091 2251 1150 2286 σε
1179 2229 1554 2310 παραγγέλλει,
1609 2233 1696 2288 καὶ
1725 2233 1861 2307 μήτε
1891 2256 1999 2290 πα-

345 2315 570 2392 ραπάνω
643 2317 748 2374 ἀπὸ
828 2318 1030 2393 ἐκεῖνα,
1103 2321 1240 2395 μήτε
1320 2320 1610 2399 παρακάτω
1691 2322 1754 2376 νὰ
1808 2323 1998 2403 κάνῃς,

351 2403 493 2461 ἀλλὰ
521 2406 656 2463 κατὰ
687 2409 778 2465 τὸν
807 2408 1006 2465 σκοπόν
1037 2431 1150 2484 του,
1207 2410 1294 2465 καὶ
1353 2410 1488 2465 κατὰ
1530 2411 1591 2464 τὸ
1647 2408 1855 2486 θέλημά
1883 2433 1997 2489 του,

349 2493 463 2566 ἔτζι
519 2497 582 2554 νὰ
634 2496 935 2575 πορεύεσαι,
995 2498 1084 2561 Εἷς
1143 2495 1197 2553 δὲ
1280 2497 1400 2561 τοὺς
1457 2493 1647 2560 ἄλλους
1701 2496 2001 2578 ἀνθρώπους

353 2583 548 2664 πρέπει
617 2586 679 2640 νὰ
746 2583 1011 2666 φυλάττῃς
1084 2585 1376 2653 συνείδησιν
1454 2587 1705 2665 καθαρὰν,
1767 2588 1831 2647 νὰ
1900 2589 2007 2664 μὴν

353 2673 524 2750 κάνῃς
580 2675 652 2736 εἷς
706 2675 891 2737 αὐτοὺς
947 2674 1126 2732 ἐκεῖνα
1181 2677 1314 2734 ὀποῦ
1362 2675 1449 2731 ἒσὺ
1506 2687 1710 2750 μισεῖς,
1783 2678 1869 2733 καὶ
1924 2675 2008 2732 δέν

353 2753 528 2817 θέλεις
560 2755 623 2810 νά
650 2755 716 2814 τὰ
750 2754 950 2830 κάμουν
978 2753 1174 2811 ἐκεῖνοι
1228 2757 1301 2819 εἷς
1344 2754 1450 2815 ἐσέ.
1512 2756 1610 2812 Καὶ
1657 2757 1730 2820 εὶς
1759 2758 1824 2812 τὰ
1865 2758 2007 2836 πρά-

2081 1773 2361 1848 ὠνόμασαν
2420 1773 2646 1853 ἡσυχίαν
2716 1772 3002 1855 καρδιακήν
3033 1791 3049 1807 ⁶
3124 1773 3274 1832 ἄλλοι
3324 1781 3385 1834 τὸ
3441 1783 3724 1858 ὠνόμασαν

2079 1863 2359 1942 προσοχήν
2391 1877 2408 1892 ⁸
2469 1861 2646 1937 ἄλλοι,
2709 1868 2889 1940 νῆψιν,
2979 1865 3067 1920 καὶ
3136 1864 3429 1944 ἀντίῤῥησιν
3463 1884 3478 1899 ⁶
3546 1867 3720 1947 ἄλλοι,

2081 1949 2289 2030 ἔρευναν
2343 1956 2448 2008 τῶν
2502 1949 2797 2030 λογισμῶν,
2857 1952 2946 2008 καὶ
2995 1952 3206 2033 φύλαξιν
3238 1962 3329 2011 τοῦ
3385 1957 3528 2021 νοός,
3577 1961 3725 2016 Διατὶ

2079 2038 2193 2095 ὅλοι
2250 2041 2322 2104 εἷς
2368 2042 2493 2099 αὐτὸ
2548 2040 2939 2122 ἐκαταγίνοντο,
2992 2044 3082 2098 καὶ
3139 2043 3206 2119 μὲ
3249 2047 3375 2104 αὐτὸ
3430 2045 3725 2116 ἀξιώθησαν

2081 2135 2185 2184 τῶν
2227 2128 2378 2185 θείων
2444 2132 2793 2210 χαρισμάτων
2827 2147 2840 2161 ⁸
2887 2132 2976 2188 καὶ
3030 2129 3114 2187 διὰ
3167 2133 3294 2189 αὐτὸ
3349 2133 3492 2213 λέγει
3534 2140 3621 2194 καὶ
3681 2130 3727 2195 ²ο

2083 2215 2508 2288 Ἐκκλησιαστής
2544 2239 2557 2252 ⁸
2619 2241 2643 2275 ιι
2697 2219 3006 2300 Εὐφραίνου,
3057 2222 3312 2297 νεανίσκε,
3373 2224 3445 2288 εἰς
3475 2224 3574 2292 τὴν
3603 2227 3724 2282 νεό-

2083 2306 2220 2372 τητά
2249 2329 2363 2382 σου,
2423 2309 2512 2363 καὶ
2565 2308 2840 2387 περιπάτει
2885 2309 2956 2372 εἷς
3014 2309 3107 2371 τὰς
3152 2310 3374 2388 στράτας
3431 2317 3532 2379 τῆς
3590 2336 3724 2394 καρ-

2084 2392 2193 2458 δίας
2248 2418 2341 2452 σου
2397 2395 2645 2472 ἄμωμος,
2717 2398 2805 2453 καὶ
2875 2399 3123 2478 καθαρὸς,
3202 2399 3289 2454 καὶ
3345 2401 3573 2480 μάκρυνε
3627 2392 3726 2470 τῆν

2089 2481 2298 2562 καρδίαν
2344 2505 2436 2542 σου
2488 2485 2594 2542 ἀπὸ
2649 2507 2768 2549 τους
2826 2483 3197 2564 διαλογισμούς
3232 2503 3247 2518 ⁹
3312 2506 3343 2548 )
3400 2492 3487 2546 καὶ
3544 2489 3628 2551 διὰ
3668 2493 3730 2548 τὸ

2089 2568 2224 2627 ἴδιον
2250 2569 2392 2649 λέγει
2431 2574 2518 2628 καὶ
2552 2564 2596 2629 ὀ
2625 2574 3021 2651 Παροιμιαστής
3056 2593 3072 2610 ⁸
3136 2594 3160 2631 α
3223 2571 3442 2640 Ἀνίσως
3473 2579 3560 2634 καὶ
3602 2577 3728 2656 ἔλθῃ

2089 2662 2378 2718 καταπάνω
2407 2683 2500 2719 σου
2528 2664 2563 2730 ἡ
2614 2661 2886 2742 προσϐολὴ
2934 2671 3026 2721 τοῦ
3079 2662 3345 2742 διαϐόλου,
3380 2667 3486 2742 μὴν
3517 2668 3729 2748 ἀφήσῃς

2090 2751 2154 2807 νὰ
2182 2748 2318 2828 ἔμϐῃ
2345 2753 2416 2816 εἰς
2457 2753 2546 2809 τὸν
2576 2753 2738 2810 τόπον
2768 2775 2859 2809 σου
2894 2772 2910 2787 ⁸
2960 2777 2989 2809 »
3022 2754 3110 2810 καὶ
3139 2754 3205 2830 μὲ
3234 2757 3325 2810 τὸν
3367 2757 3528 2815 τόπον
3560 2757 3732 2815 ἐννοεϊ

356 2863 540 2920 γματα
586 2851 679 2901 τοῦ
727 2843 929 2919 κόσμου
981 2841 1141 2900 πάλιν
1185 2842 1346 2924 χρέος
1405 2843 1552 2924 ἔχεις
1581 2845 1644 2899 νὰ
1694 2830 2008 2924 φυλάττέσαι
2091 2837 2189 2904 τὴν
2219 2836 2450 2916 καρδίαν.
2487 2841 2585 2897 Καὶ
2648 2830 2692 2896 εο
2751 2840 2938 2919 Κύριός
2998 2862 3102 2916 μας
3157 2839 3300 2919 λέγει
3361 2845 3433 2908 εἷς
3488 2845 3549 2900 τὸ
3593 2847 3732 2924 ἱερὸν

353 2931 465 2987 ἀπὸ
514 2932 613 2999 τὴν
670 2933 1009 3012 παράχρησιν
1044 2952 1058 2967 ⁸
1133 2931 1294 3012 ἤγουν
1349 2933 1412 2989 νά
1466 2933 1531 2988 τὰ
1586 2935 2008 3014 μεταχειρίζεσαι
2034 3006 2065 3014 _
2093 2925 2414 3004 Εὐαγγέλιω
2449 2944 2462 2956 ·
2543 2951 2573 2983 α
2656 2928 2746 2995 Μὴ
2831 2932 3196 3008 μετεπριζεσθε
3232 2949 3244 2961 ·
3306 2948 3338 2990 )
3398 2930 3581 3010 ἤγουν,
3640 2933 3730 3000 Μὴ

353 3017 457 3076 ὅλα
483 3020 658 3085 καθὼς
711 3006 924 3102 πρέπει,
980 3021 1133 3078 τόσον
1185 3006 1423 3102 φαγητά,
1485 3006 1628 3078 ὡσάν
1674 3006 1765 3079 καί
1808 3006 2002 3100 πιωτὰ,
2027 3006 2067 3057 C
2091 3015 2392 3093 σκορπίζετε
2422 3019 2511 3074 τὸν
2559 3023 2677 3074 νοῦν
2733 3039 2828 3081 σας
2883 3006 3010 3074 ἒδὼή
3038 3019 3126 3075 καὶ
3173 3018 3310 3083 ἐκεῖ.
3371 3006 3469 3078 Καὶ
3497 3006 3572 3084 εἷς
3601 3018 3733 3079 ἄλλο

353 3108 446 3165 καὶ
473 3108 746 3189 φορέματα
782 3129 794 3142 ⁸
841 3111 928 3167 καὶ
973 3109 1296 3189 κοντολογῆς
1359 3108 1457 3166 ὅλα
1504 3110 1690 3190 πρέπει
1722 3112 1784 3168 νὰ
1808 3113 1875 3168 τὰ
1903 3113 2006 3173 κά-
2091 3102 2436 3180 μέροςπάλιν
2477 3103 2621 3184 λέγει
2654 3123 2673 3142 ⁶
2734 3123 2765 3165 (
2819 3105 3076 3186 Μακάριοι
3111 3109 3157 3164 οἱ
3208 3109 3421 3188 πτωχοὶ
3461 3115 3538 3190 τῷ
3567 3110 3731 3166 πνεύ-

354 3188 656 3274 vagina?“
686 3199 750 3259 νὰ
781 3197 958 3256 εἵσουν
982 3199 1293 3278 ἔμπροσθεν
1347 3199 1420 3263 εἷς
1477 3188 1568 3256 τὸν
1625 3202 1775 3278 Θεὸν,
1821 3202 1906 3258 καὶ
1936 3204 2009 3266 εἷς
2091 3213 2217 3266 ματι
2252 3209 2267 3224 ⁶
2309 3215 2331 3248 ι
2385 3191 2612 3270 δηλαδὴ,
2664 3193 2968 3276 Καλότυχοι
3027 3195 3167 3252 εἶναι
3225 3194 3421 3254 ἐκεῖνοι
3472 3188 3621 3256 (οποῦ
3649 3195 3732 3255 δὲν

357 3286 557 3343 κάκένα
613 3310 704 3345 σου
763 3287 914 3367 ἔργον
970 3290 1032 3345 νὰ
1099 3289 1205 3364 μήν
1264 3309 1322 3344 σε
1373 3287 1578 3368 ἐλέγχῃ
1630 3291 1664 3359 ἡ
1720 3288 2006 3358 συνείδησίς
2090 3279 2399 3349 ἀπόκτησαν
2443 3282 2576 3359 μέσα
2619 3284 2691 3347 εἷς
2759 3283 2859 3350 τὴν
2929 3281 3141 3363 καρδίαν
3204 3306 3326 3350 τους
3365 3286 3602 3362 κάμμίαν
3644 3285 3734 3342 ἕν-

361 3397 476 3452 σου,
508 3378 597 3433 καὶ
625 3378 689 3434 νὰ
717 3378 777 3433 σὲ
806 3382 990 3452 κεντεῖ,
1020 3379 1136 3439 πῶς
1181 3375 1264 3432 δέν
1308 3376 1370 3433 :6
1425 3375 1618 3454 ἔκαμες
1672 3377 1810 3436 καλά
1843 3399 1858 3415 ⁸
1920 3380 2008 3436 καὶ

363 3463 470 3536 ἔτζι
502 3466 872 3546 μεταχειρίσου
922 3465 1019 3533 τῆν
1077 3464 1331 3533 ἀληθινὴν
1387 3466 1476 3522 καὶ
1523 3465 1734 3536 ἀπλανῆ
1783 3468 2006 3548 στράταν

365 3562 457 3612 τοῦ
517 3556 690 3632 τρίτου
730 3553 924 3634 τρόπου
976 3558 1076 3622 τῆς
1130 3559 1409 3634 προσοχῆς
1460 3556 1548 3613 καὶ
1595 3563 1924 3638 προσευχῆς,
1979 3559 2007 3614 6

370 3642 556 3706 ὁποῖος
588 3642 730 3700 εἶναι
773 3643 930 3707 αὐτός
961 3659 976 3675 ⁸

467 3737 644 3811 Ηγουν
673 3734 702 3788 6
731 3741 849 3796 νοῦς
908 3733 970 3787 νὰ
1021 3730 1258 3812 φυλάττῃ
1313 3733 1411 3801 τὴν
1464 3732 1676 3810 καρδίαν
1726 3735 1799 3797 εἰς
1828 3735 2006 3813 καιρὸν

369 3822 500 3880 ὀποῦ
565 3821 938 3901 προσεύχεται,
1010 3822 1098 3876 καὶ
1181 3821 1244 3878 vc‘:
1323 3824 1710 3902 περιτριγυρίζῃ
1792 3824 2008 3883 πάντοτε

370 3908 506 3985 μέσα
549 3911 622 3974 εἷς
654 3911 840 3990 αὐτὴν,
873 3911 961 3966 καὶ
1002 3908 1108 3966 ἀπὸ
1139 3908 1340 3968 ἐκεῖθεν
1389 3910 1551 3987 μέσα,
1601 3912 1707 3968 ἀπὸ
1749 3913 1810 3968 τὸ
1850 3912 2008 3988 βάθος

365 4003 462 4067 τῆς
489 3997 701 4079 καρδίας
731 4000 796 4055 νά
849 3998 1140 4075 ἀναπέμπῃ
1187 3999 1282 4063 τὰς
1338 4001 1502 4080 εὐχὰς
1558 4001 1631 4063 εἰς
1687 4003 1776 4057 τὸν
1827 4000 1956 4057 Θεόν
1987 4015 2003 4030 ⁸

366 4089 454 4145 καὶ
483 4086 572 4170 ἀφ’
607 4091 666 4146 οὔ
698 4087 897 4144 ἐκεῖθεν
954 4087 1060 4144 ἀπὸ
1113 4086 1250 4162 μέσα
1301 4087 1402 4156 τὴν
1456 4087 1666 4168 καρδίαν
1709 4092 1892 4168 γευθῇ,
1925 4087 2009 4144 ὅτι

368 4177 510 4234 εἶναι
568 4178 803 4257 χρηστὸς
859 4178 888 4232 6
943 4176 1156 4257 Κύριος,
1213 4177 1300 4232 καὶ
1355 4174 1641 4255 γλυκανθῆ,
1708 4175 1871 4236 πλέον
1926 4175 2010 4233 δέν

2090 3391 2233 3426 νοιαν
2275 3372 2460 3428 τούτου
2525 3378 2634 3432 τοῦ
2687 3372 2916 3448 κόσμου,
2988 3372 3102 3449 ἀμὴ
3164 3374 3286 3444 εἷνα
3353 3376 3567 3455 πτῶχοὶ
3628 3375 3734 3432 ἀπὸ

2087 3459 2211 3517 κάθε
2253 3459 2506 3539 λογισμὸν
2573 3461 2852 3537 κοσμικόν.
2917 3461 3016 3518 Καὶ
3083 3459 3195 3517 ὅλοι
3240 3465 3286 3518 οἱ
3326 3465 3460 3520 θεῖοι
3505 3463 3734 3544 Πατέρες

2091 3569 2194 3624 μας
2234 3547 2468 3628 ἔγραψαν
2511 3547 2683 3607 πολλὰ
2737 3550 2855 3628 περὶ
2904 3549 3112 3624 τούτου,
3183 3553 3270 3607 καὶ
3364 3549 3547 3614 ὅποιος
3591 3551 3729 3609 θέλει

2091 3634 2153 3700 ἂς
2192 3634 2414 3714 διαϐάσῃ
2471 3637 2535 3695 τὰ
2607 3637 2992 3717 συγγράμματά
3053 3660 3115 3695 το
3149 3661 3175 3702 ς
3242 3639 3306 3697 νὰ
3373 3641 3438 3695 τὰ
3479 3637 3588 3717 ἰδῇ.
3635 3642 3734 3698 Καὶ

2092 3726 2189 3782 ὅσα
2232 3725 2458 3806 ἔγραψεν
2506 3717 2550 3783 ὀ
2605 3726 2844 3794 ἀσκητὴς
2910 3725 3173 3806 Μάρκος,
3217 3728 3306 3782 καὶ
3346 3726 3443 3784 ὅσα
3486 3728 3641 3784 εἶπεν
3685 3719 3730 3785 ιο

2089 3813 2242 3898 ἅγιος
2273 3805 2520 3882 Ἰωάννης
2549 3819 2649 3882 τῆς
2682 3813 2975 3890 Κλίμακος,
3019 3815 3107 3898 καὶ
3164 3805 3209 3872 ὀ
3268 3813 3410 3898 ὅσιος
3448 3807 3726 3898 ςΗσύχιοις,

2088 3905 2177 3960 καὶ
2211 3894 2255 3960 ὀ
2285 3905 2542 3970 Σινα’ίτης
2589 3901 2862 3984 Φιλόθεος,
2896 3905 2984 3959 καὶ
3030 3894 3074 3959 ὀ
3102 3900 3236 3959 ἀϐϐἆ
3269 3895 3522 3981 Ἠσαίας,
3555 3894 3643 3963 καὶ
3688 3897 3735 3963 ὀ

2091 3992 2261 4072 μέγας
2292 3994 2700 4074 Βαρσανούφιος,
2733 3995 2822 4049 καὶ
2864 3991 3019 4049 ἄλλοι
3049 3990 3262 4054 πολλοί.

2174 4083 2273 4140 Καὶ
2301 4081 2650 4162 κοντολογῆς,
2709 4081 2891 4147 ὅποιος
2935 4079 3020 4137 δέν
3074 4081 3328 4162 προσέχει
3382 4083 3446 4139 νὰ
3497 4082 3734 4164 φυλάττῃ

2092 4171 2154 4227 τὸ
2198 4170 2317 4229 νοῦν
2350 4193 2466 4252 του,
2524 4171 2729 4236 ἐκεῖνος
2787 4169 2873 4226 δέν
2929 4169 3072 4227 εῖναι
3115 4168 3332 4228 δυνατὸν
3386 4172 3451 4229 νόι
3477 4171 3606 4252 γένῃ
3634 4195 3740 4230 κα-

367 4263 504 4322 θέλει
535 4245 774 4345 μάκρύνῃ
824 4265 853 4321 6
896 4245 1032 4327 νοῦς.
1068 4245 1174 4320 ἀπδ
1230 4265 1322 4320 τὸν
1370 4245 1540 4323 ’τόπον
1748 4264 1958 4346 καρδίας
1993 4284 2008 4300 ⁸
2033 4245 2077 4296 D
2095 4261 2251 4338 θαρὸς
2308 4262 2381 4346 εἱς
2435 4245 2535 4328 τὴν
2606 4257 2842 4342 καρδίαν,
2904 4259 2989 4318 διὰ
3033 4261 3097 4320 νὰ
3137 4259 3333 4339 ἀξιωθῇ
3387 4263 3452 4320 νὰ
3492 4245 3592 4340 ’ἴδῃ
3646 4263 3737 4320 τὸν

369 4357 456 4411 καὶ
513 4354 634 4412 τότε
692 4353 829 4411 θέλει
885 4355 1009 4430 εἷπῇ
1058 4354 1147 4410 καὶ
1199 4353 1354 4418 αὐτὸς
1409 4354 1476 4413 τὰ
1515 4351 1630 4410 ἴδια
1683 4352 1840 4434 λόγια
1883 4357 2015 4412 ὀποῦ

372 4443 526 4501 εἶπεν
557 4445 586 4500 6
629 4441 922 4505 ἀπόστολος
952 4441 1147 4522 Πέτρος
1182 4459 1197 4473 ⁸
1251 4461 1277 4498 α
1326 4441 1502 4501 Καλόν
1558 4441 1700 4501 ἐστιν
1741 4445 1884 4519 ἡμᾶς
1912 4442 2014 4500 ὦδε

371 4532 541 4597 εῖναι.
587 4552 618 4593 )
674 4533 774 4591 Καὶ
827 4532 1112 4589 παντοτινὰ
1168 4531 1284 4588 ἐκεῖ
1340 4531 1477 4607 μέσα
1533 4533 1605 4595 εἷς
1646 4533 1744 4600 τὴν
1801 4531 2014 4612 καρδίαν

367 4620 504 4678 θέλει
557 4622 802 4698 κοιτάζῃ,
859 4622 944 4678 καὶ
1016 4619 1134 4677 ἐκεῖ
1203 4618 1339 4699 θέλει
1396 4623 1777 4701 πριτριγυρίςῃ,
1842 4623 2014 4703 σπρό-

367 4733 610 4792 χνωντας
638 4711 829 4791 τρόπον
873 4712 990 4770 τινὰ
1045 4709 1134 4768 καὶ
1187 4709 1488 4774 διώκωντας
1537 4708 1635 4767 ὅλα
1664 4712 1731 4767 τὰ
1772 4713 2016 4789 νοήματα

367 4803 500 4860 61:06
527 4801 826 4879 σπείρονται
869 4799 986 4856 ἐκεῖ
1027 4798 1164 4876 μέσα
1204 4798 1310 4854 ἀπὸ
1368 4799 1458 4855 τὸν
1512 4796 1724 4880 ἐχθρὸν,
1775 4802 1866 4857 τὸν
1895 4798 2019 4858 διά-,

364 4884 544 4954 ϐολον,
609 4888 758 4957 Πλὴν
817 4891 890 4954 εἰς
940 4888 1166 4952 ἐκείνους
1221 4889 1353 4944 ὀποῦ
1406 4884 1490 4944 δέν
1564 4885 1724 4968 ἔχουν
1779 4889 2016 4966 κάμμίαν

364 4975 572 5046 εἴδησιν
596 4979 669 5043 εἷς
699 4977 827 5035 αὐτὸ
856 4979 918 5034 τὸ
975 4978 1236 5056 σωτήριον
1291 4973 1466 5056 ἔργον,
1528 4977 1618 5032 καὶ
1659 4973 1745 5032 δέν
1789 4979 1850 5034 τὸ
1876 4976 2015 5043 ἱξεύ-

366 5088 510 5146 ρουν,
545 5067 780 5147 φαίνεται
825 5079 948 5131 ταῖς
989 5064 1384 5144 περισσότεραις
1438 5075 1650 5143 φοραῖς,
1699 5070 1814 5129 πῶς
1871 5067 2014 5123 εἶναι

367 5152 542 5213 πολλὰ
569 5156 912 5213 κοπιαστικὸν
955 5155 1043 5211 καὶ
1085 5154 1545 5232 στενοχωρητικόν
1574 5171 1589 5188 ⁸
1647 5153 1761 5229 ἀμὴ
1817 5153 2013 5212 ἐκεῖνοι

369 5245 502 5301 61:06
533 5243 819 5324 ἐγεύθηκαν
875 5243 973 5312 τὴν
1028 5240 1330 5321 γλυκύτητα
1379 5242 1512 5297 61:06
1553 5238 1697 5322 ἔχει,
1739 5242 1830 5298 καὶ
1871 5241 2013 5299 ἀπό-

367 5330 564 5392 λαυσαν
630 5334 729 5402 τὴν
785 5331 979 5402 ἡδονὴν
1033 5333 1168 5410 μέσα
1223 5333 1296 5395 εἰς
1357 5333 1420 5388 τὸ
1458 5331 1614 5408 βάθος
1664 5337 1764 5400 τῆς
1804 5331 2014 5412 καρδίας

367 5445 514 5505 τους,
574 5422 768 5481 ἐκεῖνοι
838 5422 1104 5503 φωνάζουν
1160 5419 1228 5497 μὲ
1280 5421 1370 5478 τὸν
1438 5422 1582 5478 θεῖον
1639 5419 1868 5498 Παῦλον,
1926 5424 2015 5479 καὶ

363 5509 550 5593 λέγουν
587 5528 602 5544 ⁸
680 5513 767 5576 Τίς
847 5513 991 5589 ἡμᾶς
1062 5508 1281 5591 χωρίσει
1337 5509 1444 5568 ἀπὸ
1500 5513 1599 5578 τῆς
1643 5510 1872 5592 ⁴ἀγάπης
1920 5520 2015 5571 τοῦ

369 5607 597 5681 Χριστοῦ
627 5619 648 5682 ;
675 5623 710 5667 ,ι
737 5597 858 5666 κτλ,
944 5631 964 5644 -

2098 4333 2250 4413 Θεόν.
2330 4333 2533 4414 Ὅποιος
2589 4333 2689 4408 δέν.
2743 4333 3020 4430 προσέχει,
3081 4347 3166 4407 δὲν
3210 4333 3448 4431 ἠμπορεῖ
3489 4333 3577 4409 νὰΙ
3607 4351 3737 4431 γένῃ

2097 4439 2318 4519 πτωχὸς
2378 4461 2456 4513 τῳ
2494 4439 2753 4516 πνεύματι
2790 4457 2806 4474 ⁸
2881 4440 3018 4516 μήτε
3059 4439 3298 4519 ἠμπορεῖ
3354 4441 3420 4501 νὰ
3472 4441 3736 4517 πενθήσῃ,

2094 4530 2182 4586 καὶ
2210 4530 2273 4584 νᾶι
2313 4526 2514 4607 κλαύσῃ
2551 4548 2565 4564 ⁸
2610 4528 2646 4597 ἣ
2690 4529 2753 4585 vc‘:
2780 4528 2911 4609 γένῃ
2941 4535 3108 4608 πρᾶος
3152 4531 3241 4587 καὶ
3289 4532 3487 4610 ἥμερος
3524 4547 3540 4562 ⁸
3583 4529 3620 4599 ἢ
3676 4531 3741 4588 νὰ

2095 4616 2345 4694 πεινάσῃ,
2375 4617 2466 4674 καὶ
2490 4617 2555 4675 νὰ
2581 4615 2783 4694 διψήσῃ
2826 4616 2925 4685 τῆν
2969 4615 3306 4685 δικαιοσύνην
3337 4635 3354 4654 ⁸
3409 4617 3445 4685 ἢ
3492 4617 3557 4675 νὰ
3609 4616 3740 4697 γένῃ

2097 4708 2363 4784 ἐλεήμων,
2407 4708 2444 4778 ἢ
2507 4709 2868 4789 εἷρηνοποιδς,
2927 4708 2964 4777 ἢ
3021 4707 3368 4788 δεδιωγμένος
3429 4706 3603 4766 ἕνεκεν
3655 4705 3740 4764 δι-

2096 4797 2378 4864 καιοσύνης
2411 4816 2424 4830 ⁸
2503 4799 2592 4854 καὶ
2661 4795 2744 4853 διὰ
2801 4798 2865 4854 νά
2923 4797 3056 4854 εἷπῶ
3097 4796 3409 4874 καθολικῶς,
3473 4793 3558 4851 δὲν
3599 4795 3742 4853 εῖναι

2097 4884 2315 4962 βολετὸν
2356 4887 2421 4944 νὰ
2462 4885 2742 4962 ἀποκτήσῃ
2811 4886 2957 4950 τινὰς
3025 4887 3120 4950 τὰς
3189 4884 3355 4949 ἄλλας
3420 4884 3608 4964 ἀρετὰς
3673 4884 3743 4960 μὲ

2097 4972 2227 5030 ἄλλο
2252 4974 2437 5056 μέσον,
2483 4975 2626 5055 παρά
2667 4976 2735 5051 μὲ
2779 4975 2940 5043 αὐτὴν
2982 4972 3081 5042 τὴν
3109 4970 3412 5055 προσοχῆν.
3462 4974 3561 5030 Διά
3588 4971 3744 5030 τοῦτο

2097 5063 2463 5144 περισσότερον
2523 5063 2629 5120 ἀπὸ
2699 5061 2798 5121 ὅλα
2841 5064 3006 5131 αὐτὴν
3049 5063 3236 5143 πρέπει
3280 5064 3344 5120 νὰ
3391 5060 3740 5144 ἐπιμεληθῇς,

2096 5141 2182 5208 διὰ
2223 5153 2286 5209 νὰ
2328 5141 2631 5230 καταλάϐῃς
2691 5153 2759 5227 μὲ
2823 5153 2922 5220 τὴν
2990 5141 3212 5228 δοκιμὴν
3283 5151 3414 5211 αὐτὰ
3461 5141 3610 5208 ὀποῦ
3651 5159 3746 5209 σοῦ

2095 5238 2261 5320 λέγω.
2306 5243 2367 5298 Εἰ
2408 5239 2464 5297 δὲ
2501 5242 2589 5298 καὶ
2629 5239 2797 5304 θέλεις
2841 5240 2905 5296 νὰ
2947 5239 3239 5317 μάθῃςικαὶ
3266 5241 3356 5298 τὸν
3387 5238 3604 5320 τρόπον,
3628 5243 3744 5303 πῶς

2097 5329 2162 5386 νὰ
2205 5330 2407 5407 κάμῃς,
2451 5328 2559 5410 ἐγὼ
2627 5334 2723 5387 σοῦ
2787 5327 2931 5408 λέγω
2999 5329 3088 5385 καὶ
3126 5330 3244 5408 περὶ
3284 5329 3470 5387 τούτου
3509 5329 3572 5386 :6
3610 5326 3747 5385 κατὰ

2100 5415 2338 5496 δύναμιν,
2383 5419 2472 5476 καὶ
2499 5418 2734 5498 πρόσεχε
2772 5415 2976 5482 καλῶς.

2180 5510 2307 5589 Τρία
2357 5507 2647 5588 πράγματα
2703 5506 2850 5564 κάνει
2907 5504 3064 5587 χρεία
3132 5505 3198 5565 νά
3256 5504 3484 5589 φυλάξῃς
3546 5505 3749 5588 πρατή-

2095 5617 2223 5678 τερα
2250 5595 2357 5658 ἀπὸ
2385 5593 2484 5654 ὅλα
2507 5597 2575 5653 τὰ
2617 5591 2755 5653 ἄλλα
2786 5613 2805 5633 ⁸
2851 5595 3066 5675 πρῶτον
3117 5596 3430 5678 ἀμεριμνίαν
3488 5595 3595 5656 ἀπὸ
3622 5594 3748 5653 κάθε
