4076 6114
285 280 431 350 709

1275 275 1666 354 APPENDIX
1703 277 1808 344 AD
1850 275 2271 343 SYMEONEM
2309 273 2699 345 JUNIOREM

3578 279 3699 349 ⁸110

291 440 452 496 ματα
496 423 596 487 τῆς
642 423 826 499 ψυχῆς
868 419 934 477 vix
973 419 1064 476 τὸν
1105 421 1298 498 θεωρῇ,
1356 417 1446 475 καὶ
1499 417 1563 474 νὰ
1602 415 1956 498 προσεύχεται
1976 413 2126 473 Ακαὶ
2182 409 2417 490 δεύτερος
2467 409 2661 491 τρόπος
2701 408 2803 499 ,δεν
2858 410 3194 488 προκόπτων
3249 410 3342 467 τὸν
3393 409 3692 499 ἄνθρωπον.

293 511 552 587 καθαρῶς
593 507 649 564 ἒν
685 507 905 582 ἀληθείᾳ
930 509 1104 574 καθὼς
1129 507 1342 589 πρέπει,

392 689 542 758 Πλὴν
570 691 632 747 τὸ
661 689 725 746 νὰ
753 688 928 767 βλέπῃ
987 691 1060 754 εἰς
1110 690 1203 746 τὸν
1258 689 1497 769 οὐρανὸν,
1557 687 1732 746 πολλὰ
1761 686 1964 766 ὀλιγαις

298 791 506 860 φοραῖς
551 778 737 857 πρέπει
781 779 844 834 νὰ
885 781 949 835 τὸ
998 778 1136 854 κάνῃ
1165 775 1249 833 διὰ
1290 779 1380 834 τὸν
1439 775 1598 858 φόϐον
1645 783 1749 834 τῶν
1795 799 1965 844 πονηο

302 874 422 947 ρῶν
473 867 788 943 πνευμάτων
846 869 979 927 ὁποῦ
1039 874 1319 925 κατοικῶν
1379 869 1452 932 εἰς
1505 867 1595 923 τὸν
1652 865 1804 946 ἀέρα,
1879 867 1968 923 καὶ

303 953 401 1012 διὰ
454 962 608 1012 τοῦτο
663 956 1012 1031 ὀνομάζονται
1069 955 1275 1034 ἐναέροα
1330 955 1625 1032 πνεύματα,
1683 956 1750 1010 τὰ
1804 956 1968 1010 ὁποῖα

295 1042 590 1122 προξενῶν
665 1043 897 1108 πολλαῖς
977 1045 1065 1101 καὶ
1129 1041 1399 1124 διάφοραις
1460 1043 1684 1106 πλάναις
1746 1043 1817 1106 εἰς
1873 1043 1961 1099 τὸν

294 1129 438 1210 ἀέρα
475 1146 489 1160 ⁸
564 1131 652 1188 καὶ
722 1131 909 1210 πρέπει
981 1133 1045 1188 νὰ
1097 1130 1471 1210 προσέχωμεν.
1538 1127 1754 1197 Ἐπειδὴ
1810 1135 1964 1186 τοῦτο

295 1221 530 1300 μοναχὰ
575 1227 732 1292 ζητεῖ
762 1223 790 1277 ὁ
821 1222 950 1284 Θεὸς
1008 1220 1114 1278 ἀπὸ
1171 1222 1343 1295 ἡμᾶς,
1403 1221 1463 1275 τὸ
1491 1219 1556 1278 νὰ
1585 1221 1725 1276 εἶναι
1753 1221 1960 1297 καθαρι-

297 1309 483 1386 σμένη
523 1311 559 1377 ἡ
587 1306 772 1388 καρδία
821 1331 925 1384 μας
983 1309 1050 1384 μὲ
1106 1310 1204 1377 τὴν
1261 1306 1474 1387 φύλαξιν
1522 1309 1610 1364 καὶ
1658 1309 1959 1387 προσοχήν.

298 1398 414 1456 Καὶ
444 1397 631 1462 ἀνίσως
681 1399 715 1465 ἡ
766 1397 876 1475 ῥίζα
921 1398 1065 1456 εἶναι
1125 1397 1272 1478 ἁγία,
1323 1398 1494 1462 καθὼς
1544 1397 1686 1475 λέγει
1731 1400 1759 1453 ὁ
1790 1394 1961 1453 Ἀπό-

297 1485 528 1558 στολος,
573 1487 795 1566 φανερὸν
839 1486 1006 1563 εἶναι,
1048 1493 1164 1550 πῶς
1207 1487 1295 1542 καὶ
1337 1489 1383 1542 οἱ
1412 1484 1592 1546 σκάδοι
1622 1487 1764 1543 εἶναι
1795 1485 1960 1566 ἅγιοι,

293 1577 400 1632 καὶ
469 1578 496 1631 ὁ
550 1576 776 1655 καρπός.
842 1578 1012 1655 Χωρὶς
1054 1574 1110 1632 δὲ
1163 1578 1253 1633 τὸν
1295 1576 1490 1655 τρόπον
1533 1579 1663 1632 ὁποῦ
1707 1574 1958 1654 εἴπαμεν,

2050 502 2200 558 Διατὶ
2241 501 2414 565 καθὼς
2476 499 2600 557 ὅταν
2643 497 2879 575 θέλωμεν
2935 499 2999 556 νὰ
3057 501 3320 575 κτίσωμεν
3377 497 3467 556 ἵνα
3509 507 3695 579 σπῆτι,

2047 588 2132 646 δὲν
2162 590 2391 666 βάνομεν
2449 595 2656 669 πρῶτον
2707 589 2804 653 τὴν
2863 587 3092 665 σκέπην,
3152 589 3239 644 καὶ
3289 587 3477 668 ὕστερα
3513 591 3575 647 τὸ
3604 594 3696 647 θε-

2049 678 2258 759 μέλιον,
2321 677 2457 734 διατὶ
2512 685 2667 735 τοῦτο
2724 677 2867 736 εἶναι
2925 675 3177 734 ἀδύνατον
3211 692 3226 708 ⁸
3288 675 3424 732 ἀλλὰ
3492 679 3699 757 πρῶτον

2049 768 2276 843 βάνομεν
2319 768 2380 823 τὸ
2408 765 2672 846 θεμέλιον,
2723 769 2810 823 καὶ
2865 765 3052 844 ὕστερα
3109 765 3350 841 κτίζομεν
3391 767 3453 822 τὸ
3509 772 3696 848 σπῆτι,

2049 858 2138 913 καὶ
2195 858 2316 913 τότε
2375 857 2604 933 βάνομεν
2658 856 2746 912 καὶ
2799 855 2897 922 τὴν
2941 854 3144 922 σκέπην
3181 875 3194 888 ⁸
3243 853 3346 926 ἔτζι
3394 855 3581 935 πρέπει
3635 859 3700 914 νᾶ

2048 946 2303 1020 κάμωμεν
2334 946 2421 1001 καὶ
2453 946 2526 1009 εἰς
2557 945 2622 1001 τὰ
2669 944 3000 1022 πνευματικά
3029 960 3043 974 ·
3091 949 3301 1023 πρῶτον
3357 945 3423 1004 τὰ
3452 944 3698 1023 βάλωμεν

2047 1033 2319 1110 θεμάλιον,
2371 1033 2530 1111 ἤγουν
2579 1035 2642 1090 νὰ
2695 1032 3006 1114 φυλάξωμεν
3057 1033 3154 1101 τὴν
3198 1031 3432 1114 καρδίαν,
3491 1037 3580 1092 καὶ
3635 1037 3699 1093 νὰ

2045 1123 2511 1201 ὀλιγωστςιίσωμεν
2541 1123 2647 1180 ἀπὸ
2704 1125 2868 1192 αὖτὴν
2925 1123 2990 1183 τὰ
3046 1123 3215 1198 πάθη,
3274 1123 3362 1179 καὶ
3417 1121 3605 1203 ὕστερα
3634 1125 3698 1184 νὰ

2044 1215 2306 1288 κτίσωμεν
2336 1214 2396 1269 τὸ
2427 1214 2782 1288 πνευματικὸν
2838 1217 3002 1280 σπῆτι
3039 1231 3052 1246 ⁸
3114 1211 3278 1290 ἤγουν
3321 1213 3384 1268 νὰ
3429 1210 3696 1290 διώξωμεν

2045 1306 2142 1374 τὴν
2194 1306 2440 1386 ταραχὴν
2481 1313 2592 1363 τῶν
2623 1313 2870 1386 πονηρῶν
2925 1305 3240 1381 πνευμάτων
3298 1307 3430 1366 ὁποῦ
3458 1313 3560 1382 μᾶς
3590 1331 3698 1365 πο-

2044 1395 2236 1472 λεμοῦν
2267 1394 2333 1471 μὲ
2363 1409 2484 1459 ταῖς
2528 1394 2782 1463 αἴσθησις
2815 1412 2828 1427 ⁸
2861 1395 2949 1452 καὶ
3007 1396 3069 1450 να
3111 1395 3386 1474 φεύγωμεν
3434 1397 3695 1476 τίκόγλι-

2043 1485 2336 1565 γωρότερον
2371 1486 2460 1541 τὸν
2517 1484 2752 1560 πόλεμον
2811 1484 3005 1560 α’ἶιτῶν,
3065 1485 3154 1540 καὶ
3208 1483 3328 1540 τότε
3356 1484 3422 1541 νὰ
3448 1485 3694 1562 βάνωμεν

2042 1575 2131 1630 καὶ
2170 1575 2268 1642 τὴν
2299 1573 2500 1641 σκέπην
2534 1591 2550 1607 ⁶
2600 1573 2762 1653 ἤγουν
2813 1575 2876 1629 να
2913 1573 3294 1652 ἆναχωροῦμεν
3341 1573 3555 1640 τελείως
3587 1575 3691 1634 ἀπὸ

293 1662 494 1726 ὅποιος
524 1664 791 1731 ἆσηκώνει
835 1667 900 1721 τὰ
957 1665 1122 1740 μάτιά
1175 1687 1267 1724 του
1319 1666 1407 1721 καὶ
1462 1667 1553 1722 τὸν
1609 1672 1729 1722 νοῦν
1757 1687 1848 1722 του
1889 1666 1961 1728 εἰς
1983 1707 2022 1756 Β
2045 1662 2143 1721 ὅλα
2204 1664 2265 1720 τὰ
2322 1664 2629 1744 πράγματα,
2675 1665 2762 1720 καὶ
2823 1663 2886 1720 νὰ
2935 1662 3285 1741 εἷρηνεύωμεν
3341 1664 3513 1729 καθὼς
3557 1665 3691 1744 πρέ..

288 1754 399 1808 τὸν
456 1753 693 1832 οὐρανὸν,
747 1755 836 1812 καὶ
877 1752 1014 1811 θέλει
1070 1755 1136 1814 νὰ
1189 1753 1502 1835 φαντάζεται
1543 1753 1742 1813 κᾶποια
1772 1753 1954 1825 νοητὰ,
1985 1749 2131 1810 ’πει
2159 1753 2246 1811 καὶ
2276 1753 2340 1810 νὰ
2395 1750 2652 1829 διδώμεθα
2707 1751 2844 1816 ὅλως
2903 1749 3074 1807 διόλου
3124 1751 3196 1815 εἰς
3253 1752 3342 1809 τὸν
3400 1753 3550 1816 Θεόν,
3587 1755 3690 1814 Καὶ

292 1840 466 1906 αὐτὸς
517 1842 804 1922 φαντασίας
863 1842 1044 1919 βλέπει
1099 1845 1188 1901 καὶ
1232 1843 1455 1918 ψεύτικα
1507 1845 1818 1924 πράγματα,
1875 1835 1963 1900 καὶ

293 1930 403 2010 ὄχι
475 1930 718 2007 ἀληθινὰ,
779 1931 847 2006 μὲ
903 1934 966 1988 τὸ
1023 1933 1086 1989 νὰ
1143 1932 1284 1988 εἶναι
1342 1931 1633 2012 ἀκάθαρτος
1688 1933 1724 2001 ἡ
1780 1929 1963 2010 καρδία

294 2039 428 2080 του.
462 2021 560 2077 Καὶ
606 2019 779 2084 καθὼς
828 2019 1058 2098 εἴπαμεν
1115 2019 1347 2084 πολλαῖς
1399 2033 1612 2101 φοραῖς,
1673 2023 1701 2078 ὁ
1753 2027 1960 2101 πρῶτος

2043 1839 2149 1914 ἕτζι
2204 1841 2552 1919 τελειώνομεν
2605 1844 2666 1919 τὸ
2721 1841 3075 1917 πνευματικὸν
3146 1843 3310 1907 σπῆτι
3360 1839 3415 1898 ἐν
3480 1849 3692 1922 Χριστῳ

2045 1929 2220 1999 Ἰησοῦ
2247 1939 2324 2006 τῷ
2370 1934 2540 2011 Κυρίῳ
2594 1933 2750 2008 ἡμῶν
2786 1945 2801 1960 ⁶
2862 1934 2908 2006 ᾧ
2947 1931 2984 1999 ἡ
3037 1926 3160 1995 δόξα
3213 1931 3288 1994 εἰς
3344 1929 3464 1996 τοὺς
3494 1933 3689 1999 αἰῶνας

2044 2027 2149 2078 τῶν
2179 2021 2407 2083 αἰώνων.
2437 2019 2636 2097 Ἀμήν,

1619 2355 2358 2469 APPENDIX.

445 2816 1345 3050 SiﬂﬂLiSTlﬂl
1443 2632 2146 3048 CUJUSDiM
2242 2819 2917 3045 DliLllllllS
3017 2820 3186 3040 Illi
3287 2819 3553 3042 Ι)Εο

1432 3212 1534 3276 AD
1588 3204 2007 3274 SYMEONEM
2061 3203 2556 3272 THEOLOGUM.

385 3561 836 3656 Itmznmcn'no.
869 3569 1024 3644 Quid
1053 3581 1180 3638 erat
1230 3574 1294 3637 in
1351 3572 1599 3652 mundo,
1627 3579 1944 3656 antequam
1964 3583 2004 3636 C
2029 3591 2146 3656 que
2176 3589 2436 3655 prmsens
2455 3570 2553 3646 sit,
2580 3569 3424 3654 quemadmodumafﬁrmasti,
3446 3570 3519 3634 ab
3545 3589 3671 3634 om-

299 3651 672 3719 exsisteret?

297 3743 738 3894 dOtlznsrousro.
766 3749 942 3828 Deus,
989 3750 1178 3832 ipsius
1227 3751 1437 3816 mundi
1468 3769 1686 3834 parens
1716 3759 1776 3815 et
1800 3769 1950 3814 con-

350 3850 369 3891 ι
437 3850 488 3894 r.

350 3837 488 3894 itor.

390 3919 526 4013 IN'r.
541 3924 688 3987 Cum
706 3927 970 3991 nondum
999 3937 1255 3994 exstaret
1271 3929 1550 4008 mundus,
1579 3949 1694 4013 quo
1711 3928 1952 3992 tandem

299 4017 480 4091 pacto
511 4011 572 4074 in
605 4015 823 4078 mundo
855 4026 982 4080 erat
1011 4016 1044 4078 ‘I

387 4097 867 4190 linstuoniam
885 4105 1166 4184 mundus,
1197 4109 1373 4171 etiam
1399 4107 1741 4190 priusquam
1755 4107 1947 4188 fieret,

299 4186 369 4279 in
395 4186 519 4252 Deo
550 4193 727 4271 plane
756 4201 1034 4277 tanquam
1066 4195 1252 4261 factus
1280 4186 1477 4260 inerat
1505 4217 1520 4258 :
1555 4186 1948 4279 quemadmoé

303 4275 450 4338 dum
469 4279 744 4345 homines
765 4275 1023 4366 quoque,
1050 4287 1302 4348 necdum
1325 4287 1386 4348 in
1404 4275 1779 4349 hanclucem
1802 4285 1946 4362 nati,

307 4374 374 4426 ut
385 4367 512 4446 jam
536 4370 654 4431 nati
674 4373 831 4452 apud
855 4375 1041 4436 Deum
1066 4384 1227 4438 sunt.
1253 4374 1468 4439 Omnia
1505 4376 1746 4457 quippe,
1771 4373 1949 4438 etiam

303 4457 572 4519 nondum
592 4469 920 4540 procreata,
943 4463 1003 4524 in
1026 4463 1234 4544 seipso
1271 4465 1597 4536 constituit,
1623 4464 1735 4526 etsi
1763 4463 1822 4525 id
1855 4467 1953 4524 in-

306 4544 648 4625 telligentiae
679 4558 892 4612 nostrae
922 4551 1394 4616 imbecillitatem
1429 4553 1688 4634 effugiat.

387 4635 508 4697 IN'r.
543 4635 604 4699 Si
640 4637 817 4717 igitur
846 4640 907 4702 in
939 4641 1158 4704 mundo
1217 4650 1343 4705 erat
1399 4641 1577 4715 Deus,
1639 4649 1955 4723 antequam

308 4723 593 4811 mundum
615 4727 958 4803 aedificaret,
979 4739 1045 4790 ut
1062 4729 1169 4807 ais,
1194 4730 1339 4811 quid
1362 4748 1432 4792 eo
1462 4730 1680 4792 factum
1711 4738 1820 4805 est,
1853 4729 1961 4795 ubi

303 4808 470 4873 illum
505 4815 830 4894 produxit?
851 4819 1005 4881 Num
1027 4817 1100 4880 ab
1146 4808 1529 4890 (ao—secessit;
1563 4837 1640 4880 an
1669 4819 1863 4881 adhuc
1892 4818 1956 4880 in

305 4915 377 4960 eo
409 4908 606 4962 manet
635 4900 666 4961 ‘I

383 4985 566 5050 RESP.
603 4991 760 5052 Loco
804 4992 1046 5074 quidem
1102 5013 1138 5057 a
1194 4995 1486 5058 creaturis
1536 4993 1659 5058 suis
1689 4993 1951 5075 ipsarum

307 5086 537 5141 creator
554 5077 714 5142 Deus
735 5091 1044 5164 separatus
1060 5103 1177 5146 non
1202 5092 1314 5148 est.
1343 5086 1468 5157 Quo
1490 5084 1651 5146 enim
1671 5102 1734 5146 se
1767 5092 1954 5144 trans-

305 5167 512 5247 ferret,
533 5188 757 5252 quaaso.
779 5171 881 5252 qui
901 5171 1122 5254 ubique
1144 5191 1405 5254 praesens
1423 5173 1615 5243 adest,
1651 5180 1709 5234 et
1727 5171 1949 5233 divini-

303 5263 420 5320 tate
451 5277 558 5320 sua
585 5258 793 5339 implet
821 5259 1119 5337 universa,
1169 5269 1522 5342 naturaque,
1574 5269 1634 5324 et
1663 5261 1946 5336 essentia,

303 5352 365 5412 et
391 5347 792 5424 subsistentia,
823 5349 1169 5432 cmterisque
1220 5349 1682 5433 proprietatibus
1710 5368 1950 5412 omnem

295 5445 561 5499 naturam
586 5437 884 5498 conditam
917 5440 1173 5516 excedit,
1208 5439 1282 5502 ab
1315 5457 1505 5520 eaque
1560 5440 1855 5502 immenso
1888 5445 1949 5502 et

299 5523 796 5608 incomprehenso
830 5525 1180 5591 discrimine
1209 5527 1566 5592 secernitur.

376 5617 498 5681 Im.
531 5614 658 5690 Qua
684 5612 938 5692 ratione,
971 5633 1110 5680 cum
1139 5617 1272 5682 loco
1301 5635 1424 5681 non
1438 5615 1646 5692 distet,
1675 5614 1786 5680 sed
1813 5613 1944 5680 nbi-

2033 3663 2208 3725 nibus
2239 3671 2435 3724 tamen
2466 3661 2800 3742 sejungitur
2827 3661 2859 3722 ?

2112 3750 2281 3813 Rnsr.
2313 3749 2449 3811 Haec
2470 3750 2716 3830 quaestio
2730 3748 3032 3812 difﬁcilem
3050 3748 3530 3827 intelligentiam,
3555 3767 3678 3811 non

2032 3839 2173 3901 item
2205 3837 2510 3900 difﬁcilem
2542 3837 3001 3918 explicationem
3059 3839 3259 3901 habet.
3321 3839 3444 3901 Deo
3474 3846 3675 3900 autem

2036 3927 2184 3989 nihil
2215 3935 2306 3988 est
2333 3925 2725 4003 impossibile.
2755 3928 2960 4007 Itaque
2983 3932 3176 4007 potest
3201 3924 3307 3986 tibi
3332 3925 3511 4006 hujus
3529 3944 3681 4007 quo-

2035 4032 2151 4095 que
2174 4012 2263 4074 rei
2286 4013 2522 4094 plenam
2544 4013 2722 4077 ﬁdem
2736 4013 2956 4076 facere.
2977 4019 3125 4095 Age,
3145 4013 3553 4093 intelligenter
3569 4032 3679 4076 au-

2033 4102 2244 4165 sculta.
2278 4099 2468 4165 Sicuti
2491 4120 2660 4164 mens
2689 4104 2947 4167 humana
2980 4121 3093 4165 nec
3122 4101 3438 4164 cohibetur
3465 4104 3675 4181 muris,

2031 4209 2144 4253 nec
2162 4191 2292 4252 loco
2315 4189 2869 4255 circumscribitur:
2920 4191 3024 4254 sed
3056 4209 3273 4272 corpus
3305 4199 3532 4252 tantum
3563 4190 3677 4253 do-

2030 4279 2326 4341 munculae
2344 4277 2691 4354 includitur,
2726 4289 2783 4342 et
2802 4279 3056 4342 vinculis
3079 4277 3529 4362 constringitur,
3553 4278 3682 4360 ipsa

2035 4375 2198 4430 extra
2217 4385 2439 4447 corpus
2464 4366 2659 4431 libere
2691 4368 2910 4450 ubique
2935 4377 3176 4449 vagatur
3201 4385 3215 4431 :
3243 4386 3356 4430 nec
3383 4365 3623 4430 interim
3646 4387 3682 4431 a

2033 4477 2284 4541 corpore
2313 4469 2644 4544 separatur,
2677 4480 2790 4524 nec
2819 4481 2854 4524 a
2908 4461 3210 4525 domicilio
3241 4460 3446 4542 procul
3476 4460 3678 4542 distat,

2034 4568 2241 4610 verum
2275 4557 2334 4612 et
2365 4549 2581 4613 absens
2605 4551 3069 4632 quodammodo,
3105 4549 3198 4613 his
3228 4550 3423 4631 adest,
3456 4558 3515 4612 et
3542 4568 3678 4613 cum

2036 4637 2155 4700 illis
2175 4638 2345 4701 adest
2364 4637 2554 4715 abest,
2583 4640 3082 4722 praesentiamque
3093 4658 3226 4702 cum
3243 4637 3510 4702 absentia
3527 4657 3675 4702 con-

2031 4725 2228 4807 jungit
2255 4743 2270 4790 :
2317 4727 2400 4788 ita
2451 4726 2610 4790 Deus
2640 4728 2885 4811 ubique,
2919 4737 2979 4791 et
3007 4727 3069 4790 in
3098 4727 3397 4804 omnibus,
3429 4733 3486 4788 et
3515 4734 3679 4789 extra

2037 4813 2260 4890 omnia,
2284 4821 2342 4877 et
2361 4833 2655 4897 nusquam
2695 4826 2787 4878 est
2825 4825 3056 4899 natura,
3081 4816 3358 4893 essentia,
3382 4819 3444 4878 et
3463 4814 3675 4895 gloria,

1971 4905 2016 4954 D
2035 4902 2173 4984 quia
2191 4903 2606 4966 circumscribi
2635 4905 2923 4969 limitibus
2952 4905 3108 4968 haud
3141 4910 3354 4986 potest.

2112 4991 2232 5054 INT.
2269 4990 2379 5065 Qui
2421 5011 2562 5072 ergo
2619 5013 2738 5056 non
2788 4992 3323 5067 circumscribitur,
3373 4990 3676 5072 quomodo

2033 5079 2242 5162 implet
2272 5081 2472 5143 omnia
2497 5082 2522 5144 ’ἔ
2552 5081 2664 5156 Qui
2687 5084 2895 5166 implet
2921 5083 3140 5156 omnia,
3175 5079 3472 5163 quomodo
3500 5079 3680 5143 incir-

2032 5169 2428 5251 cumscriptus
2457 5178 2568 5253 est,
2602 5179 2661 5234 et
2689 5192 2978 5255 nusquam
3009 5169 3156 5235 est?

2114 5255 2294 5321 Rnsp.
2320 5257 2475 5320 Sane
2497 5259 2740 5340 quidem
2756 5278 3048 5324 concessu
3069 5257 3332 5322 omnium
3355 5255 3514 5320 Deus
3536 5255 3678 5320 ubi-

2032 5365 2148 5430 que
2181 5356 2314 5425 est;
2346 5355 2403 5410 et
2430 5369 2564 5412 cum
2596 5350 2842 5432 impleat
2873 5349 3094 5427 omnia,
3128 5348 3222 5410 his
3249 5364 3380 5428 quae
3405 5345 3677 5409 videmus

2032 5438 2274 5501 omnino
2300 5456 2419 5499 non
2450 5440 2877 5518 permiscetur:
2922 5440 3028 5502 sed
3061 5457 3131 5501 eo
3160 5435 3338 5498 modo
3366 5454 3483 5518 quo
3511 5434 3674 5498 dixi-

2032 5545 2168 5590 mus
2195 5526 2550 5593 secernitur.
2580 5528 2882 5614 Nusquam
2913 5537 3112 5593 autem
3140 5535 3251 5605 est,
3281 5526 3439 5609 quod
3469 5523 3543 5588 ad
3572 5543 3676 5614 ea:

2027 5621 2193 5697 ptum
2222 5621 2495 5679 nostrum
2520 5612 2751 5683 attinet.
2773 5617 2961 5683 Nemo
2979 5617 3142 5682 enim
3163 5613 3354 5691 novit,
3379 5631 3458 5678 ne
3476 5612 3677 5694 angeli
