  <div class='ocr_page' id='page_1' title='image "/cluster/home/n/w/nwhite01/storage/ocr_20150623/120/mdp.39015008866736/361.png"; bbox 0 0 4076 6114; ppageno 0'>
   <div class='ocr_carea' id='block_1_1' title="bbox 358 232 1968 311">
    <p class='ocr_par' dir='ltr' id='par_1_1' title="bbox 358 236 1968 310">
     <span class='ocr_line' id='line_1_1' title="bbox 358 236 1968 310; baseline 0.001 -5"><span class='ocrx_word' id='word_1_1' title='bbox 358 239 469 305; x_wconf 75' lang='grc'><strong>711</strong></span> <span class='ocrx_word' id='word_1_2' title='bbox 1203 236 1688 309; x_wconf 79' lang='lat' dir='ltr'><strong>SCHOLASTICI</strong></span> <span class='ocrx_word' id='word_1_3' title='bbox 1727 241 1968 310; x_wconf 80' lang='lat' dir='ltr'><strong>CUIUS]</strong></span> 
     </span>
    </p>
   </div>
   <div class='ocr_carea' id='block_1_2' title="bbox 2197 232 3807 311">
    <p class='ocr_par' dir='ltr' id='par_1_2' title="bbox 2197 232 3807 311">
     <span class='ocr_line' id='line_1_2' title="bbox 2197 232 3807 311; baseline -0.002 -5"><span class='ocrx_word' id='word_1_4' title='bbox 2197 242 2542 311; x_wconf 78' lang='lat' dir='ltr'><strong>lIALOGUS</strong></span> <span class='ocrx_word' id='word_1_5' title='bbox 2586 244 2687 311; x_wconf 87' lang='lat' dir='ltr'><strong>DE</strong></span> <span class='ocrx_word' id='word_1_6' title='bbox 2730 245 2901 311; x_wconf 80' lang='grc' dir='ltr'><strong>ΠΕΟ.</strong></span> <span class='ocrx_word' id='word_1_7' title='bbox 3681 232 3807 305; x_wconf 71' lang='lat'><strong>712</strong></span> 
     </span>
    </p>
   </div>
   <div class='ocr_carea' id='block_1_3' title="bbox 363 372 3801 462">
    <p class='ocr_par' dir='ltr' id='par_1_3' title="bbox 363 372 3801 462">
     <span class='ocr_line' id='line_1_3' title="bbox 363 372 3801 462; baseline 0 -25"><span class='ocrx_word' id='word_1_8' title='bbox 363 374 628 458; x_wconf 85' lang='lat' dir='ltr'><strong>quidem,</strong></span> <span class='ocrx_word' id='word_1_9' title='bbox 654 372 756 436; x_wconf 94' lang='lat' dir='ltr'><strong>ubi</strong></span> <span class='ocrx_word' id='word_1_10' title='bbox 782 374 858 436; x_wconf 94' lang='lat' dir='ltr'><strong>sit</strong></span> <span class='ocrx_word' id='word_1_11' title='bbox 880 373 1061 438; x_wconf 90' lang='lat' dir='ltr'><strong>Deus.</strong></span> <span class='ocrx_word' id='word_1_12' title='bbox 1083 372 1211 437; x_wconf 86' lang='lat' dir='ltr'><strong>Etsi</strong></span> <span class='ocrx_word' id='word_1_13' title='bbox 1235 376 1395 438; x_wconf 92' lang='lat' dir='ltr'><strong>enim</strong></span> <span class='ocrx_word' id='word_1_14' title='bbox 1419 376 1555 439; x_wconf 91' lang='lat' dir='ltr'><strong>illos</strong></span> <span class='ocrx_word' id='word_1_15' title='bbox 1582 377 1864 440; x_wconf 80' lang='lat' dir='ltr'><strong>assistere</strong></span> <span class='ocrx_word' id='word_1_16' title='bbox 1893 397 2001 439; x_wconf 91' lang='lat' dir='ltr'><strong>au-</strong></span> <span class='ocrx_word' id='word_1_17' title='bbox 2021 385 2065 435; x_wconf 81' lang='grc' dir='ltr'><strong>Α</strong></span> <span class='ocrx_word' id='word_1_18' title='bbox 2086 377 2407 456; x_wconf 83' lang='lat' dir='ltr'><strong>intuentes,</strong></span> <span class='ocrx_word' id='word_1_19' title='bbox 2434 380 2497 442; x_wconf 94' lang='lat' dir='ltr'><strong>in</strong></span> <span class='ocrx_word' id='word_1_20' title='bbox 2530 381 2661 462; x_wconf 88' lang='lat' dir='ltr'><strong>ipsa</strong></span> <span class='ocrx_word' id='word_1_21' title='bbox 2690 388 2749 443; x_wconf 93' lang='lat' dir='ltr'><strong>et</strong></span> <span class='ocrx_word' id='word_1_22' title='bbox 2776 379 3017 458; x_wconf 87' lang='lat' dir='ltr'><strong>Filium,</strong></span> <span class='ocrx_word' id='word_1_23' title='bbox 3054 389 3114 444; x_wconf 90' lang='lat' dir='ltr'><strong>et</strong></span> <span class='ocrx_word' id='word_1_24' title='bbox 3173 383 3407 445; x_wconf 85' lang='lat' dir='ltr'><strong>Patrem</strong></span> <span class='ocrx_word' id='word_1_25' title='bbox 3475 382 3801 442; x_wconf 85' lang='lat' dir='ltr'><strong>cernunt.</strong></span> 
     </span>
    </p>
   </div>
   <div class='ocr_carea' id='block_1_4' title="bbox 363 462 3806 551">
    <p class='ocr_par' dir='ltr' id='par_1_4' title="bbox 363 462 3806 551">
     <span class='ocr_line' id='line_1_4' title="bbox 363 462 3806 551; baseline 0 -25"><span class='ocrx_word' id='word_1_26' title='bbox 363 465 480 546; x_wconf 90' lang='lat' dir='ltr'><strong>dis,</strong></span> <span class='ocrx_word' id='word_1_27' title='bbox 512 462 616 526; x_wconf 91' lang='lat' dir='ltr'><strong>sed</strong></span> <span class='ocrx_word' id='word_1_28' title='bbox 645 463 860 525; x_wconf 81' lang='lat' dir='ltr'><strong>throno</strong></span> <span class='ocrx_word' id='word_1_29' title='bbox 893 463 1094 543; x_wconf 68' lang='lat' dir='ltr'><strong>gloriae</strong></span> <span class='ocrx_word' id='word_1_30' title='bbox 1123 482 1135 526; x_wconf 91' lang='lat'>:</span> <span class='ocrx_word' id='word_1_31' title='bbox 1162 472 1221 527; x_wconf 92' lang='lat' dir='ltr'><strong>et</strong></span> <span class='ocrx_word' id='word_1_32' title='bbox 1241 484 1376 527; x_wconf 90' lang='lat' dir='ltr'><strong>cum</strong></span> <span class='ocrx_word' id='word_1_33' title='bbox 1414 467 1841 546; x_wconf 84' lang='lat' dir='ltr'><strong>procedentem</strong></span> <span class='ocrx_word' id='word_1_34' title='bbox 1868 466 2009 528; x_wconf 91' lang='lat' dir='ltr'><strong>inde</strong></span> <span class='ocrx_word' id='word_1_35' title='bbox 2090 468 2218 532; x_wconf 88' lang='lat' dir='ltr'><strong>Non</strong></span> <span class='ocrx_word' id='word_1_36' title='bbox 2250 471 2329 532; x_wconf 90' lang='lat' dir='ltr'><strong>ita</strong></span> <span class='ocrx_word' id='word_1_37' title='bbox 2359 483 2707 551; x_wconf 89' lang='lat' dir='ltr'><strong>peccatores</strong></span> <span class='ocrx_word' id='word_1_38' title='bbox 2741 477 2799 531; x_wconf 93' lang='lat' dir='ltr'><strong>et</strong></span> <span class='ocrx_word' id='word_1_39' title='bbox 2855 470 3171 532; x_wconf 90' lang='lat' dir='ltr'><strong>immundi.</strong></span> <span class='ocrx_word' id='word_1_40' title='bbox 3234 470 3322 532; x_wconf 88' lang='lat' dir='ltr'><strong>Illi</strong></span> <span class='ocrx_word' id='word_1_41' title='bbox 3356 469 3542 533; x_wconf 90' lang='lat' dir='ltr'><strong>enim</strong></span> <span class='ocrx_word' id='word_1_42' title='bbox 3586 483 3806 529; x_wconf 69' lang='lat' dir='ltr'><strong>caeco-</strong></span> 
     </span>
    </p>
   </div>
   <div class='ocr_carea' id='block_1_5' title="bbox 362 552 3805 635">
    <p class='ocr_par' dir='ltr' id='par_1_5' title="bbox 362 552 3805 635">
     <span class='ocr_line' id='line_1_5' title="bbox 362 552 3805 635; baseline -0 -21"><span class='ocrx_word' id='word_1_43' title='bbox 362 552 693 615; x_wconf 88' lang='lat' dir='ltr'><strong>clarilatem</strong></span> <span class='ocrx_word' id='word_1_44' title='bbox 717 560 923 614; x_wconf 89' lang='lat' dir='ltr'><strong>contra</strong></span> <span class='ocrx_word' id='word_1_45' title='bbox 951 553 1219 633; x_wconf 85' lang='lat' dir='ltr'><strong>aspicere</strong></span> <span class='ocrx_word' id='word_1_46' title='bbox 1238 564 1560 635; x_wconf 88' lang='lat' dir='ltr'><strong>nequeant,</strong></span> <span class='ocrx_word' id='word_1_47' title='bbox 1591 556 1804 617; x_wconf 88' lang='lat' dir='ltr'><strong>timore</strong></span> <span class='ocrx_word' id='word_1_48' title='bbox 1824 555 2010 617; x_wconf 83' lang='lat' dir='ltr'><strong>facies</strong></span> <span class='ocrx_word' id='word_1_49' title='bbox 2089 578 2222 620; x_wconf 91' lang='lat' dir='ltr'><strong>rum</strong></span> <span class='ocrx_word' id='word_1_50' title='bbox 2249 568 2307 621; x_wconf 93' lang='lat' dir='ltr'><strong>et</strong></span> <span class='ocrx_word' id='word_1_51' title='bbox 2330 560 2478 621; x_wconf 87' lang='lat' dir='ltr'><strong>nihil</strong></span> <span class='ocrx_word' id='word_1_52' title='bbox 2501 558 2888 621; x_wconf 88' lang='lat' dir='ltr'><strong>sentientium</strong></span> <span class='ocrx_word' id='word_1_53' title='bbox 2911 558 3138 621; x_wconf 86' lang='lat' dir='ltr'><strong>similes</strong></span> <span class='ocrx_word' id='word_1_54' title='bbox 3158 568 3313 623; x_wconf 92' lang='lat' dir='ltr'><strong>sunt.</strong></span> <span class='ocrx_word' id='word_1_55' title='bbox 3340 558 3503 620; x_wconf 87' lang='lat' dir='ltr'><strong>Nam</strong></span> <span class='ocrx_word' id='word_1_56' title='bbox 3535 564 3616 618; x_wconf 88' lang='lat' dir='ltr'><strong>ut</strong></span> <span class='ocrx_word' id='word_1_57' title='bbox 3650 553 3805 616; x_wconf 61' lang='lat' dir='ltr'><strong>caeci</strong></span> 
     </span>
    </p>
   </div>
   <div class='ocr_carea' id='block_1_6' title="bbox 362 641 3807 728">
    <p class='ocr_par' dir='ltr' id='par_1_6' title="bbox 362 641 3807 728">
     <span class='ocr_line' id='line_1_6' title="bbox 362 641 3807 728; baseline 0.001 -27"><span class='ocrx_word' id='word_1_58' title='bbox 362 660 499 703; x_wconf 84' lang='lat' dir='ltr'><strong>suas</strong></span> <span class='ocrx_word' id='word_1_59' title='bbox 527 641 747 718; x_wconf 85' lang='lat' dir='ltr'><strong>velant,</strong></span> <span class='ocrx_word' id='word_1_60' title='bbox 776 649 1133 723; x_wconf 89' lang='lat' dir='ltr'><strong>stuporeque</strong></span> <span class='ocrx_word' id='word_1_61' title='bbox 1147 643 1404 721; x_wconf 89' lang='lat' dir='ltr'><strong>attoniti,</strong></span> <span class='ocrx_word' id='word_1_62' title='bbox 1435 645 1716 723; x_wconf 82' lang='lat' dir='ltr'><strong>hymnum</strong></span> <span class='ocrx_word' id='word_1_63' title='bbox 1743 644 2007 705; x_wconf 90' lang='lat' dir='ltr'><strong>divinum</strong></span> <span class='ocrx_word' id='word_1_64' title='bbox 2091 647 2393 709; x_wconf 91' lang='lat' dir='ltr'><strong>sensibilis</strong></span> <span class='ocrx_word' id='word_1_65' title='bbox 2418 649 2594 728; x_wconf 87' lang='lat' dir='ltr'><strong>hujus</strong></span> <span class='ocrx_word' id='word_1_66' title='bbox 2616 647 2759 708; x_wconf 86' lang='lat' dir='ltr'><strong>solis</strong></span> <span class='ocrx_word' id='word_1_67' title='bbox 2781 647 2983 709; x_wconf 91' lang='lat' dir='ltr'><strong>lumen</strong></span> <span class='ocrx_word' id='word_1_68' title='bbox 3008 648 3241 726; x_wconf 84' lang='lat' dir='ltr'><strong>fulgens</strong></span> <span class='ocrx_word' id='word_1_69' title='bbox 3262 667 3379 709; x_wconf 90' lang='lat' dir='ltr'><strong>non</strong></span> <span class='ocrx_word' id='word_1_70' title='bbox 3406 646 3690 719; x_wconf 86' lang='lat' dir='ltr'><strong>vident,</strong></span> <span class='ocrx_word' id='word_1_71' title='bbox 3718 643 3807 705; x_wconf 85' lang='lat' dir='ltr'><strong>ita</strong></span> 
     </span>
    </p>
   </div>
   <div class='ocr_carea' id='block_1_7' title="bbox 364 731 3805 816">
    <p class='ocr_par' dir='ltr' id='par_1_7' title="bbox 364 731 3805 816">
     <span class='ocr_line' id='line_1_7' title="bbox 364 731 3805 816; baseline -0.001 -22"><span class='ocrx_word' id='word_1_72' title='bbox 364 750 665 814; x_wconf 87' lang='lat' dir='ltr'><strong>nunquam</strong></span> <span class='ocrx_word' id='word_1_73' title='bbox 721 733 1090 796; x_wconf 88' lang='lat' dir='ltr'><strong>conticentes</strong></span> <span class='ocrx_word' id='word_1_74' title='bbox 1162 734 1563 797; x_wconf 86' lang='lat' dir='ltr'><strong>modulantur.</strong></span> <span class='ocrx_word' id='word_1_75' title='bbox 1645 735 2008 798; x_wconf 92' lang='lat' dir='ltr'><strong>Intolerabili</strong></span> <span class='ocrx_word' id='word_1_76' title='bbox 2091 735 2206 816; x_wconf 92' lang='lat' dir='ltr'><strong>ipsi</strong></span> <span class='ocrx_word' id='word_1_77' title='bbox 2235 736 2506 797; x_wconf 89' lang='lat' dir='ltr'><strong>divinum</strong></span> <span class='ocrx_word' id='word_1_78' title='bbox 2543 737 2741 797; x_wconf 91' lang='lat' dir='ltr'><strong>lumen</strong></span> <span class='ocrx_word' id='word_1_79' title='bbox 2775 754 3013 816; x_wconf 86' lang='lat' dir='ltr'><strong>semper</strong></span> <span class='ocrx_word' id='word_1_80' title='bbox 3071 737 3278 800; x_wconf 91' lang='lat' dir='ltr'><strong>lucens</strong></span> <span class='ocrx_word' id='word_1_81' title='bbox 3306 735 3585 797; x_wconf 89' lang='lat' dir='ltr'><strong>minime</strong></span> <span class='ocrx_word' id='word_1_82' title='bbox 3619 731 3805 813; x_wconf 87' lang='lat' dir='ltr'><strong>aspi-</strong></span> 
     </span>
    </p>
   </div>
   <div class='ocr_carea' id='block_1_8' title="bbox 362 824 3182 907">
    <p class='ocr_par' dir='ltr' id='par_1_8' title="bbox 362 824 3182 907">
     <span class='ocr_line' id='line_1_8' title="bbox 362 824 3182 907; baseline 0.001 -23"><span class='ocrx_word' id='word_1_83' title='bbox 362 842 623 904; x_wconf 89' lang='lat' dir='ltr'><strong>namque</strong></span> <span class='ocrx_word' id='word_1_84' title='bbox 645 824 952 904; x_wconf 82' lang='lat' dir='ltr'><strong>majestate</strong></span> <span class='ocrx_word' id='word_1_85' title='bbox 976 824 1255 904; x_wconf 88' lang='lat' dir='ltr'><strong>perculsi,</strong></span> <span class='ocrx_word' id='word_1_86' title='bbox 1272 843 1381 886; x_wconf 91' lang='lat' dir='ltr'><strong>nec</strong></span> <span class='ocrx_word' id='word_1_87' title='bbox 1399 825 1718 906; x_wconf 89' lang='lat' dir='ltr'><strong>concipere</strong></span> <span class='ocrx_word' id='word_1_88' title='bbox 1733 833 2006 907; x_wconf 91' lang='lat' dir='ltr'><strong>possunt,</strong></span> <span class='ocrx_word' id='word_1_89' title='bbox 2093 825 2277 901; x_wconf 88' lang='lat' dir='ltr'><strong>ciunt,</strong></span> <span class='ocrx_word' id='word_1_90' title='bbox 2312 843 2423 887; x_wconf 87' lang='lat' dir='ltr'><strong>nec</strong></span> <span class='ocrx_word' id='word_1_91' title='bbox 2455 825 2711 886; x_wconf 91' lang='lat' dir='ltr'><strong>calorem</strong></span> <span class='ocrx_word' id='word_1_92' title='bbox 2741 826 2870 904; x_wconf 87' lang='lat' dir='ltr'><strong>ejus</strong></span> <span class='ocrx_word' id='word_1_93' title='bbox 2896 826 3182 889; x_wconf 90' lang='lat' dir='ltr'><strong>sentiunt.</strong></span> 
     </span>
    </p>
   </div>
   <div class='ocr_carea' id='block_1_9' title="bbox 365 910 3673 997">
    <p class='ocr_par' dir='ltr' id='par_1_9' title="bbox 365 910 3673 997">
     <span class='ocr_line' id='line_1_9' title="bbox 365 910 3673 997; baseline -0 -22"><span class='ocrx_word' id='word_1_94' title='bbox 365 932 478 977; x_wconf 90' lang='lat' dir='ltr'><strong>nec</strong></span> <span class='ocrx_word' id='word_1_95' title='bbox 504 914 763 993; x_wconf 89' lang='lat' dir='ltr'><strong>cogitare</strong></span> <span class='ocrx_word' id='word_1_96' title='bbox 788 913 891 975; x_wconf 91' lang='lat' dir='ltr'><strong>ubi</strong></span> <span class='ocrx_word' id='word_1_97' title='bbox 920 914 1207 977; x_wconf 90' lang='lat' dir='ltr'><strong>Dominus</strong></span> <span class='ocrx_word' id='word_1_98' title='bbox 1244 916 1359 989; x_wconf 91' lang='lat' dir='ltr'><strong>_sit,</strong></span> <span class='ocrx_word' id='word_1_99' title='bbox 1418 922 1518 977; x_wconf 89' lang='lat' dir='ltr'><strong>aut</strong></span> <span class='ocrx_word' id='word_1_100' title='bbox 1548 916 1737 997; x_wconf 89' lang='lat' dir='ltr'><strong>qualis</strong></span> <span class='ocrx_word' id='word_1_101' title='bbox 1768 916 1863 978; x_wconf 93' lang='lat' dir='ltr'><strong>sit.</strong></span> <span class='ocrx_word' id='word_1_102' title='bbox 1900 915 2008 977; x_wconf 92' lang='lat' dir='ltr'><strong>Et-</strong></span> <span class='ocrx_word' id='word_1_103' title='bbox 2172 913 2293 977; x_wconf 79' lang='lat' dir='ltr'><strong>INT.</strong></span> <span class='ocrx_word' id='word_1_104' title='bbox 2326 912 2476 986; x_wconf 89' lang='lat' dir='ltr'><strong>Quid</strong></span> <span class='ocrx_word' id='word_1_105' title='bbox 2505 932 2644 992; x_wconf 88' lang='lat' dir='ltr'><strong>ergo</strong></span> <span class='ocrx_word' id='word_1_106' title='bbox 2672 915 2853 974; x_wconf 92' lang='lat' dir='ltr'><strong>corde</strong></span> <span class='ocrx_word' id='word_1_107' title='bbox 2883 921 2946 975; x_wconf 88' lang='lat' dir='ltr'><strong>et</strong></span> <span class='ocrx_word' id='word_1_108' title='bbox 2976 913 3177 976; x_wconf 91' lang='lat' dir='ltr'><strong>animo</strong></span> <span class='ocrx_word' id='word_1_109' title='bbox 3213 914 3344 994; x_wconf 85' lang='lat' dir='ltr'><strong>puri</strong></span> <span class='ocrx_word' id='word_1_110' title='bbox 3375 914 3613 976; x_wconf 89' lang='lat' dir='ltr'><strong>vident</strong></span> <span class='ocrx_word' id='word_1_111' title='bbox 3642 910 3673 974; x_wconf 68' lang='grc' dir='ltr'><em>ἲ</em></span> 
     </span>
    </p>
   </div>
   <div class='ocr_carea' id='block_1_10' title="bbox 363 1001 3801 1085">
    <p class='ocr_par' dir='ltr' id='par_1_10' title="bbox 363 1001 3801 1085">
     <span class='ocr_line' id='line_1_10' title="bbox 363 1001 3801 1085; baseline -0.001 -20"><span class='ocrx_word' id='word_1_112' title='bbox 363 1004 519 1065; x_wconf 92' lang='lat' dir='ltr'><strong>enim</strong></span> <span class='ocrx_word' id='word_1_113' title='bbox 555 1004 605 1064; x_wconf 93' lang='lat' dir='ltr'><strong>si</strong></span> <span class='ocrx_word' id='word_1_114' title='bbox 635 1003 837 1064; x_wconf 90' lang='lat' dir='ltr'><strong>oculos</strong></span> <span class='ocrx_word' id='word_1_115' title='bbox 869 1003 930 1063; x_wconf 90' lang='lat' dir='ltr'><strong>in</strong></span> <span class='ocrx_word' id='word_1_116' title='bbox 960 1021 1271 1065; x_wconf 89' lang='lat' dir='ltr'><strong>coruscum</strong></span> <span class='ocrx_word' id='word_1_117' title='bbox 1287 1004 1665 1085; x_wconf 89' lang='lat' dir='ltr'><strong>splendorem</strong></span> <span class='ocrx_word' id='word_1_118' title='bbox 1699 1004 2012 1067; x_wconf 88' lang='lat' dir='ltr'><strong>intendere</strong></span> <span class='ocrx_word' id='word_1_119' title='bbox 2172 1002 2350 1065; x_wconf 75' lang='lat' dir='ltr'><strong>Resp.</strong></span> <span class='ocrx_word' id='word_1_120' title='bbox 2381 1003 2530 1076; x_wconf 85' lang='lat' dir='ltr'><strong>Quia</strong></span> <span class='ocrx_word' id='word_1_121' title='bbox 2554 1004 2712 1064; x_wconf 88' lang='lat' dir='ltr'><strong>Deus</strong></span> <span class='ocrx_word' id='word_1_122' title='bbox 2731 1001 2830 1063; x_wconf 82' lang='lat' dir='ltr'><strong>lux</strong></span> <span class='ocrx_word' id='word_1_123' title='bbox 2853 1010 2965 1083; x_wconf 87' lang='lat' dir='ltr'><strong>est,</strong></span> <span class='ocrx_word' id='word_1_124' title='bbox 3008 1011 3067 1064; x_wconf 89' lang='lat' dir='ltr'><strong>et</strong></span> <span class='ocrx_word' id='word_1_125' title='bbox 3096 1003 3195 1065; x_wconf 83' lang='lat' dir='ltr'><strong>lux</strong></span> <span class='ocrx_word' id='word_1_126' title='bbox 3224 1021 3509 1085; x_wconf 89' lang='lat' dir='ltr'><strong>suprema</strong></span> <span class='ocrx_word' id='word_1_127' title='bbox 3545 1019 3636 1063; x_wconf 87' lang='lat' dir='ltr'><strong>ac</strong></span> <span class='ocrx_word' id='word_1_128' title='bbox 3672 1018 3801 1060; x_wconf 88' lang='lat' dir='ltr'><strong>no-</strong></span> 
     </span>
    </p>
   </div>
   <div class='ocr_carea' id='block_1_11' title="bbox 363 1090 3799 1174">
    <p class='ocr_par' dir='ltr' id='par_1_11' title="bbox 363 1090 3799 1174">
     <span class='ocr_line' id='line_1_11' title="bbox 363 1090 3799 1174; baseline -0.001 -21"><span class='ocrx_word' id='word_1_129' title='bbox 363 1111 481 1154; x_wconf 93' lang='lat' dir='ltr'><strong>non</strong></span> <span class='ocrx_word' id='word_1_130' title='bbox 504 1093 700 1155; x_wconf 90' lang='lat' dir='ltr'><strong>valent</strong></span> <span class='ocrx_word' id='word_1_131' title='bbox 719 1090 1014 1173; x_wconf 85' lang='lat' dir='ltr'><strong>quomodo</strong></span> <span class='ocrx_word' id='word_1_132' title='bbox 1040 1091 1193 1153; x_wconf 92' lang='lat' dir='ltr'><strong>ultro</strong></span> <span class='ocrx_word' id='word_1_133' title='bbox 1210 1092 1799 1172; x_wconf 83' lang='lat' dir='ltr'><strong>curioseinquirant?</strong></span> <span class='ocrx_word' id='word_1_134' title='bbox 1822 1094 2011 1155; x_wconf 91' lang='lat' dir='ltr'><strong>Deum</strong></span> <span class='ocrx_word' id='word_1_135' title='bbox 2094 1091 2404 1173; x_wconf 89' lang='lat' dir='ltr'><strong>bilissima,</strong></span> <span class='ocrx_word' id='word_1_136' title='bbox 2433 1092 2594 1154; x_wconf 93' lang='lat' dir='ltr'><strong>aliud</strong></span> <span class='ocrx_word' id='word_1_137' title='bbox 2622 1092 2770 1152; x_wconf 89' lang='lat' dir='ltr'><strong>nihil</strong></span> <span class='ocrx_word' id='word_1_138' title='bbox 2794 1092 2908 1153; x_wconf 92' lang='lat' dir='ltr'><strong>nisi</strong></span> <span class='ocrx_word' id='word_1_139' title='bbox 2932 1093 3124 1156; x_wconf 89' lang='lat' dir='ltr'><strong>lucem</strong></span> <span class='ocrx_word' id='word_1_140' title='bbox 3163 1094 3385 1168; x_wconf 89' lang='lat' dir='ltr'><strong>vident,</strong></span> <span class='ocrx_word' id='word_1_141' title='bbox 3419 1093 3531 1174; x_wconf 91' lang='lat' dir='ltr'><strong>qui</strong></span> <span class='ocrx_word' id='word_1_142' title='bbox 3568 1093 3799 1171; x_wconf 91' lang='lat' dir='ltr'><strong>ipsum</strong></span> 
     </span>
    </p>
   </div>
   <div class='ocr_carea' id='block_1_12' title="bbox 361 1179 3805 1264">
    <p class='ocr_par' dir='ltr' id='par_1_12' title="bbox 361 1179 3805 1264">
     <span class='ocr_line' id='line_1_12' title="bbox 361 1179 3805 1264; baseline -0.001 -21"><span class='ocrx_word' id='word_1_143' title='bbox 361 1182 542 1262; x_wconf 85' lang='lat' dir='ltr'><strong>igitur</strong></span> <span class='ocrx_word' id='word_1_144' title='bbox 570 1199 726 1255; x_wconf 89' lang='lat' dir='ltr'><strong>esse,</strong></span> <span class='ocrx_word' id='word_1_145' title='bbox 752 1188 810 1243; x_wconf 91' lang='lat' dir='ltr'><strong>et</strong></span> <span class='ocrx_word' id='word_1_146' title='bbox 830 1179 1050 1260; x_wconf 91' lang='lat' dir='ltr'><strong>ubique</strong></span> <span class='ocrx_word' id='word_1_147' title='bbox 1075 1199 1230 1256; x_wconf 90' lang='lat' dir='ltr'><strong>esse,</strong></span> <span class='ocrx_word' id='word_1_148' title='bbox 1264 1190 1324 1243; x_wconf 88' lang='lat' dir='ltr'><strong>et</strong></span> <span class='ocrx_word' id='word_1_149' title='bbox 1372 1182 1624 1262; x_wconf 91' lang='lat' dir='ltr'><strong>implere</strong></span> <span class='ocrx_word' id='word_1_150' title='bbox 1658 1183 1858 1245; x_wconf 90' lang='lat' dir='ltr'><strong>omnia</strong></span> <span class='ocrx_word' id='word_1_151' title='bbox 1886 1191 2011 1244; x_wconf 90' lang='lat' dir='ltr'><strong>tum</strong></span> <span class='ocrx_word' id='word_1_152' title='bbox 2094 1182 2328 1245; x_wconf 73' lang='lat' dir='ltr'><strong>vident:</strong></span> <span class='ocrx_word' id='word_1_153' title='bbox 2354 1182 2509 1263; x_wconf 93' lang='lat' dir='ltr'><strong>quod</strong></span> <span class='ocrx_word' id='word_1_154' title='bbox 2530 1188 2909 1262; x_wconf 85' lang='lat' dir='ltr'><strong>pateteorum</strong></span> <span class='ocrx_word' id='word_1_155' title='bbox 2941 1182 3303 1259; x_wconf 78' lang='lat' dir='ltr'><strong>teSIimonio,</strong></span> <span class='ocrx_word' id='word_1_156' title='bbox 3327 1183 3428 1264; x_wconf 92' lang='lat' dir='ltr'><strong>qui</strong></span> <span class='ocrx_word' id='word_1_157' title='bbox 3468 1182 3805 1243; x_wconf 88' lang='lat' dir='ltr'><strong>viderunt</strong></span> 
     </span>
    </p>
   </div>
   <div class='ocr_carea' id='block_1_13' title="bbox 364 1269 3803 1351">
    <p class='ocr_par' dir='ltr' id='par_1_13' title="bbox 364 1269 3803 1351">
     <span class='ocr_line' id='line_1_13' title="bbox 364 1269 3803 1351; baseline -0.001 -19"><span class='ocrx_word' id='word_1_158' title='bbox 364 1270 581 1350; x_wconf 84' lang='lat' dir='ltr'><strong>angeli,</strong></span> <span class='ocrx_word' id='word_1_159' title='bbox 619 1278 739 1331; x_wconf 92' lang='lat' dir='ltr'><strong>tum</strong></span> <span class='ocrx_word' id='word_1_160' title='bbox 771 1270 981 1344; x_wconf 89' lang='lat' dir='ltr'><strong>sancti,</strong></span> <span class='ocrx_word' id='word_1_161' title='bbox 1007 1270 1107 1350; x_wconf 92' lang='lat' dir='ltr'><strong>qui</strong></span> <span class='ocrx_word' id='word_1_162' title='bbox 1134 1271 1380 1350; x_wconf 87' lang='lat' dir='ltr'><strong>seipsos</strong></span> <span class='ocrx_word' id='word_1_163' title='bbox 1428 1281 1850 1351; x_wconf 77' lang='lat' dir='ltr'><strong>purgaverant,</strong></span> <span class='ocrx_word' id='word_1_164' title='bbox 1890 1279 1950 1333; x_wconf 91' lang='lat' dir='ltr'><strong>et</strong></span> <span class='ocrx_word' id='word_1_165' title='bbox 1979 1289 2013 1332; x_wconf 89' lang='lat' dir='ltr'><strong>a</strong></span> <span class='ocrx_word' id='word_1_166' title='bbox 2094 1272 2304 1334; x_wconf 84' lang='lat' dir='ltr'><strong>faciem</strong></span> <span class='ocrx_word' id='word_1_167' title='bbox 2322 1272 2449 1351; x_wconf 83' lang='lat' dir='ltr'><strong>ejus</strong></span> <span class='ocrx_word' id='word_1_168' title='bbox 2471 1269 3631 1350; x_wconf 85' lang='lat' dir='ltr'><strong>resplendereutsolem,etvestimenta</strong></span> <span class='ocrx_word' id='word_1_169' title='bbox 3647 1269 3803 1348; x_wconf 88' lang='lat' dir='ltr'><strong>ejus</strong></span> 
     </span>
    </p>
   </div>
   <div class='ocr_carea' id='block_1_14' title="bbox 366 1356 3797 1440">
    <p class='ocr_par' dir='ltr' id='par_1_14' title="bbox 366 1356 3797 1440">
     <span class='ocr_line' id='line_1_14' title="bbox 366 1356 3797 1440; baseline -0.002 -18"><span class='ocrx_word' id='word_1_170' title='bbox 366 1360 564 1422; x_wconf 91' lang='lat' dir='ltr'><strong>divino</strong></span> <span class='ocrx_word' id='word_1_171' title='bbox 586 1357 806 1439; x_wconf 86' lang='lat' dir='ltr'><strong>Spiritu</strong></span> <span class='ocrx_word' id='word_1_172' title='bbox 830 1358 1148 1420; x_wconf 91' lang='lat' dir='ltr'><strong>illuminati</strong></span> <span class='ocrx_word' id='word_1_173' title='bbox 1169 1359 1561 1440; x_wconf 90' lang='lat' dir='ltr'><strong>illustratique</strong></span> <span class='ocrx_word' id='word_1_174' title='bbox 1582 1368 1741 1436; x_wconf 88' lang='lat' dir='ltr'><strong>sunt,</strong></span> <span class='ocrx_word' id='word_1_175' title='bbox 1776 1360 2006 1422; x_wconf 89' lang='lat' dir='ltr'><strong>sciunt:</strong></span> <span class='ocrx_word' id='word_1_176' title='bbox 2094 1360 2227 1422; x_wconf 88' lang='lat' dir='ltr'><strong>alba</strong></span> <span class='ocrx_word' id='word_1_177' title='bbox 2247 1359 2400 1421; x_wconf 90' lang='lat' dir='ltr'><strong>facta</strong></span> <span class='ocrx_word' id='word_1_178' title='bbox 2421 1367 2484 1419; x_wconf 90' lang='lat' dir='ltr'><strong>ut</strong></span> <span class='ocrx_word' id='word_1_179' title='bbox 2512 1358 2707 1419; x_wconf 88' lang='lat' dir='ltr'><strong>nivem</strong></span> <span class='ocrx_word' id='word_1_180' title='bbox 2726 1360 2778 1420; x_wconf 81' lang='lat'><strong>5.</strong></span> <span class='ocrx_word' id='word_1_181' title='bbox 2806 1358 2876 1419; x_wconf 92' lang='lat' dir='ltr'><strong>Et</strong></span> <span class='ocrx_word' id='word_1_182' title='bbox 2898 1359 3245 1421; x_wconf 89' lang='lat' dir='ltr'><strong>testimonio</strong></span> <span class='ocrx_word' id='word_1_183' title='bbox 3269 1360 3439 1423; x_wconf 88' lang='lat' dir='ltr'><strong>Pauli</strong></span> <span class='ocrx_word' id='word_1_184' title='bbox 3465 1356 3797 1439; x_wconf 85' lang='lat' dir='ltr'><strong>apostoli,</strong></span> 
     </span>
    </p>
   </div>
   <div class='ocr_carea' id='block_1_15' title="bbox 366 1446 3799 1531">
    <p class='ocr_par' dir='ltr' id='par_1_15' title="bbox 366 1446 3799 1531">
     <span class='ocr_line' id='line_1_15' title="bbox 366 1446 3799 1531; baseline -0.001 -21"><span class='ocrx_word' id='word_1_185' title='bbox 366 1448 472 1511; x_wconf 91' lang='lat' dir='ltr'><strong>ubi</strong></span> <span class='ocrx_word' id='word_1_186' title='bbox 502 1457 720 1524; x_wconf 87' lang='lat' dir='ltr'><strong>autem,</strong></span> <span class='ocrx_word' id='word_1_187' title='bbox 750 1455 853 1509; x_wconf 90' lang='lat' dir='ltr'><strong>aut</strong></span> <span class='ocrx_word' id='word_1_188' title='bbox 877 1446 1195 1527; x_wconf 89' lang='lat' dir='ltr'><strong>quomodo,</strong></span> <span class='ocrx_word' id='word_1_189' title='bbox 1222 1456 1324 1509; x_wconf 90' lang='lat' dir='ltr'><strong>aut</strong></span> <span class='ocrx_word' id='word_1_190' title='bbox 1343 1449 1535 1529; x_wconf 83' lang='lat' dir='ltr'><strong>qualis</strong></span> <span class='ocrx_word' id='word_1_191' title='bbox 1554 1449 1651 1525; x_wconf 86' lang='lat' dir='ltr'><strong>sit,</strong></span> <span class='ocrx_word' id='word_1_192' title='bbox 1688 1468 1867 1511; x_wconf 90' lang='lat' dir='ltr'><strong>nemo</strong></span> <span class='ocrx_word' id='word_1_193' title='bbox 1890 1468 2014 1510; x_wconf 91' lang='lat' dir='ltr'><strong>om-</strong></span> <span class='ocrx_word' id='word_1_194' title='bbox 2096 1450 2197 1531; x_wconf 88' lang='lat' dir='ltr'><strong>qui</strong></span> <span class='ocrx_word' id='word_1_195' title='bbox 2219 1453 2402 1511; x_wconf 89' lang='lat' dir='ltr'><strong>Deum</strong></span> <span class='ocrx_word' id='word_1_196' title='bbox 2439 1449 2635 1509; x_wconf 89' lang='lat' dir='ltr'><strong>lucem</strong></span> <span class='ocrx_word' id='word_1_197' title='bbox 2677 1447 2840 1527; x_wconf 86' lang='lat' dir='ltr'><strong>vidit,</strong></span> <span class='ocrx_word' id='word_1_198' title='bbox 2890 1457 3065 1528; x_wconf 89' lang='lat' dir='ltr'><strong>atque</strong></span> <span class='ocrx_word' id='word_1_199' title='bbox 3113 1449 3187 1511; x_wconf 90' lang='lat' dir='ltr'><strong>ad</strong></span> <span class='ocrx_word' id='word_1_200' title='bbox 3221 1451 3349 1529; x_wconf 92' lang='lat' dir='ltr'><strong>ejus</strong></span> <span class='ocrx_word' id='word_1_201' title='bbox 3378 1449 3799 1527; x_wconf 86' lang='lat' dir='ltr'><strong>agnitionem</strong></span> 
     </span>
    </p>
   </div>
   <div class='ocr_carea' id='block_1_16' title="bbox 366 1534 3454 1618">
    <p class='ocr_par' dir='ltr' id='par_1_16' title="bbox 366 1534 3454 1618">
     <span class='ocr_line' id='line_1_16' title="bbox 366 1534 3454 1618; baseline 0.001 -19"><span class='ocrx_word' id='word_1_202' title='bbox 366 1539 532 1599; x_wconf 91' lang='lat' dir='ltr'><strong>nium</strong></span> <span class='ocrx_word' id='word_1_203' title='bbox 564 1536 900 1615; x_wconf 77' lang='lat' dir='ltr'><strong>cognoscit:</strong></span> <span class='ocrx_word' id='word_1_204' title='bbox 945 1535 1050 1597; x_wconf 90' lang='lat' dir='ltr'><strong>sed</strong></span> <span class='ocrx_word' id='word_1_205' title='bbox 1079 1534 1251 1596; x_wconf 85' lang='lat' dir='ltr'><strong>Pater</strong></span> <span class='ocrx_word' id='word_1_206' title='bbox 1279 1537 1442 1597; x_wconf 89' lang='lat' dir='ltr'><strong>novit</strong></span> <span class='ocrx_word' id='word_1_207' title='bbox 1471 1536 1708 1618; x_wconf 92' lang='lat' dir='ltr'><strong>Filium,</strong></span> <span class='ocrx_word' id='word_1_208' title='bbox 1743 1546 1802 1599; x_wconf 93' lang='lat' dir='ltr'><strong>et</strong></span> <span class='ocrx_word' id='word_1_209' title='bbox 1828 1537 2013 1600; x_wconf 87' lang='lat' dir='ltr'><strong>Filius</strong></span> <span class='ocrx_word' id='word_1_210' title='bbox 2096 1556 2417 1601; x_wconf 87' lang='lat' dir='ltr'><strong>conversus</strong></span> <span class='ocrx_word' id='word_1_211' title='bbox 2442 1544 2530 1598; x_wconf 86' lang='lat' dir='ltr'><strong>est</strong></span> <span class='ocrx_word' id='word_1_212' title='bbox 2555 1536 2587 1584; x_wconf 83' lang='grc'><strong>6</strong></span> <span class='ocrx_word' id='word_1_213' title='bbox 2624 1558 2639 1611; x_wconf 86' lang='grc'>;</span> <span class='ocrx_word' id='word_1_214' title='bbox 2666 1544 2725 1597; x_wconf 90' lang='lat' dir='ltr'><strong>et</strong></span> <span class='ocrx_word' id='word_1_215' title='bbox 2754 1555 2823 1597; x_wconf 86' lang='lat' dir='ltr'><strong>ex</strong></span> <span class='ocrx_word' id='word_1_216' title='bbox 2855 1536 2985 1597; x_wconf 88' lang='lat' dir='ltr'><strong>aliis</strong></span> <span class='ocrx_word' id='word_1_217' title='bbox 3019 1539 3181 1600; x_wconf 91' lang='lat' dir='ltr'><strong>mille</strong></span> <span class='ocrx_word' id='word_1_218' title='bbox 3214 1540 3454 1604; x_wconf 88' lang='lat' dir='ltr'><strong>sanctis.</strong></span> 
     </span>
    </p>
   </div>
   <div class='ocr_carea' id='block_1_17' title="bbox 363 1624 3796 1709">
    <p class='ocr_par' dir='ltr' id='par_1_17' title="bbox 363 1624 3796 1709">
     <span class='ocr_line' id='line_1_17' title="bbox 363 1624 3796 1709; baseline -0.001 -20"><span class='ocrx_word' id='word_1_219' title='bbox 363 1630 622 1700; x_wconf 83' lang='lat' dir='ltr'><strong>Patrem,</strong></span> <span class='ocrx_word' id='word_1_220' title='bbox 649 1633 707 1687; x_wconf 90' lang='lat' dir='ltr'><strong>et</strong></span> <span class='ocrx_word' id='word_1_221' title='bbox 729 1624 983 1705; x_wconf 90' lang='lat' dir='ltr'><strong>Spiritus</strong></span> <span class='ocrx_word' id='word_1_222' title='bbox 1006 1632 1243 1686; x_wconf 85' lang='lat' dir='ltr'><strong>sanctus</strong></span> <span class='ocrx_word' id='word_1_223' title='bbox 1260 1628 1519 1702; x_wconf 89' lang='lat' dir='ltr'><strong>Patrem,</strong></span> <span class='ocrx_word' id='word_1_224' title='bbox 1557 1634 1616 1687; x_wconf 92' lang='lat' dir='ltr'><strong>et</strong></span> <span class='ocrx_word' id='word_1_225' title='bbox 1644 1625 1879 1709; x_wconf 86' lang='lat' dir='ltr'><strong>Filium,</strong></span> <span class='ocrx_word' id='word_1_226' title='bbox 1915 1636 2006 1690; x_wconf 79' lang='lat' dir='ltr'><strong>ut—</strong></span> <span class='ocrx_word' id='word_1_227' title='bbox 2028 1640 2066 1690; x_wconf 84' lang='grc' dir='ltr'>Β</span> <span class='ocrx_word' id='word_1_228' title='bbox 2168 1627 2288 1690; x_wconf 72' lang='grc' dir='ltr'>ΙΝΤ.</span> <span class='ocrx_word' id='word_1_229' title='bbox 2322 1630 2440 1690; x_wconf 86' lang='lat' dir='ltr'><strong>Cur</strong></span> <span class='ocrx_word' id='word_1_230' title='bbox 2467 1626 2666 1705; x_wconf 81' lang='lat' dir='ltr'><strong>igitur,</strong></span> <span class='ocrx_word' id='word_1_231' title='bbox 2700 1644 2836 1687; x_wconf 91' lang='lat' dir='ltr'><strong>cum</strong></span> <span class='ocrx_word' id='word_1_232' title='bbox 2870 1625 2945 1687; x_wconf 88' lang='lat' dir='ltr'><strong>sit</strong></span> <span class='ocrx_word' id='word_1_233' title='bbox 2978 1634 3199 1690; x_wconf 64' lang='lat' dir='ltr'><strong>aeterna</strong></span> <span class='ocrx_word' id='word_1_234' title='bbox 3230 1628 3326 1689; x_wconf 82' lang='lat' dir='ltr'><strong>lux</strong></span> <span class='ocrx_word' id='word_1_235' title='bbox 3357 1629 3539 1704; x_wconf 90' lang='lat' dir='ltr'><strong>Deus,</strong></span> <span class='ocrx_word' id='word_1_236' title='bbox 3582 1644 3796 1688; x_wconf 88' lang='lat' dir='ltr'><strong>sem-</strong></span> 
     </span>
    </p>
   </div>
   <div class='ocr_carea' id='block_1_18' title="bbox 364 1712 3461 1797">
    <p class='ocr_par' dir='ltr' id='par_1_18' title="bbox 364 1712 3461 1797">
     <span class='ocr_line' id='line_1_18' title="bbox 364 1712 3461 1797; baseline -0.001 -20"><span class='ocrx_word' id='word_1_237' title='bbox 364 1724 501 1797; x_wconf 91' lang='lat' dir='ltr'><strong>pote</strong></span> <span class='ocrx_word' id='word_1_238' title='bbox 523 1715 641 1777; x_wconf 91' lang='lat' dir='ltr'><strong>illis</strong></span> <span class='ocrx_word' id='word_1_239' title='bbox 673 1713 1192 1775; x_wconf 67' lang='lat' dir='ltr'><strong>consubstantialis</strong></span> <span class='ocrx_word' id='word_1_240' title='bbox 1254 1723 1312 1776; x_wconf 92' lang='lat' dir='ltr'><strong>et</strong></span> <span class='ocrx_word' id='word_1_241' title='bbox 1369 1724 1719 1778; x_wconf 65' lang='lat' dir='ltr'><strong>coaeternus.</strong></span> <span class='ocrx_word' id='word_1_242' title='bbox 1753 1715 1891 1776; x_wconf 62' lang='lat' dir='ltr'><strong>Haec</strong></span> <span class='ocrx_word' id='word_1_243' title='bbox 1920 1715 2006 1777; x_wconf 92' lang='lat' dir='ltr'><strong>si-</strong></span> <span class='ocrx_word' id='word_1_244' title='bbox 2088 1732 2313 1797; x_wconf 90' lang='lat' dir='ltr'><strong>perque</strong></span> <span class='ocrx_word' id='word_1_245' title='bbox 2340 1713 2554 1788; x_wconf 89' lang='lat' dir='ltr'><strong>luceat,</strong></span> <span class='ocrx_word' id='word_1_246' title='bbox 2589 1732 2707 1774; x_wconf 92' lang='lat' dir='ltr'><strong>non</strong></span> <span class='ocrx_word' id='word_1_247' title='bbox 2737 1712 2986 1774; x_wconf 88' lang='lat' dir='ltr'><strong>videtur</strong></span> <span class='ocrx_word' id='word_1_248' title='bbox 3017 1714 3092 1776; x_wconf 91' lang='lat' dir='ltr'><strong>ab</strong></span> <span class='ocrx_word' id='word_1_249' title='bbox 3124 1714 3402 1776; x_wconf 90' lang='lat' dir='ltr'><strong>omnibus</strong></span> <span class='ocrx_word' id='word_1_250' title='bbox 3430 1714 3461 1773; x_wconf 79' lang='lat' dir='ltr'><strong>‘I</strong></span> 
     </span>
    </p>
   </div>
   <div class='ocr_carea' id='block_1_19' title="bbox 364 1800 3793 1886">
    <p class='ocr_par' dir='ltr' id='par_1_19' title="bbox 364 1800 3793 1886">
     <span class='ocr_line' id='line_1_19' title="bbox 364 1800 3793 1886; baseline -0 -20"><span class='ocrx_word' id='word_1_251' title='bbox 364 1804 606 1886; x_wconf 89' lang='lat' dir='ltr'><strong>quidem</strong></span> <span class='ocrx_word' id='word_1_252' title='bbox 632 1803 890 1864; x_wconf 91' lang='lat' dir='ltr'><strong>triacum</strong></span> <span class='ocrx_word' id='word_1_253' title='bbox 910 1821 1094 1864; x_wconf 90' lang='lat' dir='ltr'><strong>unum</strong></span> <span class='ocrx_word' id='word_1_254' title='bbox 1125 1803 1263 1880; x_wconf 90' lang='lat' dir='ltr'><strong>sint,</strong></span> <span class='ocrx_word' id='word_1_255' title='bbox 1292 1810 1350 1865; x_wconf 91' lang='lat' dir='ltr'><strong>et</strong></span> <span class='ocrx_word' id='word_1_256' title='bbox 1370 1810 1736 1881; x_wconf 89' lang='lat' dir='ltr'><strong>cognoscunt</strong></span> <span class='ocrx_word' id='word_1_257' title='bbox 1764 1822 1829 1865; x_wconf 89' lang='lat' dir='ltr'><strong>se</strong></span> <span class='ocrx_word' id='word_1_258' title='bbox 1853 1804 2001 1884; x_wconf 84' lang='lat' dir='ltr'><strong>ipsa,</strong></span> <span class='ocrx_word' id='word_1_259' title='bbox 2169 1803 2349 1865; x_wconf 81' lang='lat' dir='ltr'><strong>REsr.</strong></span> <span class='ocrx_word' id='word_1_260' title='bbox 2383 1800 2673 1873; x_wconf 86' lang='lat' dir='ltr'><strong>Quoniam</strong></span> <span class='ocrx_word' id='word_1_261' title='bbox 2729 1820 2763 1862; x_wconf 93' lang='lat' dir='ltr'><strong>a</strong></span> <span class='ocrx_word' id='word_1_262' title='bbox 2816 1801 3116 1883; x_wconf 88' lang='lat' dir='ltr'><strong>principio</strong></span> <span class='ocrx_word' id='word_1_263' title='bbox 3169 1804 3248 1865; x_wconf 87' lang='lat' dir='ltr'><strong>ita</strong></span> <span class='ocrx_word' id='word_1_264' title='bbox 3303 1823 3430 1865; x_wconf 90' lang='lat' dir='ltr'><strong>rem</strong></span> <span class='ocrx_word' id='word_1_265' title='bbox 3490 1800 3793 1865; x_wconf 87' lang='lat' dir='ltr'><strong>instituit</strong></span> 
     </span>
    </p>
   </div>
   <div class='ocr_carea' id='block_1_20' title="bbox 365 1888 3788 1973">
    <p class='ocr_par' dir='ltr' id='par_1_20' title="bbox 365 1888 3788 1973">
     <span class='ocr_line' id='line_1_20' title="bbox 365 1888 3788 1973; baseline -0.002 -17"><span class='ocrx_word' id='word_1_266' title='bbox 365 1903 427 1956; x_wconf 90' lang='lat' dir='ltr'><strong>et</strong></span> <span class='ocrx_word' id='word_1_267' title='bbox 456 1901 895 1971; x_wconf 82' lang='lat' dir='ltr'><strong>cognoscuntur</strong></span> <span class='ocrx_word' id='word_1_268' title='bbox 924 1891 1204 1968; x_wconf 88' lang='lat' dir='ltr'><strong>invicem,</strong></span> <span class='ocrx_word' id='word_1_269' title='bbox 1240 1892 1395 1973; x_wconf 90' lang='lat' dir='ltr'><strong>quod</strong></span> <span class='ocrx_word' id='word_1_270' title='bbox 1430 1891 1559 1972; x_wconf 91' lang='lat' dir='ltr'><strong>ipse</strong></span> <span class='ocrx_word' id='word_1_271' title='bbox 1590 1900 1797 1954; x_wconf 90' lang='lat' dir='ltr'><strong>natura</strong></span> <span class='ocrx_word' id='word_1_272' title='bbox 1826 1892 2003 1968; x_wconf 89' lang='lat' dir='ltr'><strong>Deus,</strong></span> <span class='ocrx_word' id='word_1_273' title='bbox 2088 1892 2267 1965; x_wconf 88' lang='lat' dir='ltr'><strong>Deus,</strong></span> <span class='ocrx_word' id='word_1_274' title='bbox 2298 1898 2363 1952; x_wconf 93' lang='lat' dir='ltr'><strong>ut</strong></span> <span class='ocrx_word' id='word_1_275' title='bbox 2384 1890 2604 1951; x_wconf 91' lang='lat' dir='ltr'><strong>nullam</strong></span> <span class='ocrx_word' id='word_1_276' title='bbox 2637 1888 2929 1951; x_wconf 86' lang='lat' dir='ltr'><strong>haberent</strong></span> <span class='ocrx_word' id='word_1_277' title='bbox 2968 1892 3451 1953; x_wconf 89' lang='lat' dir='ltr'><strong>communionem</strong></span> <span class='ocrx_word' id='word_1_278' title='bbox 3481 1891 3788 1954; x_wconf 67' lang='lat' dir='ltr'><strong>tenebrae</strong></span> 
     </span>
    </p>
   </div>
   <div class='ocr_carea' id='block_1_21' title="bbox 366 1978 3782 2063">
    <p class='ocr_par' dir='ltr' id='par_1_21' title="bbox 366 1978 3782 2063">
     <span class='ocr_line' id='line_1_21' title="bbox 366 1978 3782 2063; baseline -0.002 -18"><span class='ocrx_word' id='word_1_279' title='bbox 366 1981 549 2046; x_wconf 89' lang='lat' dir='ltr'><strong>etDei</strong></span> <span class='ocrx_word' id='word_1_280' title='bbox 568 1980 751 2043; x_wconf 89' lang='lat' dir='ltr'><strong>Filius</strong></span> <span class='ocrx_word' id='word_1_281' title='bbox 778 1980 1067 2061; x_wconf 86' lang='lat' dir='ltr'><strong>prodidit:</strong></span> <span class='ocrx_word' id='word_1_282' title='bbox 1092 1981 1466 2043; x_wconf 86' lang='lat' dir='ltr'><strong>Nemonovit</strong></span> <span class='ocrx_word' id='word_1_283' title='bbox 1482 1980 1761 2063; x_wconf 87' lang='lat' dir='ltr'><strong>Patrem,</strong></span> <span class='ocrx_word' id='word_1_284' title='bbox 1792 1981 2004 2063; x_wconf 92' lang='lat' dir='ltr'><strong>inquit,</strong></span> <span class='ocrx_word' id='word_1_285' title='bbox 2091 2000 2223 2043; x_wconf 91' lang='lat' dir='ltr'><strong>cum</strong></span> <span class='ocrx_word' id='word_1_286' title='bbox 2255 1979 2500 2052; x_wconf 90' lang='lat' dir='ltr'><strong>lumine,</strong></span> <span class='ocrx_word' id='word_1_287' title='bbox 2536 1996 2649 2039; x_wconf 90' lang='lat' dir='ltr'><strong>nec</strong></span> <span class='ocrx_word' id='word_1_288' title='bbox 2680 1978 2955 2058; x_wconf 90' lang='lat' dir='ltr'><strong>impurus</strong></span> <span class='ocrx_word' id='word_1_289' title='bbox 3014 1987 3073 2040; x_wconf 90' lang='lat' dir='ltr'><strong>et</strong></span> <span class='ocrx_word' id='word_1_290' title='bbox 3124 1981 3400 2061; x_wconf 91' lang='lat' dir='ltr'><strong>profanus</strong></span> <span class='ocrx_word' id='word_1_291' title='bbox 3429 2000 3563 2042; x_wconf 90' lang='lat' dir='ltr'><strong>cum</strong></span> <span class='ocrx_word' id='word_1_292' title='bbox 3600 1998 3782 2061; x_wconf 83' lang='lat' dir='ltr'><strong>puro</strong></span> 
     </span>
    </p>
   </div>
   <div class='ocr_carea' id='block_1_22' title="bbox 362 2065 3784 2148">
    <p class='ocr_par' dir='ltr' id='par_1_22' title="bbox 362 2065 3784 2148">
     <span class='ocr_line' id='line_1_22' title="bbox 362 2065 3784 2148; baseline -0.002 -14"><span class='ocrx_word' id='word_1_293' title='bbox 362 2070 839 2145; x_wconf 82' lang='lat' dir='ltr'><strong>nisiFilius,nec</strong></span> <span class='ocrx_word' id='word_1_294' title='bbox 874 2069 1101 2132; x_wconf 82' lang='lat' dir='ltr'><strong>Filium</strong></span> <span class='ocrx_word' id='word_1_295' title='bbox 1140 2071 1273 2148; x_wconf 83' lang='lat' dir='ltr'><strong>quis</strong></span> <span class='ocrx_word' id='word_1_296' title='bbox 1298 2070 1490 2145; x_wconf 86' lang='lat' dir='ltr'><strong>novit,</strong></span> <span class='ocrx_word' id='word_1_297' title='bbox 1511 2072 1635 2131; x_wconf 78' lang='lat' dir='ltr'><strong>nisi</strong></span> <span class='ocrx_word' id='word_1_298' title='bbox 1654 2070 1841 2132; x_wconf 83' lang='lat' dir='ltr'><strong>Pater</strong></span> <span class='ocrx_word' id='word_1_299' title='bbox 1860 2071 1906 2133; x_wconf 75' lang='grc' dir='ltr'><strong>ί.</strong></span> <span class='ocrx_word' id='word_1_300' title='bbox 1941 2069 2010 2130; x_wconf 90' lang='lat' dir='ltr'><strong>Et</strong></span> <span class='ocrx_word' id='word_1_301' title='bbox 2091 2075 2149 2131; x_wconf 90' lang='lat' dir='ltr'><strong>et</strong></span> <span class='ocrx_word' id='word_1_302' title='bbox 2178 2066 2406 2129; x_wconf 85' lang='lat' dir='ltr'><strong>sancto.</strong></span> <span class='ocrx_word' id='word_1_303' title='bbox 2440 2065 2755 2140; x_wconf 88' lang='lat' dir='ltr'><strong>Quocirca,</strong></span> <span class='ocrx_word' id='word_1_304' title='bbox 2781 2066 2961 2128; x_wconf 89' lang='lat' dir='ltr'><strong>etiam</strong></span> <span class='ocrx_word' id='word_1_305' title='bbox 2994 2068 3159 2129; x_wconf 91' lang='lat' dir='ltr'><strong>velut</strong></span> <span class='ocrx_word' id='word_1_306' title='bbox 3194 2088 3438 2148; x_wconf 89' lang='lat' dir='ltr'><strong>magnus</strong></span> <span class='ocrx_word' id='word_1_307' title='bbox 3471 2070 3680 2130; x_wconf 90' lang='lat' dir='ltr'><strong>hiatus</strong></span> <span class='ocrx_word' id='word_1_308' title='bbox 3711 2075 3784 2129; x_wconf 88' lang='lat' dir='ltr'><strong>et</strong></span> 
     </span>
    </p>
   </div>
   <div class='ocr_carea' id='block_1_23' title="bbox 362 2155 3773 2240">
    <p class='ocr_par' dir='ltr' id='par_1_23' title="bbox 362 2155 3773 2240">
     <span class='ocr_line' id='line_1_23' title="bbox 362 2155 3773 2240; baseline -0.001 -17"><span class='ocrx_word' id='word_1_309' title='bbox 362 2176 599 2223; x_wconf 91' lang='lat' dir='ltr'><strong>rursum</strong></span> <span class='ocrx_word' id='word_1_310' title='bbox 632 2157 977 2239; x_wconf 88' lang='lat' dir='ltr'><strong>Apostolus:</strong></span> <span class='ocrx_word' id='word_1_311' title='bbox 1026 2157 1179 2233; x_wconf 85' lang='lat' dir='ltr'><strong>Quis</strong></span> <span class='ocrx_word' id='word_1_312' title='bbox 1201 2160 1365 2219; x_wconf 81' lang='lat' dir='ltr'><strong>enim</strong></span> <span class='ocrx_word' id='word_1_313' title='bbox 1394 2159 1707 2221; x_wconf 81' lang='lat' dir='ltr'><strong>hominum</strong></span> <span class='ocrx_word' id='word_1_314' title='bbox 1734 2160 1844 2222; x_wconf 88' lang='lat' dir='ltr'><strong>scit</strong></span> <span class='ocrx_word' id='word_1_315' title='bbox 1872 2176 2002 2238; x_wconf 69' lang='lat' dir='ltr'><strong>qua:</strong></span> <span class='ocrx_word' id='word_1_316' title='bbox 2088 2175 2314 2237; x_wconf 89' lang='lat' dir='ltr'><strong>murus,</strong></span> <span class='ocrx_word' id='word_1_317' title='bbox 2340 2164 2580 2237; x_wconf 87' lang='lat' dir='ltr'><strong>peccata</strong></span> <span class='ocrx_word' id='word_1_318' title='bbox 2603 2166 2801 2216; x_wconf 81' lang='lat' dir='ltr'><strong>nostra</strong></span> <span class='ocrx_word' id='word_1_319' title='bbox 2822 2174 2856 2215; x_wconf 88' lang='lat' dir='ltr'><strong>a</strong></span> <span class='ocrx_word' id='word_1_320' title='bbox 2877 2155 2997 2216; x_wconf 91' lang='lat' dir='ltr'><strong>Deo</strong></span> <span class='ocrx_word' id='word_1_321' title='bbox 3031 2175 3138 2219; x_wconf 92' lang='lat' dir='ltr'><strong>nos</strong></span> <span class='ocrx_word' id='word_1_322' title='bbox 3174 2166 3461 2238; x_wconf 89' lang='lat' dir='ltr'><strong>separant</strong></span> <span class='ocrx_word' id='word_1_323' title='bbox 3482 2158 3512 2207; x_wconf 91' lang='lat'><strong>7</strong></span> <span class='ocrx_word' id='word_1_324' title='bbox 3545 2179 3560 2240; x_wconf 86' lang='lat'><strong>;</strong></span> <span class='ocrx_word' id='word_1_325' title='bbox 3595 2175 3773 2238; x_wconf 58' lang='lat' dir='ltr'><strong>praec</strong></span> 
     </span>
    </p>
   </div>
   <div class='ocr_carea' id='block_1_24' title="bbox 362 2245 3773 2329">
    <p class='ocr_par' dir='ltr' id='par_1_24' title="bbox 362 2245 3773 2329">
     <span class='ocr_line' id='line_1_24' title="bbox 362 2245 3773 2329; baseline -0.001 -18"><span class='ocrx_word' id='word_1_326' title='bbox 362 2248 807 2321; x_wconf 77' lang='lat' dir='ltr'><strong>sunthominis,</strong></span> <span class='ocrx_word' id='word_1_327' title='bbox 821 2248 1207 2327; x_wconf 82' lang='lat' dir='ltr'><strong>nisispiritus</strong></span> <span class='ocrx_word' id='word_1_328' title='bbox 1220 2245 1486 2309; x_wconf 81' lang='lat' dir='ltr'><strong>hominis</strong></span> <span class='ocrx_word' id='word_1_329' title='bbox 1502 2248 1681 2326; x_wconf 85' lang='lat' dir='ltr'><strong>quiin</strong></span> <span class='ocrx_word' id='word_1_330' title='bbox 1697 2247 1999 2329; x_wconf 65' lang='lat' dir='ltr'><strong>ipsoesﬂ?</strong></span> <span class='ocrx_word' id='word_1_331' title='bbox 2086 2247 2259 2327; x_wconf 89' lang='lat' dir='ltr'><strong>cipue</strong></span> <span class='ocrx_word' id='word_1_332' title='bbox 2290 2245 2675 2324; x_wconf 82' lang='lat' dir='ltr'><strong>cogitationes</strong></span> <span class='ocrx_word' id='word_1_333' title='bbox 2696 2262 3016 2327; x_wconf 66' lang='lat' dir='ltr'><strong>perversae,</strong></span> <span class='ocrx_word' id='word_1_334' title='bbox 3047 2254 3105 2307; x_wconf 93' lang='lat' dir='ltr'><strong>et</strong></span> <span class='ocrx_word' id='word_1_335' title='bbox 3128 2247 3621 2310; x_wconf 88' lang='lat' dir='ltr'><strong>ratiocinationes</strong></span> <span class='ocrx_word' id='word_1_336' title='bbox 3652 2265 3773 2307; x_wconf 86' lang='lat' dir='ltr'><strong>va-</strong></span> 
     </span>
    </p>
   </div>
   <div class='ocr_carea' id='block_1_25' title="bbox 362 2333 3764 2418">
    <p class='ocr_par' dir='ltr' id='par_1_25' title="bbox 362 2333 3764 2418">
     <span class='ocr_line' id='line_1_25' title="bbox 362 2333 3764 2418; baseline -0.001 -17"><span class='ocrx_word' id='word_1_337' title='bbox 362 2339 450 2401; x_wconf 85' lang='lat' dir='ltr'><strong>sic</strong></span> <span class='ocrx_word' id='word_1_338' title='bbox 470 2356 599 2418; x_wconf 74' lang='lat' dir='ltr'><strong>qum</strong></span> <span class='ocrx_word' id='word_1_339' title='bbox 620 2336 733 2399; x_wconf 87' lang='lat' dir='ltr'><strong>Dei</strong></span> <span class='ocrx_word' id='word_1_340' title='bbox 752 2344 897 2397; x_wconf 84' lang='lat' dir='ltr'><strong>sunt</strong></span> <span class='ocrx_word' id='word_1_341' title='bbox 917 2353 1025 2397; x_wconf 85' lang='lat' dir='ltr'><strong>seu</strong></span> <span class='ocrx_word' id='word_1_342' title='bbox 1044 2336 1274 2412; x_wconf 86' lang='lat' dir='ltr'><strong>divina,</strong></span> <span class='ocrx_word' id='word_1_343' title='bbox 1301 2342 1523 2417; x_wconf 64' lang='lat' dir='ltr'><strong>praeter</strong></span> <span class='ocrx_word' id='word_1_344' title='bbox 1559 2335 2002 2417; x_wconf 80' lang='lat' dir='ltr'><strong>SpiritumDei</strong></span> <span class='ocrx_word' id='word_1_345' title='bbox 2086 2354 2179 2397; x_wconf 82' lang='lat' dir='ltr'><strong>nae</strong></span> <span class='ocrx_word' id='word_1_346' title='bbox 2233 2345 2408 2415; x_wconf 88' lang='lat' dir='ltr'><strong>atque</strong></span> <span class='ocrx_word' id='word_1_347' title='bbox 2456 2333 2693 2395; x_wconf 83' lang='lat' dir='ltr'><strong>inutiles</strong></span> <span class='ocrx_word' id='word_1_348' title='bbox 2748 2333 2919 2411; x_wconf 89' lang='lat' dir='ltr'><strong>quasi</strong></span> <span class='ocrx_word' id='word_1_349' title='bbox 2983 2353 3188 2397; x_wconf 89' lang='lat' dir='ltr'><strong>murus</strong></span> <span class='ocrx_word' id='word_1_350' title='bbox 3245 2337 3513 2397; x_wconf 82' lang='lat' dir='ltr'><strong>excelsus</strong></span> <span class='ocrx_word' id='word_1_351' title='bbox 3569 2335 3764 2399; x_wconf 89' lang='lat' dir='ltr'><strong>nobis</strong></span> 
     </span>
    </p>
   </div>
   <div class='ocr_carea' id='block_1_26' title="bbox 362 2422 3757 2506">
    <p class='ocr_par' dir='ltr' id='par_1_26' title="bbox 362 2422 3757 2506">
     <span class='ocr_line' id='line_1_26' title="bbox 362 2422 3757 2506; baseline -0.001 -18"><span class='ocrx_word' id='word_1_352' title='bbox 362 2444 536 2488; x_wconf 88' lang='lat' dir='ltr'><strong>nemo</strong></span> <span class='ocrx_word' id='word_1_353' title='bbox 565 2425 733 2487; x_wconf 87' lang='lat' dir='ltr'><strong>novit</strong></span> <span class='ocrx_word' id='word_1_354' title='bbox 759 2423 812 2484; x_wconf 67' lang='grc'><strong>2.</strong></span> <span class='ocrx_word' id='word_1_355' title='bbox 2088 2427 2257 2506; x_wconf 81' lang='lat' dir='ltr'><strong>fiunt,</strong></span> <span class='ocrx_word' id='word_1_356' title='bbox 2308 2443 2533 2505; x_wconf 82' lang='lat' dir='ltr'><strong>nosque</strong></span> <span class='ocrx_word' id='word_1_357' title='bbox 2589 2423 2880 2486; x_wconf 88' lang='lat' dir='ltr'><strong>alumine</strong></span> <span class='ocrx_word' id='word_1_358' title='bbox 2914 2422 3041 2485; x_wconf 60' lang='lat' dir='ltr'><strong>vita;</strong></span> <span class='ocrx_word' id='word_1_359' title='bbox 3076 2424 3413 2486; x_wconf 91' lang='lat' dir='ltr'><strong>dissociant</strong></span> <span class='ocrx_word' id='word_1_360' title='bbox 3439 2444 3509 2487; x_wconf 89' lang='lat' dir='ltr'><strong>ac</strong></span> <span class='ocrx_word' id='word_1_361' title='bbox 3541 2425 3757 2486; x_wconf 87' lang='lat' dir='ltr'><strong>seclu-</strong></span> 
     </span>
    </p>
   </div>
   <div class='ocr_carea' id='block_1_27' title="bbox 443 2512 3757 2595">
    <p class='ocr_par' dir='ltr' id='par_1_27' title="bbox 443 2512 3757 2595">
     <span class='ocr_line' id='line_1_27' title="bbox 443 2512 3757 2595; baseline -0.002 -17"><span class='ocrx_word' id='word_1_362' title='bbox 443 2517 564 2578; x_wconf 81' lang='lat' dir='ltr'><strong>INT.</strong></span> <span class='ocrx_word' id='word_1_363' title='bbox 600 2513 751 2586; x_wconf 81' lang='lat' dir='ltr'><strong>Quid</strong></span> <span class='ocrx_word' id='word_1_364' title='bbox 776 2531 915 2591; x_wconf 88' lang='lat' dir='ltr'><strong>ergo</strong></span> <span class='ocrx_word' id='word_1_365' title='bbox 935 2520 1045 2588; x_wconf 92' lang='lat' dir='ltr'><strong>est,</strong></span> <span class='ocrx_word' id='word_1_366' title='bbox 1078 2513 1235 2594; x_wconf 86' lang='lat' dir='ltr'><strong>quod</strong></span> <span class='ocrx_word' id='word_1_367' title='bbox 1268 2512 1540 2579; x_wconf 89' lang='lat' dir='ltr'><strong>Christus</strong></span> <span class='ocrx_word' id='word_1_368' title='bbox 1573 2515 1720 2578; x_wconf 91' lang='lat' dir='ltr'><strong>dicit</strong></span> <span class='ocrx_word' id='word_1_369' title='bbox 1749 2537 1762 2573; x_wconf 91' lang='lat'>:</span> <span class='ocrx_word' id='word_1_370' title='bbox 1800 2514 2004 2578; x_wconf 76' lang='lat' dir='ltr'><strong>Videte</strong></span> <span class='ocrx_word' id='word_1_371' title='bbox 2087 2514 2256 2575; x_wconf 91' lang='lat' dir='ltr'><strong>dunt.</strong></span> <span class='ocrx_word' id='word_1_372' title='bbox 2289 2514 2448 2575; x_wconf 91' lang='lat' dir='ltr'><strong>Deus</strong></span> <span class='ocrx_word' id='word_1_373' title='bbox 2477 2512 2635 2573; x_wconf 91' lang='lat' dir='ltr'><strong>enim</strong></span> <span class='ocrx_word' id='word_1_374' title='bbox 2670 2512 2793 2592; x_wconf 85' lang='lat' dir='ltr'><strong>lux,</strong></span> <span class='ocrx_word' id='word_1_375' title='bbox 2834 2520 2893 2572; x_wconf 88' lang='lat' dir='ltr'><strong>et</strong></span> <span class='ocrx_word' id='word_1_376' title='bbox 2939 2515 3055 2573; x_wconf 89' lang='lat' dir='ltr'><strong>vita</strong></span> <span class='ocrx_word' id='word_1_377' title='bbox 3093 2521 3217 2576; x_wconf 88' lang='lat' dir='ltr'><strong>est:</strong></span> <span class='ocrx_word' id='word_1_378' title='bbox 3254 2533 3371 2595; x_wconf 91' lang='lat' dir='ltr'><strong>quo</strong></span> <span class='ocrx_word' id='word_1_379' title='bbox 3401 2514 3503 2595; x_wconf 91' lang='lat' dir='ltr'><strong>qui</strong></span> <span class='ocrx_word' id='word_1_380' title='bbox 3532 2512 3757 2594; x_wconf 83' lang='lat' dir='ltr'><strong>privati</strong></span> 
     </span>
    </p>
   </div>
   <div class='ocr_carea' id='block_1_28' title="bbox 363 2600 3749 2686">
    <p class='ocr_par' dir='ltr' id='par_1_28' title="bbox 363 2600 3749 2686">
     <span class='ocr_line' id='line_1_28' title="bbox 363 2600 3749 2686; baseline -0.001 -19"><span class='ocrx_word' id='word_1_381' title='bbox 363 2603 845 2668; x_wconf 81' lang='lat' dir='ltr'><strong>neeontemnatis</strong></span> <span class='ocrx_word' id='word_1_382' title='bbox 857 2603 1789 2686; x_wconf 78' lang='lat' dir='ltr'><strong>unumexhispusillis,quoniam</strong></span> <span class='ocrx_word' id='word_1_383' title='bbox 1806 2604 2007 2684; x_wconf 81' lang='lat' dir='ltr'><strong>angeli</strong></span> <span class='ocrx_word' id='word_1_384' title='bbox 2087 2611 2245 2679; x_wconf 91' lang='lat' dir='ltr'><strong>sunt,</strong></span> <span class='ocrx_word' id='word_1_385' title='bbox 2282 2601 2500 2663; x_wconf 92' lang='lat' dir='ltr'><strong>mortui</strong></span> <span class='ocrx_word' id='word_1_386' title='bbox 2521 2609 2659 2662; x_wconf 91' lang='lat' dir='ltr'><strong>sunt</strong></span> <span class='ocrx_word' id='word_1_387' title='bbox 2679 2600 3011 2663; x_wconf 91' lang='lat' dir='ltr'><strong>secundum</strong></span> <span class='ocrx_word' id='word_1_388' title='bbox 3034 2601 3299 2663; x_wconf 90' lang='lat' dir='ltr'><strong>animam</strong></span> <span class='ocrx_word' id='word_1_389' title='bbox 3326 2620 3339 2664; x_wconf 91' lang='lat'>:</span> <span class='ocrx_word' id='word_1_390' title='bbox 3369 2603 3585 2683; x_wconf 90' lang='lat' dir='ltr'><strong>quibus</strong></span> <span class='ocrx_word' id='word_1_391' title='bbox 3606 2620 3749 2665; x_wconf 86' lang='lat' dir='ltr'><strong>cum</strong></span> 
     </span>
    </p>
   </div>
   <div class='ocr_carea' id='block_1_29' title="bbox 365 2688 3743 2776">
    <p class='ocr_par' dir='ltr' id='par_1_29' title="bbox 365 2688 3743 2776">
     <span class='ocr_line' id='line_1_29' title="bbox 365 2688 3743 2776; baseline -0.002 -19"><span class='ocrx_word' id='word_1_392' title='bbox 365 2692 1029 2771; x_wconf 77' lang='lat' dir='ltr'><strong>eorumsempervident</strong></span> <span class='ocrx_word' id='word_1_393' title='bbox 1048 2694 1267 2771; x_wconf 84' lang='lat' dir='ltr'><strong>faciem</strong></span> <span class='ocrx_word' id='word_1_394' title='bbox 1290 2692 1509 2756; x_wconf 81' lang='lat' dir='ltr'><strong>Patris</strong></span> <span class='ocrx_word' id='word_1_395' title='bbox 1528 2700 1643 2756; x_wconf 82' lang='lat' dir='ltr'><strong>mei</strong></span> <span class='ocrx_word' id='word_1_396' title='bbox 1660 2693 1999 2776; x_wconf 28' lang='lat' dir='ltr'><strong>3?Et‘alibi:</strong></span> <span class='ocrx_word' id='word_1_397' title='bbox 2088 2690 2220 2751; x_wconf 88' lang='lat' dir='ltr'><strong>aliis</strong></span> <span class='ocrx_word' id='word_1_398' title='bbox 2247 2689 2453 2751; x_wconf 77' lang='lat' dir='ltr'><strong>aeterni</strong></span> <span class='ocrx_word' id='word_1_399' title='bbox 2482 2688 2635 2768; x_wconf 89' lang='lat' dir='ltr'><strong>ignis</strong></span> <span class='ocrx_word' id='word_1_400' title='bbox 2667 2688 3006 2766; x_wconf 82' lang='lat' dir='ltr'><strong>haereditas,</strong></span> <span class='ocrx_word' id='word_1_401' title='bbox 3070 2708 3138 2752; x_wconf 89' lang='lat' dir='ltr'><strong>ac</strong></span> <span class='ocrx_word' id='word_1_402' title='bbox 3172 2691 3441 2753; x_wconf 88' lang='lat' dir='ltr'><strong>societas</strong></span> <span class='ocrx_word' id='word_1_403' title='bbox 3468 2692 3743 2753; x_wconf 89' lang='lat' dir='ltr'><strong>debetur.</strong></span> 
     </span>
    </p>
   </div>
   <div class='ocr_carea' id='block_1_30' title="bbox 364 2776 3745 2862">
    <p class='ocr_par' dir='ltr' id='par_1_30' title="bbox 364 2776 3745 2862">
     <span class='ocr_line' id='line_1_30' title="bbox 364 2776 3745 2862; baseline -0.001 -18"><span class='ocrx_word' id='word_1_404' title='bbox 364 2782 550 2845; x_wconf 83' lang='lat' dir='ltr'><strong>Beati</strong></span> <span class='ocrx_word' id='word_1_405' title='bbox 565 2781 788 2843; x_wconf 85' lang='lat' dir='ltr'><strong>mundo</strong></span> <span class='ocrx_word' id='word_1_406' title='bbox 807 2781 995 2858; x_wconf 85' lang='lat' dir='ltr'><strong>corde,</strong></span> <span class='ocrx_word' id='word_1_407' title='bbox 1016 2783 1307 2861; x_wconf 86' lang='lat' dir='ltr'><strong>quoniam</strong></span> <span class='ocrx_word' id='word_1_408' title='bbox 1323 2784 1441 2862; x_wconf 84' lang='lat' dir='ltr'><strong>ipsi</strong></span> <span class='ocrx_word' id='word_1_409' title='bbox 1451 2783 1644 2846; x_wconf 87' lang='lat' dir='ltr'><strong>Deum</strong></span> <span class='ocrx_word' id='word_1_410' title='bbox 1657 2781 2002 2847; x_wconf 58' lang='lat' dir='ltr'><strong>videbunt‘.</strong></span> <span class='ocrx_word' id='word_1_411' title='bbox 2164 2778 2279 2841; x_wconf 80' lang='lat' dir='ltr'><strong>INT.</strong></span> <span class='ocrx_word' id='word_1_412' title='bbox 2312 2778 2541 2859; x_wconf 88' lang='lat' dir='ltr'><strong>Ecquid</strong></span> <span class='ocrx_word' id='word_1_413' title='bbox 2571 2776 2681 2853; x_wconf 90' lang='lat' dir='ltr'><strong>illi,</strong></span> <span class='ocrx_word' id='word_1_414' title='bbox 2713 2777 2817 2858; x_wconf 89' lang='lat' dir='ltr'><strong>qui</strong></span> <span class='ocrx_word' id='word_1_415' title='bbox 2846 2777 2919 2839; x_wconf 89' lang='lat' dir='ltr'><strong>ad</strong></span> <span class='ocrx_word' id='word_1_416' title='bbox 2949 2779 3101 2841; x_wconf 88' lang='lat' dir='ltr'><strong>hanc</strong></span> <span class='ocrx_word' id='word_1_417' title='bbox 3140 2788 3361 2842; x_wconf 86' lang='lat' dir='ltr'><strong>metam</strong></span> <span class='ocrx_word' id='word_1_418' title='bbox 3391 2800 3509 2843; x_wconf 92' lang='lat' dir='ltr'><strong>non</strong></span> <span class='ocrx_word' id='word_1_419' title='bbox 3533 2797 3745 2862; x_wconf 80' lang='lat' dir='ltr'><strong>perve—</strong></span> 
     </span>
    </p>
   </div>
   <div class='ocr_carea' id='block_1_31' title="bbox 366 2867 2968 2953">
    <p class='ocr_par' dir='ltr' id='par_1_31' title="bbox 366 2867 2968 2953">
     <span class='ocr_line' id='line_1_31' title="bbox 366 2867 2968 2953; baseline -0.003 -18"><span class='ocrx_word' id='word_1_420' title='bbox 366 2875 458 2936; x_wconf 90' lang='lat' dir='ltr'><strong>Tu</strong></span> <span class='ocrx_word' id='word_1_421' title='bbox 478 2890 589 2934; x_wconf 90' lang='lat' dir='ltr'><strong>nec</strong></span> <span class='ocrx_word' id='word_1_422' title='bbox 611 2869 853 2950; x_wconf 84' lang='lat' dir='ltr'><strong>angelos</strong></span> <span class='ocrx_word' id='word_1_423' title='bbox 878 2888 1053 2932; x_wconf 91' lang='lat' dir='ltr'><strong>nosse</strong></span> <span class='ocrx_word' id='word_1_424' title='bbox 1086 2877 1377 2949; x_wconf 89' lang='lat' dir='ltr'><strong>autumas,</strong></span> <span class='ocrx_word' id='word_1_425' title='bbox 1415 2873 1628 2953; x_wconf 89' lang='lat' dir='ltr'><strong>qualis,</strong></span> <span class='ocrx_word' id='word_1_426' title='bbox 1667 2870 1899 2953; x_wconf 62' lang='lat' dir='ltr'><strong>autjubi</strong></span> <span class='ocrx_word' id='word_1_427' title='bbox 1931 2870 2008 2932; x_wconf 93' lang='lat' dir='ltr'><strong>sit</strong></span> <span class='ocrx_word' id='word_1_428' title='bbox 2084 2868 2195 2943; x_wconf 86' lang='lat' dir='ltr'><strong>nit,</strong></span> <span class='ocrx_word' id='word_1_429' title='bbox 2230 2868 2389 2930; x_wconf 86' lang='lat' dir='ltr'><strong>salus</strong></span> <span class='ocrx_word' id='word_1_430' title='bbox 2418 2867 2787 2948; x_wconf 88' lang='lat' dir='ltr'><strong>desperanda</strong></span> <span class='ocrx_word' id='word_1_431' title='bbox 2819 2875 2905 2929; x_wconf 91' lang='lat' dir='ltr'><strong>est</strong></span> <span class='ocrx_word' id='word_1_432' title='bbox 2938 2867 2968 2927; x_wconf 82' lang='lat'><strong>?</strong></span> 
     </span>
    </p>
   </div>
   <div class='ocr_carea' id='block_1_32' title="bbox 365 2956 3726 3026">
    <p class='ocr_par' dir='ltr' id='par_1_32' title="bbox 365 2956 3726 3026">
     <span class='ocr_line' id='line_1_32' title="bbox 365 2956 3726 3026; baseline -0.003 0"><span class='ocrx_word' id='word_1_433' title='bbox 365 2958 548 3026; x_wconf 86' lang='lat' dir='ltr'><strong>Deus.</strong></span> <span class='ocrx_word' id='word_1_434' title='bbox 2025 2966 2066 3017; x_wconf 77' lang='grc' dir='ltr'>ο</span> <span class='ocrx_word' id='word_1_435' title='bbox 2169 2960 2352 3022; x_wconf 80' lang='lat' dir='ltr'><strong>RESP.</strong></span> <span class='ocrx_word' id='word_1_436' title='bbox 2387 2958 2533 3021; x_wconf 88' lang='lat' dir='ltr'><strong>Cum</strong></span> <span class='ocrx_word' id='word_1_437' title='bbox 2565 2956 2849 3019; x_wconf 89' lang='lat' dir='ltr'><strong>Dominus</strong></span> <span class='ocrx_word' id='word_1_438' title='bbox 2870 2956 3069 3020; x_wconf 88' lang='lat' dir='ltr'><strong>dicat:</strong></span> <span class='ocrx_word' id='word_1_439' title='bbox 3094 2959 3171 3023; x_wconf 92' lang='lat' dir='ltr'><strong>In</strong></span> <span class='ocrx_word' id='word_1_440' title='bbox 3195 2961 3363 3025; x_wconf 89' lang='lat' dir='ltr'><strong>domo</strong></span> <span class='ocrx_word' id='word_1_441' title='bbox 3380 2963 3581 3022; x_wconf 80' lang='lat' dir='ltr'><strong>Patris</strong></span> <span class='ocrx_word' id='word_1_442' title='bbox 3603 2962 3726 3020; x_wconf 80' lang='lat' dir='ltr'><strong>mei</strong></span> 
     </span>
    </p>
   </div>
   <div class='ocr_carea' id='block_1_33' title="bbox 446 3045 3722 3132">
    <p class='ocr_par' dir='ltr' id='par_1_33' title="bbox 446 3045 3722 3132">
     <span class='ocr_line' id='line_1_33' title="bbox 446 3045 3722 3132; baseline -0.002 -18"><span class='ocrx_word' id='word_1_443' title='bbox 446 3049 623 3114; x_wconf 77' lang='lat' dir='ltr'><strong>RESP.</strong></span> <span class='ocrx_word' id='word_1_444' title='bbox 656 3048 1165 3123; x_wconf 90' lang='lat' dir='ltr'><strong>Quemadmodum</strong></span> <span class='ocrx_word' id='word_1_445' title='bbox 1197 3049 1323 3113; x_wconf 89' lang='lat' dir='ltr'><strong>sole</strong></span> <span class='ocrx_word' id='word_1_446' title='bbox 1352 3050 1589 3113; x_wconf 91' lang='lat' dir='ltr'><strong>lucente</strong></span> <span class='ocrx_word' id='word_1_447' title='bbox 1637 3051 1695 3113; x_wconf 93' lang='lat' dir='ltr'><strong>in</strong></span> <span class='ocrx_word' id='word_1_448' title='bbox 1729 3050 2003 3132; x_wconf 90' lang='lat' dir='ltr'><strong>meridie,</strong></span> <span class='ocrx_word' id='word_1_449' title='bbox 2090 3048 2431 3111; x_wconf 81' lang='lat' dir='ltr'><strong>mansiones</strong></span> <span class='ocrx_word' id='word_1_450' title='bbox 2452 3045 2655 3109; x_wconf 64' lang='lat' dir='ltr'><strong>multa</strong></span> <span class='ocrx_word' id='word_1_451' title='bbox 2672 3048 2875 3123; x_wconf 87' lang='lat' dir='ltr'><strong>sunt8,</strong></span> <span class='ocrx_word' id='word_1_452' title='bbox 2900 3047 3145 3127; x_wconf 89' lang='lat' dir='ltr'><strong>planum</strong></span> <span class='ocrx_word' id='word_1_453' title='bbox 3170 3051 3251 3124; x_wconf 85' lang='lat' dir='ltr'><strong>ﬁt,</strong></span> <span class='ocrx_word' id='word_1_454' title='bbox 3279 3049 3449 3114; x_wconf 89' lang='lat' dir='ltr'><strong>etiam</strong></span> <span class='ocrx_word' id='word_1_455' title='bbox 3480 3050 3600 3110; x_wconf 84' lang='lat' dir='ltr'><strong>vias</strong></span> <span class='ocrx_word' id='word_1_456' title='bbox 3632 3066 3722 3108; x_wconf 91' lang='lat' dir='ltr'><strong>sa-</strong></span> 
     </span>
    </p>
   </div>
   <div class='ocr_carea' id='block_1_34' title="bbox 367 3135 3725 3225">
    <p class='ocr_par' dir='ltr' id='par_1_34' title="bbox 367 3135 3725 3225">
     <span class='ocr_line' id='line_1_34' title="bbox 367 3135 3725 3225; baseline -0.002 -22"><span class='ocrx_word' id='word_1_457' title='bbox 367 3141 525 3225; x_wconf 91' lang='lat' dir='ltr'><strong>quod</strong></span> <span class='ocrx_word' id='word_1_458' title='bbox 554 3140 695 3201; x_wconf 90' lang='lat' dir='ltr'><strong>inde</strong></span> <span class='ocrx_word' id='word_1_459' title='bbox 726 3138 1013 3201; x_wconf 90' lang='lat' dir='ltr'><strong>emittitur</strong></span> <span class='ocrx_word' id='word_1_460' title='bbox 1042 3140 1264 3221; x_wconf 91' lang='lat' dir='ltr'><strong>lumen,</strong></span> <span class='ocrx_word' id='word_1_461' title='bbox 1300 3140 1456 3203; x_wconf 87' lang='lat' dir='ltr'><strong>clare</strong></span> <span class='ocrx_word' id='word_1_462' title='bbox 1481 3160 1548 3203; x_wconf 86' lang='lat' dir='ltr'><strong>ac</strong></span> <span class='ocrx_word' id='word_1_463' title='bbox 1579 3142 1889 3203; x_wconf 84' lang='lat' dir='ltr'><strong>manifeste</strong></span> <span class='ocrx_word' id='word_1_464' title='bbox 1916 3141 2011 3201; x_wconf 77' lang='lat' dir='ltr'><strong>vi-</strong></span> <span class='ocrx_word' id='word_1_465' title='bbox 2092 3136 2229 3198; x_wconf 86' lang='lat' dir='ltr'><strong>Iutis</strong></span> <span class='ocrx_word' id='word_1_466' title='bbox 2254 3135 2468 3197; x_wconf 89' lang='lat' dir='ltr'><strong>multas</strong></span> <span class='ocrx_word' id='word_1_467' title='bbox 2489 3153 2643 3209; x_wconf 86' lang='lat' dir='ltr'><strong>esse,</strong></span> <span class='ocrx_word' id='word_1_468' title='bbox 2670 3137 3102 3225; x_wconf 68' lang='lat' dir='ltr'><strong>quaeomnesin</strong></span> <span class='ocrx_word' id='word_1_469' title='bbox 3130 3138 3346 3201; x_wconf 89' lang='lat' dir='ltr'><strong>unavia</strong></span> <span class='ocrx_word' id='word_1_470' title='bbox 3366 3136 3725 3219; x_wconf 59' lang='lat' dir='ltr'><strong>paenitentia</strong></span> 
     </span>
    </p>
   </div>
   <div class='ocr_carea' id='block_1_35' title="bbox 368 3224 3732 3310">
    <p class='ocr_par' dir='ltr' id='par_1_35' title="bbox 368 3224 3732 3310">
     <span class='ocr_line' id='line_1_35' title="bbox 368 3224 3732 3310; baseline -0.002 -15"><span class='ocrx_word' id='word_1_471' title='bbox 368 3224 605 3305; x_wconf 91' lang='lat' dir='ltr'><strong>demus,</strong></span> <span class='ocrx_word' id='word_1_472' title='bbox 636 3230 832 3310; x_wconf 91' lang='lat' dir='ltr'><strong>ipsum</strong></span> <span class='ocrx_word' id='word_1_473' title='bbox 860 3228 1047 3290; x_wconf 92' lang='lat' dir='ltr'><strong>solem</strong></span> <span class='ocrx_word' id='word_1_474' title='bbox 1073 3229 1273 3291; x_wconf 89' lang='lat' dir='ltr'><strong>videre</strong></span> <span class='ocrx_word' id='word_1_475' title='bbox 1302 3249 1370 3292; x_wconf 92' lang='lat' dir='ltr'><strong>ac</strong></span> <span class='ocrx_word' id='word_1_476' title='bbox 1428 3247 1680 3293; x_wconf 91' lang='lat' dir='ltr'><strong>noscere</strong></span> <span class='ocrx_word' id='word_1_477' title='bbox 1712 3249 1822 3292; x_wconf 90' lang='lat' dir='ltr'><strong>nec</strong></span> <span class='ocrx_word' id='word_1_478' title='bbox 1856 3248 2009 3310; x_wconf 89' lang='lat' dir='ltr'><strong>quo-</strong></span> <span class='ocrx_word' id='word_1_479' title='bbox 2093 3232 2602 3306; x_wconf 75' lang='lat' dir='ltr'><strong>consummantur,</strong></span> <span class='ocrx_word' id='word_1_480' title='bbox 2627 3232 2685 3286; x_wconf 91' lang='lat' dir='ltr'><strong>et</strong></span> <span class='ocrx_word' id='word_1_481' title='bbox 2710 3244 2816 3305; x_wconf 90' lang='lat' dir='ltr'><strong>per</strong></span> <span class='ocrx_word' id='word_1_482' title='bbox 2838 3224 3301 3290; x_wconf 89' lang='lat' dir='ltr'><strong>abstinentiama</strong></span> <span class='ocrx_word' id='word_1_483' title='bbox 3324 3227 3732 3309; x_wconf 85' lang='lat' dir='ltr'><strong>peccato;sive</strong></span> 
     </span>
    </p>
   </div>
   <div class='ocr_carea' id='block_1_36' title="bbox 369 3313 3734 3400">
    <p class='ocr_par' dir='ltr' id='par_1_36' title="bbox 369 3313 3734 3400">
     <span class='ocr_line' id='line_1_36' title="bbox 369 3313 3734 3400; baseline -0.003 -16"><span class='ocrx_word' id='word_1_484' title='bbox 369 3320 788 3400; x_wconf 91' lang='lat' dir='ltr'><strong>modocunque</strong></span> <span class='ocrx_word' id='word_1_485' title='bbox 818 3336 1153 3400; x_wconf 90' lang='lat' dir='ltr'><strong>possumus,</strong></span> <span class='ocrx_word' id='word_1_486' title='bbox 1187 3327 1245 3380; x_wconf 89' lang='lat' dir='ltr'><strong>et</strong></span> <span class='ocrx_word' id='word_1_487' title='bbox 1270 3326 1471 3381; x_wconf 89' lang='lat' dir='ltr'><strong>tamen</strong></span> <span class='ocrx_word' id='word_1_488' title='bbox 1503 3340 1610 3382; x_wconf 90' lang='lat' dir='ltr'><strong>nos</strong></span> <span class='ocrx_word' id='word_1_489' title='bbox 1640 3339 1774 3382; x_wconf 91' lang='lat' dir='ltr'><strong>eum</strong></span> <span class='ocrx_word' id='word_1_490' title='bbox 1799 3318 2000 3381; x_wconf 91' lang='lat' dir='ltr'><strong>videre</strong></span> <span class='ocrx_word' id='word_1_491' title='bbox 2084 3316 2544 3395; x_wconf 81' lang='lat' dir='ltr'><strong>eleemosynam,</strong></span> <span class='ocrx_word' id='word_1_492' title='bbox 2577 3316 2700 3376; x_wconf 89' lang='lat' dir='ltr'><strong>sive</strong></span> <span class='ocrx_word' id='word_1_493' title='bbox 2733 3315 3305 3398; x_wconf 87' lang='lat' dir='ltr'><strong>peregrinationem,</strong></span> <span class='ocrx_word' id='word_1_494' title='bbox 3340 3320 3462 3378; x_wconf 88' lang='lat' dir='ltr'><strong>sive</strong></span> <span class='ocrx_word' id='word_1_495' title='bbox 3489 3313 3734 3397; x_wconf 86' lang='lat' dir='ltr'><strong>quodvis</strong></span> 
     </span>
    </p>
   </div>
   <div class='ocr_carea' id='block_1_37' title="bbox 366 3402 3738 3490">
    <p class='ocr_par' dir='ltr' id='par_1_37' title="bbox 366 3402 3738 3490">
     <span class='ocr_line' id='line_1_37' title="bbox 366 3402 3738 3490; baseline -0.002 -16"><span class='ocrx_word' id='word_1_496' title='bbox 366 3410 525 3474; x_wconf 90' lang='lat' dir='ltr'><strong>haud</strong></span> <span class='ocrx_word' id='word_1_497' title='bbox 556 3408 700 3470; x_wconf 89' lang='lat' dir='ltr'><strong>falso</strong></span> <span class='ocrx_word' id='word_1_498' title='bbox 748 3407 1085 3470; x_wconf 86' lang='lat' dir='ltr'><strong>dictitamus</strong></span> <span class='ocrx_word' id='word_1_499' title='bbox 1120 3431 1134 3469; x_wconf 89' lang='lat'><strong>:</strong></span> <span class='ocrx_word' id='word_1_500' title='bbox 1187 3409 1316 3490; x_wconf 89' lang='lat' dir='ltr'><strong>pari</strong></span> <span class='ocrx_word' id='word_1_501' title='bbox 1372 3412 1547 3473; x_wconf 90' lang='lat' dir='ltr'><strong>modo</strong></span> <span class='ocrx_word' id='word_1_502' title='bbox 1606 3418 1664 3472; x_wconf 91' lang='lat' dir='ltr'><strong>et</strong></span> <span class='ocrx_word' id='word_1_503' title='bbox 1688 3410 1909 3489; x_wconf 90' lang='lat' dir='ltr'><strong>angeli,</strong></span> <span class='ocrx_word' id='word_1_504' title='bbox 1941 3418 2001 3473; x_wconf 89' lang='lat' dir='ltr'><strong>et</strong></span> <span class='ocrx_word' id='word_1_505' title='bbox 2083 3404 2244 3468; x_wconf 91' lang='lat' dir='ltr'><strong>aliud</strong></span> <span class='ocrx_word' id='word_1_506' title='bbox 2273 3422 2460 3483; x_wconf 86' lang='lat' dir='ltr'><strong>genus</strong></span> <span class='ocrx_word' id='word_1_507' title='bbox 2490 3402 2919 3478; x_wconf 59' lang='lat' dir='ltr'><strong>sanctimoniae,</strong></span> <span class='ocrx_word' id='word_1_508' title='bbox 2952 3424 3069 3485; x_wconf 92' lang='lat' dir='ltr'><strong>quo</strong></span> <span class='ocrx_word' id='word_1_509' title='bbox 3128 3406 3206 3469; x_wconf 90' lang='lat' dir='ltr'><strong>ad</strong></span> <span class='ocrx_word' id='word_1_510' title='bbox 3234 3407 3338 3470; x_wconf 88' lang='lat' dir='ltr'><strong>illa</strong></span> <span class='ocrx_word' id='word_1_511' title='bbox 3370 3407 3738 3486; x_wconf 88' lang='lat' dir='ltr'><strong>sempiterna</strong></span> 
     </span>
    </p>
   </div>
   <div class='ocr_carea' id='block_1_38' title="bbox 362 3491 3029 3581">
    <p class='ocr_par' dir='ltr' id='par_1_38' title="bbox 362 3491 3029 3581">
     <span class='ocr_line' id='line_1_38' title="bbox 362 3491 3029 3581; baseline -0.003 -18"><span class='ocrx_word' id='word_1_512' title='bbox 362 3498 553 3563; x_wconf 89' lang='lat' dir='ltr'><strong>sancti</strong></span> <span class='ocrx_word' id='word_1_513' title='bbox 581 3496 829 3577; x_wconf 85' lang='lat' dir='ltr'><strong>fulguris</strong></span> <span class='ocrx_word' id='word_1_514' title='bbox 854 3497 1047 3561; x_wconf 87' lang='lat' dir='ltr'><strong>instar</strong></span> <span class='ocrx_word' id='word_1_515' title='bbox 1100 3497 1421 3562; x_wconf 89' lang='lat' dir='ltr'><strong>micantem</strong></span> <span class='ocrx_word' id='word_1_516' title='bbox 1468 3500 1724 3581; x_wconf 89' lang='lat' dir='ltr'><strong>Spiritus</strong></span> <span class='ocrx_word' id='word_1_517' title='bbox 1752 3499 1999 3578; x_wconf 85' lang='lat' dir='ltr'><strong>gloriam</strong></span> <span class='ocrx_word' id='word_1_518' title='bbox 2084 3493 2521 3570; x_wconf 88' lang='lat' dir='ltr'><strong>contendimus,</strong></span> <span class='ocrx_word' id='word_1_519' title='bbox 2557 3491 2704 3554; x_wconf 92' lang='lat' dir='ltr'><strong>mihi</strong></span> <span class='ocrx_word' id='word_1_520' title='bbox 2734 3492 3029 3555; x_wconf 89' lang='lat' dir='ltr'><strong>nomines.</strong></span> 
     </span>
    </p>
   </div>
   <div class='ocr_carea' id='block_1_39' title="bbox 440 3663 2050 3749">
    <p class='ocr_par' dir='ltr' id='par_1_39' title="bbox 440 3666 2022 3749">
     <span class='ocr_line' id='line_1_39' title="bbox 440 3666 2022 3749; baseline 0 -15"><span class='ocrx_word' id='word_1_521' title='bbox 440 3669 466 3715; x_wconf 74' lang='grc' dir='ltr'>ί</span> <span class='ocrx_word' id='word_1_522' title='bbox 504 3674 678 3746; x_wconf 89' lang='lat' dir='ltr'><strong>Luc.,</strong></span> <span class='ocrx_word' id='word_1_523' title='bbox 709 3684 777 3749; x_wconf 83' lang='lat' dir='ltr'><strong>x_,</strong></span> <span class='ocrx_word' id='word_1_524' title='bbox 808 3666 908 3731; x_wconf 70' lang='grc'><strong>22.</strong></span> <span class='ocrx_word' id='word_1_525' title='bbox 992 3666 1020 3710; x_wconf 68' lang='grc'><strong>9</strong></span> <span class='ocrx_word' id='word_1_526' title='bbox 1048 3668 1079 3749; x_wconf 80' lang='grc'>1</span> <span class='ocrx_word' id='word_1_527' title='bbox 1112 3669 1247 3731; x_wconf 91' lang='lat' dir='ltr'><strong>Cor.</strong></span> <span class='ocrx_word' id='word_1_528' title='bbox 1280 3686 1342 3745; x_wconf 85' lang='grc' dir='ltr'><strong>ιι,</strong></span> <span class='ocrx_word' id='word_1_529' title='bbox 1376 3669 1474 3733; x_wconf 77' lang='lat' dir='ltr'><strong>ti.</strong></span> <span class='ocrx_word' id='word_1_530' title='bbox 1555 3671 1589 3721; x_wconf 78' lang='grc'><strong>5</strong></span> <span class='ocrx_word' id='word_1_531' title='bbox 1615 3670 1822 3738; x_wconf 89' lang='lat' dir='ltr'><strong>Matth.</strong></span> <span class='ocrx_word' id='word_1_532' title='bbox 1856 3686 2022 3749; x_wconf 75' lang='lat' dir='ltr'><strong>XVIII,</strong></span> 
     </span>
    </p>
   </div>
   <div class='ocr_carea' id='block_1_40' title="bbox 2103 3663 3713 3749">
    <p class='ocr_par' dir='ltr' id='par_1_40' title="bbox 2103 3663 3713 3746">
     <span class='ocr_line' id='line_1_40' title="bbox 2103 3663 3713 3746; baseline 0.001 -15"><span class='ocrx_word' id='word_1_533' title='bbox 2103 3673 2153 3732; x_wconf 82' lang='lat' dir='ltr'><strong>D.</strong></span> <span class='ocrx_word' id='word_1_534' title='bbox 2237 3667 2270 3718; x_wconf 61' lang='grc' dir='ltr'><strong>Α</strong></span> <span class='ocrx_word' id='word_1_535' title='bbox 2302 3664 2514 3732; x_wconf 85' lang='lat' dir='ltr'><strong>Matth.</strong></span> <span class='ocrx_word' id='word_1_536' title='bbox 2544 3680 2604 3742; x_wconf 71' lang='grc' dir='ltr'><strong>ν,</strong></span> <span class='ocrx_word' id='word_1_537' title='bbox 2645 3663 2705 3728; x_wconf 88' lang='grc'><strong>8.</strong></span> <span class='ocrx_word' id='word_1_538' title='bbox 2789 3666 2823 3717; x_wconf 80' lang='lat'><strong>5</strong></span> <span class='ocrx_word' id='word_1_539' title='bbox 2848 3664 3049 3729; x_wconf 83' lang='lat' dir='ltr'><strong>Matth.</strong></span> <span class='ocrx_word' id='word_1_540' title='bbox 3083 3681 3225 3742; x_wconf 84' lang='lat' dir='ltr'><strong>xvu,</strong></span> <span class='ocrx_word' id='word_1_541' title='bbox 3259 3666 3318 3730; x_wconf 80' lang='lat'><strong>2.</strong></span> <span class='ocrx_word' id='word_1_542' title='bbox 3405 3666 3439 3716; x_wconf 82' lang='grc'><strong>6</strong></span> <span class='ocrx_word' id='word_1_543' title='bbox 3466 3669 3598 3732; x_wconf 85' lang='lat' dir='ltr'><strong>Act.</strong></span> <span class='ocrx_word' id='word_1_544' title='bbox 3630 3685 3713 3746; x_wconf 82' lang='lat' dir='ltr'><strong>Ix,</strong></span> 
     </span>
    </p>
   </div>
   <div class='ocr_carea' id='block_1_41' title="bbox 371 3746 1675 3835">
    <p class='ocr_par' dir='ltr' id='par_1_41' title="bbox 371 3746 1675 3835">
     <span class='ocr_line' id='line_1_41' title="bbox 371 3746 1675 3835; baseline 0.001 -19"><span class='ocrx_word' id='word_1_545' title='bbox 371 3749 407 3817; x_wconf 93' lang='lat'>3</span> <span class='ocrx_word' id='word_1_546' title='bbox 437 3769 604 3835; x_wconf 89' lang='lat' dir='ltr'><strong>seqq.</strong></span> <span class='ocrx_word' id='word_1_547' title='bbox 692 3750 722 3800; x_wconf 88' lang='lat'><strong>7</strong></span> <span class='ocrx_word' id='word_1_548' title='bbox 750 3746 864 3812; x_wconf 91' lang='lat' dir='ltr'><strong>Isa.</strong></span> <span class='ocrx_word' id='word_1_549' title='bbox 896 3765 1019 3828; x_wconf 66' lang='grc' dir='ltr'><strong>ιιι,</strong></span> <span class='ocrx_word' id='word_1_550' title='bbox 1052 3748 1115 3815; x_wconf 75' lang='lat'><strong>2.</strong></span> <span class='ocrx_word' id='word_1_551' title='bbox 1200 3751 1232 3801; x_wconf 85' lang='lat'><strong>8</strong></span> <span class='ocrx_word' id='word_1_552' title='bbox 1258 3748 1429 3814; x_wconf 86' lang='lat' dir='ltr'><strong>Joan.</strong></span> <span class='ocrx_word' id='word_1_553' title='bbox 1463 3766 1582 3831; x_wconf 77' lang='lat' dir='ltr'><strong>xxv,</strong></span> <span class='ocrx_word' id='word_1_554' title='bbox 1615 3752 1675 3817; x_wconf 84' lang='lat'><strong>2.</strong></span> 
     </span>
    </p>
   </div>
  </div>
