4076 6114
483 253 606 320 745

1856 247 2163 319 ΝῙΟΕΤΒ
2202 249 2462 319 NIGEN
2466 255 2516 316 Ι.

3747 247 3874 313 716

565 391 627 456 2.
659 386 782 455 Sub
811 386 1151 454 Theodosio
1182 390 1395 478 masno
1437 387 1827 470 imperatore,
1854 407 1997 478 cum
2032 406 2126 450 se-

2297 377 2372 466 β’.
2406 387 2525 448 Ἐπὶ
2556 386 2831 448 Θεοδοσίου
2858 387 3119 466 βασιλέως
3163 396 3257 447 τοῦ
3292 387 3573 478 μεγάλου,
3603 385 3875 478 τιμηθέντ

485 481 593 544 des
621 478 1276 561 Constantinopolitana
1332 477 1562 540 honore
1620 487 1791 540 aucta
1839 477 2050 540 fuisset
2103 496 2139 539 a

484 578 724 634 centum
747 569 1174 652 quinquaginta
1199 567 1500 649 episcopis
1516 567 1578 628 in
1602 566 1867 629 secunda
1886 566 2134 648 synodo,

484 660 582 722 cui
611 658 876 738 nelegati
899 657 1139 740 quidem
1166 656 1422 719 Romani
1441 656 1790 735 intererant,
1817 655 2134 718 discidium

485 755 546 812 et
577 747 943 830 perturbatio
975 747 1227 809 conﬂata
1259 754 1367 810 est.

566 842 626 899 5.
661 836 784 901 Sub
806 838 1102 900 Marciano
1130 854 1268 898 cum
1299 835 1416 898 Leo
1448 852 1598 916 papa
1628 832 2133 896 commonefactus

484 923 718 999 fuisset,
738 924 1082 1006 episcopum
1111 923 1829 1004 Constantinopolitanum
1854 922 2132 1003 paulatim

483 1014 558 1076 ad
589 1032 655 1077 se
687 1015 922 1076 trahere
977 1013 1204 1075 alienas
1249 1012 1448 1088 sedes,
1509 1030 1738 1094 suoque
1796 1009 2136 1093 praesulatui

483 1102 858 1182 adjungere;
915 1121 1031 1184 qua
1073 1120 1255 1183 super
1307 1118 1374 1165 re
1427 1100 1654 1163 litteras
1709 1120 1944 1182 quoque
1977 1103 2131 1181 Papa

483 1191 725 1273 scripsit
747 1191 837 1254 Ad
858 1191 1221 1266 Anatolium,
1255 1209 1387 1272 quae
1440 1189 1592 1252 nihil
1625 1190 1975 1270 profuerunt
2009 1208 2026 1265 ;
2059 1207 2131 1252 ex

481 1277 586 1342 illo
615 1280 775 1343 enim
832 1287 1106 1362 tempore
1161 1278 1795 1360 Constantinopolitani
1852 1278 2132 1359 praesules

481 1369 724 1451 rapinas
752 1369 1098 1450 hujusmodi
1151 1367 1546 1450 multiplicare
1589 1386 1710 1430 non
1741 1367 2126 1447 desiverunt;

484 1458 747 1522 schisma
779 1458 1055 1520 obortum
1086 1466 1194 1520 est.

564 1549 623 1612 4.
659 1547 781 1611 Sub
812 1547 1069 1623 Zenene,
1117 1546 1282 1608 Felix
1312 1545 1517 1608 Romae
1545 1545 1808 1627 pontifex
1841 1545 2133 1626 separavit

483 1656 549 1701 se
578 1644 824 1719 propter
845 1636 1134 1700 Acacium
1157 1635 1502 1699 haereticum
1536 1635 2129 1714 Constantinopoleos

2218 499 2308 542 τος
2337 487 2430 538 τοῦ
2451 479 2634 558 θρόνου
2661 484 2761 545 τῆς
2823 477 3423 542 Κωνσταντινουπόλεως
3479 479 3624 558 παρὰ
3651 483 3761 532 τῶν
3793 497 3851 552 ρν

2219 565 2522 624 ἐπισκόπων
2571 567 2625 624 ἐν
2654 574 2722 644 τῇ
2751 565 2960 646 δευτέρᾳ
2991 565 3210 642 συνόδῳ,
3239 567 3294 623 ἐν
3336 572 3373 646 ᾗ
3401 566 3516 625 063%.
3544 586 3871 643 τοποτηρη-

2216 661 2302 717 τοιὶ
2371 665 2470 728 τῆς
2545 651 2754 736 Ῥώμης
2827 665 3090 739 παρῆσαν,
3154 659 3424 724 διάστασις
3501 660 3588 715 καὶ
3646 654 3874 735 ταραχῆ

2217 749 2453 828 γέγονεν,

2299 831 2375 919 γ’.
2437 839 2558 898 Ἐπὶ
2629 849 2954 920 Μαρκιανοῦ,
3028 842 3454 919 ὑπομνησθέντος
3515 851 3609 900 τοῦ
3689 839 3875 895 πάντα

2217 929 2462 1006 Λέοντος,
2515 929 2696 1009 ὅτιπερ
2760 934 2788 988 6
2848 931 3451 996 Κωνσταντινουπόλεως
3509 927 3629 986 κατ’
3683 926 3873 1004 ὀλίγον

2215 1018 2500 1099 ἐφαρπάξει
2556 1019 2856 1100 ἀλλοτρίους
2915 1022 3125 1099 θρόνους
3195 1023 3282 1077 καὶ
3337 1028 3406 1098 τῇ
3458 1018 3560 1092 ἰδίᾳ
3612 1017 3874 1073 συνάπτει

2210 1109 2356 1187 ἀρχῇ
2390 1128 2403 1141 ’
2439 1105 2521 1189 ἐφ’
2550 1113 2596 1184 ᾧ
2625 1110 2709 1165 καὶ
2757 1110 3042 1188 γράμματα
3103 1110 3417 1189 ἐγχαράττει
3475 1111 3503 1164 6
3557 1107 3747 1169 πάπας
3795 1109 3874 1176 τῷ

2211 1194 2521 1278 Ἀνατολίῳ,
2596 1197 2694 1256 κᾶν
2762 1197 2907 1257 οὐδὲν
2975 1198 3255 1279 ὠφέλησαν
3293 1214 3306 1228 ⁸
3385 1197 3567 1254 ἔκτοτε
3634 1196 3740 1274 γὰρ
3807 1192 3868 1248 οὗ

2211 1283 2471 1343 διέλειπον
2527 1289 2574 1343 οἱ
2633 1289 3230 1350 Κωνσταντινουπόλεως
3314 1288 3472 1367 ἁρχιε
3546 1285 3628 1349 εἵς
3689 1281 3873 1347 αὔξειν

2210 1376 2312 1442 τὴν
2339 1375 2589 1443 τοιαύτην
2619 1374 2954 1456 ἐφαρπαγὴν,
2988 1377 3197 1455 σχίσμα
3226 1375 3428 1454 γέγονε.

2292 1543 2360 1611 δ’.
2434 1554 2533 1610 Επὶ
2603 1553 2868 1627 Ζήνωνος,
2928 1551 3098 1624 Φήλιξ
3154 1555 3182 1610 6
3243 1543 3455 1629 Ῥώμης
3513 1551 3741 1631 ἐσχίσθη
3803 1546 3873 1604 δι’

2211 1641 2458 1702 Ἀκάκιον
2522 1643 2613 1699 τὸν
2687 1643 2941 1722 αἱρετικὸν
3010 1644 3100 1698 τὸν
3129 1643 3466 1722 πατριάρχην
3529 1645 3627 1707 τῆς
3705 1648 3876 1697 Κων-

484 1725 904 1809 patriarcham,
939 1743 1119 1806 quem
1150 1725 1330 1788 etiam
1361 1725 1735 1788 anathemate
1755 1723 2004 1804 perculit
2030 1741 2043 1784 :
2071 1731 2126 1784 et

2223 1730 2716 1804 παντινουπόλεως,
2789 1733 2844 1788 ὃν
2900 1729 2965 1798 δὴ
3018 1733 3106 1787 καὶ
3161 1731 3500 1807 ἀνεθεμάτισε
3533 1747 3549 1762 ·
3609 1730 3672 1784 τὸ
3736 1727 3876 1786 αὐτὸ

484 1815 652 1897 paria
671 1813 1307 1896 Constantinopolitani
1323 1813 1618 1889 fecerunt,
1645 1811 2126 1874 communionem

483 1903 715 1966 scilicet
744 1921 877 1965 cum
908 1903 1123 1979 Roma,
1157 1910 1218 1965 et
1246 1921 1468 1965 nomen
1496 1900 1827 1964 abolentes.

568 1995 630 2056 5.
663 1991 784 2056 Sub
815 1991 1124 2054 Anastasio
1154 1991 1539 2073 imperatore,
1599 1991 1880 2052 habretico
1911 1989 2126 2051 Acacio

484 2089 740 2157 mortuo,
778 2089 1048 2161 promoto
1065 2087 1263 2142 autem
1283 2078 1638 2162 Euphemio,
1659 2097 1765 2140 seu
1787 2077 2126 2159 Euthymio,

482 2169 589 2251 qui
633 2169 835 2232 Acacii
882 2187 1103 2231 nomen
1135 2187 1169 2230 e
1199 2168 1384 2232 sacris
1414 2167 1709 2250 diptychis
1737 2187 1855 2229 non
1888 2167 2126 2246 delevit,

479 2258 741 2338 sejunxit
771 2275 837 2320 se
869 2275 1020 2340 papa
1051 2257 1418 2335 Anastasius,
1481 2257 1585 2340 qui
1613 2263 1748 2338 post
1775 2256 2041 2320 Felicem
2071 2264 2132 2318 et

483 2343 780 2410 Gelasium
815 2345 1077 2429 pontiIex
1107 2347 1417 2428 processit.

564 2523 626 2589 6.
648 2521 777 2586 Tub
800 2525 1010 2589 eodem
1033 2523 1394 2606 imperatore
1408 2523 1748 2602 Anastasio,
1765 2523 2127 2606 perdurante

484 2611 833 2690 schismate,
864 2611 1273 2676 Theodoricus
1296 2613 1396 2694 qui
1429 2614 1634 2676 Romae
1661 2612 2012 2694 imperabat,
2045 2612 2134 2674 vir

487 2699 790 2764 Barbarus
805 2701 1163 2780 etArianus,
1195 2703 1273 2764 ad
1302 2706 1719 2782 imperatorem
1748 2701 1910 2763 misit
1935 2701 2129 2762 virum

483 2791 847 2855 senatorium
878 2791 1240 2869 Romanum,
1264 2791 1508 2854 nomine
1536 2791 1805 2856 Festum.
1825 2791 1972 2853 Huic
1991 2809 2129 2870 ergo

485 2879 661 2942 Festo
691 2880 946 2962 supplex
995 2881 1107 2943 fuit
1162 2880 1759 2961 Constantinopoleos
1813 2878 2130 2960 episcopus

483 2967 892 3046 Macedonius,
922 2978 989 3034 ut
1017 2987 1128 3051 pro
1163 2969 1384 3032 unione
1426 2967 1827 3031 Ecclesiarum
1860 2967 2128 3030 interce-

484 3056 678 3122 deret.

564 3147 626 3210 7.
646 3147 857 3210 Adhuc
878 3146 987 3209 sub
1008 3145 1221 3209 eodem
1240 3143 1603 3227 imperatore
1636 3145 1970 3222 Anastasio,
2008 3145 2130 3208 Sil-

485 3253 670 3297 vanus
699 3234 1020 3298 Orientalis
1049 3234 1361 3312 diaconus,
1397 3235 1499 3317 qui
1529 3235 1780 3298 multum
1812 3254 1918 3317 pro
1949 3235 2131 3300 rectis

487 3323 864 3404 dogmatibus
887 3325 1336 3402 allaboraverat,
1351 3326 1602 3388 Romam
1625 3327 1875 3388 accessit
1891 3325 2131 3387 unionis

481 3411 657 3494 hujus
687 3413 1076 3495 procurandae
1106 3431 1302 3490 causa,
1336 3421 1513 3495 atque
1568 3423 1636 3474 ut
1693 3432 1842 3494 papa
1867 3412 2127 3494 Symma-

481 3502 626 3564 chus
657 3502 868 3565 unioni
887 3503 1280 3565 consentiret.
1310 3505 1738 3566 Verumtamen
1759 3503 2005 3566 minime
2025 3503 2127 3566 ad-

476 3591 724 3667 missus,
757 3609 824 3654 re
854 3591 1071 3654 infecta
1100 3591 1471 3656 retrocessit.

556 3679 617 3740 8.
654 3678 778 3743 Sub
809 3681 1023 3743 eodem
1059 3681 1422 3762 imperatore
1463 3681 1774 3743 Anastasio
1803 3680 1930 3743 zelo
1959 3699 2126 3744 com-

478 3779 677 3832 motus
708 3769 1064 3846 Vitalianus,
1090 3769 1594 3851 consurrexitipro
1613 3769 1896 3832 Ecclesiis
1925 3769 2132 3834 adver-

477 3873 580 3919 sus
607 3856 1012 3923 Anastasium.
1047 3857 1310 3922 Cedente
1339 3866 1536 3921 autem
1564 3858 1894 3936 {Anastasio
1925 3867 1990 3920 ut
2018 3877 2118 3940 sy-

476 3945 673 4009 nodus
704 3948 897 4026 ﬁeret,
944 3947 1296 4011 Heracleam
1329 3955 1472 4010 tunc
1503 3955 1908 4011 convenerunt
1939 3949 2118 4012 etiam

473 4033 1010 4119 Romani;cumque
1028 4037 1423 4118 ducentorum
1438 4036 1682 4098 omnino
1701 4037 2120 4118 episcoporum

475 4131 666 4186 coetus
695 4125 926 4200 fuisset,
978 4134 1240 4188 attamen
1290 4143 1357 4187 re
1413 4124 1631 4189 infecta
1688 4126 2117 4188 discesserunt.

472 4211 618 4274 Erat
649 4220 789 4276 tunc
820 4232 972 4294 papa
998 4213 1368 4276 Hormisdas.

2211 1825 2298 1878 καὶ
2351 1825 2399 1878 οἱ
2467 1826 2566 1888 τῆς
2653 1818 3255 1884 Κωνσταντινουπόλεως
3334 1820 3685 1898 πεποιήκασι,
3763 1817 3870 1882 τὴν

2209 1909 2484 1967 κοινωνίαν
2513 1915 2604 1966 τοῦ
2636 1900 2846 1984 Ῥώμης
2876 1909 2964 1965 καὶ
2999 1912 3061 1965 τὸ
3088 1905 3256 1982 ὄνομα
3286 1907 3703 1982 ἀπαλείψαντες.

2292 1989 2339 2056 ε’
2386 1997 2505 2057 Ἐπὶ
2554 1998 2903 2055 Ἀναστασίου
2958 2005 3051 2055 τοῦ
3107 1996 3391 2077 βασιλέως,
3447 1995 3877 2066 τελευτήσαντος

2210 2096 2304 2148 τοῦ
2361 2086 2616 2146 Ἀκακὶου
2688 2095 2781 2144 του
2837 2090 3116 2166 αἱρετικοῦ,
3176 2088 3264 2143 καὶ
3315 2083 3702 2166 προϐληθέντος
3775 2106 3877 2141 του

2212 2181 2505 2258 Εὐφημίου,
2593 2179 2630 2245 ἢ
2697 2176 2971 2257 Εὖθυμίου,
3046 2176 3133 2232 καὶ
3215 2175 3294 2252 μὴ
3348 2174 3742 2251 ἀπαλείψαντος
3803 2175 3871 2230 τὸ

2210 2276 2303 2327 τοῦ
2352 2263 2597 2324 Ἀκακίου
2651 2265 2818 2342 ὄνομα
2874 2265 2934 2323 ἐκ
2990 2271 3095 2322 τῶν
3142 2268 3294 2344 ἱερῶν
3347 2262 3642 2345 διπτύχων,
3696 2263 3867 2344 ἐσχί-

2209 2359 2308 2423 σθη
2365 2358 2393 2412 6
2444 2355 2622 2421 πάπας
2683 2353 3048 2430 Ἀναστάσιος,
3107 2356 3136 2410 6
3192 2353 3327 2429 μετὰ
3369 2352 3582 2424 Φήλικα
3639 2353 3727 2409 καὶ
3766 2359 3865 2408 Γε-

2208 2443 2414 2507 λάσιον.

2292 2523 2396 2608 ς·’,
2474 2531 2595 2591 Ἐπὶ
2649 2537 2741 2589 τοῦ
2798 2533 2953 2588 αὐτοῦ
3019 2530 3282 2609 βασιλέως
3342 2529 3707 2612 Ἀναστασίου,
3766 2539 3866 2588 τοῦ

2213 2623 2511 2702 σχίσματος
2543 2621 2718 2700 ὄντος,
2777 2618 3092 2700 Θεοδέριχος
3143 2621 3200 2684 ὃς
3258 2621 3398 2700 ἦρχε
3455 2621 3576 2677 τότε
3603 2611 3702 2688 τῆς
3735 2611 3866 2678 Ῥώ-

2213 2717 2344 2788 μῆς,
2393 2711 2526 2790 ἀνὴρ
2568 2707 2827 2789 βάρϐαρος
2881 2711 2969 2765 καὶ
3021 2709 3315 2791 Ἀρειανὸς,
3372 2709 3680 2767 ἀπέστειλεν
3729 2711 3862 2791 πρὸς

2211 2799 2430 2879 βασιλέα
2486 2789 2836 2877 συγκλητικὸν
2897 2796 3054 2878 ἄνδρα
3109 2789 3400 2874 Ῥωμαῖον,
3462 2805 3676 2866 Φῆστον
3733 2789 3859 2857 ὀνό-

2213 2911 2338 2966 ματι
2369 2908 2380 2923 ⁸
2436 2898 2622 2947 τοῦτον
2659 2886 2749 2942 οὗν
2801 2892 3014 2955 Φῆστον
3071 2885 3188 2963 ᾔτει
3236 2886 3556 2949 Μακεδόνιος
3613 2891 3641 2944 6
3698 2899 3859 2948 Κων-

2210 2975 2690 3039 σταντινουπόλεως
2751 2975 2976 3051 μεσάσαι
3027 2976 3127 3044 τὴν
3182 2975 3365 3033 ἕνωσιν
3390 2975 3422 3025 3
3473 2981 3578 3031 τῶν
3612 2973 3854 3044 Ἐκκλη-

2144 3077 2184 3128 C
2209 3070 2364 3128 σιῶν.

2293 3143 2363 3226 ζ’.
2397 3151 2518 3212 Ἐπὶ
2569 3159 2662 3210 τοῦ
2707 3155 2866 3212 αὐτοῦ
2926 3151 3186 3230 βασιλέως
3239 3152 3597 3227 Ἀναστασίου,
3649 3152 3859 3211 Σιλου-

2212 3245 2336 3306 avoc
2415 3241 2654 3306 διάκονος
2722 3241 3030 3324 ἆνατολικὸς
3112 3241 3284 3299 πολλὰ
3345 3241 3636 3317 κεκμηκὼς
3721 3243 3860 3324 ὑπὲρ

2209 3331 2488 3412 δογμάτων
2533 3332 2717 3409 ὀρθῶν,
2770 3337 2840 3409 τῇ
2899 3321 3079 3409 Ῥώμῃ
3125 3331 3461 3412 ἐπεφοίτησε,
3512 3335 3612 3398 τῆς
3669 3321 3860 3390 τοιαόέ-

2209 3444 2308 3489 της
2378 3420 2617 3484 ἐνώσεως
2695 3419 2892 3492 ἕνεκεν,
2974 3421 3061 3476 καὶ
3148 3430 3210 3480 τῦ
3285 3421 3440 3479 πάπα
3495 3420 3798 3502 Συμμάχου
3827 3422 3864 3472 4

2209 3518 2520 3568 κατανεῦσαι
2575 3507 2674 3575 τὴν
2731 3508 2916 3565 ἕνωσιν
2951 3527 2966 3544 ο
3012 3507 3148 3569 ἀλλὰ
3194 3509 3274 3585 μὴ
3325 3507 3531 3588 δεχθεὶς
3588 3508 3859 3588 ἄπρακτος

2211 3598 2625 3677 ἀνθυπέστρεψεν
2654 3597 2709 3661 5.

2290 3674 2371 3754 η’.
2405 3674 2527 3744 Ἐπὶ
2569 3692 2662 3743 τοῦ
2691 3685 2845 3743 αὒτώ
2873 3685 3160 3763 ἕβασιλέως
3220 3682 3568 3745 Ἀναστασίου
3609 3685 3859 3758 ζηλώσας

2211 3778 2242 3834 6
2269 3773 2600 3851 Βιταλιανὸς,
2663 3774 2942 3854 ἀνταρσίαν
2985 3775 3114 3854 ὑπὲρ
3169 3781 3273 3831 τῶν
3329 3771 3664 3842 Ἐκκλησιῶν
3719 3763 3863 3835 κατᾶ

2203 3863 2547 3922 Ἀναστασίου
2605 3861 2892 3938 ἐμελέτησε
2942 3882 2956 3898 ⁶
3032 3865 3119 3920 καὶ
3193 3860 3431 3926 ἐνδόντος
3515 3864 3862 3924 Ἀναστασίου

2199 3959 2292 4012 τοῦ
2348 3951 2586 4033 γενέσθαᾷι
2634 3949 2850 4010 σύνοδον
2901 3951 2955 4008 ἐν
3013 3941 3294 4031 Ἡρακλείᾳ
3349 3951 3459 4030 (1),
3503 3955 3858 4033 συνήχθησαν

2199 4044 2320 4100 τότε
2344 4043 2433 4098 καὶ
2459 4043 2507 4096 οἱ
2561 4031 2840 4116 (Ρωμαῖοι,
2893 4042 2982 4098 καὶ
3025 4037 3358 4104 συνελθόντες
3401 4044 3450 4097 οἱ
3503 4031 3699 4105 πάντες
3730 4041 3858 4100 δια-

2200 4132 2370 4189 κόσιοι
2414 4129 2712 4204 ἐπισκοποι,
2762 4127 3038 4198 διέστησαν
3086 4128 3370 4210 ἄπρακτοι,
3426 4120 3702 4208 ²Ορμίσδου
3731 4133 3858 4189 τότε

2201 4221 2354 4298 πάπα
2382 4218 2769 4298 τυγχάνοντος.

553 4301 616 4362 9.
649 4301 776 4364 Sub
805 4302 1016 4364 eodem
1067 4304 1426 4383 imperatore
1482 4301 1823 4384 Anastasio,
1855 4303 2114 4384 quadra-

2277 4297 2350 4370 θ’.
2394 4297 2519 4366 Ἐπὶ
2556 4315 2651 4366 τοῦ
2714 4312 2872 4370 αὐτοῦ
2929 4307 3188 4386 βασιλέως
3241 4304 3586 4368 ’Λναστασίου
3653 4330 3858 4368 τεσσα-

470 4387 637 4468 ginta
687 4407 760 4452 ex
790 4389 1024 4470 Illyrico
1052 4398 1228 4471 atque
1277 4389 1502 4453 Graecia
1529 4391 1796 4472 episcopi
1840 4392 2117 4470 separati,

471 4477 783 4542 Timotheo
815 4480 1086 4544 Romano
1135 4478 1402 4562 pontiﬁci
1452 4489 1645 4544 semet
1694 4479 2117 4561 adjunxerunt.

550 4655 653 4721 40.
684 4655 823 4719 Post
866 4657 1084 4719 Justini
1141 4655 1520 4737 imperatoris
1575 4656 1824 4740 obitum,
1855 4657 2123 4721 Romana

471 4743 745 4808 Ecclesia
766 4746 1146 4809 concordiam
1169 4746 1486 4809 nobiscum
1514 4747 1773 4810 coluisse
1785 4747 2120 4812 videturzin

467 4833 814 4915 provinciali
853 4835 1075 4916 quippe
1104 4836 1329 4918 synodo
1361 4842 1568 4898 contra
1597 4833 1878 4898 Severum
1913 4845 1971 4898 et
1997 4840 2120 4901 An-

463 4921 719 4986 thimum
751 4923 1082 5000 celebrata,
1115 4923 1441 4988 adfuerunt
1471 4925 1650 4986 etiam
1690 4942 1762 4986 ex
1789 4922 1956 4987 Italia
1983 4926 2117 5006 epi-

461 5011 629 5094 scopi
657 5032 795 5077 cum
827 5031 982 5098 papa
1008 5015 1278 5094 Agapeto
1313 5014 1376 5076 in
1394 5011 1546 5076 urbe
1573 5011 2112 5095 Constantinopoli.

2201 4397 2429 4477 péxov'rz
2486 4397 2762 4454 ἐπίσκοποι
2820 4397 2925 4454 ἀπὸ
2983 4396 3274 4476 Ἱλλυρικοῦ
3331 4397 3639 4477 σχισθέντες
3667 4396 3701 4446 6
3769 4404 3862 4460 καὶ

2199 4475 2300 4554 τῆς
2387 4475 2658 4563 Ἑλλάδος,

2199 4576 2390 4642 θησαν.

2283 4651 2343 4725 ι’.
2377 4663 2525 4746 Μετᾶ
2565 4663 2666 4732 τὴν
2719 4662 3275 4742 τελευτὴνςβασιλέως
3335 4661 3614 4722 Ἰουστίνου
3669 4666 3858 4746 φαίνε-

2201 4772 2288 4807 ται
2345 4753 2380 4820 ἡ
2454 4742 2728 4828 Ῥωμαίων
2782 4751 3088 4820 ,Ἐκκλησία
3158 4755 3413 4810 ἑνωθεϊσσ
3445 4768 3460 4783 ⁸
3522 4751 3578 4810 ἐν
3626 4742 3728 4832 γάρ
3788 4761 3861 4833 τῇ

2199 4845 2396 4916 τοπικῇ
2427 4837 2722 4919 συνόδῳςτῇ
2774 4843 2910 4900 κατὰ
2967 4837 3203 4921 Σεϐήρου
3261 4842 3350 4898 καὶ
3393 4838 3640 4917 Ἀνθίμου
3691 4863 3858 4922 γενο-

2197 4929 2355 5009 μένῃ,
2398 4933 2643 5008 παρῆσαν
2697 4931 2786 4988 καὶ
2843 4933 2891 4988 οἱ
2941 4930 3046 4988 ἀπὸ
3117 4928 3342 4994 Ἰταλίας
3385 4928 3718 4996 συνελθόντες
3772 4940 3854 5009 τῷ

2197 5017 2351 5091 πάπᾳ
2425 5013 2723 5097 Ἀγαπητῷ
2804 5019 2859 5078 ἐν
2943 5017 3496 5080 Κωνσταντινουπόλει
3530 5036 3547 5054 ⁶
3618 5022 3708 5079 καὶ
3783 5029 3856 5099 τῇ

2753 4486 2993 4563 Τιμοθέῳ
3021 4487 3051 4536 7
3130 4493 3210 4562 τῷ
3301 4477 3515 4562 Ῥώμης
3589 4489 3858 4566 προσετέ-

1869 5179 2066 5249 Variae
2090 5184 2398 5252 lectiones.

602 5362 698 5428 ΑΙ.
731 5363 867 5469 00,2,
898 5365 1222 5469 rﬁ‘évéﬂt‘:
1383 5363 1634 5469 Codices
1662 5365 1994 5469 σὲμμέιχίαν.

459 5441 575 5510 fuit
599 5413 1166 5527 ᾖῐέιέἳτίπὶἔτίἱέἱὶᾆῖ
1173 5413 1966 5528 ’ἐστίὼῖιῖῗέἔέόἶῐιέκρξξ

2107 5368 2141 5419 ⁵
2166 5369 2261 5434 ΑΙ.
2295 5368 2430 5435 cod.
2462 5373 2658 5432 καθυπ.

2766 5367 2800 5419 θ
2833 5367 2924 5434 ΑΙ.
2959 5369 3098 5433 cod.
3127 5369 3461 5452 σχισθέντος.
3575 5371 3606 5421 7
3635 5369 3856 5436 Nullus

2051 5576 2238 5644 Notae.

545 5701 632 5782 (ι)
658 5701 1060 5777 (lustrandum
1091 5706 1170 5771 de
1193 5707 1306 5771 hac
1333 5707 1723 5775 Heracleensi
1747 5707 1992 5791 synodo.
