4076 6114
295 216 462 323 717

1478 261 1579 327 DE
1621 260 2053 328 SCHISMATE
2094 259 2560 329 GRECORUM.

3568 261 3691 332 718

298 392 526 483 πέμπτῃ
601 392 656 451 δὲ
709 398 798 454 καὶ
865 397 1201 475 οἳκουμενικῇ
1272 393 1473 474 συνόδῷ
1515 397 1766 475 συνῄνεσε
1835 404 1949 476 Βρι-

2048 397 2272 472 Ωιιὶιιιω
2291 402 2542 483 insuper
2575 398 2962 465 oecumenicae
3002 399 3225 482 synodo
3250 399 3548 464 consentit
3575 400 3685 464 Vi-

303 481 537 560 γίλλιος,

390 563 485 635 ια’.
544 570 666 630 Ἐπὶ
721 576 1111 634 Κωνσταντίνου
1177 586 1272 638 τοῦ
1330 578 1663 656 Πωγωνάτου
1720 576 1856 644 ἦσαν
1909 576 1957 631 οἱ

303 649 569 736 (Ρωμαῖοι
619 663 1031 742 ὑποτεταγμένοι
1067 681 1080 696 ’
1141 649 1450 745 ἀναγαγὼν⁷
1489 667 1589 745 γὰρ
1643 665 1735 721 τὸν
1777 664 1958 720 πάπαν

303 752 463 815 οὗτος
491 757 781 829 Μαρττνον,
841 752 1083 818 ἒξώόισεν
1141 756 1214 818 εἷς
1272 761 1547 834 Χερσῶνα,
1610 752 1732 811 Ἐπὶ
1785 751 1839 809 δὲ
1867 759 1959 809 τοῦ

301 841 420 895 ὓὶοὖ
481 841 640 899 αὐτοῦ
697 841 992 921 ’γενομένης
1050 848 1150 910 τῆς
1205 833 1288 918 ς·’
1341 842 1578 924 συνόδου,
1631 845 1660 899 6
1714 841 1956 921 Ἀγάθων

305 928 562 1004 συνῄνεσε
617 928 701 985 διὰ
770 936 1152 1010 τοποτῆρητῶν
1183 949 1199 964 ⁸
1259 933 1349 988 καὶ
1403 933 1523 989 τότε
1582 932 1678 1007 μὲν
1739 931 1955 993 κανόνες

302 1016 403 1073 οὒκ
457 1014 762 1084 ἐξετέθησαν
798 1037 814 1052 °
866 1019 1107 1075 ἀπόντων
1165 1018 1220 1076 δὲ
1271 1025 1376 1078 τῶν
1435 1017 1735 1096 Ῥωμαίων,
1783 1021 1830 1075 οἱ
1873 1017 1958 1075 λε-

298 1105 521 1184 γόμενοι
592 1106 832 1189 κανόνες-
887 1112 987 1174 τῆς
1059 1097 1140 1182 ς’
1197 1108 1409 1166 συνόδου
1479 1109 1782 1189 ἐγράφησαν
1839 1105 1954 1182 μετ’

297 1195 363 1251 οὗ
401 1192 538 1250 πολὺ
567 1192 651 1276 ἐπὶ
677 1201 768 1252 τοῦ
819 1186 1161 1271 ιΡινοτμήτου
1189 1214 1206 1230 ⁶
1270 1195 1322 1263 ἐξ
1380 1186 1582 1254 ἐκείνου
1623 1186 1678 1246 ⁷8
1731 1193 1956 1276 ἤρξαντο

296 1284 390 1338 καὶ
473 1284 540 1338 τὰ
623 1273 896 1360 Ῥωμαίων
979 1285 1266 1365 αἰτιάματα
1343 1283 1729 1365 διελέγχεσθαι,
1772 1273 1780 1276 ﬁ
1821 1282 1954 1364 ἅπερ

297 1375 530 1450 παριστᾷ
553 1368 588 1418 9
627 1371 656 1427 6
700 1393 754 1449 ιγ
781 1419 798 1452 ,
831 1373 858 1428 6
885 1361 1022 1447 Ag",
1071 1374 1099 1428 6
1132 1361 1208 1427 γε’
1255 1371 1335 1447 10,
1388 1361 1724 1440 τῆς-ἀὐτῆς
1742 1361 1956 1432 συνόδου

298 1459 477 1515 κανών
500 1477 517 1492 ·
551 1459 748 1524 οἵτινες
791 1460 1007 1524 κανόνες
1054 1459 1167 1518 οὐδὲ
1219 1461 1489 1540 φαίνονται
1532 1459 1786 1541 δεχθῆναι
1818 1459 1951 1536 μετὰ

293 1557 470 1628 ταῦτα
512 1548 653 1627 παρὰ
683 1539 954 1625 ζΡωμαίων
986 1549 1022 1617 ἢ
1052 1553 1488 1628 τρακταΐσθῆναι,

381 1624 476 1712 ιβ’.
509 1624 630 1719 Ἰξπὶ
657 1624 879 1702 Λέοντος
921 1645 1014 1694 τοῦ
1066 1624 1446 1718 ε’ἷκονομάχου,
1499 1637 1658 1696 πάλιν
1689 1637 1948 1719 ἐσχίσθη-

300 1746 399 1782 σαν
451 1727 498 1782 οἱ
557 1715 813 1802 Ῥωμαῖοι
869 1728 958 1783 καὶ
998 1733 1099 1794 τῆς
1155 1715 1425 1803 βασιλείας
1479 1731 1578 1794 τῆς
1615 1715 1949 1786 Κωνσταντι-

297 1814 627 1872 νουπολιτῶν
683 1819 772 1873 καὶ
839 1822 938 1884 τῆς
983 1815 1328 1897 Ἐκκλησίας⁷
1389 1817 1809 1892 ἐκτειναζάμενοι
1851 1818 1950 1885 τὴν

300 1905 578 1983 ὑποταγὴν
621 1907 710 1962 καὶ
750 1904 960 1987 ἕνωσιν,
993 1907 1081 1962 καὶ
1124 1903 1349 1970 σπονδὰς
1405 1908 1536 1986 πρὸς
1591 1907 1712 1970 τοὺς
1765 1907 1950 1986 Φράγ-

301 2015 429 2073 γους
492 1993 844 2069 ποιησάμενοι
917 1996 1008 2052 σὺν
1077 1995 1224 2071 πάσῃ
1280 2000 1349 2071 τῇ
1417 1993 1613 2068 Ἰταλίᾳ
1682 1994 1951 2052 ἐκώλυσαν

299 2084 390 2138 καὶ
418 2084 539 2146 τοὺς
596 2085 806 2163 φόρους,
869 2085 956 2140 καὶ
1011 2084 1100 2139 τὸν
1164 2081 1658 2163 ψευδοπατριάρχην
1682 2082 1730 2125 ﬂ
1786 2082 1952 2140 Ἀνα-

301 2173 519 2230 στάσιον
548 2171 916 2247 ἆνεθεμάτισεν
946 2173 974 2228 6
1004 2171 1154 2248 ἅγιος
1181 2173 1494 2250 Γρηγόριος,

384 2251 480 2340 ιγ’,
539 2260 703 2318 Πάλιν
745 2260 830 2316 ἐπὶ
885 2249 1278 2319 Κωνσταντίνου
1333 2249 1422 2316 καὶ
1479 2261 1708 2340 Εἰρήνης
1762 2264 1861 2327 τῆς
1903 2249 1955 2332 ζ.

299 2348 516 2408 συνόδου
568 2349 1037 2430 συγκροτηθείσης,
1107 2351 1136 2406 6
1203 2350 1384 2412 πᾶπας
1456 2347 1726 2429 Ἀδριανὸς
1782 2350 1951 2427 συνῄ-

301 2460 474 2500 νεσεν.

385 2518 476 2588 ιδ’.
523 2525 644 2586 Ἐπὶ
685 2527 892 2587 Φωτίου
924 2534 1014 2584 τοῦ
1059 2526 1662 2591 Κωνσταντινουπόλεως
1705 2526 1842 2606 μέγα
1882 2528 1946 2596 ἧν

2036 493 2237 572 gilius.

2123 583 2219 645 11.
2270 582 2578 662 Regnante
2629 577 3018 644 Constantino
3075 577 3398 659 Pogonato,
3429 579 3688 642 Romani

2039 670 2271 734 subacti
2289 677 2461 734 erant
2484 692 2499 752 ;
2521 670 2572 732 is
2597 669 2757 731 enim
2778 668 3095 732 Martinum
3121 687 3330 749 papam
3362 668 3684 732 abductum

2041 758 2405 824 Chersonem
2421 759 2723 838 relegavit.
2753 757 2901 821 Exin
2920 756 3030 821 sub
3053 757 3212 820 illius
3232 757 3353 822 tilio
3377 757 3690 821 celebratae

2042 856 2220 912 sextae
2251 849 2472 932 synodo
2503 848 2734 930 Agatho
2765 865 2873 928 per
2888 865 3026 909 suos
3044 847 3271 925 legatos
3303 846 3683 930 subscripsit.

2039 935 2110 999 Et
2139 945 2277 1000 tunc
2307 938 2550 1020 quidem
2599 937 2749 999 nulli
2811 955 3070 998 canones
3122 935 3350 999 conditi
3395 935 3686 1012 fuerunt;

2039 1045 2246 1090 verum
2282 1028 2455 1110 paulo
2489 1026 2640 1108 poSt,
2673 1025 3022 1088 absentibus
3073 1026 3199 1106 jam
3232 1025 3542 1102 Romanis,
3576 1045 3685 1088 ca-

2041 1135 2231 1180 nones
2250 1118 2337 1178 illi
2363 1117 2465 1198 qui
2486 1123 2664 1177 sextae
2686 1115 2895 1196 synodi
2929 1115 3231 1191 dicuntur,
3261 1115 3468 1196 scripti
3487 1115 3681 1192 fuere,

2037 1215 2321 1284 regnante
2346 1205 2749 1268 Rhinotmeto.
2775 1206 2968 1286 Atque
2991 1205 3064 1266 ab
3086 1222 3156 1267 eo
3180 1212 3448 1286 tempore
3478 1221 3684 1286 cmpe-

2037 1303 2176 1356 runt
2197 1295 2643 1357 criminationes
2660 1294 2776 1356 illa;
2819 1294 2946 1355 ﬁeri
2995 1293 3294 1371 Romanis,
3331 1313 3478 1375 quas
3509 1313 3684 1357 cano-

2039 1403 2144 1446 nes
2175 1383 2274 1465 13,
2323 1384 2421 1461 36,
2455 1385 2554 1456 55,
2586 1389 3016 1464 repraesentant
3045 1404 3061 1457 ;
3097 1382 3199 1463 qui
3226 1385 3546 1466 caateroqui
3576 1403 3680 1446 ca-

2036 1493 2222 1536 nones
2255 1492 2374 1536 non
2427 1472 2700 1534 videntur
2755 1481 2959 1553 postea
3012 1490 3046 1535 a
3102 1473 3392 1536 Romanis
3425 1473 3677 1556 recepti,

2033 1581 2228 1644 neque
2258 1563 2330 1625 ad
2363 1562 2645 1624 trutinam
2678 1560 2958 1626 revocati.

2115 1652 2212 1716 12.
2239 1652 2359 1715 Sub
2383 1654 2582 1715 Leone
2603 1651 3022 1728 Iconomacbo,
3046 1668 3254 1713 rursus
3287 1650 3592 1716 sciderunt
3612 1671 3680 1714 se

2035 1742 2312 1818 Romani,
2350 1749 2406 1804 et
2438 1741 2510 1803 ab
2544 1741 2800 1822 imperio
2831 1741 3484 1822 Constantinopolitano
3517 1750 3576 1804 et
3604 1741 3677 1804 ab

2036 1830 2166 1910 ejus
2221 1831 2510 1914 Ecclesia,
2563 1830 2795 1910 abjecta
2829 1828 3202 1910 subjectione
3231 1840 3406 1911 atque
3429 1832 3677 1904 unione,

2033 1919 2344 2002 foedusque
2371 1920 2635 1981 inierunt
2665 1937 2798 1980 cum
2833 1917 3101 2001 Francis,
3156 1918 3472 1981 deﬁciente
3503 1919 3679 1981 simul

2035 2009 2312 2071 universa
2327 2009 2510 2071 Italia.
2543 2007 2792 2071 Tributa
2814 2025 3048 2088 quoque
3069 2005 3196 2069 dari
3222 2007 3679 2088 prohibuerunt.

2034 2099 2306 2179 Denique
2337 2097 2963 2179 pseudopatriarcham
3021 2095 3397 2159 Anastasium
3427 2099 3680 2161 anathe-

2035 2189 2172 2248 mati
2205 2186 2465 2267 subjecit
2493 2186 2843 2266 Gregorius.

2116 2365 2214 2429 13.
2239 2363 2445 2426 Denuo
2468 2363 2578 2426 sub
2602 2361 2988 2427 Constantino
3012 2369 3070 2424 et
3089 2360 3261 2424 Irene
3290 2363 3558 2446 septimae
3588 2382 3684 2444 sy-

2035 2451 2192 2515 nodo
2225 2459 2593 2532 congregatae
2623 2451 2928 2532 consensit
2957 2450 3276 2532 Adrianus.

2115 2534 2209 2596 14.
2259 2530 2377 2594 Sub
2436 2530 2642 2594 Photio
2697 2530 3294 2612 Constantinopoleos
3343 2532 3681 2614 patriarcha

297 2620 528 2698 σχίσμα,
587 2619 675 2674 καὶ
745 2615 921 2674 πολλὰ
989 2618 1056 2673 τὰ
1113 2617 1398 2693 αἰτιάματα
1467 2621 1574 2672 τῶν
1649 2607 1944 2693 Ῥωμαίων,

2048 2640 2309 2700 nagnum
2341 2629 2468 2684 erat
2498 2619 2811 2696 schrisma,
2841 2607 3159 2702 multaeque
3174 2607 3458 2684 Romanis
3481 2622 3682 2684 crimi-

300 2710 377 2770 ὣς
431 2709 466 2774 ἡ
533 2705 808 2785 ἐγκύκλιος
865 2710 1023 2766 αὒτοῦ
1068 2705 1323 2774 ἐπιστολὴ
1381 2712 1610 2785 παριστᾷ
1643 2722 1656 2738 ⁸
1719 2706 1947 2784 γενομέ-

2048 2711 2305 2774 ιειῑίοηεε
2334 2711 2574 2772 inﬂictae
2600 2709 2860 2786 fuerunt,
2895 2719 2960 2773 ut
2991 2711 3052 2770 in
3077 2711 3387 2790 encyclica
3409 2711 3679 2792 praedicti

294 2821 396 2864 νην
438 2796 491 2853 δὲ
533 2799 770 2861 ἑνώσεως
798 2805 904 2855 τῶν
956 2796 1312 2873 Ἐκκλησιῶν,
1359 2800 1534 2862 καθὼς
1576 2799 1611 2865 ἡ
1661 2799 1803 2877 παρὰ
1855 2804 1949 2855 τοῦ

2048 2800 2282 2880 epistola
2335 2799 2539 2862 videre
2593 2807 2702 2862 est.
2770 2797 2948 2860 Facta
2995 2799 3215 2863 deinde
3269 2800 3676 2864 Ecclesiarum

302 2888 463 2944 αὐτοῦ
489 2888 696 2943 Φωτίου
752 2893 982 2950 συςτᾶσα
1024 2884 1236 2948 σύνοδος
1295 2884 1475 2960 δηλοῖ,
1528 2886 1616 2942 καὶ
1672 2884 1948 2949 ἑνωθέντος

2048 2888 2280 2963 mione,
2315 2896 2486 2970 prout
2515 2887 2773 2967 synodus
2803 2905 2837 2947 a
2862 2887 3069 2948 Pbotio
3103 2889 3406 2950 celebrata
3433 2889 3679 2952 demon-

303 2972 319 2995 τ
682 2981 705 2991 υ
772 2965 785 2986 ε
1756 2981 1785 2990 ι..
1924 2976 1936 2993 ι

324 2975 549 3035 Ιωάννου
617 2998 710 3032 του
787 2975 1005 3050 Ρώμης,
1066 2976 1155 3031 καὶ
1215 2973 1467 3039 λαϐόντος
1531 2996 1824 3038 κανονικως
1884 2997 1949 3035 τα

2048 2984 2213 3054 strat;
2241 2965 2516 3058 copulato
2550 2965 2862 3058 nobiscum
2882 2977 3110 3058 Joanne
3139 2975 3342 3058 Romae
3371 2979 3672 3058 pontiﬁce,

298 3062 630 3142 ἀρχαιότατα
677 3063 965 3143 προνόμια,
1025 3063 1091 3120 τὰ
1148 3061 1428 3140 Ῥωμαϊκὰ
1476 3063 1763 3138 αἰτιάματα
1817 3063 1949 3145 ἅπερ

2048 3065 2095 3118 et
2123 3055 2553 3136 antiquissimis
2580 3056 2635 3116 vi
2686 3055 2968 3118 canonica
3017 3056 3340 3138 privilegiis
3365 3055 3439 3119 ab
3471 3077 3541 3120 eo
3575 3055 3676 3122 re?

301 3153 393 3208 καὶ
434 3150 564 3219 ἕκτη
607 3151 843 3227 σύνοδος,
891 3155 964 3216 ὡς
1023 3151 1257 3232 εἴρηται,
1307 3154 1396 3209 καὶ
1454 3154 1608 3216 αὐτὸς
1669 3153 1696 3208 6
1746 3152 1950 3218 Φώτιος

303 3240 734 3322 καταμέμφεται,
837 3242 1116 3308 εἰάσθησαν
1225 3239 1499 3305 παντελῶς
1555 3237 1947 3322 ,ἀνεξέταστω

303 3325 442 3385 Ἀπὸ
471 3317 594 3410 γοῦν
637 3335 735 3397 τῆς
775 3319 860 3404 ς’
900 3327 1115 3386 συνόδου
1160 3328 1319 3410 μέχρι
1364 3334 1464 3396 τῆς
1515 3317 1565 3399 ζ’
1618 3326 1950 3408 παρέδραμον

303 3417 400 3485 ἔτη
446 3407 534 3498 ρη’
570 3416 624 3460 19
657 3437 672 3452 '
738 3420 826 3476 καὶ
867 3417 1002 3487 ἦσαν
1049 3422 1101 3476 αἱ
1171 3407 1481 3485 Ἐκκλησίαι
1524 3407 1818 3498 ἡνωμέναι⁷
1863 3419 1952 3474 καὶ

301 3497 467 3572 οὐδεὶς
537 3506 695 3584 λόγος
757 3508 876 3586 περὶ
944 3514 1051 3564 τῶν
1110 3505 1432 3587 σφαλμάτων
1499 3512 1607 3562 τῶν
1681 3497 1954 3581 ιΡωμαίων

301 3595 543 3676 γέγονεν,
577 3599 621 3653 εἰ
678 3597 756 3672 μὴ
815 3594 1004 3665 συνέϐη
1061 3599 1095 3666 ἦ
1153 3596 1538 3675 εἰκονομαχικὴ
1580 3593 1824 3676 αἵρεσις,
1884 3593 1950 3651 δι’

299 3673 484 3752 ἦνκαὶ
513 3687 655 3750 αὗθις
709 3685 1033 3765 ἐσχίσθησαν
1062 3702 1077 3718 ⁸
1124 3685 1231 3742 ἀπὸ
1285 3682 1340 3739 δὲ
1383 3673 1590 3764 τῆςξξ
1643 3673 1731 3740 καὶ
1773 3682 1858 3740 ἐπὶ
1886 3684 1952 3741 τὰ

302 3772 596 3852 ἔμπροσθεν
653 3773 814 3853 μέχρι
857 3775 946 3831 καὶ
995 3775 1201 3832 Φωτίου
1263 3770 1380 3832 οὐδὲ
1435 3771 1601 3836 οὕτως
1658 3771 1817 3850 λόγος
1873 3793 1954 3836 τις

302 3863 521 3934 ἐκινήθη
550 3865 668 3942 περὶ
720 3869 845 3942 τῶν
887 3854 1205 3939 Ῥωμαϊκῶν
1261 3859 1606 3942 σφαλμάτων,
1653 3864 1726 3918 ὧν
1781 3861 1871 3917 καὶ
1927 3863 1955 3917 6

301 3952 510 4016 Φώτιος
538 3941 630 4010 καὶ
668 3953 703 4020 ἡ
763 3941 846 4026 ς’
903 3951 1140 4028 ἐμνήσθη
1197 3941 1408 4014 σύνοδος
1442 3970 1460 3988 ο
1503 3972 1596 4021 τοι]
1637 3947 1692 4004 δὲ
1749 3949 1956 4006 Φωτίου

304 4043 440 4118 μετὰ
494 4040 702 4109 πολλὴν
762 4039 1030 4109 καταϐοὴν
1086 4042 1174 4098 καὶ
1229 4041 1474 4120 ταραχὴν
1540 4037 1954 4117 ἀπολυπραγμο-

296 4151 404 4195 νως
425 4129 584 4188 πάλιν
609 4128 884 4194 ἑνωθέντος
915 4142 1033 4194 τοῖς
1065 4120 1370 4206 Ῥωμαίοις,
1406 4134 1510 4186 τῶν
1530 4149 1589 4184 τε
1620 4125 1952 4194 Ἐκκλησιῶν

300 4220 544 4300 ὑπῆρχεν
576 4218 774 4295 ὁμοίως
807 4216 1024 4283 ἕνωσις.

387 4473 478 4550 ιε’.
523 4484 627 4543 Καὶ
680 4483 767 4541 ἐπὶ
823 4485 1063 4563 Σεργίου,
1127 4492 1222 4543 τοῦ
1276 4483 1362 4540 ἐπὶ
1389 4488 1509 4561 ,τοῦ
1549 4481 1954 4562 Βουλγαροκτό-

299 4596 414 4650 νου,
467 4573 1017 4653 πατριαρχεύσαντος,
1085 4571 1294 4650 λέγεται
1362 4570 1522 4628 πάλιν
1588 4570 1793 4650 σχίσμα
1823 4592 1951 4649 ιγε-

2035 3145 2328 3225 cuperatis
2364 3165 2380 3220 ;
2439 3144 2885 3206 criminationes
2942 3151 3146 3205 contra
3172 3147 3495 3218 Romanos,
3529 3164 3676 3228 quas

2034 3241 2198 3295 sexta
2225 3243 2288 3295 ut
2319 3232 2578 3294 diximus
2608 3233 2877 3312 synodus
2907 3240 2964 3293 et
2988 3233 3118 3314 ipse
3148 3233 3387 3295 Photius
3416 3234 3676 3298 intorse-

2033 3331 2186 3397 rant,
2219 3322 2349 3384 sine
2380 3321 2499 3382 ullo
2530 3339 2777 3402 prorsus
2835 3321 3104 3383 examine
3147 3325 3382 3384 omissae
3412 3324 3671 3387 fuerunt.

2032 3410 2160 3474 Jam
2185 3430 2324 3473 vero
2343 3429 2378 3472 a
2399 3419 2565 3472 sexta
2586 3411 2816 3490 synodo
2839 3411 2913 3472 ad
2935 3410 3249 3492 septimam
3266 3411 3406 3473 anni
3435 3421 3672 3475 centum

2037 3509 2092 3563 et
2123 3509 2254 3562 octo
2286 3500 2475 3581 elapsi
2506 3508 2644 3562 sunt
2676 3520 2692 3577 ;
2754 3509 3041 3582 erantque
3086 3499 3373 3564 Ecclesiae
3418 3503 3672 3574 invicem

2035 3590 2239 3665 unita,
2269 3589 2584 3670 nullusque
2611 3589 2685 3650 de
2716 3591 3113 3652 Romanorum
3147 3590 3448 3652 erroribus
3476 3611 3674 3655 sermo

2037 3679 2475 3760 fuit;nisiquod
2498 3679 3023 3741 Iconomachorum
3045 3697 3112 3740 su
3121 3681 3673 3765 pervenithaaresis,

2037 3768 2204 3848 cujus
2235 3785 2408 3829 causa
2438 3766 2650 3827 iterum
2682 3765 2938 3827 schisma
2995 3767 3286 3830 fecerunt.
3320 3771 3457 3832 Post
3486 3772 3675 3852 septi-

2037 3875 2191 3917 mam
2226 3855 2535 3937 synodum,
2570 3855 2690 3915 imo
2723 3861 2781 3915 et
2802 3854 3047 3915 ulterius
3065 3872 3255 3936 usque
3275 3857 3348 3918 ad
3370 3859 3678 3938 Photium,

2034 3946 2233 4008 nullus
2259 3962 2428 4026 aeque
2459 3950 2788 4005 commotus
2816 3961 3013 4004 sermo
3034 3943 3145 4006 fuit
3165 3946 3240 4007 de
3270 3948 3677 4011 Romanorum

2037 4035 2364 4107 erroribus,
2390 4033 2511 4094 illis
2531 4031 2807 4093 videlicet
2849 4051 2997 4113 quos
3031 4033 3273 4096 Photius
3302 4043 3362 4100 et
3385 4045 3550 4100 sexta
3575 4057 3677 4120 sy-

2037 4123 2229 4186 nodus
2253 4127 2744 4185 memoraverant.
2767 4120 2949 4183 Porro
2962 4122 3194 4205 Pbotio,
3210 4124 3678 4204 postclamorem

1969 4219 2360 4304 Dtantumac
2391 4208 2947 4304 perturbationem,_
2985 4210 3145 4304 facili
3203 4215 3440 4294 negotio
3468 4233 3680 4280 rursus

2032 4301 2316 4366 Romanis
2344 4298 2752 4376 reconciliata,
2812 4298 3214 4366 Ecclesiarum
3272 4304 3495 4384 pariter
3539 4306 3680 4369 unio

2034 4390 2317 4455 constitit.

2115 4481 2214 4544 15.
2247 4478 2674 4542 Verumtamen
2705 4478 2939 4561 Sergio,
2971 4479 3072 4561 qui
3100 4480 3210 4543 sub
3250 4482 3681 4563 Bulgaroctouo

2039 4571 2280 4660 (Basilio
2311 4569 2386 4651 Il)
2427 4569 2766 4660 patriarcha
2794 4569 2928 4660 fuit,
2988 4572 3430 4660 denuo_dicitur
3459 4574 3680 4660 factum

300 4663 477 4719 νέσθαι
511 4681 526 4697 ·
574 4651 895 4719 κατὰ-ποίαν
946 4651 1010 4717 δὲ.
1045 4661 1234 4738 αἰτίαν,
1268 4661 1443 4740 ἀγνοῶ
1473 4658 1556 4740 (2)
1593 4675 1607 4690 ⁸
1662 4657 1949 4740 δοκεῖ-γὰρ

2048 4651 2315 4725 ichisma,
2349 4652 2520 4740 cujus
2551 4667 2790 4740 causam
2820 4651 3052 4740 ignoro,
3108 4651 3216 4714 sed
3249 4661 3448 4716 tamen
3478 4654 3554 4718 de
3591 4674 3676 4718 se-

299 4749 388 4806 διὰ
445 4750 568 4814 τοὺς
608 4749 820 4829 θρόνους
854 4766 869 4782 ⁸
931 4749 1050 4806 ἀλλ’
1109 4750 1154 4805 εἰ
1197 4737 1294 4824 μὲν
1317 4737 1325 4740 ⁷
1348 4737 1546 4826 ἄγνοια
1589 4747 1657 4815 ἧν
1688 4752 1794 4803 τῶν
1827 4737 1949 4805 (Ρωέ

2048 4740 2208 4803 iibus
2241 4737 2540 4803 contentio
2597 4738 2780 4829 fuisse
2833 4738 3089 4829 videtur.
3146 4740 3276 4804 Jam
3310 4761 3450 4805 vero
3479 4743 3531 4804 si
3560 4745 3682 4806 Ro-

301 4845 516 4917 μα’ίκῶν
587 4827 936 4919 σφαλμάτων,
1028 4838 1128 4906 τὴν
1210 4837 1485 4895 κοινωνίαν
1563 4835 1699 4899 ἴσως
1787 4834 1949 4902 οὐδεὶς

2048 4847 2342 4892 manorum
2368 4845 2607 4890 errores
2627 4827 2914 4908 incogniti
2937 4829 3209 4912 fuissent,
3236 4849 3414 4894 nemo
3431 4833 3682 4896 fortasse

298 4916 668 5009 κατεμέμφετό
701 4943 716 4959 ⁸
754 4927 868 4986 ἐπεὶ
909 4925 965 4984 δὲ
1007 4927 1113 4985 ἀπὸ
1139 4931 1239 4995 τῆς
1266 4916 1349 5002 ς’
1391 4923 1606 4984 συνόδου
1644 4927 1680 4994 ἡ
1727 4922 1949 5004 διάγνω-

2048 4917 2518 4984 :emmunionem
2577 4916 2738 4979 illam
2790 4917 3126 5000 vituperat;
3209 4936 3370 4986 nunc
3426 4921 3564 5002 quia
3621 4922 3684 4984 in

1720 5056 1918 5120 Variae
1945 5056 2258 5120 lectiones.

566 5191 703 5258 cod.
733 5190 824 5276 ἀφ’
855 5195 938 5256 οὗ.
1019 5193 1054 5246 9
1079 5193 1181 5258 ΑΙ.
1211 5192 1346 5258 cod.
1381 5193 1617 5275 ἐλέγχει.
1645 5189 1706 5244 ίθ
1732 5189 1875 5256 God.
1911 5214 1949 5270 ιη

371 5301 383 5338 ι
522 5323 538 5338 .

2048 5178 2092 5247 3⁸
2119 5177 2196 5246 νε’
2215 5176 2290 5255 ξε’
2319 5184 2410 5249 vel
2438 5174 2536 5259 ξζ’.
2621 5185 2670 5228 ¹¹
2701 5184 2796 5251 ΑΙ.
2828 5183 2962 5250 cod.
2995 5188 3362 5271 φρατριάρχην
3444 5189 3500 5235 ¹²
3525 5191 3679 5256 Cod.

297 5299 383 5374 μη
435 5299 538 5340 40.

1922 5398 2110 5463 Notae.

381 5539 470 5624 (2)
497 5539 743 5626 Sergius
769 5539 870 5606 hic
896 5540 1218 5626 Rhodanus
1244 5545 1395 5606 erat.
1419 5511 1574 5626 Tum
1598 5538 1675 5626 de
1699 5537 1814 5626 hoc
1846 5546 1912 5605 et
1963 5537 2040 5602 de
2101 5534 2504 5616 subsequente
2533 5531 2869 5614 Cerulario,
2899 5533 3130 5602 utiliter
3155 5537 3388 5620 legetur
3414 5543 3688 5626 Guperus

308 5619 375 5686 in
394 5618 654 5688 tractatu
679 5619 759 5686 de
786 5621 1136 5705 patriarchis
1158 5618 1847 5703 Constantinopolitanis.
