4076 6114
343 218 472 284 ’725
1130 225 1454 292 HOMILIA
1495 230 1579 294 IN
1621 228 1858 293 FESTO
1898 221 2488 292 RESTITUTIONIS
2530 227 2953 294 IMAGINUM
3628 225 3752 292 726

338 356 492 410 θεῖον
557 353 740 430 ὕμνοις
820 361 907 415 κκὶ
963 357 1280 437 δοξολογίαις
1349 359 1739 438 θεραπεύουσιν,
1815 350 1873 416 Ὀ
1931 355 2009 412 δὲ.

2096 349 2300 423 iumen
2324 359 2550 423 colunt.
2579 359 2904 440 Apostolus
2924 368 3124 424 autem
3144 362 3220 424 ad
3233 361 3497 443 idipsum
3517 361 3746 426 adhor-

345 438 677 509 Ἀπόστολος
709 447 836 506 αὐτὸ
881 456 1037 506 τοῦτο
1099 454 1369 528 παραινῶν
1427 448 1483 504 ἐν
1534 448 1809 515 καινότητι
1859 453 2002 520 ζωῆς

2096 462 2241 520 tans,
2261 452 2317 508 in
2339 438 2738 512 novitatevitze
2765 448 3075 512 ambulare
3097 438 3400 532 praecipit:
3427 458 3510 526 et,
3533 452 3753 534 Siqua

349 537 715 609 περιπατῆσαι
759 532 1138 616 διακελεύεται,
1189 537 1277 594 καὶ
1340 560 1362 593 ο
1423 537 1493 596 Ei’
1547 560 1630 601 τις
1683 538 1736 595 ἐν
1769 544 2007 617 ΔΧριστῷ

2096 538 2152 598 in
2176 536 2412 600 Christo
2425 556 2580 601 nova
2597 544 2902 614 creatura,
2929 541 3315 603 renovamini
3345 540 3396 602 9.
3435 532 3657 604 Ι)οωίιὶ
3657 542 3754 606 ica

345 619 511 708 καινὴ
564 623 756 698 κτίσις,
819 610 1234 696 ἀνακαινίζεσθε.
1300 648 1326 681 ιι
1403 627 1480 685 Τὰ
1536 625 1590 682 δὲ
1654 649 1716 706 γε
1769 610 2008 705 Ϊζυριακά

2096 631 2280 688 autem
2308 626 2543 707 eloquia
2578 610 2928 708 prophetico
2968 645 3137 690 more
3165 627 3476 690 declarant
3505 648 3520 691 :
3557 631 3746 694 Facta

348 705 510 788 λόγια
537 711 636 779 τὴν
660 716 995 794 προφητικὴν
1045 714 1313 772 δεικνύντα
1371 705 1691 798 κατάστασιν
1725 731 1739 746 ⁸
1781 738 1810 772 ι
1839 714 2001 794 Ἐγέ-

2096 722 2230 778 sunt
2250 705 2544 779 Encaém‘a
2571 705 3033 798 Hierosolymis,
3066 721 3126 779 et
3149 718 3339 779 hiems
3373 723 3506 780 erat
3527 718 3598 794 3;
3627 719 3754 782 sive

345 817 492 874 νετο,
572 823 596 860 ι
671 804 854 884 φησὶν,
917 827 946 860 α
1005 803 1281 883 Ἐγκαίνια
1337 805 1391 862 ὲν
1466 796 1847 886 Ἱεροσολύμοις
1916 805 2005 862 καὶ

2096 802 2273 865 hiems
2291 805 2641 884 spiritualis,
2669 823 2788 886 qua
2807 796 3311 883 gensJudasorum
3329 806 3744 886 sanguinarias

348 889 563 974 χειμὼν
591 892 660 958 ἦν
689 911 720 952 )
759 909 774 924 ⁸
808 893 921 950 εἴτε
971 895 1160 962 νοητὸς
1203 892 1322 952 καθ’
1377 895 1434 952 ὃν
1489 896 1551 952 τὸ
1593 901 1700 952 τῶν
1743 891 2005 952 Ἰουδαίων

2096 895 2467 974 tempestates
2499 900 2559 956 et
2588 895 2908 956 tumultum
2959 901 3173 956 contra
3202 913 3584 958 communem
3619 894 3756 958 Sal-

353 971 499 1065 ξνθος
529 980 667 1036 κατὰ
723 988 816 1038 τοῦ
868 990 1050 1040 κοινοῦ
1094 988 1344 1062 Σωτῆρος
1400 983 1494 1048 τὰς
1549 988 1647 1051 τῆς
1706 981 2007 1063 μιαιφονίας

2096 971 2353 1043 νειοτθιη
2385 981 2798 1044 commovebat
2833 1002 2851 1059 ;
2910 982 3034 1045 sive
3083 983 3280 1046 hiems
3329 982 3452 1056 illa,
3486 1002 3619 1065 quae
3652 1003 3760 1064 per

353 1061 511 1122 ἐκίνει
536 1069 840 1149 καταιγίδας
869 1073 958 1129 καὶ
986 1073 1076 1130 τὸν
1107 1061 1345 1153 τάραχον
1379 1091 1394 1106 ⁶
1453 1072 1565 1129 ε’ίτε
1593 1075 1683 1130 καὶ
1709 1075 1736 1130 6
1765 1061 1862 1137 τὰς
1892 1093 2005 1128 σω-

2096 1070 2628 1133 commutationem
2662 1070 2820 1133 aeris
2871 1073 2930 1132 in
2981 1069 3168 1150 frigus
3196 1061 3525 1153 corporeos
3541 1061 3759 1137 sensus

353 1157 584 1242 ματικὰς
615 1161 882 1230 αἰσθήσεις
926 1168 994 1238 τῇ
1021 1171 1115 1220 τοῦ
1142 1161 1294 1242 ἀέρος
1328 1161 1412 1218 ἐπὶ
1441 1163 1501 1219 τὸ
1530 1161 1798 1242 κρυμῶδες
1827 1183 2006 1240 παρα-

2096 1157 2298 1221 dolore
2333 1158 2538 1221 afﬁcit.
2572 1157 2711 1220 Fuit
2742 1158 2973 1240 utique,
3004 1158 3116 1220 fuit
3161 1169 3222 1221 et
3249 1168 3455 1222 nostro
3490 1169 3759 1242 tempore

353 1240 536 1302 λυπῶν
593 1248 887 1326 μεταϐολῇ,
952 1249 1147 1329 Γέγονε
1203 1240 1303 1328 γὰρ
1365 1249 1454 1324 δὴ,
1506 1240 1691 1330 γέγονε
1745 1251 1834 1308 καὶ
1888 1247 2005 1307 καθ’

2096 1246 2286 1310 hiems
2313 1266 2435 1309 non
2465 1245 2808 1327 mediocris,
2826 1247 2932 1309 sed
2949 1266 3082 1329 quae
3106 1247 3365 1328 ingentis
3379 1240 3759 1312 malitiaecru-

353 1332 499 1408 ἡμᾶς
529 1339 737 1416 χειμὼν
769 1343 872 1420 οὐχ
901 1342 930 1397 6
957 1340 1166 1420 τυχὼν,
1210 1338 1348 1396 ἀλλὰ
1375 1339 1452 1416 τῷ
1494 1340 1602 1397 ὄντι
1632 1345 1732 1410 τῆς
1764 1337 2006 1419 μεγάλης

2096 1335 2392 1399 delitatem
2417 1335 2689 1400 effundit.
2726 1334 2846 1399 Sed
2876 1335 3136 1398 efﬂoruit
3162 1335 3337 1400 nobis
3362 1355 3470 1419 per
3490 1337 3596 1400 Dei
3620 1357 3758 1419 gra-

353 1423 542 1489 κακίας
589 1425 794 1508 ἐκχέων
824 1429 922 1496 τὴν
950 1428 1228 1504 ὠμότητα.
1265 1425 1412 1485 Ἀλλ’
1464 1426 1690 1496 ἤνθησεν
1719 1431 1856 1504 ἡμῖν
1897 1433 2003 1485 τῶν

2096 1423 2228 1485 tiam
2263 1425 2520 1505 primum
2551 1442 2749 1486 vernae
2803 1423 3179 1506 tempestatis
3234 1432 3494 1505 tempus,
3535 1425 3597 1488 in
3633 1445 3751 1508 quo

357 1512 594 1619 χαρίτωγ
623 1523 716 1573 τοὺ
746 1524 876 1574 Θεοῦ
904 1518 966 1619 τὸ
1025 1516 1406 1597 πρωτοκαίριον
1461 1515 1572 1596 ἔαρ,
1631 1517 1687 1574 ἐν
1728 1521 1773 1593 ᾧ
1818 1518 1879 1574 τὸ
1907 1517 2001 1573 εὖ·

2096 1513 2157 1575 ιίὶ
2180 1515 2504 1592 gratiarum
2529 1512 2829 1575 actionem
2849 1515 2970 1577 Deo
2986 1531 3092 1594 pro
3113 1512 3542 1589 beneﬁciorum
3562 1534 3759 1580 messe

356 1605 703 1683 χαριστήριον
732 1606 837 1662 τῶν
866 1605 949 1663 ἐπ’
1000 1607 1222 1685 ἀγαθοῖς
1271 1609 1529 1686 θερισμῶν
1579 1610 1657 1682 τῷ
1686 1613 1801 1682 Θεῷ
1842 1627 2000 1664 συνε-

2096 1602 2450 1665 reddendam
2480 1603 2819 1682 congregati
2878 1620 3109 1680 sumus,
3172 1610 3237 1664 ut
3283 1605 3752 1682 congruentiore

355 1688 655 1769 ληλύθαμεν
702 1697 1045 1776 ποιήσασθαι,
1109 1697 1182 1759 ὡς
1235 1693 1297 1751 ἂν
1358 1697 1588 1776 φαίημεν
1648 1695 1998 1772 ψαλμικώτε-

2096 1691 2260 1754 modo
2286 1692 2656 1753 Psalmorum
2681 1690 2835 1753 illud
2885 1690 3295 1772 proferremus
3322 1711 3337 1753 :
3368 1693 3670 1758 zEstatem
3701 1701 3760 1758 et

360 1800 448 1857 ρον
482 1800 498 1816 ο
541 1804 569 1837 α
625 1781 784 1864 Θέρος
838 1785 926 1841 καὶ
981 1782 1072 1864 ’έαρ
1128 1785 1190 1840 σὺ
1237 1781 1471 1847 ἔπλασας
1528 1785 1678 1865 αὐτὰ,
1737 1785 1998 1860 μνήσθητι

2096 1797 2188 1843 ver
2217 1789 2282 1844 tu
2307 1781 2632 1860 psalmasti
2660 1798 2760 1857 ea,
2795 1797 3035 1843 memor
3067 1787 3190 1844 esto
3221 1782 3404 1859 huius
3433 1783 3488 1846 4.
3521 1783 3756 1846 Etenim

357 1869 574 1936 ταύτης.
611 1890 640 1930 )
690 1873 789 1931 Καὶ
834 1873 933 1952 γὰρ
979 1873 1102 1935 τοὺς
1159 1870 1507 1936 ὸνειδίσαντας
1558 1873 1744 1952 Κύριον
1778 1872 1998 1953 ἐχθροὺς

2096 1869 2352 1932 ζιιίῐηίοοε
2375 1869 2626 1934 Domino
2651 1871 3099 1950 exprobrantes,
3135 1877 3194 1932 et
3216 1879 3488 1933 sanctam
3519 1872 3746 1935 adora-

359 1960 447 2015 καὶ
473 1959 572 2027 τὴν
612 1953 798 2018 τούτου
852 1962 1002 2040 ἁγίαν
1059 1961 1413 2041 προσκύνησιν
1471 1961 1526 2017 ἐν
1583 1961 1757 2039 ἁγίαις
1807 1961 2002 2019 εἰκόσιν

2096 1959 2312 2026 tionem
2343 1959 2458 2040 ipsi
2487 1958 2551 2020 in
2583 1959 2768 2023 sacris
2813 1957 3177 2038 imaginibus
3206 1958 3607 2022 exhibendam
3652 1961 3753 2024 in-

361 2044 796 2130 ἐξατιμάσαντας,
861 2049 1174 2130 ἐπαρθέντας
1256 2071 1316 2105 τε
1385 2051 1474 2106 καὶ
1533 2049 1835 2125 ὑψωθέντας
1889 2063 2006 2114 τοϊς

360 2134 746 2214 δυσσεϐήμασιν
812 2137 1119 2218 κατέῤῥαξεν
1187 2137 1375 2202 αὖτοὺς
1444 2141 1472 2194 6
1542 2144 1647 2195 τῶν
1701 2139 2006 2196 θαυπασίων

361 2227 491 2290 Θεὸς
548 2228 636 2284 καὶ
695 2235 787 2285 τοῦ
837 2233 936 2296 τῆς
991 2227 1312 2290 ἀποστασίας
1365 2226 1706 2308 φρυάγματος
1760 2226 2005 2296 κατηδά-

361 2338 534 2396 φισεν,
595 2317 711 2378 οὐδὲ
755 2317 973 2398 παρεῖδε
1024 2323 1124 2386 τῆς
1168 2322 1351 2398 φωνῆς
1405 2323 1512 2373 τῶν
1565 2317 1813 2394 βοώντων
1871 2319 2008 2396 πρὸς

363 2408 518 2465 αὐτόν
555 2424 570 2438 ⁸
647 2430 677 2463 α
756 2409 1053 2478 Μνήσθητι,
1138 2407 1316 2486 Κύριε,
1401 2414 1494 2465 τοῦ
1547 2403 1849 2482 ὀνειδισμοῦ
1903 2411 2008 2464 τῶν

361 2494 558 2553 δούλων
599 2518 714 2571 σου,
773 2499 834 2554 οὗ
887 2495 1126 2576 ὑπέσχον
1182 2495 1236 2551 ἐν
1306 2495 1384 2570 τῷ
1449 2492 1634 2568 κόλπῳ
1705 2515 1807 2570 μου
1862 2493 2002 2552 πολ-

2085 2047 2472 2118 honorantes,
2500 2048 2601 2130 qui
2617 2049 2679 2109 in
2701 2046 3108 2126 impietatibus
3133 2047 3256 2109 suis
3275 2065 3406 2109 esse
3421 2048 3758 2112 eti‘erebant

2089 2143 2149 2198 et
2181 2136 2632 2218 superbiebant,
2668 2135 2964 2215 confregit
3014 2135 3122 2198 ille
3155 2135 3524 2199 mirabilium
3556 2137 3760 2219 opifex

2098 2227 2261 2290 Deus
2292 2235 2350 2288 et
2383 2244 2418 2288 a
2467 2225 2824 2288 defectionis
2878 2224 3118 2287 fremitu
3175 2225 3530 2304 deturbavit,
3564 2246 3760 2310 neque

2093 2315 2368 2396 despexit
2397 2333 2603 2378 vocem
2633 2314 3014 2378 clamantium
3043 2313 3119 2376 ad
3168 2332 3232 2377 se
3266 2332 3280 2377 :
3343 2317 3577 2383 Memor
3605 2324 3756 2397 esto,

2092 2403 3456 2486 Dominempprobriiservorumtuorum,quod
3469 2408 3752 2470 continui

2091 2495 2161 2557 in
2169 2495 2312 2558 sinu
2323 2511 2476 2569 meo,
2491 2493 2825 2556 multarum
2835 2493 3147 2572 gentium;
3159 2495 3325 2574 quod
3341 2512 3529 2574 εωρνο
3537 2495 3752 2559 brave-

362 2584 469 2643 λῶν
524 2585 705 2662 ἐθνῶν,
769 2588 829 2643 οὗ
909 2582 1177 2642 ὠνείδισαν
1263 2586 1309 2640 οἱ
1393 2583 1577 2664 ἐχθροί
1636 2603 1754 2658 σου,
1831 2584 2006 2663 Κύριε,

363 2679 425 2733 οὗ
475 2673 743 2733 ὠνείδισαν
815 2676 876 2732 τὸ
955 2672 1303 2752 ἀντάλλαγμα
1360 2682 1452 2732 τοῦ
1510 2680 1734 2751 Χριστοῦ
1794 2694 1911 2733 σου.
1971 2695 2000 2728 tu

2091 2590 2234 2647 runt
2281 2584 2523 2646 inimici
2555 2583 2668 2657 tui,
2711 2583 2982 2657 Domine,
3014 2583 3173 2663 quod
3210 2584 3750 2664 exprobrauerunt

2091 2673 2625 2736 commutationem
2683 2671 2916 2734 Christi
2937 2671 3028 2734 tui
3048 2673 3103 2732 5.
3131 2672 3529 2735 Commutatio
3559 2681 3755 2738 autem

366 2761 743 2842 Ἀντάλλαγμα
806 2760 850 2818 δ’
898 2761 960 2819 ἂν
1017 2761 1130 2819 εϊεν
1173 2767 1266 2820 τοῦ
1313 2769 1538 2842 Χριστοῦ
1590 2763 1638 2816 οἱ
1690 2766 1770 2835 τῷ
1814 2759 3754 2842 Oava'ztcpcChristifuerintiiquimorteejusredemptisunt,etcre«

366 2853 520 2908 αὒτοῦ
575 2849 1004 2931 ὲξαγορασθέντες
1080 2851 1170 2906 καὶ
1246 2847 1656 2910 πεπιστευκότες
1725 2846 1868 2922 αὒτῷ
1929 2845 2009 2903 διά

2097 2850 2379 2913 didernnt
2394 2853 2445 2912 ei
2463 2848 2828 2932 perverbum
2841 2848 3278 2930 praedicationis
3290 2851 3754 2932 etperimaginis

363 2961 420 2996 τε
474 2940 633 3020 λόγου
684 2937 1051 3019 ἀνακηρύξεως
1107 2940 1196 2996 καὶ
1255 2940 1518 3006 εἰκονικῆς
1572 2936 1959 3000 ἀνατυπώσεως
1993 2953 2006 2967 ⁸

2097 2942 2226 3022 ejus
2254 2938 2872 3020 repraesentationem;
2907 2955 3019 3020 per
3045 2955 3178 3019 qua
3208 2958 3488 3020 magnum
3518 2958 3750 3005 oecono-

360 3026 429 3085 δι’
454 3032 529 3084 ὧν
557 3031 620 3086 τὸ
677 3028 816 3108 μέγα
871 3033 968 3096 τῆς
1025 3028 1324 3104 οἰκονομίας
1380 3025 1532 3106 ἔργον
1583 3038 1700 3089 τοῖς
1731 3023 2004 3104 λελυτρω-

2097 3029 2230 3090 miae
2259 3047 2408 3110 opus
2436 3047 2470 3091 a
2526 3026 2853 3108 redemptis
2911 3029 3304 3105 cognostitur,
3370 3047 3478 3110 per
3508 3047 3751 3093 crucem

361 3118 538 3195 μένοις
603 3118 1032 3197 ἐπιγινώσκεται,
1095 3115 1180 3173 διὰ
1233 3122 1454 3196 σταυροῦ
1502 3136 1559 3171 τε
1601 3115 1691 3171 καὶ
1746 3118 1853 3171 τῶν
1911 3114 2009 3192 πρὸ

2099 3116 2331 3180 scilicet
2347 3135 2418 3179 ac
2443 3135 2550 3198 per
2571 3115 2878 3197 passiones
2903 3121 2963 3177 et
2985 3115 3275 3179 miracula
3295 3134 3429 3198 quae
3449 3124 3508 3179 et
3529 3124 3668 3180 ante
3696 3126 3757 3182 et

359 3216 452 3267 τοῦ
519 3215 742 3287 σταυροῦ
806 3208 895 3264 καὶ
950 3207 1083 3282 μετὰ
1141 3209 1231 3264 τὸν
1287 3207 1508 3284 σταυρὸν
1562 3207 1745 3261 παθῶν
1803 3223 1862 3259 τε
1916 3203 2009 3260 καὶ

2098 3214 2230 3288 post
2251 3223 2494 3268 crucem
2518 3204 2778 3268 exhibita
2799 3209 2936 3266 sunt
2961 3224 2978 3282 ;
3003 3221 3075 3267 ex
3117 3204 3336 3284 quibus
3359 3207 3488 3286 ejus
3520 3207 3752 3287 passio-

359 3295 638 3372 θαυμάτων
671 3315 686 3330 ⁶
733 3293 785 3361 ἐξ
835 3297 909 3351 ὧν
961 3297 1049 3352 καὶ
1103 3297 1138 3363 ἡ
1181 3299 1288 3350 τῶν
1341 3297 1501 3353 αὐτοῦ
1541 3291 1872 3368 παθημάτων
1909 3291 2009 3366 μί·-

2105 3313 2248 3358 num
2276 3294 2526 3357 imitatio
2550 3293 2625 3356 ad
2646 3293 2974 3373 apostolos,
3015 3292 3354 3374 deindeque
3373 3293 3446 3355 ad
3469 3302 3755 3377 martyres

362 3407 527 3462 μησις
574 3385 648 3449 εἰς
699 3383 1024 3447 ἀποστόλους
1067 3383 1268 3441 ἐκεῖθέν
1317 3404 1375 3438 τε
1433 3385 1507 3446 εἰς
1559 3381 1826 3461 μάρτυρας
1881 3377 2006 3437 δια-

2100 3385 2398 3460 transivit,
2428 3391 2484 3446 et
2504 3401 2611 3466 per
2634 3400 2738 3446 eos
2758 3400 2947 3464 usque
2982 3381 3057 3444 ad
3098 3383 3476 3446 confessores
3497 3390 3558 3446 et
3584 3402 3754 3449 asce-

361 3470 550 3548 6αίνει,
585 3473 674 3530 καὶ
706 3469 772 3529 δι’
815 3472 984 3529 αὒτῶν
1044 3471 1236 3553 μέχρις
1292 3469 1642 3550 ὁμολογητῶν
1696 3470 1786 3527 καὶ
1835 3469 2009 3538 ἀσκη-

2099 3479 2188 3536 tas
2218 3472 2498 3538 devoluta
2527 3479 2641 3537 est.

370 3568 476 3620 τῶν
517 3562 779 3622 κάτεισιν.

439 3651 632 3708 Τούτου
685 3649 854 3707 τοίνυν
913 3673 940 3706 α
989 3659 1079 3710 τοῦ
1133 3648 1452 3727 όνειδισμοῦ,
1512 3649 1571 3706 ὃν
1624 3646 1893 3706 ὠνείδισαν
1957 3650 2006 3705 οἰ

361 3743 540 3824 ἐχθροὶ
596 3741 806 3821 Κυρίου,
865 3741 924 3797 ὃν
1006 3739 1274 3797 ὠνείδισαν
1352 3740 1413 3796 τὸ
1489 3736 1836 3816 ἀντάλλαγμα
1908 3743 2006 3795 τοῦ

363 3838 588 3910 Χριστοῦ
629 3834 786 3889 αὖτοῦ
832 3851 857 3888 ι
920 3829 1255 3905 ἐπιμνησθεὶς
1313 3830 1342 3884 6
1385 3828 1514 3890 Θεὸς
1562 3827 1743 3903 ἡμῶν,
1805 3827 1834 3882 6
1889 3837 2008 3888 τοῖς

362 3921 506 3986 ἰδίοις
569 3918 906 3999 σπλάγχνοις
983 3919 1070 3974 καὶ
1125 3930 1247 3981 ταῖς
1321 3927 1612 3995 μητρικαϊς
1673 3913 1831 3970 αὒτοῦ
1879 3911 2010 3983 δεή-

361 4033 502 4068 σεσιν
559 4006 1044 4084 ἐπικαμπτόμενος,
1106 4004 1181 4062 ἔτι
1239 4003 1294 4060 δὲ
1337 4005 1426 4062 καὶ
1480 4000 1864 4066 ἀποστολικατς
1920 4001 2010 4057 καὶ

361 4102 572 4158 πάντων
633 4099 820 4178 ἁγίων,
893 4099 945 4153 οἳ
1017 4092 1476 4172 συνεξυϐρίσθησαν
1534 4096 1678 4167 αὗτῷ
1735 4092 1821 4147 καὶ
1876 4112 2009 4150 συν-

367 4185 780 4255 εξουδενώθησκν
833 4197 956 4248 ταῖς
1015 4184 1232 4260 εἰκόσιν,
1307 4183 1400 4240 ἵνα
1468 4182 1648 4260 ὥσπερ
1722 4179 2010 4238 συνέπαθον

364 4278 537 4356 σαρκὶ,
565 4273 732 4338 οὕτως
781 4272 878 4354 ἄρα
920 4275 993 4338 ὡς
1051 4273 1219 4330 ἔοικεν
1277 4274 1365 4330 καὶ
1420 4285 1541 4336 ταῖς
1585 4271 1723 4328 κατὰ
1766 4274 1872 4326 τῶν
1932 4274 2015 4326 εί-

369 4366 536 4422 κόνων
615 4363 758 4438 αὐτῷ
835 4363 1330 4440 συγκοινωνήσωσιν
1409 4358 1638 4441 ὕϐρεσιν,
1723 4358 2015 4438 ἐνήργησεν

367 4455 583 4534 ὕστερον
639 4451 668 4508 ὅ
747 4473 807 4509 τε
881 4450 1192 4529 βεϐούληται
1271 4451 1527 4530 σήμερον,
1602 4449 1691 4505 καὶ
1767 4447 2015 4528 πέπραχε

369 4543 603 4623 δεύτερον
685 4539 814 4621 ὅπερ
903 4539 1109 4597 ἐτέλεσε
1190 4540 1466 4620 πρότερον.
1560 4538 1820 4618 Πρότερον
1905 4539 2008 4617 γὰρ

372 4631 507 4708 μετά
559 4627 792 4696 πολυετῆ
838 4650 955 4686 τινα
1011 4629 1206 4709 χρόνον
1260 4633 1360 4696 τῆς
1416 4629 1521 4684 τῶν
1579 4627 1742 4706 ἁγίων
1798 4626 2014 4682 εἰκόνων

369 4717 720 4801 ἐκφαυλίσεως
775 4720 864 4775 καὶ
942 4718 1176 4798 ἀτιμίας,
1249 4715 1601 4796 ἐπανέστρεψε
1677 4715 1776 4784 τὴν
1854 4713 2010 4773 εὗσέ-

370 4808 516 4866 ϐειαν
573 4808 647 4871 εἰς
691 4807 872 4864 ἑαυτόν
907 4826 920 4840 ·
967 4809 1076 4866 νυνὶ
1131 4805 1206 4880 δὲ,
1268 4805 1396 4885 ὅπερ
1453 4804 1562 4862 ἐστὶ
1615 4803 1876 4884 δεύτερον,
1912 4826 2010 4880 μι-

372 4906 498 4977 κροῦ
554 4895 689 4970 μετά
755 4893 1249 4975 τριακονταετηρίδα
1320 4894 1605 4958 κακώσεως
1659 4895 2012 4973 κατηρτίσατο

368 4997 489 5049 τοϊς
543 4981 770 5050 ἀναξίοις
836 4987 971 5060 ἡμῖν
1031 4985 1130 5053 τὴν
1187 4989 1292 5041 τῶν
1350 4982 1621 5064 δυσχερῶν
1665 4981 2011 5062 ἀπαλλαγὴν,

368 5075 458 5132 καὶ
497 5079 606 5132 τῶν
647 5071 949 5131 λυπούντων
1015 5075 1116 5142 τὴν
1185 5071 1576 5152 ἀπολύτρωσιν,
1631 5073 1720 5130 καὶ
1762 5073 1862 5141 τὴν
1917 5073 2010 5129 εὖ-

368 5160 573 5227 σεϐείας
630 5162 728 5229 τὴν
784 5161 1118 5242 ἀνακήρυξιν,
1187 5163 1276 5218 καὶ
1342 5167 1442 5230 τῆς
1515 5163 1780 5229 εἰκονικῆς
1838 5182 2012 5240 προσ-

366 5253 637 5322 κυνήσεως
691 5252 792 5320 τὴν
847 5251 1163 5333 ἀσφάλειαν,
1237 5255 1326 5310 καὶ
1380 5253 1479 5320 τὴν
1535 5250 1709 5308 πάντα
1760 5250 2016 5332 φέρουσαν

332 5404 336 5407 ,
369 5343 507 5417 ἡμῖν
548 5341 616 5398 τὰ
642 5341 878 5419 σωτήρια
905 5342 1117 5421 ἑορτήν.
1167 5342 1256 5399 Ἐν
1312 5342 1412 5423 γὰρ
1465 5341 1590 5406 ταῖς
1647 5340 1841 5398 εἰκόσιν
1871 5341 2013 5418 ὁρῶ-

2173 3649 2362 3730 Hujus
2380 3650 2578 3730 itaque
2591 3647 2928 3729 approbn'i,
2951 3647 3112 3730 quod
3122 3650 3608 3731 (improbaverunt
3631 3653 3754 3715 ini-

2091 3737 2678 3817 miciDomim',quod
2687 3737 3754 3818 exprobraueruntcommutatiouem

2092 3825 2321 3890 Christi
2355 3828 2508 3905 eius,
2542 3824 2890 3888 recordatus
2926 3824 3082 3887 Deus
3120 3835 3344 3901 noster,
3379 3827 3636 3909 propriis
3662 3830 3756 3890 vi-

2091 3914 2361 3982 sceribus
2382 3921 2440 3974 et
2460 3912 3006 3975 maternisinflexus
3017 3913 3582 3995 supplicationibus,
3612 3934 3758 3978 nec-

2091 4021 2211 4066 non
2240 4001 2579 4083 apostolicis
2609 4009 2668 4063 et
2715 4001 2985 4063 omnium
3040 4010 3388 4064 sanctorum
3443 4003 3748 4084 precibus,

2093 4089 2325 4173 quiu‘na
2337 4109 2471 4153 cum
2493 4090 2595 4153 illo
2619 4090 2997 4152 contumeliis
3022 4089 3213 4154 affecti
3242 4099 3299 4153 et
3320 4091 3593 4172 despecti
3616 4101 3760 4155 sunt

2096 4179 2536 4258 inimaginihus
2575 4178 2722 4256 suis,
2762 4185 2827 4239 ut
2866 4177 3020 4240 sicut
3060 4197 3238 4242 carne
3270 4181 3563 4261 compassi
3596 4189 3752 4258 sunt,

2096 4269 2180 4330 ita
2206 4277 2270 4330 ut
2295 4286 2399 4350 par
2429 4274 2555 4329 erat
2583 4267 2648 4329 in
2678 4268 3173 4330 contumeliarum
3207 4288 3355 4351 quas
3388 4273 3447 4331 in
3476 4270 3758 4351 imagini-

2098 4357 2210 4420 bus
2243 4375 2449 4438 passus
2481 4363 2609 4419 erat
2657 4356 3025 4419 consortium
3083 4359 3376 4440 venirent,
3409 4358 3653 4421 demum
3688 4360 3748 4422 id

2097 4453 2376 4528 operatus
2405 4453 2494 4507 est
2522 4445 2682 4526 quod
2717 4444 2896 4507 hodie
2925 4445 3232 4524 decrevit;
3268 4447 3451 4529 idque
3479 4449 3750 4512 secundo

2096 4535 2238 4598 fecit
2267 4534 2423 4616 quod
2451 4535 2617 4615 prius
2646 4543 3180 4597 consummaverat.
3206 4533 3378 4599 Prius
3397 4535 3558 4600 enim
3591 4547 3758 4618 post-

2099 4643 2275 4706 quam
2309 4623 2493 4685 multo
2527 4641 2821 4686 annorum
2854 4625 3154 4687 curriculo
3212 4634 3432 4687 sanctae
3461 4625 3756 4705 imagines

2094 4715 2390 4796 despectas
2410 4712 2893 4776 etinhonorantae
2911 4713 3168 4793 fuerant,
3187 4714 3468 4795 pietatem
3490 4732 3627 4794 erga
3640 4715 3758 4778 sei-

2096 4822 2264 4885 psum
2295 4801 2569 4864 reduxit:
2604 4820 2762 4864 nunc
2791 4809 3012 4879 autem,
3046 4802 3108 4865 id
3139 4810 3230 4865 est
3253 4801 3547 4878 secundo,
3577 4803 3756 4884 paulo

2097 4899 2229 4972 post
2243 4891 2482 4969 triginta
2501 4890 2845 4954 afflictionis
2883 4908 3076 4954 annos
3110 4890 3285 4953 nobis
3315 4890 3577 4968 indignis
3609 4911 3753 4972 pro-

2096 4980 2322 5043 curavit
2347 4997 2744 5042 aerumnarum
2777 4979 3225 5061 liberationem,
3261 4987 3321 5042 et
3349 4979 3754 5059 afﬂigentibus

2093 5069 2588 5151 redemptionem,
2625 5068 2738 5150 piae
2763 5067 3056 5132 doctrina;
3086 5069 3568 5149 praedicationem
3591 5069 3754 5154 ado-

2095 5157 2346 5222 rationis
2366 5157 2693 5237 imagipum
2718 5157 3125 5234 securitatem,
3151 5165 3210 5219 et
3237 5156 3439 5219 omnia
3461 5155 3634 5220 nobis
3666 5177 3756 5221 sa-

2097 5247 2314 5310 lutaria
2339 5247 2632 5310 ferentem
2653 5246 3118 5310 solemnitatem.
3135 5244 3576 5326 Inimaginibus
3592 5246 3752 5308 enim

2097 5336 2366 5401 videmus
2393 5335 2614 5401 Christi
2640 5336 2960 5413 cruciatus,
2994 5353 3144 5419 quos
3198 5353 3304 5418 pro
3333 5333 3511 5399 nobis
3537 5335 3750 5414 subiit,

449 5503 478 5549 ε
504 5499 555 5567 II
585 5503 726 5567 Cor.
757 5516 818 5576 ν,
855 5501 950 5568 17.
1035 5503 1069 5554 3
1093 5501 1268 5568 Joan.
1301 5519 1364 5579 x,
1396 5499 1496 5566 22.
1582 5500 1615 5552 ι
1642 5497 1796 5562 Psal.
1826 5514 2032 5577 Lxxm,
2072 5500 2166 5566 t7.-
2250 5499 2284 5549 5
2314 5495 2471 5562 Psal.
2503 5512 2786 5572 Lxxxvut,
2819 5496 2920 5575 51,
2953 5497 3054 5562 59.
