4076 6114
336 165 454 234 72⁸1

1239 155 1659 224 MICHAELIS
1697 152 2116 218 GERULARII
2157 154 2270 218 GP.
2320 149 2842 218 PATRIARCILE

3772 131 3895 197 728

335 319 600 382 crucem,
633 298 996 380 sepulcrum,
1025 294 1325 358 infernum
1380 291 1843 382 destructumet
1871 287 2015 352 de-.

2098 288 2164 346 ιέν
2218 289 2286 345 τὰ
2335 290 2464 368 ὑπὲρ
2519 290 2672 364 ἡμῶν
2728 295 2821 345 τοῦ
2868 290 3134 346 Δεσπότου
3191 289 3438 367 πάθη,
3483 285 3641 354 ’τὴν
3700 307 3886 341 σταυ-

335 378 654 465 vastatum,
689 378 1009 468 martyrum
1039 383 1388 456 certamina,
1449 397 1721 450 coronas,
1753 378 1985 459 ipsam-

339 498 460 562 que
484 479 735 541 salutem
767 467 941 557 quam
974 473 1203 555 primus
1229 479 1433 562 noster
1465 467 1849 551 praemiorum
1877 484 1983 528 co-

341 559 744 647 ronarumque
773 563 1020 644 largitor
1048 561 1108 623 in
1131 559 1328 622 medio
1355 566 1530 622 terrae
1559 563 1837 638 operatus
1871 565 1981 618 est.

425 748 589 810 Hanc
606 744 903 825 hodieque
923 742 1362 806 solemnitatem
1385 736 1757 800 celebramus
1771 733 1858 796 .In
1875 733 1987 825 hac

346 834 626 914 precibus
650 842 708 897 et
731 824 1259 915 supplicationibus
1279 846 1397 890 una
1415 827 1764 915 laetanteset
1783 824 1985 915 ex_sul-

348 912 562 997 tantes,
581 912 823 1005 psalmis
843 912 1246 984 exclamamus
1268 926 1325 979 et
1347 915 1593 1005 canticis
1615 936 1629 973 :
1655 914 1798 989 Quis
1823 912 1986 1005 Deus

349 1003 607 1092 magnus
628 1013 780 1075 sicut
802 1011 966 1072 Deus
985 1017 1188 1072 noster
1211 1008 1238 1070 ?
1263 1006 1351 1070 Tu
1371 1025 1434 1068 es
1469 1004 1632 1066 Deus
1653 1010 1854 1065 noster
1882 1003 1989 1082 qui

345 1103 504 1183 facis
523 1101 833 1163 mirabilia
851 1099 1012 1163 solus
1026 1099 1078 1160 ϐ.
1104 1097 1250 1159 Nam
1271 1096 1987 1183 gloriaatuaecontempto-

345 1180 443 1254 res
471 1188 872 1263 subsannasti,
906 1188 1160 1249 audaces
1190 1186 1322 1246 illos
1347 1191 1404 1246 et
1433 1189 1643 1246 contra
1669 1180 1989 1259 imaginem

351 1287 511 1342 tuam
527 1279 781 1353 feroces,
813 1276 1057 1338 timidos
1081 1274 1473 1353 fugitivosque
1501 1270 1842 1334 exhibuisti.
1870 1269 1991 1332 Sed

348 1369 638 1432 hactenus
669 1368 744 1430 de
773 1367 1095 1446 gratiarum
1124 1365 1354 1426 actione
1384 1363 1506 1424 Deo
1522 1360 1866 1441 referenda,
1892 1361 1995 1423 de-

346 1477 463 1539 que
484 1457 737 1520 Domino
757 1465 962 1519 contra
981 1454 1350 1517 adversarios
1367 1460 1606 1532 tropaeo.
1648 1449 1816 1522 Quod
1847 1468 1992 1531 spe-

351 1553 470 1611 ctat
501 1555 696 1609 autem
726 1546 798 1608 ad
841 1544 1166 1606 certamina
1199 1551 1255 1604 et
1304 1541 1506 1624 praelia
1535 1547 1742 1602 contra
1769 1541 1988 1600 Icono-
2010 1575 2051 1625 Β

351 1636 591 1697 machos
621 1635 790 1713 inita,
825 1634 977 1696 alius
1003 1650 1200 1696 sermo
1218 1631 1450 1712 aliaque
1467 1627 1785 1709 descriptio
1802 1627 1991 1689 fusius

352 1723 700 1786 declarabit.
732 1722 954 1785 Verum
1003 1720 1172 1802 quasi
1222 1720 1285 1781 in
1335 1717 1544 1799 requie
1572 1715 1827 1798 quadam
1859 1723 1991 1796 post

352 1813 661 1874 transitum
694 1810 916 1873 deserti
945 1809 1018 1871 ad
1054 1803 1854 1890 possessionemlgspiritualis
1881 1803 1988 1867 Je-

349 1902 608 1964 rusalem
643 1899 972 1980 constituti,
1031 1895 1288 1961 Mosaico
1345 1894 1488 1956 moti
1544 1893 1840 1974 exemplo,
1868 1891 1988 1954 imo

351 1990 546 2072 potius
573 1989 773 2052 divina
796 1988 1089 2069 jussione,
1122 1985 1291 2068 quasi
1336 1984 1396 2046 in
1427 1983 1602 2064 cippo
1632 1981 1889 2072 quodam
1920 2001 1991 2044 ex

353 2071 581 2160 magnis
609 2078 905 2159 lapidibus
953 2076 1305 2140 concinnato
1365 2081 1422 2136 et
1478 2071 1549 2134 ad
1580 2071 1988 2152 recipiendam

347 2169 704 2248 scripturam
737 2166 1074 2247 dispositio,
1110 2168 1170 2226 in
1201 2166 1447 2225 fratrum
1498 2160 1776 2223 cordibus
1802 2160 1994 2224 bene-

350 2257 640 2319 dictiones
667 2275 798 2338 quae
825 2255 973 2335 legis
1001 2252 1292 2316 ultoribus
1312 2251 1624 2325 debentur,
1651 2251 1994 2330 etxmaledi-

353 2345 582 2407 ctiones
592 2344 808 2424 quibus
823 2362 889 2407 se
900 2341 1190 2406 obnoxios
1202 2339 1989 2422 prmstantpraevaricatores,

342 2435 570 2515 justum
602 2442 660 2497 et
688 2453 921 2515 aequum
951 2432 1294 2496 censuimus
1314 2429 1688 2510 describere.
1735 2430 1996 2505 Quamo-

354 2523 524 2584 brem
556 2523 680 2585 haec
710 2523 965 2586 dicimus
999 2539 1014 2585 :

433 2700 651 2763 Eorum
673 2701 773 2782 qui
794 2699 1227 2777 carnalemiDei
1248 2698 1428 2762 Verbi
1447 2697 1767 2760 adventum
1785 2697 1990 2776 verbo,

353 2808 480 2863 ore,
500 2790 679 2852 corde
695 2809 764 2852 ac
787 2808 919 2852 men
929 2797 1006 2863 te,
1030 2788 1324 2870 scriptura
1355 2789 1426 2865 (f.
1468 2785 1814 2868 pictura)!et
1841 2787 1996 2850 ima-

354 2878 592 2960 ginibus
621 2878 998 2953 confitentur,
1031 2885 1251 2939 aeterna
1280 2875 1590 2938 memoria.

433 2971 650 3031 Eorum
682 2967 784 3048 qui
805 2974 1134 3046 agnoscunt
1161 2965 1337 3028 unius
1363 2972 1443 3039 ζει
1473 2965 1739 3045 ejusdem
1770 2964 1991 3028 Christi

2068 379 2180 452 ρὸν,
2240 378 2329 433 τὸν
2375 377 2562 458 τάφον,
2621 379 2712 432 τὸν
2768 375 2900 449 ᾅδην
2945 379 3335 456 νεκρούμενον
3415 376 3541 430 καὶ
3617 370 3879 428 σκυλευ-

2067 466 2280 542 όμενον,
2327 472 2434 523 τῶν
2477 465 2750 545 μαρτύρων
2793 467 2914 530 τοὺς
2959 466 3172 540 ἄθλους,
3235 465 3420 529 τοὺς
3483 463 3872 542 στεφάνους,

2069 555 2232 612 αὐτὸν
2282 555 2382 621 τὴν
2436 554 2698 633 σωτηρίαν
2766 555 2832 622 ἣν
2891 557 2920 612 ὁ
2974 561 3184 635 πρῶτος
3226 557 3453 630 ἡμῶν
3525 550 3872 617 ἀθλοθέτης

2067 644 2155 700 καὶ
2198 643 2511 723 στεφανίτης
2552 644 2605 700 ἐν
2638 642 2785 718 μέσῳ
2826 649 2924 711 τῆς
2955 651 3058 724 γῆς
3089 645 3605 725 κατειργάσατο.

2149 733 2356 800 Ταύτην
2413 734 2644 812 σήμερον
2699 733 2799 801 τὴν
2856 736 3147 815 πανήγυριν
3206 735 3658 816 ἑορτάζομεν.
3720 729 3861 789 Ἐν-

2067 821 2234 897 ταύτῃ
2265 825 2458 902 εὐχαῖς
2506 823 2593 878 καὶ
2638 821 2920 887 λιτανείαις
2976 823 3554 906 συνευφραινόμενοί
3620 845 3692 879 τε
3757 824 3852 878 καὶ

2068 909 2538 990 συναγαλλόμενοι,
2621 909 2860 986 ψαλμοῖς
2929 910 3200 988 ἐκϐοῶμεν
3280 916 3403 971 καὶ
3503 914 3792 988 ᾄσμασιν
3830 928 3846 942 ·

2075 1020 2099 1055 ι
2133 999 2220 1062 Τίς
2252 1001 2380 1084 Θεὸς
2410 1000 2577 1078 μέγας
2609 1002 2684 1064 ὡς
2716 992 2761 1057 ὀ
2811 1003 2940 1066 Θεὸς
2981 1003 3138 1077 ἡμῶν
3174 1023 3190 1084 ς
3252 1005 3320 1061 σὺ
3401 1004 3484 1062 εἶ
3570 994 3626 1060 ὀ
3697 1004 3842 1067 Θεὸς

2067 1090 2220 1163 ἡμῶν
2287 1079 2331 1144 ὀ
2386 1096 2555 1146 ποιῶν
2597 1091 2859 1165 θαυμάσια
2903 1090 3084 1165 μόνος.
3149 1079 3186 1151 »-
3240 1095 3399 1158 Τοὺς
3481 1093 3838 1178 φαυλιστᾲς

2072 1178 2171 1256 γὰρ
2225 1183 2324 1245 τῆς
2382 1183 2481 1244 σῆς
2539 1175 2692 1245 δόξης
2746 1177 3154 1258 ἐξεμυκτήρισας
3189 1197 3205 1212 ⁶
3271 1183 3425 1247 τοὺς
3486 1175 3828 1259 τολμητᾶς

2072 1266 2209 1324 κατὰ
2235 1272 2333 1333 τῆς
2390 1271 2490 1333 σῆς
2538 1267 2736 1331 εἰκόνος
2787 1269 2874 1324 καὶ
2918 1271 3155 1347 θρασεῖς,
3212 1268 3452 1336 δειλοὺς
3523 1273 3640 1328 καὶ
3709 1293 3829 1328 πε-

2074 1355 2330 1434 φευγότας
2384 1353 2678 1421 ἀπέδειξας,
2725 1347 2887 1413 ’Ἀλλ’
2957 1359 2992 1426 ἡ
3052 1359 3151 1434 μὲν
3219 1362 3295 1424 εἰς
3364 1362 3547 1418 Θεὸν
3619 1363 3821 1442 εὐχα-

2075 1444 2265 1524 ριστία,
2339 1446 2426 1501 καὶ
2493 1447 2553 1502 τὸ
2640 1447 2961 1502 Δεσποτικὸν
3043 1447 3181 1503 κατὰ
3248 1455 3352 1505 τῶν
3433 1450 3819 1509 ἀντιπάλων

2075 1533 2322 1611 τρόπαιον
2369 1531 2423 1588 ἐν
2451 1534 2655 1598 τούτοις
2693 1549 2710 1565 ⁶
2763 1534 2830 1590 τὰ
2869 1531 2925 1589 δέ
2982 1555 3041 1612 γε
3085 1537 3220 1595 κατὰ
3275 1544 3388 1593 τῶν
3473 1541 3812 1616 εἰκονομα-

2072 1623 2308 1701 χούντων
2367 1620 2498 1679 ἆλθά
2549 1644 2609 1679 τε
2664 1623 2751 1678 καὶ
2802 1621 3143 1699 παλαίσματα
3217 1626 3398 1707 ἕτερος
3488 1620 3545 1686 ὀ
3615 1629 3806 1708 λόγος

2070 1713 2156 1767 καὶ
2185 1709 2508 1791 λογογραφία
2537 1709 2927 1791 διεξοδικωτὲρα
2965 1710 3216 1779 δηλώσει,
3281 1709 3371 1782 (Ως
3445 1719 3521 1774 ἐν
3577 1741 3793 1775 κατα-

2069 1800 2258 1856 παύσει
2301 1799 2356 1856 δέ
2383 1823 2484 1858 τινι
2528 1808 2598 1878 τῇ
2651 1800 2774 1879 (sic)
2831 1803 3103 1889 μετατὴν
3159 1804 3426 1884 ἐρημικὴν
3503 1807 3787 1889 παρόδον

2071 1891 2143 1953 εἰς
2184 1890 2510 1970 κατάσχεσιν
2566 1895 2664 1957 τῆς
2720 1895 2919 1957 νοητῆς
2973 1881 3316 1972 Ἰερουσαλὴμ
3358 1881 3783 1979 καθεστῶτες,

2072 1985 2338 2056 Μωσαϊκῇ
2393 2001 2494 2036 τινι
2569 1981 2815 2060 μιμήσει,
2878 1980 3081 2057 μᾶλλον
3124 1981 3178 2039 δὲ
3233 1988 3390 2061 θείκῇ
3447 1984 3781 2044 διακελεύ-

2072 2090 2176 2146 σει,
2234 2073 2327 2125 οἷα
2383 2067 2556 2144 στήλῃ
2612 2069 2713 2125 τινὶ
2772 2069 2834 2125 ἐκ
2890 2071 3150 2148 μεγίστων
3231 2072 3386 2130 λίθων
3460 2098 3778 2156 συνηρμο-

2078 2158 2246 2235 σμένῃ
2302 2160 2391 2214 καὶ
2459 2160 2591 2238 πρὸς
2664 2157 2936 2238 ὑποδοχὴν
3021 2165 3226 2241 γραφῆς
3301 2161 3762 2246 διευθετισμένῃ,

2076 2261 2197 2311 ταῖς
2254 2247 2360 2304 τῶν
2430 2245 2667 2328 ἀδελφῶν
2743 2247 2975 2327 καρδίαις
3046 2249 3141 2313 τάς
3217 2271 3276 2306 τε
3345 2251 3611 2330 εὐλογίας
3695 2245 3762 2312 αἶ

2078 2335 2372 2417 ὀφείλονται
2421 2351 2539 2400 τοῖς
2597 2335 3042 2419 νομοφυλακοῦσι,
3095 2341 3184 2395 καὶ
3235 2340 3329 2403 τὰς
3372 2340 3503 2416 ἀρὰς
3555 2339 3622 2397 δὲ
3656 2345 3760 2406 αἶς

2075 2428 2163 2483 καὶ
2248 2427 2460 2489 ἑαυτοὺς
2541 2422 2924 2483 ὑποϐάλλουσιν
3004 2430 3051 2484 οἱ
3134 2437 3560 2508 παρονομοῦντες
3675 2429 3758 2487 δί-

2075 2516 2223 2573 καιόν
2265 2537 2323 2571 τε
2353 2516 2440 2570 καὶ
2469 2512 2810 2595 ὀφειλόμενον
2841 2512 2951 2572 δεῖν
2981 2517 3234 2593 ᾠήθημεν
3265 2517 3597 2598 ἀναγράψαι.
3642 2520 3751 2576 Διό

2075 2627 2248 2686 φαμεν
2277 2603 2397 2663 τάδε
2432 2620 2445 2634 ⁸

2157 2702 2272 2754 Τῶν
2325 2695 2425 2761 τὴν
2481 2691 2729 2774 ἔνσαρκον
2810 2702 2902 2753 τοῦ
2985 2703 3116 2756 Θεοῦ
3191 2699 3364 2778 Λόγου
3432 2699 3738 2778 παρουσίαν

2077 2784 2244 2863 λόγῳ,
2278 2783 2524 2863 στόματι,
2556 2781 2739 2862 καρδίᾳ
2790 2787 2878 2842 καὶ
2933 2789 3043 2860 νοθι,
3093 2793 3274 2866 φραφῇ
3330 2809 3386 2844 τε
3442 2789 3525 2844 καὶ
3565 2789 3729 2844 εἰκό-

2014 2897 2057 2948 C
2080 2896 2160 2930 σιν
2195 2867 2636 2951 ὀμολογούντων,
2670 2874 2852 2929 αἰωνία
2881 2875 2915 2941 ἡ
2947 2876 3159 2950 μνήμη,

2149 2968 2265 3020 Τῶν
2295 2959 2504 3018 εἰδότων
2533 2965 2630 3028 τῆς
2677 2962 2769 3019 τοῦ
2813 2969 3038 3041 Χριστοῦ
3097 2970 3221 3039 μιᾶς
3272 2967 3357 3022 καὶ
3410 2970 3506 3032 τῆς
3537 2963 3710 3030 αὐτῆς

353 3057 734 3137 hypostaseos
753 3055 814 3117 in
837 3055 1182 3118 substantiis
1201 3054 1622 3132 differentiam,
1657 3062 1716 3118 et
1741 3054 1899 3136 quod
1929 3054 1991 3116 in

2098 3051 2407 3113 ποστάσεως
2468 3051 2529 3107 τὸ
2599 3050 2651 3109 ἐν
2723 3051 2920 3137 οὐσίαις
2975 3049 3240 3132 διάφορον,
3296 3056 3380 3109 καὶ
3429 3054 3596 3129 ταύτῃ
3635 3053 3706 3108 τὸ

355 3130 544 3209 εὲιέει
573 3153 834 3208 creatum
865 3152 924 3206 et
951 3145 1302 3216 increatum,
1327 3143 1558 3206 visibile
1587 3130 1648 3206 et
1666 3130 1988 3222 invisibile,

2098 3140 2279 3196 ιτιστὸν
2321 3140 2409 3195 καὶ
2448 3137 2714 3219 ἄκτιστον,
2757 3141 2820 3195 τὸ
2867 3130 3085 3219 ίορατὸν-
3119 3143 3204 3198 καὶ
3225 3130 3234 3132 _
3255 3143 3313 3198 τὸ
3366 3141 3614 3221 ἀόρατον,
3641 3141 3712 3197 τὸ

355 3234 633 3316 passibile
663 3244 722 3297 et
750 3233 1137 3315 impassibile,
1173 3233 1688 3313 circumscriptum
1719 3241 1777 3296 et
1802 3233 1990 3296 incir-

2098 3229 2308 3296 παθητὸν
2337 3229 2426 3283 καὶ
2474 3229 2534 3283 τὸ
2578 3227 2800 3308 ἀπαθὲς,
2856 3231 2918 3286 τὸ
2974 3231 3323 3311 περίγραπτον
3376 3231 3468 3288 καὶ
3523 3231 3717 3308 ἀπερί-

355 3322 832 3404 cumscriptum;
887 3330 945 3388 et
1001 3323 1101 3405 qui
1130 3322 1343 3386 divinae
1371 3321 1712 3386 substantia;
1741 3323 1990 3386 increati

2098 3339 2305 3396 νραπτον
2339 3336 2354 3351 ⁸
2403 3318 2491 3373 καὶ
2519 3323 2588 3393 τῇ
2619 3317 2716 3393 μὲν
2747 3321 2904 3390 θείκῇ
2957 3320 3106 3394 οὐσίᾳ
3155 3322 3216 3378 τὸ
3272 3320 3514 3379 ἄκτιστον
3542 3323 3719 3380 καὶτὰ

355 3413 644 3475 rationem
669 3420 726 3474 et
745 3412 962 3474 similia
979 3411 1330 3484 attribuunt,
1362 3412 1636 3475 humanae
1648 3419 1845 3476 autem
1875 3431 1990 3474 na-

2098 3406 2233 3481 ὲμοια
2273 3404 2765 3486 προσαρμοζόντων,
2824 3413 2891 3483 τῇ
2948 3405 3003 3463 δὲ
3057 3407 3355 3487 ἀνθρωπίνῃ
3386 3411 3536 3491 φύσει
3567 3411 3633 3466 τὰ
3659 3432 3719 3468 τε

355 3510 502 3565 tura;
532 3511 654 3564 tum
685 3510 898 3567 caetera
925 3509 1044 3563 tum
1064 3501 1725 3582 circumpscriptionem
1757 3521 1997 3584 compe-

2098 3493 2212 3553 ίλλα
2241 3498 2328 3553 καὶ
2356 3499 2417 3552 τὸ
2445 3499 2800 3575 περιγραπτὸν
2829 3497 3295 3578 όνομολογούντων
3327 3503 3414 3558 καὶ
3455 3501 3603 3581 λόγῳ
3631 3505 3721 3560 καὶ

359 3600 486 3654 tere
509 3598 624 3654 tam
638 3595 1005 3674 verbojquam
1017 3589 1373 3670 imaginibus
1387 3591 1758 3672 profitentur,
1774 3599 1995 3654 aeterna

354 3679 665 3743 memoria.

435 3768 656 3831 Eorum
672 3769 773 3850 qui
794 3768 1049 3832 credunt
1069 3776 1129 3832 et
1150 3769 1474 3852 praedicant
1499 3770 1619 3832 sive
1640 3771 1996 3833 annuntiant

352 3859 531 3922 verba
559 3859 620 3921 in
649 3859 909 3940 scriptis,
943 3878 1040 3922 res
1069 3859 1129 3922 in
1162 3860 1364 3940 figuris
1392 3877 1408 3935 ;
1434 3868 1494 3922 et
1527 3869 1850 3942 utrumque
1881 3881 1994 3942 pu-

361 3956 483 4011 tant
511 3949 782 4012 eamdem
818 3948 1128 4013 utilitatem
1181 3949 1524 4025 conciliare,
1563 3949 1793 4013 scilicet
1820 3951 2001 4016 verba

356 4039 864 4121 praedicationem,
898 4048 955 4102 et
978 4039 1267 4119 imagines
1295 4039 1559 4103 veritatis
1587 4041 1999 4104 conﬁrmatio-

361 4147 524 4204 nem,
556 4137 779 4192 teterna
807 4129 1126 4192 memoria.

440 4303 659 4367 Eorum
691 4307 794 4385 qui
823 4305 1003 4369 verbo
1033 4307 1401 4371 sanctiﬁcant
1455 4308 1636 4390 labia,
1667 4307 2004 4392 deindeque

360 4392 662 4455 auditores
685 4413 793 4476 per
813 4394 1007 4476 ipsum
1028 4396 1270 4460 verbum
1291 4415 1308 4473 ;
1334 4417 1403 4460 ac
1422 4397 1522 4480 qui
1543 4397 1738 4461 sciunt
1763 4406 1823 4462 et
1844 4418 2004 4481 prae-

362 4481 566 4546 dicant
596 4501 703 4563 per
729 4485 1096 4548 venerandas
1119 4485 1408 4566 imagines
1429 4487 1708 4551 similiter
1738 4488 2004 4550 sanctiﬁ-

361 4570 484 4634 cari
515 4571 721 4635 oculos
741 4572 1092 4650 videntium,
1119 4585 1503 4657 mentemque
1526 4595 1732 4639 eorum
1761 4575 1908 4656 erigi
1930 4576 2005 4639 ad

361 4659 474 4722 Dei
505 4660 925 4741 cognitionem,
987 4664 1492 4745 quemadmodum
1547 4673 1608 4728 et
1654 4683 1760 4747 per
1805 4665 2007 4729 divina

364 4749 606 4831 templa,
629 4757 834 4814 sancta
856 4770 1018 4830 vasa,
1041 4753 1273 4835 aliaque
1293 4771 1459 4816 sacra
1493 4753 1750 4830 cimolia,
1779 4761 2008 4818 aeterna

365 4857 678 4902 memoria.

444 4926 658 4990 Eorum
693 4929 799 5009 qui
827 4929 1025 4994 sciunt
1053 4932 1275 5012 virgam
1325 4940 1384 4996 et
1434 4932 1684 5009 tabulas,
1718 4948 1914 4995 arcam
1950 4939 2009 4996 et

365 5015 811 5095 candelabrum,
844 5040 1110 5084 mensam
1145 5032 1203 5087 et
1231 5023 1415 5087 altare
1445 5023 1677 5086 incensi
1709 5041 2009 5103 praemon-

364 5113 582 5169 strasse
597 5115 656 5168 et
677 5111 1084 5191 praeﬁgurasse
1097 5113 1528 5176 sanctissimam
1545 5111 1848 5191 Virginem
1865 5111 2009 5174 Dei-

368 5213 568 5274 param
592 5198 831 5260 Mariam
865 5219 881 5277 ;
909 5209 967 5263 et
995 5201 1095 5263 illa
1120 5201 1360 5283 quidem
1393 5201 1543 5264 hanc
1575 5200 2006 5284 praeﬁgurasse,

365 5303 497 5366 qua).
521 5293 719 5348 tamen
740 5307 862 5352 non
884 5289 1061 5354 fuerit
1083 5291 1340 5373 idipsum
1359 5291 1517 5373 quod
1540 5289 1641 5354 illa
1663 5290 2004 5374 (symbola):

448 5452 484 5503 θ
509 5453 662 5519 Psal.
697 5472 898 5535 Lxxw,
931 5460 1031 5524 14.

2076 3585 2454 3666 εἰκρνίσμασιν,
2489 3586 2674 3641 αἰωνία
2704 3587 2740 3655 ἡ
2771 3589 2986 3664 μνήμη.

2155 3773 2272 3825 Τῶν
2300 3771 2652 3828 πιστευόντων
2709 3773 2794 3829 καὶ
2848 3771 3389 3856 διακηρυκευομένων,
3449 3778 3571 3847 ἤτοι
3629 3783 3722 3839 εὖ·

2078 3855 2498 3937 αγγελιζομένων
2583 3863 2704 3926 τοὺς
2783 3862 2970 3943 λόγους
3059 3865 3144 3924 ἐπὶ
3231 3869 3585 3946 γραμμάτων,
3658 3871 3724 3928 τὰ

2078 3947 2366 4039 πράγματα
2436 3950 2520 4008 ἐπὶ
2575 3953 2874 4032 σχημάτων
2901 3969 2917 3986 ⁸
3004 3957 3092 4013 καὶ
3163 3959 3236 4021 εἰς
3292 3958 3415 4033 μίαν
3477 3960 3722 4039 ἑκάτερον

2082 4037 2350 4128 συντελεῖν
2427 4040 2708 4121 ὠφέλειαν,
2767 4043 2868 4112 τήν
2945 4066 3004 4100 τε
3059 4042 3144 4101 διὰ
3205 4044 3379 4125 λόγων
3447 4037 3722 4128 ἀνακηρυ-

2084 4124 2160 4220 ξιν
2187 4130 2273 4220 καὶ
2300 4129 2398 4197 τὴν
2427 4128 2495 4186 δι’
2524 4131 2737 4188 εἰκόνων
2767 4137 2865 4201 τῆς
2908 4132 3155 4202 ἀληθείας
3199 4133 3503 4220 βεϐαίωσιν,
3537 4124 3722 4196 αἰωνία

2030 4227 2070 4278 D
2087 4217 2121 4283 ἢ
2150 4219 2363 4294 μνήμηο

2166 4313 2282 4366 Τῶν
2347 4318 2425 4387 τῷ
2491 4311 2637 4392 λόγῳ
2693 4314 3014 4394 ἁγιαζόντων
3069 4317 3136 4373 τὰ
3200 4317 3362 4399 χείλη
3424 4319 3549 4376 εἶτα
3605 4321 3723 4383 τοὺς

2088 4397 2347 4477 ἀκροατὰς
2390 4399 2475 4459 διὰ
2526 4415 2618 4464 τοῦ
2660 4404 2818 4484 λόγου
2853 4422 2866 4437 ⁸
2914 4404 3123 4465 εἰδότων
3155 4397 3239 4489 Δτε
3293 4410 3380 4465 καὶ
3435 4411 3725 4489 κηρυσσόν-

2086 4509 2191 4546 των
2240 4491 2316 4554 ὡς
2372 4490 2455 4550 διὰ
2495 4501 2600 4551 τῶν
2631 4500 2834 4578 σεπτῶν
2894 4495 3105 4553 εἰκόνων
3153 4486 3365 4572 ιομοίως
3423 4486 3723 4578 ἁγιάζονται

2088 4580 2185 4654 μὲν
2211 4581 2278 4637 τὰ
2307 4581 2522 4657 ἅμματα
2549 4589 2654 4640 τῶν
2687 4573 2968 4662 (ορώντων,
3022 4585 3269 4664 ἀνάγεται
3297 4585 3351 4642 δὲ
3380 4585 3447 4643 δι’
3473 4573 3648 4646 αὐτῶν
3680 4579 3723 4645 ὀ

2088 4677 2205 4734 νοῦς
2235 4671 2364 4749 πρὸς
2419 4673 2757 4750 θεογνωσίαν,
2811 4673 2987 4752 ὥσπερ
3041 4675 3130 4730 καὶ
3159 4672 3242 4731 διὰ
3269 4681 3375 4732 τῶν
3401 4676 3552 4734 θείων
3586 4683 3723 4733 ναῶν

2087 4761 2174 4815 καὶ
2196 4766 2310 4816 τῶν.
2328 4761 2477 4840 ἱερῶν
2509 4768 2728 4840 σκευῶν,
2761 4765 2848 4820 καὶ
2873 4769 2976 4819 τῶν
3004 4761 3178 4820 ἄλλων
3222 4765 3384 4846 ἁγίων
3409 4764 3722 4844 κειμηλίων,

2089 4849 2273 4906 αἰωνία
2301 4851 2337 4918 ἡ
2367 4851 2556 4927 μνήμη
2570 4897 2581 4909 .

2175 4930 2291 4997 Τῶν
2345 4937 2706 5016 ἐπισταμένων
2767 4943 2841 5005 ὡς
2919 4943 2953 5011 ἡ
3021 4940 3208 5021 ῥάϐδος
3255 4945 3343 5001 καὶ
3398 4947 3452 5002 αἱ
3505 4943 3726 5023 πλάκες,

2091 5030 2126 5098 ἡ
2154 5025 2380 5094 κιϐωτὸς
2440 5031 2528 5086 καὶ
2578 5032 2612 5098 ἡ
2673 5028 2887 5111 λυχνία,
2945 5035 3032 5089 καὶ
3082 5036 3116 5103 ἡ
3171 5033 3401 5113 τράπεξα
3447 5036 3626 5092 καὶτὸ
3651 5039 3730 5092 Θυ-

2093 5119 2370 5205 μιατήριον
2439 5119 2539 5186 τὴν
2598 5121 2857 5200 παναγίαν
2936 5120 3288 5205 προδιέγραφέ
3341 5145 3400 5180 τε
3455 5126 3544 5181 καὶ
3602 5147 3730 5204 προ-

2092 5204 2330 5267 διετύπου
2380 5207 2637 5266 Παοθὲνον
2692 5210 2790 5277 τὴν
2872 5214 3127 5270 Θεοτόκον
3207 5204 3450 5293 Μαριὰμ,
3520 5215 3608 5270 καὶ
3661 5216 3728 5277 ὡς

2091 5305 2256 5356 ταῦτα
2313 5297 2412 5374 μὲν
2465 5298 2756 5377 προετύπου
2805 5302 3024 5383 ταύτην,
3087 5306 3147 5363 οὗ
3203 5303 3388 5382 γέγονε
3451 5302 3507 5360 δὲ
3563 5302 3727 5372 ἐκείνη
