4076 6114
272 114 386 180 ’731

1174 115 1592 182 MICHAELIS
1631 118 2049 182 CERULARII
2090 119 2204 181 GP.
2250 119 2768 182 PATRIARGHIE

3540 114 3659 180 732

355 251 662 334 Stephani,
697 257 939 317 Antonii
993 263 1050 316 et
1103 252 1352 327 Nicolai,
1402 252 1956 317 sanctissimorumid

2077 250 2367 330 Στεφάνου,
2425 247 2706 307 Ἀντωνίου
2789 253 2876 307 καὶ
2960 251 3244 332 Νικολάου,
3321 257 3428 308 τῶν
3489 251 3654 328 ἁγιω·

278 350 336 404 et
364 345 756 407 orthodoxum
792 345 1282 426 patriarcharum,
1309 351 1528 406 aeterna
1562 342 1872 404 memoria.

358 431 569 497 Omnia
613 455 743 516 quae
788 444 994 497 contra
1040 442 1274 496 sanctos
1314 433 1701 515 patriarchas,
1733 434 1918 495 Tara-

276 524 892 606 sium,Nicephorum,
924 524 1307 594 Methodium,
1335 523 1647 602 Ignatium,
1674 522 1920 602 Stepha-

277 631 444 687 num,
478 614 779 690 Photium,
815 613 1136 675 Antonium
1168 619 1227 675 et
1253 611 1557 674 Nicolaum
1579 611 1801 693 scripta
1821 617 1922 674 aut

276 703 436 765 dicta
463 712 620 779 sunt,
652 704 970 765 anathemu
1001 702 1142 765 sint.

359 793 576 856 Omnia
604 811 734 873 quze
766 802 979 874 praeter
1014 791 1480 854 ecclesiasticam
1511 790 1914 864 traditionem,

277 890 338 946 et
357 882 687 946 doctrinam
715 881 1310 962 explanationemque
1327 888 1664 942 sanctorum
1685 887 1743 942 et
1766 878 1918 940 cele-

278 972 477 1034 brium
501 975 741 1035 Palmm
764 973 1063 1047 innovata,
1089 980 1186 1033 aut
1206 979 1376 1050 gesta
1403 979 1504 1032 aut
1532 971 1593 1031 in
1618 977 1917 1051 posterum

279 1062 540 1144 garenda
571 1071 732 1136 sunt,
767 1063 1085 1125 anathema
1115 1060 1255 1122 sint.

359 1149 680 1232 Euthymii,
732 1150 1048 1232 Theophili
1098 1158 1157 1212 et
1212 1148 1535 1225 Emiliani,
1593 1148 1919 1211 celebrium

283 1240 692 1304 confessorum
725 1248 783 1305 et
813 1239 1344 1322 archiepiscorum,
1367 1245 1586 1302 aeterna
1607 1237 1925 1301 memoria.

283 1419 731 1501 TheOphylacti,
768 1419 954 1496 Petri,
990 1416 1299 1483 Michaelis
1331 1423 1389 1480 et
1426 1416 1670 1497 Ioseph,
1711 1414 1927 1478 beato-

286 1527 420 1571 rum
449 1509 978 1591 Metropolitarum,
1009 1517 1235 1570 aeterna
1267 1506 1579 1568 memoria.

364 1598 637 1674 Joannis,
668 1597 894 1661 Nicolai
924 1605 983 1661 et
1003 1596 1264 1676 Georgii,
1289 1603 1380 1657 ter
1407 1594 1668 1658 felicium
1699 1593 1928 1656 confes-

286 1705 484 1749 sorum
503 1687 1521 1768 etarchiepiscoporum,etomnium
1539 1683 1638 1764 qui
1656 1682 1929 1762 ejusdem

286 1777 602 1838 sententiae
633 1777 870 1838 fuerunt
901 1780 1577 1858 episcoporum,a3terna
1614 1771 1924 1846 memoria,

370 1864 670 1926 Theodori
702 1864 1060 1927 sanctissimi
1091 1863 1414 1943 hegumeni
1445 1861 1636 1925 Studii
1657 1911 1672 1937 ,
1705 1874 1931 1922 averna

291 1956 600 2018 memoria.
659 1955 842 2016 lsaaci
887 1953 1331 2032 Thaumaturgi,
1377 1960 1435 2014 et
1461 1951 1754 2016 Joannicii
1790 1967 1932 2031 pro-

291 2044 525 2126 phetico
556 2044 768 2126 spiritu
799 2044 1151 2126 plenissimi,
1185 2051 1404 2104 aeterna
1431 2041 1739 2103 memoria.

370 2134 694 2197 Hilarionis
742 2133 1106 2197 sanctissimi
1152 2131 1629 2194 archimandritas
1657 2139 1712 2192 et
1739 2129 1932 2207 hegu-

291 2225 451 2286 meni
495 2225 768 2301 Dalmati,
821 2232 1041 2286 aeterna
1089 2221 1396 2284 memoria.
1453 2218 1763 2301 Symeonis
1792 2235 1933 2278 san-

291 2315 541 2377 ctissimi
570 2313 823 2396 Stylatze,
859 2322 1083 2378 aeterna
1115 2311 1426 2374 memoria.

371 2403 752 2485 Theophanis
789 2401 1144 2465 sanctissimi
1188 2399 1508 2480 hegumeni
1550 2397 1742 2478 Magni
1771 2397 1931 2476 Agri,

296 2501 516 2555 aaterna
546 2493 856 2554 memoria.

384 2582 790 2644 Conciliabqu
822 2580 977 2662 quod
993 2579 1198 2642 contra
1227 2577 1724 2655 sacrasﬁimagines
1749 2573 1938 2638 infre-

300 2669 471 2745 muit,
523 2671 863 2732 anathema.
912 2669 990 2732 Iis
1038 2668 1140 2748 qui
1184 2667 1340 2728 dicta
1389 2665 1711 2746 Scriptum
1750 2681 1938 2725 sacrae

1997 340 2170 434 τάτέυν
2201 340 2288 395 καὶ
2316 337 2597 417 όρθοδόξων
2626 345 2992 420 πατριαρχῶν,
3026 344 3208 398 αἰωνία
3235 344 3270 410 ἡ
3311 343 3523 417 μνήμη.

2099 428 2317 484 Ἀπαντχ
2371 429 2437 485 τὰ
2492 428 2628 483 κατὰ
2703 429 2809 484 τῶν
2888 429 3049 506 ἁγίων
3106 435 3474 510 πατριαρχῶν,
3534 437 3647 486 Τα-

2002 519 2200 598 ρασίου,
2238 517 2538 596 Νικηφόρου
2581 519 2668 573 καὶ
2698 516 2970 588 Μεθοδίου,
3024 518 3300 598 Ἰγνατίου,
3358 519 3642 598 Στεφάνου,

1999 607 2228 680 Φωτίου,
2263 603 2544 663 Ἀντωνίου
2573 608 2660 664 καὶ
2692 607 2954 666 Νικολάου
2981 609 3244 690 γραφέντα
3269 608 3306 678 ἢ
3327 606 3618 675 λαληθέντα

2001 694 2258 770 ἆναθεμα.

2083 791 2314 845 Ἀπαντα
2364 788 2431 844 τὰ
2478 789 2621 866 παρὰ
2676 788 2774 856 τὴν
2831 789 3278 859 ἐκκλησιαστικὴν
3335 787 3642 869 παράδοσιν,

2000 877 2087 932 καὶ
2140 877 2236 945 τὴν
2286 875 2618 934 διδασκαλίαν
2670 879 2758 934 καὶ
2808 879 3142 936 ὑποτύπωσιν
3197 885 3303 936 τῶν
3359 882 3519 958 ἁγίων
3560 879 3652 936 καὶ

2000 964 2250 1042 ἀοιδίμων
2281 965 2528 1046 Πατέρων
2555 966 3029 1042 καινοτομηθέντα,
3055 969 3091 1036 ἢ
3116 967 3419 1048 πραχθέντα
3447 967 3482 1036 ἢ
3515 965 3650 1043 μετὰ

2000 1064 2153 1114 τοῦτο
2182 1056 2627 1135 πραχθησόμενα,
2662 1055 2920 1132 ἀνάθεμα.

2084 1142 2361 1221 Εὐθυμίου,
2421 1142 2674 1221 Θεοφίλου
2729 1145 2818 1199 καὶ
2899 1142 3233 1220 Αἰμιλιανοῦ,
3307 1150 3414 1201 τῶν
3481 1142 3650 1200 ἀοιδί-

2010 1251 2126 1306 μων
2205 1228 2552 1308 ὁμολογητῶν
2641 1231 2729 1287 καὶ
2811 1231 3270 1312 ἆρχιεπισκόπων,
3346 1233 3526 1289 αἰωνία
3613 1233 3651 1299 ἡ

2013 1321 2228 1395 μνήμη.

2091 1405 2476 1487 Θεοφυλάκτου,
2511 1406 2727 1488 Πέτρου,
2761 1409 2986 1489 Μιχαὴλ
3014 1413 3104 1468 καὶ
3145 1408 3369 1490 Ἰωσὴφ,
3399 1415 3504 1467 τῶν
3549 1431 3654 1486 μα-

2009 1496 2202 1575 καρίων
2232 1495 2664 1575 μητροπολιτῶν,
2700 1499 2882 1556 αἰωνία
2911 1502 2944 1568 ἡ
2975 1503 3188 1577 μνήμη,

2092 1582 2353 1660 Ἰωάννου,
2387 1584 2650 1644 Νικολάου
2705 1589 2792 1644 καὶ
2843 1591 3125 1670 Γεωργίου,
3187 1595 3291 1646 τῶν
3347 1585 3659 1668 τρισολόίων

2013 1672 2360 1752 ὁμολογητῶν
2429 1676 2517 1730 καὶ
2587 1675 3047 1756 ἀρχιεπισκόπων,
3117 1682 3206 1737 καὶ
3271 1681 3485 1736 πάντῶν
3552 1685 3659 1736 τῶν

2012 1763 2490 1843 ὁμοφρονησάντων
2520 1765 2704 1829 αὐτοῖς
2759 1765 3083 1841 ἐπισκόπων,
3135 1771 3318 1826 αἱωνία
3358 1771 3394 1838 ἡ
3442 1769 3656 1844 μνήμη.

2095 1849 2358 1931 Θεοδῶρου
2428 1862 2522 1911 τοῦ
2592 1856 2841 1912 πανοσίου
2893 1857 3185 1935 ἡγουμένου
3240 1864 3347 1914 τῶν
3390 1855 3655 1932 Στουδίου,

2013 1941 2195 1996 αἱωνία
2252 1942 2286 2009 ἡ
2349 1943 2561 2017 μνήμη,
2621 1940 2881 2002 ἰσαακίου
2927 1956 3017 2004 τοῦ
3087 1953 3515 2027 Θαυματουργοῦ,
3573 1947 3663 2002 καὶ

2015 2026 2331 2112 Ἰωαννικίου
2356 2040 2446 2089 τοῦ
2475 2035 2972 2112 προφητικωτάτου,
3003 2035 3184 2092 αἰωνία
3213 2038 3248 2104 ἡ
3280 2026 3494 2112 μνήμη.

2101 2109 2392 2198 ἰλαρίωνος
2434 2109 2525 2177 τοῦ
2569 2109 2861 2182 ἆσιωτάτου
2918 2109 3326 2205 ἀρχιμανδρίτου
3381 2109 3470 2182 καὶ
3495 2126 3662 2202 ἡγου-

2019 2205 2175 2282 μένου
2204 2213 2309 2263 τῶν
2366 2207 2670 2290 Δαλμάτου,
2732 2211 2914 2268 αἰωνία
2969 2214 3004 2280 ἡ
3062 2214 3272 2291 μνήμη.
3327 2215 3545 2290 Συμεὼν
3572 2221 3665 2272 τοῦ

2019 2298 2307 2353 ὁσιωτάτου
2337 2296 2607 2373 Στυλίτου,
2642 2300 2827 2356 αἰωνία
2853 2302 2888 2368 ἡ
2921 2301 3138 2377 μνήμη,

2099 2387 2392 2467 Θεοφάνους
2439 2410 2531 2445 του
2587 2389 2876 2447 ὁσιωτάτου
2929 2390 3228 2468 ἡγουμένου
3281 2397 3372 2448 τοῦ
3419 2389 3665 2470 Μεγάλου

2020 2469 2232 2553 Ἀγροῦ,
2269 2477 2453 2532 αἰωνία
2481 2478 2514 2544 ἡ
2548 2478 2763 2554 μνήμη.

2102 2570 2188 2637 Τῷ
2245 2562 2587 2644 φρυαξαμένῳ
2641 2563 2885 2646 σΝεδρίῳ
2935 2570 3073 2625 κατὰ
3140 2576 3247 2626 τῶν
3306 2574 3513 2626 σεπτῶν
3583 2571 3662 2625 εἰ-

3627 654 3645 687 ﬁ

2019 2652 2212 2726 κόνων,
2272 2653 2527 2729 ἀνάθεμα.
2597 2664 2726 2718 Τοῖς
2784 2655 3168 2733 ἐκλαμϐάνουσι
3223 2659 3317 2722 τὰς
3379 2659 3523 2738 παρὰ
3563 2662 3662 2725 τῆς

295 2740 692 2836 contraidola,
712 2758 994 2820 adversus
1006 2740 1376 2818 venerandas
1395 2740 1611 2818 Christi
1637 2752 1738 2814 Dei
1752 2751 1937 2813 nostri

2052 2740 2158 2803 είας
2192 2746 2398 2820 Γραγῆς
2426 2743 2604 2820 ῥήσεις
2634 2745 2770 2800 κατὰ
2798 2747 2904 2801 τῶν
2933 2745 3162 2804 εἰδώλων
3221 2748 3292 2810 εἰς
3341 2748 3434 2812 τὰς
3466 2748 3661 2809 σεπτὰς

297 2857 356 2911 et
385 2855 724 2911 sanctorum
759 2848 889 2928 ejus
919 2846 1210 2924 imagines
1239 2844 1558 2924 accipiunt,
1601 2842 1934 2903 anathema.

373 2937 452 2999 Iis
481 2937 582 3018 qui
611 2937 872 2999 scienter
904 2935 1268 3016 participant
1320 2951 1453 2994 cum
1497 2930 1941 2993 contumeliosis

298 3045 438 3105 erga
473 3045 672 3089 sacras
712 3025 1024 3105 imagines,
1070 3023 1409 3085 anathema.
1439 3020 1517 3082 Iis
1550 3021 1651 3102 qui
1683 3019 1942 3081 dixerint

295 3118 473 3180 alium
496 3123 709 3198 praeter
737 3115 1036 3177 Christum
1069 3132 1179 3175 nos
1209 3112 1496 3174 liberasse
1520 3110 1605 3191 ab
1643 3108 1938 3189 idolorum

299 3224 528 3288 errore,
561 3205 898 3267 anathema.

378 3382 456 3446 Iis
483 3381 585 3463 qui
606 3383 734 3444 ausi
754 3381 1211 3455 fuerintdicere,
1233 3379 1590 3445 catholicam
1606 3376 1938 3441 Ecclesiam

300 3471 460 3533 idola
484 3471 800 3552 aliquando
828 3471 1170 3549 admisisse,
1205 3479 1407 3552 utpote
1437 3469 1538 3551 qui
1571 3476 1754 3530 totum
1778 3485 1941 3546 mys-

304 3561 519 3625 torium
571 3569 857 3643 evertant,
912 3571 970 3624 et
1011 3561 1479 3626 Christianorum
1519 3559 1695 3621 ﬁdem
1725 3563 1936 3618 contu-

304 3652 499 3714 meliis
527 3652 807 3730 afﬁciant,
841 3652 1176 3714 anathema.

384 3741 601 3804 Multos
627 3761 816 3804 annos
843 3761 1236 3823 apprecamur
1257 3735 1714 3821 imperatoribus
1740 3752 1754 3797 :
1782 3733 1940 3796 Deus

305 3832 598 3894 custodiat
627 3833 946 3914 imperium
984 3853 1189 3897 eorum
1218 3855 1234 3909 ;
1266 3834 1425 3895 Deus
1456 3827 1708 3909 imperio
1733 3844 1939 3887 eorum

2023 2830 2226 2894 εἰκόνας
2259 2838 2483 2909 Χριστοῦ
2511 2838 2602 2888 τοῦ
2633 2839 2763 2890 Θεοῦ
2817 2835 2972 2911 ἡμῶν
3027 2837 3115 2893 καὶ
3159 2841 3263 2892 τῶν
3293 2837 3453 2914 ἁγίων
3483 2837 3661 2904 αὐτοῦ,

2022 2919 2257 2994 ἀνάθεμα
2268 2968 2280 2982 ,

2102 3017 2230 3072 Τοῖς
2291 3015 2628 3067 κοινωνοῦσιν
2686 3011 2739 3066 ἐν
2803 3011 2994 3089 γνώσει
3059 3025 3178 3078 τοῖς
3247 3009 3496 3090 ὑϐρίζουσι
3565 3011 3660 3072 τὰς

2021 3098 2215 3160 σεπτὰς
2274 3097 2502 3172 εἰκόνας,
2575 3099 2834 3176 ἀνάθεμα.
2889 3111 3016 3165 Τοῖς
3088 3101 3329 3180 λέγουσιν
3384 3099 3464 3156 ότι
3521 3098 3663 3166 πλὴν

2021 3193 2248 3265 Χριστοῦ
2274 3193 2367 3243 τοῦ
2395 3194 2526 3244 Θεοῦ
2569 3189 2722 3262 ἡμῶν
2773 3186 2931 3254 ἄλλος
2984 3191 3128 3266 ἡμᾶς
3159 3190 3408 3269 ἐρρύσατο
3434 3193 3530 3255 τῆς
3561 3193 3668 3243 τῶν

2021 3273 2250 3332 εἰδώλων
2280 3274 2513 3356 πλάνης,
2560 3276 2816 3353 ἀνάθεμα.

2099 3373 2228 3426 Τοῖς
2296 3362 2533 3439 τολμῶσι
2605 3363 2778 3443 λέγειν
2848 3367 2948 3433 τὴν
3005 3365 3292 3434 καθολικὴν
3352 3364 3668 3433 Ἐκκλησίαν

2020 3449 2205 3508 εἵδολά
2260 3473 2389 3508 ποτε
2444 3450 2710 3532 δεδέχθαι,
2769 3455 2844 3516 ὡς
2895 3451 3016 3509 ὅλον
3070 3455 3132 3509 τὸ
3190 3456 3477 3533 μυστήριον
3534 3454 3670 3509 ἀνα-

2020 3539 2288 3619 τρέπουσι,
2341 3541 2429 3596 καὶ
2473 3541 2597 3619 ’τὴν
2679 3547 3004 3621 Χριστιανῶν
3073 3538 3386 3619 ἐνυϐρίζουσι
3469 3543 3669 3617 πίστιν,

2021 3629 2284 3704 ἀνάθεμα.

2104 3720 2284 3778 Πολλὰ
2312 3722 2376 3780 τὰ
2431 3719 2526 3790 ἔτη
2583 3727 2688 3778 τῶν
2746 3721 3005 3797 βασιλέων
3039 3738 3054 3754 ⁶
3101 3725 3131 3780 ὁ
3185 3723 3314 3786 Θεὸς
3370 3719 3584 3803 φυλάξει
3612 3725 3675 3780 τὸ

2022 3811 2210 3889 κράτος
2283 3812 2453 3867 αὐτῶν
2487 3829 2502 3845 ο
2585 3812 2614 3866 ὁ
2671 3813 2802 3874 Θεὸς
2857 3811 2957 3879 τὴν
3025 3809 3297 3888 βασιλείαν
3355 3813 3530 3869 αὐτῶν
3597 3814 3675 3868 εἰ-

308 3941 514 4003 pacem
543 3898 850 3986 concedat.
873 3925 1142 3988 Caelestis
1164 3898 1512 4004 Imperator,
1546 3898 1816 3981 terrenos
1827 3933 1942 4008 cu-

2048 3898 2288 3965 ιηνεύσει.
2345 3900 2559 3978 Οὐράνιε
2613 3899 2858 3975 Βασιλεῦ,
2917 3901 3037 3964 τοὺς
3078 3900 3355 3979 -ἐπιγείους
3427 3899 3675 3980 φύλαξον.

2058 3995 2074 4008 ι
2190 3988 2200 4001 ‘
2225 3986 2242 4008 Χ
2353 3995 2368 4004 ν
2434 3989 2446 4007 Ἷ
2481 3991 2506 4008 Λ
2548 3987 2569 4008 δ
2587 3986 2624 4008 IV
2753 3991 2765 4008 ι
2834 3995 2860 4004 ~
2952 3989 2980 4008 Λ
3079 3987 3099 4008 Ἴ
3126 3989 3135 4002 ¹
3329 3991 3343 4008 \
3409 3997 3440 4008 Λ
3513 3987 3535 4008 ἢ
3558 3990 3570 4008 Ι

307 3986 485 4073 stodi.
529 4012 830 4076 Michaelis
870 3986 1182 4076 orthodoxi
1229 3986 1609 4092 imperatoris
1657 4003 1852 4094 nostri
1885 4010 1947 4064 et

2048 3986 2252 4067 ιίιχαὴλ
2283 3995 2374 4045 τοῦ
2420 3986 2689 4067 ὀρθοδόξου
2744 3991 2899 4064 ἡμῶν
2951 3987 3214 4066 βασιλέως
3258 3991 3347 4045 καὶ
3404 3987 3676 4068 Θεοδώρας

307 4100 640 4163 Theodorae
662 4103 862 4164 matris
887 4103 1036 4183 ejus,
1070 4111 1290 4165 mterna
1312 4077 1622 4161 memoria.
1655 4092 1854 4183 Basilii
1889 4100 1946 4152 et

2048 4082 2126 4144 τῆς
2171 4079 2326 4133 αὐτοῦ
2368 4080 2594 4156 μητρὸς,
2653 4078 2834 4134 αἰωνία
2891 4079 2928 4146 ἠ
2987 4080 3203 4154 μνήμη.
3263 4077 3536 4135 Βασιλείου
3590 4081 3680 4136 καὶ

1414 4182 1849 4264 Christophori,
1887 4190 1947 4243 et

2048 4166 2442 4268 iwvotav-rtvou,
2503 4168 2727 4231 Λὲοντος
2804 4169 2893 4224 καὶ
2967 4165 3306 4268 Ἀλεξάνδρου
3381 4170 3677 4247 Χριστοφό-

305 4277 580 4353 Romani,
599 4280 1252 4357 ConstantiniRomani,
1275 4274 1594 4357 Nicephori
1609 4283 1666 4335 et
1682 4270 1947 4344 Joannis,

2048 4279 2122 4312 >ου
2225 4258 2314 4312 καὶ
2369 4258 2660 4332 Ῥωμανου,
2708 4258 3098 4315 Κωνσταντίνου
3172 4258 3442 4331 Ῥωμανοῦ
3499 4267 3675 4324 Νικη-

305 4366 532 4447 Basilii,
561 4345 954 4452 Constantini,
977 4345 1313 4434 Romani'et
1346 4345 1670 4444 Michaelis,
1705 4361 1806 4442 qui
1828 4369 1954 4422 ter—

2048 4347 2196 4427 φόρου
2299 4347 2387 4402 καὶ
2489 4345 2753 4419 Ἰωάννου,
2854 4345 3146 4422 Βασιλείου,
3258 4346 3674 4423 Κωνσταντίνου,

2048 4430 2096 4452 ι-»
2291 4446 2313 4452 ..
2441 4437 2455 4452 ι
2511 4443 2560 4452 ε-
2673 4436 2723 4452 \‘
2844 4443 2870 4451 ευ
3005 4436 3017 4452 ι
3152 4437 3167 4452 1
3224 4435 3236 4452 Ι
3412 4436 3440 4452 Λ
3535 4433 3554 4452 Χ
3602 4437 3612 4452 Ι

313 4433 532 4515 renum
554 4454 876 4536 imperium
901 4433 1034 4520 cum
1060 4457 1283 4518 caelesti
1303 4433 1769 4521 commutarunt,
1796 4456 1956 4510 aeter-

2048 4433 2317 4513 ‘Pwpavoﬁ
2372 4437 2459 4493 καὶ
2511 4436 2734 4516 Μιχαὴλ
2803 4443 2908 4493 τῶν
2963 4436 3061 4502 τὴν
3117 4435 3352 4512 οὐράνιον
3410 4433 3678 4511 βασιλείαν

311 4561 386 4607 na
431 4523 744 4610 memoria.
781 4549 928 4610 Zoes
961 4545 1242 4628 piissimze
1270 4554 1329 4606 et
1357 4540 1712 4605 beatissimae
1733 4538 1956 4617 Augus-

2048 4533 2170 4604 τῆς⁴
2192 4526 2443 4604 ἐπιγείου,
2477 4523 2873 4601 ἀλλαξαμένων,
2929 4525 3110 4581 αἰωνία
3164 4525 3198 4591 ἡ
3257 4525 3468 4600 μνήμη.
3527 4529 3678 4588 Ζωῆς

309 4644 408 4712 ιω,
445 4644 667 4700 ωιθιοηδ
699 4613 1010 4701 memoria.
1831 4613 1852 4617 ⁷
2041 4623 2140 4685 τῆς
2210 4613 2587 4681 εῦσεϐεστάτης
2657 4615 2981 4692 Αὐγούστης,
3060 4614 3148 4670 καὶ
3213 4613 3680 4691 τρισμακαρίστου,

2041 4707 2224 4762 αἰωνία
2251 4707 2286 4774 ἡ
2319 4707 2532 4781 μνήμη.

389 4816 693 4894 Germani,
718 4815 967 4889 Tarasii,
1011 4812 1333 4895 Nicephori
1363 4818 1420 4874 et
1459 4803 1745 4872 Methodii
1769 4821 1954 4866 vene-

2117 4800 2405 4874 Γερμανοῦ,
2459 4793 2737 4873 Ταρασίου,
2795 4790 3098 4872 Νικηφόρου
3152 4791 3240 4848 καὶ
3300 4787 3548 4848 Μεθοδίου
3576 4793 3684 4845 τῶν

310 4903 589 4967 rabilium
626 4880 1123 4986 patriarcharum,
1151 4880 1371 4964 aeterna
1399 4895 1707 4986 memoria.
1731 4981 1769 4986 _
1842 4981 1855 4986 _

2048 4883 2288 4960 Ξιοιδίμων
2318 4888 2685 4962 πατριαρχῶν,
2719 4880 2902 4939 αἰωνία
2930 4883 2965 4950 ἡ
2996 4881 3212 4986 μνήμη,

391 4965 642 5074 Ιεῐιειιὶί,⁸
673 4965 962 5077 Stephani
1001 4965 1058 5056 et
1089 4965 1354 5065 Antonii,
1388 4981 1952 5077 Nicolai_et_Euthy:

2115 4971 2388 5052 Ἰγνατίου,
2477 4972 2768 5052 Στεφάνου,
2851 4973 2939 5027 καὶ
3024 4968 3326 5051 Ἀντωνίου,
3425 4965 3687 5026 Νικολάου

2104 5063 2117 5077 \
2180 5062 2273 5077 -ΊΛ
2357 5061 2368 5077 Ι
2541 5067 2576 5077 -ς
2696 5060 2708 5077 Ι
2915 5068 2954 5077 —
3000 5059 3012 5077 I
3301 5066 3333 5077 Λ
3468 5055 3488 5077 Ἴ
3517 5056 3531 5077 Ι

787 5055 1146 5166 Tryphonis,
1161 5082 1327 5144 Theo
1335 5055 1610 5167 phylacti,
1626 5055 1950 5153 Polyeucti,

2048 5063 2122 5119 ιαὶ
2177 5061 2453 5142 Εὑθυμίου,
2538 5060 2828 5140 Στεφάνου,
2915 5059 3218 5139 Τρύφωνος,
3297 5055 3686 5137 Θεοφυλάκτου,

311 5147 584 5255 Antonii;
639 5147 982 5236 Nicolainet
1039 5147 1285 5235 Sisinnii
1335 5147 1808 5255 orthodoxorum
1846 5176 1956 5240 pa-

2048 5150 2388 5228 Πολυεύκτου,
2448 5150 2752 5228 Ἀντωνίου,
2810 5147 3072 5206 Νικολάου
3133 5150 3222 5204 καὶ
3276 5147 3528 5204 Ζισιννίου
3581 5151 3689 5201 τῶν

2054 5241 2067 5255 ς
2105 5243 2126 5255 Α
2167 5238 2244 5255 Nl?
2634 5243 2656 5253 τ
2786 5236 2800 5255 ἳ
2889 5237 2900 5253 σ
2972 5238 2984 5255 ε
3120 5238 3133 5255 Ι

316 5236 734 5338 ῑνίθνοὶιέινυω,
757 5271 979 5326 aeterna
1007 5261 1311 5324 memoria.
1477 5251 1494 5268 ³
1844 5339 1878 5342 _

2048 5238 2322 5319 ὀρθοδόξων
2351 5243 2718 5318 πατριαρχῶν,
2751 5236 2936 5293 αἰωνία
2965 5238 3000 5304 ἡ
3030 5238 3245 5314 μνήμη.

395 5323 912 5433 Quemadmodum
935 5323 1062 5415 haec
1080 5323 1534 5414 benedictiones
1562 5344 1635 5410 ab
1677 5342 1822 5434 ipsis
1843 5339 1956 5402 Pa-

2125 5331 2286 5386 Αὗται
2341 5331 2414 5392 ὡς
2472 5326 2702 5405 εὐλογίαι
2759 5325 3007 5406 Πατέρων
3063 5323 3157 5383 ἀπ’
3217 5328 3389 5384 αὐτῶν
3443 5327 3516 5390 εἰς
3546 5326 3726 5401 ἡμᾶς¹

2110 5417 2122 5434 \
2265 5420 2277 5434 ι
2315 5418 2328 5434 \
2445 5423 2472 5434 ιι
2515 5415 2535 5434 ‘
2584 5422 2604 5432 ν
2849 5416 2863 5434 θ
2917 5419 2939 5428 υ
3090 5419 3099 5432 ι
3246 5417 3260 5434 9
3318 5413 3366 5434 ΥΩ
3579 5411 3604 5434 δ

319 5411 514 5508 tribus
548 5442 612 5510 in
657 5459 766 5508 nos
817 5441 994 5522 ﬁlios,
1043 5411 1564 5520 cori—impietatem
1593 5411 1956 5503 aemulantes,

2048 5417 2167 5482 τοὺς
2235 5418 2374 5481 υἱοὺς
2445 5415 2736 5490 ζηλοῦντας
2809 5416 2979 5474 αἰητῶν
3047 5419 3146 5482 τὴν
3215 5413 3501 5490 εὖσέϐειαν,
3575 5411 3693 5470 δια-
