4076 6114
315 276 438 342 ’133

309 403 578 463 ϐαίνουσιν
614 424 628 438 ⁸

313 495 492 576 λοίας,
543 496 631 552 καὶ
687 501 790 552 τῶν
853 501 1186 552 Δεσποτικῶν
1242 494 1466 552 ἐντολῶν
1521 495 1816 574 ὑπερόπτας
1863 516 1968 550 κα-

317 582 742 660 ταλαμϐάνουσι.
769 586 862 642 Διὸ
881 591 1035 662 κοινῇ
1056 585 1246 650 πάντες
1265 583 1387 641 ὅσον
1404 582 1664 649 εὐσεϐείας
1680 583 1966 663 πλήρωμα,

320 671 488 737 οὕτως
518 679 701 739 αὐτοῖς
729 675 830 742 τὴν
873 673 1001 754 ἀρὰν
1041 675 1107 742 ἣν
1141 675 1286 732 αὐτοὶ
1334 675 1546 738 ἑαυτοῖς
1589 671 1967 749 ὑπεϐάλλοντο,

324 762 642 844 ἐπιφέρομεν
655 808 670 824 .

409 861 537 916 Τοῖς
567 851 713 932 λόγῳ
775 858 882 928 μὴν
928 855 1026 922 τὴν
1081 852 1328 934 ἕνσαρκον
1391 854 1690 930 οἰκονομίαν
1719 861 1812 913 τοῦ
1842 858 1973 910 Θεοῦ

323 940 498 1020 Λόγου
540 939 885 1021 δεχομένοις,
943 945 1066 1021 ὁρᾷν
1123 942 1177 999 δὲ
1239 943 1434 1011 ταύτην
1486 943 1553 1000 δι’
1610 942 1824 1000 εἰκόνων
1879 941 1974 999 οὒκ

322 1028 675 1109 ἀνεχομένοις
709 1049 723 1064 ·
799 1033 886 1088 καὶ
966 1030 1050 1088 διὰ
1104 1040 1259 1090 τοῦτο
1313 1033 1509 1110 ῥήματι
1548 1033 1666 1110 ’μὲν
1726 1030 1972 1112 δέχεσθαι

325 1121 977 1200 κατασχηματιζομένοις,
1011 1122 1280 1202 πράγματι
1313 1121 1367 1178 δὲ
1403 1123 1498 1192 τὴν
1529 1123 1789 1202 σωτηρίαν
1820 1123 1973 1197 ἡμῶν

324 1207 693 1287 ἀρνουμένοις,
725 1209 984 1286 ἀνάθεμα.

409 1305 539 1361 Τοῖς
607 1305 684 1373 τῷ
740 1299 936 1377 ῥήματι
991 1306 1083 1356 τοῦ
1132 1299 1522 1380 ἆπεριγράπτου
1577 1306 1754 1365 κακῶς
1813 1320 1977 1379 προσ-

327 1384 636 1467 φυομένοις,
667 1390 755 1445 καὶ
785 1387 868 1445 διὰ
895 1399 1046 1448 τοῦτο
1077 1390 1155 1466 μὴ
1203 1389 1542 1468 βουλομένοις
1573 1392 1975 1470 εἰκονογραφεῖ-

327 1476 449 1530 σθαι
478 1476 570 1531 τὸν
611 1476 995 1557 παραπλησίως
1024 1480 1160 1555 ἡμ·’ν
1189 1481 1380 1559 σαρκὸς
1415 1481 1504 1537 καὶ
1536 1480 1764 1556 αἵματος
1796 1499 1976 1534 κεκοι-

323 1564 630 1638 νωνηκόυα,
662 1567 884 1645 Χριστὸν
913 1589 1004 1622 τον
1033 1566 1280 1635 ἀληθινὸν
1306 1569 1433 1625 Θεὸν
1455 1570 1609 1645 ἡμῶν
1637 1569 1725 1625 καὶ
1745 1567 1975 1626 ἐντεῦθεν

321 1667 744 1730 φαντασιαστατς
775 1652 1156 1736 δεικνυμένοις,
1200 1657 1456 1733 ἀνάθεμα.

412 1749 542 1804 Τοῖς
592 1743 687 1807 τὰς
740 1744 834 1820 μὲν
893 1745 1224 1825 προφητικάς
1269 1747 1498 1826 ὁράσεις,
1556 1744 1653 1802 κᾶν
1711 1746 1788 1815 μὴ
1845 1745 1975 1823 βού-

327 1825 532 1903 λοιντο,
581 1830 1036 1913 παραδεχομένοις
1072 1849 1086 1864 ⁸
1148 1835 1259 1898 τὰς’
1293 1833 1338 1890 δ’
1392 1836 1633 1916 ὀφθείσας
1686 1836 1866 1900 αὐτοῖς
1898 1837 1976 1892 εἰ-

327 1921 682 2000 κονογραφίας
739 1921 806 2000 (ὢ
859 1925 1031 1997 θαῦμα
1067 1922 1104 1999 ἰ)
1192 1925 1280 1980 καὶ
1359 1927 1460 2002 πρὸ
1517 1924 1832 2004 σαρκώσεως
1888 1931 1979 1982 τοῦ

335 2007 511 2084 Λόγου
559 2011 635 2085 μὴ
692 2009 1166 2094 καταδεχομένοις,
1211 2012 1327 2071 ἀλλ’
1387 2015 1423 2084 ἢ
1472 2015 1636 2084 αὐτὴν
1694 2016 1792 2084 τὴν
1835 2012 1978 2083 ἅλη-

331 2096 466 2152 πτόν
522 2119 579 2155 τε
635 2100 724 2156 καὶ
779 2100 996 2158 ἀθέατον
1057 2104 1232 2160 οὐσίαν
1288 2104 1509 2184 ὀφθῆναι
1565 2117 1683 2168 τοῖς
1723 2104 1980 2180 τεθεαμέ-

329 2207 442 2249 νοις
498 2187 866 2272 κενολογοῦσιν
899 2207 914 2224 ⁸
977 2191 1014 2260 ἢ
1074 2192 1276 2257 εἰκόνας
1332 2194 1427 2269 μὲν
1484 2199 1649 2250 ταῦτα
1689 2198 1788 2262 τῆς
1837 2192 1979 2261 ἀλη-

328 2275 470 2339 θείας
536 2278 624 2333 καὶ
692 2279 884 2344 τύπους
951 2283 1040 2337 καὶ
1109 2282 1368 2361 σχήματα
1424 2281 1804 2361 ἐμφανισθῆναι
1861 2296 1978 2346 τοῖς

331 2363 590 2442 ἐωρακόσι
686 2369 1092 2446 συντιθεμένοις,
1190 2373 1586 2453 εἰκονογραφεϊν
1685 2369 1738 2428 δὲ
1821 2372 1978 2429 ἐναν-

335 2455 691 2530 θρωπήσαντα
720 2458 810 2514 τὸν
855 2461 1024 2539 Λόγον
1054 2462 1141 2517 καὶ
1192 2462 1258 2517 τὰ
1309 2461 1437 2541 ὑπερ
1468 2462 1622 2537 ἡμῶν
1653 2460 1809 2519 αύτοῦ
1837 2461 1980 2528 πάθη

335 2541 431 2597 οὐκ
459 2542 830 2624 ἀνεχομένοις,
864 2547 1120 2626 ἀνάθεμα.

416 2641 543 2696 Τοῖς
596 2633 843 2693 ἀκούουσι
893 2647 985 2698 τοῦ
1042 2640 1227 2719 Κυρίου
1283 2643 1356 2705 ὡς
1393 2655 1408 2671 ⁶
1477 2663 1505 2696 α
1572 2642 1634 2698 Εἰ
1687 2640 1983 2698 ἐπιστεύετε

341 2727 554 2804 Μωσεῖ,
587 2723 883 2782 ἐπιστεύετε
913 2726 976 2783 ἂν
1027 2728 1164 2804 ἐμοὶ,
1205 2751 1232 2785 n
1290 2731 1380 2787 καὶ
1433 2731 1499 2787 τὰ
1556 2728 1676 2797 ἑξῆς
1711 2747 1725 2760 ·
1759 2731 1847 2786 καὶ
1874 2731 1934 2786 τό
1968 2746 1982 2761 ⁸

345 2832 374 2864 α
435 2814 722 2894 Προφήτην
779 2816 909 2892 ὑμῖν
965 2818 1250 2889 ἀναστήσει
1329 2820 1513 2898 Κύριος
1569 2822 1598 2876 ὁ
1655 2821 1783 2883 Θεὸς
1833 2821 1986 2895 ἡμῶν

1087 279 1416 343 HOMILIA
1462 279 1541 343 [Ν
1584 268 1825 342 FESTO
1867 271 2466 340 RESTITUTIONIS
2506 246 2915 342 IMAGINUM.

705 407 956 469 ὡσαύτως
1024 404 1080 462 δὲ
1160 407 1249 462 καὶ
1302 408 1356 462 αἱ
1411 406 1529 486 ἀραὶ
1581 406 1702 470 τοὺς
1761 427 1956 484 πατρα-

2075 401 2422 468 [escendunt
2452 408 2565 469 :sic
2590 413 2646 468 et
2677 406 3125 470 maledictiones
3148 406 3475 487 parricidas
3498 413 3556 468 et
3578 407 3692 468 Do-

3577 269 3689 336 734

2051 494 2409 557 minicorum
2437 504 2865 576 praeceptorum
2902 503 3335 575 contemptores
3357 495 3693 576 apprehen-

2053 581 2224 648 dunt.
2249 582 2646 656 Quamobrem
2670 585 2976 646 communi
2996 602 3139 646 voce
3157 602 3391 664 omnes,
3407 590 3694 664 quotquot

2057 672 2294 752 pietatis
2314 680 2526 735 cretum
2553 681 2610 736 et
2633 673 3064 754 plenitudinem
3083 672 3518 748 constituimus,
3540 671 3690 733 itain

2054 758 2190 821 illos
2218 761 2696 824 maledictionem
2721 763 2817 824 cui
2837 780 2902 825 se
2923 761 3328 841 subjecerunt,
3354 760 3684 827 inferimus.

2134 849 2212 912 Iis
2241 849 2344 931 qui
2372 850 2552 913 verbo
2585 851 2826 932 quidem
2859 852 2968 914 Dei
2995 850 3182 914 Verbi
3211 850 3273 911 in
3317 867 3498 912 carne
3527 867 3693 912 oeco-

2057 938 2318 1000 nomiam
2379 940 2712 1021 recepiunt,
2773 940 2963 1021 ipsam
3022 959 3162 1004 vero
3215 941 3279 1002 in
3333 937 3696 1018 imaginibus

2057 1030 2406 1108 conspicere
2431 1038 2710 1092 recusant
2737 1049 2753 1107 ;
2784 1037 2960 1110 atque
2979 1029 3114 1091 ideo
3137 1028 3279 1090 dum
3311 1046 3374 1089 se
3392 1045 3521 1089 eam
3547 1025 3700 1087 reci-

2057 1135 2199 1197 pere
2228 1118 2406 1180 verbo
2433 1119 2737 1196 simulant,
2767 1136 2974 1180 revera
3002 1118 3254 1181 salutem
3292 1123 3556 1178 nostram
3585 1113 3695 1176 ab-

2056 1219 2294 1290 negant,
2327 1213 2662 1274 anathema.

2136 1300 2214 1363 Iis
2237 1301 2338 1383 qui
2369 1301 2547 1364 verbo
2585 1302 3170 1384 incircumscriptum
3194 1299 3455 1378 maligne
3476 1297 3697 1360 admit-

2057 1397 2212 1467 tunt,
2245 1391 2458 1454 etideo
2481 1391 2691 1454 nolunt
2711 1391 2772 1453 in
2796 1391 3052 1471 imagine
3081 1387 3499 1472 repraesentari
3535 1405 3696 1462 eum,

2056 1480 2160 1558 qui
2193 1480 2443 1561 perinde
2460 1488 2636 1560 atque
2654 1499 2763 1543 nos
2785 1489 2842 1542 et
2866 1479 3032 1543 carni
3051 1487 3108 1541 et
3128 1477 3404 1558 sanguini
3433 1494 3699 1538 commu-

2059 1570 2306 1633 nicavit.
2360 1571 2661 1632 Cbristum
2709 1588 2913 1632 verum
2958 1569 3146 1632 Deum
3195 1575 3486 1641 nostrum,
3521 1571 3698 1646 atque

1997 1696 2037 1746 Β
2061 1660 2200 1721 inde
2230 1659 2648 1741 phantasiastae
2677 1657 3163 1746 comprobantur,
3196 1657 3534 1746 anathema.

2138 1747 2217 1812 Iis
2244 1747 2347 1829 qui
2376 1747 2754 1829 propheticus
2781 1747 3022 1828 quidem
3057 1745 3337 1826 visiones,
3368 1743 3555 1805 velint
3585 1761 3698 1803 no-

2061 1836 2194 1917 lint,
2227 1835 2582 1913 admittunt;
2618 1836 2777 1896 visas
2811 1842 3008 1896 autem
3042 1834 3189 1915 ipsis
3212 1831 3518 1914 prophetis
3544 1830 3699 1891 ima-

2061 1925 2230 2003 gines
2285 1925 2347 2006 (o
2405 1943 2502 1987 res
2554 1925 2766 2002 mira!)
2815 1925 2989 1986 etiam
3039 1933 3177 1986 ante
3224 1921 3697 1984 incarnationem

2063 2013 2245 2076 Verbi
2277 2033 2394 2075 non
2413 2013 2729 2095 recipiunt,
2755 2013 2860 2075 sed
2886 2013 3074 2094 ipsam
3110 2008 3699 2090 incomprehensibi-

2063 2111 2124 2164 et
2179 2101 2538 2164 invisibilem
2603 2101 2962 2163 subtantiam
3015 2099 3086 2162 ab
3143 2099 3262 2161 illis
3318 2105 3698 2178 conspectam

2064 2192 2337 2255 eﬂ‘utiunt
2359 2216 2376 2267 ;
2402 2200 2501 2254 aut
2524 2191 2648 2254 haec
2664 2192 2955 2268 imagines
2983 2189 3225 2271 quidem
3253 2187 3518 2250 veritatis
3542 2193 3600 2249 et
3625 2185 3701 2247 ti-

2063 2303 2238 2366 guras
2271 2291 2328 2346 et
2367 2284 2587 2346 formas
2633 2281 2978 2344 videntibus
3021 2279 3372 2362 apparuisse
3421 2278 3698 2366 fatentur,

2063 2364 2173 2436 sed
2225 2372 2493 2438 Verbum
2533 2371 2834 2433 hominem
2875 2371 3093 2433 factum
3125 2369 3371 2450 ejusque
3399 2386 3502 2449 pro
3533 2364 3705 2427 nobis

2065 2472 2370 2544 susceptas
2406 2459 2710 2542 passiones
2742 2459 3102 2540 imaginibus
3141 2455 3561 2538 repraesentari
3590 2473 3702 2516 no-

2064 2553 2216 2626 lunt,
2241 2551 2578 2615 anathema.

2146 2641 2225 2705 lis
2252 2641 2353 2719 qui
2377 2639 2624 2702 audiunt
2642 2637 2958 2701 Dominum
2983 2635 3281 2698 dicentem
3307 2632 3414 2698 :Si
3432 2632 3708 2695 credere-

2070 2732 2144 2794 tis
2181 2729 2569 2810 Moysi,mihi
2596 2728 2800 2806 utique
2818 2725 3145 2789 crederetis
3163 2725 3218 2800 9,
3240 2731 3382 2800 etc.,
3409 2729 3524 2786 etc.
3552 2720 3708 2782 Pro-

2069 2822 2315 2902 phetum
2357 2815 2520 2902 vobis
2559 2816 2849 2880 excitabit
2874 2815 3178 2877 Dominus
3200 2812 3367 2876 Deus
3403 2817 3604 2902 noster
3635 2825 3710 2871 ea:

340 2899 400 2956 ἐκ
427 2907 532 2956 τῶν
561 2901 799 2986 ἀδελφῶν
844 2907 1012 2982 ὑμῶν,
1062 2909 1134 2972 ὡς
1192 2907 1292 2985 ἐμέ
1325 2927 1340 2943 ⁸
1480 2917 1572 2968 τοῦ
1628 2908 1860 2974 Μωσέως
1890 2907 1985 2964 λέ-

2075 2897 2368 2990 fratribus
2388 2897 2632 2984 uestris,
2657 2907 2811 2969 sicut
2838 2923 2932 2968 me
2950 2905 3029 2980 ως
3055 2903 3432 2984 Moysemque
3460 2899 3708 2990 loquen-

338 3010 524 3066 γοντος
595 3000 878 3069 συνιοῦσιν,
966 2997 1088 3053 εἶτα
1172 2996 1382 3076 λέγουσι
1452 2995 1687 3064 δέξασθαι
1745 2999 1842 3073 μὲν
1899 2999 1985 3054 τὸν

2075 2977 2191 3062 tem
2226 2995 2586 3075 intelligunt,
2613 2977 2834 3057 deinde
2870 2977 3076 3056 dicunt
3103 2977 3170 3054 se
3200 2977 3559 3072 prophetam
3569 2986 3706 3068 qui-

341 3081 646 3158 προφήτην,
709 3087 802 3142 οὐκ
858 3085 1124 3164 εἰσάγουσι
1193 3084 1247 3143 δὲ
1316 3085 1383 3143 δι’
1455 3088 1833 3162 εἰκονισμάτων
1889 3087 1987 3155 την

343 3173 438 3224 τού
463 3172 736 3250 προφήτου
779 3172 966 3252 χάριν,
1015 3176 1102 3231 καὶ
1157 3175 1254 3244 τὴν
1309 3177 1642 3254 παγκόσμιον
1699 3177 1986 3256 σωτηρίαν,

342 3257 416 3320 ὡς
467 3260 670 3336 ὡράθη,
731 3262 804 3325 ὡς
873 3264 1266 3344 συνανεστράφη
1347 3263 1663 3345 ἀνθρώποις,
1722 3266 1794 3328 ὡς
1846 3264 1989 3332 πάθη

345 3345 434 3432 καὶ
532 3346 714 3405 νόσους
815 3349 1004 3415 ἰάσεως
1101 3353 1342 3427 μείζονας
1446 3353 1803 3432 ἐθεράπευσεν,
1917 3355 1990 3416 ὡς

341 3430 666 3516 ἐσταυρώθη,
723 3440 796 3502 ὡς
853 3438 1042 3520 ἐτάφη,
1103 3443 1176 3506 ὡς
1237 3440 1453 3516 ἀνέστη,
1509 3430 1582 3507 ὧς
1639 3443 1810 3501 πάντα
1863 3441 1992 3520 ὑπὲρ

341 3523 495 3597 ἡμῶν
561 3523 720 3583 ἔπαθέ
775 3549 832 3584 τε
887 3531 975 3585 καὶ
1030 3529 1277 3598 ἐποίησεν
1315 3548 1328 3563 ’
1387 3544 1504 3596 τοϊς
1562 3531 1651 3589 οὖν
1707 3534 1869 3588 ταῦτα
1927 3532 1993 3590 τὰ

343 3612 679 3700 παγκόσμια,
739 3618 828 3674 καὶ
882 3620 1118 3699 σωτήρια
1175 3618 1302 3700 ἔργα
1371 3620 1425 3677 ἐν
1483 3622 1676 3678 εἰκόσιν
1733 3623 1857 3700 ὁρᾷν
1913 3621 1990 3696 μὴ

344 3697 715 3808 ἀνεξομένοις,
776 3703 910 3782 μηδὲ
979 3713 1202 3784 τιμῶσιν
1254 3711 1384 3769 αὐτὰ
1448 3711 1535 3767 καὶ
1591 3697 1988 3790 προσκυνοῦσιν,

346 3789 600 3866 ἀνάθεμα,

426 3890 555 3948 Τοῖς
629 3884 932 3962 ἐπιμένουσι
996 3893 1066 3966 τῇ
1127 3889 1469 3969 εἰκονομάχῳ
1523 3886 1736 3966 αἰρέσει,
1790 3885 1990 3962 μᾶλλον

347 3967 402 4025 δὲ
473 3978 542 4049 τῇ
600 3975 962 4056 χριστομάχῳ
1036 3977 1352 4050 ἀποστασία,
1385 3967 1504 4033 ηκαὶ
1561 3977 1699 4052 μήτε
1755 3973 1839 4032 διὰ
1895 3981 1993 4043 τῆς

351 4066 647 4130 Μωσατκῆς
706 4067 1011 4142 νομοθεσίας
1096 4069 1227 4147 πρὸς
1309 4069 1408 4135 τὴν
1491 4067 1752 4144 σωτηρίαν
1823 4065 1994 4122 αὐτῶν

350 4148 648 4230 ἀναχθῆναι
727 4153 1092 4232 βουλομένοις,
1181 4157 1319 4233 μήτε
1405 4167 1528 4218 ταῖς
1611 4152 1994 4219 ἀποστολικαῖς

351 4234 704 4328 διδασκαλίαις
782 4245 1233 4328 ἐναναστραφῆναι
1315 4245 1413 4313 τὴν
1470 4240 1732 4300 εοέσέϐειαν
1799 4265 1994 4323 προαι-

351 4327 646 4406 ρουμένοις,
731 4335 868 4408 μήτε
950 4347 1074 4398 ταῖς
1161 4345 1577 4414 πατριαρχικαῖς
1657 4331 1993 4412 παραινέσεσι

351 4415 440 4471 καὶ
513 4419 818 4498 εἰσηγήσεσι
897 4428 996 4492 τῆς
1080 4422 1287 4490 πλάνης
1357 4422 1528 4479 αὐτῶν
1616 4420 1995 4501 ἐπιστραφῆναι

352 4503 722 4589 βουλομένοις,
774 4512 911 4588 μήτε
956 4518 1026 4590 τῇ
1069 4510 1341 4591 συμφωνίᾳ
1397 4516 1502 4566 τῶν
1544 4509 1643 4567 ἀνά
1697 4516 1871 4567 πᾶσαν
1900 4509 1996 4578 τὴν

353 4593 664 4670 οἰκουμένην
721 4597 1054 4668 Ἐκκλησιῶν
1137 4609 1230 4659 τοῦ
1314 4598 1446 4658 Θεοῦ
1521 4597 1942 4675 δυσωπουμένοις
1977 4614 1992 4628 '

351 4679 470 4736 ἀλλ’
526 4683 730 4765 ἐφάπαξ
809 4689 1021 4754 ἑαυτοὺς
1091 4695 1158 4766 τῇ
1242 4694 1347 4745 τῶν
1405 4686 1667 4748 Ἰουδαίων
1721 4689 1811 4744 καὶ
1869 4679 1996 4746 Ἐλ-

353 4769 530 4842 λήνων
587 4777 752 4858 μερίδι
829 4778 1375 4856 καθυποϐάλλομένοις
1412 4795 1426 4810 ⁸
1503 4779 1559 4858 (ἃ
1627 4779 1726 4857 γὰρ
1784 4777 1996 4855 ἀμέσως

353 4859 550 4921 ἐκεῖνοι
612 4869 686 4931 εἰς
754 4870 814 4926 τὸ
887 4870 1229 4949 πρωτότυπον
1286 4869 1648 4949 βασφημοῦσι,
1707 4868 1795 4924 καὶ
1856 4869 1997 4924 οὗτοι

354 4949 439 5008 διὰ
483 4959 582 5022 τῆς
625 4958 783 5014 αὐτοῦ
827 4958 1028 5023 εἰκόνος
1078 4959 1151 5021 εἰς
1208 4957 1412 5014 ἐκεῖνον
1467 4959 1556 5013 τὸν
1615 4955 1998 5032 εἰκονιζόμενον

353 5041 554 5119 τολμᾷν
615 5047 711 5105 οὐκ
765 5047 1117 5128 ἐρυθριῶσι
1161 5059 1280 5110 τοῖς
1336 5045 1424 5101 οὖν
1479 5045 1872 5124 ἀνεπιστρόφως
1928 5052 1996 5124 τῇ

355 5134 530 5215 πλάνῃ
585 5138 753 5214 ταύτῃ
813 5136 1227 5217 κατεχομένοις,
1283 5137 1542 5215 καὶπρὸς
1603 5134 1773 5191 πάντα
1829 5135 1996 5214 ψόγον

353 5239 499 5293 θεῖον
526 5232 615 5288 καὶ
656 5227 1018 5303 πνευματικὴν
1075 5223 1406 5282 διδασκαλίαν
1465 5225 1530 5280 τὰ
1583 5224 1694 5280 ὦτα
1735 5223 1996 5301 βεϐυσμέ-

355 5343 489 5398 νοις,
520 5322 594 5385 ὡς
649 5317 754 5388 ἤδη
808 5316 992 5375 λοιπὸν
1050 5315 1332 5395 σεσηπόσι,
1391 5314 1479 5371 καὶ
1531 5312 1623 5372 τοῦ
1663 5323 1841 5373 κοινοῦ
1885 5314 1998 5370 σώ-

357 5433 524 5489 ματος
591 5413 691 5477 τῆς
749 5403 1071 5474 Ἔκκλησίας
1126 5404 1504 5481 ἀποτεμοῦσιν,
1576 5403 1816 5484 ἑαυτοὺς,
1875 5403 2000 5462 ἀνά-

356 5504 512 5578 θεμα.

435 5660 470 5713 9
494 5660 665 5724 Joan.
694 5657 758 5734 5,
788 5656 890 5724 46.
977 5654 1032 5702 ιο
1056 5652 1232 5719 Deut.
1260 5652 1566 5732 xvu1,,t5.

2016 4381 2061 4431 D

2071 3091 2207 3153 dem
2239 3088 2532 3168 recipere,
2559 3087 2665 3148 sed
2699 3086 3000 3167 prophetae
3022 3082 3270 3162 gratiam
3294 3097 3400 3162 per
3424 3076 3714 3168 imagines

2072 3167 2493 3242 noniuducunt
2515 3193 2584 3236 ac
2605 3175 2787 3238 totius
2810 3173 3016 3236 mundi
3037 3172 3314 3245 salutem,
3345 3176 3408 3230 ut
3437 3167 3558 3228 visa
3597 3173 3708 3242 est,

2074 3276 2137 3331 ut
2193 3272 2536 3329 conversata
2575 3283 2710 3326 cum
2761 3261 3126 3336 hominibus,
3178 3267 3242 3321 ut
3282 3256 3624 3320 affectiones
3655 3261 3712 3317 et

2075 3357 2318 3420 morbos
2348 3355 2508 3416 omni
2534 3353 2764 3417 medela
2785 3353 3127 3434 superiores
3155 3349 3399 3424 curavit,
3424 3354 3487 3408 ut
3514 3345 3709 3408 cruci-

2075 3449 2190 3510 ﬁxa
2245 3453 2306 3507 et
2354 3443 2590 3525 sepulta
2646 3450 2736 3505 est
2789 3461 2857 3504 ac
2905 3440 3252 3514 resurrexit,
3285 3445 3349 3499 ut
3378 3438 3712 3525 omniaipro

2075 3536 2248 3600 nobis
2278 3524 2450 3616 passa
2488 3541 2548 3595 et
2576 3540 2817 3613 operata
2846 3539 2976 3612 est;
3009 3530 3106 3610 iis,
3138 3528 3404 3609 inquam,
3457 3525 3559 3616 qui
3586 3524 3714 3616 huic

2072 3627 2146 3690 ad
2179 3609 2586 3700 toti-uslmundi
2611 3609 2858 3683 salutem
2907 3609 3132 3700 patrata
3179 3633 3361 3698 opera
3403 3621 3462 3676 et
3503 3609 3715 3690 imagi-

2075 3716 2252 3778 nibus
2297 3712 2502 3774 videre
2549 3729 2667 3772 non
2715 3709 3034 3782 sustinent,
3068 3723 3264 3786 neque
3293 3703 3394 3766 illa
3423 3703 3718 3765 honorant

2073 3804 2440 3882 aderantque
2471 3799 2805 3862 anathema.

2155 3892 2234 3956 Iis
2261 3876 2364 3973 qui
2396 3895 2635 3949 manent
2661 3887 2723 3948 in
2744 3885 3269 3947 iconomacborum
3321 3877 3558 3953 haeresi,
3592 3876 3714 3938 imo

2077 3970 2366 4064 potiusvin
2396 3974 2984 4064 Christomachorum
3031 3970 3348 4053 apostasia,
3381 3985 3576 4048 neque
3608 3981 3718 4046 per

2076 4055 2392 4134 Mosaicam
2425 4066 2620 4142 legem
2645 4063 2719 4125 ad
2749 4064 2995 4125 salutem
3029 4079 3194 4123 suam
3226 4057 3444 4120 adduci
3485 4055 3715 4127 volunt,

2077 4175 2270 4238 neque
2292 4152 2702 4235 inﬁapostolica
2725 4149 2993 4212 doctrina
3020 4148 3303 4230 pietatem
3330 4142 3554 4238 versari
3577 4159 3717 4202 con-

2076 4229 2570 4324 seu-tiunt,'n'eque
2598 4229 3093 4321 patriarchalibus
3115 4229 3630 4324 adhortationibus
3661 4235 3720 4288 et

2079 4321 2551 4397 institutionibus
2581 4329 2655 4391 ab
2683 4345 2886 4390 errore
2917 4345 3024 4387 suo
3054 4322 3321 4387 converti
3348 4321 3576 4393 volunt,
3603 4334 3715 4379 ne-

2081 4443 2195 4506 que
2233 4421 2308 4484 ob
2339 4437 2699 4483 consensum
2729 4415 2997 4478 omnium
3028 4431 3134 4495 per
3163 4411 3368 4474 orbem
3395 4406 3722 4472 DeiEccle—

2080 4499 2303 4574 siarum
2363 4507 2590 4590 pudore
2633 4505 2992 4580 afﬁciuntur,
3043 4501 3146 4563 sed
3193 4519 3259 4562 se
3286 4499 3722 4590 Judzeorumac

2081 4582 2388 4682 gentilium
2412 4596 2557 4659 sorti
2589 4595 2826 4677 penitus
2865 4592 3249 4673 subjecerunt
3274 4589 3606 4682 _(nam_quaa
3634 4582 3719 4682 illi

2081 4674 2212 4752 sine
2240 4687 2360 4749 ullo
2399 4674 2756 4747 intermedio
2781 4683 2842 4743 in
2870 4689 3244 4762 prototypum
3274 4674 3714 4754 blasphemant,

2080 4778 2143 4840 hi
2173 4795 2281 4857 per
2307 4775 2494 4857 ipsius
2523 4771 2845 4851 imaginem
2874 4769 2938 4831 in
2963 4769 3156 4850 ipsum
3188 4764 3450 4857 imagine
3490 4776 3719 4857 repraa:

2081 4845 2375 4929 sentatum
2408 4861 2627 4925 audere
2648 4845 2776 4921 non
2807 4845 3230 4936 erubescunt);
3272 4853 3345 4914 iis
3391 4851 3589 4929 itaque
3621 4845 3723 4926 qui

2080 4955 2212 5018 sine
2235 4953 2356 5016 ulla
2386 4947 2800 5032 resipiscentia
2832 4946 2892 5008 in
2922 4947 3037 5008 hoc
3059 4961 3264 5006 errore
3290 4940 3722 5032 detinentur,et

2080 5045 2154 5107 ad
2186 5060 2426 5105 omnem
2459 5025 2718 5103 divinam
2751 5034 3227 5116 objurgationem
3259 5037 3317 5092 et
3347 5025 3718 5116 spiritualem

2081 5131 2413 5195 doctrinam
2463 5145 2636 5190 aures
2685 5112 2988 5202 obturant,
3028 5126 3231 5201 utpote
3281 5118 3404 5199 jam
3447 5112 3719 5196 putridis,

2081 5221 2186 5304 qui
2215 5238 2282 5282 se
2310 5238 2344 5280 a
2374 5215 2676 5282 communi
2723 5212 3006 5282 Ecclesiae
3050 5226 3303 5297 corpore
3331 5202 3720 5276 absciderint,

2080 5311 2416 5375 anathema.
