4076 6114
338 205 458 274 735

415 340 720 404 Anastasio
753 341 1384 422 Constantinopolitato
1409 349 1467 402 et
1496 340 1848 421 Nicetaa,qui
1870 339 1978 400 sub
2001 348 2042 397 Α

337 431 554 494 Isauris
584 431 820 492 initium
843 430 1172 493 haaresibus
1190 429 1509 504 dederunt,
1530 427 1986 493 utexsecrandis

339 528 397 583 et
426 520 712 602 perniciei
736 519 1008 595 ducibus,
1037 520 1372 580 anathema.
1412 521 1586 580 Paulo
1620 519 1719 599 qui
1744 519 1804 580 in
1831 520 1983 582 Sau—

340 610 464 672 lum
499 628 821 672 conversus
845 616 956 683 est,
977 617 1036 670 et
1057 607 1370 671 Theodoro
1394 608 1748 687 cognomine
1769 609 1982 686 Castae,

339 698 766 780 Stephanoque
815 697 1053 774 Molita},
1107 696 1471 777 insuperque
1515 695 1816 776 Stephano
1848 699 1980 761 Cri-

338 787 530 863 thino,
557 795 612 850 et
644 787 827 849 Leoni
852 786 1131 848 Lalondio
1159 803 1174 859 ;
1207 803 1274 846 ac
1311 793 1599 865 praeterea
1629 784 1679 846 si
1710 785 1844 866 quis
1876 806 1982 848 su-

342 877 624 959 pradictis
673 877 976 957 impietate
1023 875 1258 949 similis,
1312 874 1373 934 in
1424 893 1777 956 quocunque
1826 876 1983 939 Cleri

338 968 598 1046 catalogo
629 975 728 1028 aut
757 966 1041 1045 dignitate
1093 973 1194 1026 aut
1245 963 1442 1025 ofﬁcio
1491 964 1863 1043 reperiatur;
1908 965 1982 1027 iis

341 1055 616 1117 omnibus
673 1055 733 1116 in
793 1054 1098 1135 impietate
1168 1052 1579 1123 manentibus,
1642 1053 1978 1116 anathema.

338 1145 671 1219 Theodoto,
697 1143 951 1206 Antonio
982 1150 1041 1205 et
1067 1142 1304 1216 Joanni,
1327 1140 1430 1220 qui
1461 1140 1573 1202 sibi
1597 1149 1798 1202 mutuo
1831 1143 1984 1204 mala

341 1234 878 1309 communicarunt,
913 1239 971 1294 et
989 1231 1356 1312 impietatem
1379 1229 1527 1290 alter
1543 1228 1614 1289 ab
1643 1229 1829 1291 altero
1852 1249 1984 1292 suc-

339 1322 612 1386 cessione
641 1322 892 1404 quadam
924 1330 1305 1401 acceperunt,
1339 1319 1672 1382 anathema.

417 1411 698 1474 Gerontio
739 1411 840 1492 qui
871 1429 942 1472 ex
974 1412 1194 1489 Lampe
1233 1407 1471 1488 quidem
1505 1407 1690 1489 venit,
1723 1407 1786 1469 in
1812 1410 1984 1471 Creta

335 1507 533 1562 autem
567 1499 950 1562 exsecranda
980 1499 1224 1559 haeresis
1253 1515 1376 1558 suae
1404 1495 1565 1559 virus
1609 1497 1888 1572 evomuit,
1925 1505 1984 1558 et

1242 205 1658 270 MICHAELIS
1699 206 2116 270 CERULARII
2159 208 2273 272 CP.
2321 207 2838 278 PATTIARCHE

3605 220 3730 286 736

2145 341 2476 419 Ἀναστασὲῳ
2535 356 2742 407 Κωνστ.
2800 351 2888 404 καὶ
2976 353 3203 432 Νιγήτᾳ,
3283 367 3401 418 τοῖς
3475 355 3560 412 ἐπὶ
3617 361 3730 412 τῶν

2068 430 2313 511 Ἰσαύρων
2375 432 2656 512 κατάρξασι
2714 443 2818 494 τῶν
2875 438 3146 519 αἱρέσεων,
3191 430 3296 506 γὼς
3353 443 3580 524 ἀνιέροις
3635 448 3730 502 καὶ

2069 518 2289 598 ὁδηγοῖς
2348 521 2635 590 ἀπωλείις,
2694 525 2946 601 ἀνάθεμα.
3011 518 3203 603 Παύλῳ
3262 536 3336 606 τῷ
3395 518 3479 596 εἰς’
3515 534 3727 591 Σαῦλον

2068 609 2478 691 ἀποστρέψαντι,
2534 615 2621 668 καὶ
2693 615 2944 695 Θεοδώρῳ
2997 625 3072 692 τῷ
3128 619 3533 696 ἐπικαλουμένῳ
3605 625 3724 679 Γά-

2067 702 2323 790 στῃ,γκαὶ
2372 701 2622 790 Στεφάνῳ
2658 710 2740 790 τῷ
2803 704 3027 786 Μολίτῃ,
3091 706 3166 763 ἔτι
3223 706 3277 764 δὲ
3335 711 3589 790 Στεφάνῳ
3643 719 3726 786 τῷ

2067 789 2308 864 Κριθίνῳ,
2343 790 2428 845 καὶ
2473 789 2742 864 Λαλονδίῳ
2782 794 2860 868 τῷ
2902 794 3085 852 Λέοντι
3121 814 3136 831 ⁶
3183 799 3270 854 καὶ
3322 789 3463 878 πρὸς
3512 801 3724 864 τούτοις

2065 876 2116 931 εἴ
2177 900 2257 942 τις
2312 891 2430 941 τοῖς
2487 879 2782 958 εἰρημένοις
2854 883 3038 958 ὅμοιος
3116 889 3214 953 τὴν
3273 876 3596 961 δυσσέϐειαν,
3663 891 3724 946 ἐν

2064 965 2231 1022 ὁποίω
2289 965 2349 1021 ἂν
2405 966 2495 1034 εἱή
2538 968 2822 1048 καταλόγῳ
2877 971 3075 1052 κλήρου
3221 975 3521 1052 ἀξιώματός
3570 1001 3721 1042 τινος

2064 1053 2100 1121 ἢ
2195 1053 2605 1132 ἐπιτηδεύματος
2702 1057 3068 1134 ἐξεταζόμενος
3102 1077 3117 1092 ⁸
3225 1066 3431 1129 τούτοις
3517 1067 3721 1124 ἅπασιν

2063 1143 2396 1220 ἐπιμένουσιν
2454 1148 2623 1202 α’ἶιτῶν
2680 1155 2749 1225 τῇ
2805 1149 3095 1232 δυσσεϐείᾳ,
3154 1153 3412 1230 ἀνάθεμα.
3447 1155 3717 1232 Θεοδότῳ,

2063 1229 2351 1309 Ἀντωνίῳ,
2419 1237 2506 1291 καὶ
2566 1234 2807 1323 Ἰωάννῃ,
2869 1253 2985 1303 τοῖς
3056 1229 3532 1323 ἆλληλοπροξένοις

2065 1328 2261 1398 κακῶν,
2299 1325 2385 1380 καὶ
2414 1322 2832 1407 ἑτεροδιαδόχοις
2861 1329 2959 1396 τὴν
2991 1322 3314 1412 δυσσέϐειαν,
3348 1334 3606 1410 ἆνάθεμα.

2146 1415 2400 1490 Γεροντίῳ
2469 1421 2546 1489 τῷ
2602 1414 2662 1470 ἐκ
2719 1417 2948 1491 Λάμπης
3004 1419 3100 1494 μὲν
3160 1423 3478 1503 ὁρμωμένῳ,
3540 1423 3594 1481 ἐν
3659 1423 3720 1480 δὲ

2189 1503 2372 1591 Κρήτῃ
2442 1505 2534 1559 τὸν
2617 1506 2695 1560 ἰὸν
2777 1511 2873 1572 τῆς
2953 1509 3110 1567 αύτοῦ
3166 1518 3400 1590 μυσαρᾶς
3458 1513 3714 1591 αἱρέσεως

338 1596 572 1670 captum
593 1588 802 1650 εριηθιί
812 1607 980 1669 psum
998 1586 1290 1648 revocavit
1305 1585 1373 1646 ad
1392 1585 1764 1647 eversionem
1783 1586 1979 1666 (heu!)

2080 1587 2383 1666 ἱξεμέσαντι,
2431 1594 2517 1648 καὶ
2565 1591 2882 1669 εἰλημμένον
2939 1596 3121 1652 ἑουτὸν
3177 1585 3566 1657 ἀποκαλέσαντι
3624 1601 3713 1659 ἐπ’

336 1679 612 1742 salutaris
661 1677 1005 1742 oeconomiae
1054 1676 1292 1756 Christi,
1326 1694 1460 1736 cum
1498 1674 1807 1764 perversis
1848 1671 2010 1756 ejus1

2080 1678 2332 1757 ἱνατροπῇ
2405 1683 2516 1760 (φεῦ
2550 1681 2590 1762 1)
2667 1688 2764 1750 τῆς
2823 1683 3186 1763 σωτηριώδους
3261 1690 3563 1764 οἰκονομίας
3621 1702 3716 1751 τοῦ

339 1768 706 1847 dogmatibus
737 1776 795 1830 et
824 1767 1060 1848 scriptis
1091 1772 1148 1827 et
1175 1764 1418 1826 asseclis
1455 1763 1608 1844 ejus,
1641 1764 1975 1828 anathema.

336 1856 627 1922 Omnibus
649 1856 944 1919 haereticis
971 1854 1304 1917 anathema.

411 2035 621 2098 Multos
647 2053 834 2097 annos
865 2033 1328 2114 imperatoribus
1347 2049 1758 2113 apprecamur.
1794 2031 1972 2095 Chri-

329 2125 619 2206 stophori,
651 2122 973 2203 Theodori,
1014 2122 1230 2203 agapii,
1261 2121 1532 2202 Joannis,
1559 2119 1803 2195 Nicolai,
1852 2121 1971 2182 He-

331 2215 448 2289 liaa,
482 2213 784 2276 Theodori
814 2219 868 2273 et
893 2212 1118 2287 Basilii,
1151 2211 1578 2273 venerabilium
1615 2211 1976 2290 patriarcha-

330 2322 462 2365 rum
514 2303 1058 2373 Antiochenorum,
1121 2307 1342 2361 aeterna
1394 2298 1702 2361 memoria.
1764 2297 1976 2361 Sancta

332 2392 590 2454 Trinitas
619 2391 780 2472 ipsos
809 2389 1183 2470 gloriﬁcavit.

411 2482 633 2544 Horum
690 2499 793 2561 pro
845 2480 1064 2561 pietate
1114 2497 1304 2559 usque
1334 2477 1406 2540 ad
1441 2485 1691 2540 mortem
1735 2477 1972 2559 praaliis,

336 2569 761 2634 certaminibus
810 2578 866 2630 et
908 2569 1177 2630 doctrina
1206 2586 1314 2629 nos
1348 2567 1577 2628 institui
1609 2586 1676 2629 ac
1704 2566 1977 2628 roborari

333 2661 456 2724 Deo
485 2660 911 2740 supplicantes,
943 2676 1010 2718 ac
1041 2675 1246 2718 eorum
1269 2656 1481 2718 divina:
1510 2655 1976 2719 conversationis

332 2769 522 2830 usque
555 2748 628 2810 ad
663 2748 842 2809 tinem
874 2746 1199 2807 imitatores
1230 2746 1498 2806 exhiberi
1528 2755 1824 2826 rogantes,
1863 2764 1972 2825 op-

335 2849 455 2904 tata
485 2840 718 2918 assequi
754 2855 1090 2898 mereamur
1120 2834 1501 2896 miseratione
1536 2840 1597 2898 et
1626 2835 1810 2914 gratia
1841 2853 1973 2922 ma-
1997 2873 2036 2922 ρ

2063 1775 2310 1847 Χριστοῦ,
2345 1771 2436 1826 σὺν
2479 1786 2595 1835 το”ς
2659 1770 3092 1851 διεστραμμένοις
3151 1777 3308 1833 αὐτοῦ
3365 1775 3592 1857 δόγμασι
3623 1783 3714 1837 καὶ

2059 1859 2430 1936 συγγράμμασι
2460 1862 2546 1916 καὶ
2575 1875 2692 1926 τοῖς
2723 1863 3008 1943 ὁμόφροσιν
3051 1864 3228 1942 αὐτοῦ,
3269 1866 3526 1944 ἀνάθεμα,
3560 1868 3708 1926 ὅλοι)

2057 1960 2172 2010 τοῖς
2200 1950 2506 2026 αἱρετικοϊς,
2545 1949 2802 2027 ἀνάθεμα.

2138 2035 2317 2126 Πολλᾷ
2367 2040 2430 2094 τὰ
2474 2039 2568 2107 ἔτη
2625 2047 2730 2097 τῶν
2784 2041 3066 2118 βασιλέων.
3129 2047 3503 2126 Χριστοφόρου,
3569 2057 3706 2105 Θεο-

2056 2123 2242 2204 δώρου,
2307 2125 2583 2209 Ἀγαπίου,
2645 2132 2733 2186 καὶ
2808 2129 3070 2206 Ἰωάννου,
3134 2123 3417 2216 Νικολάου,
3490 2123 3703 2209 Ἠλίου,

2059 2213 2324 2295 Θεοδώρου
2403 2220 2486 2273 καὶ
2543 2218 2815 2277 Βασιλείου
2870 2227 2976 2275 τῶν
3047 2221 3300 2298 ἀοιδίμων
3354 2213 3704 2307 πατριαρχῶν

2059 2301 2409 2385 Ἀντιοχείας,
2447 2309 2627 2364 αἰωνία
2682 2311 2716 2378 ἡ
2775 2312 2986 2386 μνήμη.
3051 2303 3112 2368 εΗ
3172 2314 3294 2390 ἁγία
3326 2301 3481 2394 Τριὰς
3512 2301 3703 2381 αὖτοὺς

2059 2391 2321 2458 ἐδόξασεν.

2139 2482 2344 2538 Τούτων
2403 2497 2521 2547 τοῖς
2572 2486 2702 2564 ὑπὲρ
2771 2492 2868 2554 τῆς
2940 2488 3202 2553 εὐσεϐείας
3259 2490 3423 2572 μέχρι
3478 2495 3705 2552 θανάτου

2058 2569 2234 2633 ἄθλοις
2289 2593 2345 2627 τε
2388 2573 2474 2628 καὶ
2532 2573 2882 2655 ἆγωνίσμασι,
2943 2579 3030 2634 καὶ
3086 2569 3444 2646 διδασκαλίαις
3503 2583 3704 2641 παιδα-

2057 2663 2345 2738 γωγεῖσθαί
2411 2683 2466 2717 τε
2524 2665 2609 2720 καὶ
2664 2666 3000 2743 κρατύνεσθαι
3069 2670 3197 2725 Θεὸν
3273 2669 3702 2750 ἐκλιπαροῖψτες,

2057 2751 2144 2843 καιὶ
2205 2752 2448 2843 μιμητὰς
2494 2758 2621 2843 *τῆς
2710 2753 2906 2843 ἐνθέου,
2964 2760 3135 2815 αὐτῶν
3212 2757 3483 2825 πολιτείας
3540 2763 3706 2843 μέχρι

2059 2837 2238 2900 τέλοδς
2327 2838 2715 2900 ἀναδείκνυσθαι
2828 2842 3272 2926 ἐκδυσωποῦντες,
3359 2831 3704 2927 ἀξιωθείημεν

335 2928 435 3008 gni
469 2935 525 2988 et
555 2925 733 3007 primi
765 2924 1142 2986 sacerdotum
1175 2923 1459 3004 principis
1490 2923 1708 2986 Christi
1728 2923 1851 2985 veri
1871 2921 1979 2984 Dei

2080 2934 2164 3018 τῷν
2189 2925 2567 3004 ἐξαιτουμένων
2615 2932 2911 3011 οἷκτιρμοϊς
2967 2937 3052 2990 καὶ
3109 2921 3289 3014 χάριτι
3347 2939 3436 2994 τοῦ
3465 2921 3702 3018 μεγάλου

335 3015 556 3092 nostri,
611 3012 1141 3078 intercessionibus
1213 3011 1653 3092 gloriosissima;
1712 3012 1980 3075 Dominae

2080 3017 2148 3072 ιαὶ
2213 3018 2424 3095 πρώτου
2496 3019 2786 3100 ἀρχιερέως
2842 3022 3067 3101 Χριστοῦ
3113 3011 3216 3079 τοιῖ
3270 3011 3510 3092 ἀληθινοῦ
3547 3011 3698 3087 ’Θεοῦ

335 3116 551 3171 nostra
585 3107 850 3188 Deiparae
878 3113 936 3168 et
965 3123 1200 3185 semper
1245 3103 1505 3183 Virginis
1552 3104 1768 3182 Mariae,
1818 3104 1971 3167 divi-

2080 3105 2232 3183 ιμῶν,
2302 3104 2596 3185 πρεσϐείαις
2652 3115 2748 3176 τῆς
2821 3109 3154 3189 ὑπερενδόξου
3214 3116 3493 3182 Δεσποίνης
3543 3118 3697 3192 ἡμῶν

335 3216 549 3260 norum
580 3196 949 3276 angelorum,
989 3203 1047 3256 et
1081 3192 1346 3254 omnium
1369 3201 1704 3256 sanctorum
1758 3196 1972 3260 Amen.

2080 3197 2320 3253 )eordxoo
2347 3199 2435 3252 καὶ
2463 3198 2542 3252 ἀεὶ
2577 3198 2833 3277 Παρθένου
2892 3203 3114 3280 Μαρίας,
3150 3209 3256 3259 τῶν
3281 3203 3517 3261 θεοειδῶν
3544 3205 3705 3284 ἀγγέ-

2061 3288 2191 3361 λων,
2223 3287 2309 3343 καὶ
2338 3288 2550 3344 πάντων
2578 3293 2681 3345 τῶν
2725 3289 2910 3368 ἁγίων,
2947 3288 3143 3366 Ἀμήν,

736 3809 1948 3982 MICHAELIS
2088 3812 2955 3986 CERULA
2983 3817 3300 3989 RII

1683 4093 1795 4154 CP.
1842 4093 2355 4158 PATRIARCH/E

1282 4285 1890 4398 EDICTUM
2005 4287 2742 4399 SYNODALE

1579 4509 1794 4587 (Mansi
1827 4509 2070 4573 Concil.
2102 4509 2261 4592 XIX,
2298 4511 2366 4575 81
2388 4512 2469 4592 ι.)

339 4836 629 4927 Edictum_
646 4841 711 4898 de
749 4843 992 4927 profecto
1037 4841 1263 4915 pittacia
1309 4841 1371 4927 in
1393 4852 1812 4927 sacruficem
1841 4853 1876 4927 (ξ
1905 4837 2010 4898 ιιι-1

2080 4865 2098 4897 κ
2159 4845 2453 4927 Σημείωμα
2513 4846 2630 4927 περὶ
2664 4852 2777 4927 Δτοῦ
2819 4846 3054 4927 ῥιφέντος
3105 4849 3375 4927 πιττακίου
3404 4848 3457 4904 ἐν
3488 4855 3555 4926 τῇ
3582 4849 3707 4926 ἁγίᾳ

407 4922 553 4991 gatis
590 4923 872 4986 Romanis,
905 4928 1097 4980 contra
1141 4923 1556 4980 sanctissimum
1583 4918 1980 4976 Patriarcham

410 4999 705 5061 Dominum
740 5003 1052 5063 Michaelem
1094 5019 1274 5061 mense
1299 5002 1490 5066 Iunio,
1531 4999 1832 5056 indictione
1858 5013 1978 5071 sep-

413 5086 569 5142 tima.

421 5255 788 5320 Praesidente
807 5255 1090 5318 Michaele
1111 5253 1484 5316 sanctissimo
1507 5250 1748 5313 domino
1768 5259 1977 5310 nostro

342 5356 403 5409 et
431 5347 798 5408 mcumenico
831 5345 1184 5426 patriarcha,
1205 5363 1241 5406 a
1266 5343 1492 5406 dextris
1521 5341 1978 5403 catechumeno-

340 5455 496 5513 rum,
530 5443 586 5498 et
615 5435 790 5496 simul
817 5454 951 5496 cum
983 5435 1114 5515 ipso
1146 5431 1595 5496 considentibus
1628 5427 1737 5491 Dei
1765 5445 1976 5515 aman~

342 5523 590 5587 tissimis
637 5513 1024 5604 metropolitis
1070 5522 1436 5602 Theophane
1493 5517 1681 5601 Cyzici
1730 5523 1788 5578 et
1825 5513 1977 5596 Syn-

2138 4924 2370 5006 τραπέζῃ
2442 4926 2583 5003 παρὰ
2652 4925 2756 4982 ἀπὸ
2833 4924 3027 5003 Ρώμης
3086 4926 3352 5006 πρέσϐεων
3409 4924 3544 4984 κατὰ
3611 4924 3704 4984 τοῦ

2141 5003 2435 5138 ἠγὲωτάτιζδ
2464 5007 2791 5086 πατριάρχου
2817 5018 2973 5086 κυροῦ
3025 5003 3270 5089 Μιχαὴλ,
3317 5010 3448 5083 μητὶ
3479 5008 3700 5089 Ἰουνίῳ,

2184 5107 2211 5137 ν
2245 5106 2347 5138 ικτ.
2382 5123 2431 5138 μ-
2471 5103 2500 5138 )

2161 5092 2347 5142 Ινδικτ.
2382 5092 2431 5154 ζ.
2471 5103 2500 5142 ι

2145 5253 2549 5331 Προκαθημένου
2609 5254 2832 5336 Μιχαὴλ
2897 5265 2992 5315 τοῦ
3049 5257 3344 5334 ἀγιωτάτου
3398 5259 3552 5334 ἡμῶν
3609 5256 3700 5313 δε-

2061 5343 2256 5398 σπότου
2312 5344 2398 5398 καὶ
2452 5345 2811 5420 οἷκουμενικοῠ
2865 5345 3194 5426 πατριάρχου
3251 5345 3305 5402 ἐν
3362 5361 3479 5410 τοῖς
3509 5344 3699 5413 δεξιοῖς

2063 5429 2240 5510 μέρεσι
2320 5440 2424 5488 τῶν
2507 5432 2948 5514 κατηχουμένων,
3022 5432 3475 5514 νσυνεδριαζόντων
3559 5438 3700 5509 αύτῷ

2059 5519 2470 5601 θεοφιλεστάτων
2571 5521 3023 5602 μητροπολιτῦν
3083 5525 3375 5605 Θεοφάνους
3481 5524 3698 5595 Κυζίκου
