4076 6114
303 273 421 344 7'37

1615 275 1954 345 EDICTUM
2002 271 2403 343 SYNODALE

3560 257 3680 332 738

299 414 394 470 καὶ
423 413 744 494 Συγκέλλου,
807 417 1012 486 Νικήτα
1068 413 1429 496 Χαλκηδόνος,
1489 417 1576 472 καὶ
1619 413 1939 494 Συγκὲλλου,

2046 411 2201 487 :ello,
2249 411 2458 474 Niceta
2501 404 2895 472 Chalcedonis
2941 415 2997 468 et
3027 401 3679 496 S_yncello,ALauren_tio

302 505 650 580 Λαυπεντίου,
739 504 1030 586 Δυῤῥαχίου

297 589 486 666 Σίδης,
576 592 838 653 Νικολάου
946 601 1304 666 Πισινοῦντος,

1115 507 1202 562 καὶ
1284 503 1602 583 Συγκέλλου,
1707 502 1948 579 Ἀνθῖμου

1417 592 1639 656 Λέοντος
1736 593 1946 671 Μύρων,

2030 499 2336 582 Dyrrachii
2367 507 2424 560 et
2454 497 2746 579 Syncello,
2781 495 3019 558 Antimo
3050 494 3243 570 Sides,
3266 492 3525 582 Ficolao
3570 489 3674 582 Pi-

2031 578 2310 663 sinuntis,
2376 578 2569 648 Leone
2623 585 2938 666 Myrorum,
2998 582 3202 645 Leone
3262 578 3675 662 Trapezuntis,

297 679 525 745 Λέοντος
585 689 998 761 Τραπεζοῦντος,
1059 681 1301 744 Ἰωάννου
1375 682 1643 761 Σμύρνης,
1708 670 1950 740 Εὐσεϐίυυ

2046 675 2259 738 loanne
2287 674 2578 756 Smyrna,
2611 674 2870 736 Eusebio
2902 670 3346 761 Adrianopolis,
3381 671 3677 761 Constan-

296 767 808 848 Ἀδριανουπόλεως,
884 775 1276 832 Κωνσταντίνου
1358 770 1688 844 Μιτυλήνης,
1782 778 1950 828 Νικο-

299 857 435 914 λάου
465 867 686 937 Χωνιῦν,
750 852 997 921 ’Υπατίου
1040 853 1347 942 Ἰδρουντος,
1403 861 1492 918 καὶ
1517 859 1952 940 ἀρχιεπισκόπων

304 948 532 1012 Λέοντος
567 947 920 1032 Καραϐιζύης,
971 951 1258 1031 Γρηγορίου
1306 948 1649 1030 Μεσημϐρίας
1692 969 1954 1028 παριστα-

305 1036 482 1113 μένων
512 1041 600 1095 καὶ
642 1045 746 1097 τῶν
775 1048 1178 1121 πατριαρχικῶν
1208 1041 1508 1122 ἀρχόντων.

391 1131 499 1186 Οὐκ
525 1127 590 1196 ἧν
620 1125 741 1208 ἄρα,
774 1131 847 1194 ὡς
905 1130 1066 1207 ἔοικε,
1125 1131 1280 1210 κόρος
1336 1136 1414 1205 τῷ
1469 1134 1686 1209 πονηρῷ
1713 1133 1819 1184 τῶν
1846 1146 1951 1182 κα-

301 1223 438 1280 κῶν,
475 1217 572 1272 Διὰ
618 1218 772 1275 τοῦτο
827 1220 926 1299 γὰρ
969 1224 1029 1279 οὐ
1079 1220 1298 1276 παύεται
1357 1233 1476 1284 τοῖς
1533 1216 1796 1277 εὐσεϐέσιν
1827 1215 1951 1271 ἐπι-

303 1305 589 1385 φυόμενος,
647 1309 734 1364 καὶ
787 1308 968 1365 καινόν
1021 1331 1073 1365 τι
1125 1309 1261 1365 κατὰ
1342 1307 1589 1376 ἀληθείας
1658 1307 1738 1363 ἀεὶ
1794 1305 1952 1385 ἐφευ-

301 1395 502 1473 ρίσκειν
561 1395 1044 1476 ἐκμηχανώμενος.
1103 1397 1380 1477 Τοιγάρτοι
1437 1398 1526 1454 καὶ
1582 1396 1786 1476 μυρίαις
1831 1393 1956 1468 μὲν·

301 1484 490 1546 τόσαις
548 1482 774 1548 ἀπάταις
829 1487 932 1560 πρὸ
1005 1491 1106 1553 τῆς
1187 1485 1240 1544 ἐν
1325 1487 1476 1565 σαρκὶ
1535 1491 1626 1542 νοῦ
1687 1480 1955 1538 Δεσπότου

302 1572 594 1652 παρουσίας
677 1575 767 1630 τὸν
850 1573 1122 1654 ἄνθρωπον
1188 1574 1524 1653 ὑπηγάγετο.
1610 1571 1825 1653 Μυρίαις
1900 1567 1954 1624 δὲ

2035 768 2157 828 tino
2210 755 2542 846 Mitylenes,
2588 762 2831 826 Nicolao
2879 763 3241 837 Chonarum,
3291 757 3540 841 Hypatio
3572 755 3683 819 Hi-

2035 854 2266 916 druntis
2297 861 2357 916 et
2383 852 2853 934 archiepiscopis
2897 851 3094 914 Leone
3129 849 3484 930 Carabyzia,
3525 847 3681 910 Gre-

2035 945 2199 1024 gorio
2229 942 2602 1006 Mesembria
2628 941 3050 1006 assistentibus
3088 947 3147 1002 et
3190 936 3685 1021 patriarchalibus

2036 1031 2362 1094 nobilibus.

2115 1120 2378 1202 Nequam
2428 1139 2498 1182 ac
2547 1119 2823 1200 improbo
2875 1116 3132 1180 damoni
3163 1135 3284 1180 non
3337 1134 3428 1178 sat
3455 1115 3585 1195 fuit,
3619 1123 3690 1178 ut

2033 1210 2271 1273 videtur
2301 1210 2616 1272 malorum.
2653 1210 2973 1291 Propterea
3019 1225 3276 1289 namque
3308 1206 3537 1268 nullum
3565 1225 3684 1268 un-

2035 1318 2211 1382 quam
2265 1300 2444 1362 ﬁnem
2501 1299 2662 1376 fecit,
2710 1300 2770 1361 in
2825 1302 2953 1380 pios
2984 1297 3257 1360 homines
3284 1315 3594 1378 arrepens,
3629 1304 3690 1360 et

2037 1407 2256 1451 novum
2308 1388 2449 1470 quid
2497 1388 2783 1452 adversus
2831 1387 3141 1450 veritatem
3172 1404 3408 1468 semper
3448 1385 3684 1466 excogi-

2035 1484 2193 1541 tans.
2225 1475 2604 1557 Quapropter
2653 1475 2988 1538 innumeris
3037 1475 3163 1537 fere
3211 1473 3521 1536 fraudibus
3549 1481 3688 1537 ante

2037 1564 2275 1629 Domini
2304 1565 2366 1626 in
2396 1583 2576 1627 carne
2609 1565 2924 1627 adventum
2949 1583 3105 1645 genu
3127 1564 3452 1626 humanum
3475 1563 3685 1640 illusit,

301 1661 396 1716 καὶ
455 1661 588 1736 μετᾶ
654 1672 818 1722 ταῦτα
885 1653 1108 1728 πλάναις
1181 1665 1270 1720 καὶ
1332 1662 1678 1738 δελεάσμασιν
1735 1661 1958 1715 ὕποσκεο

2046 1654 2373 1716 innumeris
2400 1672 2539 1716 vero
2571 1653 2944 1735 postmodum
2979 1653 3280 1717 erroribus
3303 1662 3362 1715 et
3391 1653 3690 1716 illecebris

303 1749 468 1821 λίζειν
544 1752 633 1808 καὶ
687 1753 1002 1832 παρασύρειν
1064 1753 1186 1816 τοὺς
1261 1751 1402 1827 αὐτῷ
1455 1750 1796 1826 πειθομένους
1857 1749 1960 1826 οὐχ

2046 1743 2428 1832 supplantare
2458 1750 2518 1806 et
2539 1743 2798 1824 dejicere
2821 1761 2925 1806 eos
2954 1742 3056 1824 qui
3087 1742 3175 1804 illi
3197 1741 3541 1832 credebant,
3565 1761 3690 1805 om-

306 1839 513 1918 ὕφῆκεν
569 1838 730 1914 ὅλως,
769 1831 920 1898 οὐδὲ
969 1840 1221 1899 διέλιπεν.
1282 1839 1448 1898 Ἀλλὰ
1500 1839 1589 1895 καὶ
1644 1838 1844 1894 τούτων
1901 1834 1960 1890 ἐκ

2046 1834 2184 1894 nino
2218 1851 2338 1894 non
2360 1831 2610 1910 destitit,
2643 1851 2836 1914 neque
2868 1851 3127 1913 unquam
3160 1831 3690 1895 cessavit.Verum-

306 1927 488 1985 ποδῶν
533 1929 856 2008 γενομένων,
907 1931 994 1988 καὶ
1049 1930 1292 1994 εὐσεϐοῦς
1348 1931 1436 1986 καὶ
1488 1927 1696 2006 βαθείας
1752 1922 1958 1987 ἐλπίδος

2046 1930 2241 1984 tamen
2299 1921 2394 1984 his
2449 1940 2684 2004 quoque
2737 1922 2812 1983 de
2862 1920 3060 1982 medio
3109 1919 3386 1997 sublatis,
3417 1940 3552 1983 cum
3595 1921 3692 2002 pia

305 2030 432 2082 τοῖς
463 2015 698 2078 εὐσεϐεῖν
741 2021 1202 2100 ὑποστρεφόμένης
1263 2018 1492 2077 ἐθέλουσι
1553 2015 1681 2094 μήτ’
1738 2013 1799 2071 ἂν
1844 2035 1960 2069 και-

2046 2029 2371 2092 magnaque
2403 2029 2542 2092 spes
2569 2019 2728 2100 esset
2773 2010 2836 2071 in
2878 2009 2956 2073 iis
2981 2009 3081 2090 qui
3114 2009 3390 2100 pietatem
3420 2009 3689 2100 amplec-

309 2105 538 2185 νοτέρων
623 2097 1032 2186 δυσσεϐημάτων
1119 2109 1396 2189 ἐφευτερὰς
1485 2105 1723 2186 γενέσθαι
1804 2101 1958 2176 ποτὲ,

2046 2105 2273 2174 tuntur,
2328 2117 2632 2180 nunquam
2689 2097 2753 2160 in
2812 2106 3114 2180 posterum
3166 2115 3315 2160 nova
3364 2097 3691 2179 impietatis

307 2194 364 2251 ἐν
397 2201 558 2252 πᾶσιν
602 2201 689 2260 οἷς
737 2185 872 2255 κατᾶ
927 2206 1018 2256 τοῦ
1069 2185 1218 2278 ὀρθοῦ
1271 2185 1433 2276 λόγου
1481 2185 1509 2252 ὃ
1562 2193 1796 2272 πονηρὸς
1851 2211 1960 2246 πει-

2046 2187 2275 2250 semina
2323 2189 2674 2252 inventuros
2727 2188 2788 2249 in
2838 2186 3118 2248 omnibus
3173 2185 3268 2248 his
3325 2205 3457 2267 qua
3485 2195 3694 2250 contra

308 2285 460 2363 ράσει
511 2283 828 2343 ἐσπούδασεν
865 2305 879 2318 ’
944 2290 1017 2352 εἰς
1072 2274 1370 2344 τούναντίον
1427 2285 1569 2359 αὐτῷ
1615 2289 1719 2340 τῶν
1776 2300 1960 2359 μηχα-

2046 2284 2265 2338 rectam
2313 2277 2606 2339 rationem
2653 2275 2963 2358 improbus
2995 2275 3098 2337 ille
3139 2274 3541 2339 disseminare
3563 2283 3695 2337 stu-

310 2374 568 2450 νημάτων
622 2377 1048 2456 περιτραπέντων
1083 2394 1097 2408 ⁶
1158 2389 1245 2438 νῦν
1288 2398 1427 2441 τινες
1469 2370 1740 2436 δυσσεϐεῖς
1783 2369 1959 2447 ἄνδρες

309 2464 404 2519 καὶ
460 2455 832 2547 ἀποτρόπαιοι,
902 2469 990 2525 καὶ
1060 2469 1111 2525 τί
1166 2468 1266 2547 γὰρ
1321 2467 1416 2524 οὐκ
1471 2463 1532 2522 ἄν
1587 2480 1667 2526 τις
1737 2455 1961 2518 εὐσεϐῶν

314 2552 536 2616 τούτους
593 2555 922 2636 ὀνομάσειεν,
1008 2555 1188 2636 ἄνδρες
1273 2556 1332 2613 ἐκ
1389 2555 1608 2617 σκότους
1666 2547 1970 2627 ἀναδύντες,

318 2642 440 2721 (τῆς
521 2643 622 2723 γὰρ
700 2635 972 2723 Ἐσπερίου
1057 2635 1240 2726 μοίρας
1311 2647 1559 2724 ὑπῆρχον
1613 2637 1966 2720 γεννήματα),

322 2733 398 2794 εἷς
473 2732 574 2800 τὴν
629 2732 818 2802 εὐσεϐῆ
872 2736 1070 2802 ταύτην
1121 2734 1358 2798 ἐλθόντες
1415 2733 1568 2790 πόλιν
1624 2731 1713 2787 καὶ
1780 2728 1970 2808 θεοφύ-

324 2818 545 2895 λακτον,
576 2822 666 2904 ἀφ’
716 2827 805 2896 ἧς,
853 2823 1030 2904 ὥσπερ
1086 2824 1190 2881 ἀπό
1242 2846 1385 2887 τινος
1438 2820 1647 2898 ὑψηλοῦ
1700 2820 1788 2875 καὶ
1819 2839 1972 2894 μετε-

2047 2365 2193 2439 duit,
2215 2385 2348 2428 cum
2367 2374 2574 2429 contra
2594 2385 2662 2428 ac
2684 2365 2813 2446 ipse
2841 2371 3202 2446 speraverat,
3226 2364 3514 2427 machina
3533 2365 3695 2427 illius

2054 2453 2351 2536 dissipata
2379 2455 2651 2530 fuissent,
2683 2473 2842 2516 nunc
2868 2453 3107 2535 quidam
3139 2451 3413 2515 homines
3441 2453 3613 2534 impii
3639 2460 3700 2516 et

2056 2548 2427 2625 exsecrandi,
2462 2555 2519 2610 et
2548 2548 2688 2628 quid
2721 2566 2840 2609 non
2872 2546 3214 2628 quicunque
3244 2545 3521 2626 pietatem
3555 2546 3700 2608 colit

2055 2655 2158 2704 eos
2188 2658 2309 2700 non
2339 2638 2699 2716 nominaret,
2734 2638 3007 2699 homines
3037 2655 3070 2698 e
3101 2634 3362 2696 tenebris
3384 2654 3696 2717 erumpen-

2056 2734 2165 2802 tes,
2200 2746 2333 2790 cum
2377 2746 2448 2789 ex
2499 2725 2790 2807 Hesperia
2839 2733 3034 2788 ortum
3085 2723 3325 2804 ducant,
3360 2723 3422 2785 in
3457 2725 3696 2804 pietatis

2054 2814 2358 2878 cultricem
2409 2815 2562 2878 hanc
2591 2822 2650 2878 et
2677 2834 2712 2877 a
2745 2816 2864 2876 Deo
2917 2820 3321 2875 conservatam
3372 2812 3580 2876 urbem
3620 2813 3694 2876 ad

246 2981 254 2990 ,
320 2910 460 2989 ώρου
525 2900 724 2991 χωρίου
778 2915 830 2969 αἱ
885 2900 1013 2980 τῆς⁷
1053 2911 1340 2992 ὀρθοδοξίας
1413 2912 1582 2990 πηγαὶ
1638 2905 1960 2981 ἀναδύονται,

2052 2905 2382 2976 venientes,
2434 2923 2503 2966 ex
2554 2922 2669 2984 qua
2716 2911 2992 2983 tanquam
3042 2919 3113 2963 ex
3156 2900 3274 2962 alta
3301 2909 3361 2962 et
3389 2902 3695 2964 eminente

317 3000 407 3054 καὶ
464 3001 664 3080 καθαρὰ
729 3006 829 3068 τῆς
908 2991 1169 3066 εὐσεϐείας
1242 3002 1310 3058 τὰ
1364 3000 1571 3077 νάματα
1623 2997 1676 3063 ἐς
1749 2998 1814 3059 τὰ
1867 3001 1960 3062 τῆς

2049 2993 2292 3074 specula
2315 2992 2676 3056 orthodoxia
2704 2992 2896 3055 fontes
2931 2997 3268 3072 erumpunt,
3305 2998 3362 3052 et
3394 3009 3538 3072 pura
3560 2991 3693 3072 pie-

320 3057 636 3164 οἶκουμένηις
691 3087 980 3170 διαρῤἐουσι
1056 3090 1278 3170 πέρατα,
1351 3057 1442 3146 καί
1507 3091 1760 3164 ποταμῶν
1815 3083 1960 3152 δίκην

2049 3057 2186 3145 tatis
2240 3083 2461 3145 ﬂuenta
2507 3082 2570 3144 in
2616 3057 3121 3144 orbisterraruni
3177 3057 3327 3170 ﬁn'es
3366 3057 3686 3162 perﬂuiim,

317 3176 414 3239 τὰς
475 3175 529 3231 ἐν
586 3177 764 3256 ἁπάσῃ
784 3167 788 3168 7
810 3167 889 3256 ’τῇ
944 3177 1028 3259 ὑφ’
1087 3167 1240 3246 ἥλιον
1295 3177 1499 3258 ψυχὰς,
1561 3189 1679 3240 τοῖς
1734 3171 1960 3232 εὐσεϐέσι

2048 3178 2104 3233 et
2133 3170 2446 3234 ﬂuviorum
2485 3170 2672 3233 instar
2717 3169 2974 3244 animus,
3006 3186 3138 3259 qua
3167 3167 3277 3259 sub
3310 3169 3440 3259 sole
3469 3169 3694 3249 degunt

321 3261 552 3345 δόγμασι
580 3258 1004 3347 καταρδεύουσιν,
1048 3271 1122 3333 εἷς
1179 3268 1396 3345 ταύτην,
1459 3266 1637 3346 ὥσπερ
1691 3265 1960 3344 κεραυνὸς,

2047 3279 2257 3323 omnes
2285 3259 2397 3342 piis
2427 3259 2800 3340 dogmatibus
2831 3259 3099 3338 irrigant,
3125 3258 3187 3319 in
3217 3258 3329 3320 hac
3357 3258 3538 3320 veluti
3573 3259 3693 3322 ful-

321 3356 358 3424 ἢ
402 3359 648 3433 σεισμὸς,
706 3358 744 3426 ἢ
795 3357 1039 3439 χαλάζης
1093 3357 1298 3426 πληθος
1330 3374 1344 3389 ⁸
1408 3359 1452 3414 εἰ
1507 3356 1618 3436 χρὴ
1664 3353 1719 3411 δὲ
1764 3352 1960 3430 μᾶλλον

2048 3368 2181 3430 gur,
2231 3350 2354 3412 sive
2407 3348 2605 3428 turbo,
2656 3349 2780 3411 sive
2828 3347 3135 3426 grandinis
3178 3348 3371 3428 copia,
3430 3347 3578 3425 sive,
3630 3357 3696 3410 ut

326 3446 501 3503 εἰπεῖν
557 3435 886 3528 οἰκειότερον,
950 3449 1022 3512 ὡς
1081 3449 1262 3525 μονιὸς
1318 3435 1960 3526 ἅγριοςγίείσπηδήσαντες

2053 3439 2239 3519 magis
2294 3439 2534 3521 proprie
2584 3457 2714 3501 rem
2767 3437 3110 3512 indicimus,
3173 3435 3354 3498 veluti
3404 3435 3694 3500 silvestris

334 3535 427 3592 τὸν
460 3534 608 3613 ὀρθὸν
656 3524 814 3616 λόγον
856 3543 926 3616 τῇ
981 3524 1201 3618 διαιρορᾷ
1240 3543 1346 3595 τῶν
1370 3524 1675 3614 Πδογμάτων
1733 3531 1960 3589 καταλυ-

2052 3545 2271 3609 porcus
2324 3527 2644 3609 irruentes,
2704 3535 2928 3589 rectam
2978 3528 3292 3618 rationem
3349 3524 3694 3590 diversitate

325 3625 590 3700 μήνασθαι
669 3613 1045 3708 ἐπεχείρησαν,
1082 3613 1191 3691 ”ὧς
1265 3626 1354 3684 καὶ
1421 3613 1631 3705 Γραφὴν
1688 3620 1960 3679 ἀποθέσθαι

2051 3615 2387 3708 dogmatum
2418 3624 2773 3708 pravertere
2801 3613 2997 3708 conati
3025 3621 3164 3708 sunt
3192 3613 3294 3708 ita,
3324 3621 3410 3708 -ut
3439 3621 3498 3676 et
3525 3613 3694 3678 Scri-

323 3710 375 3770 ἒν
435 3718 506 3790 τῇ
564 3701 807 3791 μυπικῇν
850 3701 951 3782 τῆς
1025 3701 1263 3794 μεγάλης
1323 3721 1415 3773 τοῦ
1465 3701 1600 3770 Θεοῦ
1650 3708 1960 3777 Ἐκκλησίας

2051 3713 2282 3787 pturam
2312 3706 2374 3769 in
2405 3706 2651 3788 mystica
2699 3723 2925 3785 magna
2967 3706 3077 3794 Dei
3107 3701 3394 3794 Ecclesia
3432 3721 3697 3794 repone-

321 3800 584 3878 τραπέζῃ,
617 3798 682 3858 δι’
729 3790 798 3870 ἧς
853 3790 1037 3881 ἡμᾶς,
1071 3790 1273 3880 μᾶλλον
1322 3800 1378 3858 δὲ
1427 3801 1526 3869 τὴν
1570 3796 1833 3880 ὀρθόδοξον
1875 3807 1960 3858 τοῦ

2047 3801 2183 3856 rent
2208 3813 2437 3870 mensa,
2469 3813 2587 3876 qua
2615 3812 2748 3870 nos,
2781 3795 2900 3856 imo
2929 3791 3318 3854 orthodoxam
3339 3790 3448 3881 Dei
3479 3790 3694 3856 Eccle-

324 3895 459 3948 Θεοῦ
500 3887 841 3968 Ἐκκλησίαν,
887 3879 976 3950 καὶ
1001 3879 1008 3881 ἓ
1029 3879 1229 3956 πάντας
1282 3892 1401 3954 τοὺς
1458 3889 1536 3966 μὴ
1593 3879 1960 3967 συνυπαγομέ-

2046 3882 2218 3956 siam,
2273 3901 2601 3964 omnesque
2647 3882 2748 3964 qui
2797 3881 2999 3962 impiis
3067 3898 3274 3944 eorum
3323 3879 3696 3960 dogmatibus

321 4001 441 4044 νους
500 3993 617 4044 τοῖς
683 3979 854 4038 αὐτῶν
901 3979 1290 4058 δυσσεϐήμασιν
1344 3977 1639 4060 όρθοδόξους
1679 3975 1960 4052 ἀναθέματι

2046 3991 2166 4035 non
2193 3971 2424 4054 abrepti
2455 3980 2616 4052 sunt,
2666 3970 3030 4037 orthodoxos
3078 3968 3154 4032 ob
3202 3968 3264 4032 id
3311 3969 3500 4052 idem,
3531 3970 3692 4053 quod

323 4064 387 4124 δι’
433 4069 560 4128 αὐτὸ
587 4075 763 4150 τοῦτο,
823 4069 904 4126 ὅτι
961 4069 1194 4128 εὐσεϐεῖν
1249 4070 1340 4126 καὶ
1389 4069 1450 4125 τὸ
1508 4063 1774 4146 ὀρθόδοξον
1827 4087 1960 4145 προ-

2047 4065 2131 4147 pii
2160 4083 2294 4128 esse
2315 4073 2374 4127 et
2402 4064 2583 4128 ﬁdem
2611 4063 2998 4128 orthodoxam
3025 4061 3260 4124 dilatari
3292 4065 3685 4145 pracupiunt,

322 4152 518 4214 ϐαίνειν
575 4156 842 4235 ἐθέλομεν,
923 4159 1306 4235 καὼπέϐαλον,
1395 4155 1772 4237 ἐγκαλέσαντες
1827 4157 1960 4231 ἡμῖν

2046 4155 2424 4218 anathemate
2452 4153 2696 4229 feriunt,
2727 4153 3069 4214 incusantes
3099 4169 3209 4213 nos
3227 4151 3291 4212 in
3314 4151 3513 4214 multis
3534 4153 3688 4231 aliis,

324 4243 461 4302 ἄλλα
515 4244 571 4302 τὲ
623 4269 763 4323 τινα,
808 4250 898 4306 καὶ
957 4249 1037 4307 ὅτι
1093 4250 1212 4312 τοὺς
1261 4249 1525 4327 πώγωνας
1579 4243 1960 4324 παραπλησίως

2049 4251 2108 4307 et
2138 4250 2427 4325 praterea
2453 4242 2612 4325 quod
2643 4241 2890 4304 barbam
2921 4259 3089 4322 aque
3134 4258 3205 4304 ac
3233 4239 3322 4302 illi
3365 4249 3604 4319 radere,
3637 4251 3698 4307 et

325 4333 552 4399 ἀκείνοις
601 4333 774 4416 ξυρᾷν,
831 4339 920 4394 καὶ
961 4339 1061 4406 τὴν
1115 4339 1251 4396 κατὰ
1305 4339 1456 4418 φύσιν
1512 4334 1782 4414 ἀνθρώπου
1840 4355 1960 4413 μορ-

2049 4351 2178 4395 eam
2211 4351 2343 4413 qua
2372 4341 2462 4396 est
2481 4331 2810 4395 secundum
2839 4337 3134 4418 naturam,
3160 4328 3423 4392 hominis
3445 4331 3694 4410 ﬁguram

326 4423 430 4502 φὴν
485 4426 624 4503 παρὰ
680 4427 828 4506 φύσιν
885 4426 1218 4493 ἐξαλλάσσειν
1277 4416 1372 4487 οῦκ
1423 4425 1724 4505 ἀνεχόμεθα
1757 4440 1772 4455 ⁸
1834 4425 1960 4502 πρὸς

2049 4420 2367 4484 immutare
2419 4439 2539 4482 non
2587 4418 2968 4482 sustinemus.
3003 4416 3126 4480 Nec
3182 4435 3304 4479 non
3359 4419 3518 4506 quod
3575 4439 3697 4482 non

327 4509 494 4569 δὲκαὶ
546 4512 625 4570 ὅτι
687 4503 763 4590 μὴ
821 4513 1202 4597 διακρινόμενοι
1246 4516 1351 4573 ἀπὸ
1406 4503 1767 4595 πρεσϐυτέρων
1809 4533 1960 4588 μετα-

2051 4509 2223 4571 divisi
2257 4527 2290 4573 a
2321 4509 2680 4590 presbyteris
2711 4507 3092 4597 matrimonio
3138 4503 3388 4597 junctis,
3416 4527 3693 4571 commu-

328 4597 611 4678 λαμϐάνειν
644 4595 1055 4684 φεγαμηκότων.
1119 4607 1256 4687 Πρὸς
1298 4606 1382 4662 ἐπὶ
1439 4610 1568 4660 πᾶσι
1622 4600 1678 4658 δὲ
1730 4603 1960 4677 τούτοις,

2051 4599 2292 4660 nionem
2343 4597 2696 4679 sucipimus.
2725 4596 2816 4658 Ad
2858 4596 2985 4658 hac
3033 4595 3191 4677 quod
3251 4605 3694 4687 sacrosanctum

327 4666 414 4747 mi
455 4689 535 4747 ὅτι
588 4666 858 4770 τὸιὶερδν,
891 4697 978 4752 καὶ
1031 4666 1180 4775 ἅγιον
1239 4666 1522 4774 σύμϐολον,
1579 4692 1608 4748 ὃ
1662 4697 1790 4748 «in
1848 4666 1960 4754 τοῖς

2051 4687 2419 4769 Symbolum,
2470 4666 2626 4768 quod
2677 4684 2954 4749 omnibus
3002 4666 3408 4775 synedalibus,
3441 4693 3499 4748 et
3523 4704 3719 4775 oecus

330 4778 645 4861 συνοδικοϊς,
731 4785 820 4840 καὶ
894 4773 1279 4861 οἰκουμενικοϊς
1350 4785 1678 4864 φηιρίσμασιν
1752 4777 1960 4860 ἄμαχον

2052 4775 2304 4839 menicis
2319 4775 2580 4839 decretis
2597 4775 3020 4839 inconcussum
3043 4783 3220 4856 atque
3235 4773 3696 4864 inexpugnabile

329 4865 444 4954 ἔχει
472 4872 569 4939 τὴν
613 4872 792 4954 ἰσχύν,
855 4874 1023 4937 νόθοις
1081 4863 1371 4952 λογισμοῖς
1405 4863 1492 4928 καὶ
1541 4870 1960 4950 παρεγγράπτοις

2053 4865 2237 4954 robur
2265 4865 2465 4946 habet,
2498 4865 2718 4947 spuriis
2751 4865 3018 4944 cogitatis
3049 4873 3103 4954 st
3125 4863 3502 4954 sermonibus
3531 4864 3695 4928 adul-

332 4953 508 5038 λόγοις
551 4963 640 5019 καὶ
693 4951 911 5042 θράσους
967 4951 1232 5042 ὑπερϐολῇ
1291 4963 1367 5038 μὴ
1423 4958 1744 5027 κιϐδηλεύειν
1794 4956 1960 5014 ἐθέλο-

2046 4953 2280 5032 terinis,
2331 4963 2389 5016 et
2409 4954 2670 5017 audacia
2725 4973 2972 5042 excessu
3008 4952 3358 5042 adulterare
3393 4951 3693 5031 nolumus,

335 5067 452 5126 μεν,
485 5049 621 5126 μηδὲ
649 5041 1036 5131 παραπλησίως
1071 5041 1309 5116 ἐκείνοις
1353 5049 1412 5108 ἐκ
1463 5055 1555 5106 τοῦ
1609 5050 1836 5127 Πατρὸς,
1882 5047 1960 5102 καῖ

2051 5062 2163 5106 nec
2194 5051 2256 5106 ut
2283 5043 2397 5119 illi,
2429 5061 2502 5106 ex
2530 5042 2702 5106 Patre
2732 5051 2789 5106 et
2817 5041 3303 5131 FilioSpiritum.
3324 5047 3618 5131 sanctum,
3652 5061 3686 5104 ο

335 5146 424 5195 τοῦ
473 5141 593 5199 Υἱοῦ
640 5142 702 5196 τὸ
745 5147 956 5217 Πνεῦμα
1011 5143 1072 5198 τὸ
1125 5141 1300 5220 ἅγιον,
1344 5141 1390 5197 ὦ
1441 5141 1544 5196 τῶν
1603 5138 1694 5194 τοῦ
1736 5142 1970 5216 πονηροῦ

333 5230 764 5306 μηχανημάτων,
823 5229 944 5287 ἀλλ’
999 5231 1060 5287 ἐκ
1112 5237 1206 5288 τοῦ
1262 5229 1465 5307 Πατρός
1508 5248 1678 5308 φαμεν
1725 5225 1966 5304 ἐκπορεύο

310 5317 473 5401 ἐσθαι
508 5337 521 5350 ⁸
562 5319 699 5393 μήτε
756 5325 825 5396 τῇ
881 5325 1062 5401 Γραφῇ
1111 5317 1396 5399 προσέχειν
1451 5315 1736 5388 ἐθέλοντες,
1769 5315 1828 5390 ἦ,
1860 5313 1966 5372 Οὐκ

330 5397 774 5489 ᾇκομαδαράσετε,
813 5397 964 5489 φησὶ,
1003 5397 1124 5474 τοὺς
1157 5397 1436 5487 πώγωνας
1478 5406 1653 5482 ἡμῶν,
1697 5404 1814 5461 οὔτε
1858 5404 1966 5478 μὴν

330 5483 522 5551 ἐννοεῖν
568 5483 742 5560 -ὅλως
824 5483 1159 5574 βουλομενοι,
1239 5483 1319 5553 ὅτι
1402 5493 1627 5575 γυναιξὶν
1712 5491 1972 5572 εὐπρεπὲς

332 5585 480 5638 τοῦτο
520 5585 548 5640 ὁ
596 5585 776 5649 κτίσας
826 5586 1042 5654 ἐποίησε
1104 5588 1256 5663 Θεὸς,
1313 5583 1523 5665 ἀνδράσι
1555 5582 1610 5641 δὲ
1640 5583 1966 5662 ἀνάρμοστον

2050 5131 2308 5213 improbi
2337 5131 2625 5194 damonis
2644 5131 2950 5193 machinas
2976 5130 2990 5190 !
3025 5129 3131 5191 sed
3150 5147 3222 5190 ex
3243 5124 3418 5192 Patre
3439 5129 3698 5192 dicimus

2053 5221 2418 5303 procedere;
2468 5239 2663 5302 neque
2705 5219 3024 5302 Scriptura
3072 5218 3337 5280 animum
3384 5219 3696 5283 advertere

2049 5310 2336 5386 volentes,
2379 5328 2508 5392 qua
2536 5309 2621 5372 Ne
2651 5309 3034 5389 deglabretis,
3065 5308 3166 5386 ait,
3219 5317 3420 5371 menta
3460 5317 3694 5393 vestra;

2047 5417 2244 5480 neque
2295 5399 2540 5461 omnino
2589 5399 2786 5461 animo
2816 5399 3052 5460 volvere
3080 5397 3372 5474 volentes,
3406 5397 3696 5462 decorum

2047 5488 2110 5552 id
2158 5486 2509 5550 mulieribus
2554 5496 2886 5551 creatorem
2940 5486 3132 5551 Deum
3179 5487 3484 5571 statuisse,
3536 5489 3696 5571 quod

2047 5577 2395 5642 indecorum
2427 5584 2587 5642 esset
2614 5575 2961 5641 hominibus
2986 5597 3003 5656 ;
3033 5577 3138 5641 sed
3160 5585 3222 5642 et
3250 5575 3525 5659 quintum
3547 5577 3701 5642 Gan-
