4076 6114
427 248 548 316 739

1317 245 1734 312 MICHAELIS
1773 240 2196 312 CERULARII
2238 243 2353 312 ΟΡ.
2397 247 2917 312 PATRIARCILE

3688 235 3816 304 ’740

427 384 658 466 grensis
678 383 886 467 synodi
909 380 1201 445 canenem
1227 379 1302 443 de
1325 381 1401 442 iis
1421 381 1524 463 qui
1548 399 1582 444 a
1607 381 1832 463 nuptiis
1853 382 2074 446 abhor-
2095 423 2099 431 .

2165 375 2485 457 ἐδικαίωσεν,
2544 381 2680 439 ἀλλά
2735 383 2824 438 καὶ
2875 383 2967 438 τὸν
3021 377 3269 459 τέταρτον
3325 381 3424 445 τῆς
3480 376 3535 434 ἐν
3594 376 3812 454 Γάγγρᾳ

428 481 588 552 rent,
623 475 818 556 palam
862 478 1340 548 contemnentes,
1383 471 1485 552 qui
1535 471 1719 534 dicit:
1749 471 1827 535 Si
1855 475 1994 552 quis
2020 488 2081 534 se

427 564 653 627 dividit
674 580 712 624 a
732 561 1074 642 presbytero
1094 562 1440 640 conjugalo,
1453 566 1628 637 quasi
1642 578 1764 622 non
1782 567 2074 640 oporteat,

422 659 751 732 postquam
764 648 870 712 ille
880 665 1122 712 sacrum
1131 647 1372 728 fecerit,
1400 648 1571 710 illius
1589 647 1918 712 oblationis
1930 668 2081 730 par-

429 742 669 821 ticipem
690 739 852 820 ﬁeri,
877 736 1200 800 anathema
1223 737 1329 809 sit;
1360 745 1418 798 et
1439 736 1499 798 in
1523 737 1634 799 hoc
1653 737 1827 798 etiam
1853 745 2077 799 sextam

429 828 718 911 synodum
735 827 1104 908 rejicientes,
1124 833 1182 887 et
1202 833 1676 906 contemnentes,
1697 845 1829 906 quae
1846 826 1925 888 ait
1943 845 2072 888 can.

429 919 453 978 1
470 917 506 983 3
528 939 542 981 :
568 917 869 993 Quoniam
886 917 1176 978 Romanis
1200 913 1497 977 Ecclesiae
1509 931 1622 994 pro
1637 932 1868 977 canone
1889 915 2079 978 tradi-

429 1018 557 1076 tum
586 1028 711 1072 esse
739 1009 1158 1090 cognovimus,
1191 1013 1261 1069 ut
1301 1009 1409 1087 qui
1439 1008 1517 1070 ad
1545 1008 1961 1084 diaconatum,
1984 1008 2079 1071 vel

428 1100 913 1181 presbyteratum
939 1095 1327 1177 promovendi
1355 1104 1521 1168 sunt,
1551 1097 1979 1176 proﬁteantur,
2015 1115 2080 1158 se

431 1207 556 1254 non
577 1189 844 1269 amplius
869 1189 997 1249 suis
1017 1185 1316 1248 uxoribus
1336 1186 1812 1264 conjungendos,
1840 1203 1951 1248 nos
1973 1204 2082 1248 an-

433 1281 631 1359 tiquos
658 1293 922 1340 canones
950 1273 1291 1355 apostolicae
1306 1275 1709 1354 perfectionis,
1726 1275 2080 1355 ordinisque

431 1373 762 1443 servantes,
787 1365 1122 1437 hominum,
1149 1368 1257 1443 qui
1277 1371 1419 1426 sunt
1452 1366 1522 1426 in
1558 1367 1771 1445 sacris,
1793 1365 2081 1444 coujugia

432 1458 717 1536 deinceps
745 1473 826 1517 ea:
858 1455 970 1517 hoc
999 1453 1282 1533 temporis
1310 1461 1605 1515 momento
1646 1453 1833 1533 ﬁrma
1861 1460 1916 1516 et
1943 1460 2075 1516 sta-

433 1545 582 1608 bilia
610 1561 736 1606 esse
761 1545 1064 1622 volumus,
1095 1557 1487 1620 nequaquam
1516 1558 1725 1604 eorum
1751 1559 1888 1603 cum
1914 1560 2076 1604 uxo-

433 1636 605 1698 ribus
628 1634 1112 1712 coniunctionem
1143 1631 1559 1706 dissolventes,
1582 1631 1675 1693 vel
1705 1648 1802 1692 eos
1830 1637 2076 1707 mutua,

432 1731 685 1803 tempore
695 1720 1100 1793 convenienti,
1119 1719 1553 1781 consuetudine
1570 1719 2083 1799 privantesQua-

433 1811 704 1876 mobrem
729 1811 781 1872 si
811 1811 947 1889 quis
973 1808 1196 1889 dignus
1219 1810 1499 1869 inventus
1513 1810 1737 1885 fuerit,
1766 1813 1873 1888 qui
1890 1808 2082 1888 hypo-

2162 468 2374 528 συνόδου
2455 474 2572 551 περὶ
2639 477 2745 529 τῶν
2823 471 2993 550 γάμον
3061 467 3488 546 βδελυσσομένων
3569 470 3812 548 φανερῶς

2161 557 2530 635 ἀτιμάζοντες,
2589 559 2646 625 ὅς
2712 583 2896 640 φησιν,
2950 577 2981 618 (
3037 557 3107 616 Εἴ
3162 581 3242 622 τις
3296 555 3606 637 διακρίνοιτο
3663 553 3814 632 παρά

2160 647 2503 730 πρεσϐυτέρου
2585 649 2958 730 γεγαμηκότος
3057 650 3131 712 ὡς
3229 647 3308 723 μὴ
3393 650 3590 725 χρῆναι
3685 641 3810 698 λει-

2159 740 2548 818 τουργήσαντος
2685 741 2839 796 αὒτοῦ
2947 742 3247 817 προσφορᾶς
3354 730 3808 810 μεταλαμϐάνειν,

2160 825 2393 901 ἀνάθεμα
2424 827 2559 884 ἔστω
2594 845 2607 858 ⁸
2661 851 2689 883 σ
2720 825 2844 883 κατ’
2873 827 2999 882 αὐτὸ
3035 824 3090 880 δὲ
3141 833 3295 882 τοῦτο
3344 825 3434 880 καὶ
3487 823 3584 889 τὴν
3640 820 3810 886 ἕκτην

2160 914 2368 973 σύνοδον
2449 917 2748 981 ἀθετοῦντες
2831 917 2918 972 καὶ
3003 915 3369 989 ἀτιμάζοντες,
3455 910 3492 977 ἥ
3575 930 3737 990 φησιν
3789 925 3808 942 ⁸

2166 1027 2193 1057 α
2255 1001 2473 1073 Ἐπειδὴ
2516 1005 2569 1062 ἐν
2615 1011 2685 1082 τῇ
2741 996 3015 1080 Ῥωμαίων
3068 1000 3360 1074 Ἐκκλησία
3403 999 3456 1058 ἐν
3510 999 3651 1065 τάξει
3696 1019 3809 1053 κασ-

2162 1093 2309 1159 νόνος
2402 1093 2778 1174 παραδεδόσθαι
2868 1092 3184 1170 διάγνωμεν,
3279 1091 3398 1155 τοὺς
3510 1088 3812 1166 μέλλοντας

2160 1181 2424 1264 διακόνου,
2516 1184 2552 1252 ἢ
2643 1181 2990 1262 πρεσϐυτέρου
3086 1180 3347 1246 ἀξιοῦσθαι
3442 1178 3808 1260 χειροτονίας,

2158 1271 2564 1353 καθομολογεῖν,
2625 1275 2708 1354 ὡφ
2772 1271 2946 1330 ούκέτι
3010 1282 3131 1334 ταῖς
3201 1271 3370 1327 αὐτῶν
3453 1269 3812 1326 συνάπτονται

2158 1375 2442 1438 γαμεταῖς,
2517 1364 2680 1437 ἡμεῖς
2764 1361 3008 1440 ἀρχαίοις
3103 1356 3527 1423 ἐξακολοθοῦντες
3615 1354 3815 1412 κανόσι

2158 1454 2257 1516 τῆς
2335 1449 2691 1517 ἀποπολικῆς
2767 1447 3031 1528 ἀκριϐείας
3098 1449 3188 1503 καὶ
3267 1445 3487 1525 τάξεως,
3563 1445 3628 1500 τὰ
3698 1447 3815 1498 τῶν

2159 1540 2309 1617 ἱερῶν
2392 1537 2589 1619 ἀνδρῶν
2668 1539 2804 1595 κατὰ
2876 1539 3068 1612 νόμους
3136 1536 3452 1609 συνοικέσια,
3529 1535 3634 1589 ἀπὸ
3713 1539 3816 1586 τοῦ

2161 1637 2248 1686 νῦν
2331 1627 2578 1706 ἐῤῥῶσθαι
2677 1625 2996 1704 βουλόμεθα,
3101 1623 3359 1701 μηδαμῶς
3440 1625 3611 1679 αὐτῶν
3704 1621 3814 1685 τὴν

2167 1718 2297 1795 πρὸς
2365 1718 2458 1782 τὰς
2527 1718 2761 1796 γαμετὰς
2838 1715 3116 1796 συνάφειαν
3179 1711 3498 1792 διαλύοντες,
3565 1711 3601 1779 ἢ
3673 1710 3817 1764 ἀπο-

2167 1815 2466 1886 στεροῦντες
2525 1807 2710 1870 αὐτούς
2796 1809 2895 1872 τῆς
2966 1805 3094 1883 πρὸς
3164 1802 3424 1872 ἀλλήλους
3495 1802 3628 1857 κατὰ
3686 1820 3815 1854 και-

433 1901 756 1979 diaconus,
789 1888 885 1960 vel
914 1888 1230 1972 diaconus,
1263 1895 1356 1958 vel
1394 1896 1708 1976 presbyter
1737 1897 2077 1974 ordinetur,

2167 1897 2254 1974 ρὸν
2319 1897 2410 1952 τὸν
2477 1897 2814 1975 προσήκοντα
2884 1894 3116 1969 ὁμιλίας,
3209 1903 3346 1948 Ωστε
3399 1890 3452 1947 εἴ
3522 1913 3602 1954 τις
3659 1888 3815 1953 ἄξιος

434 1991 489 2052 is
517 1989 601 2051 ad
625 1977 810 2050 talem
829 1986 1086 2066 gradum
1109 1986 1341 2046 assumi
1362 2002 1751 2064 nequaquam
1771 1984 2082 2066 prohibea-

2166 1986 2346 2064 εὑρεθῇ
2427 1987 2560 2064 πρὸς
2652 1985 2979 2065 χειροτονίαν
3059 1980 3318 2050 διακόνου,
3407 1980 3442 2048 ἢ
3511 1977 3813 2036 ὑποδιακό-

437 2087 559 2152 tur,
593 2078 646 2138 si
677 2093 815 2139 cum
847 2075 1116 2150 legitima
1163 2091 1350 2135 uxore
1397 2072 1714 2136 cohabitet.
1744 2074 1862 2138 Sed
1890 2091 2083 2155 neque

434 2165 845 2228 ordinationis
877 2171 1135 2243 tempore
1181 2161 1256 2223 ab
1296 2179 1364 2224 eo
1393 2161 1759 2242 postuletur,
1794 2171 1859 2225 ut
1880 2164 2077 2243 proﬁ-

435 2261 631 2318 teatur
672 2270 737 2315 se
784 2269 824 2314 a
867 2250 1138 2330 legitima
1185 2266 1321 2312 cum
1388 2267 1586 2312 uxore
1643 2252 2080 2315 consuetudine

433 2343 882 2414 abstenturum,
915 2356 992 2401 ne
1020 2358 1100 2399 ex
1133 2355 1202 2400 eo
1248 2355 1285 2400 a
1329 2340 1455 2400 Deo
1485 2346 1848 2403 constitutus
1879 2347 1938 2404 et
1969 2358 2082 2404 sua

429 2435 754 2513 praesentia
775 2429 1121 2492 benedictus
1153 2432 1408 2508 nuptias
1437 2429 1674 2507 injuria
1698 2429 1947 2510 afﬁcere
1975 2448 2078 2493 co-

433 2538 682 2603 gamur,
715 2517 1064 2598 evangelica
1094 2534 1235 2580 voce
1265 2516 1674 2581 exclamante:
1697 2538 1726 2579 κ
1745 2518 1897 2595 Quae
1919 2519 2080 2583 Deus

434 2609 772 2688 conjunxit,
805 2607 979 2669 homo
1007 2624 1132 2669 non
1170 2613 1412 2686 separet
1431 2607 1490 2667 4:
1526 2627 1555 2666 ‹
1581 2615 1636 2670 et
1655 2608 1940 2688 Apostolo
1969 2609 2078 2672 do-

436 2705 607 2762 cente
635 2719 649 2756 :
681 2719 704 2754 ε
730 2694 1130 2757 Honorabiles
1149 2696 1421 2775 nuptias,
1447 2703 1503 2757 et
1528 2695 1772 2758 thorum
1792 2699 2081 2760 immacu-

437 2788 634 2851 latum
654 2784 687 2834 2
705 2807 724 2846 :
747 2792 826 2858 et,
857 2805 886 2844 ‹
907 2783 1210 2864 Alligatus
1239 2801 1298 2846 es
1328 2785 1542 2860 umori,
1571 2803 1647 2846 ne
1678 2803 1878 2864 quaere
1907 2789 2075 2850 solu-

439 2874 760 2938 tionem3.»
785 2872 856 2936 Si
871 2874 1006 2953 quis
1035 2889 1175 2952 ergo
1192 2877 1416 2952 praeter
1435 2875 1790 2952 apostolicos
1819 2893 2081 2938 canones

436 2965 725 3027 incitatus
756 2962 835 3024 sit
870 2960 1140 3041 aliquem
1179 2977 1418 3035 eorum,
1442 2967 1549 3040 qui
1585 2970 1725 3024 sunt
1759 2964 1826 3025 in
1861 2971 2075 3042 sacris,

429 3053 926 3136 presbyterorum
967 3051 1297 3128 inquimus,
1332 3049 1426 3111 vel
1461 3050 1893 3124 diaconorum,
1927 3070 2078 3115 con-

435 3147 744 3218 junctione
791 3157 926 3202 cum
977 3139 1248 3216 legitima
1295 3155 1520 3220 umore,
1554 3142 1610 3202 ei
1648 3143 2083 3205 consuetudine

2162 2096 2274 2154 νου,
2334 2076 2484 2139 οὗτος
2553 2072 2816 2149 μηδαμῶς
2892 2070 3170 2129 κωλυέσθω
3250 2069 3334 2126 ἐπὶ
3414 2073 3506 2126 τὸν
3563 2075 3814 2125 τοιοῦτον

2159 2163 2360 2238 βαθμὸν
2467 2160 2933 2234 ἐπαναϐιϐάζεσθαι
3033 2160 3243 2236 νομίμῳ
3333 2165 3585 2215 συνοικῶν
3694 2179 3811 2234 γα-

2159 2258 2319 2328 μετῇ,
2392 2253 2530 2327 μήτε
2613 2253 2725 2327 μὴν
2794 2250 2849 2307 ἐν
2924 2253 3001 2324 τῷ
3065 2254 3165 2315 τῆς
3239 2249 3564 2328 χειροτονίας
3635 2253 3812 2326 καιρῷ

2159 2339 2476 2396 ἀπαιτείσθω
2559 2338 2868 2417 ὁμολογεῖν,
2957 2339 3030 2402 ὡς
3116 2337 3472 2408 ἀποστήσεται
3546 2340 3643 2403 τῆς
3721 2357 3816 2393 νο-

2160 2431 2319 2504 μίμου
2402 2429 2534 2507 πρὸς
2606 2430 2707 2496 τὴν
2792 2427 2982 2484 οἰκείαν
3063 2426 3304 2504 γαμετὴν
3389 2423 3623 2505 ὁμιλίας,
3709 2423 3810 2480 ἵνα

2161 2518 2270 2594 μὴν
2347 2517 2578 2576 ἐντεῦθεν
2657 2519 2750 2574 τὸν
2831 2517 2891 2572 ἐκ
2977 2523 3108 2575 Θεοῦ
3196 2514 3630 2594 νομοθετηθέντα,
3715 2514 3811 2570 καὶ

2161 2605 2508 2686 εὖλογηθέντα
2613 2612 2681 2684 τῇ
2779 2605 2932 2662 αὒτοῦ
3027 2605 3305 2685 παρουσίᾳ,
3391 2591 3590 2682 γάμον’
3638 2607 3809 2660 καθυ-

2159 2695 2347 2776 ϐρίζειν
2417 2694 2798 2772 ἐκϐιασθὼμεν,
2874 2699 2973 2762 τῆς
3052 2703 3143 2753 τοῦ
3229 2693 3544 2773 Εὖαγγελίου
3620 2698 3808 2773 φωνῆς

2161 2785 2460 2862 ἐκϐοώσης,
2538 2803 2566 2846 ι
2622 2787 2723 2850 Οὓς
2793 2787 2821 2841 6
2892 2785 3019 2848 Θεὸς
3097 2781 3295 2854 ἔζευξεν
3369 2781 3664 2862 ἄνθρωπος,
3725 2784 3808 2859 μὴ

2161 2875 2458 2956 χωριζέτω,
2537 2898 2566 2930 ι
2651 2875 2740 2931 καὶ
2843 2879 2932 2930 τοῦ
3023 2871 3347 2929 Ἀποστόλου
3446 2870 3806 2954 διδάσκοντος,

2164 2983 2195 3023 (
2256 2964 2440 3038 Τίμιον
2521 2965 2614 3020 τὸν
2689 2963 2858 3042 γάμον
2935 2960 2988 3016 ἐν
3073 2967 3228 3036 πᾶσι,
3309 2961 3397 3018 καὶ
3465 2961 3566 3028 τὴν
3621 2963 3809 3030 κοίτην

2161 3053 2437 3128 ἀμίαντον,
2500 3076 2529 3108 ιο
2616 3053 2728 3129 καὶ,
2807 3074 2835 3107 α
2915 3047 3129 3106 Δέδεσαι
3213 3051 3440 3128 γυναικὶ,
3505 3053 3583 3126 μὴ
3658 3054 3808 3122 ζήτει

2163 3139 2337 3205 λύσιν,
2404 3164 2429 3197 ι
2491 3140 2561 3199 E’i
2616 3163 2697 3206 τις
2769 3139 2858 3196 οῦν
2909 3137 3158 3215 τολμήσῃ
3214 3140 3356 3218 παρὰ
3411 3141 3532 3203 τοὺς
3583 3139 3812 3197 ἀποστο-

435 3232 709 3312 privare,
744 3228 1102 3308 deponatur.
1130 3226 1429 3290 Similiter
1452 3236 1509 3290 et
1536 3234 1593 3291 si
1621 3235 1757 3310 quis
1768 3230 2082 3312 presbyter

2165 3228 2344 3293 λικοὺς
2406 3230 2630 3294 κανόνας
2685 3230 3013 3305 κινούμενος,
3087 3229 3206 3283 τινὰ
3277 3234 3384 3282 τῶν
3465 3228 3806 3308 ἱερωμένων,

438 3322 538 3382 vel
557 3318 850 3382 diaconus
871 3333 1044 3378 suam
1072 3332 1318 3378 uxorem
1335 3321 1584 3397 pietatis
1609 3325 1909 3398 prcetextu
1951 3326 2076 3400 eje-

439 3409 616 3482 cerit,
646 3413 1010 3486 segregetur,
1043 3406 1174 3467 etsi
1196 3411 1536 3488 perseveret
1557 3407 1928 3488 deponatur.

2161 3316 2523 3398 πρεσϐυτέρων
2597 3319 2792 3398 φαμὲν,
2878 3317 2915 3384 ἦ
2983 3314 3258 3390 διακόνων,
3335 3317 3373 3384 ἣ
3450 3317 3812 3375 ὑποδιακόνων

2161 3419 2477 3488 ρποστερεῖν
2505 3412 2602 3474 τῆς
2635 3408 2762 3486 πρὸς
2811 3406 2908 3474 τὴν
2959 3407 3183 3481 νόμιμον
3238 3418 3466 3484 γυναῖκα
3504 3408 3812 3486 συναφείας,

438 3499 528 3555 καὶ
582 3496 882 3571 κοινωνίας,
937 3495 1299 3574 καθαιρείσθω,
1334 3486 1601 3560 Ὠσαύτως
1625 3486 1718 3553 καὶ
1761 3498 1814 3554 εἴ
1868 3522 1948 3564 τις
2005 3486 2374 3582 πρεσϐύτερος,
2451 3495 2489 3564 ἢ
2544 3495 2782 3559 διάκονος
2837 3495 2933 3563 τὴν
3002 3495 3186 3553 ἑαυτοῦ
3247 3507 3473 3572 γυναῖκα
3549 3496 3814 3576 προφάσει

440 3585 712 3650 εὒλαϐείας
771 3583 1040 3664 ἐκϐάλλοι,
1108 3584 1428 3664 ἀφοριζέσθω
1462 3605 1476 3620 ⁶
1538 3585 1801 3662 ἐπιμένων
1871 3586 1927 3644 δὲ
1979 3590 2338 3672 καθαιρείσθω.

522 3676 741 3736 Praeter
769 3673 894 3735 haec
915 3674 1116 3736 omnia
1143 3675 1292 3736 nihil
1324 3675 1567 3738 omnino
1590 3677 1912 3759 sapientes,
1947 3677 2086 3761 Spi-

441 3766 621 3827 ritum
652 3782 774 3824 non
801 3781 872 3824 ex
891 3762 1090 3839 Patre,
1123 3764 1227 3826 sed
1250 3783 1320 3826 ex
1341 3764 1492 3826 Filio
1519 3785 1755 3848 quoque
1794 3768 2090 3831 aﬂirmant

441 3852 798 3934 procedere;
833 3870 969 3913 cum
999 3869 1203 3916 vocem
1227 3852 1389 3915 illam
1413 3872 1607 3935 neque
1627 3855 1700 3916 ab
1713 3856 2088 3936 evangelistis

439 3941 722 4020 habeant,
754 3959 950 4022 neque
979 3940 1395 4024 blasphemum
1425 3943 1538 4006 hoc
1569 3944 1781 4024 dogma
1800 3965 1834 4008 a
1862 3947 2085 4027 synodo

440 4031 815 4094 (acumenica
837 4031 1177 4093 hauserint.
1208 4031 1494 4095 Dominus
1515 4033 1676 4094 enim
1698 4037 1854 4097 Deus
1885 4044 2088 4098 noster

440 4120 562 4184 ait:
595 4121 864 4202 Spiritus
888 4122 1185 4193 veritatis,
1210 4125 1314 4201 qui
1346 4140 1385 4184 a
1406 4131 1581 4203 patre
1613 4124 1886 4202 procedit
1908 4123 2086 4188 Mle-

438 4219 778 4273 rumtamen
805 4229 971 4272 novae
994 4211 1246 4291 hujusce
1272 4211 1594 4290 impietatis
1625 4219 1900 4292 parentes
1944 4212 2086 4296 Spi-

438 4297 621 4360 ritum
641 4297 937 4378 inquiunt,
975 4300 1080 4378 qui
1108 4317 1143 4360 a
1169 4299 1342 4362 Patre
1373 4306 1433 4362 et
1459 4299 1608 4362 Filio
1641 4301 1940 4381 procedit;
1967 4322 2086 4365 non

441 4387 592 4449 illud
622 4403 828 4448 rursus
853 4389 1251 4464 attendentes,
1283 4389 1335 4449 si
1373 4388 1437 4449 in
1479 4407 1595 4469 quo
1625 4408 1660 4451 a
1685 4393 1857 4454 Patre
1888 4392 2085 4471 Spiri-

442 4483 538 4537 tus
566 4473 860 4556 procedit,
889 4477 1218 4557 proprietas
1247 4477 1428 4550 illius,
1459 4479 1878 4558 cognoscitur;
1913 4481 2087 4542 simi-

2253 3681 2388 3759 Πρὸς
2418 3677 2503 3735 ἐπὶ
2541 3683 2671 3736 πᾶσι
2718 3675 2772 3732 δὲ
2827 3675 3032 3740 τούτοις
3089 3672 3224 3752 μηδὲ
3278 3674 3470 3732 ἐννοεῖν
3516 3673 3652 3737 ὅλως
3684 3673 3808 3731 ἐθέ-

2169 3768 2373 3848 λοντες,
2407 3767 2462 3824 ἐν
2520 3771 2606 3830 οἷς
2660 3768 2722 3822 τὸ
2779 3771 2990 3840 Πνεῦμα
3047 3767 3140 3821 οὐκ
3182 3765 3242 3820 ἐκ
3281 3771 3371 3820 τοῦ
3416 3764 3636 3844 Πατρδς,
3664 3762 3812 3821 ἀλλὰ

2169 3860 2256 3916 καὶ
2313 3858 2373 3914 ἐκ
2423 3863 2518 3913 τοῦ
2559 3858 2680 3913 Υίοῦ
2733 3876 2891 3934 φασιν
2945 3853 3337 3933 ἐκπορεύεσθαι,
3394 3852 3474 3910 ὅτι
3529 3852 3644 3911 οὗτε
3700 3854 3813 3911 ἀπὸ

2169 3945 2553 4026 εὖαγγελιστῶν
2621 3946 2717 4010 τὴν
2780 3942 2960 4024 φωνὴν
3019 3942 3202 4022 έχουσι
3259 3945 3479 4018 ταύτην,
3545 3943 3661 4001 οὔτε
3703 3943 3813 4000 ἀπὸ

2169 4038 2535 4111 οἶκουμενικῆς
2582 4030 2795 4092 συνόδου
2852 4033 2912 4087 τὸ
2954 4030 3270 4112 βλάσφημον
3313 4040 3466 4090 τοῦτο
3525 4032 3814 4100 κέκτηνται

2165 4122 2363 4204 δόγμα.
2398 4113 2455 4180 Ὀ
2485 4122 2583 4197 μὲν
2631 4122 2731 4200 γὰρ
2780 4120 2966 4199 Κύριος
3027 4123 3056 4177 6
3098 4124 3226 4186 Θεὸς
3277 4123 3432 4198 ἡμῶν
3461 4145 3616 4204 φησι,
3667 4141 3697 4183 (
3739 4123 3818 4180 Τὸ

2167 4220 2380 4289 Πνεῦμα
2457 4215 2556 4278 τῆς
2627 4209 2896 4285 ἀληθείας,
2983 4210 3010 4266 ὃ
3084 4212 3226 4290 παρὰ
3303 4222 3395 4270 τοῦ
3465 4213 3668 4291 Πατρὸς
3726 4211 3819 4268 ἐκ·

2166 4303 2467 4382 πορεύεται.
2527 4322 2551 4358 ο
2621 4301 2682 4356 Οἱ
2744 4296 2798 4354 δὲ
2859 4302 2959 4365 τῆς
3015 4305 3206 4367 καινῆς
3262 4300 3458 4367 ταύτης
3515 4299 3817 4366 δυσσεϐείας

2166 4391 2389 4471 πατέρες
2442 4391 2505 4448 τὸ
2547 4388 2757 4464 Πνεῦμά
2799 4410 2978 4468 φασιν,
3042 4389 3070 4444 ὃ
3127 4389 3268 4468 παρὰ
3320 4398 3411 4448 τοῦ
3459 4393 3665 4468 Πατρὸς
3720 4393 3819 4448 καὶ

2168 4481 2259 4538 τοῦ
2354 4483 2476 4537 Υἱοῦ
2557 4478 2890 4558 ἐκπορεύεται
2926 4493 2940 4508 ⁶
3025 4475 3162 4533 ἀλλὰ
3260 4475 3395 4554 μηδὲ
3491 4485 3821 4558 συνορῶντες

445 4564 581 4655 liter
608 4570 668 4626 et
683 4563 747 4655 _si
768 4563 832 4655 in
863 4583 976 4645 quo
1000 4573 1319 4655 generatur
1337 4564 1545 4655 Filius,
1579 4566 1716 4628 Filii
1742 4588 1758 4646 ;
1788 4575 1850 4631 et
1881 4587 2090 4651 proce-

2169 4569 2328 4627 πάλιν
2385 4571 2460 4634 ὡς
2518 4569 2560 4625 εἰ
2603 4567 2658 4623 ἐν
2702 4571 2748 4642 ᾧ
2797 4567 2938 4645 παρὰ
2978 4575 3069 4624 τοῦ
3108 4567 3312 4644 Πατρὸς
3369 4564 3705 4644 ἐκπορεύεται
3751 4571 3823 4626 τὸ

447 4651 557 4731 dit,
588 4659 653 4714 ut
679 4651 796 4732 ipsi
824 4662 1141 4733 negantur,
1175 4661 1234 4716 et
1263 4653 1521 4733 Spiritus
1549 4673 1583 4717 a
1610 4655 1783 4735 Filio,
1818 4658 2088 4740 pluribus

443 4740 911 4829 proprietatibus
962 4743 1245 4824 Spiritum
1276 4760 1311 4806 a
1356 4745 1531 4806 Patre
1575 4743 1861 4825 discerni,
1909 4767 2089 4829 quam

444 4830 687 4896 Filium.
721 4828 1050 4893 Commune
1091 4831 1249 4894 enim
1300 4830 1550 4912 Spiritui
1581 4841 1640 4894 et
1669 4835 1818 4896 Filio
1859 4828 2090 4918 ex’ipso

443 4923 617 4984 Patre
662 4937 1004 5001 processus,
1064 4919 1304 5002 propria
1349 4937 1488 4982 vero
1522 4918 1778 5001 Spiritus
1816 4942 1888 4986 ex
1916 4925 2089 4987 Patre

445 5007 777 5091 processio,
829 5027 950 5070 non
978 5027 1118 5071 vero
1185 5027 1221 5070 a
1267 5007 1442 5071 Filio.
1495 5006 1664 5081 Quod
1720 5011 1772 5071 si
1820 5011 2090 5092 pluribus

444 5095 804 5160 differentiis
883 5095 1138 5178 Spiritus
1209 5116 1383 5180 quam
1445 5095 1633 5160 Filius
1698 5098 2085 5180 discernitur,

445 5186 776 5268 proximior
805 5186 920 5249 erit
951 5190 1220 5251 Paternaa
1266 5186 1610 5252 substantiae
1657 5186 1868 5268 Filius,
1912 5209 2088 5272 quam

443 5273 720 5356 Spiritus.
742 5275 820 5337 Et
839 5275 923 5338 sic
944 5294 1153 5341 rursus
1173 5276 1508 5343 Macedonii
1532 5279 1591 5340 in
1613 5276 1897 5359 Spiritum
1923 5299 2093 5346 sanc-

443 5369 575 5428 tum
605 5370 853 5428 conatus
887 5376 1216 5446 emergant,
1273 5385 1481 5431 eorum
1525 5366 1761 5450 drama,
1810 5388 2091 5435 scenam-

2171 4665 2406 4736 Πνεῦμα,
2475 4659 2511 4727 ἡ
2591 4654 2789 4722 ἰδιότης
2867 4653 3269 4733 ἐπιγινώσκεται
3346 4655 3501 4710 αὗτοῦ
3532 4669 3546 4684 ⁶
3623 4657 3820 4713 ὡσαύ-

2169 4771 2276 4813 τως
2345 4748 2432 4805 καὶ
2501 4748 2545 4803 εἰ
2599 4746 2654 4802 ἐν
2711 4750 2756 4821 ᾦ
2805 4750 3045 4825 γεννᾶται
3117 4745 3146 4800 6
3206 4745 3348 4824 Υἱὸς,
3404 4745 3440 4812 ἡ
3491 4750 3586 4802 τοῦ
3636 4749 3758 4802 Υἱοῦ
3797 4767 3818 4787 ο

2173 4837 2507 4916 ἐκπορεύεται
2553 4833 2609 4891 δὲ
2662 4837 2737 4901 ὡς
2780 4837 2808 4892 6
2851 4835 3019 4890 αὗτῶν
3047 4831 3208 4912 λῆρος
3265 4835 3353 4890 καὶ
3407 4834 3468 4890 τὸ
3497 4833 3710 4910 Πνεῦμα
3753 4835 3820 4894 ἐκ

2172 4934 2265 4984 τοῦ
2338 4929 2482 4997 Υἱοῦ,
2559 4922 2794 4982 πλείοσιν
2877 4920 3234 4980 διαστέλλεται
3303 4924 3364 4980 τὸ
3435 4929 3646 5000 Πνεῦμα
3720 4935 3821 4986 τοῦ

2170 5016 2395 5096 Πατρὸς,
2429 5013 2565 5095 ἤπερ
2607 5015 2636 5070 6
2692 5015 2836 5077 Υἱὸς,
2889 5013 3075 5071 Κοινὸν
3131 5013 3231 5090 μὲν
3284 5013 3386 5093 γὰρ
3435 5013 3696 5089 Πνεύματι
3725 5015 3820 5072 καὶ

2170 5107 2278 5181 Υἱῷ
2306 5106 2343 5173 ἡ
2387 5104 2448 5160 ἐκ
2485 5109 2580 5161 τοῦ
2608 5105 2764 5161 αὐτοῦ
2806 5103 3011 5179 Πατρὸς
3041 5101 3374 5182 ἐκπόρευσις,
3404 5104 3464 5160 οὗ
3493 5103 3602 5179 μην
3647 5104 3734 5160 καὶ
3779 5105 3818 5173 ἡ

2169 5201 2266 5252 τοῦ
2318 5195 2438 5251 Υἱοῦ
2470 5212 2485 5228 ⁶
2539 5193 2585 5250 εἷ
2639 5189 2694 5248 δὲ
2749 5189 2954 5248 πλείοσι
3011 5189 3287 5272 διαφοραῖς
3338 5189 3696 5249 διαστέλλεται
3751 5192 3820 5249 τὸ

2173 5289 2386 5360 Πνεῦμα
2411 5281 2548 5363 ἥπερ
2577 5284 2605 5340 ὁ
2644 5281 2785 5360 Υἱὸς,
2838 5277 3103 5359 ἐγγυτέρω
3157 5279 3219 5338 ἂν
3276 5279 3367 5349 εἴη
3409 5285 3509 5348 τῆς
3541 5285 3820 5360 Πατρικῇς

2173 5373 2348 5438 οὐσίας
2377 5375 2406 5430 6
2451 5375 2570 5437 Υἱὸς
2597 5370 2735 5450 ἤπερ
2759 5370 2822 5426 τὸ
2878 5373 3112 5447 Πνεῦμα.
3175 5371 3274 5430 Καὶ
3326 5371 3493 5437 οὕτως
3535 5371 3572 5440 ἡ
3628 5377 3825 5428 Μακε-

527 5531 550 5576 ¹
583 5531 793 5602 Matth.
817 5550 945 5610 xm,
977 5533 1041 5599 6.
1092 5562 1093 5565 η
1124 5534 1153 5579 2
1178 5533 1362 5600 Hebr.
1393 5554 1456 5616 x,
1485 5539 1549 5602 4.
1633 5539 1662 5588 ³
1689 5541 1714 5601 Ι
1743 5538 1879 5604 Cor.
1910 5558 2018 5623 vn,
2047 5544 2158 5614 87.
2233 5540 2267 5590 ⁸
2289 5539 2461 5606 Joan.
2493 5554 2596 5609 xv.
2626 5537 2729 5604 26.
