4076 6114
327 265 440 331 741

1603 263 1947 330 EDICTUM
1990 263 2417 331 SYNODALE.

3584 260 3708 325 742

321 399 489 460 δονίου
539 398 702 457 πάλιν
755 400 890 457 κατὰ
942 407 1036 458 τοῦ
1092 401 1396 477 [Ινεύματος
1452 398 1785 478 παρακύψειε
1841 397 1972 455 τόλ-

2066 413 2175 478 que
2203 394 2483 458 induens.
2507 390 2728 454 Praeter
2751 390 2875 472 jam
2902 389 3060 454 dicta
3088 410 3288 474 neque
3317 391 3465 455 illud
3489 410 3705 474 capere

324 511 402 566 μα
429 490 491 545 τὸ
539 487 752 546 ἐκείνων
811 487 1139 565 ὑποδυομένη
1183 488 1380 571 δρᾶμα,
1436 491 1525 546 καὶ
1587 489 1686 555 τὴν
1747 488 1972 558 σκηνήν.

329 579 502 656 Χωρὶς
554 575 610 632 δὲ
663 582 771 634 τῶν
830 578 1146 658 εἰρημένων,
1208 576 1324 636 οὐδὲ
1381 576 1606 636 συνιέναι
1657 576 1794 641 ὅλως
1858 575 1976 632 ἐθέ-

326 664 528 744 λουσιν,
561 662 642 720 ὅτι
685 666 729 720 εί
769 670 901 740 πᾶν,
949 664 1078 745 ὅπερ
1125 667 1203 742 μή
1264 666 1375 722 ἐστι
1432 666 1608 722 κοινὸν
1660 669 1759 732 τῆς
1784 685 1978 721 παντο-

329 757 668 833 κρατορικῆς,
731 754 820 810 καὶ
879 756 1157 830 ὁμοουσίου
1213 752 1453 835 Τριάδος,
1508 753 1623 818 ἑνός
1679 753 1789 810 ἐστι
1818 752 1979 829 μόνου

329 848 436 900 τῶν
483 848 642 922 τριῶν
681 859 696 874 ⁸
750 845 845 900 οὐκ
893 842 1003 900 ἔστι
1062 841 1116 900 δὲ
1171 846 1207 913 ἡ
1249 851 1343 901 τοῦ
1386 844 1686 919 Πνεύματος
1742 839 1982 922 προϐολὴ

333 932 512 988 κοινὸν
579 937 686 988 τῶν
753 938 934 1010 τριῶν.
997 931 1145 989 Ἀλλ’
1217 936 1264 990 οἱ
1335 931 1432 1009 μὲν
1483 931 1649 996 οὕτως
1714 933 1868 1007 ἡμῶν
1923 952 1982 987 τε

331 1024 524 1097 αὐτῶν,
604 1022 692 1078 καὶ
759 1028 860 1090 τῆς
929 1021 1200 1102 όρθοδόξου
1278 1033 1371 1083 τοῦ
1456 1031 1586 1079 Θεοῦ
1663 1020 1982 1090 Ἐκκλησίας

331 1107 807 1193 κατηναιδεύσαντο
838 1126 853 1141 ⁸
910 1109 991 1192 ἐφ’
1050 1112 1230 1193 ἑτέρας
1288 1113 1385 1188 μὲν
1443 1112 1548 1169 ἀπὸ
1606 1117 1707 1179 τῆς
1754 1107 1981 1190 πρεσϐυ-

330 1199 486 1279 τέρας
573 1189 784 1275 Ῥώμης
867 1189 997 1279 πρδς
1095 1189 1186 1259 τδν
1283 1199 1744 1282 φιλευσεϐέστατον
1801 1189 1982 1275 ίὴμῶν

334 1288 690 1366 αὐτοκράτορα
757 1289 1066 1370 ἀφικόμενοι
1112 1305 1126 1320 ’
1186 1289 1321 1348 ἄλλα
1376 1289 1431 1346 δέ
1501 1310 1620 1346 τινα
1687 1288 1824 1345 κατὰ
1891 1292 1984 1343 τοῦ

337 1374 608 1455 ὀρθοδόξου
654 1385 752 1449 τῆς
810 1376 1131 1446 Ἐκκλησίας
1188 1378 1549 1460 πληρώματος
1607 1376 1981 1455 σκαιωρήσαν-

333 1486 424 1528 τες
451 1479 466 1494 ⁸
521 1462 726 1540 μᾶλλον
769 1463 824 1547 δὲ
880 1467 968 1523 καὶ
1023 1468 1187 1534 αὐτὴν
1244 1469 1342 1536 τὴν
1398 1467 1574 1547 ἀρχὴν
1605 1465 1981 1541 ποιησάμενοι,

333 1555 424 1610 καὶ
481 1552 541 1610 ἐκ
610 1559 710 1621 τῆς
773 1546 981 1631 Ῥώμης
1041 1557 1139 1633 μὲν
1195 1546 1503 1638 ἀφικέσθαι,
1557 1556 1646 1612 καὶ
1699 1555 1841 1632 παρὰ
1895 1561 1987 1611 τοῦ

332 1642 488 1698 πάπα
553 1641 918 1710 ἀποσταλῆναι
974 1646 1331 1725 σκηψάμενοι,
1403 1658 1526 1710 ταῖς
1589 1641 1644 1700 δὲ
1715 1641 1984 1710 ἀληθείαις

331 1744 460 1795 ταῖς
527 1732 669 1810 παρᾶ
737 1742 828 1791 τοῦ
910 1730 1161 1814 Ἀργυροῦ
1238 1733 1480 1814 δολεραῖς
1553 1733 1841 1802 ὑποθήκαις
1899 1731 1986 1788 καὶ

336 1817 690 1900 συμϐουλαῖς,
749 1821 894 1877 αὐτοί
959 1844 1018 1878 τε
1087 1821 1177 1903 ἀφ’
1249 1824 1448 1880 ἑαυτῶν
1505 1822 1838 1903 ἀφικόμενοι,
1899 1820 1986 1876 καὶ

340 1910 481 1985 μήτε
531 1909 673 1986 παρὰ
725 1916 819 1966 τοῦ
875 1911 1028 1969 πάπα
1078 1911 1462 1976 ἀποσταλέντες
1496 1925 1510 1942 ⁸
1569 1908 1712 1967 ἀλλὰ
1767 1909 1853 1965 καὶ
1919 1909 1988 1964 τὰ,

2057 485 2300 548 omnino
2345 484 2573 557 volunt,
2637 499 2838 561 omne,
2894 479 3054 561 quod
3099 499 3417 544 commune
3463 501 3582 544 non
3612 490 3704 545 est

2059 573 2321 636 omnium
2355 569 2793 645 dominatricis,
2819 575 2876 632 et
2899 569 3420 632 consubstantialis
3442 569 3700 648 Triadis,

2058 662 2238 726 unius
2267 659 2676 723 tantummodo
2708 677 2775 720 ex
2799 657 2992 720 tribus
3031 676 3186 721 esse.
3219 656 3337 720 Sed
3368 657 3431 719 hi
3463 658 3704 740 quidem

2060 752 2170 812 bac
2216 749 2469 830 ratione,
2523 756 2581 810 et
2631 754 2837 810 contra
2889 765 3022 822 nos,
3070 754 3129 809 et
3173 745 3560 809 orthodoxam
3600 746 3709 810 Dei

2064 838 2391 902 Ecclesiam
2440 837 2821 918 impudenter
2855 853 2987 897 sese
3017 843 3353 915 gesserunt,
3394 834 3468 896 ab
3517 835 3709 899 altera

2065 947 2240 1010 quam
2272 947 2306 989 a
2335 934 2533 990 vetere
2563 925 2752 987 Roma
2799 923 2873 985 ad
2921 924 3256 1004 piissimum
3295 929 3564 987 nostrum
3585 923 3704 985 im-

2065 1025 2399 1098 peratorem
2430 1015 2853 1088 accendentes,
2877 1020 2936 1074 et
2951 1013 3066 1074 alia
3094 1012 3362 1094 quaedam
3397 1020 3709 1075 contraor-

2065 1105 2386 1166 thodoxum
2415 1103 2700 1166 Ecclesiae
2729 1108 2947 1164 coetum
2987 1101 3124 1163 dolo
3173 1101 3328 1162 malo
3362 1101 3706 1178 machinati,

2064 1195 2184 1256 imo
2228 1212 2364 1256 vero
2416 1203 2475 1255 et
2530 1195 2724 1273 ipsum
2769 1209 3076 1252 accessum
3125 1189 3198 1252 ab
3250 1189 3420 1252 initio
3451 1191 3707 1273 mentiti,

2066 1301 2200 1346 cum
2247 1281 2845 1344 comminiscerentur
2884 1299 2955 1343 ex
2997 1279 3147 1343 urbe
3181 1278 3368 1341 Roma
3394 1280 3708 1357 accedere,

2067 1372 2400 1454 missosque
2453 1390 2588 1436 esse
2640 1389 2675 1433 a
2729 1391 2898 1454 papa,
2950 1388 3016 1431 re
3064 1375 3263 1431 autem
3310 1369 3440 1450 ipsa
3485 1369 3710 1433 fraudis

2067 1461 2257 1542 plenis
2282 1461 2544 1536 monitis,
2576 1468 2636 1522 et
2666 1461 2936 1523 consiliis
2966 1456 3204 1539 Argyri,
3253 1459 3365 1538 ipsi
3398 1476 3469 1520 ex
3499 1476 3564 1520 se
3594 1459 3706 1521 ad-

2067 1558 2377 1626 venerant,
2400 1551 2564 1611 nullo
2585 1549 2760 1612 modo
2785 1569 2819 1612 a
2841 1567 2992 1631 papa
3013 1546 3204 1610 missi.
3225 1545 3342 1609 Sed
3375 1555 3434 1608 et
3456 1547 3708 1625 litteras,

2068 1658 2212 1720 quas
2241 1639 2314 1701 ab
2346 1657 2417 1702 eo
2457 1638 2684 1702 scilicet
2732 1639 3104 1713 deferebant,
3157 1636 3479 1698 commenti
3521 1648 3704 1701 sunt:

2069 1728 2226 1809 quod
2256 1727 2328 1789 ab
2359 1727 2490 1789 aliis
2538 1727 2714 1788 etiam
2773 1727 2974 1789 multis
3019 1725 3281 1804 agnitum
3335 1733 3448 1805 est,
3499 1725 3604 1788 sed
3637 1745 3708 1788 eo

2068 1817 2463 1898 potissimum,
2490 1816 2645 1898 quod
2679 1817 2867 1896 palam
2899 1815 3229 1878 litterarum
3259 1812 3452 1892 sigilla
3469 1813 3708 1877 adulte-

2066 1915 2193 1968 rata
2240 1925 2374 1968 esse
2421 1907 2796 1987 deprehensa
2838 1913 2997 1967 sunt.
3049 1902 3348 1984 Scriptum
3396 1910 3593 1964 autem
3631 1902 3706 1966 ab

343 1997 634 2076 γράμματα
725 1998 758 2052 ἃ
825 2000 900 2062 ὡς
971 1998 1066 2057 ἀπ’
1146 2000 1344 2058 ἐκείνου
1421 1999 1573 2068 δῆθεν
1650 1996 1979 2077 ἐπεφέροντο,

2067 1995 2267 2076 impiis
2296 1995 2462 2058 hisce
2499 2003 2704 2058 contra
2748 2013 2857 2056 nos
2905 1993 3236 2074 repositum
3278 1990 3492 2055 Italicis
3519 1991 3709 2054 literis

343 2085 704 2162 πλασάμενοι.
758 2093 922 2145 Τοῦτο
994 2089 1094 2168 γὰρ
1163 2089 1268 2147 ἀπό
1335 2111 1394 2146 τε
1464 2085 1639 2145 ἄλλων
1696 2084 1984 2165 διεγνώσθη

340 2172 580 2250 πολλῶν,
613 2175 702 2232 καὶ
753 2175 860 2232 ἀπὸ
904 2183 999 2234 τοῦ
1040 2178 1136 2242 τὰς
1164 2184 1272 2234 τῶν
1313 2177 1639 2257 γραμμάτων
1694 2171 1985 2254 σφραγῖδας

340 2263 715 2340 νενοθευμένας
798 2271 1033 2345 φανερῶς
1108 2269 1411 2346 φωραθῆναι
1446 2281 1462 2298 ⁸
1535 2265 1661 2321 αὐτὸ
1733 2263 1830 2339 μὲν
1897 2262 1986 2318 οὖν

340 2353 406 2408 τὸ
461 2354 604 2432 παρὰ
658 2359 763 2410 τῶν
836 2351 1099 2411 δυσσεϐῶν
1167 2356 1362 2413 τούτων
1420 2353 1672 2411 ἆποτεθὲν
1727 2352 1987 2433 ἔγγραφον

341 2439 463 2498 καθ’
521 2444 698 2522 ἡμῶν,
771 2441 1056 2507 Ἰταλικοῖς
1115 2445 1388 2522 γράμμασι
1450 2440 1840 2522 γεγραμμένον,
1900 2442 1988 2498 καὶ

344 2529 432 2586 ἐπὶ
515 2532 796 2611 παρουσίαν
898 2538 1004 2589 τῶν
1106 2531 1465 2590 ὒποδιακόνων
1564 2537 1664 2599 τῆς
1748 2529 1987 2610 δευτέρας

345 2616 658 2701 ἑϐδομάδος,
716 2618 841 2700 παρ’
887 2623 1057 2678 αὐτῶν
1097 2626 1304 2702 πρῶτον
1365 2622 1461 2698 μὲν
1516 2627 1586 2698 τῇ
1626 2619 1859 2700 τραπέζη
1889 2625 1990 2688 τῆς

344 2715 437 2766 τοῦ
509 2715 640 2766 0εοῦ
709 2709 960 2788 Μεγάλης
1029 2708 1350 2780 Ἐκκλησίας
1421 2710 1655 2768 ἐπιτεθέν
1690 2727 1704 2742 ⁶
1777 2708 1988 2788 ὕστερον

347 2796 400 2852 δὶ
463 2797 492 2854 δ
520 2799 533 2817 ‘
629 2798 657 2854 ὸ
775 2799 789 2816 “
895 2800 908 2820 ⁸
1001 2797 1026 2818 ’⁵
1133 2800 1144 2822 '
1419 2801 1430 2822 '
1745 2805 1766 2815 “

379 2831 402 2854 τ.
495 2820 548 2856 ια
594 2820 623 2854 τ
711 2821 833 2862 τους
891 2817 1265 2864 υποοιακονους
1316 2800 1629 2857 ἀπωσασθαι
1679 2821 1858 2873 τουτο,
1902 2799 1988 2854 καὶ

343 2892 443 2954 τῆς
529 2885 667 2951 δείας
747 2885 1030 2967 ἄπορῤίψαι
1099 2888 1387 2967 τραπέζης,
1457 2889 1545 2945 καὶ
1622 2888 1989 2966 προτείναντας

346 2977 444 3052 μὲν
499 2989 616 3040 τοῖς
673 2979 812 3033 θεῖσι
885 2975 1094 3058 λαϐεῖν,
1148 2977 1374 3042 ἐκείνους
1429 2975 1485 3033 δὲ
1541 2976 1619 3053 μὴ
1667 2975 1987 3052 βουληθῆναι

343 3073 497 3124 τοῦτο
525 3065 662 3121 κατὰ
706 3073 798 3123 τοῦ
847 3062 1066 3146 ἐδάφους
1109 3066 1275 3146 ῥιφὲν,
1336 3067 1425 3124 καὶ
1481 3067 1552 3130 είς
1596 3078 1790 3146 χεῖρας
1819 3063 1987 3142 ίπολ-

342 3151 452 3210 λῶν
494 3151 665 3228 ἐλθὸν,
715 3151 808 3210 ἵνα
867 3154 945 3230 μὴ
989 3152 1312 3232 δημοσιευθῇ
1365 3157 1432 3212 τὰ
1487 3155 1548 3211 ἐκ
1582 3156 1723 3229 αὒτῷ
1750 3153 1990 3234 βλασφη-

345 3243 606 3318 μούμενα,
638 3244 674 3310 ἡ
727 3243 1009 3322 μετριότης
1036 3244 1190 3319 ἡμῶν
1233 3241 1537 3322 ἆνελάϐετο,
1573 3244 1698 3300 εἶτα
1728 3249 1833 3300 τῶν
1887 3244 1986 3311 τὴν

2067 2091 2394 2161 exaratum,
2429 2084 2563 2146 etin
2590 2081 2905 2166 praesentia
2919 2079 3462 2163 hypodiaconorum
3486 2097 3709 2143 secun-

2067 2172 2157 2234 da
2177 2171 2567 2236 hebdomadis
2587 2172 2660 2235 ab
2686 2172 2832 2253 ipsis
2870 2171 3128 2252 primum
3161 2167 3331 2230 altari
3350 2167 3459 2230 Dei
3481 2187 3710 2250 magna

2067 2259 2352 2324 Ecclesia
2387 2263 2754 2342 Oppositum,
2803 2258 3206 2342 postmodum,
3235 2257 3394 2338 quod
3420 2257 3714 2338 hypodia-

2069 2349 2207 2412 coni
2235 2349 2380 2412 illud
2413 2350 2866 2430 submoverunt,
2889 2356 2948 2411 et
2976 2367 3011 2409 a
3039 2365 3206 2409 sacra
3236 2364 3441 2408 mensa
3468 2346 3712 2426 abjece-

2068 2446 2233 2520 runt,
2249 2446 2310 2501 et
2336 2439 2456 2502 illis
2485 2439 2585 2521 qui
2615 2444 3034 2521 apposuerant,
3052 2444 3120 2499 ut
3137 2436 3333 2498 denuo
3347 2434 3712 2516 reciperent,

2070 2529 2532 2602 contenderunt,
2566 2527 2652 2590 illi
2681 2529 3018 2590 noluerunt.
3042 2525 3206 2588 Illius
3227 2524 3289 2586 in
3313 2523 3713 2605 pavimentum

2073 2617 2314 2697 dejecti,
2350 2636 2484 2680 cum
2506 2617 2634 2698 jam
2665 2618 2728 2679 in
2760 2635 2970 2679 manus
2997 2614 3318 2677 multorum
3351 2614 3710 2692 pervenerit,

2071 2724 2148 2767 ne
2178 2704 2522 2787 blasphema
2549 2706 3088 2787 promulgarentur,
3107 2701 3487 2765 mediocritas
3514 2711 3718 2766 nostra

2069 2794 2131 2856 in
2162 2813 2227 2856 se
2255 2794 2486 2875 recepit
2519 2815 2532 2856 :
2570 2794 2825 2876 ideoque
2857 2793 3159 2855 nonnullis
3189 2790 3620 2873 advocatis,qui
3641 2810 3716 2855 ex

2071 2883 2272 2947 Italica
2300 2884 2499 2964 lingua
2527 2884 2590 2945 in
2621 2887 2891 2946 Gracam
2921 2890 3270 2945 convertere
3300 2881 3539 2956 callent,
3570 2900 3713 2962 pro-

2072 2973 2455 3054 tospatarium
2475 2970 3401 3048 duntaxatCosmam,Romanum
3416 2972 3625 3050 Pyrum
3637 2978 3720 3046 ,et

2071 3065 2424 3126 monachum
2447 3063 2771 3127 Joaannem
2797 3062 3148 3144 Hispanum,
3175 3062 3526 3142 scripturam
3553 3060 3712 3123 illam

2071 3153 2134 3214 in
2157 3160 2420 3214 nostram
2442 3153 2706 3233 linguam
2743 3151 3128 3215 transvehere
3155 3149 3460 3230 imposuit.
3489 3148 3716 3211 Trans-

2069 3241 2224 3304 versi
2241 3260 2379 3304 vero
2396 3243 2692 3306 sententia
2715 3241 2809 3304 his
2824 3241 3040 3304 iisdem
3057 3238 3254 3301 verbis
3276 3238 3358 3300 ita
3381 3256 3446 3300 se
3469 3239 3714 3303 habeat.

349 3328 570 3390 Ἰταλίδα
641 3329 882 3409 γλῶτταν
952 3331 1024 3395 εἰς
1096 3332 1192 3400 τὴν
1268 3322 1493 3390 Ἐλλάδα
1579 3329 1928 3408 μεταϐάλλειν
1993 3330 2190 3389 εἷδότον
2260 3331 2700 3410 προκαλεσαμένη
2767 3333 2934 3406 τινὰς,
3010 3329 3172 3409 ἤγουν
3200 3330 3291 3386 τόν
3359 3329 3719 3409 προτουπαθά-

346 3443 456 3501 ριον
512 3425 753 3494 Κοσμᾶν,
810 3419 902 3476 τὸν
975 3409 1243 3498 Ῥωμαῖον
1311 3423 1402 3478 τὸν
1464 3423 1633 3502 Πυρὸν
1688 3421 1776 3477 καὶ
1839 3421 1930 3478 τὸν
1975 3423 2217 3502 μοναχὸν
2274 3409 2527 3489 Ἰωάννην
2580 3423 2672 3478 τὸν
2731 3411 2991 3496 ζΙσίιτανὸν,
3027 3418 3356 3499 μεταφράσαι
3405 3419 3466 3474 τὸ
3517 3417 3717 3498 ἔγγρα-

345 3533 441 3592 φον
498 3508 847 3588 ἐπετρέχατο.
908 3510 1010 3568 Καὶ
1075 3517 1170 3568 τοῦ
1239 3510 1501 3592 ἐγγράφου
1568 3511 1710 3592 παρὰ
1779 3510 1980 3568 τούτων
2037 3511 2492 3592 μεταφρασθέντος
2549 3512 2708 3592 εἶχεν
2774 3511 2809 3578 ἡ
2854 3511 3037 3568 τούτου
3090 3509 3196 3590 ὑφὴ
3253 3509 3433 3571 αὐτοῖς
3487 3507 3716 3586 ῥήμασιν

347 3600 536 3658 οὑτωσί
567 3617 584 3634 ⁸

431 3713 460 3746 ι
501 3671 671 3752 εὃσιτις
739 3685 803 3743 ἂν
869 3693 940 3764 τῇ
986 3688 1183 3769 πίστει,
1241 3687 1330 3746 καὶ
1385 3695 1453 3767 τῇ
1508 3688 1658 3761 θυσίᾳ
1710 3693 1809 3756 τῆς
1865 3677 1984 3745 Ῥω-

2153 3687 2509 3768 Quicunque
2535 3689 2703 3769 ﬁdei,
2719 3696 2774 3752 et
2791 3689 3088 3770 sacriﬁcio
3107 3687 3400 3750 Romana
3413 3692 3468 3748 et
3485 3689 3721 3765 aposto-

349 3782 554 3855 μαῖκῆς
660 3777 748 3833 καὶ
869 3775 1233 3846 ἀποστολικῆς
1335 3776 1585 3858 καθέδρας
1696 3775 1984 3855 ἀντιλέγοι,

2071 3774 2204 3839 lica
2243 3777 2398 3839 sedis
2443 3794 2505 3839 se
2544 3783 2813 3858 opponit,
2847 3777 3173 3841 anathema
3202 3778 3306 3853 sit,
3337 3793 3452 3837 nec
3480 3774 3720 3837 dicatur

347 3869 582 3944 ἀνάθεμα
661 3864 818 3941 ἔστω,
912 3867 1002 3924 καὶ
1111 3869 1249 3943 μήτε
1367 3866 1602 3948 δεχέσθω
1696 3863 1984 3945 ὀρθόδοξος,

2071 3867 2468 3929 orthodoaus.
2494 3868 2600 3929 sed
2610 3867 2996 3949 Prozymita,
3010 3873 3069 3930 et
3082 3863 3714 3929 novusAntichristus.

348 3955 484 4014 ἀλλὰ
566 3955 799 4033 λεγέσθω
895 3955 1245 4036 Προξυμίτης,
1345 3958 1433 4014 καὶ
1528 3956 1643 4020 νέος
1723 3952 1984 4037 Ἀντίχρι-

2078 3953 2329 4018 Ubertus
2355 3955 2564 4018 divina
2599 3959 2803 4037 gratia
2839 3962 3065 4020 sancta
3103 3955 3399 4018 Romana
3429 3952 3720 4016 Ecclesia

349 4069 495 4111 στος.
555 4042 808 4124 Οὕϐερτος
871 4035 1000 4102 Θεοῦ
1068 4047 1249 4126 χάριτι
1317 4050 1416 4114 τῆς
1492 4045 1645 4122 ἁγίας
1699 4048 1805 4100 τῶν
1863 4035 1984 4100 Ῥω-

2071 4044 2396 4125 episcopus,
2431 4035 2645 4108 Petrus
2689 4044 3266 4126 Amalphitanorum
3303 4042 3718 4124 archiepisco-

349 4135 520 4212 μαίων
651 4130 971 4202 Ἐκκλησίας
1108 4134 1413 4200 ἐπίσκοπος,
1547 4133 1744 4214 Πέτρος
1882 4135 1984 4189 τῶν

2066 4149 2202 4213 pus,
2228 4133 2552 4196 Federicus
2593 4134 2905 4212 diaconus,
2932 4141 2993 4197 et
3012 4132 3393 4210 sacellarius,
3419 4134 3718 4194 universa

346 4221 706 4304 ’Λμαλφηνῶν
811 4222 1252 4303 ἀρχιεπίσκοπος,
1373 4221 1691 4304 Φρεδέριχος
1813 4219 1984 4278 Sulmo-

2071 4222 2386 4284 catliolica
2412 4222 2698 4286 Ecclesia
2725 4223 2890 4304 ﬁliis.
2918 4222 3147 4287 Sancta
3161 4223 3438 4284 Romana
3443 4221 3649 4302 prima
3661 4225 3724 4284 et

346 4333 458 4385 νος,
531 4312 621 4368 καὶ
700 4310 1042 4392 σακελλάριος
1070 4391 1081 4394 Α
1124 4319 1254 4370 πᾶσι
1329 4326 1448 4394 τοῖς
1522 4319 1621 4381 τῆς
1698 4309 1982 4383 καθολικῖκ

2071 4312 2402 4390 apostolica
2419 4312 2610 4394 sedes,
2625 4313 2709 4375 ad
2723 4330 2936 4393 quam,
2955 4310 3347 4394 tanquamad
3359 4317 3724 4391 caput,cura

349 4399 669 4468 Ἐκκλησίας
753 4391 980 4465 τέκνοις.
1067 4391 1132 4460 Ἠ
1219 4402 1340 4481 ἁγία
1423 4393 1700 4479 ιΡωμαϊκὴ
1796 4399 1983 4479 πρώτη

2066 4403 2338 4462 omnium
2354 4391 2763 4464 Ecclesiarum
2777 4391 3119 4482 specialiter
3139 4400 3487 4480 adaptatur,
3518 4399 3716 4463 eccle-

345 4491 436 4548 καὶ
517 4487 845 4549 ἀποστολικῆ
908 4487 1152 4571 καθέδρα,
1222 4493 1355 4571 πρὸς
1423 4491 1488 4559 ῆν
1559 4490 1651 4547 ἅτε
1733 4487 1799 4558 δὴ
1852 4489 1983 4567 πρὸς

2066 4489 2330 4552 siastica
2357 4490 2550 4570 pacis,
2589 4507 2661 4554 ac
2703 4492 3084 4554 necessitatis
3106 4491 3317 4570 gratia
3342 4489 3423 4552 ad
3444 4488 3605 4552 hunc
3625 4506 3728 4550 re-

347 4575 610 4658 κεφαλὴν,
709 4579 745 4646 ἡ
855 4579 1064 4658 φροντὶς
1165 4585 1350 4637 πασῶν
1454 4586 1558 4636 τῶν
1653 4577 1984 4646 Ἐκκλησιῶν

2068 4581 2231 4656 giam
2253 4579 2465 4641 urbem
2498 4597 2607 4641 nos
2635 4596 2777 4642 suos
2801 4581 3210 4660 apocrisiaros
3231 4579 3472 4641 mittere
3495 4577 3725 4639 consti-

349 4665 528 4730 ἰδικῶς
625 4666 930 4747 ἐφαρμόζει,
1027 4673 1126 4736 τῆς
1222 4668 1668 4747 ἐκκλησιαστικῇς
1777 4668 1984 4746 εἰρήνης

2070 4667 2283 4747 tuit,ut
2297 4668 2805 4745 quemadmodum
2814 4671 3100 4750 scriptum
3116 4674 3200 4731 est
3213 4665 3724 4748 3,descendamus,

350 4758 440 4814 καὶ
521 4758 704 4837 χρείας
781 4758 961 4837 χάριν,
1048 4760 1178 4838 πρὸς
1265 4760 1461 4827 ταύτην
1540 4760 1640 4828 τὴν
1708 4756 1984 4834 βασιλικὴν

2073 4759 2131 4817 et
2148 4755 2484 4830 videamus,
2503 4759 2559 4818 si
2575 4774 2754 4838 opere
2768 4760 3065 4840 completa
3082 4765 3166 4820 est
3187 4774 3328 4832 vocc,
3370 4772 3504 4836 qua
3527 4755 3726 4817 conti-

351 4843 508 4903 πόλιν
586 4847 728 4920 ἡμᾶς
825 4846 1247 4928 ἀποκρισιαρίους
1345 4851 1505 4916 αὒτῆς
1592 4852 1813 4914 ποιῆσαι
1900 4867 1984 4902 κα-

2072 4860 2193 4906 nuo
2222 4861 2305 4906 ea:
2331 4861 2402 4907 ea
2426 4846 2574 4906 urbe
2603 4846 2682 4909 ad
2703 4863 2882 4910 aures
2905 4848 3078 4910 illius
3100 4845 3393 4924 ascendit,
3415 4859 3727 4924 cognosce-

295 4968 308 4974 -
351 4932 606 5001 τηξίωσεν
638 4950 652 4964 ⁸
755 4933 874 5011 ἵνα,
979 4937 1154 5000 καθὼς
1243 4937 1557 5017 γέγραπται,
1655 4934 1984 5010 κατέλθωμεν

2075 4939 2306 5013 retque,
2321 4939 2374 4996 st
2400 4951 2497 4996 res
2515 4936 2697 4997 aliter
2709 4953 2770 4998 se
2790 4935 3062 5000 haberet.
3079 4934 3242 4998 Hinc
3271 4941 3482 4996 notum
3506 4933 3586 4994 sit
3596 4947 3729 5013 pra

352 5025 444 5080 καὶ
499 5021 701 5099 ἴδωμεν
776 5026 820 5082 εἰ
903 5023 1003 5104 ἄρα
1077 5025 1216 5107 ἐργω
1269 5026 1614 5107 πεπλήρωται
1669 5027 1706 5095 ἡ
1773 5025 1898 5102 βοὴ,
1959 5024 1984 5087 ἓ

2077 5021 2376 5104 omnibus,
2404 5021 2686 5104 gloriosis
2721 5023 3217 5106 imperatoribus,
3258 5022 3438 5098 clero,
3461 5022 3726 5099 senatui,

352 5109 697 5178 ἆδιαστίκτως
813 5112 872 5170 ἐκ
989 5103 1316 5184 τηλίκαύτης
1423 5103 1632 5180 πόλεως
1757 5111 1984 5170 ἀνέϐαινε

2077 5103 2418 5193 populoque
2441 5103 3148 5194 Constant-inbpolitano,
3170 5118 3586 5192 universaque
3622 5128 3728 5176 ca-

353 5202 485 5280 πρὸς
515 5201 581 5258 τὰ
609 5201 721 5258 ὦτα
774 5203 938 5270 αὐτῆς
968 5218 982 5233 ⁶
1040 5204 1084 5260 εἰ
1139 5201 1195 5259 δὲ
1239 5204 1328 5260 καὶ
1383 5204 1461 5280 μὴ
1514 5204 1579 5272 ῆν
1621 5201 1810 5277 οὕτως,
1858 5208 1984 5281 γνῷ,

2080 5202 2320 5264 tholica
2340 5201 2654 5286 Ecclesia,
2673 5221 2784 5267 nos
2805 5205 2903 5267 hic
2924 5204 3248 5284 agnovisse
3279 5202 3441 5283 quod
3461 5201 3732 5264 maxime

376 5293 504 5348 Οθεν
574 5291 982 5369 γινωσκέτωσαν
1063 5293 1166 5371 πρὸ
1247 5291 1345 5369 μὲν
1419 5293 1630 5352 πάντων
1712 5293 1758 5348 οἱ
1839 5288 1984 5346 δεδο-

2079 5287 2382 5367 latamur,
2404 5289 2653 5372 bonum,
2668 5298 2722 5354 et
2739 5296 3100 5368 maximum,
3119 5291 3284 5372 quod
3304 5288 3592 5370 afﬂictum
3620 5288 3730 5350 do-

353 5377 600 5456 ξασμένοι
687 5379 1085 5460 αὐτοκράτορες,
1161 5383 1190 5437 ὁ
1259 5380 1480 5461 κλῆρος,
1565 5382 1603 5449 ἡ
1668 5377 1984 5460 σύγκλητος,

2073 5377 2288 5455 lemus,
2302 5377 2717 5442 malumJVam
2737 5381 2900 5461 quod
2908 5380 3178 5462 pertinet
3193 5379 3273 5444 ad
3292 5377 3606 5443 columnas
3621 5378 3732 5441 im-

425 5547 460 5599 3
487 5545 640 5613 Gen.
675 5563 841 5624 xvm,
870 5547 972 5614 2t.
