4050 6124
383 253 502 322 ’743

1291 251 1702 320 MICHAELIS
1741 253 2160 322 CERULARII
2201 257 2315 322 ΟΡ.
2361 255 2877 323 PATRIARCILE

3635 246 3763 316 744

379 390 558 471 perii,
583 389 860 466 virosque
889 387 965 449 ab
995 385 1210 448 iisdem
1234 385 1645 450 cohonestatos
1664 393 1722 451 et
1742 389 1902 453 sives
1919 409 1991 454 sa

2056 395 2196 450 Ακαὶ
2291 394 2319 449 ὑ
2416 390 2544 454 λαὸς
2641 391 2839 459 ταύτης
2935 395 3034 458 τῆς
3125 384 3757 464 Κωνσταντινωπόλεως,

382 487 633 561 pientes,
648 477 914 539 maxime
925 478 1196 537 omnium
1218 474 1595 550 Christiana,
1621 485 1675 539 et
1688 479 1991 543 orthodox

2110 485 2198 540 καὶ
2265 488 2410 539 πᾶσα
2478 483 2512 548 ἡ
2582 479 2839 548 καθολικὴ
2910 477 3222 558 Ἐκκλησία,
3309 480 3452 552 ἡμᾶς
3535 475 3756 532 ἐνταῦθα

383 569 526 634 urbs
551 575 678 630 est:
712 565 867 645 quod
909 563 990 625 ad
1031 563 1408 645 Michaelem,
1455 567 1562 644 qui
1593 567 1991 644 patriarchat

2108 570 2442 650 διεγνωκέναι
2511 570 2598 626 καὶ
2682 568 2798 626 ὅθεν
2878 567 3106 626 πλεῖστα
3186 567 3484 648 χαιρόμεθα
3557 563 3755 641 ἀγαθὸν

380 661 680 734 abutitur,
711 659 769 716 et
799 651 966 714 illius
996 654 1365 732 insipientia
1403 655 1602 716 sucios
1625 662 1681 716 et
1701 665 2024 733 consortes,

379 751 444 811 in
476 747 674 808 medio
689 742 861 805 illius
883 741 1256 821 insipientia:
1288 743 1480 804 socios
1521 751 1575 805 et
1610 754 1934 827 consortes,
1957 753 2024 809 in

377 836 576 900 medio
601 831 769 896 illius
804 829 1080 912 plurima
1119 829 1426 893 hoereseon
1464 835 1718 895 zizania
1755 836 2025 912 quotidie

376 926 870 988 disseminantur.
925 917 1439 992 Quemadmodum
1483 923 1644 984 enim
1684 923 2020 987 Simo-niuei

376 1016 603 1078 donum
633 1011 750 1073 Dei
778 1010 1040 1072 vendunt
1064 1025 1077 1070 :
1107 1015 1174 1071 ut
1198 1007 1436 1090 Valesii,
1463 1010 1717 1089 hospites
1736 1030 1875 1075 suos
1894 1031 2023 1076 cas-

377 1107 547 1165 trant
577 1106 631 1164 et
658 1117 779 1162 non
807 1096 1003 1160 solum
1033 1097 1112 1158 ad
1133 1095 1502 1176 clericatum,
1534 1100 1641 1163 sed
1663 1102 1917 1181 insuper
1941 1103 2021 1166 ad

376 1193 794 1272 episcOpatum
819 1191 1211 1267 promovent:
1244 1194 1310 1248 ut
1355 1188 1596 1264 Ariani,
1639 1188 2020 1271 rebaptizant

372 1281 441 1342 in
475 1278 721 1342 nomine
748 1282 976 1338 sanctae
996 1273 1317 1337 Trinitatis
1339 1273 1746 1358 baptizantos,
1769 1286 1822 1340 et
1846 1281 2014 1342 Lati-

370 1387 478 1432 nos
517 1368 897 1449 potissimum
935 1385 954 1426 :
995 1369 1064 1426 ut
1083 1362 1431 1440 Donatista,
1455 1363 1810 1448 decernunt,
1835 1377 2013 1432 extra

373 1454 1080 1529 GrcecorumEcclesiam,
1095 1451 1428 1515 Ecclesium
1452 1453 1708 1531 Christi,
1729 1463 1783 1519 et
1797 1475 2010 1520 verum

366 1547 826 1619 sacriﬁcium,et
849 1542 1150 1623 baptisma
1173 1549 1232 1602 et
1254 1543 1541 1606 universo
1565 1544 1706 1607 orbe
1721 1547 2006 1624 periisse:

365 1633 791 1707 utNicolaita',
819 1632 1102 1693 carnales
1122 1630 1368 1708 nuptias
1404 1631 1758 1707 concedunt,
1791 1633 2006 1712 defen-

364 1722 632 1802 duntque
653 1721 845 1783 sacris
866 1719 1084 1780 altaris
1105 1719 1430 1780 ministris:
1450 1719 1865 1796 utSeveriani,
1884 1741 2005 1787 ma-

363 1809 640 1874 ledictum
664 1809 854 1888 legem
882 1805 1107 1890 Moysis
1130 1808 1536 1884 pronuntiant
1560 1826 1574 1870 :
1599 1815 1666 1871 ut
1691 1808 2006 1874 Pneuma-

361 1899 645 1979 tomachi,
664 1906 768 1960 aut
801 1895 1172 1972 Theomachi,
1196 1895 1473 1976 Spiritus
1506 1899 1704 1959 sancti
1733 1916 1810 1961 ea:
1839 1899 2005 1965 Filio

353 1990 789 2084 processionem
810 2003 884 2048 ex
902 1983 1192 2084 §ymbolo
1227 1985 1650 2084 absciderunt:
1687 1987 1996 2084 ut_Naza-
2021 2034 2058 2084 Β

356 2083 518 2154 reni,
553 2075 861 2140 carnalem
898 2073 1254 2136 Judazorum
1301 2073 1661 2136 munditiem
1689 2077 1839 2139 adeo
1867 2097 1997 2141 ser-

354 2173 522 2243 uant,
553 2172 620 2227 ut
641 2162 921 2244 parvulos
943 2164 1267 2224 morientes
1295 2167 1435 2224 ante
1463 2168 1743 2226 octavum
1771 2164 1928 2228 diem
1957 2185 1996 2230 a

351 2255 676 2322 nativitate
709 2251 1014 2332 baptizari
1036 2250 1451 2314 conlradicant
1475 2273 1489 2310 :
1514 2258 1568 2313 et
1589 2252 1878 2316 mulieres
1900 2256 1995 2319 vel

353 2346 419 2406 in
441 2344 792 2416 menstruis,
815 2340 907 2402 vel
912 2348 1096 2420 partu
1116 2340 1561 2420 periclitantes,
1594 2345 1994 2406 communica-

270 2490 274 2497 ,
354 2442 447 2504 re,
470 2423 561 2486 vel
580 2428 634 2484 si
657 2423 982 2502 baptizata:
1021 2437 1141 2504 non
1178 2420 1766 2504 fuerint,bapti;ari
1783 2425 1992 2504 prohi-

356 2500 496 2567 bent
522 2521 536 2566 :
568 2510 629 2566 et
655 2500 884 2565 contam
907 2500 1140 2580 capitis,
1165 2509 1218 2563 et
1243 2500 1540 2577 barbum,’
1563 2501 1753 2564 veluti
1779 2500 1989 2566 Naza-

349 2587 485 2645 reni
521 2583 882 2656 nutrientes,
916 2598 1027 2660 eos,
1044 2582 1150 2660 qui
1174 2599 1374 2643 comas
1404 2581 1675 2656 tondent,
1701 2588 1755 2644 et
1773 2603 1988 2647 secun-

347 2664 493 2726 dum
517 2663 969 2736 institutio-nem
994 2659 1287 2724 Romana:
1321 2661 1604 2724 Ecclesia
1633 2661 1853 2725 barbas
1878 2683 1984 2725 ra-

347 2743 519 2816 dunt,
543 2745 610 2804 in
626 2742 1104 2821 communionem
1128 2758 1251 2821 non
1280 2743 1613 2821 recepiunt.
1652 2742 1738 2804 De
1766 2745 1985 2821 quibus

347 2761 519 2816 aunt,
543 2761 610 2804 in
626 2761 1104 2805 communionem
1128 2761 1251 2803 non
1280 2761 1613 2821 recepiunt.
1652 2761 1738 2804 ue
1806 2761 1984 2808 uzous

231 2853 263 2885 4-
347 2823 672 2898 erroribus,
709 2829 767 2884 et
795 2820 1234 2900 aliispluribus
1254 2821 1556 2902 operibus,
1582 2761 1984 2901 ipsebiichael

344 2904 564 2966 litteris
581 2903 815 2984 domini
836 2904 1029 2984 nostri
1060 2902 1275 2984 Leonis
1295 2919 1473 2984 papa;
1497 2902 1858 2984 admonitus,
1882 2923 1982 2967 re-

340 2985 622 3065 sipiscere
647 2981 942 3065 neglexit.
959 2980 1350 3044 Postmodum
1370 2980 1544 3065 nobis
1561 2981 1728 3065 illius
1746 2980 1982 3050 nuntiis

338 3061 633 3146 similium
653 3061 952 3125 malorum
979 3071 1337 3146 argumenta
1373 3061 1826 3146 rationabiliter
1860 3082 1977 3146 ap-

335 3143 718 3226 ponentibus,
739 3142 1136 3223 praesentiam
1177 3159 1374 3218 suam,
1401 3149 1578 3226 atque
1618 3142 1980 3224 colloquium

336 3229 578 3306 penitus
623 3225 973 3306 denegavit,
1014 3240 1205 3303 neque
1247 3239 1495 3306 sacrum
1535 3225 1976 3306 imperatorum

338 3303 680 3379 consilium,
697 3311 754 3366 et
775 3303 1105 3383 sapientum
1129 3319 1263 3365 eum
1283 3303 1730 3383 cohortantium
1759 3305 1840 3368 ad
1864 3323 1970 3369 sa-

335 3401 484 3446 nam
531 3382 1640 3464 mentem,audiit:quemadmodum
1689 3390 1747 3447 et
1792 3392 1970 3449 antea

252 3505 270 3524 .
335 3467 691 3528 Latinorum
703 3431 983 3527 ecclesias
1000 3431 1239 3538 clausit,
1261 3431 1970 3544 eosqueAzymitaswnun‘:

330 3561 580 3626 cupans,
616 3543 1116 3626 verbisetfactis
1159 3543 1378 3626 ubique
1412 3543 1756 3625 persecutus
1783 3554 1870 3610 est
1902 3549 1970 3610 in

329 3623 590 3701 tantum,
622 3631 690 3688 ut
718 3625 783 3687 in
803 3623 951 3705 ﬁliis
972 3625 1098 3687 suis
1117 3623 1670 3705 anathematizaret
1689 3626 1971 3705 apostoli-

327 3721 459 3768 cam
478 3707 702 3780 sedem,
717 3704 928 3770 contra
947 3721 1126 3784 quam
1150 3706 1414 3784 seipsum
1429 3704 1628 3768 adhuc
1645 3704 1967 3771 subscribit

323 3785 1234 3867 acumenicumpatriarcham.
1280 3785 1478 3867 Quare
1525 3803 1637 3848 nos
1694 3787 1962 3864 ejusdem

317 3872 560 3943 sanctae,
598 3872 656 3930 et
678 3863 896 3947 primae
923 3863 1270 3948 apostolicae
1282 3865 1443 3929 sedis
1471 3863 1770 3948 insignem
1799 3869 1961 3948 inju-

319 3948 505 4021 riam,
552 3954 612 4008 et
654 3945 936 4028 uiminon
953 3945 1252 4024 ferentes,
1292 3951 1347 4009 et
1380 3945 1740 4028 catholicam
1777 3945 1961 4028 ﬁdem

315 4029 527 4090 multis
544 4027 740 4090 modis
760 4027 1025 4108 demergi
1051 4043 1219 4108 posse
1246 4027 1642 4108 suspicantes,
1667 4029 1961 4108 praejudi-

314 4109 544 4171 catione
570 4115 800 4170 sanctae
818 4115 876 4170 et
903 4105 1244 4169 indiuiduae
1288 4105 1638 4169 Trinitatis.
1667 4105 1730 4169 'et
1754 4105 1959 4172 throni

314 4187 656 4268 apostolici,
702 4189 873 4267 cujus
913 4204 1262 4268 nosAsumus
1289 4187 1707 4267 apocrisiarii,
1733 4194 1792 4250 et
1819 4206 1950 4251 om-

309 4266 484 4330 nium
515 4266 984 4330 orthodoixorum
1015 4266 1401 4348 PatrumLet
1425 4274 1650 4348 septem
1686 4269 1952 4346 synodo-

307 4364 472 4427 rum,
503 4365 578 4410 ex
598 4348 893 4410 universa
934 4347 1229 4410 catholica
1259 4347 1535 4410 Ecclesia
1556 4349 1946 4427 anathemati,

307 4395 472 4506 quod
489 4428 772 4508 dominus
803 4434 1005 4490 noster
1022 4429 1335 4508 piissimus
1367 4445 1537 4508 papa
1581 4429 1771 4492 eidem
1820 4396 1946 4490 Mi:

307 4508 569 4572 chaeliet
592 4506 762 4570 illius
792 4506 1163 4586 sequacibus,
1187 4513 1244 4571 si
1265 4506 1518 4570 suaderi
1562 4508 1798 4586 nolunt,
1831 4512 1944 4571 de-

221 4633 240 4653 .
305 4590 511 4661 crevit,
536 4589 697 4672 hunc
723 4590 786 4651 in
806 4588 1046 4672 modum
1065 4587 1517 4672 subscribimus.
1534 4590 1818 4672 Michael,
1841 4595 1946 4671 qui

296 4667 724 4811 patriarchatu
763 4667 1060 4743 abutitur,
1081 4670 1440 4762 neophytus,
1477 4677 1532 4732 et
1558 4673 1678 4765 nqui
1706 4667 1943 4764 tantum

345 4767 568 4811 umano
591 4756 806 4811 timore
829 4756 1226 4811 monasticum
1246 4748 1519 4811 habitum
1544 4749 1763 4811 induit.
1779 4769 1942 4811 nunc

345 4767 568 4831 umano
591 4750 806 4812 timore
829 4751 1226 4831 monasticum
1246 4748 1519 4831 habitum
1544 4749 1763 4831 induit,
1779 4769 1942 4817 nunc

300 4844 442 4893 vero
462 4829 696 4893 delictis
717 4828 1156 4892 incurabilibus
1188 4831 1355 4910 apud
1373 4829 1589 4910 multos
1618 4828 1900 4910 di/forma
1917 4869 1936 4888 μ

301 4913 418 4987 tus,
438 4919 490 4973 et
511 4927 634 4973 una
663 4928 794 4991 cum
814 4927 880 4973 eo
902 4912 1040 4991 Leo,
1058 4912 1168 4990 qui
1185 4909 1420 4991 ᾼρνὶίιοβ
1440 4909 1690 4991 dicitur,
1702 4909 1760 4973 et
1775 4915 1938 4989 ejus-

295 4991 430 5054 dem
451 4990 760 5055 Michaelis
793 4989 1155 5054 sacellarius
1200 4989 1594 5071 Nicephorus,
1626 4989 1732 5070 qui
1758 4995 1934 5056 Lati-

295 5088 518 5135 norum
533 5072 900 5152 sacriﬁcium
933 5073 1001 5134 in
1021 5077 1338 5152 conspectu
1376 5073 1660 5133 omnium
1680 5072 1933 5152 pedibus

293 5152 614 5232 conculvit,
639 5155 958 5233 cwterique
987 5153 1329 5233 omnesiqut'
1366 5168 1468 5233 eos
1503 5159 1836 5232 sequuntur
1865 5155 1934 5217 in

291 5234 422 5310 iam
470 5231 647 5296 dictis
704 5231 1010 5295 erroribus
1069 5241 1125 5296 et
1178 5231 1595 5312 facinoribus;
1632 5235 1712 5295 sit
1771 5251 1931 5297 ana-

291 5312 530 5386 thema,
567 5313 930 5376 maranatha
1001 5331 1138 5375 cum
1194 5313 1592 5387 Simonideis,
1653 5313 1925 5390 Valesiis,

286 5392 589 5474 Arionis,
664 5393 1038 5469 Donatistis,
1097 5392 1458 5474 Nicolaitis,
1534 5393 1923 5472 Severianis,

283 5473 671 5550 Manichaéis,
731 5490 869 5536 cum
916 5474 1136 5553 quibus
1185 5473 1474 5554 dogmata
1520 5480 1826 5552 statuunt,
1870 5483 1929 5539 et

287 5554 436 5618 aliis
452 5555 557 5634 qui
567 5555 992 5631 fermentatum
1003 5554 1342 5618 animatum
1351 5571 1472 5618 esse
1480 5555 1779 5637 dicunt,et
1789 5574 1928 5620 cum

1965 4560 2009 4611 D

2106 662 2196 717 καὶ
2270 659 2542 738 μέγιστον,
2626 657 2742 714 ὅθεν
2845 656 3085 721 ἐλεεινῶς
3169 655 3475 730 λυπούμεθα
3557 650 3748 710 κακόν.

2110 750 2208 806 Καὶ
2289 750 2388 826 γὰρ
2469 747 2592 804 ὅσον
2681 748 2811 824 πρὸς
2881 747 2998 811 τοὺς
3083 747 3260 809 κίονας
3332 750 3425 800 τοῦ
3502 741 3749 821 κράτους,

2105 839 2192 893 καὶ
2248 838 2367 901 τοὺς
2451 840 2608 896 αὑτοῦ
2688 835 3100 915 τετιμημέκους,
3183 835 3271 891 καὶ
3350 832 3470 896 τοὺς
3525 828 3748 889 πολίτας

2104 926 2316 1006 σοφοὺς¹
2428 924 2934 1003 Χριστιανικώτανος
3045 925 3134 982 καὶ
3227 918 3494 1002 ὀρθόδοξός
3605 917 3750 973 ἐστιν

2101 1016 2136 1082 ἢ
2190 1013 2344 1078 πόλις
2377 1031 2391 1046 ⁶
2465 1013 2591 1071 ὅσον
2651 1011 2706 1069 δὲ
2771 1015 2902 1092 πρὸς
2971 1014 3062 1071 τὸν
3139 1009 3365 1092 Μιχαὴλ
3435 1011 3527 1065 τὸν
3575 1027 3747 1062 κατα-
3773 1027 3816 1066 +

2103 1110 2412 1183 χρηστικῶς
2493 1101 2776 1180 λεγόμενον
2847 1102 3207 1182 πατριάρχην,
3305 1099 3395 1156 καὶ
3474 1105 3570 1163 τῆς
3658 1095 3750 1150 αὖ.

2100 1199 2190 1249 τοῦ
2264 1192 2440 1255 ἀνοίας
2523 1192 2828 1271 συνεργοὺς,
2911 1191 3141 1248 πλεῖστα
3209 1188 3410 1261 ζιζάνια
3465 1191 3572 1242 τῶν
3651 1184 3742 1238 αἱ-

2097 1281 2290 1360 ρέσεων
2363 1279 2694 1347 καθεκάστην
2769 1278 3120 1360 διασπείρεται
3201 1277 3253 1334 ἒν
3327 1275 3476 1352 μέσῳ
3546 1272 3788 1350 αὑτῆςρ

2096 1370 2176 1427 ὅτι
2246 1371 2418 1435 καθὼς
2497 1372 2543 1426 οἱ
2615 1370 2938 1446 Σιμωνιακοὶ
3022 1369 3120 1437 τὴν
3194 1365 3386 1445 δωρεὸν
3455 1369 3546 1420 τοῦ
3603 1367 3740 1418 Θεοῦ

2089 1461 2466 1540 πιπράσκονσι,
2555 1461 2641 1516 καὶ
2732 1462 2806 1522 ὡς
2905 1458 3140 1535 βαλέσιοι
3233 1457 3352 1520 τοὺς
3451 1452 3737 1540 παροίκους

2091 1551 2260 1606 αὐτῶν
2329 1539 2761 1630 ἐξευνουχίζουσι,
2833 1550 2920 1605 καὶ
3009 1548 3068 1606 οὑ
3151 1547 3311 1624 μόνον
3373 1545 3502 1623 πρὸς
3589 1539 3737 1607 Κλη-

2089 1644 2299 1718 ρικᾶτα,
2369 1636 2507 1694 ἀλλὰ
2589 1639 2676 1695 καὶ
2767 1639 2896 1716 πρὸς
2980 1637 3308 1694 ἐπισκοπᾶτα
3390 1631 3668 1709 ἀνάγουσιν
3720 1648 3734 1662 ⁸

2087 1728 2160 1790 ὡς
2245 1729 2293 1783 οἱ
2375 1724 2631 1806 Ἀρειανοὶ
2713 1724 3113 1797 ἂναόαπτίζυυσι
3183 1726 3303 1790 τοὺς
3375 1722 3430 1778 ἒν
3511 1720 3736 1793 ὀνόματι

2086 1821 2186 1882 τῆς
2269 1816 2420 1894 ἁγίας
2503 1815 2718 1896 Τριάδος
2788 1813 3261 1893 βεϐαπτισμένους,
3329 1813 3418 1868 καὶ
3499 1808 3737 1885 μάλιστα

2085 1907 2202 1968 τοὺς
2289 1907 2535 1972 Λατίνους
2570 1922 2584 1935 ⁸
2685 1909 2758 1970 ὡς
2856 1909 2902 1962 οἱ
2998 1906 3308 1961 Δονατισταὶ
3397 1900 3733 1978 έπικοροῦσιν

2083 1992 2166 2050 ὅτι
2246 1993 2397 2059 ἐκτὸς
2479 2001 2576 2063 τῆς
2676 1993 2994 2063 Ἐκκλησίας
3094 2000 3199 2051 τῶν
3307 1995 3543 2070 Γραικῶν
3627 1987 3776 2068 τὴν,

2079 2079 2401 2150 Ἐκκλησίαν
2467 2092 2559 2141 τοῦ
2641 2091 2888 2165 Χριστοῦ,
2967 2085 3053 2140 καὶ
3133 2085 3168 2151 ἡ
3251 2080 3475 2148 ἀληθινὴ
3547 2078 3719 2153 θυσία,

2078 2173 2164 2228 καὶ
2245 2173 2308 2229 τὸ
2389 2173 2662 2250 βάπτισμα
2745 2171 2797 2239 ἐξ
2867 2173 2990 2230 ὅλου
3058 2178 3150 2229 τοῦ
3219 2171 3418 2246 κόσμου
3494 2166 3720 2223 ἀπολω-

2628 2266 2675 2319 οἱ
2772 2261 3087 2320 Νικολαίται
3197 2261 3327 2339 πρὸς
3437 2258 3718 2336 σαρκικοὺς

2071 2351 2274 2427 γάμους
2357 2359 2759 2432 παραχωροῦσι,
2858 2353 2946 2409 καὶ
3028 2349 3337 2408 διεκδικοῦσι
3417 2360 3535 2412 τοῖς
3624 2352 3720 2402 τοῦ

2070 2441 2207 2515 ἱερου
2276 2441 2639 2520 θυσιαστηρίου
2705 2441 2990 2521 ὑπηρέταις
3026 2459 3041 2472 ⁸
3127 2442 3202 2502 ὡς
3286 2441 3331 2495 οἱ
3414 2437 3720 2515 Σεκεριανοὶ

2071 2525 2450 2608 ἐπικατάρατόν
2517 2552 2643 2610 φασι
2711 2533 2804 2588 τὸν
2888 2530 3050 2606 νόμον
3119 2535 3211 2585 τοῦ
3285 2526 3515 2591 Μωσέως
3551 2545 3564 2558 ⁸
3639 2528 3716 2589 ὡς
3748 2539 3790 2578 +

2069 2620 2117 2673 οἱ
2161 2620 2605 2699 Πνευματομάχοι
2675 2621 2710 2689 ἢ
2780 2621 3042 2700 θεομάχοι
3113 2618 3387 2694 ἀπέκοψαν
3449 2616 3554 2672 ἀπὸ
3622 2623 3717 2672 τοῦ

2075 2257 2282 2318 λεκέναι
2317 2280 2332 2296 ⁸
2447 2264 2520 2326 ὡς

2067 2703 2329 2782 συμϐόλου
2450 2730 2542 2765 του
2665 2709 2814 2787 ἁγίου
2922 2709 3228 2783 Πνεύματος
3334 2705 3434 2772 τὴν
3553 2703 3716 2760 έκπόο

2065 2816 2235 2873 ρευσιν
2278 2795 2337 2853 ἐκ
2405 2803 2497 2853 τοῦ
2559 2800 2678 2854 Υἱοῠ
2707 2814 2721 2827 ⁸
2782 2799 2856 2862 ὡς
2923 2801 2971 2854 οἱ
3038 2795 3343 2876 Ναζωρηνοὶ
3384 2796 3474 2850 τὸν
3515 2815 3707 2873 σαρκι-

2061 2885 2155 2940 κὸν
2264 2889 2370 2941 τῶν
2477 2883 2738 2944 Ἰουδαίων
2844 2887 3165 2966 καθαρισμὸν
3264 2884 3349 2941 ἐπὶ
3453 2890 3706 2941 τοσοῦτον

2059 2979 2328 3052 τηροῦσιν,
2412 2975 2548 3033 ὥστε
2636 2977 2704 3032 τὰ
2785 2976 2951 3056 βρέφη
3035 2977 3099 3032 τὰ
3179 2974 3508 3052 θνησκόγενα
3599 2976 3703 3054 πρὸ

2057 3066 2157 3129 τῆς
2240 3061 2434 3143 ὀγδόης
2515 3064 2720 3146 ἡμέρας
2787 3065 2893 3122 ἀπὸ
2958 3070 3057 3134 τῆς
3139 3065 3438 3142 γεννήσεως
3502 3063 3701 3140 βαπτί-

2057 3154 2232 3222 ζεσθαι
2317 3152 2628 3236 ἀντιλέγειν,
2713 3155 2800 3212 ναὶ
2895 3155 2988 3220 τὰς
3071 3166 3352 3233 γυναῖκας,
3464 3155 3558 3218 τὰς
3644 3153 3700 3209 ἐν

2057 3254 2174 3304 τοῖς
2234 3245 2580 3318 καταμηνίοις
2650 3244 2844 3320 αὑτῶν,
2917 3243 3030 3301 εἴτε
3099 3243 3154 3300 ἐν
3221 3250 3291 3321 τῇ
3362 3242 3520 3322 γέννᾳ
3589 3265 3702 3300 κιν-

2053 3325 2446 3396 δυνευούσας
2488 3335 3028 3410 κοινωνήτασθαι,
3088 3330 3228 3389 εἴτε
3296 3329 3698 3394 ἀϐάπτιστοί

1989 3437 2029 3486 c
2052 3420 2174 3500 εἶσι,
2246 3421 2581 3496 βαπτίζεσθαι
2645 3421 2975 3500 διακωλύειν,
3041 3423 3129 3479 καὶ
3196 3421 3296 3489 τὴν
3368 3423 3544 3496 κόμην
3593 3427 3694 3486 τῆς

2051 3509 2287 3591 κεφαλῆς
2369 3513 2457 3568 καὶ
2535 3519 2628 3569 τοῦ
2707 3513 2988 3594 πώγωνος,
3095 3514 3168 3576 ὡς
3252 3514 3300 3569 οἱ
3384 3514 3692 3591 Ναζωρηνοὶ

2049 3597 2348 3680 τρέφοντες,
2430 3601 2552 3666 τοὺς
2632 3601 2728 3667 τὰς
2793 3603 2966 3680 κόμας
3031 3601 3318 3682 κείροντας,
3392 3602 3477 3656 καὶ
3550 3602 3686 3658 κατὰ

2046 3687 2146 3754 τὴν
2229 3685 2455 3755 διάταξιν
2551 3697 2650 3758 τῆς
2753 3683 3061 3768 Ῥωμαϊκῆς
3155 3688 3465 3758 Ἐκκλησίας
3555 3690 3680 3754 τοὺς

2047 3776 2308 3854 πώγωνας
2368 3776 2659 3858 ξυρίζοντας
2717 3782 2790 3845 είς
2871 3782 2972 3849 τὴν
3041 3781 3311 3839 κοινωνίαν
3380 3781 3439 3837 οὑ
3506 3801 3682 3837 κατα-

2041 3861 2288 3946 δέχονται
2320 3884 2339 3903 ⁶
2408 3869 2537 3948 ὑπὲρ
2593 3871 2666 3926 ὧν
2733 3869 3072 3952 πλανισμῶν,
3137 3871 3226 3928 καὶ
3289 3867 3476 3950 ἑτέρων
3537 3869 3684 3927 πλεί-
3718 3879 3752 3918 +

2041 3975 2181 4011 στων
2249 3954 2417 4036 ’έρλων
2500 3962 2680 4037 αὑτοῦ,
2751 3963 2780 4018 ὁ
2862 3963 3017 4025 αὑτὸς
3102 3959 3329 4041 Μιχαὴλ
3411 3959 3683 4039 γράμματι

2039 4050 2131 4100 τοῦ
2192 4053 2348 4126 κυροῦ
2413 4049 2566 4123 ἡμῶν
2627 4049 2876 4131 Λέοντος,
2948 4059 3042 4110 τοῦ
3110 4051 3265 4106 πάπα
3335 4051 3682 4126 νουθετηθεὶς,

2035 4119 2657 4216 πα....,κατεφρύνησεν.
2746 4119 2960 4198 νΕπέιτα
3061 4140 3198 4215 ἡμῖν
3295 4153 3416 4203 τοῖς
3527 4119 3738 4219 ἀγγέλέ⁸

2034 4220 2148 4286 λοις
2219 4227 2378 4284 αὑτοῦ
2434 4227 2530 4292 τὰς
2611 4228 2881 4293 ὑποθέσεις
2966 4233 3073 4285 τῶν
3155 4225 3487 4294 τηλικούτων
3574 4250 3679 4285 κα-

2031 4317 2141 4368 κῶν
2223 4312 2452 4393 λογικῶς
2543 4316 2850 4386 ἀντιστῆναι
2947 4316 3184 4396 λέγουσι,
3270 4317 3369 4385 τὴν
3469 4339 3674 4396 παρου-

2027 4400 2141 4458 σίαν
2207 4403 2384 4476 αὑτοῦ,
2470 4407 2557 4462 καὶ
2638 4407 2738 4474 τὴν
2807 4409 3087 4488 συντυχίαν
3156 4405 3432 4469 παντελῶς
3502 4406 3676 4488 ἀπηρ-

2028 4491 2245 4568 νήσατο,
2322 4493 2439 4550 οὔτε
2497 4502 2575 4570 τῷ
2642 4497 2785 4576 ὑγιεῖ
2850 4496 3164 4574 βουλεύματι
3237 4499 3341 4552 τῶν
3404 4495 3672 4576 αὐτοκρα-

2025 4578 2190 4658 τόρων
2274 4583 2360 4639 καὶ
2440 4591 2544 4642 τῶν
2613 4592 2789 4665 σοφῶν
2873 4587 3246 4644 νουθετούντων
3327 4587 3672 4643 κατασπάσα-

2023 4671 2138 4725 σθαι
2208 4670 2383 4749 ἆύτὸν,
2459 4679 2562 4754 οὑχ
2625 4676 2944 4756 ὑπήκουσεν,
3013 4677 3188 4740 καθὼς
3257 4677 3344 4732 καὶ
3412 4676 3667 4757 πρότερον

2019 4758 2153 4830 τὰς,
2195 4765 2301 4816 τῶν
2389 4765 2622 4820 Λατίνων
2729 4763 3045 4832 Ἐκκλησίας
3139 4763 3489 4846 ἠσφαλίσατο,
3576 4769 3666 4823 καὶ

2021 4850 2204 4912 αὑτοὺς
2305 4847 2584 4927 Ἀζυμίτας
2668 4853 2952 4911 ἀποκαλῶν
3048 4855 3246 4932 ῥήματι
3329 4855 3415 4910 καὶ
3486 4852 3662 4935 ἔργοις

2019 4935 2308 5017 ἅπανταχῆ
2385 4939 2735 5008 κατεδιώξατο
2819 4943 2903 5000 ἐπὶ
3002 4955 3269 5020 τοσοῦτον,
3384 4943 3520 5001 ὥστε
3604 4945 3661 5001 ἐν

2014 5037 2131 5088 τοῖς
2201 5030 2336 5094 υἱοῖς
2420 5031 2577 5089 αὑτοῦ
2641 5031 3033 5108 ἀναθεματίζειν
3113 5034 3211 5102 τὴν
3295 5033 3658 5104 ἆποστολικήν

2013 5111 2282 5193 καθέδραν,
2353 5114 2469 5175 καθ’
2540 5121 2608 5186 ἧς
2693 5121 2872 5180 ἑαυτὸν
2946 5121 3021 5179 ἔτι
3103 5123 3389 5203 ὑπογράφει
3473 5125 3656 5184 οἰκου-

2013 5204 2225 5276 μενικὸν
2285 5206 2622 5288 πατριάρχην
2657 5223 2672 5240 ⁸
2737 5209 2852 5266 ὅθεν
2922 5213 3085 5286 ἡμεῖς
3155 5216 3255 5281 τῆς
3328 5211 3480 5291 ἁγίας
3549 5217 3710 5273 αὑ--ι

2009 5294 2132 5380 τῇς,
2225 5295 2313 5350 καὶ
2421 5297 2639 5374 πρώτης
2752 5299 3112 5368 ἀποπολικῆς
3205 5301 3454 5380 καθέδρας
3551 5303 3654 5372 τὴν

2008 5377 2314 5476 ἐξᾷκωστον
2407 5385 2524 5476 βίαν
2627 5389 2715 5446 καὶ
2812 5386 2956 5469 ὕϐριν
3065 5390 3170 5471 οὑχ
3277 5377 3649 5476 ὑποφέροντες,

2007 5468 2106 5538 τήν
2190 5493 2248 5564 τε
2326 5473 2613 5564 καθολικὴν
2694 5468 2886 5536 πίστιν
2948 5468 3293 5539 καταδύεσθαι
3385 5468 3650 5564 πολυτρόί

2007 5577 2122 5623 πως
2231 5561 2581 5645 ὑφορώμενοι,
2702 5566 2967 5647 προκρίσει
3079 5572 3177 5636 τῆς
3283 5571 3460 5650 ςῖιγίας⁹
3557 5561 3649 5630 καὶ
