4050 6124
217 351 342 421 745
1509 345 1856 419 EDICTUM
1897 344 2323 421 SYNODALE.
2368 372 2375 381 -
3491 355 3608 434 τω

221 489 517 570 ἀδιαιρέτου
630 488 873 571 Τριάδος,
983 499 1134 550 τοῢτε
1230 486 1583 581 ἀποστολικοῦ
1691 485 1853 581 θρόνοι

1955 489 2235 581 omnibus
2260 490 2588 581 haereticis,
2610 491 2736 555 imo
2756 506 2894 556 vero
2915 511 3050 557 cum
3063 494 3305 561 diabolo
3330 502 3390 563 et
3409 518 3598 581 ange-

221 582 422 645 οὖτινος
522 580 621 649 την
727 579 1004 659 ἀποκρισιν
1100 578 1375 656 διέπομεν,
1471 578 1560 634 καὶ
1656 576 1853 634 πάντωι

1950 574 2027 640 lis
2049 577 2205 668 ejus,
2227 580 2280 642 si
2290 580 2650 660 resipiscere
2669 581 3361 668 nolunt.Amen,Amen,
3382 574 3601 653 Amen.

221 675 329 725 τῶν
419 666 702 747 ὀρθοδόξων
784 667 1032 749 Πατέρων
1112 675 1218 725 τῶν
1288 667 1424 725 ἑπτὰ
1497 662 1746 739 συνόδων,
1849 664 1955 722 ἀπὸ
2040 667 2216 736 πάσης
2313 671 2417 736 τῆς
2494 670 2783 737 Μθολικῆς
2856 662 3187 739 ’Ἑκκλησίας
3467 678 3601 736 ἀνα..

222 756 433 835 θέματι,
517 755 645 834 ὅπερ
712 759 740 813 6
824 756 1002 836 κύριος
1083 759 1239 833 ἡμῶν
1303 760 1332 814 6
1416 751 1795 818 εύλαϐέστατος
1863 756 2046 816 πάπας
2116 764 2194 833 τῷ
2253 757 2396 833 αύτῷ
2461 758 2710 838 Μιχαὴλ,
2795 763 2884 816 καὶ
2939 774 3058 824 τοῖς
3129 764 3271 837 αὖτῷ
3323 764 3602 841 ἑπομένοις

223 845 315 902 ἐὰν
393 847 471 923 μὴ
553 849 859 921 πεισθῶσιν,
905 845 1261 935 ’ἀφεφένατο,
1357 844 1533 935 οὕτωΔ
1596 843 2091 935 καθυπογράφομεν,
2175 845 2402 926 Μιχαὴλ
2480 847 2509 902 6
2537 932 2549 935 _
2602 844 3065 929 καταχρηστικῶς
3130 852 3490 935 πατριάρχης,
3574 861 3604 916 6

221 935 495 1016 νεόφυτος,
591 936 681 991 καὶ
777 935 924 1009 μόνῳ
1023 934 1327 1015 ἀνθρωπίνῳ
1431 929 1579 1022 φόϐῳ
1681 932 1738 988 :6
1799 934 2135 1022 ,μοναχικὸν
2234 940 2430 1015 σχῆμα
2530 932 2831 1017 δεξάμενος,
2937 948 3026 997 νῦν
3122 937 3178 996 δὲ
3241 929 3604 1022 ’ἐγκλήμασιν

219 1023 532 1091 ἀνηκέστοις
611 1025 754 1104 παρὰ
821 1022 1036 1080 πολλῶν
1128 1021 1642 1103 διαπεφημισμένος,
1729 1021 1817 1077 καὶ
1896 1017 2015 1117 μετ’
2081 1024 2238 1117 αὕτρῦ
2334 1023 2480 1081 Λέων
2579 1027 2606 1080 6
2681 1030 2779 1093 τῆς
2867 1024 3113 1117 ξΛχρίδας
3199 1017 3599 1117 ἐπιλέγόιιίενοις²

217 1113 307 1168 καὶ
391 1116 418 1170 6
505 1113 845 1193 σακελλάριος
930 1122 1024 1172 τοῦ
1108 1113 1265 1169 αὐτοῦ
1349 1108 1574 1191 Μιχαὴλ
1656 1111 1684 1165 6
1754 1108 2077 1190 Νικηφόρος,
2165 1109 2316 1201 ὅστις
2390 1113 2488 1179 τὴν
2558 1118 2664 1170 τῶν
2748 1114 2985 1170 Λατίνων
3067 1119 3244 1177 θυσίαν
3319 1108 3601 1201 προφανῶς

217 1202 556 1270 κατεπάτησε
636 1215 754 1266 τοῖς
840 1203 981 1278 ποσὶ,
1067 1203 1155 1258 καὶ
1236 1200 1431 1264 πάντες
1536 1202 1582 1255 οἱ
1684 1198 1934 1273 ἑπόμενοι
2037 1203 2218 1263 αὐτοῖς
2302 1199 2355 1258 ἐν
2437 1215 2554 1265 τοῖς
2637 1203 3005 1282 προκειμένοις
3078 1198 3446 1292 πλανίσμασι,
3511 1217 3599 1271 καὶ

213 1287 580 1366 τολμήμασιν,
666 1290 901 1347 ἔστωσαν
1002 1289 1236 1365 ἀνάθεμα
1336 1287 1622 1368 Μαραναθὰ
1731 1287 1822 1342 σὺν
1926 1298 2046 1374 τοῖς
2147 1297 2534 1364 Σιμωνιακοτς,
2632 1290 2925 1366 Βαλεσίοις,
3012 1291 3330 1374 Ἀρειανοῖς,
3411 1287 3598 1361 ⁷Δανα..

212 1393 447 1459 τισταῒς,
484 1378 852 1454 Νικολαῗταις,
882 1377 1253 1459 Σεϐηριανοῖς,
1282 1376 1625 1457 Μανιχαίοις,
1671 1375 1761 1431 σὺν
1804 1378 1890 1438 οἷς
1919 1371 2285 1472 δογματίζουσι
2329 1378 2417 1433 καὶ
2462 1392 2580 1444 τοῖς
2630 1378 2833 1458 ἄλλοις,
2881 1379 2962 1438 ὅτι
3007 1371 3323 1462 τὸένζυμον
3347 1386 3594 1472 ἔμψυχον

214 1468 382 1548 εἶναι,
425 1470 512 1526 καὶ
537 1469 628 1525 σὺν
658 1475 788 1526 πᾶσι
817 1481 936 1533 τοῖς
965 1472 1271 1548 αἱρετικοϊς,
1305 1464 1508 1543 μᾶλλον
1552 1462 1607 1520 δὲ
1647 1465 1735 1521 καὶ
1765 1463 1900 1539 μετὰ
1940 1473 2032 1524 τοῦ
2081 1462 2346 1547 διαϐόλου,
2406 1468 2494 1522 καὶ
2535 1472 2640 1525 τῶν
2696 1468 2963 1551 ἀγγέλων,
3021 1471 3110 1529 ἐὰν
3167 1475 3245 1550 μὴ
3287 1462 3590 1545 uetaris.»

210 1552 413 1633 Ἀμὴν,
446 1558 610 1634 ἀμὴν,
646 1558 812 1633 ἀμήν.
852 1582 879 1614 ι

294 1656 469 1706 Ταῦτα
522 1648 619 1723 μὲν
673 1647 760 1705 οὖν
818 1648 886 1705 τὰ
960 1652 1059 1715 τῆς
1131 1644 1405 1710 δυσσεϐοῦς
1472 1645 1693 1725 ταύτης,
1765 1645 1853 1701 καὶ

2014 1640 2086 1703 Ει
2100 1643 2227 1705 haec
2249 1643 2491 1725 quidem
2513 1646 2573 1707 in
2596 1645 2779 1727 impio
2798 1647 2900 1709 illo
2917 1645 3139 1729 scripto
3154 1657 3214 1712 et
3231 1649 3586 1719 detestando

208 1735 421 1791 ἀνοσίου
449 1744 653 1816 γραφῆς
688 1754 703 1769 ⁸
753 1737 789 1803 ἡ
845 1734 901 1792 δὲ
932 1736 1213 1815 μετριότης
1258 1737 1413 1813 ἡμῶν
1464 1734 1561 1802 τὴν
1591 1733 1850 1802 τηλικαύ-

1935 1731 2418 1797 continebantur.
2467 1734 2851 1799 Mediocritas
2913 1755 3051 1799 vero
3112 1747 3315 1802 nostra
3362 1752 3585 1807 tantum

206 1845 313 1891 την
352 1811 496 1882 κατά⁷
541 1811 639 1892 τλῆς
689 1811 948 1889 εὐσεϐείας
1001 1811 1224 1900 τόλμαν,
1284 1811 1373 1881 καὶ
1439 1825 1536 1892 τὴν
1592 1820 1851 1880 ἀναίδειαν

1937 1829 2142 1882 contra
2191 1821 2471 1902 pietatem
2514 1823 2812 1886 audiciam
2848 1831 2905 1886 et
2945 1825 3371 1906 impudentiam
3429 1832 3583 1894 haud

208 1913 309 1989 μὲν
355 1912 699 1993 ἀνασχομένη
747 1912 1181 1980 ἀνεπεξέλευστον
1247 1926 1449 1990 μεῖναι,
1503 1914 1591 1969 καὶ
1641 1912 1851 1988 ἀτιμώ-

1936 1909 2238 1973 sustinens
2266 1911 2396 1974 sine
2418 1911 2714 1988 examine,
2734 1922 2794 1974 et
2814 1913 3160 2003 impunitam
3176 1919 3582 2003 praetergredi,

208 2024 393 2082 ρητον,
440 2010 517 2077 τῷ
570 2010 806 2082 κραταιῷ
846 2004 935 2059 καὶ
987 2004 1122 2080 ἁγίῳ
1174 2004 1328 2078 ἡμῶν
1384 1999 1597 2078 βασιλεῖ
1644 2001 1709 2056 τὰ
1738 2001 1853 2080 περὶ

1936 1997 2128 2060 valido
2159 2008 2216 2060 et
2245 2008 2453 2062 sancto
2498 2000 2845 2082 imperatori
2876 2009 3079 2064 nostro
3109 2003 3186 2065 de
3214 2004 3327 2067 hac
3359 1997 3424 2068 re
3453 1997 3587 2072 ser-1

204 2093 394 2149 τούτου
449 2089 835 2170 κοινολογεϊται
868 2109 885 2127 ο
942 2093 1031 2148 καὶ
1085 2092 1167 2166 ὃς,
1218 2091 1351 2159 ἦσαν
1393 2091 1492 2169 γὰρ
1541 2092 1683 2145 οὗτοι
1712 2089 1854 2145 ἀπό-

204 2179 369 2258 δημοι
437 2182 538 2260 πρὸ
611 2187 736 2256 μιᾶς
805 2181 893 2237 καὶ
962 2181 1121 2255 μόνον
1175 2180 1375 2260 ἡμέρας
1431 2179 1566 2255 μετὰ
1620 2180 1684 2234 :6
1737 2179 1855 2259 περὶ

204 2270 394 2327 τούτου
462 2269 751 2350 ἀνεχθῆναι
806 2275 883 2344 τῷ
951 2269 1130 2348 κράτει
1204 2272 1381 2339 αὐτοῦ,
1441 2269 1561 2332 τοὺς
1614 2269 1688 2331 ὡς
1758 2267 1858 2336 τὴν

206 2358 571 2438 μεγαλόπολιν
664 2358 880 2423 τούτους
973 2357 1428 2435 μετασταλοῦντας
1526 2355 1787 2432 ἐκπέμπει
1835 2374 1852 2392 '

204 2449 298 2506 καὶ
366 2452 554 2505 θᾶττον
622 2446 1079 2524 μεταπέμπονται,
1134 2448 1223 2523 ζού
1299 2445 1575 2524 βούλονται
1647 2443 1703 2501 δὲ
1786 2450 1854 2522 τῇ

201 2536 448 2616 ἡμετέρᾳ
490 2536 792 2614 μετριότητι
846 2534 1182 2616 προσελθεῖν,
1238 2535 1275 2605 ἢ
1330 2541 1399 2613 τῇ
1451 2538 1562 2613 ἱερᾷ
1617 2535 1704 2591 καὶ
1747 2555 1851 2610 με·

202 2626 350 2706 γάλῃ
424 2623 622 2699 συνόδῳ
679 2627 753 2688 εἷς
805 2623 927 2700 ὄψιν
985 2623 1175 2699 ἐλθεῖν,
1240 2625 1330 2681 καὶ
1397 2624 1669 2703 ἀπόκρισίν
1737 2645 1854 2680 τινα

204 2715 385 2774 δοῦναι
427 2715 546 2794 περὶ
599 2716 674 2769 ὧν
730 2711 934 2771 ἀσεϐῶν
991 2712 1351 2793 ἀπηρεύξαντο
1385 2729 1398 2742 ⁵
1450 2710 1567 2769 ἀλλ’
1625 2709 1854 2769 ἀκολού-

204 2809 314 2869 θως
372 2804 468 2879 μὲν
525 2810 602 2877 τῷ
651 2803 820 2882 παρὸν
884 2804 1055 2860 αὐτῶν
1128 2801 1385 2859 ἐκτεθέντι
1439 2800 1705 2881 ἐγγράφῳ,
1765 2800 1853 2857 καὶ

201 2893 376 2951 πλείω
418 2890 474 2948 δὲ
502 2898 607 2948 τῶν
637 2890 692 2946 ἐν
734 2891 877 2966 αὒτῷ
904 2891 1203 2971 γραφέντων
1256 2891 1392 2946 κατὰ
1421 2895 1542 2967 ,τῆς
1591 2888 1850 2964 ἡμετέρας

1937 2105 2178 2149 monem
2207 2088 2435 2151 habuit.
2458 2089 2679 2166 Atille,
2707 2108 2961 2171 namque
2987 2098 3127 2154 ante
3148 2111 3330 2155 unum
3356 2103 3585 2161 tantum

1940 2174 2100 2238 diem
2121 2175 2195 2237 ab
2225 2177 2374 2239 urbe
2408 2176 2834 2253 discesserant,
2868 2188 3174 2261 postquam
3206 2181 3294 2244 illi
3328 2184 3582 2250 relatum

1937 2262 2153 2340 fuerat,
2201 2264 2380 2340 viros,
2434 2266 2535 2345 qui
2585 2285 2687 2328 eos
2733 2266 2795 2328 in
2844 2267 2997 2330 hanc
3050 2288 3323 2348 magnam
3371 2272 3582 2336 urbem

1935 2353 2311 2425 reducerent,
2367 2354 2569 2431 mittit,
2618 2365 3021 2438 vocanturque
3079 2358 3410 2438 citissime,
3473 2362 3583 2426 sed

1936 2441 2147 2503 nolunt
2191 2442 2662 2506 mediocritatem
2711 2456 2973 2508 nostram
3007 2450 3350 2527 convenire,
3391 2459 3491 2514 aut
3519 2452 3584 2515 in

1935 2541 2317 2611 conspectum
2352 2541 2571 2595 sancta:
2590 2544 2649 2595 et
2670 2553 2897 2614 magna;
2913 2537 3120 2616 synodi
3145 2539 3502 2618 procedere,
3522 2550 3585 2604 et

1935 2638 2285 2700 responsum
2320 2629 2617 2712 utcunque
2647 2623 2789 2687 dare
2820 2625 2895 2687 de
2927 2626 3021 2687 his
3052 2645 3182 2708 quae
3232 2627 3348 2710 ipsi
3400 2629 3584 2712 impie

1934 2709 2335 2785 enuntiarunt,
2369 2710 2474 2773 sed
2506 2720 2570 2772 nt
2598 2712 2714 2793 ipsi
2741 2713 2803 2774 in
2834 2713 3140 2796 Scriptura
3170 2709 3422 2799 ab’ipsis
3447 2709 3579 2783 eia-

1932 2805 2059 2859 rata
2113 2807 2548 2878 expresserant,
2601 2809 2659 2862 et
2710 2801 2894 2863 multo
2953 2803 3146 2883 plura,
3208 2825 3382 2886 quam
3412 2807 3475 2868 in
3504 2827 3576 2870 eo

1934 2886 2153 2966 scripta
2179 2887 2431 2962 fuerant,
2468 2897 2673 2951 contra
2705 2899 2962 2952 nostram
2987 2892 3165 2954 ﬁdem
3198 2894 3419 2958 habere
3443 2910 3578 2961 sese

202 2983 436 3045 πίστεως
506 2979 653 3060 ἔχειν
734 2981 903 3037 εἰπεῖν
990 2978 1330 3036 διατείνονται
1364 2995 1378 3011 ⁶
1466 2982 1721 3069 αἱρεῖσθαι
1762 2975 1852 3069 Δ’δὲ

1935 2979 2326 3069 contendunt,
2357 2976 2626 3060 velleque
2656 2997 2721 3041 se
2753 2978 2944 3061 potius
2976 2991 3225 3044 mortem
3265 2992 3570 3069 oppetere,

201 3076 385 3130 θανεῖν
417 3068 641 3146 μᾶλλον,
673 3068 709 3137 ἢ
758 3071 831 3132 εἰς
874 3066 994 3144 ὄψιν
1049 3070 1209 3149 ἡμῖν,
1270 3071 1359 3125 καὶ
1409 3073 1477 3145 τῇ
1519 3064 1716 3140 συνόδῳ
1759 3065 1851 3122 ἐλ-

1936 3082 2054 3125 non
2088 3072 2282 3126 tamen
2312 3066 2373 3127 in
2404 3074 2790 3148 conspectum
2823 3076 3087 3131 nostrum
3132 3079 3194 3134 et
3233 3064 3439 3153 synodi
3469 3064 3574 3138 ve;

199 3165 344 3221 θεῖν.
392 3129 565 3217 Ἱζαῦτα
593 3129 693 3238 γάρ
739 3160 767 3214 ὁ
823 3129 1100 3238 κραταιὸς⁸
1126 3129 1213 3213 καί
1268 3156 1418 3235 ἅγιος
1453 3129 1642 3231 ⁸ἡμῶν
1699 3155 1852 3232 βασι-

1936 3155 2087 3217 uire.
2119 3153 2257 3215 Haec
2279 3155 2438 3217 enim
2462 3129 2741 3218 robustus
2774 3164 2832 3219 et
2861 3167 3100 3222 sanctus
3144 3129 3346 3222 nosier
3374 3162 3569 3245 impe-

201 3249 328 3312 λεὺς
409 3245 477 3303 δι’
545 3246 869 3326 ἀποκρίσεως
951 3267 1045 3305 του
1120 3242 1468 3326 περιϐλέπτου
1539 3245 1846 3325 μαγίστρου,

1935 3251 2112 3324 rator,
2168 3261 2275 3323 per
2319 3262 2672 3325 responsum
2723 3246 3065 3327 spectabilis
3116 3250 3407 3328 magistri,
3450 3242 3573 3315 eta

198 3340 294 3396 καὶ
336 3337 422 3394 ἐπὶ
467 3342 571 3394 τῶν
619 3333 872 3415 δεήσεων,
931 3336 1020 3390 καὶ
1073 3341 1166 3391 τοῦ
1214 3332 1613 3414 θεοφιλεστάτου
1643 3354 1848 3413 χαρτο-

1935 3332 2461 3413 supplicationibus
2487 3333 2610 3412 iDei
2654 3335 3042 3397 amantissimi
3073 3337 3568 3421 chartophylacis,

200 3426 464 3509 φύλακος,
513 3426 600 3482 καὶ
655 3431 748 3482 τοῦ
797 3423 1350 3504 ὕπομνηματογράφου
1403 3422 1577 3502 λέγειν
1634 3423 1846 3486 τούτους

1935 3428 1990 3482 et
2011 3425 2568 3486 commentariorum
2593 3422 2923 3504 Scriptoris,
2945 3443 3047 3486 eos
3069 3424 3242 3488 nobis
3265 3437 3324 3489 et
3342 3430 3566 3509 synodo

198 3497 362 3595 ημῖν,
433 3497 522 3572 καὶ
587 3519 658 3591 τῇ
712 3497 913 3588 συνόδῳ
971 3497 1278 3590 μεμήνυκεν.
1306 3529 1320 3545 ⁸
1373 3497 1491 3568 ἐπεί
1553 3509 1609 3567 δὲ
1660 3511 1845 3576 αὐτοὺς

1935 3509 2130 3573 dicere
2171 3510 2549 3573 renuntiavit.
2598 3497 2746 3573 Cum
2799 3530 2937 3574 vero
2994 3512 3070 3575 iis
3118 3497 3459 3580 nolentib'us
3489 3518 3564 3581 ad

200 3607 303 3683 μὲν
352 3610 431 3681 μὴ
474 3600 820 3681 βουλομένους
999 3599 1218 3676 συνόδῳ,
1265 3602 1351 3657 καὶ
1405 3602 1539 3677 ἡμῖν
1597 3599 1844 3667 ἀπαντῆ-

1935 3600 2217 3677 synodum
2249 3606 2308 3661 et
2339 3609 2456 3661 nos
2481 3599 2791 3675 accedere,
2826 3600 2942 3662 vim
2985 3602 3213 3685 inferri,
3247 3605 3477 3669 validus
3506 3617 3567 3671 et

198 3718 317 3772 σαι,
344 3696 622 3772 βιασθῆναι
666 3695 694 3749 6
736 3694 983 3772 κραταιὸς
1031 3694 1119 3749 καὶ
1145 3691 1324 3770 ίᾶγιος
1375 3691 1530 3766 ἡμῶν
1573 3688 1840 3776 βασιλεὺς,

1935 3696 2163 3749 sanctus
2193 3696 2397 3750 noster
2432 3688 2778 3769 imperator,
2811 3698 3054 3771 propter
3084 3692 3395 3770 legationis
3416 3713 3563 3776 pro-

199 3784 290 3842 διδι
358 3785 419 3840 :6
474 3779 657 3842 δοκοῦν
739 3783 1068 3861 περικεῖσθαι
1134 3781 1347 3843 τούτους
1394 3801 1493 3847 της
1565 3775 1842 3858 πρεσϐείας

1935 3777 2217 3851 vinciam,
2244 3795 2416 3857 quam
2446 3795 2564 3857 prae
2595 3795 2659 3839 se
2689 3777 2845 3841 ferre
2876 3778 3250 3860 videbantur,
3272 3800 3393 3844 non
3417 3775 3564 3864 pro-

197 3873 466 3953 ὁιρφίκιον,
513 3871 610 3927 οὐκ
658 3869 949 3938 ηὐδόκησεν
983 3888 1001 3906 ⁸
1055 3867 1391 3936 ἀνεκδίκητον
1448 3866 1504 3923 δὲ
1557 3866 1715 3923 πάλιν
1745 3866 1844 3933 τὴν

1935 3864 2116 3955 baret,
2160 3883 2516 3955 rursumque
2549 3873 2771 3928 tantam
2801 3874 3008 3929 contra
3037 3870 3318 3949 pietatem
3361 3872 3567 3955 impu-

193 3950 525 4029 τηλικαύτην
593 3960 728 4017 κατὰ
795 3963 893 4025 τῆς
978 3955 1239 4021 εὐσεϐείας
1325 3968 1505 4032 μεῖναι
1583 3950 1844 4009 ἀναίδειαν

1935 3952 2496 4016 dentiaminnoxiam
2521 3971 2870 4035 permanere
2893 3957 3050 4018 haud
3076 3957 3356 4021 decorum
3383 3950 3565 4039 esset,

195 4049 427 4129 ἐπρεπὲς
495 4049 585 4129 ἧν,
637 4049 726 4105 καὶ
793 4045 968 4111 ἄλλως
1025 4044 1255 4121 ἀνάξιον,
1328 4042 1640 4120 ᾠκονόμησε
1697 4045 1845 4120 θερα-

1935 4050 1986 4104 et
2041 4061 2285 4123 prorsus
2337 4041 2675 4123 indignum,
2734 4044 3089 4106 medicinam
3150 4050 3431 4129 optimam
3476 4050 3571 4114 rei

192 4139 354 4197 πείαν
409 4138 627 4219 ἀρίστην
678 4143 756 4212 τῷ
811 4136 1104 4217 πράγματι,
1156 4136 1244 4192 καὶ
1292 4135 1487 4211 τίμιον,
1546 4133 1635 4189 καὶ
1681 4152 1844 4220 προσ-

1935 4131 2297 4213 praeparavit,
2319 4130 2727 4220 etipretiosum
2757 4140 2815 4194 et
2842 4135 3249 4199 venerandum
3277 4139 3566 4220 scriptum

192 4229 424 4295 κυνητὸν
448 4216 689 4307 *γράμμα
727 4227 856 4307 πρὸς
913 4226 1012 4293 τὴν
1069 4223 1330 4303 ἡμετέραν
1384 4221 1702 4301 μετριότητα
1760 4216 1844 4276 διὰ

1935 4221 2003 4283 ad
2032 4229 2230 4282 nostra
2261 4218 2727 4282 mediocritatem
2758 4240 2865 4303 per
2906 4221 3272 4304 Stephanum
3303 4216 3564 4291 san—ctis-

193 4316 470 4397 Στεφάνου
497 4322 587 4373 τοῦ
630 4315 926 4371 ὁσιωτάτου
983 4320 1247 4394 μοναχοῦ,
1306 4313 1395 4369 καὶ
1438 4310 1718 4387 οἰκονόμου
1744 4314 1841 4376 τῆς

194 4414 246 4418 --
334 4403 370 4418 ,ς
524 4405 538 4418 .
615 4402 635 4418 ς
729 4404 739 4418 ,
969 4404 982 4418 .
1070 4400 1109 4418 .-
1177 4402 1189 4418 .
1504 4400 1515 4418 ν

1935 4309 2139 4373 simum
2200 4308 2580 4384 monachum,
2635 4318 2706 4411 et.
2736 4329 2964 4390 magnae
3005 4313 3291 4379 Ecclesia;
3319 4333 3567 4382 (econo-

193 4403 451 4484 Μεγάλης
521 4402 829 4478 ἐκκλησίας,
900 4404 988 4460 καὶ
1070 4400 1316 4460 Ἰωάννου
1386 4400 1695 4480 μαγίστρου,
1753 4420 1845 4477 καὶ

1935 4399 2115 4476 mum,
2149 4408 2206 4460 et
2231 4400 2517 4461 Joannem
2553 4399 2921 4479 magistrum,
2963 4409 3022 4465 et
3049 4421 3084 4465 a
3111 4406 3564 4487 supplicationi-

192 4496 287 4553 ἐπὶ
341 4500 447 4550 τῶν
508 4490 761 4567 δεήσεων,
816 4493 904 4548 καὶ
976 4491 1319 4555 Κώνπαντος
1376 4488 1696 4578 βεστάρχου,
1758 4503 1848 4578 καὶ

1935 4488 2065 4563 bus,
2099 4496 2155 4550 et
2184 4491 2562 4578 Constantem
2585 4491 2976 4568 vestarchem,
2997 4501 3055 4555 et
3076 4493 3563 4578 philosophorum

188 4584 395 4642 ὑπάτου
448 4588 554 4639 τῶν
624 4580 925 4663 φιλοσόφων
992 4578 1377 4647 ἐξαπέστειλεν,
1458 4587 1591 4659 Εχει
1648 4576 1704 4634 δὲ
1762 4577 1848 4643 ἐπὶ

1935 4578 2203 4659 hypatum
2256 4577 2602 4654 transmisit,
2649 4579 2818 4659 cujus
2866 4589 3036 4644 tenor
3085 4582 3187 4646 ille
3234 4576 3368 4648 est:
3403 4587 3565 4651 San-

187 4670 387 4737 λέξεως
418 4672 607 4728 οὑτωσί
638 4662 653 4708 λ
715 4694 742 4726 α
805 4662 1098 4750 (Αγιώτατε
1153 4668 1403 4745 δέσποτα,
1435 4670 1553 4749 περὶ
1579 4678 1673 4727 τοῦ
1701 4690 1841 4745 συμ-

1935 4669 2191 4731 ctissime
2212 4667 2468 4759 domine,
2495 4669 2570 4730 de
2598 4685 2667 4731 eo
2684 4669 2840 4759 quod
2868 4672 3203 4750 acciderat,
3236 4692 3365 4738 mea
3389 4680 3565 4759 regia

189 4759 384 4824 ϐάντος
462 4761 496 4828 ἦ
581 4757 820 4837 βασιλεία
913 4781 1015 4836 μου
1109 4757 1452 4838 ἐρευνήςασα,
1536 4759 1650 4837 εὗρε
1737 4756 1836 4825 τὴν

1935 4759 2211 4836 majestas
2230 4757 2597 4837 perquirens
2618 4758 3060 4836 o/fendit,1nali
3081 4764 3347 4827 radicem
3364 4756 3564 4831 ortum

189 4850 336 4928 ῥίζαν
402 4857 495 4908 τοῦ
576 4855 744 4906 κακοῦ
815 4847 1106 4927 γενομένην
1163 4848 1268 4905 ἀπὸ
1321 4853 1428 4904 τῶν
1497 4846 1832 4934 έρμητευτῶν

1935 4844 2199 4934 habuisse
2220 4843 2296 4907 ab
2326 4845 2785 4934 interpretibus,
2808 4855 2869 4910 et
2896 4851 3087 4912 sociis-
3104 4854 3332 4934 Argyri
3356 4874 3372 4930 ;
3402 4862 3460 4916 et
3490 4856 3566 4919 de

189 4940 285 4996 καὶ
336 4944 427 4996 τοῦ
483 4936 672 5018 μέρους
731 4937 821 4994 νοῦ
886 4935 1163 5018 Ἀργύρου,
1233 4936 1324 4992 καὶ
1375 4935 1497 4999 τοὺς
1554 4934 1648 5011 μὲν
1703 4933 1835 4991 ἐθνι-

1935 4933 2278 5016 tlienigenis
2302 4933 2545 5014 quidem
2577 4940 2866 5015 tanquam
2877 4933 3242 5020 peregrinis,
3255 4941 3405 5003 etab
3422 4943 3564 5006 aliis

191 5028 321 5092 κοὺς
404 5029 478 5091 ὡς
562 5025 758 5108 ξένους,
829 5026 918 5083 καὶ
992 5023 1116 5106 παρ’
1187 5024 1377 5104 ἑτέρων
1445 5021 1834 5090 ὑποϐληθέντας

1935 5027 2163 5103 mpposi
2168 5023 2244 5084 tis
2263 5021 2499 5100 aliquid
2518 5021 2730 5100 facere
2746 5041 2872 5087 non
2896 5043 3233 5107 possumus,
3251 5030 3405 5092 mali
3423 5048 3602 5094 veroo
3664 5053 3677 5071 κ

192 5139 247 5173 τι
329 5120 551 5184 ποιῆσαι
619 5119 716 5175 οὐκ
792 5113 992 5195 ἔχομεν
1025 5133 1040 5148 ⁶
1126 5114 1244 5177 τοὺς
1312 5111 1368 5169 δὲ
1436 5113 1629 5177 αἰτίους
1697 5134 1832 5192 τυφ-

1935 5118 2202 5175 zuctores
2219 5109 2563 5174 verberatos
2583 5112 2661 5174 ad
2683 5119 2851 5176 tuam
2873 5118 3255 5180 sanctitatem
3279 5122 3565 5184 transmi-

185 5205 368 5268 θέντας
450 5204 832 5282 ἀπεσνείλαμεν
912 5206 1043 5285 πρὸς
1140 5207 1236 5273 τὴν
1331 5202 1628 5282 ἁγιωσύνην
1717 5223 1833 5277 σου,

1935 5200 2131 5276 timus,
2148 5208 2214 5262 ut
2228 5216 2344 5280 per
2365 5217 2462 5262 eos
2493 5200 2948 5266 instruerentur
2973 5209 3027 5267 et
3058 5205 3191 5283 alii,
3224 5224 3301 5270 ne
3327 5207 3562 5273 similia

189 5296 267 5358 ὡς
315 5292 378 5350 ἂν
420 5291 487 5351 δι’
536 5296 706 5353 αὐτῶν
776 5292 1223 5372 παιδαγονγηθῶσι
1278 5293 1367 5348 καὶ
1419 5288 1594 5364 ἄλλοι,
1638 5290 1700 5346 τὸ
1758 5289 1836 5367 μὴ

1935 5293 1986 5350 in
1998 5295 2307 5369 posterum
2328 5288 2631 5369 effutiunt.
2669 5289 2963 5355 Chartula
2991 5293 3113 5357 ἠως
3135 5302 3274 5376 post
3296 5298 3560 5361 anathe-

189 5381 445 5464 φλυαρεῖν
505 5389 721 5441 τοιαῦτα
754 5400 768 5415 ⁸
832 5384 895 5439 :6
960 5379 1014 5438 δὲ
1067 5382 1286 5462 χαρτίον
1342 5379 1475 5456 μετὰ
1527 5381 1589 5435 :6
1643 5377 1836 5435 ἀναθε-

1935 5395 2016 5438 na
2037 5377 2266 5441 dictum
2289 5382 2345 5440 et
2366 5377 2814 5455 consiliariis,et
2828 5381 2904 5443 iis
2920 5384 3026 5460 qui
3042 5383 3563 5464 publicaruntaut

189 5475 509 5547 ματισθῆναι
619 5474 707 5530 καὶ
828 5472 949 5536 τοὺς
1074 5467 1643 5549 συμϐουλευσαμένους,
1748 5468 1837 5524 καὶ

1935 5466 2443 5546 :cripserunt,aut
2471 5484 2598 5529 rem
2619 5473 2687 5531 ut
2715 5477 2883 5549 gestu
2908 5480 2999 5534 est
3020 5471 3112 5536 vel
3151 5478 3410 5538 tenuiter
3435 5479 3563 5540 cal-

185 5560 314 5625 ταὺς
414 5559 790 5637 ἐκδεδωκότας,
877 5561 966 5618 καὶ
1053 5560 1382 5642 γράψαντας,
1471 5559 1559 5616 καὶ
1644 5556 1834 5638 μικρὰν

1935 5557 2073 5637 Tant,
2098 5572 2306 5621 corum
2349 5555 2624 5620 omnibus
2662 5559 3072 5626 comburatar.
3104 5564 3235 5629 Mea
3260 5565 3560 5648 siquidem

511 5723 777 5788 ΡΑτιιοιι.
810 5722 926 5787 Gn.
958 5720 1141 5789 CXX.

3162 5725 3239 5792 24
