4050 6124
431 337 552 404 ⁸747
1341 332 1753 405 IIICHAELIS
1792 337 2030 406 CERUI

2180 336 2216 403 ΪΙ
2256 341 2372 407 CP.
2417 341 2930 410 PATRIARCHE
3684 345 3779 411 748

431 473 598 553 regia
633 470 892 560 majesta
934 469 1276 560 ἱφρενηυίι,
1309 479 1380 534 ut
1409 478 1468 536 et
1496 473 1842 536 vestarches
1870 474 2030 556 Agyi

2177 475 2361 546 ιῖδησιν
2443 481 2540 543 τῆς
2623 477 2824 534 τούτων
2908 479 3177 548 ποιήσεως
3264 479 3514 560 ἔχοντας,
3596 482 3776 550 καθήτω

433 579 642 644 gener,
657 567 714 622 et
732 559 926 621 Vestes
935 558 1102 622 illius
1120 560 1286 641 ﬁlius
1297 562 1360 624 in
1367 561 1692 642 phylacam
1711 563 2032 626 concludam

2176 566 2379 624 ,νώπιον
2476 565 2712 628 πάντων.
2826 565 3114 645 Προσὲταξε
3221 558 3330 647 γὰρ
3415 570 3451 636 ἡ
3568 567 3775 643 βασιλεία

433 660 559 722 tur,
594 655 661 712 ut
680 648 769 710 ibi
789 649 980 710 uitam
1000 648 1245 730 degant,
1269 649 1449 713 malis
1468 652 1768 732 divexati,
1787 671 2032 732 quemue

2173 677 2255 711 ιου
2309 654 2401 712 ἵνα
2454 655 2541 710 καὶ
2597 655 2688 711 τὸν
2743 655 3049 735 βεστάρχην
3091 657 3184 714 τὸν
3241 653 3483 736 γαμϐρὸν
3543 666 3634 715 τοῦ
3693 657 3772 736 ἂρ-

428 740 672 804 modum
683 743 823 799 sunt
833 738 1006 816 digni
1020 747 1270 818 propter
1297 740 1456 802 hanc
1473 757 1737 815 causam,
1758 743 1960 805 Mense
1969 744 2027 804 ,Ιι

2177 751 2332 824 νυροῦ,
2404 745 2492 800 καὶ
2563 745 2654 799 τὸν
2740 743 2942 811 Βέστην
3024 747 3116 801 τὸν
3197 745 3396 802 ἐκείνου
3479 746 3589 801 υἱὸν
3668 745 3776 802 ἀπο-

429 834 511 895 lio
534 829 728 891 indict
742 825 876 888 7.Et
895 825 1020 886 haec
1039 826 1278 906 quidem
1307 828 1468 908 regia
1481 837 1541 891 et
1560 829 1758 890 divina
1778 834 2028 911 scriptur

2174 833 2428 890 ιλείσωσιν
2483 834 2554 896 εἰς
2610 831 2711 900 τὴν
2793 831 3056 912 φυλακὴν,
3130 836 3206 898 ὡς
3279 834 3340 890 ἂν
3423 832 3670 912 διάγωσιν
3730 833 3773 890 ἐν

429 915 796 983 continebat.
857 913 1194 976 Secundum
1264 917 1469 998 itaque
1530 918 1764 998 pietatis
1823 920 2028 982 cultori

2174 925 2284 1000 ιῦτῇ
2336 922 2755 1002 κακοχούμενοι,
2841 922 3014 985 καθώς
3085 925 3214 980 εἰσιν
3277 923 3411 989 ἄξιοι
3480 924 3635 979 ἓνεκα
3693 928 3773 989 τῆς

425 1005 805 1090 imperatoris
847 1005 1300 1085 providentiam,
1339 1007 1532 1088 ipsum
1564 1007 1882 1088 impietatis
1911 1009 2024 1072 seri

2166 1013 2396 1078 τοιαύτης
2515 1011 2827 1074 ὑποθέσεως
2960 1012 3098 1079 Μηνὶ
3210 1010 3412 1087 Ἰουλίῳ
3520 1010 3765 1068 ἰνδικτιῶ-

424 1108 612 1182 ptum,
660 1113 768 1156 nec
819 1112 937 1155 non
983 1093 1084 1182 qui
1133 1095 1276 1156 illud
1330 1106 1748 1177 exposuerunt,
1785 1105 1842 1158 et
1871 1098 1958 1159 vel
1989 1118 2022 1161 a

2172 1122 2234 1163 νος
2288 1090 2358 1172 ζ’.
2426 1123 2456 1156 ι
2504 1107 2678 1158 Ταῦτα
2722 1099 2820 1175 μὲν
2873 1101 2908 1168 ἡ
2950 1099 3225 1176 βασιλικὴ,
3283 1105 3369 1158 καὶ
3425 1102 3538 1158 θεία
3590 1102 3771 1180 γραφή,

418 1181 564 1250 illud
617 1182 952 1246 faciendum
1012 1181 1307 1245 adhortati
1365 1194 1524 1261 sunt,
1575 1186 1667 1247 vel
1716 1186 2017 1249 auctoribt

2171 1190 2295 1248 [ατὰ
2348 1196 2470 1267 γοῦν
2539 1195 2630 1244 τοῦ
2711 1186 3044 1268 φιλευσεϐοὖς
3130 1192 3512 1271 αὐτοκράτορος
3583 1192 3770 1246 οἰκονο-

416 1275 697 1339 auxilium
732 1275 1159 1353 praestiterunt,
1189 1274 1246 1334 in
1281 1274 1596 1352 praesentia
1634 1273 1950 1336 missorum
1982 1295 2013 1336 a

2171 1278 2288 1358 ,ίαν²
2343 1278 2465 1335 αὐτό
2521 1298 2578 1332 τε
2633 1279 2694 1333 τὸ
2750 1275 2937 1340 ἀσεϐὲς
2997 1277 3279 1359 ἔγγραφον⁷
3326 1284 3373 1336 οἱ
3424 1287 3580 1338 τοῦτο
3639 1276 3770 1332 ἐκθέ-

415 1365 775 1445 imperatore
805 1360 866 1421 in
897 1377 1107 1439 magno
1138 1371 1370 1424 secreto
1408 1363 1782 1424 anathemate
1825 1363 2014 1425 subacl

2170 1389 2310 1447 ενοι,
2357 1368 2444 1424 καὶ
2497 1366 2533 1434 ἢ
2579 1367 2800 1444 γνώμην
2853 1369 2924 1429 εἰς
2981 1368 3079 1434 τὴν
3125 1370 3311 1426 τούτου
3362 1370 3577 1435 ποίησιν
3623 1364 3769 1422 δεδω-

414 1461 592 1528 sunt;
637 1448 962 1529 judicatum
1017 1467 1156 1510 vero
1213 1459 1303 1512 est
1357 1459 1564 1533 quarta
1620 1452 1741 1524 die,
1789 1470 1916 1532 qua;
1962 1469 2013 1518 es

2172 1456 2308 1532 ότες,
2378 1455 2413 1523 ἢ
2500 1457 2680 1518 αὖτοῒς
2756 1469 2874 1519 τοῖς
2949 1459 3202 1526 ποιήσασι
3265 1460 3615 1537 συναράμενοι
3691 1455 3771 1510 ἐπὶ

411 1541 601 1623 prima
627 1538 920 1600 currentis
953 1538 1353 1602 hebdomatis.

2171 1546 2385 1624 apouaiq
2442 1550 2546 1600 τῶν
2593 1545 2725 1622 πρὸς
2785 1543 3045 1620 βασιλέως
3090 1544 3527 1623 ἀπεσταλμένων,
3603 1546 3654 1602 ἐν
3702 1549 3770 1617 τῷ

409 1634 627 1714 μεγάλῳ
654 1637 883 1716 σεκρέτῳ
923 1636 1207 1711 ἆναθὲματι
1249 1630 1620 1702 ὑπεϐλήθησαν
1655 1652 1670 1666 ⁸
1726 1631 1900 1711 ἐκρίθη
1944 1631 1998 1688 δὲ
2050 1635 2186 1690 κατὰ
2243 1636 2342 1702 τὴν
2396 1634 2651 1711 τετάρτην
2707 1633 2933 1713 ἡμέραν²
2979 1633 3100 1699 ἥτις
3153 1633 3261 1692 ἐστὶ
3303 1636 3489 1712 πρώτη
3545 1636 3640 1711 μὲν
3682 1639 3771 1701 τῆς

410 1723 706 1792 ἐνεστώσης
748 1723 1032 1802 ἑϐδομάδος
1043 1775 1056 1788 .

484 1813 782 1875 Vicesima
833 1799 1040 1895 quarta
1091 1831 1232 1875 vero
1292 1811 1392 1872 die
1454 1811 1765 1891 prasentis
1823 1809 2083 1874 mensis]

2209 1800 2297 1868 κδ’
2352 1809 2408 1867 δὲ
2455 1821 2548 1870 τοῦ
2603 1810 2862 1890 παρόντος
2907 1809 3125 1869 Ἰουλίου
3171 1815 3368 1894 μηνὸς³
3410 1812 3526 1870 καθ’
3577 1814 3642 1880 ἣν
3692 1816 3771 1871 καὶ

402 1900 566 1976 Julii,
621 1921 736 1983 qua
783 1910 845 1964 ut
893 1903 1116 1984 quintae
1168 1900 1375 1982 synodi
1419 1899 1708 1981 expositio
1748 1918 1854 1979 pro
1886 1919 2001 1960 mo:

2232 1906 2330 1968 τῆς
2375 1899 2625 1975 πέμπτης
2687 1898 2902 1956 συνόδου
2959 1900 3155 1965 ἕκθεσις
3214 1902 3610 1981 ἀναγνωσθῆναι
3653 1903 3771 1979 μὲλ-

401 1991 651 2069 legenda
699 2003 808 2071 est,
864 1992 1144 2054 audiente
1192 1989 1612 2063 multitudine,
1671 1990 2000 2051 anathemal

2170 2009 2213 2044 ει
2285 1991 2419 2045 κατὰ
2489 1991 2550 2044 τὸ
2623 1988 2846 2055 σύνηθες
2923 1986 3007 2045 ἐπ’
3065 1991 3311 2068 ἀκροάσει
3365 2001 3458 2050 τοῦ
3521 1991 3769 2072 πλήθους³

397 2081 731 2143 feriendum
757 2101 888 2144 esse
914 2099 1156 2144 rursum
1183 2079 1432 2160 impium
1460 2079 1770 2158 scriptum,
1797 2097 1907 2140 nec
1928 2098 1996 2139 no

2172 2078 2608 2153 νάθεματισθῆναι
2675 2079 2736 2133 τὸ
2808 2079 2932 2134 αὐτὸ
3006 2077 3192 2143 ἀσεϐὲς
3249 2081 3337 2135 καὶ
3390 2080 3532 2144 αὗθις
3589 2080 3771 2160 ἐἔγγρα⁶

389 2179 448 2232 et
474 2173 573 2252 qui
607 2169 1127 2244 illudediderunt,
1161 2180 1219 2230 et
1251 2167 1645 2248 scripserunt,
1691 2175 1750 2230 et
1779 2185 1988 2228 conser

2343 2169 2462 2246 πρὸς
2521 2164 2576 2221 δὲ
2633 2168 2721 2223 καὶ
2789 2167 2910 2230 τοὺς
2967 2174 3122 2224 τοῦτο
3164 2167 3468 2244 ἐκθεμένους
3523 2171 3612 2225 καὶ
3651 2172 3771 2248 γρὶ-
3941 2184 3942 2187 ‘

2451 2257 2466 2274 ε
2651 2257 2662 2274 .
2760 2257 2771 2274 .
3043 2257 3067 2274 ..
3129 2257 3158 2274 η
3223 2256 3243 2274 κ
3265 2259 3276 2273 .
3403 2260 3417 2274 ,
3551 2260 3562 2272 .
3736 2261 3746 2274 .

391 2277 522 2321 sum
554 2259 811 2342 aliquem
843 2269 942 2322 aut
973 2258 1285 2321 consilium
1320 2266 1386 2318 ut
1415 2257 1562 2318 illud
1592 2257 1783 2336 ﬁeret,
1818 2264 1990 2334 praest

2170 2277 2329 2320 αντας
2382 2257 2469 2312 καὶ
2514 2257 2798 2312 συναίνεσίν
2842 2278 2981 2332 τινα,
3035 2257 3072 2325 ἢ
3126 2256 3323 2334 βουλὴν
3377 2260 3450 2321 εἷς
3510 2260 3609 2325 την
3663 2261 3769 2315 τοῦ-

394 2357 620 2413 terunt.
655 2353 1030 2430 Prototypum
1063 2365 1202 2409 vero
1234 2346 1488 2428 projecti
1518 2345 1591 2409 eb
1616 2345 1838 2426 impiis,
1871 2345 1993 2425 imp

2281 2345 2496 2412 ποίησιν
2580 2342 2870 2408 δεδωκότας
2907 2365 2922 2378 ·
3009 2349 3070 2402 τὸ
3140 2345 3194 2402 δὲ
3263 2347 3607 2426 πρωτότδπον
3678 2355 3769 2404 τοῦ
3806 2383 3833 2426 εχ

391 2437 858 2517 exsecrandique
887 2436 1097 2516 scripti
1125 2435 1501 2497 combustum
1547 2453 1663 2495 non
1697 2443 1808 2508 est,
1841 2432 1945 2494 sed
1978 2434 1990 2494 i

2172 2432 2357 2513 φέντος
2411 2435 2553 2513 παρὰ
2607 2440 2714 2490 τῶν
2770 2433 3034 2491 δυσσεϐὦν
3088 2435 3298 2495 ἀνοσίου
3353 2436 3619 2516 ἐγγράφου
3683 2440 3768 2494 καὶ

391 2544 560 2587 sacro
607 2524 1084 2606 chartophylacis
1130 2533 1363 2587 secreto
1409 2523 1762 2604 repositum,
1795 2523 1864 2583 ad
1896 2541 1990 2602 per

2171 2529 2351 2602 napoii
2403 2523 2462 2578 οὗ
2519 2524 2816 2590 κατεκαύθη
2851 2539 2865 2554 ⁸
2939 2521 3060 2580 ἀλλ’
3133 2523 3188 2580 ἐν
3272 2532 3349 2598 τῷ
3430 2527 3615 2604 εὖαγεῖ
3679 2534 3770 2583 τοῦ

389 2621 631 2693 petuum
656 2633 862 2675 eorum
891 2613 1176 2687 dedecus,
1195 2622 1253 2675 et
1274 2612 1638 2674 stabiliorem
1670 2611 1988 2673 condemns

2167 2610 2526 2690 αρτοςρύλακος
2582 2612 2802 2679 ἐπετέθη
2865 2613 3096 2692 σεκρέτῳ
3137 2615 3210 2676 εἷς
3261 2613 3486 2692 ἔλεγχον
3544 2613 3766 2683 διηνεκῆ

389 2703 638 2778 tionem,
666 2703 768 2784 qui
799 2702 1016 2766 similia
1036 2703 1318 2766 adversus
1352 2704 1538 2765 Deum
1574 2710 1844 2765 nostrum
1875 2702 1988 2764 blas

2165 2705 2223 2756 ὒν
2291 2699 2581 2767 τηλικαῦτα
2645 2711 2738 2760 τοῦ
2807 2708 2938 2757 Θεοῦ
3008 2705 3162 2777 ἡμῶν
3233 2702 3764 2783 βλασφημησάντων,

385 2791 769 2872 phemarunt.
807 2791 1128 2854 Sciendum
1149 2802 1432 2873 praterea
1445 2801 1553 2867 est,
1582 2793 1735 2873 quod
1752 2791 1984 2852 vicesim

2166 2790 2206 2844 ιὶ
2247 2789 2320 2852 εἷς
2379 2789 2746 2868 μονιμωτέραν
2801 2791 3155 2868 κατάγνωσιν.
3221 2802 3319 2847 Δεῖ
3373 2791 3426 2846 δὲ
3484 2793 3765 2871 γινώσκειν

386 2879 484 2941 die
514 2881 821 2961 praesentis
850 2884 1097 2960 mensis,
1130 2900 1246 2962 quo
1271 2881 1358 2941 illi
1390 2881 1491 2961 qui
1521 2880 1806 2942 adversus
1830 2881 1985 2942 orthc

2161 2898 2200 2932 τι
2229 2879 2364 2934 κατὰ
2392 2877 2490 2945 τὴν
2533 2879 2806 2946 εἰσκοστήν
2853 2880 3054 2957 ἡμέραν
3097 2887 3189 2937 τοῦ
3245 2881 3531 2945 ἐνεστῶτος
3564 2884 3760 2957 μηνὸς,

385 2967 598 3030 doxam
655 2970 833 3031 ﬁdem
902 2969 1432 3050 blasphemarunt,
1498 2969 1876 3030 anathemate
1937 2967 1984 3029 ic

2170 2963 2234 3022 ιθ’
2277 2966 2344 3031 ἣν
2386 2966 2860 3042 ἀνεθεματίσθησαν
2919 2971 2966 3024 οἱ
3019 2970 3154 3025 κατὰ
3222 2975 3319 3046 τῇς
3359 2967 3626 3049 ὀρθοδόξου
3681 2974 3769 3027 πί·

384 3067 544 3132 sunt,
576 3059 824 3120 aderant
870 3077 988 3119 una
1033 3074 1166 3122 cum
1217 3057 1350 3117 aliis
1382 3056 1762 3138 praesulibus,
1792 3056 1892 3138 qui
1923 3075 1983 3117 nt

2167 3076 2286 3118 τεως
2350 3054 2855 3137 βλασφημήσαντες,
2919 3063 3268 3136 συμπαρῆσαν
3340 3071 3457 3122 τοῖς
3528 3061 3766 3138 σήμερον

383 3145 610 3209 hiscum
643 3147 1054 3227 considebant,
1086 3146 1349 3208 universi
1385 3146 1773 3226 metrOpolitaa
1803 3155 1862 3206 et
1890 3144 1982 3226 epi

2166 3141 2524 3222 ινεδριάζουσιν
2569 3146 2706 3219 ἡμῖν
2775 3146 3101 3226 ἀρχιερεῦσι,
3161 3147 3250 3203 καὶ
3305 3151 3352 3204 οἱ
3412 3145 3765 3223 ἐνδημοῦντες

383 3237 545 3317 scopi
590 3237 688 3317 qui
722 3237 779 3298 in
813 3236 960 3328 urhe
991 3235 1326 3328 degebant,
1362 3253 1580 3328 nempe
1611 3236 1725 3296 Leo
1756 3236 1982 3328 Athena

2161 3233 2304 3297 ἀντες
2349 3231 2767 3312 μητροπολῐται,
2812 3236 2899 3291 καὶ
2958 3238 3005 3292 οἱ
3060 3235 3494 3317 ἀρχιεπίσκοποι,
3542 3236 3710 3317 ἤγουν
3742 3257 3760 3275 ·

381 3343 512 3385 rum
570 3333 629 3386 et
684 3325 1020 3405 syncellus,
1070 3323 1319 3385 Michael
1371 3321 1538 3402 Sylzni
1592 3330 1643 3383 et
1703 3323 1980 3402 syncellus

2160 3321 2254 3376 ἑων
2306 3324 2334 3378 ὁ
2376 3319 2610 3389 Ἀθηνῶν
2653 3324 2742 3379 καὶ
2778 3323 3088 3401 σύγκελλος,
3121 3327 3346 3405 Μιχαὴλ
3395 3325 3623 3384 Συλαίου
3667 3331 3759 3385 καὶ

377 3412 658 3475 Nicolaus
689 3412 1005 3474 Euchaniaa
1037 3423 1095 3472 et
1127 3409 1445 3491 syncellus;
1481 3411 1814 3472 Demetrius
1837 3414 1976 3472 Cari

2162 3409 2437 3487 ὶγκελλοις,
2473 3409 2732 3474 Νικόλαος
2765 3413 3054 3493 Εὖχανείας
3084 3417 3171 3470 καὶ
3200 3413 3508 3492 σύγκελλος,
3562 3419 3761 3492 Δημή-

377 3507 437 3562 et
464 3501 971 3583 archiepiscopus,
1003 3499 1220 3562 Paulus
1248 3497 1476 3579 Lemni,
1521 3499 1638 3562 Leo
1669 3499 1976 3563 Contradia

2161 3519 2246 3561 ›ιος
2279 3500 2473 3578 Καρίας
2515 3501 2602 3555 καὶ
2627 3499 3067 3580 ἀρχιεπίσκοπος,
3101 3502 3304 3568 Παῦλος
3333 3505 3571 3584 Λήμνου,
3600 3506 3760 3561 Λέων

375 3593 672 3652 Antonius
705 3591 978 3653 Zicchize.

2108 3585 2416 3665 Κοτραδίας,
2471 3584 2750 3654 Ἀντώνιος
2793 3591 3046 3672 Σικχίας.

377 3759 3686 3792 W

1246 3940 1998 4065 MICHAELIS
2085 3947 2842 4059 CERULARII

1591 4174 1742 4237 GP.
1814 4172 2500 4237 PATRIARCHIE

1074 4373 1138 4453 A
1193 4369 1422 4453 LIA
1554 4366 2088 4451 EDICTA
2219 4365 3046 4458 SYNODALIA

1364 4561 1542 4630 (Vide
1572 4564 1815 4624 tomum
1845 4561 2055 4633 CXIX,
2089 4559 2211 4624 col.
2248 4558 2386 4636 747,
2415 4562 2559 4640 850,
2592 4564 2759 4642 851.)
