4050 6124
168 332 286 406 749

175 481 2792 519 W

1650 344 2064 416 EPISTOLIE.

3405 347 3530 422 750

2815 490 3524 524 =2:

278 629 621 759 ΤΟΥ
718 629 1874 769 ΠΑΤΡΙΑΡΧΟΥ
1974 637 2634 768 ΚΥΡΙΟΥ
2735 637 3436 768 ΜΙΧΑΗΛ

1432 885 1674 939 ΨΗΦΟΣ
1715 886 1874 940 ΗΤΟῙ
1920 883 2259 940 ΕΠΙΣΤΟΛΗ

1144 1045 1296 1099 ΠΕΡΙ
1340 1045 1962 1129 ΓΥΝΑΙΚΟΣἹΙΕΡΕΩΣ
2007 1045 2530 1099 ΜΟΙΧΕΥΘΕΙΣΗΣ.

659 1427 1165 1538 DOMINI
1253 1429 2013 1542 MICHAELIS
2101 1431 3030 1542 PATRIARCH/E

1337 1655 1752 1720 DECRETUM
1796 1657 1936 1720 SEU
1981 1655 2350 1722 EPISTULA

667 1823 800 1899 DE
849 1822 1471 1900 SACERDOTIS
1529 1822 1860 1900 UXORE
1907 1823 2485 1902 ADULTERIO
2535 1820 3034 1900 POLLUTA.

167 2009 272 2081 (Ex
297 2007 478 2074 codd.
512 2027 669 2075 mss.
703 2010 896 2094 Paris,
929 2011 1046 2076 277
1089 2017 1154 2078 et
1205 2011 1380 2094 1996,
1433 2026 1536 2093 ap.
1568 2009 1950 2076 Cotelerium
1985 2011 2054 2075 in
2080 2011 2248 2076 notis
2294 2011 2375 2076 ad
2434 2013 2752 2079 Hermam.
2786 2026 2850 2090 p.
2879 2009 2954 2074 87
3011 2009 3113 2074 ed.
3145 2007 3521 2088 Amstelod.)

244 2300 488 2390 'lwa’zwnc
561 2309 712 2373 οὗτος
778 2311 942 2390 ἱερεὺς
1027 2311 1056 2367 ὁ
1104 2309 1204 2377 τὴν
1271 2307 1538 2388 παροῦσαν
1595 2309 1804 2390 γραφὴν

1969 2304 2230 2367 Joannes
2259 2302 2356 2365 hic
2385 2302 2684 2378 sacerdos,
2733 2301 2836 2383 qui
2894 2301 3046 2362 istuzl
3099 2299 3385 2390 scriptum
3417 2299 3526 2390 tibi

171 2389 410 2458 ἐπιδιδούς
438 2415 546 2467 σοι,
606 2396 996 2476 θεοφιλέστατε,
1051 2398 1350 2477 ἔγκκήματι
1410 2398 1658 2477 μοιχείας
1701 2389 1800 2466 τὴν

172 2480 342 2537 ἑαυτοῦ
397 2481 618 2559 σύμϐιον
674 2485 800 2542 εἷπε
867 2501 1198 2568 περιπεσεῖν,
1246 2487 1332 2542 καὶ
1377 2487 1533 2545 αὐτὸν
1573 2487 1685 2562 ἅμα
1726 2493 1804 2562 τῷ

171 2568 260 2635 τὴν
307 2573 557 2651 μοιχείαν
607 2571 1092 2651 πλημμεληθεῖσαν
1133 2577 1482 2650 καταμαθεῖν,
1528 2572 1802 2643 διαστῆναι

173 2660 340 2734 οὒτῆς,
426 2650 516 2716 καὶ
595 2661 788 2737 μηκέτι
871 2650 1194 2745 ἀνασχέσθαι
1264 2668 1569 2730 συνοικῆσαι
1643 2668 1798 2740 αύτῇ.

175 2754 335 2805 Ταῦτα
373 2749 461 2805 οὗν
515 2751 704 2826 εἰπὼν,
757 2751 1034 2832 ἠρώτησεν
1091 2752 1146 2809 εἴ
1210 2774 1311 2812 που
1367 2757 1466 2819 τῆς
1521 2753 1806 2832 ἱερωσύνης

175 2837 316 2899 αὐτὸς
341 2834 423 2893 διὰ
467 2840 571 2906 τὴν
622 2844 721 2907 τῆς
775 2843 1021 2919 γυναικὸς
1083 2843 1330 2922 μοιχείαν
1371 2839 1652 2904 κωλύεται,
1709 2843 1809 2899 Καὶ

176 2922 553 3004 ἀπεκρινάμεθα
643 2929 716 2992 ὡς
793 2931 854 2986 ού
939 2929 1197 2986 κωλύεται
1279 2927 1363 2985 διὰ
1441 2939 1594 2989 τοῦτο
1691 2943 1809 2994 τοῖς

174 3014 324 3092 ἱεροῖς
365 3015 663 3096 ἐγχειρεῖν,
711 3007 770 3074 Ὀ
817 3018 914 3094 μὲν
968 3021 1068 3098 γὰρ
1122 3021 1223 3084 τὴν
1276 3017 1380 3086 ἤδη
1426 3022 1808 3099 μοιχευθεῖσαν

176 3101 514 3182 ἀγαγόμενος,
589 3109 865 3185 ἷερωθῆναι
936 3106 1196 3164 κωλύεται
1228 3123 1244 3140 ⁸
1319 3108 1364 3164 εὶ
1432 3105 1487 3163 δέ
1539 3129 1621 3172 τις
1676 3130 1808 3187 παρα

175 3189 309 3248 θένον
384 3194 480 3268 μὲν
533 3207 766 3273 γυναῖκα
830 3194 1120 3274 ἀγάγηται,
1195 3196 1280 3252 καὶ
1348 3198 1384 3264 ἡ
1454 3197 1810 3266 συνοικήσασα

175 3282 306 3356 αὖτῷ
358 3283 662 3363 μοιχεύσει,
734 3285 778 3339 εἰ
834 3283 930 3360 μὲν
970 3293 1124 3344 τοῦτο
1178 3283 1332 3363 γνοὺς
1375 3285 1404 3341 ὁ
1461 3285 1625 3365 ἱερεὺς
1683 3286 1811 3353 ἡσυ-

176 3369 345 3451 χάσει,
406 3373 496 3428 καὶ
559 3373 696 3447 μήτε
765 3379 858 3429 τοῦ
914 3373 1102 3432 οἰκείου
1155 3371 1309 3431 οἴκου
1357 3371 1663 3453 ἆποφὲμψει
1721 3374 1812 3430 αὖ·

175 3460 265 3527 τὴν
329 3463 464 3537 μήτε
536 3459 808 3530 διασθῆναι
893 3463 1087 3531 ταύτης
1171 3466 1508 3544 προθυμηθῇ,
1598 3462 1806 3529 ἀνάξιος

175 3543 248 3604 διὰ
296 3552 394 3618 τὴν
449 3557 546 3608 τοῦ
601 3551 838 3608 τοιούτου
893 3553 1084 3628 μύσους
1143 3550 1440 3632 ἀποδοχὴν,
1494 3543 1598 3620 τῆς
1659 3555 1808 3632 ἱερω-

1885 2392 2084 2466 tradit,
2121 2391 2242 2454 Deo
2274 2391 2646 2466 charissime,
2679 2409 2924 2453 uxorem
2957 2408 3124 2451 suam
3152 2389 3300 2450 dixit
3324 2389 3384 2451 in
3403 2389 3526 2450 cri-

1888 2498 2023 2542 men
2053 2480 2330 2542 adulterii
2359 2480 2682 2556 incidisse;
2715 2498 2783 2541 se
2816 2497 2954 2542 vero
2985 2478 3162 2540 simul
3204 2496 3274 2540 ac
3295 2477 3532 2541 adulte-

1889 2569 2046 2630 rium
2073 2569 2458 2631 commissum
2487 2567 2903 2650 deprehendit,
2930 2565 3245 2628 dissidium
3264 2565 3340 2628 ab
3371 2585 3440 2628 ea
3454 2565 3538 2628 fe-

1889 2657 2070 2732 cisso,
2128 2676 2240 2719 nec
2269 2658 2524 2738 amplius
2554 2657 2908 2719 sustinuisse
2937 2674 3072 2718 cum
3113 2655 3214 2716 illa
3241 2655 3532 2720 habitare.

1890 2746 1996 2809 His
2045 2748 2242 2829 itaque
2297 2748 2496 2825 dictis,
2529 2747 2818 2830 quaesivit,
2870 2765 3012 2808 num
3042 2747 3196 2828 ipse,
3229 2746 3304 2808 ob
3337 2746 3539 2808 uxoris

1893 2836 2232 2912 moechiam,
2267 2855 2300 2898 a
2349 2837 2680 2902 sacerdotio
2743 2835 3077 2899 exercendo
3129 2834 3535 2916 prohibeatur.

1893 2923 2012 2986 Nos
2043 2926 2482 3007 respondimus,
2516 2928 2670 3008 quod
2705 2944 2776 2988 ea
2806 2925 2882 2988 de
2912 2942 3092 2987 causa
3122 2942 3242 2985 non
3279 2923 3537 3004 impedi-

1896 3021 2061 3076 retur
2089 3032 2253 3076 sacra
2283 3021 2559 3076 tractare.
2593 3013 2827 3076 Etenim
2869 3013 2971 3094 qui
3008 3013 3133 3094 jam
3166 3012 3536 3075 aduteratam

1890 3102 2207 3182 conjugem
2249 3102 2434 3183 ducit,
2486 3105 2766 3165 sacerdos
2818 3102 2948 3165 ﬁeri
2992 3121 3112 3164 non
3160 3109 3375 3183 potest.
3418 3099 3536 3164 Sed

1892 3209 2026 3252 cum
2053 3192 2188 3270 quis
2218 3210 2464 3254 uxorem
2492 3193 2736 3273 quidem
2754 3191 3040 3271 virginem
3064 3190 3252 3272 duxit,
3278 3191 3381 3252 illa
3398 3208 3538 3252 vero

1891 3280 2191 3344 connubio
2241 3281 2453 3360 juncta
2495 3281 2574 3356 ei,
2634 3280 2989 3343 adulterium
3045 3279 3425 3342 admittitzsi
3471 3297 3540 3341 re

1894 3369 2126 3449 cognita
2157 3369 2438 3432 sacerdos
2470 3377 2709 3433 maneat
2737 3370 3000 3450 quietus,
3029 3363 3140 3431 nec
3156 3385 3286 3430 eam
3308 3387 3414 3430 sua
3435 3368 3542 3430 do-

1890 3476 1988 3520 mo
2019 3458 2270 3540 emittat,
2296 3477 2491 3540 neque
2517 3459 2590 3520 ab
2622 3459 2726 3520 illa
2753 3458 3022 3539 separari
3051 3457 3295 3520 inducat
3321 3457 3382 3519 in
3412 3459 3542 3520 ani-

1891 3565 2076 3623 mum,
2099 3547 2378 3625 indignus
2399 3547 2728 3610 sacerdotio
2753 3557 3052 3623 censetur,
3075 3553 3314 3628 propter
3332 3547 3539 3625 hujus-

175 3638 322 3705 σύνης
377 3641 672 3716 νομίζεται.
744 3641 804 3698 Εἰ
860 3640 955 3718 μέν
1025 3663 1105 3697 τοι
1173 3641 1328 3719 γνοὺς
1397 3643 1498 3702 τὴν
1559 3641 1807 3722 μοιχείαν

1891 3635 2126 3698 cemodi
2155 3635 2399 3697 sceleris
2430 3635 2824 3698 tolerantiam.
2857 3637 2932 3697 At
2957 3636 3008 3697 si
3038 3643 3339 3716 comperto
3359 3635 3535 3696 adul-

172 3728 384 3805 παρευθὺ
436 3730 540 3796 τὴν
610 3728 965 3808 μοιχεύουσαν
1021 3739 1114 3788 τοῦ
1169 3729 1362 3785 οἰκείου
1401 3728 1556 3788 οἴκου
1603 3731 1812 3786 ἀπώσε-

171 3835 274 3888 ται,
329 3817 417 3874 καὶ
469 3817 670 3884 ταύτης
739 3814 980 3896 διαζυγῇ,
1046 3816 1191 3894 μένει
1245 3819 1306 3873 τὸ
1363 3822 1462 3885 τῆς
1524 3819 1809 3898 ἱερωσύνης

171 3903 252 3959 καὶ
278 3904 420 3969 αὖθις
471 3905 620 3985 ’έχων
661 3902 887 3980 ἀξιωμα.
941 3907 1002 3964 Εἰ
1059 3915 1148 3965 οὖν
1190 3903 1430 3972 ἀληθεύει
1473 3907 1502 3962 ὁ
1533 3902 1806 3986 Ἰωάννης,

171 3993 252 4047 καὶ
310 3995 440 4069 μεθὸ
509 3993 612 4057 τὴν
673 4004 904 4072 γυναῖκα
973 3993 1336 4074 μοιχεύσασαν
1397 3991 1558 4072 ἔγνω,
1628 3991 1806 4062 διέστη

171 4081 350 4159 αὐτῆς,
403 4085 494 4142 καὶ
563 4084 626 4139 τὸ
695 4084 860 4161 ταύτῃ
915 4097 1184 4141 συνοικεῖν
1237 4085 1608 4163 παρῃτήσατο,
1672 4083 1810 4140 ’έστω

170 4173 252 4227 καὶ
317 4173 462 4239 αὗθις
525 4173 714 4252 ἱερεὺς,
785 4175 874 4230 καὶ
941 4171 1207 4249 μηδαμῶς
1285 4178 1377 4228 τοῦ
1444 4184 1563 4238 τοῖς
1643 4173 1808 4251 ἱεροῖς

171 4257 433 4341 ἐγχειρεῖν
491 4263 637 4341 παρὰ
687 4263 786 4330 τὴν
840 4267 940 4330 τῆς
991 4262 1239 4340 γυναικὸς
1283 4261 1532 4342 μοιχείαν
1587 4259 1808 4328 κωλύη-

169 4369 274 4412 ται.
305 4349 456 4408 Ἐπεὶ
507 4349 564 4408 δὲ
615 4352 705 4408 καὶ
758 4348 926 4408 παῖδα
981 4349 1042 4407 ἐκ
1091 4354 1191 4417 τῆς
1236 4349 1611 4430 μοιχευθείσης
1668 4349 1812 4429 λέγει

171 4435 312 4517 ἔχειν
354 4443 383 4496 ὁ
426 4441 616 4521 ἱερεὺς,
666 4441 726 4498 τὸ
785 4440 894 4518 μὴν
949 4439 1183 4520 δίμοιρον
1239 4445 1340 4508 τῆς
1395 4441 1614 4519 προικὸς
1643 4463 1814 4520 παρα-

169 4528 443 4610 κατεχέτω
485 4528 631 4609 λόγῳ
682 4538 774 4588 τοῦ
835 4526 1022 4593 παιδὸς
1077 4529 1106 4585 ὁ
1173 4529 1364 4608 ἱερεὺς,
1421 4529 1482 4586 τὸ
1538 4527 1594 4586 δὲ
1635 4531 1808 4610 τρίτον

1890 3724 2065 3799 terio,
2097 3723 2531 3786 adulterantem
2555 3725 2735 3786 domo
2760 3742 2866 3786 sua
2885 3723 3200 3787 confestim
3221 3725 3536 3805 expulerit,

1892 3820 1950 3874 et
1978 3812 2294 3873 divortium
2318 3811 2556 3887 fecerit,
2589 3813 2832 3894 posthac
2865 3831 3102 3894 quoque
3129 3812 3191 3873 in
3221 3813 3541 3875 sacerdotii

1890 3901 2048 3982 quod
2067 3900 2246 3964 habet
2266 3901 2557 3979 dignitate
2575 3909 2907 3982 permanet.
2933 3900 3137 3983 Itaque
3161 3901 3212 3962 si
3228 3921 3369 3964 vera
3391 3921 3541 3984 prte-

1889 3990 2049 4052 dicat
2077 3991 2358 4065 Joannes,
2388 3999 2445 4052 et
2481 3999 2788 4072 postquam
2828 3992 3064 4071 agnovit
3090 4009 3336 4054 uxorem
3367 3992 3536 4055 adul-

1891 4079 2106 4140 terium
2131 4088 2531 4160 perpetrasse,
2555 4079 2630 4142 ab
2661 4081 2764 4143 illa
2799 4080 3060 4162 sejunxit
3089 4099 3180 4162 se,
3213 4081 3536 4145 habitatio-

1891 4184 2296 4248 nemquecum
2321 4186 2391 4229 ea
2411 4167 2784 4250 detrectavit,
2799 4169 2888 4231 sid
2910 4168 3091 4230 etiam
3123 4177 3325 4250 postea
3345 4187 3540 4234 sacer-

1893 4255 2025 4338 dos,
2064 4275 2175 4318 nec
2210 4256 2504 4319 ullatenus
2538 4256 2613 4318 ob
2654 4257 2854 4320 uxoris
2889 4257 3245 4320 adulterium
3275 4276 3310 4320 a
3336 4276 3537 4321 rerum

1899 4363 2200 4408 sacrarum
2232 4347 2580 4408 tractatione
2607 4355 2899 4410 arceatur.
2924 4345 3417 4429 Quandoquidem
3437 4366 3542 4409 au-

1897 4442 2016 4498 tem
2047 4434 2131 4498 ait
2157 4435 2436 4497 sacerdos
2467 4453 2532 4498 se
2552 4435 2763 4498 (iilium
2787 4455 2861 4498 ex
2882 4435 3147 4499 adultera
3175 4436 3536 4518 suscepisse;

1891 4525 2037 4587 duas
2065 4524 2309 4606 quidem
2355 4531 2557 4604 partes
2603 4524 2781 4602 dotis,
2837 4525 3009 4607 pueri
3057 4544 3230 4588 causa
3283 4525 3540 4589 retineat

168 4609 370 4685 δοθήτω
408 4624 482 4696 τῇ
523 4619 754 4697 γυναικὶ,
796 4615 872 4675 ἵν’
926 4616 981 4674 ἐν
1036 4617 1376 4697 μοναστηρίῳ
1428 4609 1805 4700 προσενέγχκῃ

1891 4612 2189 4690 sacerdos;
2223 4612 2397 4674 tertia
2416 4630 2554 4674 vero
2579 4612 2815 4676 mulieri
2833 4615 3030 4690 detur,
3054 4631 3233 4696 quam
3251 4613 3314 4675 in
3335 4631 3537 4676 mona-

168 4709 343 4788 τοῦτο,
365 4708 456 4764 καὶ
484 4707 752 4786 ἀποκαρῇ.

1884 4704 2133 4770 sterium
2163 4701 2393 4781 aﬂ‘erat,
2426 4710 2603 4785 atque
2631 4703 2968 4768 tondeatur.
