4050 6124
234 166 348 236 753

223 329 343 387 τρου
426 310 691 364 καθιστῶν
701 330 808 386 τος,

223 397 488 476 ὀνόματος
551 396 698 461 ἐντὸς
758 395 980 461 Ἰταλίας
1039 397 1344 472 καταμόνας
1387 395 1678 476 ἐσχηκέναι
1713 414 1727 428 ⁸
1787 395 1875 452 καὶ

224 486 280 542 ἐν
347 491 417 562 τῇ
478 475 759 562 Ῥωμαϊκῇ
827 484 1027 562 συνόδῳ
1086 485 1380 566 συνεδρείαν
1437 475 1528 544 τοῦ
1585 487 1877 562 οἷκουμενι-

225 580 321 631 κοῦ
376 572 528 630 πάπα
597 572 765 639 δεξιὰν
823 575 1099 646 ἠξιῶσθαι.
1173 577 1246 632 Οὑ
1305 572 1361 630 δὲ
1423 574 1734 653 πράγματος
1776 574 1877 639 τὴν

227 660 371 728 τάξιν
413 664 541 738 ὑμῖν
600 661 954 744 πληρέστερον
1013 665 1086 728 εἷς
1154 665 1217 719 τὸ
1268 661 1461 738 μέλλον
1511 660 1868 737 ὑποδείξομεν,

228 756 456 822 ὁπηνίκα
504 751 555 819 ἐξ
606 753 889 830 ἀμοιϐαίας
945 756 1195 834 χρήσεως
1255 755 1582 834 ἀντιγραφῆς
1639 751 1871 829 μάλιστα

229 840 306 921 [Ῐ.
349 841 535 904 deest.
580 842 725 923 περὶ]
776 849 884 900 τῶν
942 845 1016 907 εἷς
1064 845 1163 911 τὴν
1217 844 1393 899 πίστιν
1436 842 1742 910 ἀνηκόντων
1799 843 1872 905 εἰς

227 930 490 1002 ἀλλήλους
544 933 923 1014 σαφηνίσομεν,
981 929 1201 1012 Ἀρτίως
1262 931 1423 1007 μόνον
1480 936 1579 999 τῆς
1621 929 1873 1010 ὑμετέρας

226 1019 613 1099 καλοκαγαθίας
691 1021 944 1101 ἐρώμενοι
1011 1023 1142 1100 πρὸς
1225 1021 1395 1096 μόνην
1452 1022 1552 1088 τὴν
1622 1019 1875 1098 ὑμετέραν

1713 170 2122 238 ΕΡΙΒΤΟΒΔΞ.

899 309 995 376 τὴν
1088 310 1250 385 τιμὴν
1318 317 1409 367 τοῦ
1477 315 1868 389 πατριαρχικοῦ

1975 305 2174 380 misse,
2236 313 2295 367 et
2344 305 2407 367 in
2460 305 2726 368 Romano
2782 319 3106 383 conventu,
3161 310 3603 374 confessionem

3486 150 3606 242 754

1957 392 2313 457 mcumenici
2348 413 2514 475 papm
2543 393 2804 457 dextram
2855 395 3205 462 obtinuisse.
3256 398 3438 480 Cujus
3468 400 3605 482 qui-

1957 483 2093 545 dem
2124 483 2210 545 rei
2244 484 2517 546 ordinem
2548 483 2715 545 vobis
2728 483 2964 565 plenius
2991 485 3187 548 futuro
3214 495 3486 569 tempore
3509 507 3609 553 os-

1959 571 2298 648 tendemus,
2333 578 2729 653 postquamex
2747 581 2952 635 mutuo
2981 574 3257 655 rescripti
3278 595 3408 651 usu,
3442 576 3517 639 de
3534 578 3609 641 iis

1972 679 2102 742 qum
2123 660 2193 722 ad
2214 661 2392 722 ﬁnem
2407 660 2698 741 pertinem
2723 662 2793 723 ad
2814 661 3066 725 invicem
3083 662 3603 731 declaraverimus.

1957 749 2126 810 Modo
2178 756 2404 810 tantum
2435 757 2643 811 vestrm
2686 749 2997 829 probitatis
3043 770 3249 814 amore
3297 753 3473 835 capti,
3536 753 3611 817 ad

1956 837 2140 898 solam
2176 836 2448 900 notitiam
2476 844 2726 899 vestram
2741 837 3436 919 pervenirefestinamus,
3462 842 3610 905 cha-

1958 927 2192 989 ritalem
2225 927 2547 1007 perfectam
2570 928 2728 989 inter
2757 948 2867 991 nos
2883 929 3211 1006 fundaturi,
3232 950 3410 1012 supra
3428 952 3611 1015 quam

1961 1016 2021 1078 id
2056 1025 2382 1097 posterum,
2402 1035 2533 1097 qum
2554 1016 2664 1079 Dei
2691 1025 2828 1079 sunt
2850 1017 3145 1081 excelsius
3159 1019 3610 1084 mdificabimus.

226 1114 423 1187 γνῦσιν
478 1108 749 1189 ἀφικέσθαι
793 1108 1108 1186 σπεύδομεν,
1166 1109 1382 1189 ἀγάπην
1425 1107 1628 1166 τελείαν
1684 1105 1877 1186 μεταξὺ
1918 1108 2072 1182 ἡμῶν
2126 1105 2593 1182 θεμελιωσόμενοι,
2639 1106 2722 1187 ἐφ’
2765 1107 2830 1174 ἣν
2882 1107 3167 1184 μετέπειτα
3224 1110 3292 1166 τὰ
3334 1118 3425 1168 τοῦ
3481 1111 3613 1170 Θεοῦ

228 1196 555 1277 ὑψηλότερον
585 1195 1002 1274 οἰκοδομήσομεν

308 1274 385 1363 γ’.
419 1274 583 1344 Τοῦτο
612 1283 679 1341 δι’
722 1284 869 1362 ὅμως
924 1291 994 1363 τῇ
1047 1274 1274 1365 ὑμετέρᾳ
1328 1287 1621 1366 πατράτητι
1665 1290 1881 1354 σιωπῆ-

226 1395 318 1429 σαι
373 1372 431 1430 οὔ
484 1371 764 1449 δυνάμεθα,
826 1373 955 1455 ὅπερ
1012 1376 1158 1455 παρὰ
1213 1384 1307 1434 τοῦ
1374 1380 1471 1442 τῆς
1541 1385 1880 1433 Κωνσταντι-

226 1461 531 1527 νουπόλεως
577 1461 774 1540 κλήρω
824 1464 923 1531 τὴν
973 1454 1130 1542 ἀγίαλ
1197 1454 1506 1540 Ῥωμαϊκὴν
1560 1461 1881 1530 Ἐκκλησίαν

2050 1281 2111 1346 3.
2140 1281 2418 1345 Attamen
2477 1282 2591 1345 hoc
2644 1284 2982 1363 paternitati
3023 1293 3236 1349 vestrm
3263 1294 3461 1351 tacere
3491 1307 3614 1351 non

1969 1388 2302 1451 possumus,
2335 1369 2493 1451 quod
2534 1387 2567 1433 a
2597 1371 2756 1433 clero
2789 1371 3441 1456 Constantinopolitano
3469 1395 3614 1449 san:

1965 1468 2118 1523 ctam
2149 1459 2474 1523 Romanam
2520 1459 2847 1524 Ecclesiam
2896 1462 3220 1544 vituperari
3256 1464 3613 1529 audivimus.

228 1548 564 1622 ὄ·;ειδίζεσθαι
619 1552 947 1627 ἀκηκόαμεν,
1009 1551 1244 1631 Ψὲγουσι
1300 1553 1466 1610 τοίνυν
1518 1552 1583 1608 τὰ
1624 1553 1880 1631 ἱερώτα·.α

1975 1547 2434 1629 Reprehendunt
2473 1548 2655 1626 igitur
2705 1551 3109 1614 sacratissima
3139 1572 3359 1635 azyma,
3394 1572 3524 1635 qum
3552 1556 3617 1618 in

230 1637 425 1714 ἄζυμα,
474 1639 625 1696 ἅτινα
683 1640 733 1697 ἐν
788 1647 865 1715 τῷ
909 1640 1118 1716 σώματι
1167 1646 1259 1698 τοῦ
1315 1648 1540 1720 Χριστοῦ
1596 1640 1881 1720 ἀγιάζομεν

227 1730 321 1784 καὶ
387 1726 861 1805 μεταλαμϐάνομεν
895 1745 908 1760 ⁸
995 1729 1092 1787 κάν
1188 1730 1357 1805 τούτῳ
1439 1731 1581 1806 ἡμᾶς
1668 1727 1879 1793 ἀσελεϊς

229 1823 325 1873 τοῦ
390 1820 547 1875 αὒτοῦ
619 1816 865 1893 σώματος
932 1818 1403 1898 κατασκευάζουσι,
1461 1819 1549 1874 καὶ
1606 1817 1713 1875 ἀπὸ
1784 1823 1880 1886 τῆς

231 1905 483 1973 ἑνότητος
555 1910 653 1973 τῆς
752 1903 1071 1973 Ἐκκλησίας
1133 1908 1392 1986 κρίνουσιν
1461 1905 1878 1987 ἀφωρισμένους,

231 1992 419 2076 ﬁnire?
476 1993 595 2050 ἄνευ
653 1994 841 2070 μίξεως
897 1995 1064 2070 ζύμης
1120 1996 1222 2063 τὴν
1265 1995 1612 2076 Εὒχαριστίαν
1668 1996 1879 2071 θύομεν.

238 2067 404 2142 ’.Οπού
467 2067 781 2159 ἡμεῖς-τὴν
849 2067 1074 2151 ἑνότητα
1143 2089 1240 2152 τῆς
1298 2067 1588 2152 καθολικῆς
1645 2067 1882 2151 Ἐκκλη-

233 2172 353 2236 σίας
398 2170 645 2252 φυλάξεαι
693 2173 859 2252 χωρὶς
912 2169 1281 2240 οἱουδηποτοῦν
1338 2174 1623 2253 σχήματος
1762 2172 1883 2253 σχί-

235 2261 465 2338 σματος]
535 2261 904 2336 ἐπιθυμοῦντες
948 2261 1002 2325 ὲς
1055 2262 1121 2317 τα
1177 2260 1408 2338 μάλιστα
1455 2263 1553 2329 τὴν
1609 2268 1714 2317 τῶν
1771 2261 1888 2333 ἀζύ-

234 2372 356 2425 μων
411 2352 706 2425 συνήθειαν,
767 2352 826 2407 οὔ
869 2349 1028 2425 μόνον
1069 2356 1137 2427 τῇ
1192 2349 1544 2427 ἀποπολικῇ,
1602 2348 1737 2427 ἆλλά
1778 2351 1885 2426 μὴν

234 2440 328 2495 καὶ
359 2441 490 2516 αὑτῇ
526 2436 590 2505 δὴ
644 2445 735 2494 το)
795 2439 979 2517 Κυρίου
1029 2438 1332 2519 κατείχομεν
1361 2437 1671 2519 παραδόσει.
1710 2419 1881 2515 εδμως

236 2527 357 2584 ἐπεὶ
423 2530 458 2596 ἡ
538 2534 631 2584 τοῦ
720 2527 936 2602 ὲνζύμου
1018 2526 1175 2606 ἄρτου
1257 2528 1368 2606 ἱερὰ
1460 2528 1676 2609 φύρασις
1744 2528 1887 2607 παρὰ

234 2623 347 2673 τῶν
391 2616 700 2695 ἁγιωτλὶτων
756 2617 843 2671 καὶ
901 2614 1169 2696 ὀρθοδόζον
1227 2615 1472 2697 Πατέρων
1526 2622 1631 2673 τῶν
1663 2613 1886 2673 Ἀνατο-

238 2704 408 2763 λικῶν
469 2703 801 2772 Ἐκκλησιεῦν
842 2703 1107 2786 ληφθεῖσα
1148 2705 1449 2762 πιστεύεται
1513 2706 1603 2762 καὶ
1648 2705 1886 2781 νομίμως

235 2798 502 2874 σχεθετσα
535 2813 549 2826 °
624 2792 874 2871 ἑκατέραν
944 2796 1224 2864 συνήθειαν
1270 2791 1348 2875 (4)
1421 2800 1624 2859 πιστῶς
1692 2799 1888 2852 συνιὼς-

1964 1656 2215 1718 corpore
2237 1636 2457 1701 Christi
2477 1640 2918 1703 sanctificamus
2939 1650 2998 1704 et
3018 1642 3335 1721 sumimus;
3360 1645 3616 1722 atquein

1967 1727 2080 1789 hoc
2111 1745 2219 1788 nos
2262 1736 2543 1807 expertes
2588 1728 2749 1791 illius
2797 1731 3066 1811 corporis
3112 1739 3405 1813 astruunt,
3440 1741 3500 1795 et
3537 1733 3613 1797 ab

1967 1816 2190 1876 unitate
2219 1814 2783 1897 Ecclesimjudicant
2799 1828 3124 1899 separatos;
3147 1820 3305 1901 quod
3329 1821 3613 1884 nimirum

1965 1903 2188 1985 absque
2218 1903 2495 1965 mistione
2526 1905 2802 1968 t'ermenti
2836 1908 3265 1970 Eucharistiam
3305 1908 3617 1973 sacriﬁce-

1968 2011 2124 2054 mus.
2147 1991 2262 2056 Ubi
2287 2011 2393 2055 nos
2418 1993 2702 2055 unitatem
2725 1996 3032 2058 catholicm
3045 1995 3327 2058 Ecclesim
3347 2014 3611 2075 servare,

1967 2083 2096 2142 sine
2112 2081 2380 2163 quolibet
2403 2082 2726 2146 schismate
2751 2083 3085 2166 cupientes,
3110 2085 3365 2147 maxime
3382 2101 3619 2166 azymo-

1965 2188 2096 2230 rum
2130 2170 2649 2245 consuetudinem,
2696 2191 2814 2233 non
2864 2175 3055 2235 solum
3111 2172 3457 2255 apostolica,
3507 2174 3615 2236 sed

1969 2258 2147 2319 etiam
2169 2257 2674 2337 ipsametDomini
2690 2260 3022 2323 retinemus
3044 2260 3617 2326 traditione.Tamen

1967 2346 2106 2427 quia
2128 2347 2467 2409 fermentati
2502 2347 2668 2428 panis
2697 2366 2867 2410 sacra
2898 2349 3259 2427 commistio,
3288 2369 3321 2411 a
3353 2350 3613 2412 sanctis-

1969 2461 1991 2495 ξ
2004 2435 2141 2497 imis
2158 2435 2621 2517 orlhodoxisque
2640 2436 3309 2502 PatribusOrientalium
3324 2439 3616 2503 Ecclesia-

1969 2542 2100 2585 rum
2123 2532 2366 2600 accepta
2390 2525 2677 2600 creditur,
2703 2543 2772 2588 ac
2791 2526 3057 2606 legitime
3079 2535 3240 2590 tenta
3263 2548 3279 2590 :
3303 2536 3617 2611 utramque

1970 2612 2466 2675 consuetudinem
2480 2613 2737 2677 fideliter
2751 2615 3173 2695 intelligamus,
3190 2616 3617 2699 intellectuque

1969 2700 2223 2781 spiritali
2248 2702 2568 2765 salubriter
2599 2704 3048 2777 conﬁrmamus,
3073 2708 3224 2770 Nam
3255 2706 3539 2769 fet-menti
3561 2715 3622 2770 et

1976 2790 2182 2853 t'arinm
2204 2790 2559 2868 commistio,
2606 2812 2721 2874 qua
2751 2790 3011 2857 Orientis
3039 2805 3284 2858 muutur
3309 2794 3615 2878 Ecclesiae,

237 2907 365 2959 μεν,
422 2885 510 2941 καὶ
578 2884 780 2939 συνέσει
856 2890 1188 2961 πνευματικῇ
1261 2885 1422 2962 ὑγιῶς
1480 2880 1885 2958 διαϐεϐαιῶμεν,

1975 2879 2261 2942 incarnati
2293 2879 2474 2943 Verbi
2496 2882 2760 2946 declarat
2781 2882 3467 2971 substantiam;simplex
3484 2903 3620 2947 vero

238 2967 310 3031 Ἠ
368 2973 466 3052 γὰρ
506 2977 606 3039 τῆς
660 2972 830 3048 ζύμης
888 2973 975 3028 καὶ
1030 2976 1128 3038 τῆς
1182 2970 1399 3051 ἀλεύρου
1449 2972 1689 3052 φύρασις,
1744 2975 1781 3049 ᾗ
1837 2975 1885 3028 αἱ

1975 2988 2163 3032 massa
2202 2989 2561 3050 azymorum,
2586 2989 2761 3053 quam
2804 2970 3075 3034 Romana
3123 2980 3286 3034 tenet
3329 2971 3619 3055 Ecclesia,

232 3069 341 3130 τῆς
395 3059 689 3135 Ἀνατολῆς
733 3067 971 3141 χρῶνται
1027 3057 1341 3128 Ἐκκλησίαι
1382 3061 1482 3129 τὴν
1536 3066 1629 3116 τοῦ
1671 3081 1886 3139 σαρκω-

233 3151 421 3216 θὲντος
507 3149 678 3228 Λόγου
720 3150 797 3226 (5)
901 3148 1237 3230 ἐμφαίνουσιν
1330 3149 1555 3230 οὐσίαν-⁸
1644 3150 1733 3206 καὶ
1826 3150 1888 3206 τὸ

657 3330 744 3351 Ἀεξ
783 3326 872 3351 1η·-

1974 3058 2288 3141 puritatem
2328 3061 2605 3123 humanm
2631 3061 2854 3137 carnis,
2887 3081 3062 3143 quam
3090 3062 3311 3144 placuit
3329 3062 3625 3125 divinitati

1972 3148 2087 3209 sibi
2114 3149 2311 3230 unire,
2344 3149 2492 3212 citra
2524 3151 2989 3213 controversiam
3017 3159 3430 3232 reprmsentat.

114 3288 133 3296 -
232 3239 440 3299 ἆπλοῦν
468 3227 679 3320 φύραμα
706 3245 810 3294 τὼν
842 3227 1076 3317 ἀζύμων,
1113 3236 1241 3318 ὅπερ
1282 3238 1318 3307 ἡ
1361 3243 1465 3295 τῶν
1510 3227 1782 3314 Ῥωμαίων
1810 3251 1997 3317 κρατεῖ
2025 3227 2338 3321 Ἐκκλησία,
2401 3241 2500 3309 τὴν
2541 3244 2873 3320 καθαρότητα
2920 3247 3019 3309 τῆς
3068 3227 3397 3321 ἀνθρωπίνης
3428 3243 3620 3322 σαρκὸς

232 3330 309 3396 ἦν
337 3330 372 3396 ἡ
397 3328 585 3394 θεότης
620 3330 751 3402 αὐτῇ
779 3326 971 3382 ἐνῶσαι
1001 3323 1322 3400 ηὑδόκησεν,
1352 3323 1741 3404 ἀναντιῤῥήτως
1770 3325 2114 3406 παρίστησεν.

323 3406 393 3479 δ’.
428 3414 793 3493 Ἐπιτιμητέοι
840 3417 1010 3471 τοίνυν
1059 3416 1200 3493 παρὰ
1253 3421 1355 3484 τῆς
1409 3414 1662 3494 ὑμετέρας
1691 3414 1885 3494 πατρό-

232 3528 404 3573 τητος
434 3507 480 3561 οἱ
511 3504 676 3569 οὕτως
726 3502 949 3566 ἀναιδῶς
1005 3517 1125 3569 τοῖς
1167 3508 1332 3585 ἱεροτς
1389 3506 1479 3561 καὶ
1507 3502 1886 3566 ἀποστολικοϊς

232 3596 557 3671 θεσπίσμασι
624 3591 986 3669 ἀντιλέγοντες
1023 3613 1037 3628 ·
1129 3596 1218 3650 καὶ
1299 3594 1354 3650 ὲν
1407 3591 1519 3667 ὅσῳ
1587 3590 1888 3668 οἰκοδομεῖν

232 3685 587 3762 διανοοῦνται,
634 3683 694 3740 οὑ
747 3682 908 3759 μόνον
964 3683 1032 3739 τὰ
1080 3681 1469 3759 ᾠκοδομημένα
1527 3682 1886 3761 καθαίρουσιν,

235 3772 381 3830 ἀλλὰ
406 3774 494 3829 καὶ
521 3771 645 3828 αὐτὸ
694 3773 757 3827 τὸ
809 3769 1052 3846 θεμέλιον
1109 3770 1454 3852 διορύττουσι,
1486 3771 1673 3838 Μάτην
1717 3772 1815 3849 γὰρ
1842 3772 1890 3825 οἱ

238 3861 639 3941 μακαριώτατοι
694 3859 888 3939 Πέτρος
950 3862 1037 3917 καὶ
1092 3861 1298 3924 Παῦλος
1354 3861 1452 3927 τὴν
1503 3857 1698 3917 Ἰαλίαν
1755 3858 1888 3928 ἐκή-

240 3949 422 4032 ρυξαν,
457 3952 500 4006 εἷ
527 3955 671 4006 πᾶσα
712 3951 746 4017 ἡ
782 3949 977 4016 Δυτικὴ
1021 3947 1330 4025 Ἐκκλησία,
1377 3948 1483 4004 ἀπὸ
1509 3953 1609 4015 τῆς
1640 3945 1889 4022 εὔδαιμο-

239 4040 361 4103 νίας
418 4043 517 4105 τῆς
575 4034 748 4094 ἀϊδίου
814 4042 956 4109 ζωῆς
1013 4039 1308 4116 ὑστερεϊται
1342 4056 1359 4073 ο
1428 4038 1561 4116 πρὸς
1611 4036 1676 4102 ἣν
1727 4033 1889 4097 οὐδεὶς

239 4128 545 4208 ἀφικνεῖται
585 4124 674 4181 ἐὰν
705 4125 783 4200 μὴ
836 4125 1068 4207 μέτοχος
1111 4127 1328 4205 γένηται
1368 4136 1462 4185 τοῦ
1513 4124 1758 4200 σώματος
1804 4125 1891 4180 καὶ

2051 3415 2111 3478 4.
2145 3413 2353 3496 Itaque
2394 3416 2671 3497 redargui
2714 3417 2936 3481 debent
2963 3438 2999 3481 a
3025 3428 3220 3481 vestra
3267 3418 3619 3501 paternitate

1969 3503 2070 3586 qui
2092 3504 2244 3568 adeo
2270 3505 2655 3585 impudenter
2669 3505 2854 3568 sacris
2874 3508 3338 3588 apostolicisque
3364 3507 3621 3570 sanctio-

1973 3592 2148 3654 nibus
2172 3593 2631 3671 contradicunt;
2666 3603 2726 3656 et
2755 3595 2816 3656 in
2846 3615 2961 3677 quo
2992 3596 3291 3660 mdificare
3319 3595 3618 3659 arbitran-

1975 3688 2091 3761 tur,
2126 3699 2243 3741 non
2267 3681 2459 3742 solum
2488 3681 2773 3744 mditicata
2804 3681 3136 3758 destruunt,
3167 3684 3272 3746 sed
3303 3683 3376 3746 ad
3410 3683 3622 3747 funda-

1974 3777 2241 3831 mentum
2254 3769 2449 3849 ipsum
2468 3771 2760 3833 effodiunt
2797 3773 3035 3835 Frustra
3054 3774 3273 3855 quippe
3292 3771 3622 3835 beatissimi

1978 3862 2182 3918 Petrus
2204 3870 2262 3921 et
2295 3861 2512 3920 Paulus
2536 3865 2592 3920 in
2613 3861 2776 3924 Italia
2807 3862 3227 3944 prmdicarunl,
3252 3860 3301 3923 si
3321 3859 3625 3925 Occiden-

1974 3945 2104 4007 talis
2131 3945 2421 4022 Ecclesia,
2473 3946 2793 4012 beatudine
2823 3950 3205 4031 sempiternm
3233 3951 3366 4012 vitm
3419 3949 3623 4031 priva-

1976 4041 2072 4094 tur
2094 4046 2118 4095 .“
2134 4034 2205 4095 ad
2231 4054 2409 4115 quam
2437 4054 2611 4113 nemo
2634 4038 2968 4118 perveniet,
2993 4038 3106 4101 nisi
3130 4039 3433 4121 particeps
3447 4038 3628 4101 fuerit

1975 4122 2249 4202 corporis
2275 4133 2332 4184 et
2360 4124 2663 4204 sanguinis
2684 4126 2921 4202 Christi,
2959 4127 3113 4190 sicut
3152 4128 3281 4207 ipse
3323 4135 3623 4191 contesta-

239 4215 479 4291 α”ματος
541 4221 632 4270 του
702 4221 948 4294 Χριστοῦ,
1005 4216 1178 4279 καθὼς
1247 4216 1400 4278 αὐτὸς
1458 4212 1833 4292 διεμαρτύρατο
1868 4233 1880 4243 ·

1975 4222 2064 4272 tus
2087 4219 2179 4273 est
2202 4234 2216 4272 :
2241 4212 2382 4276 Nisi
2399 4215 2782 4278 comederitis
2802 4234 3047 4280 carnem
3067 4217 3225 4281 Filii
3246 4219 3538 4293 hominis,
3566 4223 3626 4280 et

249 4328 285 4360 ι
359 4302 481 4363 Ἐὰν
536 4302 615 4380 μὴ
670 4302 865 4361 ἐσθίντε
918 4303 1017 4370 τὴν
1089 4303 1256 4382 σάρκα
1306 4311 1399 4362 τθὺ
1468 4305 1591 4358 Υἱοῦ
1648 4305 1741 4356 τοῦ
1796 4299 1885 4356 ἀν-

1968 4304 2333 4381 sanguinem
2343 4304 2472 4384 ejus
2490 4303 2784 4380 biberitis,
2799 4323 2922 4369 non
2943 4306 3239 4371 habebitis
3251 4310 3438 4371 vitam
3452 4309 3519 4370 in
3529 4323 3628 4372 vo-

1485 4447 1659 4512 Joan.
1694 4450 1862 4529 Bapt.
1894 4448 2176 4512 Cotelerii
2206 4458 2379 4515 notm.

338 4582 416 4664 (3)
439 4603 467 4643 σ
491 4581 943 4664 Οἰκοδομῇσομεν.
964 4606 991 4638 ιι
1007 4583 1146 4646 Post
1171 4580 1557 4664 Philonem‘in
1574 4582 1894 4664 Fragment

246 4660 358 4739 tis,
375 4663 609 4745 p._1199_
625 4662 696 4745 A_,
713 4661 756 4724 Ι.
772 4666 832 4745 ‘2,
850 4663 925 4745 de
941 4664 1181 4744 Septem
1202 4662 1403 4745 mundi
1420 4660 1746 4745 miraculis:
1771 4661 1891 4745 ’λῖθ’

243 4748 325 4799 ὧν
368 4740 511 4801 οὑδέν
573 4742 760 4824 ὄφελος
817 4740 1039 4821 ἐγένετο
1080 4758 1198 4808 τοῖς
1270 4741 1707 4824 οἰκοδομήμασιν,
1752 4740 1893 4824 πλῆν

250 4831 443 4905 μικρᾶς
475 4820 668 4905 δόξης.Δ
687 4820 1050 4901 Legendum,
1084 4822 1502 4905 οἶκοδοκήσασιν.
1542 4822 1647 4905 Ea:
1675 4820 1895 4902 quibus

246 4901 490 4965 nullum
513 4901 983 4965 emolumentum
1000 4905 1271 4979 provenit
1283 4901 1717 4981 conditoribus,
1731 4918 1894 4981 prte-

251 4992 345 5046 ter
368 5001 621 5063 parram
636 4982 917 5061 gloriam.
934 4981 1567 5063 EstscholiumNicetm
1587 4979 1894 5063 Serrensis

250 5063 333 5124 ad
355 5061 680 5124 orationem
704 5063 781 5125 20
817 5063 1086 5142 Gregorii
1115 5061 1514 5134 Nazianzeni;
1548 5061 1757 5125 liomil.
1796 5063 1889 5142 19.

249 5142 457 5207 Basilii
490 5142 911 5219 Seleuciensis,
947 5141 1046 5205 ubi
1101 5144 1176 5205 de
1233 5142 1598 5216 Abrahamo,
1653 5141 1895 5221 Προεώρα

255 5226 386 5280 Θεὸν
464 5226 861 5300 οἶκονομοῦντα,
938 5224 1178 5306 προεώρα
1248 5226 1377 5280 Θεὸν
1460 5221 1520 5278 ἐκ
1574 5221 1894 5306 τῆς-αὑτῆς

254 5304 481 5384 φύσεως,
516 5305 606 5359 τὸν
650 5305 948 5381 οἰκονομίας
981 5299 1126 5362 ’ναὸν
1176 5305 1573 5378 οἷκονομοὺντα,
1620 5300 1710 5361 vel
1742 5299 1893 5361 forte

255 5381 627 5459 οἰκοδομουντα
638 5430 650 5445 .

344 5454 482 5541 μίγα
509 5454 790 5544 Ἒκατὲραν
824 5467 1120 5544 συνήθειαν,
1167 5486 1191 5521 ι
1227 5462 1291 5523 Si
1312 5480 1490 5544 quem
1516 5461 1663 5524 forte
1691 5477 1896 5522 remo-

255 5550 466 5604 rentur
487 5541 665 5605 verba
696 5541 1029 5623 Ratramni,
1059 5542 1166 5608 lib.
1211 5561 1267 5606 iv
1294 5541 1519 5609 Contra
1549 5544 1899 5610 ercorum

1976 4580 2290 4672 Opposita,
2304 4589 2506 4672 cap.2,
2522 4604 2689 4672 p_._m_:
2706 4589 2886 4672 Rogo.
2905 4604 3041 4672 qua:
3050 4589 3132 4651 sit
3149 4589 3265 4672 is_ta
3288 4592 3620 4672 sapientia,

1974 4663 2064 4726 vel
2089 4663 2285 4749 saeroé
2308 4663 2468 4728 zelus
2487 4663 2827 4749 religionis",
2850 4663 2935 4731 αι’
2961 4670 3129 4732 circa
3177 4663 3477 4733 Romanos
3502 4687 3626 4733 non

1974 4746 2253 4830 potiantu
2262 4764 2296 4805 ν
2311 4746 2703 4830 imperatores
2709 4746 3086 4830 graecorum,
3105 4750 3262 4830 quod
3273 4752 3338 4812 in
3360 4757 3480 4813 toto
3493 4768 3627 4812 sus-

1976 4825 2130 4887 tinet
2151 4826 2292 4888 orbe
2314 4825 2677 4889 universalis
2698 4827 2994 4903 Ecclesia,
3015 4837 3071 4890 et
3094 4825 3274 4892 velint
3296 4848 3334 4892 a
3350 4847 3462 4892 sua
3479 4847 3630 4892 con-

1975 4904 2296 4990 suetudine
2308 4925 2415 4970 nee
2432 4905 2734 4990 Romanos
2745 4927 2853 4971 nec
2878 4908 3300 4990 Occidentales
3311 4909 3624 4990 «licerepa-

1976 5002 2061 5046 re.
2090 4987 2579 5066 quandoquidem
2600 4992 2946 5051 Lrientnles
2965 4989 3319 5053 multimoda
3329 4987 3625 5065 separen-

1978 5070 2082 5126 tur
2094 5066 2568 5149 varietntechec
2585 5070 2713 5145 ipsa
2724 5072 3015 5132 Constant
3021 5068 3473 5149 inopolisunius
3487 5084 3627 5132 con-

1977 5146 2321 5210 suetudinis
2344 5154 2426 5209 est
2448 5164 2619 5210 more
2640 5155 2954 5220 contenta;
2985 5146 3138 5212 sicut
3155 5149 3205 5211 is
3222 5146 3378 5214 facili
3410 5166 3625 5211 emen-

1979 5222 2219 5309 datione
2250 5226 2633 5289 scribendum
2666 5246 2821 5303 esse,
2853 5229 3154 5293 varietate
3186 5252 3204 5305 ς
3245 5245 3357 5291 nec
3387 5230 3542 5309 ipsa.

2061 5308 2156 5388 λ
2195 5331 2224 5388 ᾳ
2260 5310 2365 5376 Τὴν
2404 5315 2496 5365 τοῦ
2535 5310 2891 5386 σαρκωθέντος
2930 5310 3103 5388 Λόγου
3140 5312 3340 5372 οὖσίαν,
3373 5306 3625 5388 {Unam

1978 5381 2162 5448 Verbi
2191 5386 2482 5449 incarnati
2515 5381 2807 5463 naturam,
2834 5381 3254 5464 substantiam,
3278 5387 3624 5465 essentiam,

1982 5481 2295 5543 personam
2329 5514 2346 5541 ,
2403 5466 2636 5530 duabus
2692 5467 2941 5545 naturis,
2991 5467 3191 5534 divina
3239 5476 3302 5532 et
3366 5469 3627 5533 humana

1980 5554 2375 5613 constantem.
