4050 6124
325 203 443 270 75τ

1811 202 2224 270 ΕΡΙΒΤΟΙηΕ.

3569 197 3691 264 758

318 355 444 407 ταῖς
531 356 656 411 σαῖς
741 347 914 425 ἁγίαις
996 342 1404 425 ὲπερειδόμενοι.
1498 340 1646 409 Πλὴν
1727 337 1932 420 ἐρυθριᾷ

2020 333 2208 419 .disti,
2231 336 2411 401 homo
2436 338 2568 414 Dei,
2595 339 2738 402 dum
2772 297 3520 419 magnis’mediocritatem
3562 354 3678 400 n0-

316 432 462 507 ἧμᾶς
564 424 954 512 παρεσκύασας,
1034 424 1271 513 ἄνθρωπε
1350 438 1445 491 τοῦ
1518 435 1675 504 Θεοῦ,
1755 427 1933 507 μεγάλς

2043 432 2224 488 stram
2249 427 2428 490 effers
2453 425 2765 506 laudibus;
2797 445 3047 510 quarum
3075 426 3300 490 nullius
3327 424 3501 489 nobis
3530 444 3682 489 con-

313 525 384 597 τῇ
481 522 715 602 ἡμετέρᾳ
794 522 1223 603 ἐπιγραψάμενος
1309 520 1614 600 μετριότητι
1682 517 1933 599 κατορθώ-

2041 513 2172 603 scii,
2201 515 2640 599 erubescimus,
2671 515 2821 580 mihi
2859 516 3060 580 crede.
3095 515 3297 598 Neque
3326 514 3485 603 enim
3517 513 3678 578 aliud

310 630 479 684 ματα,
537 613 613 666 ὧν
681 610 829 669 οὗδὲν
910 613 1123 675 ἑαυτοῖς
1198 608 1585 689 συνεγνωκότες
1654 605 1954 689 αἰδούμεθα,

305 701 540 759 πίστευε.
586 698 715 758 Οόδὲ
747 701 852 782 γάρ
896 699 1028 757 ἄλλο
1075 723 1127 758 τι
1182 700 1453 775 σύνισμεν,
1515 699 1560 755 εἰ
1616 698 1695 774 μὴ
1752 696 1833 754 ὅτι
1892 718 1953 777 γε

309 787 473 862 μόνον
539 791 838 864 Χριστιανοὶ
879 787 1135 867 ὀρδόδοξοί
1176 788 1335 864 ἐσμεν
1366 805 1382 822 ⁶
1455 788 1683 867 βραχεῖς
1754 785 1854 862 μὲν
1896 785 1951 845 ἒν

310 873 614 955 ἀρχιερεῦσι
682 884 816 935 Θεοῦ
873 875 1000 958 [ΑΙ.
1060 876 1251 940 inser.
1308 873 1504 953 ὅντεςΙ,
1561 873 1836 956 ἐλάχιστοι
1895 874 1950 932 δὲ

307 962 522 1021 πάντων
587 966 676 1023 καὶ
734 963 910 1024 δοῦλοι
978 972 1085 1022 τῶν
1153 962 1350 1021 δούλων
1405 969 1497 1021 τοῦ
1550 963 1738 1043 Κυρίου
1796 966 1951 1040 ἡμῶν

307 1048 488 1119 ἰησοῦ
542 1061 792 1134 Χριστοῦ,
851 1052 1113 1132 Ἐσόμεθα
1166 1051 1221 1109 δὲ
1276 1050 1413 1117 ἴσως
1488 1061 1740 1129 τοιοῦτοι,
1799 1054 1948 1119 οἵους

305 1139 452 1215 ἡμᾶς
479 1142 514 1210 ἡ
562 1143 632 1211 σὴ
677 1143 1072 1223 ἑπεμαρτύρησε
1125 1141 1326 1223 γραφὴ,
1384 1142 1429 1198 εἰ
1469 1141 1569 1209 τὴν
1618 1140 1748 1220 ὑπὲρ
1787 1142 1945 1219 ἡμῶν

300 1230 435 1308 πρὸς
467 1232 595 1287 Θεὸν
621 1230 910 1300 πληθυνεῖς
940 1230 1144 1300 δέησιν.

381 1307 459 1394 β’.
518 1322 826 1402 Περιείχετο
905 1327 975 1398 τῇ
1046 1320 1195 1396 τιμία
1272 1325 1451 1401 γραφῇ
1518 1325 1619 1388 τῆς
1674 1318 1941 1401 θεοφιλίας

297 1427 396 1466 σου
436 1406 551 1483 (9),
595 1410 712 1489 περὶ
765 1414 866 1478 τῆς
934 1410 1037 1467 ὑπὸ
1106 1409 1167 1466 σὲ
1228 1408 1530 1488 ἁγιωτάτης
1593 1407 1937 1488 Ἐκκλησίας,

2037 601 2099 663 in
2132 603 2303 667 nobis
2350 606 2746 687 agnoscimus,
2778 605 2895 668 nisi
2940 604 3003 667 id
3044 623 3253 683 unum,
3285 602 3443 687 quod
3471 622 3675 667 sumus

2034 689 2358 757 Christiani
2387 695 2748 773 orthodoxi;
2780 693 2974 774 exigui
3002 694 3162 757 inter
3188 692 3300 757 Dei
3342 691 3675 773 pontiﬁces,

2035 780 2267 844 minimi
2291 782 2583 857 omnium,
2604 802 2672 847 ac
2705 783 2858 846 servi
2879 800 3192 846 servorum
3220 780 3461 845 Domini
3488 779 3677 843 nostri

2031 870 2172 932 Jesu
2202 872 2445 936 Christi.
2480 875 2717 936 Erimus
2764 879 2964 936 autem
3017 872 3215 936 forsan
3265 869 3431 933 tales.
3468 869 3676 952 quales

2032 977 2141 1020 nos
2189 978 2321 1023 esse
2367 968 2637 1025 attestata
2684 968 2776 1025 est
2826 960 3077 1043 epistola
3124 969 3244 1039 tua,
3278 958 3330 1023 si
3360 965 3488 1023 tuas
3529 977 3669 1041 erga

2028 1045 2216 1110 Deum
2249 1067 2355 1131 pro
2385 1048 2557 1113 nobis
2588 1067 2800 1131 preces
2829 1047 3091 1114 auxeris.

2105 1313 2164 1378 2.
2199 1278 2756 1398 Complectebantur
2801 1313 3169 1379 honoranda;
3211 1312 3423 1376 litteras
3461 1319 3579 1375 tua;
3603 1311 3667 1375 in

2021 1400 2209 1465 Deum
2277 1404 2626 1482 charitatis,
2686 1405 2762 1468 de
2815 1403 3190 1469 sanctissima
3254 1400 3520 1465 Ecclesia
3571 1401 3671 1464 cui

294 1495 373 1559 ὡς
422 1498 451 1552 6
497 1511 785 1579 κορυφαῖος
837 1498 943 1556 τῶν
1000 1497 1312 1557 ἀποστόλων
1341 1497 1534 1579 Πέτρος
1586 1498 1782 1566 ταύτην
1840 1520 1933 1555 συ-

2025 1510 2232 1572 preces,
2267 1494 2424 1575 quod
2443 1513 2713 1556 summus
2741 1493 3145 1575 apostolorum
3166 1493 3394 1592 Petrus,
3418 1508 3548 1552 eam
3580 1489 3671 1592 in-

294 1584 654 1660 στησάμενος,
741 1586 1032 1667 ἐνεχείρισε
1119 1588 1197 1663 τῷ
1280 1587 1413 1665 ἁγίῳ
1487 1584 1770 1661 ἀποστόλῳ
1852 1589 1933 1645 καῖ

2023 1582 2305 1665 stitucrit,
2326 1582 2761 1664 tradideritque
2781 1590 2985 1644 sancto
3005 1580 3271 1662 apostolo
3295 1586 3354 1642 et
3372 1579 3671 1660 evangeli-

294 1671 647 1752 εὖαγγελιστῇ
692 1675 890 1756 Μάρκῳ
922 1694 938 1710 '
982 1672 1068 1756 ὑφ’
1117 1676 1177 1732 οὖ
1219 1677 1247 1732 6
1297 1675 1492 1742 ταύτης
1543 1676 1813 1755 προεστὼς
1863 1678 1938 1741 εἰς

291 1759 440 1827 τάξιν
468 1764 556 1819 καὶ
607 1772 771 1840 τιμὴν
830 1763 1045 1844 ἀνήχθη
1088 1763 1417 1843 πατριάρχου
1451 1780 1467 1795 ⁸
1526 1764 1663 1822 ὥστε
1697 1779 1935 1844 ,κρατεῖν

290 1849 382 1905 καὶ
410 1846 597 1930 ἄρχειν
625 1849 711 1908 διὰ
765 1856 864 1920 τῆς
916 1843 1252 1917 διδασκαλίας
1286 1870 1302 1887 ⁸
1360 1851 1457 1908 κάν
1512 1866 1634 1916 ταῖς
1691 1843 1935 1929 ιΡωμαϊ.

288 1950 418 2001 κατς
473 1939 833 1997 συνελεύσεσιν
903 1940 963 1997 ἐκ
1029 1939 1209 2008 δεξιῶν
1290 1940 1433 1997 εἶναι
1499 1946 1592 1998 τοῦ
1648 1943 1937 2021 μακαρίτου

291 2023 430 2111 [ΛΠ.
504 2029 936 2111 μακαριωτάτου]
1009 2030 1162 2091 πάπα
1237 2026 1583 2109 συγκάθεδρον
1616 2048 1632 2063 ο
1702 2031 1792 2086 καὶ
1859 2033 1935 2096 ὡς

288 2108 528 2195 εὐχερῶς
598 2115 745 2197 ἔχεις
817 2117 877 2175 ἔκ
910 2108 1175 2175 Ῠπαλαιῶν
1227 2116 1430 2195 [Αίίαί.
1488 2108 1721 2196 πολλῶν]
1777 2128 1933 2179 τοῦτο

285 2201 456 2269 δεῖξαι
530 2206 766 2284 πράξεων
800 2226 813 2240 ·
888 2205 968 2263 ὅτι
1040 2206 1146 2263 ἀπὸ
1215 2215 1309 2265 τοῦ
1376 2206 1526 2284 ἁγίου
1582 2205 1781 2284 Πέτρου
1837 2209 1932 2278 τὴν

286 2299 560 2372 μονομερῆ
592 2296 988 2376 πατριαρχικην
1039 2293 1257 2369 κλῆσιν,
1304 2297 1333 2351 6
1391 2295 1483 2358 σὸς
1539 2294 1718 2366 θρόνος
1774 2295 1935 2364 ἐκλη-

286 2381 495 2459 ρώσατο
527 2401 546 2418 ο
592 2385 680 2440 καὶ
711 2381 795 2441 δεῖ
843 2405 911 2459 με
952 2386 1026 2447 ὡς
1082 2384 1416 2464 πατριάρχου
1468 2384 1535 2439 τὰ
1589 2385 1656 2445 σα
1697 2382 1932 2450 δέξασθαι

284 2469 597 2549 γράμματα,
645 2472 732 2528 καὶ
793 2474 910 2552 περὶ
963 2472 1189 2536 πίστεως
1249 2471 1637 2551 ὲγγραμμάτως
1680 2472 1935 2550 ὁμιλῆσαι

284 2579 395 2619 σοι,

370 2636 447 2726 γ’.
484 2648 581 2706 Καὶ
606 2649 641 2717 ἡ
670 2646 775 2725 ἐμὴ
831 2649 1110 2730 βραχύτης
1155 2646 1294 2728 [ΑΗ.
1353 2648 1657 2732 βριλύτης],
1690 2653 1937 2733 ἱερώτατε

286 2737 614 2812 πνευματικὲ
709 2736 921 2819 sanes,
1011 2741 1114 2819 οὐχ
1189 2741 1262 2802 ὡς
1344 2739 1677 2821 πατριάρχου
1772 2742 1936 2819 μόνου

2018 1676 2124 1731 stac
2145 1674 2341 1734 Marco
2368 1692 2385 1753 ;
2417 1690 2486 1733 ex
2516 1690 2633 1752 quo
2664 1669 2823 1732 illius
2868 1668 3116 1732 antistes
3163 1668 3227 1731 in
3277 1667 3550 1731 ordinem
3596 1687 3666 1731 ac

2019 1758 2309 1823 honorem
2343 1760 2695 1840 patriarchae
2723 1765 2960 1821 evectus
2988 1756 3089 1834 sit,
3114 1765 3180 1819 ut
3222 1764 3571 1839 potestatem
3604 1764 3665 1821 et

2019 1848 2413 1929 principatum
2444 1848 2707 1910 obtineat
2733 1866 2840 1928 per
2866 1846 3223 1922 doctrinam,
3255 1844 3509 1926 atquein
3539 1844 3666 1908 Ro-

2019 1938 2210 1998 manis
2239 1936 2631 2001 conventibus
2659 1956 2692 1998 a
2714 1934 2937 2000 dextris
2964 1934 3119 1998 beati
3147 1953 3311 2016 papae
3331 1932 3661 2011 consideat;

2016 2024 2293 2108 quodque
2321 2026 2496 2089 facile
2527 2025 2742 2108 possis,
2776 2026 2890 2087 hoc
2921 2032 3009 2086 est
3046 2023 3305 2104 antiquis
3344 2021 3665 2104 multisque

2014 2115 2183 2189 actis,
2217 2116 2559 2197 ostendere,
2578 2113 2808 2178 scilicet
2829 2113 3033 2175 sedem
3057 2120 3215 2175 tuam
3245 2130 3280 2173 a
3306 2118 3513 2174 sancto
3542 2110 3660 2175 Pe-

2015 2210 2105 2264 tro
2133 2205 2396 2267 sortitam
2432 2222 2565 2266 esse
2597 2202 2917 2285 specialem
2952 2201 3384 2283 patriarcbatus
3400 2201 3659 2281 appella-

2015 2291 2237 2354 tionem
2265 2314 2281 2367 ;
2313 2293 2594 2374 quodque
2623 2300 2890 2373 oporteat
2906 2299 2969 2353 ut
2992 2309 3101 2371 ego
3126 2290 3352 2353 litteras
3373 2297 3501 2351 tuas
3522 2295 3660 2353 tan-

2013 2399 2186 2461 quam
2220 2382 2573 2464 patriarcha:
2602 2379 2943 2462 suscipiam,
2966 2398 3034 2443 ac
3059 2379 3134 2443 de
3156 2378 3273 2441 ﬁde
3295 2396 3402 2460 per
3432 2377 3662 2441 litteras

2017 2477 2212 2531 tecum
2248 2470 2579 2551 colloquar.

2099 2647 2160 2711 3.
2191 2647 2265 2709 At
2295 2665 2422 2709 mea
2459 2646 2737 2725 tenuitas,
2771 2644 3175 2710 sacratissime
3220 2642 3507 2726 Spiritalis
3539 2643 3662 2707 fra-

2020 2742 2130 2808 ter,
2168 2756 2286 2799 non
2316 2736 2492 2798 modo
2523 2746 2587 2801 ut
2618 2736 2991 2818 patriarchae,
3020 2735 3126 2798 sed
3150 2741 3215 2795 ut
3239 2732 3522 2814 apostolis
3551 2753 3660 2816 pa-

286 2824 436 2903 [ΑίΙ.
508 2824 717 2906 μόνον],
799 2825 919 2884 ἀλλ’
988 2829 1063 2892 ὡς
1146 2826 1497 2885 ἶσαποστόλου
1554 2831 1642 2887 καὶ
1698 2829 1933 2910 μεγάλου

2020 2826 2123 2900 ris,
2156 2826 2478 2907 magnique
2510 2825 2807 2908 pontiﬁcis
2838 2824 2966 2899 Dei,
2999 2824 3228 2887 litteras
3259 2830 3387 2884 tuas
3434 2821 3664 2904 recepit

283 2935 579 2995 αρχιερεως

280 3005 662 3083 προσηκούσης
716 3008 881 3080 τιμῆς
963 3003 1172 3071 ἐδέξατο
1254 3006 1343 3061 καὶ
1419 3004 1722 3074 ἠσπάσατο.
1788 3006 1934 3081 Πλὴν

281 3092 348 3150 ἑκ
389 3095 579 3161 νηπίου
638 3091 784 3170 [Αιι.
844 3093 1032 3156 inser.
1084 3094 1190 3171 aut]
1254 3092 1419 3173 μέχρι
1476 3095 1656 3174 γήρως
1696 3110 1815 3163 τοῖς
1850 3102 1931 3156 ἱε-

280 3195 400 3261 ροῖς
464 3180 730 3262 ἐντραφεὶς
788 3182 1088 3262 γράμμασι,
1158 3182 1246 3239 καὶ
1299 3188 1368 3259 τῇ
1422 3183 1623 3240 τούτων
1684 3185 1930 3266 ἀναγνώ-

278 3292 365 3327 σει
435 3269 719 3351 σχολάζων
790 3270 896 3351 ἀεὶ,
981 3269 1184 3328 οὒδέπω
1262 3268 1491 3348 οὖδαμοῦ
1543 3271 1668 3353 παρ’
1722 3274 1929 3343 οὐδενὸς

280 3358 478 3435 ἔμαθον
533 3358 570 3427 ἢ
639 3358 842 3427 ἥκουσα
910 3358 1074 3440 μέχρι
1156 3364 1255 3427 τῆς
1328 3357 1466 3439 ἄρτι,
1534 3364 1624 3419 τὸν
1679 3363 1929 3445 πρόεδρον

278 3446 530 3512 Ἀκυλίας
563 3446 686 3527 [ΑΗ
743 3445 1034 3516 Ἀκυληίας
1065 3453 1123 3511 et
1162 3445 1460 3529 Ἀκοιλίας]
1511 3447 1629 3517 ἤτοι
1660 3454 1925 3526 Βενετίας,

276 3536 622 3617 πατριάρχην
690 3537 1059 3612 ὀνομάζεσθαι.
1130 3536 1292 3594 Πέντε
1379 3537 1478 3618 γὰρ
1560 3537 1615 3594 ἐν
1688 3538 1799 3617 ὅλῳ
1853 3550 1930 3619 τῷ

272 3625 466 3701 κόσμιρ
533 3627 636 3682 ὑπὸ
716 3630 816 3693 τῆς
863 3626 1035 3708 ’θείας
1123 3626 1444 3702 ᾠκονομήθη
1502 3627 1724 3708 χάριτος
1784 3632 1928 3689 εἷναι

270 3714 633 3795 πατριάρχας,
705 3715 797 3770 τὸν
862 3704 1100 3790 Ῥωμης,
1172 3716 1265 3771 τὸν
1324 3704 1927 3786 Κωνστ-έντινουπόλεως

270 3805 366 3859 τὸν
423 3799 816 3883 Ἀλεξανδρείας
886 3805 977 3859 τὸν
1048 3801 1402 3884 Ἀντιοχείας,
1476 3805 1563 3861 καὶ
1618 3807 1710 3861 τὸν
1772 3797 1926 3887 Ἰερο-

265 3890 543 3967 σολύμωι.
589 3889 735 3948 Ἀλλ’
802 3890 919 3949 οὔδε
986 3893 1188 3950 τούτων
1260 3891 1483 3956 ἕκαστος
1552 3894 1741 3971 κυρίως
1810 3918 1925 3953 πα-

267 3980 536 4061 τριάρχης
565 3978 810 4037 καλεῖται
844 3998 860 4013 ⁸
916 3987 1365 4060 καταχρηστικῶς
1408 3979 1463 4037 δὲ
1508 3980 1660 4060 [Αιι.
1703 3982 1758 4040 δὲ
1782 3985 1925 4041 πάν-

263 4069 387 4149 τες]
489 4068 932 4149 ἀνακηρύττονται
1039 4067 1185 4149 [ΑΗ.

674 2921 827 2988 Θεοῦ,
915 2917 982 2972 τὰ
1063 2916 1353 2996 γράμματά
1437 2938 1531 2975 σου
1612 2920 1748 2995 μετά
1832 2928 1933 2990 τῆς

2020 2922 2075 2976 et
2100 2917 2370 2997 amplexa
2392 2924 2482 2977 est
2511 2934 2644 2977 cum
2678 2916 2906 2977 honore
2944 2912 3342 2978 convenienti.
3373 2913 3598 2973 Verum
3628 2930 3663 2975 a

2016 3024 2203 3086 puero
2233 3004 2306 3068 ad
2337 3012 2703 3067 senectutem
2727 3021 2911 3085 usque
2942 3002 3127 3065 sacris
3154 2999 3474 3062 innutritus
3496 2999 3660 3063 litte-

2012 3093 2116 3156 ris.
2164 3112 2487 3176 earumque
2517 3092 2760 3155 lectioni
2792 3110 3008 3155 vacans
3055 3090 3317 3171 assidue,
3354 3107 3657 3171 nunquam

2013 3182 2181 3245 nllibi
2231 3182 2303 3245 ab
2352 3183 2472 3244 ullo
2530 3181 2736 3256 didici,
2788 3184 2876 3244 vel
2916 3180 3113 3243 audivi
3156 3197 3344 3261 usque
3374 3178 3449 3241 ad
3498 3179 3659 3242 hunc

2012 3271 2195 3343 diem,
2221 3271 2535 3354 praesulem
2566 3270 2852 3351 Aquileia:
2887 3289 2994 3332 seu
3020 3268 3427 3344 Venetiarum,
3453 3269 3655 3330 nomi-

2013 3360 2142 3422 nari
2175 3360 2595 3442 patriarcham.
2620 3358 2895 3439 Quinque
2920 3359 3079 3421 enim
3112 3358 3173 3420 in
3205 3357 3481 3420 universo
3514 3355 3660 3419 orbe

2012 3466 2083 3510 ex
2131 3449 2345 3511 divina
2386 3447 2588 3528 gratia;
2626 3447 3074 3530 dispensatione
3117 3447 3467 3528 patriarcha;
3494 3453 3655 3522 sunt,

2010 3536 2332 3619 Romanus,
2375 3536 3083 3619 Constantinopolitanns,
3129 3535 3559 3611 Antiochenus,
3599 3543 3661 3598 et

2011 3626 2602 3709 Hierosolymitanus.
2634 3625 2753 3688 Sed
2809 3644 2922 3688 nec
2978 3644 3187 3689 eorum
3245 3624 3657 3705 unusquisque

2012 3717 2250 3797 proprie
2283 3724 2654 3797 nuncupatur
2683 3715 3037 3795 patriarcha;
3072 3714 3175 3776 sed
3206 3713 3469 3775 abusive.
3503 3712 3652 3775 Pro-

2012 3805 2346 3867 clamantur
2365 3813 2586 3878 autem,
2614 3804 2872 3884 pontifex
2893 3803 3119 3878 Romae,
3152 3821 3302 3884 papa
3326 3820 3343 3878 ;
3368 3804 3657 3865 Constan-

2013 3894 2318 3975 tinopolis,
2344 3891 2855 3973 archiepiscopus;
2885 3891 3286 3964 Alexandriae,
3307 3908 3482 3972 papa;
3509 3890 3656 3952 Hie-

2007 3983 2458 4062 rosolymorum,
2497 3979 3028 4060 archiepiscopus;
3061 3981 3224 4041 solus
3270 3998 3410 4041 vero
3440 3979 3657 4041 Antio-

1292 4069 1703 4149 ἀνακηρύττεται
1802 4073 1920 4153 γὰρ]

2020 4070 2182 4151 :hiaa,
2210 4068 2591 4150 peculiariter
2619 4067 2863 4129 sortitus
2892 4076 3003 4147 est,
3039 4076 3101 4128 ut
3123 4067 3456 4149 patriarcha
3483 4066 3655 4129 audi-

265 4158 329 4216 ὃέ
351 4148 479 4237 (10)
516 4172 531 4186 ·
567 4159 596 4214 6
639 4158 736 4227 μὲν
766 4158 1043 4239 ἀρχιερεὺς
1086 4158 1183 4226 τὴς
1228 4148 1477 4234 Ῥώμης,
1516 4159 1697 4224 πέπας
1736 4178 1751 4193 '
1869 4148 1923 4218 δέ

2020 4170 2103 4222 ret
2133 4148 2313 4238 atque
2342 4156 2664 4220 diceretur.
2702 4154 2886 4237 quue
2914 4148 3199 4233 inveniet,
3242 4156 3293 4217 si
3337 4156 3661 4237 diligenter

276 4245 769 4306 Κωνσταντινουπό)
782 4268 907 4322 εως,
1001 4245 1420 4327 ἀρχιεπίσκοπος
1455 4265 1471 4281 ⁶
1556 4249 1584 4304 6
1673 4246 1924 4316 Ἀλεξαν-

273 4334 474 4415 δρείας,
513 4334 696 4398 πᾶπας
732 4351 746 4366 ⁸
818 4338 908 4393 καὶ
965 4338 993 4393 ὁ
1041 4325 1157 4392 τῶν
1219 4325 1615 4417 Ἰεροσολύμων,
1667 4337 1925 4419 ἀρχιεπί-

2008 4254 2268 4310 scrutata
2288 4246 2466 4307 fuerit
2482 4242 2775 4306 charistas
2800 4252 2918 4321 tua,
2932 4243 2993 4306 in
3012 4244 3175 4306 omni
3197 4244 3495 4324 scriptura
3521 4264 3653 4327 pro-

2006 4338 2256 4400 fessum.

271 4447 473 4490 σκοπος
510 4446 520 4455 ’
571 4424 731 4501 μόνος
762 4423 816 4481 δὲ
846 4427 874 4482 6
902 4425 1235 4506 Ἀντιοχείας
1263 4423 1563 4498 ἰδιαζόντως
1593 4425 1869 4508 ἐκληρώθη
1898 4429 2236 4511 πατριάρχης
2265 4427 2474 4484 ἀκούειν
2520 4426 2608 4483 καὶ
2648 4423 2912 4505 λέγεσθαι.
2949 4428 3045 4485 Καὶ
3071 4433 3223 4484 τοῦνο
3249 4427 3456 4506 εὑρήσει
3482 4423 3653 4483 πολυ-

264 4523 643 4595 πραγμονοῦσα
673 4518 709 4586 ἡ
754 4516 944 4596 ἀγάπη
976 4537 1092 4598 σου,
1127 4514 1211 4573 διὰ
1253 4516 1430 4584 πάσης
1474 4521 1683 4601 γραφῆς
1713 4516 2160 4600 ὁμολογούμενον.

1513 4674 1693 4740 Joan.
1726 4676 1902 4760 Bapt.
1933 4675 2215 4740 Cotelerii
2242 4684 2417 4740 notae.

353 4843 437 4924 (9)
484 4868 529 4928 ι
577 4846 887 4928 “sativa?
942 4851 1035 4928 τῇ-
1066 4847 1215 4928 τιμία
1259 4853 1470 4928 γραεειοῑι,Δ
1494 4849 1593 4928 τῆς
1649 4844 1918 4928 θεοφιλίας

353 4871 437 4924 ιθ)
490 4871 515 4900 Ι
579 4871 887 4938 Περιειχετο
942 4871 1013 4923 τῃ
1066 4871 1215 4940 τιμιφ
1259 4871 1471 4989 Ὶκφῃη
1494 4871 1593 4938 της
1649 4871 1918 4927 υεοφιΛιας

262 4946 386 5006 630.
407 4949 451 5006 _»
484 4923 570 4988 Ex
598 4923 983 5006 citattombus
1009 4924 1228 5006 Leonis
1329 4925 1474 4987 Ilatn
1525 4944 1588 4987 in
1619 4943 1803 5006 opere
1836 4927 1923 4987 De

266 5001 565 5068 Ecclesia:
595 5005 1002 5086 Occz'dgntalis
1027 5014 1087 5086 et
1108 5005 1453 5086 Orientalis
1470 5001 1765 5086 perpetua
1784 5022 1924 5086 con-

2003 4845 2249 4929 patrius,
2277 4844 2431 4929 apud
2465 4844 2737 4907 .\Ilatium
2795 4843 3015 4929 laudati
3070 4844 3431 4929 moroperis
3461 4841 3566 4907 lib.
3604 4862 3644 4919 ι,

2003 4923 2134 5007 cap.
2158 4926 2267 5007 712,
2300 4923 2357 4987 ἡ.
2467 4944 2489 5007 ;
2516 4934 2575 5007 et
2602 4944 2734 5007 cap,
2770 4927 2887 5007 _18,
2946 4943 3006 4986 n.
3074 4928 3151 5007 1,,
3178 4923 3287 5007 ait'
3315 4923 3645 5007 Romanum

2005 5003 2348 5088 pontificem
2378 5013 2437 5066 et
2458 5003 3182 5088 Alexandrinumvocrri,
3206 5003 3645 5088 Antiochenum

264 5090 573 5168 sensione,
588 5093 647 5147 et
674 5084 734 5146 in
764 5084 1312 5168 Exercitationibus
1351 5083 1554 5147 contra
1579 5083 1915 5168 ‘Creyghta-
1998 5083 3641 5168 etHierosolymitanumpatriarchas;_C0nstantinopoli-

265 5164 1911 5258 num,varianteslectilinesIna‘rginibusapposui.[tein-
1999 5170 2201 5258 timum
2251 5164 2391 5228 vero
2446 5164 2829 5258 subscribere
2861 5181 2886 5257 ε.
2938 5164 3446 5258 ,1ιςοὴἱςρίδοοριιε
3478 5180 3647 5258 aqua

259 5262 386 5385 aue
409 5263 476 5306 ex
503 5264 613 5306 ms.
641 5243 749 5335 viri
779 5245 1094 5307 clarissimi
1127 5241 1503 5309 ClaudiiJolii
1525 5241 1913 5337 praecentoris
1995 5246 2202 5308 Romus
2223 5253 2280 5309 et
2302 5248 2701 5310 cecumenicus
2719 5244 3100 5326 patriarcha.
3127 5241 3509 5325 Neque'hanc
3531 5241 3649 5305 dis-

315 5323 550 5385 cclesias
569 5324 943 5385 Parisiensis.
968 5325 1030 5385 in
1056 5345 1170 5385 ouo
1194 5323 1720 5385 nauculaemstolm
1736 5324 1914 5385 huius
1996 5326 2343 5385 tinctionem
2401 5346 2572 5385 nvnm
2630 5324 2859 5385 inducit
2942 5326 3153 5385 Petrus
3207 5323 3640 5385 Autiochenus.

315 5323 550 5387 cclesias
569 5324 1030 5407 Parisiensis,in
1056 5345 1170 5406 quo
1193 5323 1720 5407 pauculaepistolm
1736 5324 1914 5405 hujus
1996 5326 2343 5389 tinctionem
2401 5346 2572 5407 qvam
2630 5323 2859 5386 inducit
2942 5326 3153 5407 Petrus
3188 5323 3640 5407 ﬁutiochenus,

256 5415 627 5480 supersunt;
658 5404 889 5465 caeteris
920 5406 994 5467 de
1026 5404 1320 5467 industria
1349 5404 1621 5468 resectis.

339 5486 461 5564 (10)
493 5510 519 5564 ε
547 5485 1023 5564 Ἀνακηρύττονται
1049 5484 1125 5546 δέ.
1155 5512 1181 5542 s
1217 5485 1375 5546 Hinc
1398 5485 1712 5564 Balsamon
1739 5485 1916 5549 Medi-

245 5571 399 5642 tata,
425 5562 454 5630 ῐ
479 5563 644 5630 Iuris
678 5562 1097 5630 Graeco—Rom.
1136 5584 1196 5650 p.
1229 5565 1368 5631 419.
1404 5565 1481 5630 At
1524 5563 1694 5629 Nilus
1722 5565 1911 5631 Doxar

2001 5407 2252 5469 multum
2284 5425 2318 5468 a
2346 5404 2646 5468 veteribus
2682 5414 2973 5486 servatam
3006 5404 3275 5467 invenies
3302 5423 3317 5465 :
3353 5404 3499 5486 quin
3531 5422 3645 5466 nec

2000 5505 2037 5550 a
2064 5486 2501 5551 recentioribus
2533 5484 2697 5550 omni
2729 5503 2801 5548 ex
2833 5492 3020 5567 parte.
