4050 6124
348 214 463 280 761

1838 217 2251 283 EPISTOLIE.

3610 215 3731 285 762

343 352 396 407 αἱ
438 348 624 408 λοιπαὶ
666 355 765 418 τῆς
809 348 976 420 ἄλλης
1011 350 1159 432 [Αη.
1194 352 1346 433 ὅλης]
1376 350 1671 420 Ἀνατολῆς
1700 351 1950 432 ἐπαρχίαι
1984 368 1995 382 ·

2086 344 2455 429 Romagyris,
2485 346 2611 411 sive
2632 346 2960 423 Chorosan,
2986 363 3221 409 necnon
3239 343 3487 429 reliqua;
3512 342 3731 410 Orien-

346 438 400 496 ἑν
474 444 567 503 αῖς
636 439 1045 521 ἀρχιεπίσκοποι
1124 440 1248 522 παρ’
1316 446 1474 519 ἡμῶν
1544 441 1842 517 πέμπονται
1913 440 1995 496 καῖ

2086 434 2158 496 tis
2190 436 2537 516 provinciae,
2564 435 2639 497 ad
2669 453 2815 517 quas
2844 453 2877 495 a
2906 434 3080 497 nobis
3129 435 3441 498 mittuntur
3486 435 3727 497 archie-

349 529 641 602 καθολικοὶ,
719 532 1146 609 χειροτονοῦντες
1216 531 1268 588 ἐν
1346 531 1564 594 ἐκείνοις
1634 543 1751 593 τοῖς
1822 528 2000 607 μέρεσι

350 617 769 698 μητροπολίτας,
817 617 1044 698 ἔχοντας
1101 617 1189 677 ὑπ’
1247 621 1432 686 αὐτοὺς
1487 620 1802 682 ἐπισκόπους
1859 617 2000 674 πολ-

350 705 473 771 λούς
506 722 521 738 ⁸
579 704 699 764 ἀλλ’
749 711 831 772 εἷς
898 707 950 774 ἐξ
1020 710 1192 765 αὐτῶν
1245 711 1585 789 πατριάρχης
1640 711 1735 767 οὒκ
1794 705 1994 774 ἐκληθη

350 795 511 875 ποτέ(
538 792 704 851 Ἀλλὰ
744 796 862 875 περὶ
893 796 992 872 μὲν
1031 797 1228 854 τούτων
1258 796 1312 854 ἐν
1342 799 1572 861 τούτοις.

428 873 533 960 ς’,
584 873 911 960 Διελάμϐανε
942 883 996 941 δὲ
1024 888 1058 955 ἡ
1091 888 1269 968 γραφὴ
1298 892 1395 954 τῆς
1435 887 1732 967 ἁγιωσύνης
1761 907 1877 957 σου,
1908 887 1997 943 καὶ

348 975 467 1054 περὶ
533 982 626 1033 τοῦ
680 974 976 1052 ἁγιωτάτου
1050 978 1138 1033 καὶ
1213 976 1614 1056 μακαριωτάτου
1667 976 1995 1055 πατριάρχου

352 1061 979 1143 Κωνσταντινουπόλεως,
1054 1062 1134 1121 ὅτι
1202 1064 1299 1133 τὴν
1370 1065 1680 1140 θεοτίμητον
1756 1056 1995 1140 Ῥωμαϊ-

345 1152 450 1218 κῆν
522 1149 842 1218 Ἐκκλησίαν
898 1150 1156 1218 ἐξουθενεϊ
1224 1155 1313 1209 καὶ
1366 1151 1634 1210 διάϐαλλει
1693 1154 1781 1210 καὶ
1836 1152 1999 1230 βλασ-

349 1252 525 1319 φημεῖ
555 1237 700 1318 [ΑΗ.
752 1239 897 1320 λέγει
941 1239 1305 1323 βλασφημεῖν)
1347 1239 1431 1298 διὰ
1484 1243 1551 1298 τὰ
1593 1242 1788 1323 ἄζυμα,
1846 1242 1998 1298 ἅτινα

350 1329 424 1392 εἰς
481 1328 641 1385 τύπον
692 1337 786 1387 τοῦ
848 1336 1107 1408 Κυριακοῦ
1166 1329 1413 1405 σώματος
1492 1331 1727 1401 συνήθως
1784 1325 1997 1404 λαμϐά-

350 1439 527 1481 νοντες
581 1419 851 1474 πιστεύετε
906 1418 1208 1496 ἁγιάζεσθαι
1245 1438 1258 1451 ’
1334 1419 1420 1474 καὶ
1487 1432 1560 1482 ὡς
1630 1417 1999 1498 ἀλλοτριοῦσθε

346 1502 437 1563 ὑπ’
483 1504 642 1564 αύτοῦ
707 1503 776 1562 δι’
845 1505 979 1563 αὐτὰ
1034 1512 1134 1574 τῆς
1189 1508 1347 1585 ὀρθῆς
1417 1508 1510 1575 καὶ
1562 1505 1858 1583 ἀμωμήτου
1914 1506 1999 1563 πί-

350 1616 542 1674 στεως,
601 1596 691 1652 καὶ
746 1594 904 1652 αὒτοῦ
960 1604 1054 1653 τοῦ
1094 1595 1268 1670 τιμίου
1330 1605 1656 1655 Δεσποτικου
1725 1596 1991 1671 σώματος,

2084 526 2313 607 piscopi
2344 533 2401 588 et
2432 525 2733 599 catholici,
2770 524 2870 607 qui
2902 524 3178 586 ordinant
3207 525 3267 585 in
3297 524 3418 586 illis
3464 524 3757 606 partibus"

2083 614 2569 696 Metropolitanos
2594 613 2811 696 quibus
2840 612 3089 675 subsunt
3120 613 3290 675 multi
3319 614 3620 694 episcopi:
3646 620 3729 675 at-

2082 708 2279 764 tamen
2326 704 2523 765 nullus
2572 721 2779 765 eorum
2827 720 3088 783 unquam
3134 701 3462 783 appellatus
3494 712 3583 764 est
3614 720 3726 783 pa-

2081 792 2363 855 triarcha.
2397 795 2619 854 Verum
2644 792 2720 854 de
2752 792 2844 853 his
2869 793 3179 854 hactenus.

2159 880 2220 945 6.
2252 880 2596 943 Disserebat
2648 880 2824 943 etiam
2855 880 3113 961 epistola
3148 879 3483 942 sanctitatis
3514 887 3626 942 tute
3653 880 3727 942 de

2078 969 2452 1031 sanctissimo
2485 969 2954 1050 beatissimoque
3004 969 3338 1050 patriarcha
3386 968 3728 1032 Constanti-

2080 1056 2334 1138 nopolis,
2368 1057 2524 1139 quod
2556 1075 2593 1120 a
2621 1058 2742 1121 Deo
2773 1059 3122 1120 honoratam
3154 1057 3479 1120 Ecclesiam
3505 1056 3728 1119 Roma-

2079 1164 2215 1208 nam
2251 1138 2609 1219 contemnat,
2645 1154 2906 1224 accuset,
2935 1146 3202 1223 infamet,
3239 1155 3480 1228 propter
3504 1165 3725 1228 azyma,

2079 1254 2212 1317 quae
2238 1235 2302 1297 in
2333 1236 2519 1315 ﬁgura
2547 1235 2846 1297 Dominici
2875 1236 3144 1317 corporis
3175 1254 3244 1298 ex
3265 1253 3432 1297 more
3463 1254 3565 1297 vos
3594 1254 3727 1318 per—

2081 1325 2395 1406 cipientes,
2427 1324 2671 1387 creditis
2703 1324 3085 1401 sanctiﬁcari;
3109 1324 3391 1406 quodque
3418 1332 3730 1406 propterea

2082 1432 2189 1495 per
2218 1414 2497 1475 eumdem
2520 1412 2945 1475 abalienemini
2968 1430 3001 1473 a
3022 1421 3184 1473 recta
3206 1420 3263 1473 et
3293 1411 3591 1493 inculpata
3612 1412 3731 1474 ﬁde

2080 1501 2335 1583 ipsoque
2354 1500 2685 1563 venerabili
2706 1500 3090 1581 pretiosaque
3122 1499 3432 1563 Dominico
3454 1515 3727 1580 corpore,

2080 1590 2328 1653 abscissi
2354 1607 2386 1653 a
2414 1588 2706 1652 catholica
2726 1589 3015 1661 Ecclesia;
3033 1589 3201 1668 cujus
3233 1597 3432 1650 tamen
3461 1589 3727 1668 regulam

352 1682 775 1760 ἀποτεμνόμενοι
832 1689 931 1750 τῆς
1018 1682 1304 1751 καθολικῆς
1366 1681 1711 1764 Ἐκκλησίας,
1777 1686 1845 1752 ἧς
1917 1685 1994 1759 τῷ

2082 1679 2302 1755 sectati,
2337 1697 2472 1741 cum
2504 1677 2796 1741 universis
2844 1694 2951 1759 per
2988 1675 3379 1739 Occidentem
3411 1678 3718 1753 Ecclesiis,

345 1772 528 1829 κανόνι
595 1782 934 1853 στοιχοῦντες
1005 1774 1139 1849 μετά
1227 1776 1412 1830 πασῶν
1489 1778 1595 1830 τῶν
1678 1775 1814 1831 κατὰ
1895 1774 1994 1841 τὴν

350 1851 606 1940 Ἐσπέραν
679 1851 1034 1941 Ἐκκλησιῶν,
1118 1860 1296 1942 ὥσπερ
1372 1860 1580 1941 κεφαλῇ
1634 1869 1791 1938 σῶμα
1862 1864 1996 1938 μετά

348 1950 527 2017 πάσης
591 1949 865 2028 ὒποταγῆς
931 1949 1140 2023 ἕπεσθε,
1204 1952 1521 2031 Προσέκειτο
1577 1949 1630 2007 δὲ
1685 1958 1754 2029 τῇ
1820 1957 1996 2031 γραφῇ

352 2036 435 2095 ὅτι
504 2038 593 2095 καὶ
647 2042 746 2105 τῆς
822 2036 1058 2102 παλαιᾶς
1116 2036 1452 2103 διδασκαλίας
1524 2044 1630 2095 τῶν
1683 2038 1995 2097 ἀποστόλων

346 2125 623 2206 ἀλλότριον
664 2133 918 2203 ποιοῦμεν
954 2142 969 2158 ⁶
1032 2127 1230 2191 θ’ἷτινες
1271 2129 1371 2196 τὴν
1413 2132 1518 2185 τῶν
1563 2128 1777 2204 ἀζύμων
1819 2129 1996 2208 παρά-

349 2214 494 2273 δοσιν
552 2218 646 2273 οὒκ
704 2215 797 2272 ἀπ’
857 2216 1027 2274 αὐτῶν
1088 2221 1193 2273 τῶν
1248 2215 1557 2274 ἀποστόλων
1618 2218 1800 2298 μόνον,
1862 2216 1999 2274 ἀλλά

351 2306 442 2362 καὶ
519 2304 675 2361 αὔτοῦ
755 2311 847 2361 τοῦ
924 2304 1191 2361 Δεσπότου
1281 2312 1502 2385 Χριστοῦ
1579 2304 1946 2386 παρελάϐομεν
1978 2325 1991 2338 ⁸

356 2394 453 2451 οὒκ
506 2394 815 2472 ἀγνοοῦντες
873 2391 955 2450 ὅτι
1010 2394 1203 2457 πάντες
1260 2396 1306 2450 οἱ
1362 2395 1500 2452 κατά
1552 2395 1652 2463 τὴν
1708 2392 1999 2463 Ἀνατολῆν

352 2479 581 2557 ἀοίδιμοι
630 2482 883 2562 Πατὲρες,
942 2482 1039 2549 τὴν
1098 2479 1182 2538 διὰ
1237 2489 1330 2540 τοῦ
1371 2484 1583 2559 ζυμίτου
1636 2482 1792 2563 ἄρτου
1847 2483 2000 2540 ἀναί-

353 2592 555 2648 μακτον
595 2572 770 2628 θυσίαν
805 2570 1089 2651 ἐγίνωσκον
1127 2592 1141 2606 ·
1194 2574 1241 2628 οἱ
1291 2573 1381 2629 καὶ
1568 2573 1656 2629 καὶ
1698 2571 1844 2651 λόγῳ
1882 2570 2001 2629 δια-

354 2660 675 2738 πρέψαντες,
721 2661 809 2716 καὶ
860 2673 982 2725 ταῖς
1041 2658 1397 2726 διδασκαλίαις
1441 2667 1617 2719 πᾶσαν
1661 2661 1761 2729 τὴν
1818 2663 1998 2718 οἰκου-

354 2748 523 2825 μένην
602 2746 1139 2828 παιδαγωγήσαντης,
1235 2751 1323 2806 καὶ
1402 2748 1482 2806 ὅτι
1571 2750 1768 2818 ταύτην
1848 2751 2001 2829 ἁγίαν

351 2838 640 2914 ἡγούμενοι
696 2837 874 2917 ὥσπερ
934 2834 999 2905 δὴ
1076 2838 1165 2895 καὶ
1249 2842 1353 2895 τῶν
1436 2838 1668 2915 ἀζύμων,
1742 2840 1832 2895 τὸν
1903 2839 1999 2914 μὲν

347 2926 569 3000 ζυμίτην
597 2924 755 3005 ἅρταν
784 2925 911 3005 (14)
967 2924 1232 3006 λογίζεσθε
1290 2928 1379 2983 τὸν
1436 2924 1503 2982 δι’
1560 2928 1706 3003 ἡμᾶς
1739 2926 2001 3007 γεννώμε-

2079 1776 2357 1850 tanquam
2388 1776 2565 1849 caput
2597 1785 2813 1848 corpus
2851 1785 2985 1828 cum
3029 1768 3194 1827 omni
3224 1765 3596 1846 subjectione
3626 1785 3729 1829 se-

2077 1857 2365 1939 quamini.
2419 1855 2838 1936 Adjiciebatur
2886 1854 2949 1915 in
2995 1854 3207 1915 litteris
3251 1855 3387 1929 tuis,
3442 1872 3550 1915 nos
3578 1873 3726 1916 con-

2079 1949 2320 2010 trarium
2379 1950 2561 2009 veteri
2611 1945 3008 2027 apostolorum
3040 1942 3327 2005 doclrinaa
3370 1943 3593 2018 facere,
3624 1944 3727 2025 qui

2077 2054 2412 2117 azymorum
2448 2034 2853 2113 traditionem,
2898 2051 3015 2094 non
3047 2041 3269 2093 tantum
3301 2035 3377 2094 ab
3403 2033 3550 2113 ipsis
3580 2050 3728 2112 apo-

2080 2125 2269 2199 stolis,
2296 2123 2402 2186 sed
2435 2122 2507 2185 ab
2540 2123 2675 2203 ipso
2707 2121 2959 2184 Domino
2990 2120 3226 2184 Christo
3258 2119 3670 2202 acceperimus
3702 2140 3716 2181 :

2082 2232 2199 2275 non
2243 2213 2587 2292 ignorantes
2634 2210 2793 2292 quod
2840 2209 3216 2272 incruentum
3262 2227 3331 2270 ex
3372 2211 3726 2270 fermentata

2084 2321 2235 2384 pane
2265 2301 2620 2364 sacriﬁcium
2652 2299 3002 2378 agnoverint
3028 2298 3224 2360 cuncti
3251 2297 3312 2358 in
3342 2296 3587 2361 Oriente
3618 2316 3724 2359 ce-

2083 2390 2283 2454 lebres
2313 2392 2538 2471 Patres,
2582 2389 2683 2471 qui
2729 2407 2861 2452 cum
2903 2387 3018 2449 vita
3070 2396 3193 2451 tum
3225 2405 3502 2448 sermone
3532 2386 3727 2449 incla—

2082 2486 2670 2559 ruerunt,tetumque
2695 2477 2901 2539 orbem
2931 2475 3279 2539 erudierunt
3307 2474 3575 2536 doctrina
3600 2494 3726 2551 sua,

2084 2567 2398 2638 Praeterea,
2432 2586 2534 2630 vos
2564 2568 2678 2629 hoc
2712 2567 3069 2629 sacriﬁcium
3113 2572 3383 2626 sanctum
3417 2564 3729 2626 existima-

2082 2676 2173 2732 re,
2208 2664 2265 2719 el
2293 2656 2438 2739 illud
2468 2656 2628 2740 quod
2659 2674 2729 2718 ex
2760 2656 2977 2737 azymis
3003 2654 3336 2729 conﬁcitur,
3369 2671 3437 2715 ac
3468 2653 3733 2715 femen-

2081 2752 2267 2809 tatum
2299 2746 2542 2827 quidem
2593 2763 2805 2827 panem
2840 2752 3117 2824 reputare
3174 2743 3306 2803 loco
3336 2742 3465 2821 ejus
3495 2741 3596 2822 qui
3627 2760 3732 2823 pro

2082 2835 2257 2897 nobis
2309 2834 2496 2896 factus
2546 2841 2637 2896 est
2681 2833 2859 2895 homo
2917 2832 3236 2914 perfectus,
3289 2838 3491 2911 utpote
3520 2830 3622 2911 qui
3653 2830 3733 2891 sit

2084 2924 2264 2987 etiam
2291 2923 2446 2986 Deus
2478 2923 2816 3004 perfectus;
2856 2921 3198 3003 mysterium
3229 2927 3426 2981 autem
3457 2937 3567 3001 per
3592 2938 3726 3002 azy-

350 3037 441 3071 νον
488 3011 642 3093 [IUL
704 3014 1017 3095 γενόμενον]
1066 3014 1268 3071 τέλειον
1317 3014 1609 3095 ἄνθρωπον,
1662 3014 1753 3071 ἅτε
1807 3014 1872 3085 δὴ
1913 3017 1995 3074 καῖ

2085 3031 2180 3075 ma
2209 3012 2676 3076 celebrationem
2731 3011 2953 3073 habere
3000 3028 3107 3092 pro
3149 3026 3300 3091 pura
3345 3014 3403 3070 et
3447 3007 3726 3091 impassi-

350 3083 515 3160 αὐτὸν
537 3100 662 3160 ὄντα
719 3083 849 3161 Θεὸν
906 3083 1108 3160 τέλειον
1140 3120 1156 3137 ⁶
1218 3104 1316 3172 τὴν
1374 3083 1427 3160 δέ
1488 3083 1733 3161 διίτῶν
1790 3083 1995 3180 ἀζύμων

2085 3101 2188 3164 bili
2222 3102 2325 3165 Dei
2354 3101 2541 3165 Verbi
2569 3083 3006 3163 incarnatione.

353 3192 728 3271 μυσταγωγίαν
777 3193 839 3249 τὸ
886 3193 1118 3273 καθαρὸν
1170 3194 1258 3249 καὶ
1313 3193 1511 3258 ἀπαθὲς
1564 3198 1664 3261 τῆς
1720 3203 1813 3252 τοῦ
1869 3200 2002 3252 Θεοῦ

351 3282 527 3361 Λόγου
557 3280 1014 3361 ἐνανθρωπήσεως
1025 3326 1039 3341 .

432 3357 502 3441 ζ’.
560 3357 733 3427 Ταῦτα
789 3374 888 3437 τῆς
943 3375 1151 3450 γραφῆς
1203 3370 1651 3450 ὑπαγορευούσης,
1725 3373 1998 3452 ὑπεραπο-

346 3455 645 3536 λογούμεθχ
671 3459 803 3537 πρὸς
831 3458 931 3525 τὴν
986 3460 1125 3515 κατὰ
1184 3462 1312 3517 Θεὸν
1372 3460 1574 3516 σύνεσιν
1639 3461 1727 3517 καὶ
1782 3461 1997 3539 ἀγάπην

346 3567 444 3605 σου
475 3560 491 3576 ⁸
526 3543 605 3601 ὅτι
663 3547 766 3626 οὔχ
823 3544 988 3609 οὕτως
1044 3549 1073 3603 ὁ
1130 3548 1425 3627 ἀγιώτατος
1481 3549 1820 3630 πατριάρχης
1854 3560 1999 3609 Κων-

346 3633 831 3698 σταντινουπόλεως
883 3635 1190 3711 ἀποτόμως,
1252 3639 1327 3701 ὡς
1384 3636 1643 3716 ἔγραψας,
1704 3644 1803 3705 τῆς
1861 3641 1994 3714 ύμε-

345 3721 502 3801 τέρας
546 3721 868 3798 ὑπολήψεως
927 3734 1283 3802 καταγινεται,
1343 3727 1432 3782 καὶ
1489 3723 1800 3790 κχκοδόξους
1857 3728 1995 3802 ὑμᾶς

344 3810 639 3886 ἀποκαλεῖ,
698 3811 967 3889 ἐκτέμνων
1040 3819 1137 3881 τῆς
1193 3816 1345 3893 ἁγίας
1399 3812 1686 3881 καθολικῆς
1756 3812 1993 3883 Ἐκκλη⁹

347 3900 465 3964 σίας
496 3920 514 3937 ο
576 3898 695 3956 ἀλλ’
751 3899 1049 3973 ὀρθοδόξους
1108 3904 1195 3959 καὶ
1252 3903 1550 3983 ὁμόφρονας
1606 3903 1741 3978 ἡμῖν
1790 3904 1908 3983 περί
1936 3925 1993 3960 τε

342 3988 446 4057 τὴν
513 3988 727 4070 ἀσφαλῆ
797 3988 1069 4070 θεολογίαν
1130 3996 1229 4055 τῆς
1285 3995 1593 4071 ζωαρχικῆς
1646 3992 1735 4048 καὶ
1790 3993 1991 4067 ὁμοθυ-

346 4079 462 4137 σίου
515 4078 667 4157 ἁγίας
736 4076 977 4158 Τριάδος,
1057 4081 1146 4137 καὶ
1217 4080 1315 4148 τὴν
1383 4077 1631 4159 ἔνσαρκον
1691 4080 1991 4156 οἰκονομίαν

342 4172 437 4224 τοῦ
505 4167 696 4246 Κυρίου
761 4169 851 4224 καὶ
921 4175 1053 4225 Θεοῦ
1122 4170 1210 4225 καὶ
1277 4173 1529 4247 Σωτῆρος
1605 4169 1757 4243 ἡμῶν
1817 4168 1992 4237 Ἰησοῦ

347 4262 595 4334 Χριστοῦ,
650 4254 827 4321 καλῶς
882 4256 1276 4334 ἐπιστάμενος·
1350 4259 1425 4315 ἑνὶ
1494 4255 1548 4313 δὲ
1624 4257 1770 4333 μόνῳ
1822 4259 1992 4334 τούτῳ

346 4344 657 4424 σκάζοννας,
742 4352 811 4422 τῇ
898 4353 1002 4403 τῶν
1088 4347 1299 4423 ἀζύμων
1371 4346 1627 4427 ἀταφορᾷ,
1691 4344 1992 4406 δεινοπαθεϊ

344 4432 432 4488 καὶ
460 4430 705 4493 λυπεῖται
735 4436 822 4490 καὶ
878 4434 1171 4515 ἀγανακτεῖ
1203 4440 1218 4469 ‘
1274 4433 1355 4492 ὅτι
1411 4435 1489 4511 μὴ
1547 4437 1665 4515 περὶ
1722 4436 1821 4503 τὴν
1851 4438 1992 4493 θείαν

2161 3373 2221 3434 7.
2267 3369 2404 3433 Haec
2434 3369 2731 3451 scriptura
2758 3374 2860 3432 tua
2887 3366 3251 3444 declarante,
3292 3366 3729 3448 respondemus

2083 3467 2196 3523 tum
2220 3459 2552 3522 secundum
2575 3459 2763 3521 Deum
2790 3456 3118 3538 prudentiae
3145 3475 3213 3518 ac
3235 3456 3538 3519 dilectioni
3566 3454 3728 3516 :Non

2077 3549 2227 3611 adeo
2244 3548 2574 3629 praefracte,
2597 3566 2665 3609 ac
2689 3546 3002 3628 scripsisti,
3027 3543 3441 3607 sanctissimus
3464 3543 3728 3625 patriar-
3758 3584 3765 3591 -

2081 3640 2190 3700 cha
2244 3637 2956 3718 Constantinopolitanus,
3018 3643 3278 3696 vestram
3334 3632 3729 3695 existimatio-

2079 3745 2215 3789 nem
2243 3725 2489 3801 invadit,
2523 3742 2744 3807 vosque
2774 3724 3031 3805 appellat
3055 3722 3385 3784 cacodoxos
3423 3724 3533 3782 seu
3563 3720 3731 3783 malm

2079 3815 2392 3879 sententia:
2414 3814 2712 3887 homines,
2748 3811 3163 3892 abscinditque
3200 3829 3235 3871 a
3282 3816 3486 3871 sancta
3515 3810 3728 3871 catho-

2078 3904 2193 3966 lica
2252 3903 2577 3965 Ecclesia:
2638 3902 2742 3963 sed
2821 3899 3006 3983 probe
3080 3917 3448 3978 cognoscens
3515 3899 3726 3960 ortho-

2074 3991 2255 4054 doxos
2301 4009 2456 4068 esse,
2492 3991 2773 4071 idemque
2800 3989 3105 4051 nobiscum
3153 3988 3381 4049 sentire
3427 3986 3587 4049 circa
3615 4006 3721 4049 so-

2073 4080 2113 4141 li
2142 4081 2259 4142 lam
2288 4078 2643 4158 theologiam
2677 4078 2920 4139 viviﬁcaa
2962 4084 3021 4138 et
3050 4074 3542 4137 consubtantialis
3579 4092 3725 4138 san-

2074 4177 2184 4231 clas
2207 4168 2534 4248 Trinitatis,
2569 4185 2803 4228 necnon
2833 4166 2993 4228 circa
3021 4164 3493 4226 incarnationem
3519 4163 3728 4225 Domi-

2013 4259 2160 4343 Dni,
2200 4258 2331 4333 Dei,
2373 4256 2822 4338 Servatorisque
2852 4255 3040 4317 nostri
3068 4253 3211 4318 Jesu
3260 4251 3475 4343 Christi
3513 4254 3575 4315 in
3605 4273 3727 4316 uno

2073 4355 2271 4411 autem
2298 4347 2423 4408 solo
2454 4348 2568 4409 hoc
2597 4345 2957 4421 claudicare,
2982 4343 3261 4404 nimirum
3294 4342 3354 4404 in
3378 4362 3723 4424 azymorum

2072 4436 2397 4517 oblatione,
2451 4434 2713 4514 graviter
2760 4434 2895 4510 fert,
2947 4431 3130 4509 dolet,
3166 4430 3535 4510 indignatur,
3565 4431 3723 4513 quod

1597 4565 1768 4628 Joan.
1806 4567 1977 4648 Bapt.
2014 4564 2297 4637 Cotelerii
2327 4573 2506 4628 notae.

344 4682 833 4766 num,_Curasan,
867 4685 1170 4750 Corasmia
1198 4684 1534 4766 diciturque
1564 4703 1597 4746 a
1627 4683 1994 4766 Theophane

345 4779 480 4824 esse
509 4762 705 4845 Persis
725 4766 1009 4845 interior.
1043 4768 1214 4830 Unde
1247 4762 1455 4845 populi
1477 4762 1814 4845 Chorasmi,
1840 4764 1991 4829 Cho-

348 4842 655 4928 rosanitaa,
708 4842 1133 4928 phorasanitaa,
1218 4842 1579 4928 Chorasmii,
1640 4844 1993 4928 gorasmini,

350 4921 746 5004 Chorasmini,
759 4923 1157 5000 Chorosmini,
1174 4926 1617 5004 Choraisanitaa,
1631 4921 1993 4988 Chorasme-l

345 5002 409 5063 ni
438 5009 496 5063 et
527 5003 919 5067 Choramnaai.
954 5005 1077 5071 Nec
1132 5006 1322 5069 omitti
1378 5002 1612 5067 debent
1629 5004 1809 5066 verba
1840 5008 1991 5068 Pro-

344 5081 522 5163 copii,
556 5081 812 5165 Debello
834 5087 1093 5162 Persico,
1128 5088 1232 5151 lib.
1265 5105 1329 5155 ιι,
1364 5104 1494 5165 cap.
1532 5085 1611 5147 94
1640 5104 1663 5165 :7
1697 5087 1781 5150 Εἰς
1812 5087 1877 5143 τὰ
1907 5087 1993 5144 ἐπὶ

344 5164 706 5249 Χορζιανηνῆς
762 5167 936 5246 χωρία
988 5167 1167 5249 ἦλθον,
1260 5164 1761 5249 ᾳυᾷίιιξθῳθιιᾴπί
1821 5164 2000 5227 debet

2076 4687 2225 4766 gorii
2256 4685 2317 4766 in
2346 4684 2621 4766 Regiser
2653 4684 2867 4747 citatur
2894 4703 2929 4746 ιι
2956 4684 3186 4766 Thom_a
3206 4681 3496 4766 Aquinate
3521 4699 3536 4745 :
3563 4682 3730 4766 Solet

2076 4762 2409 4829 nonnullos
2441 4762 2725 4839 'movere,
2774 4766 2929 4846 quod
2984 4770 3054 4825 in
3111 4762 3387 4825 Ecclesia
3445 4764 3733 4846 n_om;ul_ti

2075 4847 2542 4927 oﬁ‘eruntpunes
2570 4841 2837 4927 azymos,
2870 4845 2984 4908 alii
3006 4847 3423 4923 fermenlalos.
3459 4841 3731 4904 Ecclesia

2076 4926 2635 5007 namqueRomana
2666 4926 2849 5004 offert
2879 4942 3121 5007 azymos
3150 4938 3364 5007 panes,
3406 4930 3731 5007 propterea

2075 5002 2252 5083 quod'
2294 5005 2595 5069 Dominus
2649 5002 2785 5068 siue
2841 5002 2973 5067 alid
3020 5004 3433 5065 commistione
3469 5002 3729 5082 suscepit

2075 5103 2350 5148 carnem.
2386 5087 2541 5148 Alia:
2564 5103 2703 5148 vero
2731 5085 3021 5148 Ecclesia
3044 5083 3304 5163 offerunt
3332 5083 3728 5161 fermentum,

2077 5183 2192 5246 pro
2222 5184 2291 5229 eo
2318 5167 2493 5246 quod,
2513 5164 2757 5228 Verbum
2799 5167 3001 5227 Patris
3030 5163 3317 5246 indutum
3345 5169 3438 5223 est
3457 5178 3726 5246 carnem,

344 5242 864 5335 Χορρζιαγηνῆςζειι
895 5242 1185 5335 scriptura
1242 5242 1472 5335 codicis
1498 5244 1685 5335 Boici,
1722 5252 1984 5335 X93931-

2082 5242 2124 5308 ὲῑ
2142 5252 2233 5309 est
2259 5242 2438 5335 ocius
2467 5245 2628 5308 Deus
2658 5252 2714 5335 ςι
2745 5262 2920 5335 uerus
2939 5247 3161 5335 “homo.
3203 5242 3360 5303 Nam
3388 5248 3443 5302 et
3467 5244 3730 5319 fermen-

340 5321 803 5402 vnvﬁcsLegitur
832 5321 1032 5388 tamen
1063 5328 1123 5389 in
1174 5327 1383 5389 eodem
1440 5321 1746 5402 Procopio.
1783 5321 1885 5386 lib.
1921 5342 1988 5387 ιιι

2072 5332 2198 5387 tum
2218 5329 2634 5387 commiscetur
2653 5327 2903 5403 farinae.
2930 5323 3048 5385 Sed
3068 5329 3269 5385 tamen
3293 5331 3416 5385 tam
3438 5338 3727 5399 azymum

348 5401 437 5465 De
464 5401 762 5489 adiﬁciis,
819 5423 948 5485 cap.
999 5410 1038 5471 3
1074 5426 1088 5472 :
1150 5408 1387 5489 Χορζάνη
1437 5401 1638 5487 χώριρ
1672 5403 1848 5465 Forte
1880 5422 1985 5484 pro
2067 5421 2250 5489 quam
2279 5401 2722 5489 fermentatum
2759 5406 2900 5465 dum
2935 5406 3233 5489 sum-imus
3289 5419 3481 5489 unum
3510 5416 3730 5489 corpus

342 5483 617 5562 Χοροζάνη
629 5530 640 5542 .

2077 5483 2317 5547 Domini
2372 5486 2708 5547 Salva/oris
2774 5487 2972 5546 nostri
3051 5483 3366 5561 elﬁcimur.
3432 5483 3727 5543 Praetereo

421 5561 546 5649 ΗΞ)
573 5586 600 5618 α
634 5565 734 5649 Τὸν
765 5563 860 5649 μὲν
903 5567 1123 5649 ζυμίτην
1149 5566 1329 5649 ἄρτον,
1376 5590 1400 5626 ι
1438 5572 1554 5649 etc.
1591 5561 1777 5645 Supra
1804 5561 1985 5649 Epis-

2082 5564 2383 5628 Humberti
2415 5564 2732 5627 cardinalis
2764 5573 2970 5627 contra
3000 5562 3239 5628 Graecos
3292 5570 3347 5624 et
3378 5570 3584 5625 contra
3612 5561 3725 5627 Ni-

339 5642 458 5706 tola
487 5641 745 5706 Domini.
778 5642 905 5707 Huc
952 5645 1091 5709 facit
1146 5641 1337 5730 locus,
1391 5646 1495 5730 qui
1525 5641 1803 5728 tanquam
1834 5641 1988 5707 Gre-
2070 5654 2287 5708 cctam.
