4050 6124
336 188 458 256 763
1210 197 1622 265 MICHAELIS
1661 196 2080 264 CERULABII
2119 200 2235 265 GP.
2278 203 2818 271 PATRIARCHIE.
3602 213 3748 279 764

338 339 457 422 non
486 321 551 386 in
574 343 740 424 sacra
764 329 1143 413 mystagogia,
1160 332 1487 396 secundum
1510 338 1739 395 sancta
1761 330 1972 395 Eccle-

2059 336 2423 424 μυσταγωγίαν
2473 339 2612 396 κατὰ
2688 340 2788 408 τὴν
2844 338 3129 421 παράδοσιν
3182 348 3282 411 τῆς
3351 326 3503 424 ἁγίας
3576 343 3745 404 Ἐκ-

338 409 441 513 sia
471 409 848 481 traditionem
896 409 1055 482 idem
1086 409 1440 495 sentientes,
1462 420 1794 502 sequamini
1824 439 1975 503 qua-

2059 409 2279 493 κλησίας
2321 409 2334 416 ⁷
2361 428 2772 508 ὁμοφρονοῦντες
2854 409 2972 495 τοῖῐς
3053 409 3330 513 τέσσαρσιν
3398 409 3743 501 ’ἐξακολουο

339 505 474 562 tuor
501 521 703 568 sacros
734 507 1119 604 patriarchas,
1154 527 1271 604 nec
1290 509 1377 604 Ain
1402 510 1665 604 perfecto
1704 528 1858 604 pane
1878 513 1975 604 in_-

2059 516 2266 604 θοῦντες
2310 505 2929 598 [Λιιῃέξακολουθεττε]
2987 523 3152 601 ἱεροῖς
3207 505 3595 604 πατριάρχαις,
3638 527 3741 582 καί

336 599 645 691 eruentem
704 597 1067 660 consecratis
1120 598 1510 679 sacriﬁcium,
1559 598 1715 662 sicut
1759 598 1863 677 qui
1907 599 1975 661 ah

2062 599 2146 658 διὰ
2173 601 2376 661 τελείου
2404 605 2561 685 ἄρτου
2617 608 2716 677 τὴν
2774 597 3096 684 ἀναίμακτον
3152 597 3480 691 ἱερουργεέτε
3508 614 3735 689 θυσίαν,

334 687 526 779 initio
561 693 922 779 spectatores
977 694 1041 752 et
1092 687 1346 751 ministri
1397 688 1632 751 fuerunt
1688 688 1975 751 sermonis

2060 692 2237 779 καθῲς
2266 695 2313 749 οἱ
2342 692 2436 750 ἀπ’
2484 694 2661 775 ἀρχῆς
2704 696 2958 755 αὐτόπται
2999 699 3087 754 καὶ
3143 687 3401 779 ῦπηρέται
3430 687 3735 779 γενόμενοι

338 769 711 865 tradiderunt
739 774 912 865 nobis
941 775 998 840 3.

2063 789 2157 838 τοῦ
2184 778 2348 865 λόγου
2376 769 2671 863 παρέδοσαν
2713 785 2843 861 ὑμῖν
2874 783 3010 862 [ΑΗ.
3037 788 3193 865 ἡμῖν]
3210 830 3224 845 .

416 859 477 921 8.
510 859 657 954 Nam
708 863 1056 946 participem
1082 882 1216 954 esse
1236 883 1596 947 azymorum,
1618 873 1708 927 est
1737 865 1975 946 partici-

2146 857 2227 935 η”.
2266 857 2348 927 ⁷Τὸ
2376 857 2477 949 γὰρ
2532 857 2781 953 μετέχειν
2838 857 3089 954 ἀζύμων,
3118 857 3218 943 τῆς
3273 874 3507 940 παλαιᾶς
3533 878 3735 943 θυσίας

335 965 470 1027 pem
505 949 635 1012 ﬁeri
666 955 883 1014 veteris
913 952 1219 1035 sacriﬁcii,
1244 973 1363 1016 non
1395 963 1593 1017 autem
1616 954 1760 1016 Novi
1782 954 1975 1017 Testa-

2066 956 2317 1037 μετέχειν
2358 958 2490 1033 ἐστὶ,
2550 963 2636 1018 καὶ
2664 949 2764 1021 ηού
2818 949 2943 1029 τῆς
2977 949 3175 1032 Καινῆς
3234 966 3527 1036 Διαθῆκης.
3584 964 3733 1024 Οὐδὲ

337 1041 541 1136 menti.
556 1040 767 1136 _Neque
790 1042 949 1105 enim
973 1062 1240 1125 azymum
1260 1061 1504 1104 sumens
1524 1042 1837 1124 Dominus,
1855 1062 1975 1123 grai

2064 1047 2169 1124 γὰρ
2198 1044 2394 1125 ἄζυμον
2447 1047 2623 1107 λαϐὼν
2681 1053 2710 1107 ὁ
2770 1051 2978 1133 Κύριος,
3039 1055 3429 1134 εὐχαριστήσας
3487 1053 3723 1136 ἔκλεισε,

333 1124 449 1189 tias
478 1127 619 1206 egit,
642 1130 838 1210 fregit,
870 1132 1154 1214 deditque
1200 1131 1555 1212 discipulis;
1598 1133 1700 1194 sed
1734 1151 1970 1215 panem,

2061 1137 2296 1201 καὶτοῖς
2353 1124 2868 1215 μαθηταῖς-ἔδωκεν
2901 1155 2916 1170 ⁸
2963 1124 3324 1223 ’ἀλλ”-ἄρτον,
3383 1145 3458 1206 ὡς
3511 1146 3559 1200 οἱ
3581 1124 3718 1202 τέσί

337 1222 401 1278 ut
449 1227 699 1314 quatuor
744 1222 1121 1302 evangelista
1180 1240 1295 1283 una
1346 1240 1486 1283 voce
1531 1241 1766 1304 unoque
1795 1242 1973 1285 sensu

2062 1246 2226 1314 σεπιρες⁸
2275 1226 2640 1314 εὐαᾼγγελισταὶ
2690 1232 3102 1310 ὁμοφρονοῦντες
3159 1231 3226 1309 [Α
3237 1230 3304 1293 Η.
3364 1234 3723 1314 ὁμοφωνοῦν-

333 1305 853 1401 τοπι-ΰτιηεὲιειδυηι,
887 1318 1251 1401 testaturque
1283 1310 1603 1391 Apostolus
1630 1312 1865 1390 Paulus,
1887 1312 1975 1374 his

2059 1313 2177 1401 τες]
2207 1305 2663 1393 διεϐεϐαιώσαντο,
2721 1305 3066 1383 καὶ-*Παῦλος
3124 1305 3379 1401 μαρτυρεῖ
3397 1305 3437 1379 -ὁ
3467 1305 3722 1380 άπόστο-

332 1393 561 1458 verbis:
587 1398 938 1490 Egoaccepi
961 1418 1000 1463 a
1025 1400 1282 1463 Domino
1292 1401 1452 1481 quod
1463 1411 1517 1464 et
1533 1401 1762 1465 tradidi
1781 1402 1972 1480 vobis,

2060 1398 2154 1465 λος
2212 1401 2382 1482 λέγων
2416 1424 2431 1440 ⁸
2497 1424 2527 1464 ς
2578 1403 2722 1485 Ἐγὼ
2773 1404 3072 1486 παρέλαϐον
3114 1393 3219 1465 άπύ
3289 1393 3382 1469 τοῦ
3438 1411 3629 1490 Κυρίου
3686 1413 3720 1467 ὃ

331 1490 620 1561 quoniam
640 1488 932 1552 Dominus
944 1490 1137 1564 Iesus,
1160 1495 1227 1550 in
1247 1507 1370 1570 qua
1392 1497 1564 1553 nocte
1591 1490 1973 1567 tradebatur,

2059 1494 2147 1549 καὶ
2198 1491 2476 1573 παρέδωκα
2545 1496 2697 1571 ὑμῖν,
2756 1495 2838 1552 ὅτι
2895 1499 2924 1553 ὁ
2987 1498 3171 1577 Κύριος
3228 1497 3462 1573 Ἰησοῦς,
3518 1488 3578 1556 ἐν
3637 1507 3713 1578 τῇ

331 1579 555 1668 accepit
578 1593 825 1656 panem,
856 1586 913 1639 et
940 1580 1179 1668 gratias
1203 1596 1387 1659 agens
1414 1580 1634 1657 fregit,
1667 1588 1724 1642 et
1757 1582 1923 1643 dixit
1956 1600 1970 1645 :

2060 1583 2204 1638 νυκτὶ
2275 1586 2312 1661 ᾗ
2391 1581 2718 1663 παρεδίδοτο,
2806 1582 2992 1642 ἔλαϐεν
3052 1587 3227 1666 ἄρτον,
3314 1590 3404 1644 καὶ
3484 1588 3711 1668 εὔχαρι-

333 1663 601 1757 Accipite
618 1669 1070 1757 etimanducate,
1089 1667 1201 1731 hoc
1226 1676 1311 1732 est
1340 1686 1562 1750 corpus
1593 1687 1793 1732 meum
1818 1672 1975 1751 quod

2059 1672 2264 1740 στήσασ
2321 1670 2510 1729 ἕκλασε
2565 1676 2654 1731 καὶ
2713 1674 2838 1730 εἶπε
2872 1689 2887 1704 ·
2972 1673 3193 1747 Λάϐετε,
3254 1677 3470 1757 φάγετε,
3552 1685 3715 1735 τοῦτο

327 1769 437 1827 pro
467 1754 633 1818 vobis
654 1756 1022 1838 frangetur:
1049 1757 1161 1821 hoc
1180 1761 1365 1837 facite
1394 1761 1458 1819 in
1476 1776 1673 1821 meam
1720 1777 1975 1822 comme-

2059 1782 2160 1835 μου
2242 1759 2352 1819 ἐστὶ
2427 1765 2489 1818 τὸ
2559 1767 2716 1838 σῶμα
2790 1764 2852 1818 τὸ
2920 1764 3050 1843 ὑπὲρ
3130 1767 3274 1841 ὑμῶν
3344 1754 3655 1841 γκλῶμενον
3694 1784 3708 1798 ·

329 1845 733 1907 morationem
755 1846 809 1919 4,
825 1854 1023 1928 etqua
1037 1855 1390 1928 sequuntur.
1420 1850 1501 1909 Ac
1520 1866 1718 1929 azyma
1729 1849 1973 1930 quidem

2059 1854 2209 1906 τοῦτο
2275 1864 2482 1908 ποιεῖτε
2551 1853 2623 1915 εἰς
2691 1851 2792 1919 τὴν
2843 1850 2980 1927 ἐμὴν
3022 1853 3318 1929 ἀνάμνησιν
3367 1870 3381 1885 ⁸
3435 1880 3458 1912 υ
3509 1857 3599 1911 καὶ
3642 1857 3710 1912 τὰ

325 1931 580 2025 sanctita
612 1944 752 1996 sunt
772 1934 1039 1998 Hebrais
1062 1936 1135 1997 ad
1157 1936 1790 1999 commemorationem
1819 1940 1973 2000 cele-

2059 1935 2198 2005 ἑξῆς.
2250 1941 2348 1998 Καὶ
2390 1942 2455 2000 τὰ
2499 1940 2595 2017 μὲν
2638 1940 2808 2019 ἄζυμα
2851 1942 3206 2019 ἐνομοθετήθη
3249 1956 3366 2008 τοῖς
3411 1934 3697 2025 Ἑϐραίοις,

324 2018 409 2081 ris
429 2039 497 2082 ex
530 2022 775 2105 Egypto
805 2025 978 2104 fuga;
1010 2033 1073 2086 ut
1100 2023 1401 2087 recordati
1451 2024 1811 2087 mirabilium
1841 2046 1973 2108 qua

327 2127 469 2189 erga
489 2129 591 2173 eos
616 2113 888 2178 ediderat
917 2114 1096 2187 Deus,
1133 2113 1524 2192 persisterent
1570 2114 1631 2175 in
1682 2115 1972 2178 mandatis

328 2197 479 2277 ejus,
538 2220 651 2264 nec
696 2220 961 2284 unquam
1026 2202 1531 2266 oblivisceruntur
1576 2223 1756 2285 opera
1812 2205 1973 2267 illius

328 2294 502 2368 atque
543 2288 856 2353 beneﬁcia.
909 2291 1085 2354 Panis
1122 2310 1263 2355 vero
1316 2309 1422 2373 per
1473 2293 1969 2357 antefermentum

328 2376 652 2455 perfectus,
701 2380 806 2461 qui
861 2398 934 2443 ex
983 2380 1437 2443 consecratione
1479 2390 1879 2445 commutatur
1907 2383 1971 2445 in

328 2462 774 2551 immaculatum
797 2489 1016 2551 corpus
1043 2470 1277 2535 Domini
1320 2479 1379 2532 et
1421 2468 1753 2534 Servaloris
1784 2471 1973 2534 nostri

325 2548 470 2615 Jesu
500 2552 743 2629 Christi,
776 2556 849 2618 ad
884 2548 1234 2619 memoriam
1282 2556 1452 2620 datus
1494 2566 1585 2620 est
1621 2560 1970 2622 oeconomia

329 2658 435 2703 seu
464 2640 924 2724 dispensationis
954 2647 1086 2727 ejus
1131 2646 1193 2708 in
1241 2665 1422 2710 carne
1458 2646 1647 2711 facta.
1683 2647 1966 2724 Quoties-

326 2748 560 2813 cunque
570 2741 760 2812 enim,
778 2736 993 2819 inquit,
1016 2737 1469 2802 manducabitis
1487 2738 1898 2819 panemhunc,
1915 2746 1975 2804 et

326 2825 569 2889 calicem
583 2830 744 2892 hunc
766 2831 1004 2906 bibetis,
1022 2837 1278 2895 mortem
1303 2831 1556 2894 Domini
1570 2833 1973 2897 annuntiabi-

328 2918 404 2977 tis
417 2915 608 3026 donec
624 2922 888 3026 v'eniatf".
907 2923 1242 3026 lterumque
1262 2921 1478 2984 Paulus
1495 2921 1666 2982 dicit:
1685 2923 1869 3025 Catia
1880 2922 1975 2986 be—
1996 2976 2036 3026 α

328 3004 694 3071 nedictionis
713 3009 821 3088 qui
839 3008 1271 3088 benedicimus,
1290 3027 1488 3074 nonne
1508 3011 1977 3076 communicatio

324 3095 644 3172 sanguinis
668 3097 899 3160 Christi
931 3104 1016 3161 est
1039 3097 1066 3158 .9
1092 3106 1149 3161 et
1171 3104 1352 3178 panis
1380 3116 1557 3179 quem
1596 3099 1975 3179 frangimus,

326 3199 524 3245 nonne
540 3186 925 3267 participatio
950 3188 1223 3268 corporis
1254 3186 1488 3250 Christi
1517 3196 1604 3250 est
1621 3194 1650 3251 ?
1677 3189 1973 3263 Quoniam

328 3277 704 3353 unuspanis,
737 3294 931 3338 unum
984 3293 1208 3356 corpus
1251 3279 1434 3341 multi
1460 3278 1976 3342 sumus..0mnes

327 3362 488 3424 enim
517 3362 592 3426 de
617 3382 742 3428 uno
757 3367 1201 3447 participamus
1222 3365 1277 3426 6.

410 3628 470 3692 9.
503 3630 948 3707 Animadverte,
972 3631 1372 3695 sacratissime
1420 3630 1743 3712 spiritualis
1770 3631 1973 3707 frater,

331 3715 553 3799 ubique
596 3721 764 3801 panis
792 3721 1151 3802 pradicatur
1193 3741 1410 3803 corpus
1459 3721 1696 3783 Domini
1731 3728 1979 3802 propter

330 3808 757 3886 perfectionem
792 3829 860 3872 ac
890 3810 1291 3891 integritatem
1318 3835 1334 3884 ;
1368 3830 1486 3873 non
1517 3829 1657 3872 vero
1683 3827 1972 3892 azymum.

329 3896 610 3979 Azymum
634 3901 818 3978 enim,
847 3908 1145 3963 mortuum
1169 3909 1257 3964 est
1278 3909 1335 3963 et
1365 3900 1717 3974 inanimum,
1751 3918 1819 3961 ac
1841 3918 1974 3960 om-

332 3985 473 4048 nino
503 3986 945 4070 imperfectum.
980 3990 1054 4053 At
1079 3990 1440 4053 fermentum
1468 3989 1528 4051 in
1561 4006 1817 4051 massam
1840 3989 1978 4051 fari-

330 4093 423 4137 na
452 4074 766 4156 injectum,
794 4078 850 4141 ei
881 4079 944 4140 ﬁt
975 4088 1253 4160 tanquam
1276 4078 1476 4140 anima
1499 4086 1557 4140 et
1599 4077 1970 4140 constitutio.

2052 2029 2126 2092 εἰς
2168 2027 2465 2104 ἀνάμνησιν
2525 2034 2624 2097 τῆς
2693 2030 2747 2096 ἐξ
2814 2031 3077 2109 Αἰγύπτου
3140 2032 3274 2107 μετὰ
3315 2030 3546 2100 σπουδῆς
3590 2055 3698 2113 φυ-

2052 2122 2154 2196 γῆς
2189 2132 2204 2147 ⁹
2248 2116 2342 2173 ἵνα
2392 2119 2817 2194 μνημονεύονσες
2860 2122 2935 2176 ὧν
2982 2120 3199 2187 ἐποίησε
3240 2122 3540 2196 θαυμασίων
3584 2119 3704 2197 μετ’

2054 2210 2225 2265 αὐτῶν
2293 2209 2321 2262 ὁ
2381 2208 2536 2282 Θεὸς,
2604 2206 2873 2284 ἐμμένωσι
2917 2221 3033 2272 τοῖς
3077 2209 3474 2287 προσταγμάσιν
3518 2212 3700 2282 αὐτοῦ,

2050 2296 2140 2352 καὶ
2178 2295 2371 2370 μηκέτι
2414 2296 2764 2354 ἐπιλάθωνται
2806 2302 2913 2353 τῶν
2955 2295 3121 2376 ἔργων
3166 2295 3310 2376 [Διί.
3361 2298 3703 2378 εὐεργεσιῶν]

2054 2383 2211 2443 αὐτοῦ
2244 2403 2256 2418 ο
2305 2388 2332 2441 ὁ
2376 2383 2432 2440 δὲ
2475 2382 2558 2441 διὰ
2599 2390 2697 2453 τῆς
2742 2386 3013 2464 προζύμης
3042 2385 3171 2464 (15)
3200 2385 3399 2449 τέλειος
3443 2386 3624 2466 ἄρτος,
3673 2389 3704 2443 ὁ

2054 2471 2138 2528 διὰ
2201 2478 2300 2541 τῆς
2344 2475 2608 2553 ἁγιστείας
2679 2475 3136 2550 μεταπαιούμενος
3206 2477 3279 2540 είς
3323 2477 3388 2531 τὸ
3432 2472 3704 2555 ἄχραντον

2051 2567 2207 2643 σῶμα
2235 2569 2328 2621 τοῦ
2350 2564 2536 2643 Κυρίου
2555 2565 2645 2620 καὶ
2671 2568 2919 2642 Σωτῆρος
2938 2560 3090 2642 [Αίὶ.
3123 2563 3242 2627 ins.
3268 2564 3357 2621 καὶ
3376 2565 3526 2642 Θεοῦ]
3546 2565 3704 2640 ἡμῶν

2053 2640 2230 2718 Ἰησοῦ
2274 2640 2520 2732 Χριστοῦ,
2584 2653 2657 2718 είς
2727 2640 3027 2729 ἀνάμνησιν
3094 2650 3248 2720 ἐδόθη
3305 2656 3404 2719 τῆς
3446 2640 3705 2733 ἐνσάρκου

2055 2740 2352 2816 οἰκονομίας
2397 2746 2573 2805 αὐτοῦ.
2622 2764 2646 2798 ι
2703 2733 2915 2806 Ὀσάκις
2957 2742 3058 2821 γὰρ
3102 2739 3163 2797 ἂν
3207 2740 3436 2816 ἐσθίητε,
3470 2763 3500 2795 ι
3547 2742 3701 2820 φησὶ,

2055 2831 2146 2886 τὸν
2204 2826 2359 2909 ἄρτον
2408 2837 2613 2891 τοῦτον.
2688 2832 2777 2887 καὶ
2845 2832 2908 2887 τὸ
2974 2830 3225 2907 ποτήριον
3279 2836 3433 2886 τοῦτο
3486 2829 3700 2903 πίνητε,

2058 2920 2149 2975 τὸν
2212 2918 2436 2977 θάνατον
2504 2925 2597 2977 τοῦ
2677 2920 2863 2998 Κυρίου
2929 2916 3343 2996 καταγγέλλετε,
3416 2915 3574 2998 ἄχρις
3644 2920 3706 2975 οὗ

2061 3006 2123 3063 ἂν
2340 3029 2367 3067 ι
2399 3009 2497 3067 Καὶ
2525 3007 2686 3065 πάλιν
2715 3011 2744 3066 ὁ
2783 3006 2990 3073 Παῦλος
3034 3006 3179 3086 λέγει
3212 3025 3231 3044 ο
3282 3028 3306 3063 α
3355 3008 3427 3066 Τὸ
3452 3009 3703 3087 ποτήριον

2058 3101 2157 3164 τῆς
2188 3096 2428 3176 εὐλογίας
2484 3098 2512 3154 ὃ
2556 3096 2897 3177 εὐλογοῦμεν,
2945 3098 3067 3176 οὐχὶ
3110 3093 3249 3179 ιΑιι.
3309 3099 3413 3176 οὔχ
3468 3095 3535 3176 ἡ]
3593 3118 3707 3154 κοι-

2059 3180 2219 3242 νωνία
2260 3193 2353 3243 τοῦ
2413 3185 2642 3263 α”ματος
2712 3196 2804 3245 τοῦ
2874 3194 3100 3265 Χριστοῦ
3167 3184 3325 3266 icti;
3398 3187 3491 3242 τὸν
3549 3183 3704 3265 ἄρτον

2059 3276 2118 3331 ὃν
2161 3273 2397 3350 κλῶμεν,
2432 3275 2553 3355 οὐχὶ
2584 3273 2721 3358 [Διί.
2753 3275 2858 3355 οὔχ
2884 3274 2951 3356 ἡ]
3007 3275 3253 3331 κοινωνία
3303 3280 3397 3331 τοῦ
3453 3274 3701 3350 σώματος

2053 3370 2146 3421 τοῦ
2217 3370 2440 3443 Χριστοῦ
2502 3365 2691 3445 ἐστίνς
2796 3374 2891 3423 Οτι
2969 3367 3053 3427 εἷς
3134 3361 3314 3443 ἄρτος,
3387 3362 3445 3420 ἓν
3545 3368 3701 3437 σῶμα

2052 3454 2101 3508 οἱ
2150 3451 2339 3509 πολλοί
2381 3451 2562 3528 ἐσμεν.
2610 3456 2670 3512 Οἱ
2712 3452 2812 3534 γὰρ
2867 3452 3061 3517 πάντες
3122 3449 3183 3508 ἐκ
3234 3460 3329 3511 τοῦ
3383 3451 3500 3515 ἑνὸς
3543 3446 3702 3529 ἄρτου

2060 3540 2362 3621 μετέχομεν
2373 3586 2388 3602 .
2425 3561 2455 3601 ι

2139 3621 2211 3689 θ’.
2262 3631 2358 3689 Καὶ
2385 3630 2680 3710 κατάμαθε,
2712 3630 2959 3711 ἱερώτατε
2987 3629 3308 3706 πνευματικέ
3359 3626 3569 3707 ascia,
3612 3626 3694 3683 ὅτι

2058 3726 2340 3801 πανταχοῦ
2368 3717 2523 3799 ἄρτος
2554 3718 2973 3799 καταγγέλλεται
3015 3721 3078 3776 τὸ
3119 3724 3276 3796 σῶμα
3326 3724 3416 3775 τοῦ
3459 3717 3645 3796 Κυρίου
3674 3730 3692 3749 ⁶

2057 3809 2143 3866 διὰ
2192 3810 2253 3865 τὸ
2301 3807 2509 3871 ἐντελὲς
2564 3809 2654 3866 καὶ
2694 3807 2893 3889 ἄρτιον,
2951 3809 3039 3865 καὶ
3081 3808 3177 3865 οὒκ
3232 3804 3447 3883 ἄζυμον.
3489 3807 3563 3864 Τὸ
3602 3805 3702 3884 γὰρ

2055 3896 2270 3973 ἄζυμον,
2333 3899 2513 3977 νεκρὸν
2571 3900 2660 3954 καὶ
2718 3894 2953 3978 ἄψυχον,
3025 3900 3113 3954 καὶ
3180 3899 3242 3953 τὸ
3297 3903 3403 3955 πᾶν
3465 3893 3703 3958 ἐλλιπές.

2060 3980 2124 4047 Ἠ
2151 3987 2205 4044 δὲ
2234 3989 2373 4063 ζύμη
2413 3985 2538 4067 (16)
2583 3994 2660 4062 τῷ
2712 3987 2975 4067 φυράματι
3020 3993 3114 4044 τοῦ
3160 3985 3382 4065 ἀλεύρου
3440 3981 3708 4061 ἐμϐαλλο-

2057 4076 2220 4154 μένη,
2279 4078 2476 4156 γίνεται
2532 4079 2675 4149 αὐτῳ
2716 4075 2894 4154 ὥσπερ
2951 4075 3105 4156 ψυχὴ
3155 4076 3244 4131 καὶ
3287 4074 3563 4137 σύστασις.
3612 4072 3709 4130 Καὶ

330 4161 457 4236 Quo
489 4165 666 4228 modo
696 4176 892 4230 autem
926 4187 1042 4229 non
1065 4159 1391 4230 absurdum
1420 4177 1534 4241 est,
1568 4165 1627 4227 id
1658 4165 1813 4255 quod
1857 4165 1974 4227 im-

2059 4171 2172 4230 πῶς
2204 4169 2299 4224 οὐκ
2339 4163 2555 4239 ἄτοπον,
2600 4165 2659 4220 τὸ
2702 4163 2915 4228 ἐλλιπὲς
2967 4165 3054 4221 καὶ
3096 4164 3278 4243 νεκρὸν
3320 4163 3409 4219 καὶ
3468 4159 3703 4241 ἄψυχον,

246 4285 256 4295 -
334 4255 683 4333 perfectum,
716 4263 1035 4328 mortuum,
1066 4256 1398 4318 inanimum
1431 4264 1542 4331 est,
1581 4254 1643 4316 in
1682 4253 1974 4316 viventem

2059 4257 2132 4319 εἰς
2175 4260 2346 4326 ζῶσαν
2406 4255 2493 4311 καὶ
2534 4256 2791 4325 ζωοποιὸν
2847 4254 3015 4332 σάρκα
3074 4259 3166 4310 τοῦ
3212 4252 3397 4332 Κυρίου
3451 4252 3543 4308 καὶ
3584 4256 3707 4305 Σω-

332 4352 392 4403 et
421 4342 708 4405 viviﬁcam
739 4362 985 4407 carnem
1021 4345 1253 4408 Domini
1289 4345 1740 4423 Servatorisque
1789 4343 1979 4406 nostri

331 4433 470 4495 Jesu
497 4431 719 4517 Christi
777 4434 967 4515 excipi
1003 4452 1110 4514 per
1138 4452 1240 4497 eos
1271 4434 1372 4515 qui
1393 4434 1453 4495 in
1475 4434 1668 4514 ipsum
1699 4430 1983 4493 credunt?

332 4523 465 4585 Non
496 4538 636 4600 ergo
667 4521 768 4597 ita,
787 4522 1021 4596 fratres,
1044 4523 1103 4584 in
1140 4540 1352 4600 magna
1382 4522 1491 4584 hac
1521 4540 1604 4588 re.
1643 4519 1980 4602 periculose

332 4629 435 4672 vos
503 4609 767 4689 geratis;
833 4628 1027 4692 neque
1082 4618 1343 4673 vestram
1402 4619 1736 4690 quaerentes
1790 4609 1979 4671 stabi-

333 4698 442 4762 lire
472 4698 843 4781 Opinionem,
882 4699 1032 4761 male
1048 4697 1403 4761 desideretis
1433 4698 1712 4772 vincere;
1743 4698 1849 4761 sed
1881 4698 1980 4763 hic

2059 4350 2221 4424 τῆρος
2291 4344 2444 4419 ἡμῶν
2514 4341 2692 4410 Ἰησοῦ
2749 4348 2973 4423 Χριστοῦ
3045 4339 3392 4416 ἐκλαμϐάνειν
3454 4340 3577 4405 τοὺς
3633 4339 3706 4401 εἰς

2063 4435 2217 4491 αὐτὸν
2258 4433 2651 4511 πιστεύονταςς
2700 4430 2848 4499 Μηδέ
2911 4431 3000 4487 οὖν
3056 4431 3249 4504 οὕτως,
3308 4426 3547 4508 ἀδελφοὶ,
3592 4426 3712 4505 περὶ

2062 4523 2297 4580 τοιούτου
2367 4520 2602 4601 μεγάλου
2659 4521 2970 4601 πράγματος
3026 4516 3331 4600 ἐπισφαλῶς
3398 4514 3657 4574 διάκεισθε
3689 4532 3706 4551 ⁸

2062 4611 2197 4689 μηδὲ
2239 4613 2338 4679 τὴν
2378 4609 2509 4668 ίδίαν
2560 4615 2818 4678 συστῆσαι
2873 4615 3151 4680 ζητοῦντες
3208 4605 3514 4686 πρόσληψιν
3559 4601 3705 4684 [Διί.

2060 4700 2329 4759 ἀσθένειαν
2399 4701 2486 4756 καὶ
2552 4697 2874 4779 πρόληψιν],
2948 4703 3098 4771 νικᾷν
3152 4695 3458 4772 ἐπιθυμεῖτε
3528 4696 3707 4757 κακῶς

410 4805 444 4856 3
470 4804 614 4868 Luc.
649 4823 690 4882 1,
724 4805 784 4871 2.
869 4806 902 4857 4
931 4804 954 4869 Ι
983 4806 1121 4871 Cor.
1155 4821 1239 4882 x1,
1272 4801 1373 4881 23,
1401 4804 1502 4868 24.
1586 4805 1620 4855 5
1647 4802 1804 4868 Ibid.
1834 4807 1935 4870 26.

2082 4808 2272 4872 lCor.
2302 4825 2364 4883 x,
2403 4806 2498 4889 16,
2539 4806 2635 4871 17.

1570 4909 1719 4974 Joan
1780 4913 1950 4995 Bapt.
1986 4913 2266 4991 Cmeleﬁi
2297 4920 2473 4978 nota.

410 5021 539 5097 (15)
569 5044 593 5076 α
622 5023 925 5101 Προζύμης*
958 5041 988 5081 ι
1045 5018 1114 5082 Ει
1144 5038 1310 5082 num.
1343 5018 1720 5101 Q3,_ﬁpo§}5pn
1754 5038 1772 5101 ;
1806 5039 1973 5084 num.

333 5118 472 5165 vero
529 5100 590 5175 9,
645 5097 810 5182 ζύμη.
869 5102 1023 5164 Hinc
1073 5103 1395 5182 προζυμίτης
1453 5097 1810 5182 ἱηἸθίιιεοὶο
1837 5120 1977 5163 mox

336 5182 591 5245 laudato.
630 5180 818 5244 Graci
841 5179 1126 5244 nimirum
1148 5179 1372 5245 Latinis
1403 5179 1757 5261 prozymita,
1786 5179 1980 5244 Latini

332 5262 552 5326 Graecis
582 5261 863 5340 azymita.

415 5345 570 5420 (16)«
593 5335 892 5415 Ἢῖὲζύμη.
920 5367 947 5397 ››
963 5341 1302 5412 Gracorum
1321 5340 1472 5403 male
1485 5340 1977 5418 consuetudines,

332 5423 392 5484 in
424 5422 697 5487 Stevartii
728 5421 1256 5486 Observationibus
1311 5421 1385 5484 ad
1443 5420 1776 5483 Manuelem
1810 5421 1978 5483 Cale-

333 5522 486 5579 cam,
508 5523 567 5584 p.
584 5504 738 5584 415:
777 5506 1116 5566 Asserenles
1143 5501 1495 5581 fermentati
1508 5501 1691 5582 panis
1711 5506 1901 5584 quam
1924 5509 1983 5566 et

329 5580 765 5653 animationem
792 5586 1089 5663 conferre.
1121 5580 1328 5661 Forte,
1346 5580 1686 5645 Asserentes
1712 5580 1982 5662 fermen-

2061 5029 2191 5106 tum
2220 5022 2381 5106 pani
2417 5026 2604 5084 vitam
2652 5026 2712 5084 et
2729 5021 3203 5106 _animati0ne_m
3231 5016 3527 5106 conferre.
3557 5009 3712 5105 Yide

2059 5094 2454 5185 Humhertum
2485 5108 2689 5185 contra
2720 5099 2992 5185 Gra_cos;
3033 5107 3093 5162 et
3128 5097 3367 5185 [supra]
3398 5094 3708 5185 Pinacium

2061 5201 2167 5246 seu
2201 5182 2467 5264 libellum
2488 5182 2815 5264 legatorum
2839 5177 3248 5264 Romanorum
3286 5177 3711 5264 adversﬁusnhti-

2061 5262 2328 5326 chaelem
2355 5252 2753 5335 Cerulariu'n,
2779 5261 3047 5335 ejusdem
3080 5265 3425 5321 sectatores.
3476 5252 3711 5335 Quibus

2062 5343 2201 5427 addi
2224 5352 2412 5427 potest
2431 5340 2668 5427 icet_as
2684 5333 3004 5427 Stethatus,
3020 5342 3080 5427 in
3101 5339 3514 5427 Latinos,_cu_n_i
3533 5333 3706 5427 Epis:

2065 5423 2182 5505 t_ola
2221 5412 2529 5505 Michaelis
2583 5421 2851 5484 Cerulari
2906 5430 2964 5482 et
3022 5418 3234 5482 Leonis
3281 5412 3707 5505 Achrideniad

2064 5503 2353 5568 Joannem
2386 5503 2780 5578 Tranensem,
2840 5519 3094 5582 cumque
3148 5498 3378 5562 cateris
3424 5493 3709 5559 Graculis

2065 5583 2168 5669 qui
2196 5582 2415 5646 Latina
2443 5581 2729 5646 Ecclesia
2757 5581 2974 5664 azymis
2996 5580 3361 5646 oblatarum.
