4050 6124
387 152 506 220 765

1875 168 2264 234 EPISTULA}

3628 163 3750 230 766

385 286 507 387 ἄλλ’
549 288 688 387 ἔθτιν
715 293 749 351 ἃ
777 291 925 374 [Αιι.
1093 299 1182 356 καὶ
1227 299 1482 368 ἡττασθαι
1508 299 1689 366 καλῶς
1723 300 1976 384 ἀνέχεσθε
2006 316 2019 333 ·

2110 302 2278 366 locus
2301 309 2472 367 estut
2497 303 2655 366 vinci
2684 303 2839 367 bene
2869 303 3216 387 patiamini;
3255 302 3396 386 quia
3427 300 3746 383 persuasio

386 375 466 434 ὅτι
531 398 562 440 (
613 381 649 451 ἡ
720 386 983 462 πεισμονὴ
1014 375 1147 445 -ούκ
1199 387 1261 444 ἐκ
1326 395 1418 447 τοῦ
1459 388 1743 455 καλοῦντος
1785 375 1948 467 ἡμᾶς,
1989 413 2020 448 ι

385 473 543 551 φησὶν
586 475 615 530 ὁ
659 471 1009 541 Ἀπόστολος.
1056 479 1115 536 Εἰ
1173 478 1274 557 γὰρ
1315 476 1392 535 ἔτι
1444 484 1550 535 τῶν
1605 480 1817 556 ἀζύμων
1858 479 2024 556 μετέ-

385 583 582 640 χομεν,
612 561 878 642 πρόδηλον
921 563 1000 622 ὅτι
1029 567 1130 623 ὑπὸ
1157 567 1257 635 τὴν
1299 568 1451 624 σκιὰν
1495 566 1570 624 ἔτι
1612 575 1703 626 τοῦ
1735 575 2025 629 Μωσαϊκοῦ

383 651 546 727 νόμου
615 651 796 728 ἐσμὲν,
871 655 959 711 καὶ
1026 655 1287 735 τράπεζαν
1355 653 1654 725 Ἰουδαϊκὴν
1736 657 1972 735 ἐσθίομεν
2006 675 2020 690 ⁸

384 742 506 822 οὐχὶ
561 739 617 798 δὲ
672 749 802 801 Θεοῦ
855 742 1077 823 λογικὴν
1124 746 1211 802 καὶ
1250 751 1422 817 ζῶσαν
1491 747 1679 826 σάρκα,
1732 749 1822 804 καὶ
1887 750 2022 824 ἡμῖν

382 847 501 892 tot)
569 835 977 892 πεπιστευκόσιν
1039 836 1302 894 ἐπιούσιόν
1367 859 1425 895 τε
1483 841 1574 895 καὶ
1615 839 1918 915 ὁμοούσιον.
1965 842 2025 897 Εἰ

383 923 556 982 δὲ’καὶ
609 925 924 1001 πιστεύομεν
966 926 1134 1005 σάρκα
1177 933 1402 1006 Χριστοῦ
1442 926 1588 1008 [ΑΗ.
1650 928 1809 1009 Θεοῦ]
1841 927 2024 987 ἐσθίειν

383 1020 556 1087 ζῶσαν
606 1023 700 1073 τοῦ
750 1013 952 1072 τελείου
1020 1015 1074 1072 ἐν
1142 1017 1351 1084 θεότητι
1411 1020 1501 1075 καὶ
1544 1017 1930 1098 ἀνθρωπότητι,
1975 1019 2026 1074 τί

381 1106 560 1162 κοινὸν
602 1104 834 1185 ἐμψύχῳ
887 1105 975 1161 καὶ
1041 1105 1186 1183 ζώσῃ
1257 1109 1408 1187 σαρριὶ
1468 1114 1618 1182 Θεοῦ,
1665 1109 1753 1165 καὶ
1792 1107 2025 1188 ἀψύχοις

382 1193 596 1270 ἀζύμοις
639 1195 728 1251 καὶ
774 1207 1030 1274 νεκροϊςς
1079 1195 1150 1252 Τὸ
1207 1195 1306 1275 γὰρ
1357 1194 1552 1272 ἄζυμον
1595 1197 1689 1253 οῦκ
1717 1195 1871 1275 ἄρτος
1905 1213 1919 1226 ·
1967 1199 2026 1254 οῦ

380 1284 482 1362 γὰρ
510 1281 709 1363 ἄρτιον,
742 1281 856 1340 οὐδὲ
900 1281 1176 1347 αὖτοτελές
1212 1301 1229 1318 ⁸
1273 1283 1391 1341 ἀλλ’
1445 1284 1655 1349 ἐλλιπὲς
1697 1287 1785 1342 καὶ
1826 1287 2021 1361 ἡμιτε-

380 1371 469 1437 λὲς
523 1372 613 1429 καὶ
687 1370 935 1448 δεόμενον
997 1377 1092 1428 τοῦ
1159 1371 1517 1453 πληρώματος
1582 1380 1682 1442 τῆς
1749 1375 2020 1454 προζύμης

382 1461 493 1543 [αἱ.
527 1462 747 1543 ζύμης].
797 1455 854 1522 Ὀ
898 1463 1053 1541 ἄρτος
1092 1462 1171 1540 δὲ,
1203 1462 1403 1546 ἄρτιος,
1436 1465 1746 1541 αὐτοτελὴς,
1793 1466 2018 1544 τέλειος,

381 1555 467 1610 καὶ
493 1551 896 1631 πληρέστατος.

2105 392 2232 456 hinc
2259 410 2383 456 non
2408 399 2496 456 est
2514 412 2590 456 ea:
2617 412 2684 457 eo
2703 399 2809 472 qui
2823 400 2992 456 vocat
3012 412 3142 468 nos,
3165 389 3740 474 inquitApostolus‘L

2104 480 2251 545 Nam
2274 482 2327 546 si
2355 483 2547 546 adhuc
2576 502 2775 565 azyma
2803 484 3182 564 percipimus,
3203 483 3390 563 liquet
3413 499 3520 543 nos
3547 480 3745 542 adhuc

2107 572 2216 634 sub
2257 573 2471 635 umbra
2522 574 2798 636 Mosaicae
2850 571 3004 654 legis
3051 572 3291 649 degere,
3328 579 3386 633 et
3413 571 3473 632 in
3499 570 3746 635 Judaica

2110 679 2317 724 mensa
2348 663 2730 744 manducare,
2757 679 2879 725 non
2909 680 3048 723 vero
3081 660 3398 724 comedere
3428 660 3536 722 Dei
3564 659 3748 721 ratio-

2107 750 2302 812 nalem
2334 771 2402 813 ac
2431 751 2723 814 viventem
2755 771 3021 828 carnem,
3057 750 3346 831 nobisque
3390 748 3492 831 qui
3543 747 3741 811 credi-

2106 837 2304 900 dimus
2316 841 2944 922 supersubstantialem
2962 848 3139 921 atque
3155 837 3741 902 consubstantialem.

2107 926 2270 1000 Quod
2301 930 2351 991 si
2374 931 2678 993 credimus
2705 930 2886 992 edere
2916 948 3156 992 carnem
3181 929 3372 991 vivam
3393 926 3746 1007 Christi,qui

2109 1017 2407 1096 perfectus
2457 1029 2550 1081 est
2599 1019 2660 1080 in
2712 1018 3021 1081 divinitate
3083 1025 3141 1080 et
3187 1018 3552 1079 humanitate
3599 1015 3744 1095 quid

2107 1123 2424 1169 commune
2454 1109 2728 1170 animatae
2755 1127 2824 1170 ac
2854 1107 3074 1170 viventi
3105 1106 3268 1168 carni
3298 1105 3428 1180 Dei,
3457 1123 3592 1166 cum
3618 1104 3745 1164 ina-

2107 1193 2346 1257 nimatis
2378 1197 2743 1278 mortuisque
2773 1198 2990 1278 azymis
3011 1196 3042 1257 ?
3070 1195 3351 1277 Azymum
3372 1194 3600 1256 scilicet
3623 1213 3744 1255 non

2105 1289 2197 1343 est
2226 1283 2417 1363 panis,
2450 1284 2590 1365 quia
2621 1304 2740 1346 non
2773 1294 2860 1347 est
2889 1284 3186 1364 integrum
3218 1302 3286 1346 ac
3315 1283 3376 1344 in
3407 1301 3472 1344 se
3504 1282 3743 1363 perfec-

2103 1376 2250 1448 tum,
2284 1372 2388 1434 sed
2423 1392 2698 1436 mancum
2729 1383 2788 1436 et
2815 1373 3319 1452 semiperfectum,
3349 1371 3743 1452 indigensque

2102 1461 2540 1540 complemento
2563 1463 2864 1526 fermenti.
2899 1463 3078 1526 Panis
3109 1468 3305 1524 autem
3349 1471 3440 1523 est
3485 1461 3737 1540 integer,

2101 1547 2430 1624 ubsolutus,
2465 1553 2788 1632 perlectus,
2825 1551 3229 1632 plenissimus.

460 1630 522 1704 ι’.
553 1630 653 1701 καὶ
682 1642 830 1706 σύνες
871 1648 941 1719 τῇ
969 1641 1214 1723 διαιρέσει
1259 1640 1405 1725 [ΑΗ.
1465 1641 1709 1725 δυνάμει]
1738 1651 1830 1702 τοῦ
1865 1645 2019 1724 λόγου

2190 1642 2288 1702 10.
2318 1638 2447 1702 Jam
2469 1630 2768 1722 intellige,
2801 1630 3162 1702 attendendo
3187 1635 3586 1700 distributioni
3609 1656 3741 1700 ser-

381 1730 686 1812 προπὲχων,
757 1733 1081 1788 συνετώτατε
1117 1748 1132 1764 ⁸
1202 1729 1292 1790 Ἐν
1355 1745 1472 1797 τοῖς
1516 1733 1756 1814 ἀζύμοις,
1813 1733 2022 1811 οὐδεμία

380 1822 458 1887 τίς
515 1821 624 1878 ἐστι
682 1822 882 1893 ζωτικὴ
934 1819 1149 1898 δύναμις
1181 1839 1198 1855 ⁸
1271 1823 1426 1900 νεκρὰ
1468 1824 1590 1902 γὰρ,
1639 1824 1712 1888 ὡς
1793 1822 2022 1904 ἔφθημεν

380 1912 616 1975 εἰπόντες
652 1929 666 1944 ⁸
738 1910 792 1970 ἐν
854 1909 910 1968 δὲ
974 1917 1051 1986 τῷ
1121 1910 1284 1991 ἄρτῳ,
1344 1914 1507 1989 ἤγουν
1548 1915 1626 1988 τῷ
1683 1913 1888 1989 σώματι
1930 1922 2023 1972 τοῦ

378 2006 626 2079 Χριστοῦ,
701 2000 817 2079 τρία
875 1998 943 2056 τὰ
1005 2005 1176 2070 ζῶντα
1204 2001 1292 2056 καὶ
1359 2001 1500 2070 ζωὴν
1556 2000 1862 2081 παρέχοντα
1903 2014 2020 2065 τοῖς

375 2093 548 2147 αὒτῶν
579 2085 726 2167 [ΑΖΙ.
772 2085 948 2169 αὐτοῦ]
1009 2085 1467 2164 μεταλαμϐάνουσι
1501 2106 1517 2122 ⁸
1577 2090 1638 2146 τὸ
1693 2097 1905 2166 Πνεῦμα
1959 2091 2022 2147 τὸ

373 2175 532 2256 ὕδωρ,
587 2179 676 2234 καὶ
723 2177 786 2233 τὸ
830 2180 970 2252 αἷμα
1003 2192 1016 2207 ·
1092 2176 1166 2241 ὠς
1207 2179 1295 2234 καὶ
1337 2179 1493 2242 αὐτὸς
1551 2180 1580 2236 ὁ
1648 2185 1741 2235 τοῦ
1794 2185 2020 2256 Χριστοῦ

374 2267 677 2338 ἐπιστήθιος
748 2264 1001 2332 Ἰωάννης
1069 2279 1434 2346 συμμαρτυρεῖ
1499 2274 1575 2342 τῷ
1645 2265 1811 2346 λόγῳ,
1884 2267 2018 2324 οὕτω

376 2357 548 2436 λέγων
572 2355 657 2413 διὰ
696 2361 796 2424 τῆς
827 2353 1212 2432 ἀποκαλύψεως
1247 2374 1266 2393 ⁸
1325 2379 1354 2412 α
1401 2358 1472 2415 Τὸ
1502 2363 1738 2437 Πνεῦμα,
1769 2358 1830 2414 τὸ
1857 2356 2011 2438 ὕδωρ,

376 2448 465 2504 καὶ
492 2448 553 2502 τὸ
582 2449 722 2522 αἷμα
753 2463 770 2481 ⁸
799 2447 887 2502 καὶ
918 2447 964 2502 οἱ
984 2458 1130 2524 τρεῖς
1168 2443 1326 2524 [ΑΗ.
1359 2447 1426 2502 τὰ
1444 2446 1588 2526 τρία]
1619 2448 1692 2510 εἰς
1724 2445 1872 2525 [Αιι.
1895 2463 2019 2507 non

377 2534 581 2615 liabet]
623 2536 684 2592 τὸ
727 2533 782 2590 ἕν
825 2536 923 2591 εἶσι
957 2549 971 2565 ⁶
1017 2556 1042 2592 ο
1077 2531 1319 2601 δηλονότι
1360 2535 1422 2590 τὸ
1646 2543 1739 2593 τοῦ
1768 2543 2013 2615 Χριστοῦ.

375 2610 439 2683 "0
482 2625 571 2681 καὶ
609 2623 747 2681 κατὰ
795 2624 885 2680 τὸν
928 2623 1109 2703 καιρὸν
1160 2628 1260 2691 τῆς
1300 2622 1393 2680 τοῦ
1437 2613 1622 2704 Κυρίου
1675 2624 2018 2704 σταυρώσεως

375 2713 535 2782 δῆλον
563 2713 802 2793 γέγονεν,
866 2713 1096 2780 ὁπηνίκα
1135 2713 1198 2769 τὸ
1241 2716 1380 2788 αἷμα
1435 2714 1525 2770 καὶ
1563 2715 1626 2770 τὸ
1667 2711 1801 2793 ὕδωρ
1830 2713 1890 2770 ἐκ
1918 2720 2016 2782 τῆς

375 2806 637 2887 ἀχράντου
705 2802 934 2882 πλευρᾶς
1003 2805 1159 2861 αὖτοῦ
1228 2800 1452 2880 ἕῤῥευσε,
1523 2801 1706 2882 λόγχῃ
1774 2805 2016 2884 νυγείσης

375 2897 530 2951 αἰετοῦ
569 2898 668 2961 τῆς
712 2891 905 2969 σαρκός
950 2888 1102 2969 [ΑΗ.
1170 2889 1428 2971 πλευρᾶς]
1465 2909 1480 2925 ⁸
1524 2891 1585 2948 τὸ
1626 2888 1680 2947 δὲ
1723 2897 1825 2962 ζῶν
1866 2891 2016 2971 ἅγιον

375 2990 585 3058 Πνεῦμα
653 2980 856 3057 ἔμεινεν
918 2979 973 3035 ἐν
1026 2985 1096 3056 τῇ
1135 2979 1431 3056 τεθεωμένῃ
1473 2980 1624 3059 σαρκὶ
1667 2980 1824 3037 αὖτοῦ
1857 2996 1873 3013 ⁶
1945 2981 2011 3048 ἣν

371 3072 627 3136 ἐσθίοντες
698 3073 745 3128 οἱ
799 3071 976 3127 πιστοὶ
1017 3067 1070 3126 ἐν
1140 3074 1217 3144 τῷ
1258 3065 1706 3144 μεταϐαλλομένῷ
1748 3065 1890 3149 ἄρτῳ
1929 3067 2014 3128 διὰ

369 3163 674 3238 Πνεύματος
705 3159 868 3238 ,ἁγίου
910 3159 982 3221 εἷς
1026 3157 1194 3235 σάρκα
1237 3163 1484 3236 Χριστοῦ,
1529 3163 1702 3233 ζῶμεν
1720 3158 1803 3236 ’,ἐν
1847 3162 2009 3241 αὐτῷ,

368 3253 442 3315 ὡς
485 3254 655 3321 ζῶσαν
697 3249 787 3305 καὶ
825 3245 1158 3320 τεθεωμὲνην
1202 3246 1370 3324 σάρκα
1406 3245 1686 3310 ἐσθίοντες.

453 3330 549 3402 ια’.
583 3338 653 3396 Οὒ
681 3337 781 3417 γὰρ
806 3334 882 3393 ἔτι
913 3334 1073 3410 ἐσμὲν
1103 3335 1201 3392 ὑπὸ
1222 3334 1384 3411 νόμον
1412 3333 1569 3416 (17),
1592 3333 1684 3393 ἵνα
1711 3337 1799 3393 καὶ
1819 3337 2016 3414 ἄζυμον

2106 1727 2321 1803 monis,
2365 1729 2453 1790 vir
2492 1727 3030 1808 intelligentissime
3055 1748 3068 1788 ε
3098 1727 3164 1789 In
3204 1727 3419 1808 azymis
3457 1726 3618 1788 nulla
3654 1734 3744 1788 est

2075 1814 2294 1877 'vitalis
2343 1816 2548 1892 virtus,
2596 1837 2730 1879 cum
2781 1818 2900 1878 sint
2942 1825 3194 1892 mortua,
3228 1816 3312 1876 uti
3343 1815 3642 1896 diximus;
3677 1817 3739 1877 in

2103 1923 2257 1985 pane
2286 1914 2508 1981 autem,
2542 1925 2647 1968 seu
2681 1925 2932 1988 corpore
2964 1905 3203 1980 Christi,
3261 1906 3376 1966 tria
3421 1911 3560 1965 sunt
3607 1922 3740 1984 quae

2106 1994 2898 2076 vivuntvitamquepraabent
2925 1993 3318 2067 sumentibus,
3350 2011 3567 2072 nempe
3595 1991 3736 2073 Spi—

2103 2083 2274 2159 ritus,
2333 2102 2506 2164 aqua,
2567 2084 2854 2164 sanguis:
2891 2081 3388 2164 quemadmadum
3449 2081 3740 2144 doctrina:

2101 2171 2241 2234 huic
2273 2173 2677 2235 testimonium
2712 2172 2942 2234 confert
2968 2171 3020 2233 is
3049 2171 3150 2254 qui
3181 2188 3358 2251 supra
3407 2178 3610 2250 pectus
3641 2188 3738 2232 re-

2100 2261 2337 2345 cubuit,
2375 2263 2658 2338 Joannes,
2694 2261 2776 2324 ita
2813 2262 3064 2343 loquens
3115 2278 3220 2342 per
3263 2259 3684 2321 revelationem
3722 2282 3737 2324 :

2097 2349 2392 2430 Spiritus,
2427 2368 2592 2432 aqua
2613 2359 2667 2413 et
2692 2357 2936 2428 sanguis
2959 2371 2978 2412 :
3003 2358 3060 2412 et
3078 2351 3143 2412 hi
3168 2356 3290 2412 tres
3305 2366 3497 2410 unum
3520 2357 3663 2413 sunt
3680 2351 3734 2422 8;

2097 2439 2374 2502 videlicet
2404 2438 2888 2520 corpus,Christi.
2929 2438 3098 2513 Quod
3128 2445 3186 2499 et
3220 2444 3488 2519 tempore
3523 2438 3730 2500 Domi-

2100 2527 2249 2590 nicae
2277 2527 2674 2590 cruciﬁxionis
2705 2529 2911 2609 patuit,
2956 2526 3191 2608 quando
3230 2545 3383 2605 aqua
3412 2533 3472 2587 et
3499 2527 3738 2606 sanguis

2101 2635 2172 2680 ex
2198 2616 2508 2699 impolluto
2538 2619 2671 2698 ejus
2709 2617 2894 2679 latere
2925 2618 3301 2695 eliluxerunt,
3333 2615 3437 2676 ubi
3467 2634 3574 2696 per
3603 2618 3735 2678 lan-

2100 2724 2266 2769 ceam
2318 2707 2615 2786 perforata
2661 2706 2870 2768 fuisset
2914 2705 3102 2786 ipsius
3151 2723 3330 2781 caro;
3365 2704 3567 2766 vivens
3597 2723 3736 2768 vero

2098 2804 2335 2858 sanctus
2368 2795 2648 2877 Spiritus,
2682 2796 2898 2859 mansit
2926 2794 2988 2856 in
3017 2793 3291 2856 deiﬁcata
3337 2811 3518 2856 carne
3548 2793 3732 2877 illius,

2099 2903 2272 2966 quam
2301 2885 2510 2948 ﬁdeles
2539 2883 2923 2948 comedentes
2945 2884 3008 2945 in
3039 2902 3109 2946 eo
3142 2901 3291 2964 pane
3318 2883 3418 2963 qui
3454 2899 3562 2964 per
3595 2882 3737 2964 Spi-

2034 2952 2275 3035 Critum
2333 2982 2602 3036 sanctum
2647 2981 2904 3037 mutatus
2949 2980 3037 3035 est
3083 2952 3158 3033 in.
3193 2952 3728 3050 carnem'Chris'ti,

2093 3062 2341 3125 vivimus
2370 3064 2432 3124 in
2463 3083 2557 3140 eo,
2591 3072 2655 3125 ut
2683 3064 2784 3145 qui
2813 3063 3109 3125 viventem
3135 3079 3206 3123 ac
3238 3060 3571 3123 deiﬁcatam
3602 3080 3736 3124 car-

2095 3170 2233 3215 nem
2267 3153 2720 3218 manducemus.

2182 3333 2277 3396 H.
2311 3331 2438 3394 Non
2473 3331 2631 3394 enim
2663 3330 2918 3413 amplius
2965 3347 3172 3393 sumus
3215 3328 3326 3392 sub
3375 3328 3529 3409 lege,
3562 3335 3626 3390 ut
3678 3336 3739 3392 et

367 3430 535 3505 ζύμην
576 3425 990 3507 προσφερώμεθα
1023 3439 1038 3454 ⁸
1109 3420 1230 3480 ἀλλ’
1298 3425 1400 3481 ὑπὸ
1469 3425 1650 3506 χάριν,
1701 3427 1870 3494 Καινὴ
1913 3426 2014 3506 γάρ

2104 3439 2357 3502 azymum
2410 3423 2765 3484 fermentum
2823 3420 3143 3482 offeramus
3197 3419 3303 3480 sed
3359 3417 3468 3480 sub
3524 3417 3732 3507 gratia.

368 3519 526 3594 ἐσμεν
567 3506 735 3580 κτίσις
779 3514 833 3570 ἐν
877 3519 1087 3593 Χριστῷ
1117 3531 1134 3548 ⁸
1180 3511 1361 3582 ἐπειδὴ
1417 3537 1446 3570 α
1500 3515 1567 3572 τὰ
1608 3514 1815 3594 ἀρχαῖα
1868 3538 2010 3595 παρ-

2104 3509 2239 3572 Nam
2272 3529 2477 3572 sumus
2524 3529 2674 3572 nova
2717 3517 2987 3571 creatura
3033 3508 3095 3568 in
3144 3509 3346 3569 Chisto
3371 3508 3427 3582 9,
3459 3506 3731 3587 quando-

365 3607 518 3687 ἦλθε,
570 3629 594 3665 n
630 3605 804 3668 καθὼς
855 3602 1060 3666 Παῦλος
1098 3603 1221 3679 βοᾷ,
1273 3626 1301 3658 α
1346 3604 1438 3660 καὶ
1492 3603 1677 3684 γέγονε
1720 3604 1788 3660 τὰ
1841 3605 2015 3661 πάντα

2104 3599 2332 3680 quidem
2355 3609 2564 3663 vetera
2587 3601 2994 3671 transierunt,
3020 3598 3104 3687 uti
3142 3596 3356 3658 Paulus
3405 3596 3640 3687 clamat,
3675 3601 3735 3656 et

362 3683 542 3757 καινᾶ.
589 3715 620 3755 )
670 3697 730 3752 Οἱ
787 3692 842 3750 δὲ
884 3694 949 3749 τὰ
993 3689 1162 3768 ἄζυμα
1206 3691 1391 3748 ἐσθίειν
1432 3683 1764 3769 βουλόμενοι,
1822 3693 1872 3749 τί
1928 3695 2006 3768 μὴ

2104 3690 2257 3752 facta
2287 3698 2426 3752 sunt
2448 3690 2651 3752 omnia
2669 3705 2830 3750 nova
2852 3687 2930 3745 10.
2955 3684 3067 3760 Qui
3092 3693 3286 3747 autem
3319 3702 3522 3764 azyma
3551 3683 3735 3746 edere

361 3788 449 3844 καὶ
518 3782 979 3864 περιτέμνονται;
1053 3779 1204 3838 Ἐπεὶ
1271 3783 1358 3838 καὶ
1442 3785 1469 3838 ὁ
1549 3783 1769 3861 Χριστὸς
1849 3803 2006 3860 περι-

2104 3779 2310 3846 volunt.
2338 3796 2445 3839 cur
2473 3797 2593 3838 non
2640 3776 2816 3839 etiam
2865 3772 3729 3854 circumciduntur?'quoniam

363 3861 599 3956 ετμήθηξ
639 3874 741 3932 Καὶ
786 3874 848 3929 τὸ
891 3867 1162 3928 Σάϐϐατον
1203 3872 1338 3931 κατὰ
1391 3871 1492 3938 τὴν
1547 3871 1774 3951 ἀρχαίαν
1829 3871 2008 3949 παρά-

2104 3874 2151 3928 et
2180 3866 2448 3956 Christus
2497 3865 2889 3956 circumcisus
2945 3862 3074 3927 fuit.
3124 3861 3449 3924 Sabbatum
3496 3880 3731 3956 quoque

360 3948 526 4035 δοσιν,
557 3948 609 4020 ’τί
637 3964 714 4038 μὴ
741 3963 829 4017 καὶ
869 3959 1222 4042 φυλάττουσις
1276 3961 1374 4017 Καὶ
1418 3957 1514 4015 ἄκο
1549 3948 1654 4016 σον
1693 3959 1746 4015 τί
1799 3948 2006 4022 Παῦλος

2104 3955 2257 4031 iuxta
2279 3955 2580 4036 antiquam
2631 3952 3035 4025 traditionem,
3086 3968 3268 4032 quare
3297 3969 3416 4010 non
3449 3948 3733 4042 servant?

358 4028 774 4133 npbq'I‘aXés-ac
817 4028 999 4129 φησις
1053 4068 1084 4108 (
1130 4028 1227 4106 ’ἳδέ
1283 4047 1389 4126 ἐγὼ
1418 4047 1622 4127 Παῦλρς
1666 4045 1808 4125 λέγω
1849 4049 2002 4123 ὑμῖν,

2104 4028 2160 4105 Et
2188 4044 2326 4105 andi
2354 4028 2495 4125 quid
2549 4043 2766 4133 Paulus
2815 4041 2887 4103 ad
2937 4028 3172 4104 Galatas
3220 4039 3413 4101 dicat:
3447 4038 3600 4133 Ecce
3627 4058 3734 4133 ego

359 4128 441 4199 ὅτι
525 4141 614 4200 ἐὰν
682 4128 1087 4220 περιτέμνησθε,
1147 4138 1370 4218 Χριστὸς
1439 4138 1576 4211 ὑμᾶς
1644 4134 1788 4193 ουἰδέν
1857 4136 2004 4216 ὠφε-

2104 4135 2324 4196 Paulus
2353 4135 2490 4197 dico
2525 4132 2713 4206 vobis,
2760 4132 3050 4220 quoniam
3060 4135 3142 4220 _si
3181 4128 3731 4220 oii'cumoidamini,

360 4231 538 4302 λήσει.
602 4217 942 4310 Μαρτύρομαι
1011 4217 1081 4283 δὲ
1127 4225 1287 4284 πάλιν
1355 4227 1511 4282 παντὶ
1577 4225 1834 4306 ἀνθρώπῳ
1899 4248 2004 4281 πε-

2104 4222 2368 4287 Christus
2396 4222 2564 4286 vobis
2574 4223 2738 4284 nihil
2746 4219 3043 4310 proderit.
3055 4217 3358 4310 Testiﬁcor
3373 4222 3578 4310 autem
3591 4235 3735 4310 iur-

363 4305 743 4401 ριτεμνομὲνῲ,
787 4305 897 4373 ’ὅτι
969 4314 1244 4397 ὀφειλέτης
1314 4313 1452 4371 ἐστὶν
1519 4312 1642 4371 ὅλον
1676 4305 1788 4370 τὸν
1843 4313 2007 4390 νόμον

2104 4331 2192 4375 ms
2212 4314 2382 4375 omni
2398 4311 2634 4374 homini
2659 4307 3127 4378 circumcidenti,
3164 4324 3252 4401 se,
3275 4308 3560 4386 quoniam
3578 4305 3735 4367 debi-

362 4395 666 4489 πληρῶσαι.
730 4395 1148 4486 νΚατηργήθητε
1231 4404 1337 4460 ἀπὸ
1417 4409 1511 4460 τοῦ
1581 4409 1826 4482 Χριστοῦ,
1914 4403 2006 4458 οῗ-

2104 4409 2186 4465 tor
2205 4410 2287 4464 est
2308 4403 2606 4464 universa:
2645 4398 2792 4478 legis
2826 4397 3150 4477 implenda:
3192 4395 3500 4458 Evacuati
3525 4396 3663 4489 estis
3692 4411 3731 4457 a

360 4484 498 4562 τινες
589 4497 644 4553 ἐν
731 4497 880 4572 νόμῳ
921 4484 928 4486 ὴ
963 4492 1284 4566 δικαιοῦσθε,
1347 4497 1446 4560 τῆς
1531 4492 1752 4572 χάριτος
1821 4491 2005 4558 ἐξεπέ-

2104 4491 2361 4567 Christo,
2382 4495 2490 4571 qui
2509 4490 2574 4551 in
2591 4487 2712 4567 lege
2724 4487 3172 4568 justiﬁcamini;
3198 4503 3236 4547 a
3249 4487 3454 4566 gratia
3467 4484 3731 4547 excidis-

361 4608 503 4650 σετε,
580 4577 771 4662 (Ημεϊς
840 4585 941 4663 γὰρ
1023 4582 1288 4658 Πνεύματι
1371 4580 1432 4637 ὲκ
1510 4582 1738 4647 πίστεως
1821 4579 2004 4638 ἐλ.;ίδα

2104 4579 2322 4643 fis.Nos
2341 4580 2506 4641 enim
2526 4577 2783 4658 Spir-itu,
2798 4593 2879 4638 ea:
2892 4575 3028 4656 ﬁde,
3044 4591 3209 4656 spem
3217 4576 3480 4654 justitioe
3491 4590 3734 4663 exspes:

357 4660 693 4742 δικαιοσύνης
738 4660 1164 4753 ἀπεκδεχόμεθα.
1203 4693 1228 4729 ι
1280 4667 1445 4728 Ἀλλὰ
1490 4676 1654 4726 ταῦτα
1711 4670 1809 4746 μὲν
1853 4677 2003 4728 Παῦ-

2104 4668 2369 4732 ramus“.
2383 4665 2500 4731 Sed
2515 4667 2638 4728 haec
2652 4665 2895 4746 quidem
2911 4663 3151 4727 Paulus.
3171 4664 3295 4740 Ego
3307 4680 3442 4725 vero
3461 4660 3733 4724 nonnihil

436 4782 467 4832 ‘7
491 4779 677 4845 Galat.
707 4795 770 4862 v,
800 4778 904 4845 82.
987 4778 1019 4830 8
1047 4775 1267 4840 IJoau.
1300 4792 1364 4859 v,
1395 4775 1456 4840 8.
1539 4775 1573 4826 9
1594 4778 1770 4840 Rom.
1800 4792 1883 4854 v1,
1917 4779 2018 4842 14.
2102 4778 2162 4831 10
2188 4775 2239 4839 ΙΙ
2273 4777 2409 4840 Cor.
2443 4793 2505 4856 v,
2549 4774 2642 4836 1'7.
2729 4774 2781 4824 ίί
2813 4771 3001 4838 Galat.
3035 4791 3093 4846 v,
3120 4771 3257 4836 2-5.

1598 4883 1770 4948 Joan.
1807 4883 1977 4967 Bapt.
2011 4886 2230 4953 Cotele~
2251 4883 2292 4945 ii
2322 4891 2498 4946 notae.

449 4996 575 5078 (17),
608 4995 743 5078 σ-Οῦ
770 4994 870 5078 γᾲρ
897 4992 975 5050 ἔτι
994 4992 1292 5078 ,ἐσμὲν
1305 4993 1498 5078 νόμον.
1527 5014 1552 5052 l
1580 4992 2005 5078 Itacode1__Re-

2104 4991 2266 5078 modo
2315 4990 2524 5071 objicit
2572 4989 2797 5078 Latinis
2852 4989 3111 5078 Nicetes
3147 4986 3485 5078 Pectoratus
3535 4988 3730 5078 ἄζυμον

361 5069 492 5158 gius
520 5069 695 5150 1004,
726 5069 828 5156 qui
844 5069 1100 5158 omnino
1123 5071 1361 5158 similis
1382 5069 1482 5136 est
1514 5072 1706 5158 codici
1724 5072 2007 5158 4160541!
2087 5074 2278 5150 ζύμην,
2312 5069 2621 5158 ατῂζηιιηι,
2654 5072 3036 5158 fermentum,
3087 5069 3580 5158 inﬁt-mentatum
3606 5074 3731 5150 fer-

361 5147 825 5220 codicibusve'ro
847 5152 966 5216 912
985 5161 1044 5216 et
1067 5153 1226 5217 2473
1247 5153 1486 5234 legitur,
1532 5155 1644 5210 Υπὸ
1675 5156 1859 5232 νόμον,
1885 5153 2004 5210 ἀλλ’
2089 5147 2776 5234 ψεπιυωξβτωωηωῃ
2806 5147 3034 5234 asymi,
3062 5147 3206 5234 _hoc
3240 5154 3350 5234 est,
3385 5154 3451 5208 ut
3475 5147 3731 5229 ipsemet

355 5240 457 5296 ὑπὸ
469 5237 747 5317 χάριν,’ίνα
763 5238 852 5293 καὶ
868 5235 1062 5317 ἅζυμρν
1079 5235 1245 5317 ζύμην
1263 5227 1662 5317 πβεὶεξφέὲωμεὲο
1677 5227 1868 5317 Rivis.
1884 5240 2003 5317 θὲοε

2104 5227 2373 5317 ieclarat,
2409 5227 2670 5317 azymum
2705 5227 3185 5317 quod_:coutinet
3240 5227 3597 5317 fermentum
3632 5235 3728 5296 Ju-

361 5307 675 5380 Necal'ite'r
695 5307 1056 5394 exemplaria
1080 5307 1221 5388 696,
1255 5307 1437 5391 2622',
1467 5307 1668 5394 ’1652
1689 5307 1869 5394 1996,
1891 5313 2008 5374 nisi
2087 5312 2348 5394 daicnm,
2407 5307 2820 5394 fermentum__
2841 5309 3307 5394 Pharisaeorum.
3359 5307 3730 5394 QuaprOpter

359 5397 516 5482 quod
541 5398 658 5459 duo
677 5388 885 5482 priora
901 5395 1150 5482 habent,
1178 5413 1311 5456 cum
1336 5388 1760 5482 t904_etn1605
1779 5388 2008 5482 προσφετ

2104 5392 2303 5453 rnerito
2333 5392 2620 5482 irridetur
2647 5391 2721 5482 ad
2770 5389 3094 5482 Humberto
3144 5388 3432 5450 cardinali
3463 5388 3563 5477 qui
3594 5388 3724 5482 οη.

354 5469 572 5565 ρόμεθα,
602 5469 932 5562 posteriora
952 5476 1096 5552 duo,
1120 5469 1558 5562 προσφερώμεθα.
1574 5469 1864 5538 Caeterum
1880 5469 2008 5559 pari

2104 5491 2254 5538 mum
2287 5491 2420 5536 cum
2455 5473 2751 5538 fermento
2784 5469 3112 5534 miscuerit.
