4050 6124
300 352 412 417 771

1199 350 1617 417 MICHAELIS
1656 350 2075 419 CERULARII
2115 353 2228 420 ΟΡ.
2272 351 2790 421 PATRIARCHE

3547 347 3671 421 772

299 503 610 568 vesperam
640 483 860 566 quinta;
879 481 1063 560 feriat,
1098 495 1411 568 postquam
1431 495 1746 564 manasset,
1767 505 1940 550 acce-

2023 487 2252 560 σελήνης
2288 506 2304 524 °
2335 489 2428 547 ἵνα
2472 490 2549 566 μὴ
2577 488 2881 571 παραδοθεὶς
2930 491 2988 550 οὖ
3017 489 3191 572 φθάσῃ
3232 491 3295 548 τὸ
3323 490 3521 548 οἰκεῖον
3548 491 3669 548 Πά-

305 587 408 659 pto
444 593 594 656 pane
635 581 692 635 et
723 573 929 650 fracto,
981 574 1266 656 apostolis
1308 575 1550 640 tradidit
1595 575 1944 657 mysterium

2025 596 2221 661 χατοϊς
2253 585 2518 660 μαθηταῖς
2566 581 2882 662 παραδοῦνα,
2945 584 3225 642 ἀναπεσὼν
3277 584 3331 641 ἐν
3375 588 3454 659 τῷ
3479 582 3672 659 δείπνῳ

299 665 449 729 Novi
477 661 858 754 Testamenti
889 673 1064 726 nocte
1110 663 1330 754 quintae
1378 664 1674 754 ejusdem,
1699 684 1816 754 qua
1839 682 1942 746 per

2024 671 2161 729 κατά
2212 672 2312 740 τὴν
2366 671 2521 748 ὀψίαν
2571 661 2671 739 τῆς
2746 673 3021 754 πέμπτης,
3082 675 3218 750 μετὰ
3272 675 3333 729 τὸ
3391 671 3667 740 δειπνῆσαι

296 754 512 820 ludam
557 752 805 816 traditus
834 759 948 828 est,
1001 752 1502 832 quemadmodum
1531 753 1718 818 refert
1740 752 1944 836 Scrip-

300 853 491 928 ptura.

383 1115 477 1180 17.
503 1111 621 1177 Sed
642 1111 782 1193 quid
805 1111 982 1174 etiam
1010 1109 1305 1191 eloquitur
1327 1113 1514 1175 Lucas
1535 1111 1566 1174 ‘?
1593 1113 1677 1176 Et
1704 1119 1938 1194 accepto

294 1223 474 1287 pane,
509 1205 747 1285 gratias
783 1203 903 1283 egit
939 1207 998 1264 et
1019 1202 1198 1280 fregit
1220 1201 1296 1262 ‘8.
1320 1202 1478 1264 Ecce
1511 1205 1690 1265 Lucas
1720 1205 1942 1282 pariter

297 1295 596 1360 Christum
647 1289 795 1352 dixit
839 1289 1143 1370 accepisse
1197 1308 1432 1371 panem,
1480 1310 1600 1353 non
1646 1309 1934 1372 azymum.

294 1386 427 1448 Non
473 1382 633 1444 enim
677 1379 801 1460 jam
844 1387 987 1441 tunc
1033 1379 1318 1460 temporis
1346 1380 1576 1461 aderat,
1613 1399 1748 1441 cum
1781 1386 1940 1442 esset

296 1473 500 1556 quinta
527 1471 677 1531 dies.
715 1471 771 1532 S'
805 1468 1046 1549 quidem
1079 1486 1184 1548 per
1204 1469 1466 1550 quintam
1501 1469 1661 1531 illam
1700 1469 1934 1531 decima

295 1561 469 1626 tertia
497 1560 637 1621 luna
657 1556 1010 1620 occurrebat
1030 1558 1246 1638 adhuc,
1262 1576 1374 1619 nec
1392 1577 1657 1638 azymum
1684 1575 1932 1639 compa-

293 1651 484 1725 rebat,
519 1647 676 1729 quod
724 1645 986 1708 nondum
1043 1646 1212 1726 panis
1253 1647 1506 1708 sublatio
1564 1645 1930 1726 contigisset.

291 1740 440 1803 Nam
473 1738 601 1818 lege
632 1742 992 1818 praeceptum
1022 1734 1130 1797 fuit
1150 1742 1215 1796 ut
1232 1734 1448 1816 Azyma
1475 1735 1710 1797 decima
1729 1735 1934 1816 quinta

2023 755 2201 817 λαϐὼν
2231 759 2387 840 ἄρτον
2431 763 2519 821 καὶ
2573 759 2801 839 κλάσας,
2858 761 3128 842 παρέδωκε
3175 775 3295 826 τοῖς
3353 760 3667 824 ἀποστόλοις

2022 848 2082 904 τὸ
2113 851 2404 930 μυστήριον
2459 855 2558 918 τῆς
2608 855 2807 919 Καινῆς
2856 854 3146 932 Διαθήκης,
3206 851 3260 909 ἐν
3429 851 3574 907 νυκτὶ
3600 855 3670 927 τῇ

2018 941 2117 1006 τῆς
2159 937 2435 1015 πέμπτης,
2467 937 2522 996 ἐν
2552 943 2588 1019 ᾗ
2615 941 2704 998 καὶ
2731 938 2996 1022 παρεδόθη
3025 942 3126 998 ὑπὸ
3155 945 3248 998 τοῦ
3275 937 3465 1015 Ἰούδα,
3491 941 3668 1004 καθὼς

2017 1027 2332 1107 γέγραπται.

2099 1105 2188 1187 ιζ’.
2223 1114 2387 1174 Ἀλλὰ
2415 1116 2467 1173 τί
2493 1139 2624 1198 φησι
2674 1121 2762 1174 καὶ
2817 1119 2847 1176 6
2905 1123 3108 1183 Λουκᾶς
3141 1137 3158 1200 ;
3221 1139 3248 1177 α
3294 1117 3483 1176 Λαϐὼν
3510 1117 3665 1197 ἄρτον

2019 1206 2106 1261 καὶ
2161 1207 2552 1286 εὐχαριστήσας
2611 1205 2852 1267 ἔκλασεν.
2941 1230 2970 1264 ι
3047 1205 3175 1266 Ἰδοὺ
3229 1210 3316 1266 καὶ
3371 1211 3400 1264 6
3458 1213 3664 1271 Λουκᾶς

2019 1291 2174 1373 ἄρτον
2203 1295 2329 1351 εἶπε
2356 1293 2544 1352 λαϐεῖν
2585 1297 2678 1352 τὸν
2728 1298 2978 1376 Χριστὸν,
3037 1299 3126 1354 καὶ
3182 1299 3275 1355 οὐκ
3333 1295 3528 1372 ἄζυμον
3560 1318 3574 1331 ·
3609 1299 3669 1353 οὗ

2017 1384 2118 1462 γὰρ
2187 1382 2263 1439 ἔτι
2347 1384 2414 1452 ἦν
2480 1395 2792 1462 τηνικαῦτα,
2859 1386 3110 1462 πέμπτης
3195 1385 3355 1454 οὔσης
3409 1385 3613 1465 ἡμέρας
3645 1401 3661 1416 ⁸

2016 1471 2469 1549 τρισκαιδεκαταία
2537 1475 2637 1552 γὰρ
2718 1473 2784 1542 ἧν
2861 1472 2938 1530 ἔτι
3014 1473 3214 1544 σελήνη
3290 1481 3360 1550 τῇ
3441 1473 3662 1550 πέμπτῃ

2016 1558 2212 1638 ἐκείνῃ,
2268 1563 2357 1618 καὶ
2398 1566 2492 1621 οὐκ
2545 1563 2612 1630 ἧν
2667 1559 2885 1638 ἄζυμον,
2939 1561 3024 1619 διὰ
3077 1566 3137 1619 τὸ
3193 1565 3364 1640 μήπω
3419 1563 3657 1641 γενέσθαι

2013 1649 2111 1716 τὴν
2166 1648 2312 1727 ἄρσιν
2367 1657 2461 1708 τοῦ
2516 1649 2697 1730 ἄρτου.
2757 1651 2832 1709 Τὰ
2887 1651 2988 1731 γὰρ
3059 1650 3260 1727 Ἀζυμα
3313 1658 3384 1729 τῇ
3441 1642 3660 1731 ιε’-τῆς

2014 1736 2246 1808 σελήνης
2292 1740 2521 1816 γίνεσθαι
2554 1729 3049 1814 νενομοθετημένον
3089 1740 3175 1814 ἦν,
3235 1745 3305 1816 τῇ
3359 1738 3415 1796 δὲ
3473 1729 3542 1794 ιδ’
3567 1741 3660 1796 τὸν

293 1831 434 1893 luna
460 1806 674 1901 (ierint,
710 1831 768 1886 at
796 1806 1027 1886 decima
1055 1832 1262 1905 quarta
1291 1806 1577 1887 duntaxat
1603 1806 1786 1904 agnu's
1809 1842 1931 1884 ma-

2013 1806 2180 1901 ἀμνδν
2231 1806 2322 1883 καί
2376 1827 2538 1903 μόνον
2593 1806 2823 1885 θύεσθαι.
2892 1806 3006 1884 ’Διὸ
3253 1806 3351 1896 την
3424 1828 3522 1903 μὲν
3593 1816 3662 1883 ιδ’

291 1924 572 1982 (διέπειρε-,⁷
611 1913 785 1978 Unde
814 1912 1110 1974 decimam
1159 1921 1429 1994 quartam
1478 1913 1721 1994 quidem
1755 1911 1931 1993 primi

295 2007 518 2070 mensis
539 2005 714 2080 lunze,
741 2005 831 2064 lex
858 2002 1081 2064 Pascha
1102 2011 1424 2082 nuncupat,
1454 2001 1743 2064 decimam
1762 2001 1932 2082 quin-

293 2107 412 2161 tam
441 2113 579 2158 vero
609 2091 876 2154 nominat
922 2090 1174 2171 primam
1227 2089 1574 2170 Azymorum
1610 2099 1668 2152 et
1697 2088 1928 2153 Sabba-

287 2195 436 2251 tum.
492 2183 651 2264 [Heu
709 2179 1072 2242 dementiam
1131 2178 1434 2240 illiterati!
1495 2177 1703 2259 Neque
1764 2187 1934 2241 erant

286 2277 501 2357 Azyma
531 2289 639 2353 per
664 2270 825 2332 illam
859 2269 1122 2349 quintam
1163 2267 1397 2357 feriam,
1450 2268 1930 2357 quandoquidem

286 2355 427 2427 luna
453 2361 754 2425 decimum
807 2358 1045 2420 tertium
1079 2355 1288 2436 agebat
1329 2356 1513 2419 diem.
1557 2355 1798 2420 Scilicet
1827 2375 1930 2420 so-

287 2451 502 2516 lemnis
532 2468 658 2512 mos
687 2455 834 2522 erat,
861 2447 1096 2510 decima
1124 2451 1330 2527 quinta
1359 2447 1517 2508 luna;
1541 2452 1754 2528 Azyma
1786 2465 1932 2508 con-

287 2542 408 2616 ﬁci,
435 2549 500 2603 ut
529 2548 587 2601 et
616 2555 828 2616 agnum
871 2535 1102 2597 decima
1134 2543 1343 2616 quarta
1390 2537 1654 2609 mactari,
1708 2536 1770 2597 in
1818 2555 1933 2617 qua

287 2639 572 2692 mactatus
602 2636 690 2689 est
713 2623 980 2688 Christus
996 2627 1205 2704 Agnus
1241 2625 1367 2699 Dei,
1391 2627 1498 2706 qui
1531 2625 1690 2688 tollit
1716 2642 1931 2704 pecca-

285 2729 410 2784 tum
440 2717 656 2781 mundi
693 2715 772 2776 49,.
801 2712 969 2785 Quod
1001 2714 1052 2774 si
1083 2713 1354 2775 Christus
1401 2721 1686 2776 mactatus
1719 2711 1826 2774 fuit
1873 2721 1933 2775 et

286 2809 598 2872 crucifixus
620 2806 771 2866 lunae
782 2801 1014 2865 decima
1037 2809 1264 2883 quarta,
1283 2804 1640 2864 Parasceves
1660 2800 1934 2878 die,Sab-

286 2899 488 2960 batum
532 2911 668 2958 vero
722 2893 938 2955 festum
987 2891 1339 2970 Azymorum
1387 2899 1498 2972 est,
1541 2892 1921 2971 quandonam

285 2989 501 3067 Azyma
551 2980 958 3044 manducavit?
1015 2988 1072 3040 et
1121 2979 1356 3060 quando
1412 2978 1700 3067 apostolis
1744 2986 1808 3039 ut
1853 2995 1923 3042 ea

282 3066 544 3139 facerent
572 3073 633 3134 in
662 3069 821 3132 Novo
852 3067 1230 3130 Testamento
1281 3067 1567 3130 tradidit?
1597 3066 1744 3139 Quia
1766 3067 1920 3128 dici-

2011 1925 2105 1973 τοῦ
2159 1917 2370 1994 πρώτου
2425 1917 2595 1991 μηνὸς
2650 1921 2750 1982 τῆς
2806 1913 3060 1996 σελήνης,
3133 1917 3329 1996 Πάσχα
3385 1938 3660 1994 προσαγο-

2011 2003 2146 2080 ρεύει
2194 1993 2448 2084 ὃνόμος,
2505 2005 2604 2072 τὴν
2663 2001 2718 2060 δὲ
2775 1993 2844 2059 ιε’
2899 2003 3118 2081 πρώτην
3171 1993 3292 2060 τῶν.
3333 1993 3545 2079 ἀζύμων
3575 2008 3666 2062 καὶ

2014 2087 2286 2148 Σάϐϐατω
2338 2093 2605 2168 ὀνομάζει,
2693 2091 2829 2171 [Φεῦ
2898 2098 2998 2160 τῆς
3069 2092 3248 2157 ἀνοίας
3305 2099 3397 2148 τοῦ
3447 2093 3663 2172 ἀγραμ-

2014 2179 2182 2254 μάτου
2216 2179 2340 2262 (22)
2378 2179 2426 2261 ί]
2488 2183 2586 2239 Καὶ
2643 2183 2739 2239 οὒκ
2793 2182 2858 2249 ἦν
2903 2179 3077 2258 ἄζυμα
3119 2183 3256 2238 κατὰ
3282 2182 3378 2248 τὴν
3409 2180 3661 2256 πέμπτην

2013 2269 2240 2346 ἐκείνην,
2301 2269 2786 2349 τρισκαιδεκαταίας
2835 2271 2993 2338 οὔσης
3051 2276 3151 2338 τῆς
3207 2268 3466 2340 σελήνης.
3513 2271 3659 2330 Κατᾶ

2013 2357 2112 2436 γὰρ
2167 2359 2268 2424 τὴν
2327 2349 2395 2415 ιε’
2449 2361 2614 2427 αὐτῆς
2672 2359 3046 2436 νενομισμένον
3089 2359 3155 2427 ἧν
3202 2360 3268 2415 τὰ
3309 2356 3476 2436 ἄζυμα
3518 2359 3658 2436 γίνε-

2015 2449 2154 2526 σθαι,
2208 2446 2388 2526 ὥσπερ
2441 2449 2530 2504 καὶ
2589 2450 2680 2505 τὸν
2735 2448 2903 2524 ἀμνὸν
2958 2448 3095 2504 κατά
3148 2449 3244 2516 τὴν
3303 2435 3372 2502 ιδ’
3422 2447 3650 2522 θύεσθαι,

2013 2532 2129 2591 καθ’
2173 2536 2238 2603 ἣν
2295 2536 2446 2604 ἐθύθη
2506 2539 2534 2593 6
2588 2539 2811 2616 Χριστὸς
2875 2560 2902 2592 α
2963 2539 2990 2594 6
3043 2533 3239 2612 Ἀμνὸς
3294 2545 3387 2595 τοῦ
3441 2543 3591 2608 Θεοῦ,
3627 2537 3655 2591 6

2015 2623 2185 2702 α’ίρων
2250 2625 2350 2692 τὴν
2404 2627 2662 2706 ἁμαρτίαν
2714 2636 2807 2686 τοῦ
2861 2626 3083 2702 κόσμου.
3132 2644 3164 2685 ι
3209 2627 3269 2682 Εἰ
3323 2623 3379 2680 δὲ
3434 2626 3656 2703 Χριστὸς

2013 2711 2166 2780 ἐθύθη
2239 2716 2328 2772 καὶ
2409 2714 2708 2794 ἐσταυρώθη
2777 2721 2846 2793 τῇ
2932 2710 3476 2793 τεσσαρεσκαιδεκάτη
3557 2715 3656 2779 τῆς

2013 2800 2244 2872 σελήνης
2300 2806 2438 2860 κατὰ
2493 2805 2592 2871 τὴν
2646 2803 2848 2884 ἡμέραν
2903 2808 3000 2871 της
3061 2802 3426 2882 Παραπευῆς,
3485 2803 3546 2858 τὸ
3602 2800 3657 2858 δὲ

2012 2887 2282 2948 Σάϐϐατόν
2309 2891 2419 2949 ἐστι
2449 2899 2556 2950 τῶιι
2585 2892 2826 2969 Ἀζύμων
2861 2895 2896 2962 ἡ
2955 2893 3111 2973 ἑορτή
3146 2909 3160 2923 ⁵
3221 2892 3352 2948 πότε
3387 2891 3454 2946 τὰ
3485 2887 3655 2965 ἄζυμα

2004 2977 2185 3058 ἔφαγε,
2253 2983 2340 3038 καὶ
2394 2983 2524 3039 πότε
2584 2991 2748 3038 ταῦτα
2819 2995 2936 3047 τοῖς
2995 2979 3310 3058 ἀποστόλοις
3367 2993 3546 3037 ποιεῖν
3597 2979 3652 3035 ἐν

2003 3052 2070 3143 τῇ
2111 3052 2268 3147 καινῇ
2305 3073 2542 3149 Διαθήκῃ
2570 3070 2869 3151 παρέδωκεν
2903 3091 2919 3153 ς
2964 3069 3045 3128 ὅτι
3093 3073 3160 3127 τὰ
3187 3052 3414 3150 Ἅζυμα,
3442 3069 3652 3148 λέγετε,

281 3167 638 3244 tiszAzyma
666 3161 861 3221 facere
909 3155 1248 3237 accepimus
1299 3155 1374 3218 ab
1429 3156 1731 3237 apostolis.
1764 3155 1942 3218 Numl

2012 3159 2142 3236 παρὰ
2169 3165 2274 3215 τῶν
2301 3159 2610 3217 ἀποστόλων
2651 3173 2829 3218 ποιεῖν
2869 3157 3258 3240 παρελάϐομεν.
3295 3159 3382 3214 Μὴ
3415 3160 3552 3215 κατὰ
3588 3161 3650 3214 τὸ

284 3262 595 3337 postquam
652 3245 980 3337 resurrexit
1017 3265 1052 3337 a
1091 3244 1391 3337 mortuis?
1446 3247 1659 3337 Nonne
1705 3245 1919 3308 videtis

283 3333 457 3426 quam
480 3347 685 3420 aperte
713 3335 895 3397 rebus
925 3334 1071 3426 ipsis
1099 3333 1586 3426 convincamini?

361 3433 460 3494 18.
492 3429 596 3491 llis
619 3444 757 3505 ergo
787 3425 944 3485 hunc
975 3422 1036 3483 in
1066 3422 1308 3484 modum
1340 3422 1622 3504 probatis,
1652 3422 1916 3486 habesne

280 3521 437 3604 quod
467 3517 539 3581 ad
569 3535 640 3580 ea
665 3510 965 3604 oppones?
988 3515 1137 3604 Ecce
1161 3520 1465 3604 ostensum
1493 3521 1583 3574 est
1605 3511 1913 3604 manifesto

277 3599 414 3673 ante
443 3609 657 3671 festum
679 3601 980 3664 Paschatis
1009 3599 1300 3663 accidisse
1322 3619 1549 3662 caenam
1574 3623 1588 3662 ;
1617 3609 1677 3662 et
1704 3601 1919 3682 Azyma

280 3696 514 3762 comedi
542 3700 679 3757 ante
699 3691 944 3765 Pascha,
968 3708 1088 3752 non
1114 3697 1241 3751 erat
1275 3707 1344 3751 ex
1367 3689 1514 3770 legis
1545 3689 1912 3771 praescripto.

277 3787 564 3853 Caeterum
596 3783 670 3846 ad
699 3779 1090 3844 certissimam
1121 3777 1530 3860 probationem
1565 3779 1917 3860 propositeaa

277 3875 586 3951 doctrinm,
613 3887 901 3951 exponam
937 3867 1043 3929 tibi
1073 3875 1132 3929 et
1160 3867 1320 3930 aliud
1352 3868 1621 3948 ejusdem
1661 3886 1919 3948 evange-

278 3965 431 4028 listaa
459 3970 656 4045 caput,
679 3960 762 4020 ita
789 3957 1037 4034 habens,
1064 3965 1236 4037 prout
1255 3955 1383 4038 ipse
1406 3957 1580 4018 etiam
1609 3957 1914 4032 fateberis;

277 4060 508 4117 constat
546 4051 765 4133 quippe
817 4045 1136 4125 Evangelia
1175 4045 1397 4126 quibus
1426 4046 1668 4121 utimur,
1709 4046 1918 4109 eadem

273 4143 501 4223 absque
531 4141 653 4202 ullo
688 4137 1033 4200 discrimine
1082 4152 1214 4197 esse
1253 4135 1408 4216 apud
1434 4153 1574 4222 vos:
1613 4137 1765 4200 Cum
1793 4137 1920 4199 huic

270 4235 532 4297 dixisset
557 4229 756 4303 Iesus,
795 4224 1074 4288 turbatus
1091 4232 1175 4286 est
1197 4226 1448 4304 spiritu,
1482 4231 1539 4288 et
1550 4231 1919 4304 protestatus

272 4329 382 4402 est,
409 4327 467 4384 et
494 4321 686 4382 dixit:
710 4317 932 4388 Amen,
958 4329 1136 4402 amen
1156 4312 1286 4376 dico
1297 4315 1485 4389 vobis,
1502 4317 1649 4395 quia
1671 4332 1918 4394 unusea:

272 4401 440 4475 vobis
463 4409 662 4473 tradet
683 4422 798 4467 me.
814 4401 1198 4482 Aspiciebant
1220 4420 1364 4484 ergo
1380 4403 1718 4466 adinvicem
1735 4405 1914 4466 disci-

265 4501 423 4586 puli,
433 4498 770 4586 haesitantes
861 4508 977 4586 quo
991 4491 1234 4586 diceret.
1249 4492 1406 4586 {Erat
1415 4510 1554 4574 ergo
1568 4492 1915 4586 reeumbm
1934 4483 1942 4536 1

2012 4500 2144 4574 ὶμων
2223 4483 2522 4576 παραδώσει

270 4579 432 4657 unus
446 4606 525 4653 ea:
543 4582 854 4664 discipulis
867 4582 993 4660 eius
1011 4581 1079 4641 in
1093 4581 1236 4642 sinu
1250 4579 1416 4654 Jesu,
1433 4600 1610 4664 quem
1628 4583 1918 4664 diligebat

270 4682 467 4746 Jesus.
491 4675 708 4740 Innuit
725 4688 874 4752 ergo
895 4669 1036 4731 huic
1051 4669 1253 4732 Simon
1278 4669 1526 4754 Petrus,
1544 4677 1614 4736 ut
1643 4675 1916 4736 interroé

270 4775 439 4855 garet
449 4766 727 4855 quisnam
737 4766 885 4825 esset
899 4759 970 4821 de
984 4774 1102 4855 quo
1117 4757 1358 4855 diceret,
1371 4758 1583 4855 Itaque
1597 4779 1732 4855 cum
1753 4779 1920 4826 rem.

277 4844 503 4927 auisset
523 4854 627 4918 ille
643 4867 830 4933 supra
837 4855 1044 4931 pectus
1061 4844 1473 4929 Jesu,dicitei:
1490 4852 1916 4934 Domine,quis

272 4957 361 5019 est
379 4952 406 5013 ?
423 4941 752 5028 Respondit
768 4941 978 5004 Iesus:
999 4935 1115 5028 Ille
1123 4941 1230 5015 est,
1243 4939 1342 5001 cui
1351 4956 1458 5020 ego
1477 4940 1916 5022 iutinctumpa-

270 5059 413 5109 nem
433 5027 800 5122 porrexero.
821 5029 1064 5096 Etcum
1083 5027 1435 5096 intinxtsset
1456 5049 1708 5115 panem,
1739 5031 1915 5099 dedit

349 5219 409 5274 ‘8
433 5215 580 5286 Luc.
609 5228 757 5295 nu,
789 5212 892 5278 19.
975 5209 1038 5262 19
1061 5209 1236 5277 Joan.
1258 5227 1304 5294 ι,
1334 5209 1432 5277 19.

2000 3246 2286 3315 ἀναστῆναι
2329 3249 2486 3306 αὐτὸν
2514 3248 2573 3306 ἐκ
2600 3255 2796 3330 νεκρῶν
2831 3268 2848 3331 ;
2893 3251 3008 3329 Οὐχ
3036 3252 3190 3327 ὁρᾶτε
3218 3254 3333 3313 πῶς
3364 3245 3641 3328 προδήλως

2000 3333 2060 3392 ἐκ
2086 3341 2191 3419 τῷν
2221 3338 2548 3416 πραγμάτων
2581 3337 2868 3419 ἐλέγχεσθε
2901 3357 2918 3418 ;

2079 3448 2135 3493 ιη
2149 3415 2179 3486 ’.
2227 3427 2434 3485 Τούτων
2491 3428 2578 3486 οὖν
2634 3428 2796 3492 οὕτως
2841 3425 3155 3508 εἰρημένων,

1996 3521 2158 3572 ταῦτα
2228 3516 2562 3598 ἀντιθεῖναις
2649 3515 2780 3575 Ἰδοὺ
2853 3519 2954 3596 γὰρ
3025 3515 3279 3574 δέδεικται
3350 3539 3448 3596 προ
3463 3523 3638 3595 φανῶς

1999 3603 2080 3661 ὅτι
2122 3607 2224 3685 πρὸ
2254 3610 2352 3676 τῆς
2383 3607 2568 3687 έορτῆς
2621 3615 2714 3664 τοῦ
2770 3607 2963 3687 Πάσχα
3029 3609 3057 3663 6
3113 3604 3324 3670 δεῖπνος
3375 3606 3578 3684 ἐγένετο
3614 3619 3628 3634 ⁹

1999 3691 2171 3770 ἄζυμα
2210 3693 2265 3752 δὲ
2320 3698 2415 3754 οὒκ
2461 3697 2525 3765 ἧν
2581 3696 2807 3773 νόμιμον
2852 3699 2954 3777 πρὸ
3004 3703 3098 3753 τοῦ
3139 3697 3329 3777 Πάσχα
3357 3695 3633 3754 ἐσθίεσθαι.

1998 3783 2323 3861 Ἐκθήσομαι
2399 3784 2522 3864 (23)
2581 3784 2637 3842 δέ
2718 3809 2801 3843 σοι
2880 3787 2969 3843 καὶ
3063 3787 3194 3866 πρὸς
3279 3783 3637 3863 ἀναντίρρητον

1998 3874 2252 3929 πίστωσιν
2306 3881 2398 3931 τοῦ
2466 3873 2812 3955 προκειμένου
2865 3873 3050 3953 λόγου,
3120 3873 3407 3954 κεφάλαιον
3468 3871 3643 3952 ’έτερον

1998 3973 2090 4022 τοῦ
2142 3963 2299 4020 αὐτοῦ
2358 3962 2752 4042 εὐαγγελιστοῦ,
2810 3961 2939 4043 ἕχον
2983 3967 3082 4028 ὡς.
3113 3965 3199 4020 καὶ
3249 3963 3406 4026 αὐτὸς
3444 3961 3644 4038 ὁμολο-

1998 4053 2208 4132 γήσεις,
2266 4051 2430 4117 οὕτως
2465 4067 2478 4083 ·
2553 4051 2762 4130 βέϐαιον
2831 4055 2931 4133 γὰρ
3014 4053 3094 4109 ὅτι
3172 4053 3238 4108 τὰ
3311 4048 3434 4131 παρ’
3506 4053 3644 4133 ἡμῖν

1999 4131 2315 4223 Εὖαγγέλια,
2345 4143 2412 4198 τὰ
2439 4143 2572 4199 αύτά
2613 4142 2701 4198 καὶ
2741 4131 2866 4219 παρ’
2905 4131 3050 4218 -ὑμτν
3099 4138 3255 4220 [ΑΗ.
3314 4141 3458 4220 παρά
3507 4131 3645 4198 Ῥω-

1999 4230 2203 4310 μαίοις]
2253 4229 2676 4311 ἀπαραλλάκτως
2711 4231 2866 4288 ἐστί’
2915 4254 2944 4286 α
3003 4238 3176 4288 Ταῦτα
3232 4231 3394 4286 εἰπὼν
3440 4231 3468 4286 6
3524 4227 3644 4296 Ἰη-

1998 4327 2144 4395 σοῦς,
2217 4319 2504 4400 ἀπαράχθη
2585 4323 2663 4396 τῷ
2743 4320 3026 4399 πνεύματι,
3115 4319 3206 4375 καὶ
3289 4317 3643 4397 ἐμαρτύρησε,

1997 4409 2084 4464 καὶ
2127 4409 2282 4465 εἶπεν
2317 4426 2334 4444 ⁸
2395 4409 2592 4489 Ἀμὴν,
2652 4406 2844 4489 ’ΛμὴνΜ
2897 4407 3040 4486 λέγω
3094 4409 3246 4483 ὑμῖν,
3321 4404 3402 4462 ὅτι
3450 4410 3532 4469 εἷς
3593 4405 3644 4471 ἐξ

2629 4478 2731 4574 με.⁷
2813 4478 3068 4554 Ἐϐλεπον
3127 4478 3239 4553 ⁷οὖν
3285 4496 3416 4574 πρὸς
3473 4493 3643 4565 ἀλλή-

1998 4585 2119 4666 λους
2204 4589 2250 4644 οἱ
2331 4590 2584 4663 μαθηταὶ,
2658 4587 3005 4666 ἀπορούμενοι
3071 4587 3190 4666 περὶ
3258 4587 3398 4648 τίνος
3467 4583 3637 4664 λέγει,

1999 4664 2094 4732 Ἠν
2175 4672 2232 4731 δὲ
2301 4675 2642 4752 ἀνακείμενος
2713 4664 2798 4741 εἷς
2867 4681 2974 4732 τῶν
3043 4664 3295 4751 μαθητῶν
3361 4675 3517 4731 αὐτοῦ
3583 4673 3640 4731 ἐν

1997 4772 2075 4840 τῷ
2154 4762 2340 4839 κόλπῳ
2417 4772 2512 4824 τοῦ
2594 4763 2792 4840 Ἰησοῦ,
2871 4765 2931 4822 ὃν
3012 4765 3196 4845 ἠγάπα
3271 4766 3300 4822 ὁ
3379 4764 3582 4832 Ἰησοῦς
3614 4783 3634 4802 ⁶

1998 4855 2149 4915 Νεύει
2247 4855 2336 4913 οὖν
2409 4856 2579 4930 τούτῳ
2667 4855 2844 4932 Σίμων
2926 4853 3146 4935 Πέτρος,
3226 4851 3472 4912 πυθέσθαι
3557 4856 3638 4922 τίς

1995 4941 2060 4999 ἂν
2141 4941 2234 5012 εἴη
2326 4943 2445 5024 περὶ
2515 4945 2578 5002 οὗ
2659 4941 2828 5023 λέγει.
2899 4941 3204 5001 Ἐπιπεσὼν
3287 4941 3343 4999 δὲ
3426 4943 3634 5010 ἐκεῖνος

1994 5033 2078 5092 ἐπὶ
2133 5035 2198 5090 τὸ
2269 5034 2463 5102 στῆθος
2532 5042 2626 5094 τοῦ
2693 5030 2890 5112 Ἰητοῦ,
2973 5031 3120 5112 λέγει
3191 5034 3336 5110 αὐτῷ
3367 5052 3383 5069 ⁹
3453 5034 3634 5116 Κύριε,

3217 3425 3365 3508 ἔχεις
3414 3449 3465 3483 τι
3510 3428 3642 3504 πρὸς

1498 5315 1672 5384 Joan.
1703 5315 1874 5402 Bapt.
1905 5317 2185 5384 Gotelerii
2210 5325 2388 5384 notae.
2448 5407 2464 5414 κ

263 5460 618 5527 vicesimum
640 5457 886 5521 tertium
914 5453 1078 5519 diem
1094 5455 1367 5537 eiusdem
1379 5454 1627 5537 mensis,
1646 5454 1910 5537 traditus

263 5549 356 5605 est
382 5541 723 5618 Dominus,
736 5543 792 5600 et
817 5538 1149 5618 cruciﬁxus
1198 5535 1484 5618 videlicet
1506 5535 1906 5618 die‘vicesimo

263 5621 468 5699 tertio,
503 5635 620 5699 quo
647 5613 726 5680 ad
752 5613 1310 5699 pesgaamPascha
1328 5617 1705 5699 Judwogum.
1722 5616 1810 5680 Et
1828 5634 1907 5680 ne

2075 5453 2200 5536 (22)
2233 5478 2262 5512 α
2293 5461 2401 5515 Φεῦ
2424 5458 2524 5524 τῆς
2542 5453 2722 5536 inlota:
2737 5463 2830 5536 τοῦ
2856 5453 3229 5536 ἀγραμμάτῳ.
3262 5477 3293 5513 ι
3319 5452 3630 5521 Glossema

1993 5534 2369 5618 manifestum
2412 5534 2570 5618 quod
2598 5535 2768 5600 deest
2791 5535 2857 5598 in
2884 5534 3002 5618 alio
3029 5535 3243 5618 codice
3267 5553 3382 5602 ms.

2075 5616 2200 5699 (23)
2240 5639 2270 5672 α
2301 5614 2630 5700 Εὲφῆσειμαι.
2661 5641 2690 5675 ι
2727 5623 2845 5681 θιοο
2891 5614 3098 5700 Ἠξίίιὲίέ
3119 5615 3624 5700 δίὲἐνειφθεγξάμε-

293 5693 465 5780 pm;
497 5693 696 5760 Aliam
758 5693 1081 5758 lectionem
1136 5694 1493 5760 conﬁrmant
1537 5693 1792 5760 Nicetes
1847 5705 1908 5760 et
1987 5693 2102 5775 voc,
2132 5693 2297 5758 num.
2330 5695 2436 5778 21,
2464 5693 2682 5780 absunt
2705 5714 2740 5759 a
2769 5713 2913 5762 mss.
2945 5693 3128 5778 1996,
3157 5693 3340 5761 2622.

317 5774 648 5840 umbertus.
