4050 6124
169 310 289 375 777

1657 307 2068 372 EPISTOLZE.

3421 319 3543 386 778

165 444 449 522 Ἐπιθυμίᾳ
504 445 807 522 ἐπεθύμησα
857 447 920 502 τὸ
994 446 1186 526 Πάσχα
1241 453 1392 504 τοῦτο
1448 456 1638 524 φαγεῖν
1694 439 1807 518 μεθ’

1916 436 2230 502 lesideravi
2270 441 2502 503 Pascha
2519 439 2632 503 hoc
2680 443 3057 506 manducare
3113 444 3420 511 vobiscum
3447 447 3529 524 98,

165 535 317 610 ὑμῶν
353 556 376 593 ι
417 532 569 616 (29),
597 541 696 602 τῆς
738 534 876 614 ὥρας
919 532 1160 602 δηλονότι
1190 535 1459 615 φθασάσης
1488 542 1580 592 τοῦ
1617 532 1812 594 πάθους

1916 544 2112 608 tempe
2135 527 2491 592 adventante
2521 529 2670 592 hora
2693 531 2982 610 passionis
3011 551 3152 597 suae.

168 623 351 682 αὐτοῦ.

247 701 360 791 κγ’.
417 714 478 770 Οἱ
534 710 588 768 δὲ
644 719 750 768 τῶν
812 712 1022 788 ἀζύμων
1095 713 1414 793 μετέχοντες
1473 708 1816 768 κινδυνεύουσι

165 799 528 865 λανθανόντως
588 802 658 864 εἷς
714 801 811 868 τὴν
870 808 963 858 τοῦ
1022 799 1426 881 Ἀπολλιναρίου
1490 801 1819 878 περιπίπτειν

165 889 375 968 α’ῗρεσιν
421 889 557 966 (30).
615 890 858 954 Ἐκεῖνος
911 891 1010 970 γὰρ
1067 896 1222 966 σῶμα
1280 890 1440 966 μόνον
1495 885 1705 968 ἄψυχον
1733 885 1820 943 καὶ

166 978 323 1036 ἄνουν
353 977 646 1054 ἐτόλμησεν
707 980 901 1050 εἰπεῖν,
964 977 1150 1036 λαϐεῖν
1207 981 1296 1036 τὸν
1345 981 1466 1035 Υἱὸν
1505 979 1595 1034 καὶ
1651 976 1819 1054 Λόγον

168 1077 266 1126 τοῦ
296 1074 426 1124 Θεοῦ
480 1065 540 1124 ἐκ
593 1072 691 1134 τῆς
736 1068 887 1147 ἁγίας
931 1067 1214 1148 Παρθένου,
1273 1068 1456 1147 ἀρκεῖν
1511 1065 1680 1144 λέγων
1710 1064 1824 1121 ἀντὶ

169 1161 357 1236 ψυχῆς
412 1158 500 1212 καὶ
556 1157 700 1229 νοὸς,
771 1157 870 1223 τὴν
940 1157 1187 1223 θεότητα.
1266 1158 1364 1214 Καὶ
1432 1159 1478 1211 οἱ
1534 1155 1602 1210 τὰ
1654 1152 1824 1228 ἄζυμα

169 1245 612 1324 προσκομίζοντες
656 1245 841 1323 νεκρὰν
899 1245 1067 1324 σάρκα
1121 1247 1209 1302 καὶ
1252 1246 1374 1324 οῦχὶ
1430 1248 1602 1315 ζῶσαν
1649 1263 1821 1320 προσ-

170 1334 437 1415 φέρουσιν.
478 1324 540 1390 Ἠ
601 1341 700 1412 γὰρ
757 1333 1000 1412 προζύμη
1044 1333 1158 1391 ἀντὶ
1211 1339 1395 1413 ψυχῆς
1452 1336 1530 1406 τῷ
1585 1328 1738 1409 [ΑΗ.
1771 1328 1825 1392 ἐν

166 1423 278 1502 τῷ]
311 1422 574 1503 φυράματι
631 1422 851 1501 γίνεται,
910 1424 997 1478 καὶ
1050 1423 1111 1478 τὸ
1168 1421 1300 1485 ἅλας
1360 1422 1475 1478 ἀντὶ
1531 1427 1622 1478 τοῦ
1652 1418 1770 1481 νοός
1809 1450 1823 1466 ο

169 1515 206 1569 ἃ
263 1512 341 1588 μὴ
393 1509 521 1590 ἕχον
578 1511 639 1566 τὸ
707 1509 923 1586 ἄζυμον,
982 1517 1097 1574 πῶς
1141 1511 1236 1567 οὒκ
1292 1510 1501 1590 ἄψυχόν
1571 1509 1680 1565 ἐστι
1732 1515 1827 1568 καὶ

172 1602 356 1680 νεκρὸν
387 1601 476 1656 καὶ
507 1605 582 1673 τῷ
610 1598 720 1656 ὄντι
779 1601 1086 1677 νεκροποιόν
1119 1619 1135 1678 ;
1198 1591 1255 1657 Ὀ
1299 1601 1399 1678 γὰρ
1457 1600 1642 1678 Κύριος
1672 1599 1823 1672 ἡμῶν

1977 703 2076 768 23.
2105 703 2428 777 Quiautem
2449 726 2647 788 azyma
2675 716 2939 784 sumunt,
2993 708 3054 770 in
3085 711 3415 791 periculum
3447 713 3537 775 in-

1899 802 2146 854 currunt
2175 793 2324 856 clam
2356 795 2671 857 delabendi
2724 797 2798 858 ad
2847 797 3210 874 Apollinaris
3239 801 3534 866 haeresim.

1902 878 2206 961 Siquidem
2255 883 2354 946 ille
2385 903 2561 946 ausus
2617 893 2706 946 est
2761 885 3058 949 afﬁrmare
3107 907 3321 970 corpus
3348 891 3540 954 solum

1905 970 2118 1032 animae
2147 972 2482 1053 mentisque
2539 991 2749 1053 expers
2804 983 3171 1055 assumptum
3226 978 3410 1040 tuisse
3439 997 3546 1060 per

1907 1058 2163 1148 Verbum
2183 1069 2241 1122 et
2269 1060 2482 1123 Filium
2509 1061 2638 1136 Dei,
2673 1061 2746 1123 de
2762 1072 2965 1124 sancta
2995 1063 3278 1148 Virgine;
3304 1058 3546 1130 conten-

1905 1144 2107 1228 ditque
2123 1147 2493 1211 divinitatem
2517 1151 2790 1213 sufﬁcere
2812 1151 2942 1212 loco
2959 1154 3172 1214 animae
3199 1144 3272 1216 ac
3302 1157 3542 1219 mentis.

1903 1231 2050 1296 Item
2080 1237 2180 1316 qui
2211 1240 2424 1318 azymis
2454 1239 2515 1300 in
2568 1239 2748 1301 missa
2800 1248 3066 1319 utuntur,
3105 1261 3346 1305 cornem
3380 1263 3546 1306 mor-

1909 1330 2088 1399 tuam,
2125 1345 2242 1387 non
2272 1335 2466 1388 autem
2498 1327 2790 1390 viventem
2850 1329 3126 1394 oﬁ‘erunt.
3161 1334 3543 1394 Fermentum

1907 1429 2162 1494 namque
2194 1433 2299 1495 pro
2329 1415 2528 1476 anima
2557 1416 2622 1476 ﬁt
2653 1429 2883 1498 massae,
2939 1428 2998 1480 et
3028 1419 3115 1482 sal
3145 1438 3249 1500 pro
3293 1431 3494 1483 mente
3528 1442 3543 1483 :

1906 1501 2122 1580 quibus
2151 1523 2416 1584 azymum
2449 1523 2582 1564 cum
2613 1513 2832 1580 careat,
2879 1525 2994 1587 qua
3023 1508 3255 1570 ratione
3285 1528 3405 1572 non
3437 1509 3551 1572 erit

1906 1589 2320 1668 inanimatum,
2357 1600 2679 1668 mortuum,
2742 1594 2991 1676 ipsaque
3021 1615 3086 1658 re
3119 1598 3490 1659 mortiferum
3523 1599 3550 1660 Υ

171 1679 380 1756 ’Ῑτιάοῦς
434 1689 656 1766 Χριστὸς
713 1685 914 1750 τέλειος
985 1687 1058 1745 ὢν
1138 1689 1266 1752 Θεὸς
1323 1689 1412 1744 καὶ
1468 1687 1666 1748 τέλειος
1725 1684 1822 1740 άν-

1916 1679 2138 1740 Etcnim
2170 1679 2456 1742 Dominus
2507 1690 2712 1743 noster
2749 1685 2920 1746 Jesus
2962 1683 3226 1747 Christus
3257 1687 3554 1767 perfectus

171 1783 406 1855 θρωπος,
449 1775 663 1840 διπλοῦς
693 1778 791 1833 τὶν
839 1779 1011 1857 φύσιν,
1071 1776 1189 1834 ἀλλ’
1247 1779 1306 1834 οὒ
1358 1778 1456 1845 τὴν
1511 1779 1817 1848 ὑποστασιν,

1916 1767 2065 1857 Deus
2095 1775 2153 1829 et
2180 1769 2478 1848 perfectus
2539 1770 2743 1851 homo,
2804 1771 3020 1851 duplex
3065 1766 3296 1849 natura,
3348 1783 3407 1835 at
3431 1793 3552 1836 non

175 1873 335 1942 σῶμα
388 1865 635 1945 ἔμψυχόν
704 1887 762 1921 τε
817 1868 905 1922 καὶ
961 1865 1133 1923 ἔννουν
1187 1865 1247 1922 ἐκ
1301 1871 1399 1932 τῆς
1459 1862 1823 1942 Ἀειπαρθένου

1916 1855 2312 1933 subsistentia,
2347 1858 2567 1938 quique
2596 1875 2814 1941 corpus
2843 1860 3042 1922 anima
3064 1869 3382 1942 menteque
3409 1881 3557 1942 prae.

171 1944 635 2035 προσλαϐόμενος,
694 1952 778 2010 διὰ
833 1953 1034 2012 τελείου
1094 1953 1249 2032 ἄρτου
1307 1954 1522 2017 είκότως
1552 1951 1823 2032 παρέδωκε

1916 1944 2090 2006 iitum
2120 1965 2152 2008 e
2183 1965 2422 2026 semper
2451 1945 2702 2026 Virgine
2731 1948 3071 2029 assumpsit,
3093 1951 3305 2011 merito
3324 1969 3553 2031 perpa-

171 2046 236 2100 τὸ
305 2048 404 2111 τῆς
492 2048 682 2110 καινῆς
761 2045 1027 2113 Διαθήκης
1111 2043 1396 2121 μυστήριον
1429 2059 1442 2072 ·
1529 2039 1821 2118 εὐλογήσας

175 2133 356 2208 αὐτὸν,
401 2134 491 2189 καὶ
530 2131 757 2204 κλάσας,
803 2133 891 2187 καὶ
945 2131 1128 2211 εἰπὼν,
1165 2152 1193 2189 «
1230 2128 1451 2210 Λάϐετε,
1497 2129 1689 2209 φάγετε
1723 2146 1738 2160 ·
1789 2151 1816 2184 ι

173 2221 234 2287 ὅς
292 2220 433 2276 ἐστιν
489 2223 518 2277 ὁ
575 2220 878 2300 ἐπουράνιος
934 2221 1088 2299 ἄρτος
1148 2221 1234 2276 καὶ
1288 2221 1507 2290 ζωτικὸς
1566 2219 1652 2274 καὶ
1681 2217 1824 2289 ζωὴν

173 2309 342 2373 διδοὺς
424 2323 541 2374 τοῖς
625 2309 875 2366 ἐσθίουσιν
945 2309 1101 2364 αὒτόν
1147 2327 1165 2346 ο
1250 2309 1422 2370 καθὼς
1505 2309 1534 2363 ὁ
1602 2307 1823 2385 Χρσιτὸς

175 2398 533 2477 ἐπηγγείλατο
563 2397 731 2476 λέγων
765 2413 780 2428 ⁸
839 2417 865 2457 ι
929 2387 985 2455 Ὀ
1034 2398 1252 2476 τρώγων
1286 2419 1384 2472 μου
1416 2396 1514 2463 τὴν
1545 2395 1709 2474 σάρκα
1739 2397 1826 2452 καὶ

175 2489 340 2546 πίνων
370 2511 473 2564 μου
497 2489 556 2543 τὸ
587 2491 726 2563 αἷμα
754 2486 806 2543 ἐν
838 2485 955 2562 ἐμοὶ
986 2486 1152 2562 μένει,
1184 2485 1335 2564 κάγὼ
1365 2483 1418 2539 ἐν
1449 2487 1610 2558 αὐτῷ.
1648 2503 1674 2540 ι

260 2567 366 2637 κδ’.
426 2577 486 2634 Εἰ
528 2574 583 2632 δὲ
641 2577 728 2632 καὶ
770 2577 900 2654 πρὸς
956 2575 1056 2641 τὴν
1108 2580 1214 2630 τῶν
1272 2571 1561 2652 εἰρημένων
1614 2568 1828 2645 δύναμιν

178 2664 626 2744 δυσανασχετεϊτε
721 2665 809 2720 καὶ
892 2662 1200 2742 φιλονείκως
1239 2691 1246 2702 -
1288 2660 1430 2740 [Αιι.
1518 2657 1827 2740 φιλονίκως]

179 2751 520 2832 διενίστασθε,
580 2753 723 2831 παρὰ
798 2759 904 2809 τῶν
975 2751 1136 2830 ἁγίων
1217 2748 1461 2827 λέγοντες
1517 2745 1824 2803 ἀποστόλων

182 2841 382 2921 Πέτρου
437 2843 525 2898 καὶ
606 2841 814 2897 Παύλου
897 2841 995 2908 τὴν
1077 2846 1182 2897 τῶν
1262 2839 1472 2914 ἀζύμων
1541 2834 1825 2915 παράδοσιν

180 2927 533 3010 παραλαϐεῖν,
627 2929 988 3008 συνερχόμεθά
1056 2928 1152 2985 κάν
1237 2927 1405 3000 τούτῳ
1469 2931 1539 3002 τῇ
1605 2923 1828 3001 ὑμετέρα

180 3016 523 3098 ἀδελφότητι,
567 3019 656 3074 καὶ
712 3015 942 3092 δείξομεν
1001 3016 1092 3071 σὺν
1148 3021 1283 3094 Θεῷ,
1341 3013 1458 3069 τινὰ
1527 3017 1632 3068 τῶν
1687 3011 1828 3088 παρὰ

179 3112 287 3164 τῶν
357 3105 668 3163 ἀποστόλων
737 3103 1154 3184 παραδοθέντων,
1225 3099 1312 3160 ὑπ’
1385 3101 1594 3158 ἐκείνων
1664 3101 1828 3155 αὐτῶν

179 3194 341 3252 πάλιν
384 3192 723 3274 διορθωθέντα
783 3191 923 3273 [Αἰι.
981 3189 1331 3273 ἀναιρεθέντα]
1391 3191 1479 3247 καὶ
1529 3209 1828 3265 μεταποιη-

179 3283 334 3341 θέντα
391 3286 522 3364 πρὸς
583 3286 643 3340 τὸ
701 3280 1062 3363 εὐσεϐέστερον
1096 3303 1112 3320 ο
1174 3286 1266 3338 οἷα
1319 3285 1418 3348 τῆς
1476 3280 1548 3347 εἰς
1607 3277 1830 3356 Χριστὸν

180 3375 410 3436 πίστεως
466 3371 884 3453 κρατυνομένης,
937 3373 1026 3428 καὶ
1102 3377 1200 3438 τῆς
1283 3367 1602 3435 Ἐκκλησίας
1674 3371 1828 3438 Θεοῦ,

181 3462 367 3542 χάριτι
437 3461 817 3542 στερεουμένης
900 3462 989 3516 καὶ
1075 3457 1498 3534 πλατυνομένης.
1586 3456 1685 3514 Καὶ
1769 3455 1831 3509 τὸ

184 3547 460 3607 Σάϐϐατον
519 3552 620 3630 γὰρ
681 3551 780 3607 ἶσα
841 3555 908 3626 τῇ
961 3549 1084 3626 ἁγίᾳ
1139 3553 1373 3627 Κυριακῇ
1429 3543 1831 3625 προσετάγημεν

184 3644 366 3715 τιμᾷν,
428 3641 516 3696 καὶ
571 3637 848 3718 φυλάττειν
918 3638 1007 3693 καὶ
1077 3635 1241 3713 μηδὲν
1297 3634 1352 3690 ἐν
1414 3633 1556 3708 αὐτῷ
1614 3631 1831 3718 ἐργάζε-

184 3731 304 3784 σθαι
339 3746 354 3761 ο
414 3727 550 3784 ἀλλὰ
588 3717 758 3784 τοῦτο
813 3735 898 3785 νῦν
963 3730 1022 3784 οὐ
1079 3729 1298 3805 γίνεται.
1359 3724 1458 3781 Καὶ
1515 3721 1709 3799 Πέτρος
1779 3717 1832 3774 δὲ

181 3817 307 3879 τοὺς
365 3814 416 3882 ἐξ
465 3817 624 3874 ἐθνῶν
684 3814 1142 3897 προσερχομένους
1201 3821 1269 3885 τῇ
1327 3811 1608 3887 ἀμωμήτῳ
1663 3808 1832 3897 πίστει

178 3911 290 3961 τῶν
334 3911 684 3984 Χριστιανῶν,
755 3907 819 3961 τὸ
870 3912 1080 3984 πρῶτον
1136 3901 1464 3981 περιέτεμνε,
1525 3899 1611 3954 καὶ
1665 3895 1832 3958 οὕτως

180 3991 428 4064 ἐϐάπτιζε
477 3992 646 4074 (31)·
709 3995 796 4050 καὶ
855 3992 1060 4056 Παῦλος
1119 3989 1171 4047 δὲ
1228 3991 1316 4046 τὸν
1381 3987 1632 4062 Τιμόθεον
1676 4005 1831 4064 περι-

184 4081 397 4157 έτεμεν.
470 4080 637 4139 Ἀλλὰ
703 4085 790 4139 καὶ
860 4086 906 4139 οἱ
957 4079 1353 4160 κατηχούμενοι
1407 4086 1830 4155 τριακονταετεῖς

181 4168 551 4242 ἐϐαπτίζοντο.
613 4172 711 4230 Καὶ
780 4169 943 4235 ἄλλας
1011 4170 1157 4232 τινὰς
1240 4165 1461 4242 νομικὰς
1515 4163 1831 4243 παρατηρή-

184 4280 300 4323 σεις
381 4263 427 4317 οἱ
533 4260 865 4324 πιστεύοντες
970 4256 1278 4337 ἐφύλαττον.
1366 4254 1466 4312 Καὶ
1560 4251 1832 4331 ἀρχιερεῖς

1905 2051 2043 2094 nem
2075 2035 2401 2115 perfectum
2423 2035 2666 2096 tradidit
2683 2037 2816 2097 novi
2837 2038 3176 2099 testamenti
3207 2056 3550 2100 sacramen-

1907 2134 2056 2196 tum,
2090 2142 2267 2203 quem
2302 2123 2604 2186 benedixit
2628 2123 2951 2206 fregitque,
2982 2125 3230 2189 dicens:
3266 2129 3552 2207 Accipite,

1905 2213 2286 2283 mauducate,
2311 2211 2692 2293 quiestpanis
2715 2214 2995 2287 caelestis,
3019 2215 3235 2290 vitalis,
3259 2215 3557 2296 vitamque

1905 2297 2164 2378 largiens
2181 2301 2639 2364 comedentibus
2662 2319 2797 2363 eum
2826 2323 2841 2377 ;
2865 2302 3021 2366 sicut
3041 2303 3309 2366 Christus
3341 2303 3561 2385 promi-

1909 2387 2006 2463 sit,
2029 2389 2141 2450 hoc
2155 2407 2434 2450 sermone
2458 2407 2470 2451 :
2515 2391 2637 2464 Qui
2654 2391 2978 2454 manducat
2994 2409 3186 2454 meam
3207 2410 3476 2469 carnem,
3500 2400 3556 2454 et

1910 2475 2059 2538 bibit
2069 2495 2266 2540 meum
2277 2483 2658 2557 sanguinem,
2675 2479 2738 2538 in
2751 2495 2846 2541 me
2856 2487 3264 2560 manet,etego
3278 2482 3341 2542 in
3354 2479 3458 2541 illo
3471 2480 3553 2538 99.

1987 2565 2087 2627 94.
2121 2564 2290 2637 Quod
2321 2566 2371 2626 si
2400 2566 2682 2628 adversus
2703 2567 3014 2628 allatorum
3038 2568 3154 2628 vim
3175 2586 3331 2648 aagre
3346 2567 3554 2630 feren-

1911 2661 1996 2715 tes
2018 2653 2416 2738 contentionis
2427 2672 2631 2738 amore
2644 2654 2956 2738 obsistitis,
2973 2657 3442 2738 asseveratisque
3455 2675 3557 2719 vos

1910 2751 1944 2794 a
1971 2732 2194 2795 sanctis
2222 2734 2505 2818 apostolis
2533 2736 2708 2818 Petro
2767 2742 2826 2796 et
2870 2732 3053 2798 Paulo
3083 2732 3391 2817 accepisse
3419 2755 3554 2818 azy-

1911 2830 2137 2874 morum
2170 2814 2550 2876 traditionem
2576 2835 2590 2895 ;
2618 2815 2678 2875 in
2701 2833 2771 2876 eo
2800 2834 3036 2896 quoque
3065 2835 3200 2877 cum
3232 2814 3423 2878 vestra
3441 2814 3546 2879 fra-

1910 2901 2185 2964 ternitate
2219 2902 2667 2980 congredimur,
2733 2913 2792 2964 et
2837 2903 2959 2965 Deo
2985 2905 3304 2984 adjuvante
3335 2905 3553 2985 proba-

1911 2989 2132 3065 bimus,
2166 2991 2452 3052 nonnulla
2483 3009 2689 3053 eorum
2742 3011 2874 3073 quae
2929 2992 3001 3053 ab
3031 2993 3315 3073 apostolis
3345 2995 3557 3056 tradita

1913 3079 2175 3155 fuerunt,
2205 3097 2314 3160 per
2353 3080 2516 3160 ipsos
2547 3080 2788 3142 eosdem
2821 3089 3027 3161 postea
3053 3089 3320 3144 correcta
3348 3081 3554 3158 fuisse,

1914 3173 1975 3231 et
2005 3169 2076 3229 ad
2109 3169 2396 3248 majorem
2429 3168 2713 3249 pietatem
2748 3170 3029 3232 translata
3062 3192 3075 3230 :
3105 3171 3244 3252 quia
3272 3171 3554 3234 nimirum

1913 3256 2063 3318 ﬁdes
2091 3257 2154 3318 in
2177 3257 2472 3320 Christum
2507 3257 2895 3320 corroborata
2924 3271 3036 3340 est,
3070 3269 3130 3321 et
3151 3259 3421 3323 Ecclesia
3451 3279 3558 3342 per

1912 3343 2024 3407 Dei
2053 3345 2305 3425 gratiam
2336 3346 2564 3406 ﬁrmata
2584 3356 2762 3426 atque
2784 3346 3041 3410 dilatata.
3065 3347 3304 3410 Etenim
3326 3347 3555 3411 Sabba-

1913 3442 2037 3495 tum
2072 3433 2198 3515 pari
2252 3435 2481 3496 honore
2535 3452 2668 3496 cum
2720 3433 3033 3499 Dominica
3079 3436 3363 3518 prosequi
3400 3437 3557 3517 jussi

1914 3541 2141 3599 sumus,
2179 3533 2238 3584 et
2268 3541 2526 3599 servare,
2553 3523 2821 3604 nihilque
2845 3543 2914 3586 eo
2937 3524 3034 3586 die
3050 3528 3284 3606 operari
3312 3544 3327 3589 :
3349 3543 3554 3587 verum

1915 3612 2028 3673 hoc
2059 3630 2216 3672 nunc
2248 3629 2621 3692 nequaquam
2674 3611 3043 3676 observatur.
3071 3613 3161 3676 Ad
3191 3615 3318 3675 haac
3346 3613 3554 3676 Petrus

1917 3719 2018 3762 eos
2049 3699 2150 3780 qui
2199 3718 2267 3761 ex
2319 3699 2596 3779 gentibus
2650 3701 3021 3763 accedebant
3071 3703 3144 3764 ad
3193 3702 3554 3784 inculpatam

1917 3787 2386 3850 Christianorum
2416 3788 2621 3862 ﬁdem,
2652 3787 2910 3868 primum
2934 3790 3416 3867 circumcidebat,
3441 3791 3553 3854 de-

1914 3875 2052 3937 inde
2066 3876 2432 3957 baptizabat;
2455 3877 2714 3957 itemque
2728 3875 2944 3939 Paulus
2971 3879 3556 3943 circumciditTimo-

1915 3965 2140 4026 theum.
2179 3963 2511 4036 Quinetiam
2564 3966 3001 4047 catechumeni,
3061 3986 3281 4029 annum
3312 3977 3558 4048 agentes

1915 4053 2285 4114 tricesimum
2315 4053 2778 4135 baptizabantur.
2811 4056 2958 4117 Aliae
3004 4057 3305 4119 ncnnullm
3333 4058 3555 4138 legales

1915 4139 2400 4204 observationesa
2412 4143 2688 4206 ﬁdelibus
2700 4143 3552 4223 custodiebantur.Pontiﬁces,

1917 4249 2048 4292 cum
2068 4230 2349 4292 uxoribus
2371 4231 2811 4313 copulabantur.
2848 4235 3201 4314 Nuncporro
3218 4235 3364 4297 nihil
3390 4237 3554 4316 ejus-

181 4347 386 4428 γυναιξὶ
453 4350 870 4428 συνεζεύγνυντο.
944 4319 1092 4404 Ἀλλ’
1176 4343 1320 4402 οὐδὲν
1403 4339 1518 4421 ἄρτι
1599 4347 1826 4397 τοιοῦτον

1919 4319 2156 4380 modiin
2181 4339 2292 4381 usu
2317 4329 2408 4383 est
2433 4367 2450 4398 ,
2477 4319 2757 4402 quoniam
2779 4332 2988 4384 sancta
3006 4321 3115 4385 Dei
3133 4323 3396 4386 Ecclesia
3417 4329 3554 4405 (jam

2174 4409 2200 4430 ρ
2329 4409 2536 4430 si,”
2817 4419 2863 4430 -.
3044 4409 3104 4430 κ,
3253 4412 3277 4430 ι.
3347 4413 3383 4430 ,ο

226 4393 386 4414 νη...
454 4393 660 4420 --.νς-η.
707 4393 870 4410 μη.-.
963 4393 1074 4404 .-....
1178 4393 1314 4402 π--.
1407 4393 1517 4421 --Γπ

184 4393 610 4514 ἐμπολιτεύεται,
667 4393 767 4505 τῆς
824 4445 917 4496 τοῦ
973 4443 1102 4495 Θεοῦ
1165 4431 1506 4502 Ἐκκλησίας,
1551 4431 1624 4494 ὡς
1680 4427 1826 4507 εἴρη-

1919 4409 2298 4508 dictum-fuit)
2328 4393 2544 4472 robore
2575 4410 2778 4488 crevit,
2810 4419 2989 4492 atque
3034 4409 3109 4472 ad
3138 4393 3556 4493 perfectio‘rem

180 4549 300 4602 ται,
333 4526 847 4607 ἰσχυροποιουμένης
897 4526 986 4582 καὶ
1033 4522 1436 4605 προκοπτούσης
1489 4519 1574 4576 ἐπὶ
1601 4520 1662 4576 τὸ
1690 4518 1834 4576 ἐντε-

183 4615 465 4697 λέστερον.

265 4695 370 4768 ate".
433 4707 532 4764 Καὶ
587 4705 638 4762 τί
719 4706 1014 4783 θαυμαστὸν
1098 4704 1135 4772 ἢ
1206 4701 1375 4773 ξένον,
1451 4702 1496 4758 εἰ
1547 4707 1836 4768 τηνικαῦτα

173 4795 285 4872 μὲν
353 4797 399 4852 οἱ
456 4795 684 4871 μαθηταὶ
734 4794 787 4850 ἐν
844 4794 991 4874 ἀρχῇ
1038 4802 1130 4852 τοῦ
1189 4791 1552 4870 κηρύγματος,
1609 4795 1678 4866 τῇ
1729 4793 1834 4845 τῶν

175 4880 402 4942 πολλῶν
459 4883 696 4957 ἀσθενείᾳ
733 4880 1258 4963 συγκαταϐαίνοντες,
1319 4880 1436 4937 τινὰ
1486 4885 1591 4935 τῶν
1645 4876 1836 4952 ἐθίμων

269 5039 334 5092 98
358 5038 503 5105 Luc.
532 5057 678 5118 xm,
709 5039 811 5118 20,
843 5039 944 5104 15.
1027 5037 1088 5091 ³9
1111 5037 1285 5104 Joan.
1317 5055 1360 5114 ι,
1393 5037 1495 5100 56.

1919 4497 2192 4580 provenit
2220 4505 2459 4562 statum.

1997 4688 2096 4752 25.
2121 4687 2190 4750 Et
2209 4689 2350 4771 quid
2372 4689 2587 4752 mirum
2611 4697 2712 4752 aut
2734 4709 2972 4774 novum,
2991 4693 3042 4755 si
3084 4699 3225 4757 tunc
3252 4694 3558 4776 temporis,

1917 4797 2049 4841 cum
2067 4777 2359 4859 inciperet
2379 4777 2678 4857 Evangelii
2701 4781 3064 4862 praadicatio,
3087 4782 3383 4866 discipuli,
3411 4782 3562 4844 mul-

1917 4875 2116 4930 torum
2143 4867 2476 4931 inﬁrmitati
2505 4887 2639 4932 sese
2684 4870 3230 4948 accommodantes.
3263 4871 3562 4954 permise-

1428 5167 1600 5230 Joan.
1632 5165 1803 5248 Bapt.
1835 5161 2118 5228 Cotelerii
2146 5171 2323 5228 notae.

275 5303 405 5387 (29)
446 5329 473 5362 ι
507 5305 634 5364 Μεθ’
659 5308 830 5386 ὑμῶν.
859 5329 883 5366 ι
913 5306 1160 5371 Addunt
1180 5303 1356 5387 codd_.
1377 5301 1518 5378 912,
1540 5301 1826 5387 2473,_npi

1927 5301 2000 5364 εἰς
2028 5299 2128 5365 τὴν
2157 5293 2932 5387 ἶλὲπολλιναρίουὶπεριπίπτειν.
2966 5292 3196 5372 αἵρεσιν,
3241 5291 3337 5356 Ne
3363 5309 3571 5358 errore

190 5380 302 5446 τοῑὶ
322 5380 398 5469 μεί
431 5391 621 5446 παθεῖν
647 5405 662 5420 ·
690 5380 1020 5469 antequam
1048 5388 1282 5469 patiar.
1315 5384 1458 5469 Luc.
1489 5399 1633 5469 xxxi,
1665 5380 1766 5443 15.

281 5467 412 5546 (30)
442 5463 873 5552 αᾼΛανθανόντως
903 5472 976 5533 εἷς
1005 5463 1102 5552 vin
1130 5479 1240 5552 τοῦ-
1265 5463 1667 5552 Ἀπολλιναρίου
1691 5482 1847 5552 περι-

193 5541 406 5627 πὶπτειν
439 5547 668 5627 εὕρεσιν.
691 5572 729 5627 γι
783 5549 1009 5612 Citatur
1037 5549 1196 5610 hunc
1224 5545 1286 5608 in
1318 5541 1610 5627 modum‘a
1624 5541 1850 5604 doctis-

189 5625 351 5690 simo
383 5622 742 5692 Combeﬁsio
774 5628 1036 5692 Auctarii
1061 5627 1124 5707 2,
1157 5627 1274 5692 col.
1305 5624 1422 5690 437
1459 5641 1474 5687 :
1534 5622 1846 5684 Πλανῶντες

620 5745 872 5810 Parnm.
905 5744 1015 5811 Gn.
1042 5742 1214 5810 CXX.

1927 5382 1994 5442 in
2019 5375 2392 5467 apollinarif
2417 5373 2688 5467 incidant
2710 5373 3017 5467 haeresim.
3239 5453 3278 5467 η

1927 5452 2185 5600 69%31):
2215 5459 2312 5515 Καὶ
2333 5455 2498 5520 οὕτως
2522 5453 2788 5526 acinace.
2834 5473 2866 5514 ι
2905 5452 3212 5536 Hujusque
3238 5453 3393 5518 liber
3418 5453 3568 5536 Reg.

3178 5735 3258 5800 25
