4050 6124
262 188 400 256 7.89
1750 184 2166 253 EPISTOLZE.
3546 181 3666 247 790

269 320 475 388 ταύτην
556 319 658 387 τὴν
740 317 975 397 σύνοδον,
1049 319 1186 393 μήτε
1259 319 1367 393 μὴν
1423 318 1799 394 ἀναθεματίσαι
1866 320 1953 376 τὰ

2045 316 2298 381 ,dversus
2311 323 2534 379 rectam
2566 317 2744 379 ﬁdem
2776 317 3215 399 duodecimque
3235 318 3429 382 sancti
3457 303 3666 399 Cyrilli

275 408 427 486 παρὰ
492 405 811 487 Θεοδωρίτου
852 405 990 464 κατὰ
1044 409 1143 474 τῆς
1199 406 1356 485 ὀρθῆς
1413 405 1641 472 πίστεως
1684 409 1774 466 καὶ
1828 413 1935 464 τῶν

2045 407 2211 487 ορίῐε
2239 405 2506 488 scriptis,
2564 413 2685 467 tum
2744 405 3008 486 epistolae
3047 405 3168 467 Ibae
3199 424 3213 469 :
3275 413 3455 488 atque
3482 425 3553 470 ex
3588 424 3664 469 eo

279 493 484 588 δώδεκα
555 493 854 588 κεφαλαίων
886 500 1015 588 ,θτοῦ
1069 492 1269 588 ,ἁγίουμ
1307 492 1560 588 βυρίλλοο
1620 495 1936 588 ῃγραῴντα,

2045 512 2298 575 ,empore
2327 513 2515 575 usque
2545 494 2615 555 ad
2642 512 2924 574 praesens,
2947 492 3278 555 abscissum
3295 513 3427 557 esse
3450 511 3666 576 papam

282 583 364 640 ἔτι
406 582 462 640 ’δὲ
501 584 591 641 καὶ
619 583 720 650 τὴν
751 589 842 639 τοῦ
886 578 996 640 Ἶϐα
1066 578 1354 652 ἐπιστολήν
1387 597 1402 613 ⁶
1476 583 1564 640 καὶ
1620 582 1796 641 ἔκτοτε
1855 585 1942 641 καὶ

2045 603 2056 643 ι
2086 591 2289 645 nostra
2318 581 2693 644 sanctissima
2724 593 2782 644 et
2838 581 3131 644 catholica
3157 580 3444 645 Ecclesia.
3478 583 3662 655 Quam

286 672 450 753 μέχρι
508 678 601 728 τοῦ
662 677 752 728 νῦν
819 670 1196 747 ἀποτμηθῆναι
1251 672 1351 738 τῆς
1399 670 1517 729 καθ’
1571 673 1714 749 ἡμᾶς
1768 675 1941 753 ἁγιω-

2045 671 2099 733 )b
2136 690 2395 747 causam,
2417 670 2790 732 incredibilis
2827 669 3001 731 nobis
3026 669 3261 750 penitus
3297 669 3421 731 visa
3449 678 3537 731 est
3566 670 3671 732 illa

285 762 454 829 τάτης
513 761 603 817 καὶ
671 758 960 826 καθολικῆς
1030 757 1349 826 Ἐκκλησίας
1417 762 1506 818 τὸν
1587 763 1791 822 πάπαν.
1870 764 1944 821 Οὗ

2045 761 2176 821 ’ama
2204 777 2218 822 :
2276 778 2394 821 non
2425 759 2573 821 adeo
2602 776 2763 821 circa
2794 758 2929 820 illos
2958 758 3268 839 praesules,
3303 777 3478 839 quam
3510 759 3671 821 circa

290 852 452 933 χάριν
477 851 566 908 καὶ
607 849 830 907 ἄπιστον
871 851 1007 924 ἡμῖν
1036 854 1192 906 τοῦτο
1246 849 1577 910 παντάπασιν
1633 849 1773 917 ἐδοξε
1804 869 1820 885 '
1883 851 1942 908 οὗ

2045 847 2418 929 nultiplicem
2449 846 2781 910 doctrinam
2813 855 2993 928 tuam,
3028 845 3513 927 singularemque
3534 865 3671 928 pru-

290 947 540 998 τοσοῦτον
581 940 698 1019 περὶ
722 938 959 1018 ἐκείνων,
1015 936 1137 995 ὅσον
1179 939 1298 1017 περὶ
1337 938 1435 1006 τῆς
1466 942 1565 1008 σῆς
1590 938 1940 1015 πολυμαθείας
2024 935 2309 1000 dentiam.

296 1052 354 1086 τε
379 1030 467 1086 καὶ
493 1026 826 1107 ἐξῃρημένης
870 1024 1152 1091 συνέσεως.

376 1107 435 1179 ι’.
471 1118 569 1174 Καὶ
598 1116 657 1173 ού
686 1122 844 1173 τοῦτο
893 1113 948 1171 δὲ
978 1116 1162 1195 μόνον,
1206 1113 1326 1171 ἀλλ’
1356 1114 1437 1172 ὅτι
1480 1116 1568 1173 καὶ
1597 1119 1645 1174 οἱ
1684 1115 1942 1184 δηλωθέν-

292 1228 381 1270 τες
423 1203 511 1262 δύο
539 1204 815 1286 ἀρχιερεῖς
845 1208 904 1263 οὐ
934 1203 1094 1279 μόνον
1152 1201 1342 1269 ἄλλους
1403 1204 1470 1263 τὰ
1523 1203 1694 1281 ἄζυμα
1749 1204 1941 1262 ἐσθίον-

291 1317 387 1359 τας
457 1293 866 1374 καταδέχωνται,
940 1289 1060 1349 ἀλλ’
1120 1290 1261 1349 ἔστιν
1326 1291 1414 1349 ὅτε
1491 1295 1579 1351 καὶ
1660 1294 1803 1352 αὐτοὶ
1872 1291 1938 1350 δι’

292 1383 507 1459 ἀζύμων
599 1383 698 1451 τὴν
790 1382 930 1438 θείαν
1014 1380 1280 1441 ἐκτελοῦσι
1364 1383 1761 1462 μυσταγωγίαν.
1843 1386 1942 1443 Καὶ

291 1474 458 1548 ἡμεῖς
523 1471 620 1547 μὲν
688 1472 909 1547 μήτινος
967 1473 1306 1550 εὐποροῦντες
1376 1469 1436 1527 ἐκ
1487 1480 1580 1531 τοῦ
1631 1474 1938 1554 προχείρου,

294 1558 361 1617 δι’
434 1560 494 1616 οὗ
572 1560 672 1626 τὴν
738 1559 857 1637 περὶ
939 1559 1123 1615 τούτου
1189 1561 1322 1639 πρὸς
1392 1558 1619 1623 ἐκείνους
1689 1560 1946 1641 ἐρώτησιν

295 1647 653 1724 ποιησόμεθα,
732 1646 910 1712 ἄλλως
981 1645 1037 1703 δὲ
1111 1645 1246 1724 μηδὲ
1314 1646 1498 1711 ἄλλοις
1568 1649 1687 1726 περὶ
1750 1651 1946 1707 τούτων

294 1735 505 1815 θαρῤεῒν
579 1734 821 1815 ἔχοντες,
890 1737 952 1792 τὸ
1023 1741 1126 1793 πᾶν
1186 1739 1286 1805 τῆς
1340 1735 1553 1815 ἐρεύνης
1597 1735 1718 1817 (49)
1769 1743 1838 1814 τῇ
1879 1743 1949 1815 σῇ

300 1824 609 1900 ἆνατίθεμεν
670 1820 924 1902 ’ἁγιότητι
957 1840 973 1855 ⁸
1032 1827 1106 1888 ὡς
1148 1822 1211 1880 ἂν
1253 1825 1386 1892 αὒτὴ
1458 1825 1577 1905 περὶ
1644 1825 1736 1882 τόῦ
1804 1825 1946 1900 πρά-

301 1935 501 1993 γματος
545 1909 777 1993 ἀκριϐῶς
841 1911 1126 1979 ἐξετάσασα
1195 1914 1425 1993 γνωρίσῃ
1493 1919 1564 1991 τῇ
1633 1915 1789 1991 ἡμῶν
1847 1935 1948 1990 με-

299 2002 561 2082 τριότητι.
597 2003 696 2061 Καὶ
736 2002 855 2081 περὶ
884 2002 982 2078 μὲν
1011 2003 1209 2060 τούτων
1253 2001 1442 2067 οὕτως.

385 2080 481 2153 ια’,
535 2092 626 2156 Εἰς
668 2080 931 2171 ἡμετέρας
974 2091 1030 2149 δὲ
1059 2104 1254 2172 χεῖρας
1282 2090 1512 2158 ἀπεδόθη
1557 2092 1642 2150 διὰ
1681 2099 1772 2150 τοῦ
1800 2091 1947 2170 λαμ-

302 2179 595 2258 προτάτου,
659 2177 907 2260 προέδρου
984 2182 1072 2237 καὶ
1132 2179 1349 2244 .δουκὸς
1448 2178 1777 2263 Ἀντιοχείας
1858 2189 1951 2239 τοῦ

300 2272 546 2347 Σκληροῦ
574 2267 696 2346 (50)
752 2270 838 2325 καὶ
890 2270 951 2326 τὸ
1006 2268 1127 2326 ἴσον
1182 2271 1280 2338 τῆς
1325 2271 1457 2351 πρὸς
1511 2272 1603 2328 τὸν
1658 2269 1949 2351 Γρανδὼης

299 2356 423 2425 ἤτοι
495 2355 743 2423 Ἀκυλίας
827 2361 1034 2440 γραφῆς
1104 2382 1197 2417 σου
1230 2374 1245 2390 ’
1325 2360 1355 2416 ὃ
1423 2361 1512 2417 καὶ
1591 2360 1946 2439 ἆναγνωσθὲν,

301 2446 645 2526 καταδρομὴν
676 2448 831 2506 αὗτοῦ
882 2447 1019 2527 [Αιι.
1066 2451 1212 2528 αὐτὸ]
1269 2447 1476 2517 πολλὴν
1518 2451 1637 2529 περὶ
1675 2455 1780 2506 τῶν
1822 2450 1951 2521 ἀζύ-

305 2557 424 2608 μων
495 2536 670 2618 μόνῶν
732 2535 869 2614 IAN.
928 2537 1110 2616 μόνον]
1197 2530 1378 2618 εὗρέθη
1448 2539 1789 2614 ποιούμενον,
1846 2544 1953 2595 τῶν

305 2621 509 2691 ἄλλων,
534 2614 849 2700 Ῥωμαϊκῶν
890 2614 1213 2705 σφαλμάτων
1258 2614 1467 2702 *πολλῷ
1520 2627 1721 2684 τούτων
1776 2626 1952 2707 χαλε-

305 2710 564 2791 πωτέρων
594 2711 878 2793 ἀφέμενον.
933 2715 992 2773 Εἰ
1047 2714 1192 2794 τάχα
1247 2712 1301 2770 δὲ
1356 2715 1445 2771 καὶ
1498 2712 1725 2794 ἔγραψεν
1769 2716 1957 2772 οὑτωσὶ

303 2801 440 2879 πρὸς
496 2800 594 2868 τὴν
646 2800 745 2868 σὴν
802 2802 1082 2882 ἁγιότητα,
1128 2802 1208 2859 ὅτι
1276 2803 1394 2881 περὶ
1462 2804 1658 2860 τούτων
1728 2802 1955 2883 ἔγραψεν

2110 1113 2210 1177 10.
2240 1112 2445 1194 Neque
2479 1131 2622 1175 vero
2659 1113 2773 1175 hoc
2815 1112 3095 1174 duntaxat
3122 1111 3372 1175 relatum
3407 1111 3534 1187 fuit,
3568 1111 3673 1174 sed

2025 1202 2205 1263 etiam
2252 1203 2407 1283 quod
2441 1202 2557 1263 duo
2589 1201 2906 1264 memorati
2940 1199 3275 1282 pontifices,
3309 1219 3443 1262 cum
3472 1200 3674 1262 homi-

2024 1308 2131 1351 nes
2161 1291 2309 1353 alios
2337 1309 2536 1371 azyma
2594 1288 2979 1351 comedentes
3034 1288 3354 1369 recipiunt,
3408 1296 3529 1350 tum
3557 1287 3673 1369 ipsi

2024 1397 2260 1461 quoque
2288 1378 2585 1440 interdum
2628 1378 2689 1439 in
2725 1376 2941 1459 azymis
2977 1375 3175 1438 divina
3210 1376 3515 1459 celebrant
3541 1395 3671 1456 my-

2030 1467 2232 1529 steria.
2266 1467 2338 1530 Et
2357 1486 2465 1528 nos
2487 1467 2729 1548 quidem
2748 1465 3050 1527 neminem
3079 1464 3155 1527 ad
3178 1484 3420 1527 manum
3443 1464 3672 1527 haben-

2033 1564 2147 1637 tes,
2180 1574 2287 1636 per
2315 1575 2491 1637 quem
2516 1555 2648 1617 illos
2680 1574 2750 1617 ea
2779 1555 2853 1616 de
2883 1573 2949 1616 re
2969 1554 3427 1633 interrogemus,
3452 1553 3524 1615 ad
3546 1553 3675 1615 haec

2027 1644 2162 1706 aliis
2189 1644 2350 1707 circa
2376 1645 2486 1706 ista
2514 1662 2885 1725 nequaquam
2906 1643 3177 1719 fidentes,
3213 1660 3453 1704 omnem
3482 1640 3676 1723 inqui-

2029 1732 2306 1795 sitionem
2336 1740 2450 1794 tuae
2471 1731 2895 1793 committimus
2916 1729 3249 1793 sanctitati:
3295 1738 3356 1791 ut
3378 1729 3527 1810 ipsa,
3560 1747 3674 1791 ne-

2030 1824 2186 1900 gotio
2242 1821 2558 1899 diligenter
2613 1820 2941 1900 explorato,
3004 1825 3223 1880 nostrae
3278 1817 3676 1880 mediocritati

2032 1919 2238 1973 notum
2268 1909 2467 1973 faciat.
2497 1909 2579 1971 Ac
2610 1908 2683 1971 de
2715 1907 2804 1968 his
2837 1907 3079 1988 quidem
3110 1906 3219 1968 sic.

2113 2088 2179 2149 11
2199 2089 2311 2149 ,Ἧι
2333 2094 2566 2149 nostras
2589 2093 2781 2148 autem
2825 2102 3033 2147 manus
3074 2083 3348 2145 traditum
3371 2092 3461 2146 est
3481 2102 3516 2146 a
3547 2084 3674 2146 cla-

2032 2175 2272 2238 rissimo
2305 2175 2557 2255 praeside
2598 2193 2666 2236 ac
2694 2175 2845 2236 duce
2876 2172 3207 2235 Antiochiae
3235 2173 3444 2235 Sclero
3476 2191 3675 2235 exem-

2034 2265 2196 2345 plum
2218 2263 2487 2345 epistola:
2507 2271 2618 2325 tum
2637 2263 2707 2323 ad
2730 2262 2882 2327 Grad
2893 2280 3099 2323 ensem
3113 2279 3216 2322 seu
3230 2260 3675 2341 Aquileiensem

2033 2351 2352 2415 anstitilem
2392 2370 2405 2414 :
2441 2371 2571 2433 qua:
2597 2353 2768 2427 lecta,
2816 2350 3055 2411 inventa
3095 2358 3183 2411 est
3214 2350 3531 2430 plurimum
3565 2368 3673 2410 ex-

2036 2459 2283 2503 currere
2314 2441 2376 2502 in
2398 2442 2523 2502 sola
2542 2458 2761 2519 azyma,
2800 2438 2930 2500 aliis
2967 2439 3313 2500 Latinorum
3343 2437 3672 2513 erroribus,

2036 2529 2139 2611 qui
2171 2529 2356 2591 multo
2386 2529 2687 2608 graviores
2709 2538 2869 2600 sunt,
2914 2526 3172 2588 omissis.
3207 2524 3269 2589 Si
3296 2526 3449 2589 forte
3476 2535 3675 2588 autem

2037 2625 2097 2680 et
2124 2618 2205 2679 ita
2233 2616 2473 2698 scripsit
2499 2617 2569 2678 ad
2632 2617 3005 2678 sanctitatem
3067 2623 3249 2689 tuam,
3283 2614 3440 2696 quod
3472 2614 3549 2676 de
3579 2615 3675 2676 his

2038 2703 2112 2766 ad
2135 2704 2328 2785 ipsum
2347 2704 2574 2766 litteras
2593 2704 2830 2767 dederit
2851 2714 3054 2767 nostra
3073 2703 3455 2765 mediocritas
3482 2720 3496 2766 :
3523 2711 3675 2765 atta-

2040 2811 2178 2855 men
2209 2793 2283 2854 de
2311 2795 2472 2855 nullo
2522 2794 2735 2855 horum
2776 2792 3061 2855 indicavit
3112 2810 3398 2874 unquam,
3431 2800 3533 2854 aut
3560 2793 3677 2874 ipsi

304 2870 452 2965 αξ)τῷ
497 2888 648 2968 [Αιι.
681 2892 827 2970 αύτὸ]
849 2870 894 2961 ’ἡ
924 2870 1205 2972 μετρίάτης
1258 2870 1462 2969 ἡμὼνο
1523 2893 1641 2950 ἀλλ’
1697 2870 1803 2951 ac."
1840 2870 1953 2971 περῖ

2045 2900 2227 2964 papae,
2252 2891 2353 2944 aut
2371 2882 2543 2944 alteri
2560 2881 2812 2963 cuipiam
2837 2870 3252 2963 episcoporum
3273 2870 3509 2943 suorum
3533 2901 3549 2957 ;
3569 2870 3677 2943 ex-

304 2976 516 3043 οὒδενὸς
557 2980 757 3037 τούτων
801 2969 1039 3052 ἐδήλωσὲ
1103 3004 1233 3040 ποτε
1287 2980 1324 3050 ἢ
1379 2981 1522 3058 αύτῷ
1572 2988 1650 3057 τῷ
1702 2983 1876 3059 πάπᾳ,
1912 2969 1953 3050 -ἤ

2045 2979 2211 3052 cepta
2238 2970 2508 3059 epistola,
2541 2974 2711 3059 cujus
2769 2970 3109 3052 exemplum
3140 2969 3678 3050 impraesentiarum

302 3090 412 3125 τινι
454 3066 600 3143 ἄλλῳ
640 3077 747 3126 τῶν
776 3069 1078 3128 ἐπιτκόπων
1129 3073 1285 3129 αὗτοῦ
1393 3070 1535 3145 πλὴν
1579 3074 1678 3140 τῆς
1735 3070 1953 3128 ἐπιστο-

2045 3060 2114 3122 ad
2145 3067 2202 3122 te
2232 3058 2524 3122 misimus.
2560 3058 2824 3141 Scilicet,
2881 3060 3036 3121 sicut
3089 3068 3332 3139 apparet
3364 3076 3434 3120 ex
3464 3058 3681 3121 litteris

303 3155 412 3224 λῆς
460 3161 527 3225 ἧς
573 3168 661 3218 νῦν
717 3161 849 3238 πρὸς
904 3161 964 3217 σὲ
1019 3162 1079 3219 τὸ
1136 3160 1257 3218 ἴσον
1299 3160 1761 3238 ἐξαπεστείλαμεν.
1808 3159 1953 3218 Ἀλλ’

2045 3170 2244 3215 eorum
2266 3160 2441 3233 atque
2463 3150 2820 3227 actionibus,
2849 3150 3087 3231 penitus
3110 3150 3429 3211 mendaces
3451 3156 3592 3211 sunt
3621 3155 3682 3214 et

302 3247 386 3329 ὡς
444 3246 701 3325 φαίνεται,
756 3248 864 3305 ἀπό
947 3271 1006 3306 τε
1082 3256 1189 3307 τῶν
1244 3251 1572 3331 γραμμάτων
1624 3250 1795 3308 αὒτῶν
1864 3250 1953 3307 καὶ

2046 3243 2204 3304 vafri.
2238 3240 2459 3304 Verum
2490 3248 2651 3303 recte
2678 3258 3022 3321 cognoscas,
3056 3238 3213 3319 quod
3245 3257 3364 3300 non
3394 3256 3512 3300 uno
3543 3245 3678 3300 tan-

304 3328 420 3390 τῶν
461 3333 696 3414 πράξεων
766 3335 904 3402 ὅλως
971 3339 1068 3396 εἶσὶ
1134 3327 1469 3420 φιλοψευδεῖς
1526 3341 1613 3397 καὶ
1670 3340 1953 3419 περίεργοι.

2045 3339 2165 3393 tum
2188 3330 2410 3420 jaculo,
2437 3347 2653 3420 nempe
2677 3330 2834 3420 circa
2863 3346 3087 3420 azyma,
3111 3327 3537 3420 transﬁguntur
3566 3330 3679 3390 La-

308 3420 472 3484 Ἀλλ.
505 3423 561 3481 εὖ
607 3423 716 3481 ἴσθι
766 3428 839 3490 ὡς
893 3426 995 3507 οὔχ
1055 3415 1160 3486 ἑνὶ-
1187 3428 1333 3503 μόνῳ
1374 3426 1516 3505 βέλει
1558 3432 1635 3504 τῷ
1684 3415 1828 3508 περὶ-
1852 3415 1953 3486 τῶν

2045 3420 2173 3494 lini,
2200 3419 2301 3481 illo
2326 3418 2557 3481 cunctis
2577 3417 2922 3495 novissimo,
2963 3416 3069 3478 sed
3108 3415 3309 3477 multis
3339 3415 3675 3498 variisque;

296 3510 527 3593 ριζύμων
569 3515 954 3594 περιπείρονται
982 3517 1030 3573 οἱ
1083 3507 1364 3593 Ῥωμαῖοι,
1422 3523 1501 3592 τῷ
1550 3518 1611 3574 τὸ
1680 3507 1961 3597 προδήλως

306 3605 445 3688 πᾶσι
496 3603 892 3684 γινωσκομένῳ³
924 3602 1061 3664 ἀλλὰ
1087 3604 1313 3670 πολλοῖς
1353 3627 1413 3662 τε
1453 3607 1542 3663 καὶ
1584 3604 1850 3688 διαφόροις
1893 3602 1959 3661 δι’

310 3686 350 3743 ἃ
393 3688 481 3774 καῖέ
509 3689 845 3770 ἐκτρέπεσθαι
887 3693 1099 3757 τούτους
1131 3692 1447 3774 ἐπάναγκες,

400 3777 452 3853 ιβ
465 3766 497 3837 ’.
543 3766 644 3836 Καὶ
673 3779 707 3836 ἃ
737 3781 833 3856 μὲν
864 3780 1187 3840 ἐπιτελοῦσιν
1215 3766 1593 3856 ἷουδαΐζοντες,
1614 3782 1779 3841 ταῦτά
1807 3781 1917 3839 ἐστι
1940 3796 1955 3811 ⁸

313 3864 448 3922 αὐτό
487 3888 546 3924 τε
588 3869 649 3925 τὸ
714 3872 830 3948 περὶ
891 3877 996 3929 τῶν
1037 3871 1250 3948 ἀζύμων
1319 3872 1504 3937 αύτοϊς
1547 3870 1962 3950 ἐπικρεμάμενον

313 3953 594 4037 ἔγκλημα²
657 3960 746 4015 καὶ
786 3946 876 4016 τὸ
931 3961 999 4017 τά
1054 3946 1247 4018 πνικτὰ
1314 3960 1526 4023 τούτους
1595 3946 1816 4034 ἐσθίεινέ
1876 3959 1953 4015 καῖ

2045 3970 2205 4027 men,
2229 3950 2512 4013 suffocata
2532 3949 2914 4022 manducare,
2945 3948 3097 4023 radi,
3138 3946 3395 4010 Sabbata
3422 3966 3681 4037 servare,
3783 3991 3789 3996 -

312 4044 380 4099 τδ
450 4041 689 4125 ξυρᾶσθαι
745 4046 896 4131 (51),
979 4050 1066 4107 καὶ
1130 4053 1191 4107 τὸ
1248 4047 1525 4131 φυλάττειν
1591 4048 1661 4116 τὴ
1717 4043 1964 4103 Σάϐϐατα

2043 3508 2119 3572 ob
2150 3526 2281 3589 quae
2310 3526 2557 3571 necesse
2587 3517 2680 3571 est
2709 3516 2770 3569 ut
2796 3507 2931 3571 illos
2971 3523 3336 3568 aversemur.

2123 3773 2222 3837 ‘12.
2255 3772 2325 3835 Et
2354 3773 2593 3854 quidem
2648 3789 2777 3853 quae
2829 3771 3066 3835 Judaeos
3122 3769 3333 3832 imitati
3369 3779 3678 3852 peragunt,

2043 3863 2154 3925 ista
2186 3870 2361 3924 sunt:
2407 3862 2603 3938 ipsum
2645 3862 2805 3922 circa
2835 3876 3043 3940 azyma
3072 3859 3429 3939 impendens
3459 3861 3534 3921 iis
3565 3860 3684 3922 cri-

2045 4042 2266 4125 polluta
2295 4038 2634 4119 comedere,
2695 4038 3017 4099 monachos
3065 4054 3245 4098 carne
3292 4036 3473 4118 vesci,
3508 4037 3684 4120 adipe

1562 4215 1733 4279 Joan.
1762 4213 1935 4294 Bapt.
1966 4209 2248 4276 Cotelerii
2274 4215 2450 4272 notae.

311 4380 467 4473 τήτφ
492 4381 706 4473 δυνᾴμξει
741 4403 771 4473 '_
808 4386 964 4473 Cum
1019 4388 1304 4452 exercitu
1350 4385 1586 4473 ingenti
1613 4390 1670 4447 et
1690 4382 1963 4473 potentia

312 4461 720 4553 ἱτιείζοναῡίζί,
746 4468 917 4548 juxta
942 4467 1353 4553 interpretem.
1384 4461 1504 4553 Ego
1532 4461 1959 4553 νει-,θ’σοηὶερ,

317 4547 381 4601 et
409 4541 496 4603 sic
524 4541 825 4624 corrigere
858 4567 1066 4610 omnes
1093 4541 1248 4623 rolo,
1275 4541 1599 4622 δυσανὶήτφ›
1632 4544 1746 4606 110°
1778 4541 1961 4624 θεῖ’ίη

318 4622 723 4710 expugnabili,
746 4627 965 4710 cuique
988 4630 1080 4710 vix
1108 4646 1177 4691 ac
1206 4622 1283 4689 ne
1329 4628 1423 4689 vix
1452 4624 1692 4710 quidem
1725 4622 1963 4710 occtn'ri

367 4702 952 4786 otest.___Sic'mor'tis
1003 4708 1323 4777 δυσάντητον
1375 4702 1566 4786 κράτος
1607 4703 1770 4786 dixit
1799 4702 1961 4786 idem

370 4788 516 4857 ater,
539 4783 646 4849 lib.
670 4803 750 4864 Iv,
776 4782 1459 4861 AdversusNestoriuni,
1477 4805 1535 4866 p.
1558 4783 1693 4859 107,
1714 4782 1962 4845 similia-

368 4869 651 4948 .ue_mu!ta
677 4868 1084 4948 proferremus
1114 4888 1185 4931 ex
1215 4868 1369 4948 ipso,
1402 4866 1476 4948 isi
1489 4883 1755 4948 _necesse
1777 4870 1958 4925 esset.

375 4942 497 5029 nde
524 4942 795 5029 ejusdem
826 4949 1046 5029 operis,
1066 4949 1170 5012 lib.
1190 4942 1360 5029 11i._p.
1387 4947 1466 5029 82
1486 4944 1556 5027 E,
1588 4943 1686 5007 ubi
1715 4949 1963 5029 apparet

320 5019 790 5106 ouzyatﬁidetur
817 5019 1223 5106 scribendum,
1283 5019 1600 5095 δυσάντητδν
1636 5044 1652 5064 ο
1703 5019 1960 5103 ἱιὶεζτρα-

319 5101 591 5188 gnobile,
623 5106 959 5188 interpreti.

406 5182 529 5265 (49)
560 5181 879 5269 (Ἐρεύνῖης.
909 5213 937 5247 ι
990 5186 1133 5250 Mihi
1159 5187 1485 5269 permirum
1519 5184 1772 5260 videtur,
1800 5181 1961 5269 viros

324 5261 530 5355 doctos
560 5261 761 5355 omnia
803 5269 1018 5355 edere,
1076 5261 1285 5355 omnia
1332 5261 1962 5355 concoquefezpmlﬁa

321 5342 727 5430 interpretari,
760 5349 935 5430 plane
965 5342 1219 5430 securos,
1252 5348 1329 5411 de
1384 5342 1585 5430 sensu.
1616 5343 1768 5430 Quid
1799 5342 1960 5430 ςηίεῐι

322 5422 557 5507 amabo,
590 5422 718 5491 haec
743 5422 945 5493 Graeca
971 5428 1087 5492 sibi
1131 5429 1354 5505 volunt,
1406 5422 1850 5507 Theophylacti,
1879 5422 1962 5507 [n

322 5505 737 5572 adorationem
758 5508 827 5573 S.
849 5509 1084 5588 Crucis,
1097 5509 1252 5593 apud
1265 5505 1633 5584 Gretserum,
1644 5505 1700 5570 c.
1717 5505 1858 5571 1511
1878 5505 1924 5567 Β
1938 5522 1953 5563 :

396 5644 420 5668 ⁸
449 5642 758 5708 Constitut.
790 5645 1040 5726 apostol.

2043 4382 2173 4444 Τοὺς
2255 4379 2416 4447 ἥλους
2501 4380 2917 4451 ἀνασκοποῦντα,
2990 4382 3078 4436 καὶ
3160 4379 3224 4433 τὰ
3307 4383 3406 4443 τῆς
3476 4375 3685 4456 λόγχης

2042 4461 2370 4535 κεντήματα,
2402 4460 2490 4516 καὶ
2536 4457 2799 4535 βάλλονται
2854 4457 2920 4516 δι’
2980 4461 3150 4516 αὒτῶν
3205 4458 3296 4514 τὸν
3350 4463 3447 4525 τῆς
3496 4455 3686 4536 ἐράνης

2042 4539 2315 4602 δάκτυλον.
2347 4537 2499 4612 Quid
2529 4556 2666 4599 vero
2716 4541 2826 4600 ista
2875 4537 3095 4615 Latina,
3158 4537 3370 4599 Clavos
3414 4545 3685 4599 contem-

2035 4620 2242 4702 plans,
2265 4626 2322 4702 et
2342 4618 2563 4702 lanceae
2582 4617 2858 4702 vulnera,
2878 4625 2942 4702 in
2952 4638 3067 4699 que
3077 4635 3154 4702 eo
3171 4616 3689 4702 vclutretrihutio-

2041 4695 2137 4761 his
2165 4695 2421 4779 digitum
2460 4700 2812 4762 immittens.
2865 4695 2990 4771 Quo
3023 4698 3198 4760 modo
3231 4715 3349 4779 non
3382 4695 3581 4758 statim
3614 4714 3686 4779 ex

2043 4780 2174 4862 ipso
2207 4775 2483 4862 contextu
2514 4786 2673 4862 et__ex
2729 4779 2999 4842 Historia
3048 4776 3398 4862 “euangelica
3427 4775 3689 4838 occurrit

2044 4857 2257 4942 ἐρεύνης
2285 4858 2537 4942 δάκτυλος
2568 4859 2809 4942 Thomae
2837 4857 3086 4939 apostoli
3113 4858 3139 4920 ζ’

2121 4940 2256 5020 (50)
2283 4938 2582 5020 Zonaras,_
2598 4938 2924 5005 Cedrenns.

2120 5013 2247 5100 (51)
2275 5042 2307 5100 ε
2348 5022 2445 5077 Καὶ
2473 5017 2838 5100 τδᾉξυρξᾶσθιιῖ
2862 5019 3198 5100 {Magnum
3228 5032 3368 5077 vero
3401 5013 3683 5100 crimen;

2040 5109 2106 5163 ut
2134 5094 2241 5178 per
2270 5096 2505 5178 Graecos
2539 5094 2760 5178 Latinis
2789 5094 3149 5178 objiccretur
3173 5113 3337 5178 ,_non
3367 5094 3559 5178 solum
3590 5094 3687 5178 hic

2042 5120 2106 5163 υῑ
2175 5120 2241 5161 ΘΓ
2270 5120 2505 5162 [11⁸33008
2540 5120 2760 5160 ιᾶιιηιδ
2789 5120 3188 5178 ODJICCl'BllH",
3217 5120 3337 5156 11011
3367 5120 3559 5155 SOIUIII
3590 5120 3686 5156 [HC

2042 5120 2169 5242 secl)
2178 5187 2236 5242 et
2263 5179 2326 5239 in
2354 5177 2562 5239 Edicto
2595 5177 2672 5238 dc
2704 5178 2962 5258 pittacio,
2998 5176 3100 5238 ubi
3156 5175 3357 5258 aiunt:
3418 5173 3686 5258 Ἐγκαλέ-

2042 5282 2227 5324 σαντες
2257 5261 2417 5335 ἡμῖν²
2472 5258 2552 5315 ὅτι
2610 5255 2731 5321 τοὺς
2787 5260 3048 5338 πώγωνας
3105 5255 3490 5336 παραπλησίως
3546 5255 3687 5311 ἐκεί-

2041 5364 2150 5405 νοις
2219 5339 2392 5419 ξυρᾷν,
2439 5340 2530 5419 καὶλ
2725 5335 2899 5395 κατὰ¹’
2922 5339 3073 5419 φύσιν
3128 5335 3428 5419 ἀνθρώπου-
3476 5335 3687 5415 μορφὴν

2038 5422 2179 5501 παρὰ
2225 5415 2377 5501 φύσιν
2417 5421 2434 5439 ¹
2493 5417 2830 5501 ἐξαλλάσσειν
2889 5415 2983 5501 οὔκ
3009 5415 3360 5501 ,ἀνεχόμεθι
3392 5415 3685 5501 Inousqu-

2041 5493 2129 5565 tes
2158 5493 2286 5577 nos,
2320 5499 2555 5562 Graecos
2580 5496 2793 5579 Latini,
2819 5499 2974 5578 quod
3003 5493 3249 5560 barbam
3279 5512 3447 5578 mque
3463 5512 3536 5558 ac
3562 5493 3688 5558 illis
