4050 6124
497 255 617 322 793

1946 250 2386 345 fEPISTOL/E.

3720 251 3838 318 ’794

497 392 718 471 ἀζύγους
794 394 937 451 εἶναι
1017 394 1137 458 τοὺς
1221 397 1449 475 ἱερᾶσθαι
1527 392 1795 457 θέλοντας.
1868 391 1968 450 Καὶ
2043 391 2113 448 δύι

2206 391 2415 459 volunt
2444 389 2687 453 sacrari.
2712 389 2839 453 Duo
2874 390 3088 452 fratres
3127 389 3274 452 duas
3321 407 3560 452 sorores
3600 388 3847 451 ducunt.

494 477 721 560 ἀδελφὰς
749 479 837 538 δύο
885 480 1231 559 λαμϐάνουσι.
1292 484 1392 540 Καὶ
1448 480 1502 537 ἐν
1556 487 1625 558 τῇ
1649 480 1942 561 λειτοῦργίᾳ
1984 480 2127 559 (56),

490 568 627 627 κατά
672 570 764 625 τὸν
808 573 991 650 καιρὸν
1039 577 1138 635 τῆς
1195 569 1547 647 μεταλήψεως
1606 574 1688 634 εἷς
1730 575 1834 628 τῶν
1888 569 2130 650 λειτουρ-

485 657 738 739 γούντων,
771 659 954 716 ἐσθίων
989 660 1057 737 [.4
1069 657 1137 721 ll.
1169 659 1344 738 ἐσθίει]
1383 660 1448 716 τὰ
1468 658 1636 736 ἄζυμα
1660 658 1739 738 [Α
1753 660 1822 722 ιι.
1847 662 1934 717 καὶ
1953 659 2126 740 τοὺς],

484 745 607 810 τοὺς
665 744 882 811 λοιποὺς
933 747 1245 810 ἀσπάνεται.
1330 749 1429 806 Καὶ
1498 746 1798 811 δακτυλίους
1854 755 2129 830 φοροῦντες

484 831 541 888 ἐν
571 846 693 897 ταῖς
724 837 905 915 χερσὶν
960 839 1006 893 οἱ
1054 835 1354 912 ἐπίσκοποι,
1413 838 1485 900 ὡς
1542 834 1697 903 δῆθεν
1750 850 2004 915 γυναῖκας
2033 838 2128 900 τὰς

489 917 808 991 Ἐκκλησίας
908 922 1289 1005 λαμϐάνοντες,
1386 929 1493 982 τῶν
1598 922 1870 1004 ἁῤῥαϐὦνα
1948 939 2128 1005 φορεῖν

488 1008 701 1089 λέγουσι
735 1031 750 1045 ⁸
810 1013 896 1069 καὶ
948 1014 1020 1076 εἷς
1072 1011 1338 1088 πολέμους
1379 1011 1434 1068 δὲ
1476 1012 1724 1087 ἐξιόντες,
1785 1011 1979 1088 α’ῗμασι
2033 1013 2127 1076 τὰς

488 1098 686 1157 ἑαυτῶν
716 1114 907 1181 χεῖρας
950 1103 1223 1181 χραίνουσι
1257 1120 1270 1136 ⁸
1317 1103 1406 1159 καὶ
1461 1103 1562 1182 πρὸ
1613 1101 1783 1158 αὖτ’ὒν
1834 1103 1921 1179 [in
1952 1099 2125 1162 Alla-

487 1187 590 1262 tia,
623 1190 753 1269 πρὸς
791 1191 1015 1270 ἑαυτῶν]
1060 1191 1153 1254 τὰς
1207 1191 1386 1270 ψυχὰς
1444 1190 1774 1270 ἀναιροῦντες
1829 1191 1918 1247 καὶ
1969 1190 2125 1246 ἀναι-

481 1275 747 1354 ρούμενοι.
788 1268 877 1342 ιΩς
929 1277 984 1334 δέ
1023 1300 1161 1343 τινες
1215 1268 1359 1346 ἡυζάς
1408 1268 1863 1358 διεϐεϐαιώσαντο,
1922 1279 2007 1335 καὶ
2061 1279 2123 1334 τὸ

478 1366 623 1420 θετον
708 1366 983 1442 βάπτισμα
1067 1365 1449 1441 ἐπιτελοῦντες,
1516 1367 1638 1430 τοὺς
1713 1366 2122 1443 βαπτιζομένους

477 1452 818 1528 βαπτίζοντες
862 1453 1006 1533 [ΑΗ.
1053 1455 1378 1533 βαπτίζουσι]
1426 1457 1498 1519 εἰς
1555 1456 1675 1530 μίαν
1725 1453 2027 1531 κατάδυσιν,
2059 1456 2121 1511 τὸ

477 1537 645 1616 ὄνομα
673 1548 765 1599 τοῦ
796 1545 999 1622 Πατρὸς
1040 1545 1126 1600 καὶ
1178 1550 1269 1599 τοῦ
1325 1548 1444 1600 Υἱοῦ
1493 1544 1580 1601 καὶ
1628 1551 1721 1602 τοῦ
1758 1543 1909 1621 ἁγίου
1950 1544 2119 1599 Πνεύ-

2215 481 2281 542 In
2315 479 2515 561 missa,
2549 487 2815 561 tempore
2846 477 3305 559 communionis,
3330 497 3484 541 unus
3514 477 3855 539 ministran-

2215 567 2359 630 tium
2382 568 2644 630 comedit
2670 585 2891 648 azyma,
2927 575 2987 628 et
3015 566 3277 648 reliquos
3306 566 3543 629 salutat.
3584 566 3852 629 Annulos

2211 656 2272 717 in
2303 655 2574 718 manibus
2603 655 2865 718 ferentes
2896 654 3185 736 episcopi,
3208 655 3373 735 quasi
3396 655 3693 717 Ecclesias
3708 673 3853 715 uxo-

2213 763 2345 806 rum
2367 748 2496 809 loco
2522 744 2801 807 duxerint
2842 744 3055 824 gestari
3084 762 3116 805 a
3146 762 3211 805 se
3240 744 3633 805 arrhabonem
3664 743 3847 815 aiunt,

2212 842 2270 896 et
2287 834 2358 895 ad
2378 835 2601 896 bellum
2627 834 2947 915 progressi,
2969 833 3256 913 sanguine
3275 851 3482 894 manus
3511 832 3847 913 inquinant;

2209 931 2346 984 ante
2368 942 2512 1003 quas
2534 923 2808 1004 pollutas,
2845 930 2966 983 tum
2991 921 3217 983 animas
3249 921 3547 995 occidunt,
3581 928 3703 982 tum
3727 920 3853 979 ani-

2212 1010 2420 1075 mabus
2443 1011 2816 1073 occiduntur.
2847 1013 3042 1092 thue
3068 1011 3339 1073 nonnulli
3372 1010 3547 1073 nobis
3581 1009 3846 1070 afﬁrma-

2207 1108 2365 1173 runt,
2398 1099 2659 1161 divinum
2696 1098 3054 1179 baptismum
3076 1098 3459 1172 celebrando,
3492 1116 3596 1160 eos
3624 1097 3725 1179 qui
3748 1096 3850 1159 ba-

2207 1189 2520 1269 ptizantur.
2545 1206 2662 1249 una
2679 1187 3396 1268 immersionebaptizant,
3419 1204 3637 1249 nomen
3661 1185 3850 1248 Patris

2207 1286 2265 1338 et
2291 1276 2424 1339 Filii
2455 1286 2514 1339 et
2543 1276 2796 1359 Spiritus
2827 1276 3016 1337 sancti
3048 1275 3463 1355 proferentes;
3495 1275 3638 1355 quin
3670 1273 3847 1335 etiam

2204 1364 2325 1426 sale
2356 1382 2558 1426 eorum
2593 1382 2742 1444 quos
2764 1362 3062 1443 baptizant
3092 1381 3195 1425 ora
3221 1362 3491 1443 implent.
3518 1362 3668 1424 Male
3688 1378 3847 1440 prae-

2205 1461 2364 1515 terea
2392 1451 2651 1533 accipiat
2670 1451 2813 1513 illud
2832 1451 3100 1532 Apostoli
3118 1450 3338 1511 dictum
3367 1471 3380 1512 :
3407 1449 3709 1513 Modicum
3724 1449 3845 1527 fer-

2201 1548 2468 1605 mentum
2513 1548 2696 1603 totam
2736 1558 2997 1603 massam
3036 1542 3402 1619 fermentat;
3432 1539 3587 1619 quod
3623 1538 3701 1601 ita
3732 1538 3845 1598 ha-

478 1649 645 1702 ματος
700 1628 1035 1708 ἐπιλέγοντες
1073 1650 1085 1664 ·
1160 1630 1297 1687 ἀλλὰ
1361 1633 1451 1689 καὶ
1520 1630 1712 1694 α’λατος
1766 1632 1897 1710 πρὸς
1953 1633 2113 1706 τούτῳ

2204 1630 2343 1692 bent
2369 1629 2654 1710 scriptum
2683 1648 2696 1691 :
2733 1627 3028 1691 Modicum
3048 1630 3413 1706 fermentum
3449 1633 3641 1691 totam
3677 1642 3843 1688 mas-

480 1715 622 1794 [Αιι.
695 1718 879 1799 τοῦτο]
934 1721 1002 1777 τὰ
1067 1726 1173 1777 τῶν
1233 1720 1629 1797 βαπτιζομένων
1674 1708 1933 1799 πληροῦσι
1991 1720 2113 1777 στό-

2204 1737 2330 1783 sam
2351 1708 2794 1798 corrumpit33;
2822 1725 3229 1797 conanturque
3260 1735 3327 1778 ex
3359 1717 3469 1778 hac
3493 1732 3847 1796 parvavoca-

476 1827 642 1880 ματα.
703 1813 893 1872 Κακῶς
950 1805 1004 1864 δὲ
1061 1810 1150 1866 καὶ
1217 1812 1279 1864 τὸ
1332 1806 1684 1866 ἀποστολικὸν
1746 1807 1921 1865 ἐκεῖνο
1960 1808 2121 1886 ῥητὸν

475 1890 919 1976 ἐκλαμϐάνοντες,
968 1898 1029 1953 τὸ
1073 1897 1304 1978 φάσκων,
1362 1920 1389 1952 α
1465 1898 1637 1977 Μιχρὰ
1690 1897 1828 1972 ζύμη
1882 1895 2004 1954 ὅλον
2059 1899 2121 1955 τὸ

2208 1808 2334 1869 buli
2364 1807 2699 1887 occasione,
2726 1815 2992 1868 evertere
3023 1805 3407 1880 fermentum,
3440 1804 3600 1886 quod
3631 1821 3843 1884 panem

2205 1896 2473 1959 sublevat
2503 1903 2560 1957 et
2584 1894 2821 1959 attollit.

474 1981 689 2062 φύραμα
729 1990 911 2060 ζυμοῖ,
950 2005 978 2044 ι
1027 1985 1192 2049 οὕτως
1221 1985 1397 2045 ἐκεῖνο
1430 1985 1796 2065 γεγραμμένον
1821 1985 2025 2066 ἔχουσι,
2065 2011 2092 2043 α
2128 1987 2301 2067 Μικρὰ
2328 1986 2467 2062 ζύμη
2497 1985 2622 2042 ὅλον
2649 1988 2710 2042 τὸ
2742 1986 2952 2065 φύραμα
2980 1984 3169 2063 φθείρει
3200 1982 3328 2063 (57)
3362 1995 3381 2014 '
3448 2005 3470 2039 υ
3524 1981 3845 2061 πειρώμενοι

473 2068 556 2127 διὰ
597 2077 699 2156 τῆς
730 2079 919 2152 μικρᾶς
948 2076 1142 2143 ταύτης
1171 2083 1263 2132 τοῦ
1303 2076 1539 2155 ῥήματος
1581 2075 1826 2154 ἀφορμῆς
1852 2075 2161 2156 ἀνατρέπειν
2188 2078 2287 2145 τὴν
2308 2077 2479 2151 ζύμην
2507 2075 2606 2142 τὴν
2633 2076 2722 2131 τὸν
2754 2072 3011 2131 ἀναϐατὸν
3041 2071 3194 2151 ἄρτον
3225 2071 3495 2151 αἴρουσαν.

552 2152 641 2222 ιδ’.
717 2159 869 2219 Ἀλλ’
911 2162 1027 2223 οὗδὲ
1081 2165 1150 2220 τὰ
1191 2152 1416 2240 λείψανα
1456 2167 1560 2221 τῶν
1615 2152 1780 2243 ἁγίων
1834 2152 2119 2243 ἀνέχονται

469 2264 786 2327 προσκυνεῖν
820 2270 834 2285 ’
908 2253 1048 2319 τινὲς
1104 2251 1158 2309 δὲ
1217 2254 1386 2311 αὐτῶν
1433 2252 1548 2312 οὐδὲ
1605 2253 1698 2317 τὰς
1764 2252 1916 2331 ἁγίας
1974 2253 2118 2310 εἰκό-

470 2359 564 2402 νας
611 2338 754 2415 (58).
791 2338 922 2398 Οὔτε
976 2342 1081 2417 μὴν
1134 2342 1256 2406 τοὺς
1315 2342 1493 2421 ἁγίους
1551 2343 1640 2398 καὶ
1696 2339 1957 2419 μεγάλους
2004 2348 2118 2398 Πα-

470 2425 626 2506 τέρας
689 2428 844 2504 ἡμῶν
897 2431 986 2485 καὶ
1028 2427 1369 2494 διδασκάλους
1427 2431 1516 2486 καὶ
1569 2429 1864 2509 ἀρχιερεῖς,
1918 2429 2007 2484 τόν
2061 2450 2118 2487 τε

471 2513 731 2594 Θεολόγον
762 2518 898 2596 φημὶ
948 2519 1255 2597 Γρηγόριον,
1316 2519 1403 2575 καὶ
1459 2519 1550 2574 τὸν
1600 2517 1765 2597 μέγαν
1821 2515 2117 2590 Βασίλειον,

468 2605 555 2659 κσὶ
610 2605 701 2660 τὸν
763 2608 908 2662 θετον
964 2607 1357 2686 Χρυσόστομον,
1416 2619 1532 2669 τοῖς
1603 2603 1814 2668 λοιποῖς
1871 2609 2115 2686 συναριθ-

467 2697 652 2766 μοῦσιν
709 2693 902 2773 ἁγίοις,
958 2697 993 2763 ἢ
1065 2693 1202 2758 ὅλως
1273 2695 1371 2761 τὴν
1437 2692 1666 2774 διδαχὴν
1724 2697 1892 2752 αὐτῶν
1946 2715 2116 2750 κατα-

469 2777 739 2859 δέχονται.
776 2783 875 2839 Καὶ
903 2780 1040 2838 ἄλλα
1089 2780 1143 2838 δέ
1187 2804 1304 2839 τινα
1360 2781 1573 2862 δρῶσιν,
1631 2782 1665 2837 ἃ
1729 2781 1952 2861 ἐργῶδές
2003 2782 2114 2839 ἐστι

468 2869 603 2927 κατὰ
657 2868 815 2948 μέρος
899 2871 1331 2951 ἀπαριθμετσθαι.
1409 2870 1559 2930 Οὕτω
1632 2871 1800 2930 τοίνυν
1855 2872 2109 2947 βιοῦντες,

463 2958 552 3013 καὶ
605 2959 859 3022 τοιούτοις
915 2957 1081 3016 ἔθεσιν
1137 2959 1572 3037 ὲντεθμαμμένοι,
1647 2959 1736 3016 καὶ
1784 2959 1850 3015 τὰ
1906 2959 2112 3040 προδή-

461 3044 570 3109 λως
653 3046 872 3122 ἀθέμιτα
950 3049 1039 3105 καὶ
1119 3049 1532 3128 ἀπηγορευμένα
1627 3046 1928 3125 τολμῶντες
2024 3050 2110 3106 καὶ

2287 2164 2383 2224 14.
2402 2161 2519 2224 Sed
2552 2180 2663 2223 nec
2684 2168 3022 2223 sanctorum
3045 2160 3327 2242 reliquias
3346 2159 3548 2220 volunt
3566 2155 3841 2218 adorare:

2203 2250 2448 2331 quidam
2483 2269 2619 2311 vero
2652 2250 2911 2330 illorum,
2942 2268 3132 2329 neque
3153 2266 3350 2310 sacras
3380 2246 3841 2325 imagines.San-

2203 2347 2331 2400 ctos
2361 2357 2724 2419 magnosque
2777 2340 2986 2401 Patres
3036 2344 3289 2417 nostros,
3332 2336 3608 2396 doctores
3662 2338 3841 2412 atque

2202 2426 2538 2508 pontiﬁces,
2572 2426 2943 2505 Gregorium,
2974 2425 3238 2505 inquam,
3281 2422 3675 2502 Theologum,
3708 2440 3839 2481 ma-

2200 2533 2375 2593 gnum
2401 2513 2706 2594 Basilium,
2727 2513 2989 2575 divinum
3022 2512 3524 2593 Cbrysostomum,
3550 2528 3684 2570 cum
3709 2509 3841 2569 aliis

2197 2602 2417 2664 sanctis
2473 2620 2591 2663 non
2657 2608 2995 2677 recensent,
3061 2602 3153 2663 vel
3222 2617 3463 2680 prorsus
3524 2596 3842 2659 admittunt

2197 2708 2402 2752 eorum
2453 2690 2806 2752 doctrinam.
2864 2689 3104 2751 Necnon
3151 2688 3264 2749 alia
3313 2687 3578 2768 quaedam
3628 2694 3830 2765 agunt,

2196 2798 2328 2860 qua:
2367 2796 2682 2859 operosum
2740 2784 2832 2840 est
2889 2776 3288 2859 particulatim
3340 2790 3716 2836 enumerare.
3750 2773 3835 2834 Ita

2198 2885 2336 2947 ergo
2367 2866 2651 2942 viventes,
2684 2865 2980 2947 ejusmodi
3011 2865 3277 2926 moribus
3314 2861 3604 2943 innutriti,
3638 2864 3834 2923 mani-

2195 2956 2344 3018 festo
2375 2955 2601 3030 illicita,
2636 2956 2833 3030 vetita,
2863 2953 3187 3017 aversanda
3229 2951 3538 3032 audentes,
3568 2969 3641 3011 an
3671 2959 3836 3011 recte

2196 3042 2589 3106 sentientibus
2618 3043 2976 3105 videbuntur
3004 3042 3065 3103 in
3097 3040 3561 3103 orthodoxorum
3589 3038 3833 3099 omnino

472 3133 830 3214 ἀποτρόπαια,
862 3134 916 3193 ἒν
965 3124 1266 3215 ὀρθοδόξων⁷
1302 3124 1439 3202 ὅλως
1496 3137 1651 3217 μοίρᾳ
1701 3124 1821 3200 τοῖς
1877 3139 1934 3193 εὗ
1976 3158 2108 3217 φρο-

2204 3141 2347 3195 :oatu
2378 3150 2509 3194 esse
2540 3130 2916 3194 collocandi?
2943 3132 3076 3194 Non
3107 3148 3214 3209 ego
3238 3145 3380 3190 sane
3412 3125 3689 3217 arbitror.
3722 3124 3834 3217 Qui

469 3232 615 3282 νοῦσι
682 3224 936 3305 τετάχθαι
992 3222 1270 3305 δόξουσιν;
1316 3229 1424 3283 Οὐκ
1472 3223 1642 3303 ’ἐγωγε
1697 3224 1880 3304 οἶμαι,
1940 3228 1999 3282 Οἱ
2057 3223 2111 3280 δὲ

468 3311 633 3390 ὀρθῶς
676 3310 811 3376 ἴσως
863 3313 1045 3376 αὖτοὺς
1103 3326 1316 3392 φρονεῖν
1374 3313 1513 3370 οὕτω
1570 3321 1818 3377 ποιοῦτας
1873 3312 2109 3394 ἀποφαι-

465 3399 677 3475 νόμενοι
762 3401 977 3482 τύχοιεν
1059 3406 1160 3468 τῆς
1231 3399 1435 3482 μερίδος
1518 3405 1711 3464 αὐτῶν.
1800 3398 1930 3459 Οὐδὲ
2012 3403 2111 3482 γὰρ

463 3488 661 3555 ταύτης
732 3488 913 3553 αὐτοῖς
992 3510 1122 3546 ποτε
1203 3495 1303 3557 τῆς
1387 3490 1635 3567 ὁμονοίας
1720 3491 1810 3547 καὶ
1862 3491 2110 3556 συπνοίας

463 3577 842 3663 φθονήσαιμεν.
876 3579 965 3646 Μὴ
1021 3577 1158 3636 οὕτω
1212 3580 1501 3657 μανείημεν
1641 3578 1958 3655 ὲκσταίημεν
1999 3580 2105 3637 τῶν

462 3666 667 3747 οἰκείων
699 3674 899 3747 φρενῶν
910 3713 921 3725 .
1206 3696 1209 3699 ·

544 3744 628 3811 αε’
655 3762 826 3813 Ταῦτα
881 3757 1017 3813 κατά
1075 3755 1298 3837 πάροδον
1354 3755 1691 3832 διεξήλθομεν
1725 3770 1740 3787 ⁹
1800 3756 1914 3826 ἳνα,
1972 3754 2107 3813 εἶδέ-

460 3866 544 3899 ναι
597 3842 796 3923 ἔχουσα
849 3847 884 3914 ἡ
949 3845 1222 3914 τελειότης
1280 3869 1372 3904 σου
1424 3848 1491 3903 τὰ
1553 3846 1759 3908 τούτοις
1814 3844 2107 3921 τελούμενα

464 3929 600 4008 [ΑΗ.
650 3934 849 3989 τούτων
901 3933 1266 4013 τολμώμεναι,
1315 3936 1393 4011 μὴ
1459 3934 1639 4001 οἷἠται
1695 3935 1767 3998 ὡς
1823 3935 1939 4011 περὶ
1970 3934 2105 4008 μόνα

458 4022 526 4077 τὰ
597 4021 768 4099 ἄζυμα
822 4022 1166 4105 σφάλλονται,
1223 4026 1395 4087 καθὼς
1467 4024 1556 4080 καὶ
1609 4023 1754 4080 αὐτοὶ
1809 4022 1971 4102 μέχρι
2013 4030 2103 4079 τοῦ

457 4110 714 4189 παρόντος
781 4109 1217 4189 ὑπελαμϐάνομεν
1252 4129 1265 4143 ⁶
1352 4110 1489 4169 ἀλλὰ
1546 4109 1827 4189 διαγνοῦσα
1894 4112 1985 4167 καὶ
2038 4112 2103 4171 τὰ

535 4226 601 4275 Ξ
626 4224 651 4289 Ι
681 4228 817 4290 Cor.
849 4247 903 4303 v,
938 4227 975 4288 6
1012 4247 1028 4303 ;
1059 4226 1249 4291 Galat.
1287 4244 1343 4288 ν.
1377 4228 1438 4291 9.

2192 3229 2388 3282 autem
2420 3220 2615 3282 forsan
2646 3238 2748 3282 eos
2777 3218 2860 3282 ita
2889 3228 3212 3298 Operanles
3239 3223 3403 3279 recte
3432 3214 3656 3276 sentire
3683 3215 3839 3276 affir-

2191 3317 2375 3386 mant,
2409 3317 2630 3371 sortem
2682 3308 2744 3369 in
2789 3316 2960 3390 parte
3014 3307 3254 3370 illorum
3285 3304 3597 3386 accipiant.
3630 3301 3836 3384 Neque

2192 3399 2349 3460 enim
2383 3416 2640 3478 unquam
2675 3397 2794 3458 illis
2833 3394 3224 3458 inviderimus
3263 3393 3416 3455 hanc
3456 3391 3835 3454 concordiam
3912 3404 3926 3421 '

2190 3494 2365 3567 atque
2395 3484 2877 3548 consensionem.
2909 3483 3085 3548 Absit
3114 3493 3177 3547 ut
3207 3482 3356 3545 adeo
3380 3480 3747 3543 insaniamus
3777 3487 3837 3542 et

2194 3583 2391 3638 mente
2424 3581 2624 3636 nostra
2655 3573 3020 3635 excidamus.

2273 3664 2368 3724 15.
2421 3661 2775 3725 Ista'obiter
2821 3660 3266 3735 enarravimus;
3322 3666 3386 3722 ut
3416 3664 3554 3719 nota
3608 3654 3835 3718 habens

2191 3751 2476 3834 perfectio
2509 3760 2768 3831 tuahquae
2796 3750 2871 3811 ab
2911 3748 2985 3810 iis
3022 3758 3333 3829 geruntur,
3379 3750 3495 3808 n'on
3539 3743 3835 3808 existimet

2187 3840 2347 3903 circa
2367 3839 2491 3900 sola
2517 3856 2715 3919 azyma
2734 3855 2958 3912 errare,
2982 3837 3155 3899 sicuti
3188 3835 3363 3898 etiam
3392 3854 3498 3896 nos
3525 3834 3834 3913 hucusque

2185 3927 2571 4000 credidimus,
2612 3926 2717 3987 sed
2751 3924 2965 4003 agnitis
3008 3924 3139 3987 aliis
3192 3925 3411 4004 pariter
3439 3931 3495 3984 et
3527 3921 3834 4003 pejoribus

2184 4014 2439 4090 delictis,
2473 4022 2864 4076 connumeret
2888 4014 3021 4074 illos
3063 4032 3195 4074 cum
3241 4011 3458 4093 quibus
3500 4017 3827 4072 merentur.

2184 4102 2351 4181 Quod
2373 4121 2548 4184 porro
2579 4101 2841 4163 omnium
2869 4109 2959 4164 est
2978 4100 3386 4181 gravissimum
3421 4117 3490 4163 ac
3523 4097 3719 4160 minus
3749 4104 3826 4159 to.

1692 4360 1863 4424 Joan.
1882 4322 2063 4440 hBapt.
2103 4356 2384 4422 Gotelerii
2414 4363 2590 4417 notae.

546 4493 668 4571 (56}
703 4517 730 4549 α
777 4491 867 4551 Ἐν
911 4500 979 4569 τῇ
1012 4493 1324 4573 λειτουργῐᾳ.
1372 4518 1394 4548 ι
1430 4492 1493 4555 In
1526 4492 1722 4573 indice
1748 4491 2111 4573 objectorum

2204 4493 2348 4573 adde
2378 4490 2635 4553 Marcum
2662 4487 2984 4570 Ephesium
3012 4488 3070 4549 in
3094 4487 3366 4569 Liturgiis
3392 4490 3613 4555 Graecis
3647 4491 3832 4552 More-

466 4573 688 4652 Latinis
720 4591 823 4652 per
851 4574 1111 4645 Graecos,
1140 4571 1303 4637 num.
1336 4573 1429 4649 12,
1454 4593 1523 4635 ex
1555 4571 1831 4636 Stevartii
1848 4573 2112 4651 ejusdem

464 4650 997 4716 Observa‘lionibus
1041 4652 1100 4714 in
1151 4655 1418 4717 Calccam
1450 4672 1463 4717 :
1503 4653 1652 4716 Sive
1679 4659 1759 4714 sit
1785 4650 2111 4733 epis-copas,

457 4735 585 4813 sive
613 4734 894 4795 sacerdos
967 4734 1094 4812 ipse
1120 4736 1284 4795 satus
1333 4736 1663 4796 oblationis
1689 4733 1757 4813 ﬁt
1782 4734 2040 4812 partit-e1
2060 4750 2110 4795 s.

460 4811 715 4875 Caeteros
747 4815 871 4875 sire
899 4814 962 4874 in
992 4811 1185 4874 sacris
1216 4813 1539 4876 ordinibus
1584 4811 1960 4883 constitutos,
1990 4816 2115 4874 sive

464 4893 678 4975 (uicos.
715 4893 914 4975 Oscula
945 4893 1271 4975 oblationis
1323 4895 1652 4975 participes
1699 4894 1958 4975 ['acg'pnt,
1992 4900 2107 4975 etc.

466 4973 608 5033 l’ost
640 4972 917 5033 eumdem
979 4971 1641 5042 Manuelcm'Calecam,
1696 4972 1753 5032 in
1786 4971 2113 5033 Erroribus

465 5053 845 5125 Lalinorum,
864 5072 921 5131 p.
945 5052 1064 5116 412
1089 5074 1105 5114 :
1127 5055 1669 5132 Participatio-ncm
1695 5059 1922 5114 sanch
1941 5068 2107 5113 com-

466 5137 775 5213 munionis
786 5150 916 5213 non
930 5135 1213 5195 similiter
1224 5142 1290 5194 ut
1305 5153 1410 5196 nos
1423 5137 1469 5195 G
1479 5136 1620 5195 mei
1629 5133 1986 5213 perﬁciunt;
2006 5132 2112 5194 sed

463 5212 693 5290 dicunt,
710 5212 871 5292 quod
887 5215 993 5292 qui
1009 5218 1255 5274 missam
1281 5213 1538 5292 celebrat
1558 5211 1847 5292 sacerdos
1864 5215 2104 5292 oscula-

463 5299 568 5352 tur
606 5294 901 5353 colentem
937 5298 1408 5357 communica-re.
1462 5291 1532 5353 Et
1573 5300 1779 5361 auctor
1819 5291 1952 5371 libri
1984 5294 2103 5371 Περὶ

455 5373 811 5450 Φρὰγκωνκιῖ
835 5378 940 5428 τὼν
960 5372 1160 5431 λοιπῶν
1184 5376 1431 5431 Λατίνων
1458 5373 1652 5434 citatis
1674 5390 1707 5432 a
1725 5392 1748 5426 κ
1765 5370 1870 5433 iris
1886 5370 2095 5433 doctis:

475 5459 655 5526 Αζυμα
721 5451 1051 5518 ἐιτελούντες
1103 5454 1162 5510 ού
1216 5452 1707 5529 μεταλαμϐάνουσιν
1762 5454 1835 5516 ὡς
1877 5456 2042 5527 ἡμεῖς
2081 5473 2094 5488 ·

449 5529 569 5587 ἀλλ’
644 5530 907 5600 ἀλλήλους
978 5534 1297 5605 ἀσπάζονται
1365 5533 1478 5589 ἀντὶ
1543 5540 1643 5600 τῆς
1713 5532 2090 5608 μεταλήψεως.

447 5610 572 5673 Hoc
596 5618 680 5689 est
708 5628 722 5672 :
755 5616 978 5689 Azgma
1000 5612 1383 5687 celebrantes,
1404 5629 1537 5675 non
1555 5622 1804 5676 sumunt
1828 5614 1922 5675 uti.
1942 5627 2051 5673 nos
2073 5630 2094 5687 ;

447 5690 553 5753 sed
592 5688 720 5753 loco
755 5688 1120 5772 smuptionis
1160 5697 1417 5755 invicem
1461 5695 1832 5757 osculantur.
1870 5689 2096 5769 Quibus

2200 4572 2392 4634 lianis.
2430 4590 2483 4634 ι).
2521 4573 2658 4633 143.
3191 4617 3197 4621 -

2429 4590 2483 4734 ε.
2707 4649 2845 4734 ζύμη
2876 4649 2998 4707 ὅλον
3041 4656 3099 4710 τὸ
3123 4617 3328 4734 φύραμα
3359 4655 3572 4734 φθείρει.
3602 4649 3830 4734 »ῌΝῘΜΙ

2195 4728 2744 4821 respondemus-ad
2798 4728 3147 4793 Gl'zecorum'
3191 4728 3576 4812 objectiones.
3625 4730 3831 4811 Neque

2196 4829 2354 4872 enim
2386 4828 2835 4892 responsionem
2870 4822 3213 4873 merentur:
3242 4832 3415 4892 quam
3449 4823 3642 4872 tamen
3674 4828 3771 4880 533,
3799 4828 3832 4871 ϐ

2195 4901 2250 4951 et
2276 4909 2308 4951 a
2341 4892 2540 4952 multis
2586 4890 2873 4951 tulerunt.
2926 4892 3008 4954 De
3042 4895 3153 4955 hoc
3183 4890 3376 4953 autem
3413 4902 3572 4953 textu
3602 4899 3826 4950 certum

2194 4979 2305 5045 est,
2338 4970 2581 5052 antiqua
2614 4973 2996 5052 exemplaria,
3052 4992 3183 5034 cum
3216 4971 3288 5033 ab
3323 4968 3743 5050 interpretibus
3772 4978 3830 5031 et

2194 5050 2478 5132 Patribus
2492 5050 2765 5132 tractata,
2789 5063 2913 5132 tum
2946 5050 3076 5132 quae
3094 5056 3166 5113 ad
3192 5071 3300 5112 nos
3324 5070 3510 5130 usque
3539 5066 3828 5129 pervene-

2192 5139 2351 5213 runt,
2382 5129 2665 5213 habuisse
2694 5129 2760 5213 ac
2818 5129 3059 5213 habere,
3116 5141 3213 5194 aut
3256 5129 3469 5213 φθειρέι,
3515 5137 3614 5192 aut
3642 5138 3825 5210 ζυμοῖ,

2189 5220 2288 5283 aut
2323 5209 2493 5290 δολοτ,
2529 5220 2627 5271 aut
2657 5211 2834 5274 etiam
2866 5211 3041 5279 δηλετ.

2263 5291 2394 5369 (58)
2437 5315 2463 5345 α
2494 5291 2642 5353 Τινὲς
2684 5290 2739 5348 δὲ
2782 5294 2953 5349 αὐτῶν
2994 5290 3110 5370 οὐδὲ
3163 5293 3258 5356 τὰς
3319 5291 3468 5370 ἁγίας
3528 5292 3753 5353 εἰκόνας,
3792 5314 3821 5346 n

2185 5366 2420 5453 Nicezas
2460 5370 2774 5453 Choniates
2815 5370 2875 5431 in
2929 5369 3154 5433 Isaacio
3208 5366 3434 5450 Angelo
3469 5391 3482 5433 :
3530 5370 3825 5453 ’Λρμενῖοις

2181 5451 2269 5532 καὶ
2314 5449 2638 5532 Ἀλαμανοξίς
2709 5451 2896 5518 ἐπίσης
2938 5455 2972 5520 ἡ
3016 5458 3120 5532 τῶν
3177 5449 3338 5531 ἁγίων
3383 5449 3607 5509 εἰκόνων
3654 5474 3825 5532 προσ-

2177 5530 2392 5596 κύνησις
2421 5529 2797 5608 ἀπηγόρευται.
2827 5536 2870 5590 Α
2876 5533 3003 5611 pud
3031 5529 3394 5593 Alamannos
3422 5539 3480 5595 et
3509 5529 3826 5595 Armenios

2175 5625 2489 5671 sacrarum
2513 5613 2850 5690 imaginum
2878 5610 3157 5676 adoratio
3171 5629 3336 5696 (eque
3360 5613 3686 5679 interdicta
3708 5622 3822 5678 est.
