4050 6124
280 130 394 195 795

1161 126 1575 197 MICHAELIS
1614 135 2031 200 CEBULARII
2071 137 2186 200 GP.
2233 140 2751 204 PATRIARCHE

3524 140 3645 206 796

272 262 543 339 lerabile,
583 281 909 346 eorumque
954 266 1273 329 amentiam
1325 267 1579 329 maxime
1620 267 1934 343 declarat,.

2000 269 2237 327 ἐπέκεινα
2305 271 2504 329 τούτων
2578 270 2719 348 [AIL
2780 272 2982 350 τούτου,
3044 275 3214 331 αὕτὼν
3268 272 3636 349 ἐλαττώματα,

275 353 432 417 istud
463 360 555 415 est
586 375 600 414 :
636 354 845 417 dicunt
882 372 1124 436 nempe,
1159 373 1225 418 se
1252 354 1326 417 ad
1358 355 1485 417 haec
1506 356 1639 417 loca
1659 376 1776 419 non
1806 376 1911 419 ac-

1995 362 2392 437 συγκαταριθμῇ
2455 358 2605 436 [ΑΗ.
2666 362 3156 439 συγκαταριθμήσῃ]
3240 362 3454 425 τούτους
3525 358 3638 437 μεθ’

275 441 549 523 cessisse,
582 449 645 504 ut
680 441 1040 505 docerentur
1067 451 1167 506 aut
1216 444 1637 526 disceptarent,
1671 446 1775 508 sed
1802 452 1934 528 po-J

2000 448 2071 501 ὧν
2134 448 2262 502 εἰσιν
2317 444 2472 513 ἄξιοι.
2545 450 2616 506 Τὸ
2672 447 2728 504 δὲ
2784 449 2995 506 πάντων
3064 450 3343 529 βαρύτερον
3397 450 3484 506 καὶ
3538 449 3635 505 ἆν-

275 531 393 593 tius
422 539 485 593 ut
510 530 821 607 docerent,
866 551 934 594 ac
977 532 1403 614 persuaderent
1431 551 1538 595 nos
1574 540 1780 596 tenere
1809 554 1917 597 sua

275 618 581 697 dogmata;
613 619 794 701 idque
820 621 985 683 aiunt
1014 640 1145 685 cum
1178 621 1429 703 imperio
1459 622 1519 682 in
1549 621 1917 702 impudentia

275 708 672 788 exsuperanti.
749 709 1039 777 Dominus
1116 718 1430 774 conservet
1487 709 1912 777 beatitudinem

276 805 459 947 tuabm,
478 815 774 861 annorum
805 800 1125 862 multorum
1155 798 1490 875 curriculis,
1518 807 1783 863 orantem
1809 819 1914 881 pro

277 903 354 947 no
401 905 474 947 IS.
1502 940 1516 947 -

277 903 474 950 IlODlS.

549 979 637 1034 καὶ
664 978 1036 1060 ἀναισχυντίας
1064 940 1530 1059 ὑπερϐαλλούσηςΐ
1549 971 1606 1039 ’0
1641 980 1824 1059 Κύριος
1854 978 1953 1059 φυλ

275 1067 566 1147 εύχόμενον
595 1066 678 1146 [Α
689 1067 756 1130 ιι.
790 1068 1112 1219 adxopiwivv]
1149 1069 1275 1149 ὑπὲρ
1304 1070 1481 1145 ἡμῶν.

274 1257 431 1315 Petri
480 1258 801 1330 Theopoteos
847 1156 1134 1333 totiusqlu‘l.
1162 1259 1405 1318 Orientis
1429 1260 1765 1332 patriarcha
1795 1260 1912 1320 dis-

345 1338 597 1404 sertatio,
635 1353 697 1395 eo
721 1343 952 1412 tempore
975 1340 1186 1412 scripta
1212 1354 1319 1411 quo
1346 1339 1568 1399 advenit
1588 1340 1767 1399 Italus
1794 1343 1912 1400 Ar-

344 1433 521 1490 gyrus
546 1424 611 1476 ut
638 1423 834 1477 nostra
854 1420 1284 1492 reprehenderet.

1996 538 2392 615 υποιστότερον,
2449 541 2537 597 καὶ
2592 541 2690 608 τὴν
2746 541 3000 597 ἀπόνοιαν
3050 542 3221 598 αὐτῶν
3274 536 3338 598 ἐκ
3389 547 3480 597 τοῦ
3533 561 3635 596 πε-

1998 626 2200 705 ριόντος
2268 626 2549 707 ἐμφατνον,
2604 630 2758 688 τοῦτό
2817 628 2926 685 ἐστι
2961 645 2976 661 ⁸
3034 628 3243 707 λέγουσι
3300 629 3402 709 γὰρ
3457 627 3537 684 ὅτι
3582 631 3639 686 οὗ

1995 712 2466 795 διδαχθησόμενοι,
2554 716 2590 784 ἢ
2677 715 3177 797 διαλεχθησόμενοι,
3271 718 3337 777 τὰ
3424 716 3640 772 ἐνταῦθα

1994 799 2308 882 κατέλαϐον,
2365 802 2501 860 ἀλλὰ
2556 802 2846 870 διδάξοντες
2924 804 3128 881 μᾶλλον
3208 807 3296 862 καὶ
3372 805 3643 867 πείσοντες

1993 904 2208 969 κρατεῖν
2248 893 2390 968 ἡμᾶς
2457 893 2525 949 τὰ
2590 892 2833 971 δόγματα
2882 894 3102 968 τούτων,
3149 895 3239 950 καὶ
3292 903 3457 952 ταῦτα
3515 889 3634 968 μετ’

1958 977 2071 1046 ἆξαι
2090 980 2190 1048 τὴν
2218 981 2585 1061 μακαριότητα
2614 1004 2708 1040 σου
2736 981 2855 1063 (59)
2888 981 2941 1040 ἐν
2970 981 3102 1039 ἐτῶν
3120 981 3332 1041 πολλῶν
3353 979 3638 1063 περιόδοις,

2768 1169 2850 1218 Δγ.

2001 1266 2025 1301 ι
2062 1245 2259 1326 Πέτρου
2288 1245 2628 1312 Θεουπόλεως
2656 1246 2775 1324 (60)
2831 1249 2920 1305 καὶ
2968 1248 3144 1316 πάσης
3202 1245 3488 1314 Ἀνατολῆς
3518 1268 3632 1302 πα-

2073 1334 2325 1415 τριάρχου
2356 1334 2539 1413 λόγος,
2594 1336 2711 1393 καθ’
2768 1338 2826 1393 ὃν
2874 1338 3055 1414 καιρὸν
3112 1336 3348 1405 εἰσῆλθεν
3378 1338 3406 1393 ὁ
3436 1333 3634 1397 Ἰταλὸς

2074 1419 2325 1502 Ἀργυρὸς
2354 1422 2578 1502 ἐλέγξων
2609 1425 2675 1480 τὰ
2715 1425 2969 1505 ἡμέτερα,
3008 1449 3034 1481 ιι

362 1531 416 1588 ι.
452 1526 682 1599 Quanta
728 1526 1008 1588 inimicus
1063 1525 1319 1605 maligne
1375 1526 1802 1608 perpetraverit
1849 1526 1934 1588 in

2071 1518 2148 1591 α’.
2202 1518 2325 1589 Ὅσα
2380 1531 2769 1610 ἐπονηρεύσατο
2823 1535 2852 1589 ὁ
2899 1532 3089 1613 ἐχθρὸς
3149 1531 3203 1587 ἐν
3251 1537 3327 1605 τῷ
3356 1530 3488 1608 ἁγίῳ
3515 1550 3629 1592 σου,

279 1622 485 1677 sancto
520 1623 957 1696 tuo,quamque
980 1615 1296 1677 versutiam
1328 1615 1786 1694 excogitaverint
1812 1616 1914 1697 qui

277 1703 532 1765 oderunt
563 1713 641 1785 te,
659 1704 921 1766 levantes
942 1711 1116 1784 caput
1145 1707 1203 1764 in
1237 1703 1432 1765 medio
1464 1713 1578 1765 tuae
1605 1703 1910 1786 Ecclesiae,

276 1790 511 1854 abunde
541 1792 872 1855 docuerunt
902 1811 1010 1855 nos
1039 1810 1223 1854 sacrae
1252 1791 1463 1854 litterae
1489 1802 1627 1868 tuae,
1662 1793 1913 1857 divinis—

276 1880 428 1943 sime
448 1889 653 1943 sancte
678 1880 944 1943 domine.
974 1879 1044 1942 Et
1073 1899 1283 1960 magna
1325 1898 1435 1942 nos
1462 1881 1573 1942 hac
1612 1882 1681 1943 .in
1725 1900 1791 1944 re
1820 1891 1913 1945 te-

278 1971 407 2031 nuit
435 1969 769 2049 admiratio,
805 1971 904 2050 qui
938 1988 1055 2031 non
1078 1969 1340 2030 valemus
1369 1969 1719 2049 intelligere,
1754 1971 1915 2034 unde

276 2065 496 2133 motus,
530 2066 631 2120 aut
660 2058 803 2139 quid
843 2058 1049 2120 volens
1076 2056 1256 2119 Italus
1287 2058 1573 2137 Argyrus,
1608 2066 1916 2139 tantopere

277 2146 584 2209 deﬂexerit
611 2166 645 2208 a
676 2147 787 2227 via,
819 2153 879 2208 et
916 2164 1086 2208 sacra
1126 2145 1406 2207 invaserit
1435 2146 1614 2208 homo
1665 2166 1783 2209 non
1813 2167 1913 2210 sa-

275 2243 497 2300 cratus.
524 2235 674 2308 Quid
706 2236 892 2309 enim,
924 2234 1133 2316 inquit,
1167 2252 1483 2296 commune
1513 2234 1646 2296 cani
1694 2243 1752 2297 et
1781 2235 1913 2298 bal-

277 2342 414 2399 neo,
434 2332 497 2385 ut
519 2324 619 2386 ille
639 2324 701 2385 in
726 2323 1011 2387 laicorum
1045 2340 1292 2384 numero
1322 2323 1692 2396 constitutus,
1722 2342 1915 2387 sacer-

276 2413 479 2474 dotum
526 2412 777 2491 negotiis
806 2430 940 2474 sese
969 2411 1221 2491 ingerat,
1255 2418 1313 2472 et
1343 2411 1562 2492 scripta
1591 2412 1910 2492 ejusmodi.

278 2499 434 2563 sicut
461 2500 830 2579 signiﬁcasti,
855 2500 1002 2562 falsa
1028 2498 1352 2581 excogitet,
1383 2508 1560 2580 atque
1590 2500 1865 2562 conﬁciat
1884 2501 1915 2562 ‘2

279 2590 361 2649 Ex
410 2588 626 2669 quibus
670 2588 819 2650 nihil
865 2589 1162 2651 relaturus
1211 2597 1300 2649 est
1358 2597 1573 2669 praeter
1602 2590 1916 2669 compositi

278 2676 561 2738 dramatis
589 2675 914 2740 infamiam.
948 2676 1132 2758 ldque
1185 2696 1319 2738 cum
1378 2694 1526 2756 papa
1570 2679 1747 2738 vitam
1778 2696 1915 2739 cum

280 2772 472 2825 morte
500 2765 1129 2827 commutarit.Verum
1155 2764 1204 2826 si
1234 2765 1356 2826 Deo
1384 2764 1591 2844 gratia,
1627 2772 1735 2846 qui
1760 2783 1918 2830 com-

272 2852 590 2934 prehendit
617 2857 913 2935 sapientes
942 2856 1008 2916 in
1049 2854 1281 2917 astutia
1310 2871 1528 2931 earum.
1546 2854 1628 2932 54,
1673 2873 1784 2917 nec
1813 2855 1916 2918 diu

279 2961 486 3024 passus
517 2950 607 3005 est
630 2945 811 3005 latere
840 2956 1266 3005 commentum.

358 3037 417 3093 2.
451 3031 876 3094 Continebatur
903 3032 1086 3093 sacris
1139 3030 1355 3091 litteris
1397 3031 1727 3093 sanctitatis
1774 3042 1909 3110 tuae,

277 3139 583 3185 rumorem
610 3120 927 3201 quemdam
955 3120 1030 3182 ad
1063 3128 1189 3180 tuas
1218 3136 1391 3180 aures
1415 3118 1674 3182 delatum
1704 3121 1908 3198 fuisse,

280 3210 439 3294 quod
472 3228 680 3293 papam
713 3210 773 3272 in
806 3210 992 3273 sacris
1020 3210 1270 3272 referam
1295 3209 1609 3290 diptychis,
1640 3211 1920 3293 idemque

277 3306 450 3381 agant
493 3298 691 3362 caeteri
741 3299 1127 3380 patriarchae;
1179 3297 1455 3379 quodque
1502 3318 1623 3360 non
1662 3303 1921 3381 oportuit

279 3397 443 3452 tanta
470 3387 760 3467 ignoratia
792 3388 1007 3469 teneri,
1060 3385 1388 3469 praesertim
1433 3393 1573 3449 ante
1619 3388 1767 3450 alios
1796 3407 1913 3466 me,

281 3478 380 3559 qui
412 3478 710 3557 cognitum
740 3477 1013 3554 habeam,
1048 3497 1083 3539 a
1113 3484 1334 3537 sanctae
1353 3484 1530 3538 sexta;
1545 3478 1753 3557 synodi
1773 3487 1920 3541 tem-

280 3584 425 3647 pore
454 3585 523 3629 ac
552 3566 859 3647 deinceps,
908 3573 974 3627 ut
1015 3565 1214 3627 verbis
1241 3565 1357 3627 tuis
1385 3573 1536 3641 utar,
1567 3565 1918 3629 relationem

277 3672 446 3737 papa;
476 3655 537 3716 in
570 3654 756 3718 sacris
784 3654 1102 3736 diptychis,
1134 3654 1393 3717 excisam
1424 3654 1629 3723 fuisse.
1656 3664 1923 3736 propter-

282 3761 355 3805 ea
384 3744 540 3824 quod
572 3744 823 3825 Vigilius
855 3752 998 3806 tunc
1051 3762 1201 3825 papa
1250 3744 1324 3805 ad
1374 3743 1669 3824 synodum
1717 3744 1922 3807 venire

285 3832 563 3902 noluerit.
598 3852 710 3896 nec
740 3834 1052 3896 anathema
1079 3833 1281 3896 dicere
1327 3832 1678 3895 Theodoriti
1707 3832 1919 3894 adver-

284 3938 386 3983 sus
441 3929 666 3984 rectam
733 3923 913 3985 ﬁdem
982 3922 1420 4003 duodecimque
1478 3921 1668 3984 sancti
1720 3918 1922 4002 Cyrilli

278 4008 473 4089 capita
512 4010 787 4090 scriptis:
843 4018 1019 4093 atque
1065 4030 1135 4074 ex
1180 4030 1251 4074 eo
1299 4020 1568 4091 tempore
1606 4028 1797 4092 usque
1847 4011 1921 4072 ad

1993 1619 2084 1674 καὶ
2160 1618 2227 1685 ἦν
2305 1622 2883 1699 κατεπανουργεύσαντο
2967 1620 3186 1698 γνώμην
3257 1622 3305 1676 οἱ
3367 1616 3637 1693 μισοῦντές

1997 1727 2057 1763 σε
2100 1703 2317 1786 ἄραντες
2370 1708 2609 1789 κεφαλὴν
2667 1710 2723 1766 ἐν
2794 1709 2944 1785 μέσῳ
2990 1714 3089 1775 τῆς
3140 1706 3459 1774 Ἐκκλησίας
3519 1728 3636 1778 σου,

1995 1797 2186 1859 ἱκανῶς
2243 1798 2387 1871 ἡμᾶς
2441 1798 2508 1853 τὰ
2562 1798 2628 1857 σᾶ
2698 1799 2810 1877 ἱερὰ
2867 1795 3056 1863 ἐδίδαξε
3113 1796 3424 1875 γράμματα,
3466 1797 3640 1850 Θεοει-

1996 1878 2211 1939 δέστατε
2265 1884 2384 1963 ἅγιε
2442 1883 2693 1945 δέσποτα.
2770 1887 2868 1945 Καὶ
2944 1890 3116 1960 θαῦμα
3186 1884 3323 1963 μέγα
3376 1881 3641 1961 κατέσχεν

1995 1969 2138 2045 ἡμᾶς
2192 1971 2278 2028 ἐπὶ
2324 1973 2515 2048 τούτῳ,
2578 1972 2805 2031 συνιδεῖν
2857 1975 2934 2050 μὴ
2990 1972 3329 2049 δυναμένους,
3386 1971 3504 2027 ὅθεν
3550 1992 3639 2025 κι-

1996 2059 2191 2131 νηθεὶς,
2237 2060 2273 2128 ἢ
2298 2062 2348 2117 τί
2374 2060 2692 2138 βουλόμενος
2723 2066 2752 2119 ὁ
2802 2061 3025 2135 Ἰταλὸς,
3092 2064 3165 2126 εἷς
3221 2060 3480 2127 τοσαύτην
3510 2059 3640 2115 ἀνο-

1997 2143 2107 2201 δίαν
2159 2146 2416 2213 ἐξέκλινεν
2476 2151 2746 2231 Ἀργυρὸς,
2801 2153 2889 2208 καὶ
2934 2164 3053 2214 τοϊς
3110 2153 3273 2229 ἱεροῖς
3324 2149 3587 2228 ἐπεχείρει
3623 2162 3637 2176 ⁸

1996 2233 2197 2312 ἆνίερὸς
2250 2236 2344 2296 ὤν.
2399 2239 2458 2295 Τί
2512 2240 2633 2318 γὰρ,
2707 2241 2860 2320 φησὶ,
2918 2241 3092 2296 κοινὸν
3160 2240 3274 2295 κυνὶ
3324 2240 3412 2294 καὶ
3465 2235 3640 2313 βαλα-

1998 2322 2140 2399 νείῳ,
2172 2320 2246 2378 ’ἶν’
2293 2324 2522 2399 ἐκεῖνος,
2574 2327 2627 2384 ἐν
2684 2327 2903 2393 λαϊκοϊς
2953 2326 3298 2406 τεταγμένος,
3341 2326 3409 2382 τὰ
3461 2323 3638 2401 ἱερέων

1994 2410 2437 2495 πολυπραγμονῇ,
2498 2417 2586 2472 καὶ
2659 2418 2961 2496 συγγραφὰς
3046 2417 3311 2489 τοιαύτας,
3371 2416 3444 2477 ὡς
3511 2410 3641 2483 ἒδῆ-

1995 2497 2197 2569 λωσας,
2257 2500 2471 2576 ψευδεῖς
2524 2502 2710 2581 ἐπινοῇ
2790 2507 2879 2561 καὶ
2946 2502 3377 2584 διαπράττηται,
3445 2501 3497 2567 ἐξ
3566 2504 3639 2557 ὧν

1997 2585 2142 2644 οὐδὲν
2198 2587 2386 2664 ἔμελλε
2454 2590 2597 2659 πλὴν
2653 2594 2915 2673 αἰσχύνης
2982 2601 3074 2650 τοῦ
3147 2590 3639 2672 δραματοφορηθέν-

1996 2698 2087 2740 τος
2137 2676 2466 2753 ἀποὶσεσϐαι,
2527 2682 2615 2737 καὶ
2670 2689 2835 2738 ταῦτα
2875 2690 2967 2739 τοῦ
3011 2683 3162 2739 πάπα
3216 2682 3308 2736 τὸν
3361 2681 3473 2756 βίον
3534 2702 3639 2735 κα-

1997 2765 2412 2843 ταστρέψαντος,
2447 2766 2615 2824 Ἀλλὰ
2665 2770 2824 2849 χάρις
2872 2777 2950 2845 τῷ
2996 2770 3134 2849 Θεῷ,
3177 2774 3255 2843 τῷ
3305 2765 3640 2847 δρασσομένῳ

2004 2872 2029 2907 ι
2064 2854 2183 2917 τοὺς
2216 2855 2405 2934 σοφοὺς
2433 2854 2488 2912 ἐν
2518 2862 2587 2932 τῇ
2614 2859 2898 2937 πανουργίᾳ
2950 2862 3143 2932 αὒτῶν,
3209 2880 3238 2913 ι
3293 2857 3382 2912 καὶ
3424 2856 3501 2932 μὴ
3555 2854 3640 2910 ἐπὶ

1996 2939 2131 3026 πολίι
2159 2943 2220 2998 τὸ
2248 2942 2470 3019 πλάσμα
2497 2943 2767 3002 λανθάνειν
2798 2948 3276 3026 παραχωρήσαντι.

2075 3019 2152 3105 β’.
2185 3032 2493 3111 Περιείχετο
2539 3047 2659 3097 τοῖς
2710 3019 2885 3114 ἱεροῖς·
2935 3019 3207 3114 γράμμασι
3268 3038 3364 3099 τῆς
3409 3032 3638 3111 ἁγιωσύ-

1995 3138 2091 3182 νης
2120 3138 2236 3193 σου,
2270 3120 2456 3199 φήμην
2483 3122 2601 3177 τινὰ
2650 3136 2768 3186 τοῖς
2814 3136 2933 3187 σοῖς
2987 3124 3321 3203 ἐνηχηθῆναι
3375 3123 3523 3195 ὠσὶν,
3568 3123 3643 3184 ὡς

2000 3206 2090 3261 τὸν
2159 3207 2338 3264 πάπαν
2398 3222 2516 3274 τοῖς
2602 3214 2766 3289 ἱεροῖς
2836 3211 3078 3292 ἀναφέρω
3131 3211 3433 3291 διπτύχοις,
3490 3220 3644 3269 τοῦτο

2000 3294 2126 3353 αὐτὸ
2202 3297 2492 3355 ποιούντων
2556 3301 2644 3357 καὶ
2695 3306 2800 3356 τῶν
2856 3299 3030 3358 ἄλλων
3113 3299 3472 3380 [ἁγιωτάτων]
3531 3322 3638 3356 πα-

1998 3389 2290 3462 τριαρχῶν,
2322 3389 2409 3443 καὶ
2450 3390 2525 3452 ὡς
2574 3391 2669 3447 οὒκ
2716 3386 2817 3444 ἔδει
2864 3398 3112 3448 τοσοῦτον
3166 3390 3415 3466 ἀγνόημα
3441 3388 3643 3465 ἀγνοῆ-

2000 3490 2111 3543 σαι,
2183 3473 2271 3527 καὶ
2329 3472 2558 3548 μάλιστα
2612 3476 2715 3555 πρὸ
2769 3482 2875 3533 τῶν
2921 3474 3096 3533 ἄλλων
3152 3476 3269 3552 ἐμὲ,
3331 3474 3501 3531 εἰδότα
3556 3473 3637 3530 ὅτι

2000 3556 2107 3615 ἀπὸ
2178 3565 2276 3627 τῆς
2346 3563 2497 3641 ἁγίας
2581 3563 2742 3631 ἕκτης
2820 3566 3189 3640 οἶκουμενικῆς
3263 3562 3472 3621 συνόδου
3548 3564 3637 3619 καὶ

2001 3645 2231 3729 ἐπίταδε,
2292 3650 2384 3708 ’ἕνα
2451 3665 2569 3717 τοῖς
2630 3666 2749 3717 σοϊς
2819 3654 3107 3733 χρήσωμαι
3165 3653 3411 3732 ῥήμασιν,
3479 3653 3516 3720 ἡ
3580 3650 3634 3707 ἐν

2000 3749 2120 3822 τοῖς
2175 3740 2338 3816 ἱεροῖς
2408 3737 2683 3821 διπτύχοις
2752 3741 2987 3822 ἀναφορὰ
3038 3740 3264 3809 ἐξεκόπη
3318 3750 3409 3800 τοῦ
3459 3740 3633 3814 πόπα,

2003 3821 2088 3912 διὰ
2131 3828 2192 3883 τὸ
2242 3829 2332 3884 τὸν
2388 3837 2676 3897 τηνικαῦτα
2743 3831 2925 3888 πάπαν
2978 3829 3241 3909 Βιγίλλιον
3300 3827 3446 3912 [Διί.
3490 3829 3639 3907 Βιγί-

2003 3911 2136 3991 λιον]
2195 3915 2272 3991 μὴ
2331 3916 2630 3987 ἀπαντῆσαι
2690 3920 2827 3975 κατὰ
2908 3919 3006 3986 τὴν
3064 3916 3275 3977 σύνοδον
3304 3911 3480 3994 ίμήτε
3534 3918 3645 3993 μὴν

2001 4001 2374 4079 ἀναθεματίσαι
2428 4006 2495 4062 τὰ
2575 4008 2718 4087 παρὰ
2784 4017 2877 4066 τοῦ
2960 4006 3277 4087 Θεοδωρίτου
3352 4008 3487 4064 κατὰ
3544 4012 3642 4073 τῆς

280 4113 568 4176 praesens,
600 4090 938 4161 abscissum
960 4117 1092 4163 esse
1124 4118 1335 4182 papam
1364 4118 1399 4162 a
1430 4090 1636 4161 nostra
1664 4090 1918 4161 sanctis-

2002 4090 2159 4182 clpllﬁc
2228 4092 2454 4182 πίστεως
2520 4098 2609 4153 καὶ
2677 4102 2783 4153 τῶν
2872 4094 3073 4153 δώδεκα
3153 4094 3453 4177 κεφαλαίων
3549 4105 3645 4155 τοῦ

280 4184 433 4248 sima
459 4184 749 4249 Ecclesia.

357 4524 424 4576 34
449 4523 474 4588 Ι
504 4525 639 4589 Cor.
675 4540 759 4602 ιιι,
800 4525 895 4588 19.

1938 4172 2147 4256 οὰγίου
2206 4181 2457 4260 Κυρίλλου
2536 4184 2797 4266 γραφέντα
2829 4204 2843 4220 ⁶
2916 4186 3005 4242 καὶ
3073 4172 3253 4243 ἔκτοτε
3321 4186 3411 4242 καὶ
3481 4184 3643 4264 μέχρι

1997 4275 2090 4325 τοῦ
2158 4291 2248 4324 νυν
2330 4270 2694 4350 ἐποτμηθῆναι
2760 4280 2857 4343 τῆς

1997 4354 2315 4424 Ἐκκλησίας
2346 4363 2435 4418 τὸν
2462 4364 2667 4425 πάπαν.

2939 4273 3057 4333 καθ’
3126 4277 3270 4352 ἡμᾶς
3339 4274 3643 4352 ἁγιωτάτης

1512 4633 1685 4697 Joan.
1719 4631 1888 4713 Bapt.
1922 4630 2202 4696 Cotelel‘ii
2232 4638 2407 4694 nota.

366 4769 484 4851 (59)
518 4790 546 4851 ς
587 4761 644 4829 Ὀ
677 4771 863 4851 Κύριος
895 4768 1112 4851 φυλάξαι
1147 4771 1259 4851 ,τὴν
1315 4769 1680 4851 μακαριότητα
1726 4790 1817 4824 σου
1894 4792 1917 4822 υ

284 4849 580 4915 Solemnis
608 4849 918 4930 epistolica
939 4849 1202 4930 clausula
1233 4866 1363 4929 qua;
1403 4849 1923 4930 admonet_me,_ut

279 4931 441 4992 illam
498 4926 757 4992 Fulbérti
813 4929 1194 4993 Carnotensis
1248 4926 1578 5008 suppleam,
1623 4926 1794 5008 epist.
1826 4927 1915 4987 7:

287 5010 430 5074 Vale
457 5013 523 5073 in
554 5011 886 5091 inﬁnitum,
921 5010 1145 5091 Angele
1169 5006 1380 5091 magna“
1408 5008 1669 5091 consilii.
1709 5006 1913 5091 [Qeus]

280 5090 605 5233 (aliensule
624 5084 1112 5156 'Christo'seruet.
1144 5084 1465 5152 Vox'Deus
1489 5086 1659 5152 abest
1685 5104 1719 5147 a
1749 5084 1919 5150 libris

280 5190 312 5233 e
360 5193 376 5233 ι
406 5191 480 5233 ιε.

279 5171 480 5234 editis.

365 5251 492 5392 (6οἶ
532 5274 556 5308 ι
584 5253 779 5331 Πέτρου
808 5252 1167 5317 Θεουπολεως.
1198 5277 1226 5310 ι
1263 5254 1351 5316 Ile
1373 5251 1483 5314 hac
1512 5250 1780 5312 oratione
1809 5264 1915 5309 seu

365 5332 470 5392 isto
498 5352 530 5392 a
549 5331 807 5392 Joannes
836 5331 1088 5392 Veccus.
1123 5333 1228 5392 CP.
1256 5331 1609 5392 patriarcha.
1632 5328 1912 5392 anologe-

281 5328 530 5410 epistola
549 5328 807 5394 Joannes
836 5331 1089 5413 Veccus,
1123 5333 1228 5397 CP.
1256 5331 1609 5413 patriarcha,
1632 5328 1912 5412 apologe-

280 5414 800 5493 ticanloratione,
854 5413 915 5473 in
973 5412 1085 5493 qua
1133 5412 1356 5477 emollit
1387 5412 1568 5474 multa
1590 5420 1648 5473 et
1681 5417 1911 5493 mutat_;

284 5490 571 5573 Εβονιιίιιε
581 5492 920 5573 Metochita,
934 5490 1021 5556 De
1031 5496 1401 5573 processione
1410 5494 1685 5569 Spiritus
1695 5490 1913 5563 sancti,

284 5566 390 5630 lib.
410 5540 487 5637 vv;
520 5570 832 5645 Baronius,
856 5540 928 5633 ad
946 5540 1173 5636 annuit;
1206 5575 1386 5648 1054,
1541 5574 1721 5635 multa
1750 5592 1820 5635 ex
1849 5540 1919 5634 ea

2004 4765 2211 4827 Latine
2241 4763 2522 4833 adducit;
2580 4771 2638 4825 et
2693 4762 2809 4825 Leo
2856 4764 3132 4839 Allatius,
3169 4773 3290 4827 tum
3320 4764 3481 4836 alibi,
3518 4774 3641 4826 tum

2005 4845 2206 4928 multi_s
2217 4844 2461 4928 _in_locis
2468 4845 2571 4928 lib.
2588 4843 2676 4905 De
2694 4847 3092 4928 consensione
3108 4852 3435 4928 utriusque
3447 4846 3640 4908 Eccle-

1997 4928 2128 4988 δίας.
2161 4924 2421 5006 Titulum
2451 4926 2626 4987 habet
2656 4923 2790 4987 cod.
2828 4925 2974 5003 Reg.
3007 4926 3157 4990 6M:
3194 4923 3389 5006 Πέτρόυ
3424 4925 3635 5006 Ἀντιο-

1997 5009 2150 5087 χείας
2239 5004 2573 5087 ἀντίγραμμα
2657 5006 2825 5087 πρὸς-
2869 5009 2960 5063 τὸν
3038 5004 3638 5087 Κωνσταντινουπόλεως

1995 5085 2310 5167 κηρυλάριον
2340 5085 2585 5167 Μιχαήλ.
2639 5096 2771 5167 Οσα.
2805 5085 2916 5167 Ms.
2948 5095 3141 5147 autem
3175 5087 3443 5150 Caesareo
3473 5085 3627 5148 247:

2146 5164 2539 5248 θεοειδεστᾶτορ,
2612 5164 2881 5248 σεϐασμίιρ
2939 5168 3025 5248 καὶ
3103 5174 3447 5248 προσκυνητῷ
3502 5167 3641 5245 ἁγιῳ

1996 5243 2223 5323 δεσπότῃ
2268 5268 2389 5327 μου,
2434 5243 2534 5321 τῷ’
2566 5246 2953 5327 μακαριωτάτη)
3006 5243 3414 5327 ἀρχιεπισκόπῳ
3458 5243 3637 5304 Κωνσ-

1995 5326 2471 5389 σταντινουπόλεως
2555 5316 2724 5390 νέας¹
2787 5316 3211 5402 Ῥώμης,’“καὶ
3291 5329 3637 5400 οἶκουμενικῴ

1994 5406 2322 5495 πατριάρχη,
2370 5406 2569 5495 ,ἰὶῐέτρος
2626 5405 2758 5482 ἐλέῳ
2792 5375 3411 5495 ’Θεδῂὗίιέρχιεπίσκοπος
3439 5375 3633 5464 ...Θεουῖ

1996 5484 2204 5551 πόλεως
2225 5484 2493 5566 μεγάλης
2534 5485 2889 5568 Ἀντιοχείας.
2958 5484 3104 5551 Ὁσαξ
