4050 6124
355 325 474 388 803

1258 327 1675 393 MICHAELIS
1714 320 2135 390 CERULARII
2171 323 2283 390 CP.
2330 325 2845 391 PATRIARCHE

3623 319 3748 387 804

350 465 628 533 ὁσιότητος
658 465 902 537 ἀσκητήν
977 465 1048 522 Ob
1077 464 1179 544 γὰρ
1207 462 1559 535 ίουδαίζοντες
1590 460 1903 541 ἀπεχόμεθα
1946 466 2052 517 τῶν
2090 461 2364 537 τοιούτων,
2419 461 2555 519 ἀλλὰ
2583 467 2780 544 τρυφῆς
2812 459 2958 545 [ΑΗ.
3004 462 3203 543 τρυφὴν
3244 467 3343 530 τῆς
3394 458 3738 536 πλησμονῆς]

350 551 670 630 πλησμονὴν
714 554 1017 632 φεύγοντες.
1057 576 1079 610 ο
1118 554 1216 610 Καὶ
1244 560 1408 611 ταὺτα
1450 553 1546 627 μὲν
1577 552 1643 607 τὰ
1661 551 1798 627 ῥητά
1826 558 1919 606 τοῦ
1946 550 2095 627 ἁγίου
2126 549 2416 632 Βασιλείου.

434 627 529 705 10.
559 627 979 703 Sanctus-vero
1013 638 1375 701 Pachomius
1403 639 1464 700 in
1496 656 1604 700 suo
1629 647 1835 698 sancto
1868 654 1996 696 mo-

2167 627 2229 701 ι’.
2295 630 2352 698 Ὀ
2408 637 2463 695 δὲ
2522 639 2675 719 ἅγιος
2740 639 3035 720 Παχώμιος
3093 642 3307 720 χοίρους
3366 639 3421 695 ἐν
3487 644 3558 714 τῇ
3608 633 3730 693 κατ’

348 729 640 793 nasterios
666 747 841 791 suese
861 728 1033 791 micis
1054 746 1123 790 ac
1142 746 1365 791 mensae
1392 726 1659 808 reliquiis
1690 725 1992 806 pascebat,

349 817 563 900 quibus
586 817 879 891 mactatis,
909 815 1205 897 reliquam
1238 815 1481 895 quidem
1513 831 1753 875 carnem
1788 810 1995 892 hospi-

346 907 502 969 tibus
531 923 678 987 quos
708 904 1005 985 exciperet
1048 906 1108 965 in
1160 904 1401 983 epulum
1434 901 1646 965 dabat:
1685 901 1993 962 interanea

344 1014 483 1058 vero
524 1013 591 1056 ac
632 994 1034 1063 extremitates
1093 993 1315 1073 pedum
1370 990 1701 1072 capitisque
1752 988 2000 1050 senibus

349 1085 656 1149 monachis
674 1081 1150 1145 ininlirmitatem
1168 1080 1428 1162 delapsis
1454 1076 2003 1161 apponebat.Quam

347 1190 532 1239 suave
588 1189 762 1252 porro
813 1169 1133 1232 obsonium
1196 1177 1308 1250 est,
1371 1169 1600 1230 honore
1649 1164 2003 1247 dignissime

347 1261 629 1340 domine,
679 1266 935 1321 rostrum
997 1260 1206 1339 porci,
1269 1275 1563 1336 auresque
1618 1267 1679 1317 et
1738 1263 2006 1317 extrema

348 1348 593 1430 pedum,
616 1348 883 1428 itemque
912 1347 1043 1409 lens
1073 1355 1132 1409 et
1160 1346 1292 1407 faba
1321 1364 1455 1407 cum
1478 1344 1661 1424 adipe
1691 1342 1867 1404 suillo
1900 1359 2006 1404 co-

350 1436 503 1500 ctae?
534 1455 665 1517 quas
682 1435 795 1497 nisi
830 1435 987 1498 bono
1031 1434 1165 1496 oleo
1205 1434 1425 1496 aﬂ‘atim
1467 1432 1759 1514 inspersa,
1797 1440 1861 1493 ut
1893 1449 2001 1510 pas-

357 1544 493 1587 rum
542 1532 602 1587 et
634 1523 983 1606 spiritaliter
1002 1522 1076 1584 ad
1126 1522 1372 1602 gratiam
1421 1519 1743 1602 exhilarer,
1776 1519 1996 1599 multis,

356 1613 858 1695 quemadmodum
914 1611 1076 1674 novit
1129 1611 1442 1686 Dominus,
1494 1608 1745 1671 tristitiae
1779 1607 1994 1687 jaculis

350 1702 618 1785 quotidie
646 1700 933 1779 conﬁxus,
962 1700 1021 1762 in
1048 1699 1248 1762 cibum
1270 1716 1509 1780 semper
1538 1715 1925 1760 assumerem.

437 1969 497 2032 tt
516 2012 533 2029 .
564 1966 783 2031 Malum
812 1984 976 2039 vero,
1000 1972 1059 2028 et
1089 1962 1375 2027 malorum
1408 1962 1757 2045 pessimum,
1783 1969 1870 2025 est
1887 1962 1989 2025 ad-
2009 2000 2049 2050 Β

337 2056 522 2138 jectio
550 2056 623 2118 ad
655 2065 931 2118 sanctum
961 2053 1328 2134 Symbolum,
1360 2055 1524 2115 haec:
1558 2051 1645 2113 Et
1678 2053 1743 2114 in
1774 2050 1986 2132 Spiri-

346 2153 473 2208 tum
486 2152 786 2221 sanctum,
806 2145 1132 2206 Dominum
1143 2150 1202 2203 et
1216 2141 1640 2220 viviﬁcantem,
1665 2143 1772 2221 qui
1782 2158 1859 2203 ex
1878 2140 1995 2203 Pa-

347 2233 728 2311 treFilioque
737 2231 1026 2312 procedit.
1041 2229 1188 2291 Nam
1207 2231 1256 2291 si
1276 2228 1590 2307 Evangelia
1604 2228 1708 2290 ead
1720 2247 1811 2290 em
1836 2227 1989 2309 apud

345 2340 456 2393 nos
489 2329 547 2383 et
586 2320 822 2382 Latinos
868 2325 1029 2391 sunt,
1070 2318 1230 2380 unde
1278 2317 1364 2379 illi
1395 2317 1528 2399 plus
1556 2316 1781 2398 aliquid
1813 2317 1981 2379 addi-

344 2419 601 2483 scentes,
642 2418 760 2472 tam
810 2408 1074 2469 alienum
1119 2406 1433 2469 coniecere
1469 2405 1986 2468 additamentum?

345 2495 558 2559 Sancto
583 2496 919 2558 secundum
952 2496 1241 2559 Joannem
1278 2493 1592 2572 Evangelio
1618 2494 1982 2556 manifestis-

344 2585 496 2648 sime
524 2584 775 2646 docente
809 2602 915 2645 nos
944 2585 1018 2647 de
1048 2582 1274 2664 Spiritu
1305 2597 1534 2653 sancto,
1554 2582 1617 2643 in
1643 2582 1856 2663 quibus
1878 2583 1988 2645 ista

344 2672 761 2753 complectitur
779 2693 794 2733 :
810 2673 880 2736 Si
895 2671 1157 2751 diligitis
1174 2671 1590 2745 me,mandata
1609 2688 1737 2733 mea
1748 2680 1988 2735 servate

342 2757 428 2822 Et
451 2776 560 2841 ego
578 2758 798 2838 rogabo
819 2758 1085 2833 Patrem,
1110 2766 1168 2821 et
1191 2758 1383 2820 otium
1406 2757 1791 2822 Pnracletum
1813 2758 1985 2821 dabit

341 2846 529 2919 vobis,
546 2855 613 2910 ut
633 2852 877 2909 maneat
895 2846 1196 2909 vobiscum
1216 2848 1285 2909 in
1323 2854 1639 2922 internum,
1678 2846 1981 2926 Spiritum

337 2936 634 3015 veritatis,
658 2953 837 3015 quem
854 2935 1117 2998 mundus
1136 2952 1261 2997 non
1280 2940 1475 3016 potest
1508 2939 1799 3015 accipere,
1832 2936 1980 3015 quia

340 3041 465 3087 non
483 3024 815 3099 videteum,
828 3042 938 3087 nec
953 3025 1065 3087 scit
1080 3042 1216 3086 eum
1239 3044 1254 3086 :
1282 3042 1382 3087 vos
1400 3031 1604 3086 autem
1625 3024 1981 3102 cognoscitis

341 3130 499 3189 eum,
519 3115 661 3192 quia
678 3113 842 3192 apud
861 3130 965 3175 vos
983 3120 1207 3189 manet,
1234 3121 1290 3176 et
1330 3114 1400 3174 in
1420 3111 1586 3174 vobis
1610 3120 1693 3174 est
1719 3110 1804 3173 36.
1819 3113 1978 3175 Pau-

342 3200 546 3281 cisque
594 3199 961 3281 interpositis
1007 3222 1020 3261 :
1065 3200 1420 3264 Paractetus
1465 3207 1669 3263 autem
1712 3199 2037 3280 Spiritusc
2061 3205 2222 3279 θείας,
2298 3205 2327 3260 6
2407 3207 2435 3262 ὁ

339 3296 605 3366 sanctus,
628 3307 803 3370 quem
820 3290 1017 3353 mittet
1039 3289 1226 3352 Pater
1237 3290 1303 3352 in
1316 3292 1563 3352 nomine
1582 3306 1737 3366 meo;
1763 3288 1866 3353 ille
1882 3308 1981 3353 vos

339 3378 571 3443 docebit
583 3379 811 3453 omnia,
834 3387 888 3441 et
898 3384 1178 3460 suggeret
1199 3379 1368 3442 vobis
1387 3379 1594 3441 omnia
1613 3395 1984 3459 quacunque

340 3467 550 3530 dixero
572 3467 739 3530 vobis
750 3468 836 3530 37.
856 3466 927 3529 Et
942 3467 1187 3530 iterum:
1221 3468 1373 3529 Cum
1388 3473 1593 3529 autem
1612 3467 1845 3529 venerit
1865 3469 1983 3529 Pa—

339 3555 810 3637 racletus,quem
824 3574 933 3635 ego
954 3557 1195 3619 mittam
1210 3556 1378 3619 vobis
1398 3573 1437 3618 a
1466 3553 1982 3636 Patre,Spiritum

336 3645 642 3722 veritatis,
682 3644 1061 3725 quiaPatre
1092 3644 1383 3725 procedit;
1426 3643 1529 3706 ille
1568 3645 1980 3707 testimonium

339 3732 669 3813 perhibebit
685 3734 759 3797 de
778 3734 971 3798 me38.
1009 3732 1275 3796 Deinde:
1301 3732 1519 3796 Adhuc
1562 3730 1757 3795 multa
1787 3730 1980 3795 habeo

340 3820 507 3883 vobis
527 3820 746 3898 dicere,
770 3823 871 3885 sed
902 3839 1027 3885 non
1042 3823 1287 3902 potestis
1323 3828 1566 3901 portare
1600 3820 1796 3884 modo.
1827 3822 1980 3883 Cum

341 3916 547 3972 autem
567 3912 799 3974 venerit
835 3910 937 3973 ille
972 3909 1243 3991 Spiritus
1274 3909 1580 3986 veritatis,
1613 3908 1844 3972 docebit
1874 3927 1979 3973 vos

342 4016 579 4061 omnem
592 4000 929 4062 veritatem.
944 3998 1080 4061 Non
1096 4000 1258 4061 enim
1281 4000 1561 4079 loquetur
1572 4014 1610 4060 a
1630 3998 1974 4078 semetipso:

340 4088 443 4151 sed
486 4105 857 4168 quaecunque
894 4087 1102 4151 audiet
1135 4086 1436 4167 loquetur.
1464 4093 1520 4149 et
1557 4104 1692 4168 quae
1719 4092 1977 4149 ventura

338 4185 482 4238 sunt
506 4177 896 4239 annuntiabit
925 4175 1116 4240 vobis.
1150 4174 1262 4238 Ille
1290 4193 1387 4238 me
1415 4175 1811 4255 ctari/icabit;
1833 4179 1977 4253 quia

340 4264 596 4332 demeo
644 4264 918 4344 accipiet,
973 4271 1033 4327 et
1082 4264 1476 4327 annuntiabit
1510 4262 1697 4326 vobts.
1749 4260 1980 4325 Omnia

340 4368 712 4431 quaecunque
757 4351 937 4413 habet
993 4351 1200 4427 Paier,
1245 4369 1379 4415 mea
1427 4357 1594 4415 sunt.
1646 4351 1979 4431 Propterea

341 4440 501 4516 dimi,
527 4442 671 4518 quia
689 4440 764 4502 de
785 4456 918 4502 meo
949 4441 1219 4518 accipiet,
1242 4447 1300 4502 et
1319 4440 1710 4503 annuntiabit
1725 4440 1973 4503 vobis-39.

2076 724 2233 783 αὒτὸν
2286 728 2411 806 ἁγίᾳ
2467 734 2607 805 μονῇ
2664 728 2728 785 ἐκ
2777 735 2883 785 τῶν
2950 729 3152 807 ψιχίων
3217 729 3305 785 καὶ
3361 733 3468 783 τῶν
3540 746 3730 802 περισ-

2076 817 2353 890 σευμάτων
2394 822 2492 884 τῆς
2559 818 2824 896 τραπέζης
2896 816 3090 873 ἐσίτευε
3124 838 3141 854 ο
3213 819 3302 873 καὶ
3353 814 3731 896 σφαττομένων

2083 902 2277 979 αὒτῶν,
2355 919 2470 968 τοῖς
2547 907 2641 983 μὲν
2721 905 2901 971 ἄλλοις
2985 905 3299 985 ἐξεναγώγει
3363 904 3547 984 κρέασι
3604 902 3727 965 τοὺς

2086 988 2510 1068 ἐπιξενουμένους
2579 991 2967 1073 ὑποδεχόμενος
3005 1009 3019 1023 ⁸
3078 994 3143 1050 τὰ
3212 993 3447 1050 ἐντόσθία
3514 989 3570 1047 δὲ
3637 991 3727 1047 καὶ

2087 1079 2154 1135 τὰ
2200 1078 2331 1159 ἄκρα
2386 1086 2492 1137 τῶν
2534 1080 2709 1139 ποδῶν
2766 1083 2852 1138 καὶ
2893 1082 2987 1145 τὰς
3029 1081 3233 1146 κοιλίας
3278 1077 3426 1162 [ΑΗ.
3483 1085 3582 1145 τῆς
3637 1100 3727 1135 κε-

2087 1166 2302 1247 φαλῆςΙ,
2375 1183 2494 1233 τοῖς
2565 1168 2860 1235 ἐξατονοῦσι
2937 1169 3143 1248 γέρουσι
3214 1175 3318 1224 τῶν
3390 1167 3728 1242 μοναζόντων

2084 1253 2435 1334 παρέϐαλλεν.
2488 1261 2619 1315 Οἴον
2673 1255 2728 1313 δὲ
2775 1256 2905 1332 ὄψον
2960 1256 3080 1337 ἡδὺ,
3127 1256 3410 1332 τιμιώτατε
3467 1253 3721 1326 δέσποτα,

2082 1342 2289 1423 ῥῦχχος
2332 1347 2565 1425 χοίρειον
2593 1347 2682 1402 καὶ
2710 1347 2823 1403 ὦτα
2876 1346 2963 1402 καὶ
3005 1344 3137 1424 ἂκρα
3180 1343 3351 1401 ποδῶν
3391 1362 3405 1377 ⁸
3454 1341 3593 1398 ἀλλά
3633 1343 3726 1397 καὶ

2083 1437 2226 1512 φακῆ
2282 1434 2371 1489 καὶ
2416 1434 2616 1510 κύαμος
2673 1434 2726 1490 ἐν
2773 1434 2950 1490 στέατι
3003 1436 3220 1514 χοιρείῳ
3261 1432 3495 1508 ἑψόμενα
3527 1450 3541 1464 ⁸
3605 1430 3638 1486 ἃ
3681 1431 3726 1487 εἷ

2083 1520 2161 1595 μὴ
2204 1522 2291 1577 καὶ
2339 1532 2579 1601 χρηστοῦ
2620 1523 2908 1603 εῦπόρησεν
2965 1521 3163 1604 ἐλαίου,
3218 1521 3308 1580 ἵνα
3362 1523 3413 1577 τί
3452 1522 3540 1577 καὶ
3567 1541 3725 1576 πνευ-

2082 1615 2320 1683 ματικῶς
2351 1612 2424 1675 εἷς
2466 1612 2566 1678 τὴν
2621 1612 2779 1690 χάριν
2835 1614 3019 1690 μικρὸν
3077 1610 3319 1691 διαχεθὲν
3352 1607 3489 1687 [ΑΗ.
3525 1607 3719 1688 διαχε-

2073 1698 2149 1751 θῶ
2191 1698 2281 1760 at.
2315 1696 2678 1779 διαδεχέσθω],
2727 1698 2957 1763 πολλοῖς
2986 1715 3059 1763 ως
3090 1697 3207 1756 οἶδε
3266 1698 3454 1777 Κύριος
3496 1697 3718 1771 ἀθυμίας

2070 1783 2244 1860 βέλεσι
2273 1785 2409 1843 ’καθ’
2460 1787 2691 1856 ἑκάστην
2744 1788 3198 1869 περιπειρόμενος,
3250 1786 3521 1868 βρώμασιν
3565 1783 3716 1862 [ΑΗ.

2069 1874 2264 1953 βρῶσιν
2307 1872 2386 1953 ἂν]
2417 1875 2709 1951 ἐποιούμην
2739 1876 2989 1933 ἑκάστοτε
3023 1895 3038 1953 ;

2154 1923 2258 1930 η-.
2308 1923 2386 1953 ...ι
2418 1923 2705 1951 -..-.,Ἶ...,,
2739 1923 2989 1933 -....---.-

2154 1952 2249 2023 ια’.
2310 1965 2485 2022 Κακὸν
2541 1961 2617 2037 δὲ,
2678 1965 2768 2021 καὶ
2832 1923 3039 2021 κακῶν,
3082 1964 3353 2038 κάκιστον,
3425 1962 3461 2030 ἦ
3531 1960 3586 2016 ἐν
3636 1968 3717 2037 τῷ

2073 2049 2207 2128 ἁγίῳ
2234 2048 2494 2126 Συμϐόλῳ
2542 2052 2839 2131 προσθήκη,
2895 2053 2980 2127 rb,
3039 2076 3066 2107 α
3102 2052 3201 2110 Καὶ
3255 2053 3328 2116 εἷς
3383 2052 3444 2107 τὸ
3502 2055 3716 2125 Πνεῦμα

2071 2139 2135 2194 τὸ
2215 2138 2390 2219 ἅγιον,
2475 2140 2537 2196 τὸ
2620 2140 2808 2218 Κύριον
2875 2142 2963 2197 καὶ
3027 2141 3308 2214 ζωοποιὸν,
3381 2141 3443 2196 τὸ
3508 2138 3570 2195 ἐκ
3622 2146 3718 2197 τοῦ

2075 2230 2279 2307 Πατρὸς
2333 2231 2421 2286 καὶ
2474 2236 2567 2286 τοῦ
2622 2233 2743 2289 Υἱοῦ
2797 2229 3229 2311 ἐκπορευόμενον,
3286 2253 3316 2286 ι
3376 2233 3435 2288 Ei
3495 2230 3596 2309 γὰρ
3648 2230 3717 2285 τὰ

2065 2316 2191 2395 παρ’
2236 2318 2371 2392 ἡμῖν
2426 2317 2720 2397 Εὗαγγέλια
2778 2320 2845 2376 τὰ
2886 2320 3018 2378 αὐτὰ
3056 2321 3145 2376 καὶ
3202 2318 3328 2398 παρ’
3371 2320 3507 2394 ὑμᾶς
3553 2316 3708 2396 [Αίί.

2066 2406 2209 2483 παρά
2281 2398 2610 2485 (Ρωμαίοιςι,
2682 2408 2840 2465 πόθεν
2921 2408 3117 2465 ἐκεῖνοι
3186 2406 3374 2464 πλεῖόν
3448 2429 3500 2462 τι
3557 2404 3714 2484 [ΑΗ.

2066 2491 2249 2574 πλέον,
2282 2493 2318 2562 ἢ
2350 2495 2399 2551 τί
2454 2494 2538 2557 al.
2592 2494 2753 2551 πλέον
2808 2497 2965 2572 ἡμῶν
3016 2497 3085 2573 τι]
3144 2496 3397 2572 μαθόντες
3455 2493 3583 2574 (74)
3609 2494 3715 2561 τὴν

2063 2582 2317 2649 τοιαύτην
2398 2582 2690 2640 ἀλλόκοτον
2764 2586 3072 2663 προσθήκην
3153 2584 3520 2662 ἐποιήσαντος
3616 2592 3735 2655 τοῦ,

2063 2670 2200 2727 κατὰ
2243 2668 2492 2738 Ἰωάννην
2548 2672 2698 2751 ἁγίου
2752 2670 3071 2750 Εὗαγγελίου
3139 2670 3342 2747 μᾶλλον
3394 2668 3712 2749 ἀριδηλότε-

2065 2779 2153 2837 ρον
2195 2760 2339 2835 ἡμᾶς
2394 2761 2513 2839 περὶ
2569 2765 2662 2817 τοῦ
2722 2760 2873 2840 ἁγίου
2930 2761 3232 2837 Πνεύματος
3291 2757 3711 2835 ἐκδιδάσκοντος,

2062 2847 2114 2906 ἐν
2159 2852 2246 2913 οἷς
2294 2852 2384 2906 καὶ
2421 2848 2761 2926 διαλαμϐάνει
2796 2868 2809 2883 ·
2872 2872 2901 2907 ι
2935 2848 3059 2909 Ἐὰν
3100 2851 3342 2931 ἀγαπᾶτέ
3370 2872 3461 2926 με,
3492 2850 3586 2913 τὰς
3617 2849 3711 2907 ἐν-

2059 2935 2218 3002 τολὰς
2285 2940 2380 3003 τὰς
2436 2937 2569 3014 ἐμὰς
2624 2940 2915 3020 τηρήσατε.
2975 2940 3072 2996 Καὶ
3144 2940 3254 3018 ἐγὼ
3307 2939 3560 3019 ἐρωτήσω
3614 2940 3708 2996 τὸν

2060 3026 2267 3106 Πατέρα
2320 3029 2408 3085 καὶ
2477 3027 2638 3085 ἄλλον
2720 3027 3064 3108 Παράκλητον
3148 3026 3303 3085 δώσει
3380 3029 3534 3103 ὑμῖν,
3612 3025 3708 3084 ἵνα

2062 3114 2197 3193 μένῃ
2229 3116 2345 3193 μεθ’
2371 3119 2520 3194 ὑμῶν
2549 3119 2622 3182 είς
2678 3120 2767 3174 τὸν
2828 3119 3014 3198 αἰῶνα,
3064 3119 3125 3175 rb
3173 3123 3386 3193 Πνεῦμα
3429 3121 3527 3184 τῆς
3574 3114 3711 3184 ἀλη-

2518 3205 2718 3281 κόσμος
2806 3209 2866 3265 οὗ
2948 3203 3157 3262 δύναται
3240 3202 3451 3277 λαϐεῖν,
3506 3204 3587 3260 ὅτι
3646 3207 3710 3263 οὔ

2061 3294 2250 3370 θεωρεῖ
2333 3293 2484 3369 αὐτὸ,
2576 3291 2692 3350 οῦδὲ
2770 3293 3018 3372 γινώσκει
3114 3292 3240 3351 αὐτό
3275 3311 3291 3327 ⁸
3403 3294 3559 3369 ὑμεῖς
3650 3290 3709 3349 δὲ

2062 3380 2348 3459 γινώσκετε
2404 3382 2554 3461 αὒτὸ,
2605 3379 2686 3437 ὅτι
2732 3379 2857 3459 παρ’
2913 3382 3041 3458 ὑμῖν
3068 3460 3073 3461 γ
3098 3381 3267 3457 μένει,
3329 3383 3419 3437 καὶ
3473 3379 3527 3437 ἐν
3578 3381 3709 3456 ὑμῖν

2063 3468 2174 3524 ἐστι
2203 3467 2349 3550 (75).
2386 3492 2414 3525 ι
2453 3460 2551 3527 Καὶ
2594 3468 2709 3546 μετ’
2739 3468 2892 3548 ὀλίγα
2922 3486 2938 3501 ⁶
2992 3492 3021 3525 α
3065 3460 3123 3527 Ὀ
3153 3467 3207 3525 δὲ
3238 3469 3609 3548 Παράκλητος,
3642 3470 3708 3525 rb

2063 3562 2274 3633 Πνεῦμα
2340 3559 2403 3614 rb
2448 3556 2623 3637 ἅγιον,
2691 3558 2719 3613 ὃ
2772 3557 2973 3633 πέμψει
3025 3560 3053 3614 ὁ
3125 3557 3306 3636 Πατὴρ
3361 3557 3416 3613 ἐν
3482 3557 3707 3631 ὀνόματί

2063 3667 2185 3722 μου,
2256 3646 2460 3710 ἐκεῖνος
2542 3648 2680 3723 ὑμᾶς
2754 3643 2940 3712 διδάξει
3010 3646 3206 3718 πάντα,
3264 3646 3349 3701 καὶ
3403 3645 3698 3723 ὑπομνήσει

2226 3734 2398 3792 πάντα
2438 3734 2473 3790 ἃ
2501 3715 2658 3791 εἶπον
2687 3734 2816 3810 ὑμῖν
2852 3749 2865 3763 ⁵
2916 3757 2945 3789 »
2991 3735 3079 3792 καὶ
3106 3715 3265 3790 πάλιν
3295 3751 3308 3765 °
3377 3755 3400 3789 ε
3439 3715 3592 3790 ﬂOiuv
3635 3729 3693 3787 δὲ

2060 3821 2186 3899 ἔλθῃ
2255 3824 2284 3880 ὁ
2342 3820 2711 3901 Παράκλητος,
2784 3822 2843 3877 ὃν
2895 3821 3004 3901 ἐγὼ
3085 3821 3287 3897 πέμψω
3360 3822 3486 3897 ὑμῖν
3555 3822 3701 3900 παρᾶ

2059 3917 2150 3968 τοῦ
2206 3911 2436 3991 Πατρὸς,
2497 3911 2559 3966 rb
2643 3917 2854 3986 Πνεῦμα
2941 3915 3040 3978 τῆς
3120 3909 3390 3990 ἀληθείας,
3460 3910 3489 3966 ὃ
3557 3911 3703 3988 παρὰ

2061 4005 2150 4056 τοῦ
2252 3999 2456 4078 Πατρὸς
2563 3997 2920 4078 ἐκπορεύεται,
3051 3998 3257 4061 ἐκεῖνος
3382 3999 3704 4077 μαρτυρήσει

2060 4087 2180 4167 περὶ
2200 4086 2329 4163 ἐμοῦ
2425 4109 2453 4142 ιι
2490 4087 2614 4144 εἶτα
2647 4104 2662 4123 ·
2697 4069 2739 4144 ἰ
2787 4069 2915 4147 νΕτιγ
2943 4086 3119 4145 πολλά
3159 4085 3276 4167 ἔχω
3326 4069 3503 4165 λέγείν
3544 4069 3699 4161 ύμῖν,

2063 4160 2181 4232 ἀλλ’
2231 4160 2311 4235 iob
2393 4172 2604 4233 δύνασθε
2688 4178 2964 4254 βαστάζειν
3032 4160 3416 4257 ἄρτιίνσοταν-
3450 4175 3506 4233 δὲ
3575 4160 3702 4253 ἔλθῃ

2060 4264 2287 4344 ἐκεῖνος,
2382 4266 2446 4321 rb
2559 4271 2770 4342 Πνεῦμα
2877 4270 2977 4333 τῆς
3070 4265 3343 4336 ἀληθείας,
3448 4265 3705 4346 ὁδηγήσει

2058 4353 2194 4428 ὑμᾶς
2249 4354 2323 4416 είς
2380 4358 2553 4408 πᾶσαν
2635 4355 2735 4422 τὴν
2816 4352 3089 4421 ἀληθείαν,
3174 4355 3248 4411 Ob
3310 4356 3411 4434 γὰρ
3477 4353 3703 4425 λαλήσει

2057 4438 2148 4522 ἀφ’
2224 4441 2410 4500 ἑαυτοῦ
2440 4459 2455 4475 ⁸
2543 4441 2663 4499 ἀλλ’
2733 4441 2833 4500 ὅσα
2903 4440 2964 4500 ἂν
3027 4442 3228 4518 ἀκούση-⁸
3308 4442 3559 4516 λαλήσει,
3620 4464 3692 4499 κα

351 4530 418 4586 τὰ
447 4527 713 4608 ἐρχόμενα
743 4527 1030 4607 ἀναγγελεῖ
1053 4530 1205 4605 ὑμῖν.
1251 4528 1489 4593 Ἐκεῖνος
1531 4528 1627 4605 ἐμὲ
1656 4527 1882 4606 δοξάσει,
1928 4529 2008 4587 ὅτι
2037 4530 2100 4587 ἐκ
2138 4535 2229 4586 τοῦ
2258 4528 2386 4606 ἐμοῦ
2426 4528 2680 4612 λήψεται,
2728 4533 2819 4589 καὶ
2846 4530 3135 4610 ἀναγγελεῖ
3185 4533 3338 4608 ὑμῖν.
3391 4532 3568 4589 Πάντα
3608 4530 3710 4587 ὅσα

348 4615 467 4697 ἔχει
498 4619 527 4673 ὁ
556 4616 761 4697 Πατὴρ,
795 4617 899 4691 ἐμά
940 4616 1073 4676 ἐστι.
1110 4620 1208 4674 Διὰ
1247 4628 1400 4677 τοῦτο
1428 4618 1588 4675 εἶπον
1618 4616 1698 4674 ὅτι
1727 4618 1788 4674 ἐκ
1814 4625 1905 4675 τοῦ
1934 4619 2064 4695 ἐμοῦ
2090 4616 2368 4699 λαμϐάνει,
2400 4620 2490 4676 καὶ
2508 4620 2795 4699 ἀναγγελεῖ
2821 4622 2972 4696 ὑμῖν.

430 4703 525 4768 12.
556 4696 927 4784 Evangelista
955 4704 1039 4767 sic
1070 4705 1446 4787 apertissime
1493 4706 1846 4783 disserente,
1879 4725 1981 4768 or-

2146 4696 2240 4783 ιβ’.
2295 4709 2393 4765 Καὶ
2441 4716 2534 4764 τοῦ
2589 4696 2969 4789 εῦαγγελιστοῦ
3026 4708 3163 4767 οὕτω
3214 4710 3504 4789 τρανότατα
3550 4705 3706 4787 [ΑΗ.

341 4794 736 4856 thodoXorum
763 4793 897 4875 quis
941 4792 1185 4856 audebit
1231 4793 1323 4856 vel
1367 4793 1585 4875 poterit
1624 4794 1847 4858 addere
1890 4794 1982 4857 vel

2063 4795 2401 4875 τρανέστατα]
2476 4797 2597 4879 (76)
2715 4797 3132 4880 διαγορεύοντος,
3242 4799 3321 4863 τίς
3418 4795 3709 4878 ὀρθοδόξων

422 4926 476 4970 ³⁸
501 4924 675 4992 Joan.
709 4926 1081 5008 x1v,§l5-l7.
1165 4925 1221 4970 37
1245 4925 1397 4990 Ibid.
1431 4924 1532 4992 26.
1616 4925 1861 4991 38Joan.
1893 4944 1992 5005 xv,
2025 4926 2124 4992 26.
2206 4926 2261 4971 39
2285 4927 2455 4992 Joan.
2487 4946 2609 5010 xvr,
2643 4931 2861 4997 12-16.

1585 5033 1756 5099 Joan.
1786 5036 1952 5114 Bapt.
1984 5034 2264 5099 Cotelerii
2296 5045 2474 5100 notae.

578 5175 606 5207 α
629 5152 915 5243 μαθόντες.
936 5148 1073 5243 v'Al.
1097 5150 1374 5243 παθόντξςέ
1394 5148 1574 5243 Male,
1599 5150 1985 5243 Sicejusdetn

341 5229 543 5311 Cyrilli
574 5231 732 5311 edito
763 5249 820 5294 IV
849 5229 1130 5311 inloan.
1182 5249 1242 5310 p.
1297 5231 1416 5294 424-
1472 5231 1538 5308 C,
1575 5229 1863 5309 παθήματα
1889 5231 1984 5296 vi-

342 5309 491 5373 tiose
520 5310 758 5372 exhibet
787 5309 955 5390 quod
977 5317 1069 5372 est
1124 5309 1433 5389 μαθήματα.
1496 5311 1563 5373 In
1592 5311 1845 5374 concilio
1872 5330 1981 5375 au-

341 5397 460 5452 tem
491 5389 984 5473 Chalcedonensi,
1021 5408 1078 5471 p.
1131 5406 1215 5466 III,
1264 5409 1393 5473 cap.
1426 5392 1527 5473 43,
1561 5399 1635 5473 et
1671 5391 1734 5454 in
1782 5391 1984 5455 libello

341 5488 530 5554 quem,
549 5470 920 5554 Jus_tinianu_s
948 5469 1270 5554 imperator
1295 5469 1556 5554 A'gapet'o
1620 5472 1694 5536 Β.
1722 5472 1985 5554 pontiﬁci

342 5549 560 5634 obtulit
589 5549 703 5613 (ΣΡ.
726 5549 1057 5634 anathema
1082 5549 1283 5634 inepte
1310 5549 1576 5634 ponitur,
1608 5549 1743 5615 cuni
1774 5569 1986 5616 sensus

341 5627 601 5710 postulet
628 5627 954 5710 mathema,
985 5628 1047 5710 id
1077 5636 1168 5691 est
1186 5627 1560 5710 Symbolum.

426 5706 541 5784 (75)
575 5729 605 5763 α
637 5707 770 5786 Παρ’
811 5709 938 5783 ὑμῖν
983 5708 1154 5785 μένει,
1197 5706 1286 5767 καὶ
1314 5711 1370 5769 ἐν
1403 5714 1531 5790 ὑμῖν
1561 5712 1694 5777 ἐστι.
1730 5736 1761 5772 ι
1797 5711 1983 5792 (Joan

2066 5171 2189 5232 xxv,
2227 5158 2346 5233 l7.)
2396 5159 2481 5220 Ita
2533 5159 2840 5224 versiones
2897 5159 3146 5235 multm;
3204 5165 3265 5220 et
3316 5174 3386 5219 ex
3432 5153 3710 5220 Patribus

2066 5237 2336 5333 npnnulli
2347 5254 2559 5333 ληρεῖ.
2579 5239 2848 5333 ξυιβεηξε
2869 5240 3325 5333 1ἰθ.)τξιιᾷοηινει
3338 5237 3704 5329 Fabianum,

2063 5313 2138 5401 ab
2170 5313 2573 5401 eruditissimo
2602 5313 2889 5383 Cbiftletio
2907 5320 3258 5401 publicatus,
3291 5317 3447 5378 hunc
3474 5313 3706 5401 in_moé

2067 5393 2207 5457 dum
2246 5397 2422 5461 citat:
2460 5398 2593 5481 Vos
2617 5393 2975 5481 cognovisiis
3009 5393 3348 5481 eum,gt1ia
3390 5396 3555 5481 apud
3583 5415 3709 5481 R03

2065 5482 2294 5551 manet,
2326 5484 2386 5539 et
2411 5482 2479 5541 in
2498 5479 2664 5542 vobis
2686 5476 2798 5545 est.
2830 5479 2898 5543 In
2926 5476 3167 5542 duobus
3185 5476 3467 5540 Romanis
3493 5477 3701 5554 codd.,

2066 5554 2310 5638 ’Evépjtv
2339 5558 2513 5635 μένει,
2544 5562 2631 5617 καὶ
2659 5561 2713 5619 ἐν
2754 5564 2884 5638 ὑμῖν
2913 5560 3046 5620 ἐστι.

2145 5633 2272 5721 (Ἱβ)
2310 5633 2348 5694 «ν
2373 5633 2675 5719 Τρανότατα
2693 5660 2724 5721 γ·
2754 5633 3100 5721 τρανέστατα.
3125 5662 3153 5696 n
3174 5647 3222 5721 ᾖ.
3250 5639 3436 5721 τρανρς
3467 5642 3527 5699 et
3565 5658 3705 5719 τρα-

2062 5715 2183 5786 νής.
2215 5715 2261 5780 Ε
2305 5715 2427 5797 quo
2481 5720 2744 5783 secundo
2788 5715 3089 5802 putaverit
3140 5715 3356 5798 aliquis
3381 5715 3705 5780 formatum
