4050 6124
497 307 616 372 819

1811 300 2138 366 SAMON/E
2179 301 2550 365 GAZENSIS

3747 306 3867 370 820

497 436 792 510 venerint,
842 435 1249 516 resposionem
1297 430 1672 494 considerate
1709 430 1837 505 des,
1886 429 2127 510 dignam

2214 438 2310 500 τῆς
2337 439 2437 502 σῆς
2467 436 2908 514 μεγαλεπηϐόλου
2929 441 3016 497 καὶ
3036 439 3311 508 θειοτάτης
3341 439 3572 506 διανοίας
3597 441 3742 508 ἀξίαν
3765 441 3862 510 τὴν

501 525 900 602 magnanima,
932 523 1442 606 evperientissima
1465 538 1532 582 ac
1562 518 1938 582 divinissima
1959 537 2134 581 men-

500 619 558 672 te
591 622 708 673 tua.

581 701 640 761 7.
681 703 860 761 Porro
889 699 1168 780 epistolas
1197 699 1338 762 istas
1361 699 1434 762 ad
1467 695 1844 760 beatissimos
1875 694 2132 774 patriar-

500 788 662 861 chas,
690 789 931 849 omnino
953 787 1298 850 consimiles
1318 788 1456 849 huic
1475 787 1551 849 ad
1581 783 1953 846 sanctitatem
1972 791 2131 845 tuam

501 877 718 951 missae,
751 878 888 958 quia
936 877 1233 938 neminem
1283 877 1696 956 religiosorum
1750 871 2134 952 ﬁdeliumque

503 966 837 1026 invenimus
872 965 971 1046 qui
1009 965 1268 1028 deferret
1297 966 1370 1026 iis
1399 965 1471 1027 ad
1499 981 1644 1044 quos
1694 961 1929 1040 scriptae
1973 968 2130 1036 sunt,

503 1061 614 1115 tua;
644 1053 913 1114 misimus
945 1053 1287 1134 perfectioni
1319 1075 1334 1128 ;
1366 1072 1481 1134 quo
1513 1051 1586 1112 ad
1608 1051 1741 1111 illos
1772 1048 2134 1110 transmittas

503 1161 610 1222 per
639 1142 894 1222 aliquem
928 1143 1088 1222 pium
1115 1143 1218 1221 qui
1263 1142 1335 1203 ad
1387 1143 1513 1202 loca
1561 1139 1660 1201 illa
1706 1136 2129 1218 proficissetur.

503 1233 794 1292 Praeterea
824 1231 1082 1312 propriis
1113 1231 1325 1292 litteris
1353 1227 1702 1292 admonebis
1721 1233 1895 1306 atque
1915 1224 2134 1286 excita-

500 1320 590 1380 bis
623 1339 713 1394 eo,
749 1329 810 1381 ut
839 1319 1028 1380 zelum
1080 1319 1342 1380 divinum
1401 1337 1507 1398 pro
1558 1324 1723 1378 recto
1770 1314 2043 1392 dogmate
2073 1321 2133 1374 et

496 1407 793 1487 inculpata
820 1409 1170 1488 sinceraque
1204 1417 1401 1469 nostra
1433 1407 1547 1467 fide
1594 1410 1916 1482 assumant,
1952 1410 2132 1482 utque

497 1495 548 1556 si
578 1497 725 1558 forte
755 1496 829 1558 de
861 1495 948 1558 eis
982 1515 1110 1576 quae
1144 1498 1347 1559 Romae
1393 1505 1556 1575 gesta
1602 1498 1742 1554 sunt
1783 1490 2130 1570 interrogati

495 1585 736 1658 fuerint,
771 1586 1129 1646 conveniens
1157 1585 1228 1646 ad
1265 1603 1392 1658 eos,
1436 1583 1765 1660 ditumque,
1813 1579 1968 1641 sicut
2020 1579 2129 1641 de-

495 1678 870 1758 claravimus,
904 1678 1045 1739 dent
1076 1697 1451 1759 responsum.

493 1768 875 1846 πεπραγμένων
945 1769 1256 1847 ἐρωτηθεῗεν

491 1877 682 1935 κρισιν.

1267 1817 1281 1847 ῒ

1355 1768 1676 1847 ἁρμόζουσαν
1745 1767 1876 1841 πρὸς
1934 1764 2118 1826 αὖτοὺς
2184 1763 2272 1820 καὶ
2339 1762 2657 1841 λεγομένην,
2715 1766 2787 1827 ὡς
2851 1763 3162 1847 δεδήλωται,

2220 521 2494 602 ἀπόκρισιν
2523 523 2649 600 δῷς,

2296 688 2366 770 ζ’.
2424 701 2501 758 Τὰ
2555 699 2611 758 δὲ
2665 705 2796 783 πρὸς
2848 706 2970 769 τοὺς
3041 705 3479 785 μακαριωτάτους
3524 705 3858 786 πατριάρχας

2215 789 2363 846 ταυτὶ
2433 791 2742 872 γράμματα,
2831 792 3240 870 ἰσοδυναμοῦντα
3308 796 3445 852 κατὰ
3526 796 3699 851 πάντα
3777 802 3854 868 τῷ

2215 878 2343 955 πρὸς
2397 877 2494 945 τὴν
2548 879 2646 946 σὴν
2715 882 3012 958 ἁγιωσύνην
3081 882 3487 962 ἀπεσταλμένῳ,
3548 883 3624 958 μή
3669 883 3847 960 εδρόν-

2215 986 2301 1028 τες
2342 967 2457 1021 τινὰ
2481 971 2585 1023 τῶν
2637 967 2867 1025 εὐλαϐὦν
2915 971 3002 1026 καὶ
3056 977 3259 1028 πιστῶν
3301 970 3368 1028 δι’
3419 974 3478 1028 οὗ
3528 978 3692 1027 ταῦτα
3733 983 3848 1034 τοῖς

2214 1055 2346 1132 πρὸς
2413 1051 2504 1117 οὒς
2573 1055 2876 1136 ἐγραφήσαν
2941 1059 3173 1135 πέμψαι.
3247 1066 3314 1136 τῇ
3369 1066 3439 1136 σῇ
3493 1061 3848 1139 πεπόμφαμεν

2213 1141 2505 1210 τελειότητι
2540 1161 2557 1178 ⁸
2603 1145 2676 1209 ὠς
2727 1144 2790 1200 ἂν
2819 1145 3207 1224 διαποθμεύσῃς
3265 1153 3330 1207 αὖ
3370 1162 3488 1211 τοῖς
3549 1155 3714 1204 ταῦτα
3767 1146 3851 1202 διά

2211 1252 2352 1296 τινος
2435 1230 2682 1297 εὖλαϐοῡς
2752 1241 2854 1292 τῶν
2937 1239 3066 1315 πρὸς
3146 1237 3267 1300 τοὺς
3338 1235 3531 1300 τόπους
3620 1235 3786 1292 ἐκείνο
3802 1258 3846 1299 ις

2212 1319 2626 1398 ἀφικνουμένων,
2671 1325 2800 1402 πρὸς
2846 1325 2934 1385 οὒς
2990 1323 3388 1391 ἀπεστάλησαν,
3442 1327 3580 1404 Πρὸς
3636 1323 3715 1404 δὲ,
3759 1327 3846 1380 καὶ

2212 1409 2404 1470 οἰκείας
2626 1408 2691 1465 δι’
2765 1411 2989 1492 οἰκείας]
3061 1418 3293 1492 γραφῆς,
3357 1413 3691 1490 παραινέσεις
3764 1415 3852 1469 καὶ

2212 1495 2525 1574 παραθήξεις
2584 1499 2769 1562 αὐτοὺς
2827 1499 2988 1571 ζῆλον
3053 1501 3223 1558 ἔνθεον
3277 1500 3563 1558 ἀναλαϐεῖν
3603 1503 3720 1579 περὶ
3761 1508 3852 1558 τοῦ

2211 1585 2360 1664 ὀρθοῦ
2412 1584 2674 1662 δόγματος
2742 1589 2829 1643 καὶ
2882 1594 2980 1656 τῆς
3041 1589 3338 1665 ἀμωμήτου
3395 1591 3484 1646 καὶ
3537 1588 3845 1668 εἰλικρινοῦς

2210 1675 2364 1748 ἡμῶν
2414 1676 2666 1752 πίστεως,
2729 1678 2815 1733 καὶ
2871 1676 3004 1741 ἴσως
3069 1677 3186 1756 εἴγε
3228 1679 3345 1756 περὶ
3386 1683 3492 1734 τῶν
3547 1678 3602 1734 ἐν
3661 1671 3838 1754 Ῥώμῃ

3207 1769 3526 1838 ποιήσασθαι
3567 1768 3666 1835 τὴν
3708 1767 3847 1823 ἁπό-

573 1950 630 2006 8.
658 1944 742 2006 De
765 1945 980 2005 nostris
995 1953 1190 2006 autem
1211 1945 1282 2005 ad
1302 1943 1738 2006 sanctissimum
1759 1939 2127 2003 Alexandria:

2291 1929 2373 2006 η’.
2432 1944 2554 2021 Περὶ
2616 1940 2671 1998 δὲ
2726 1949 2818 1999 τοῦ
2870 1945 3000 2024 πρὸς
3042 1946 3131 2001 τὸν
3174 1945 3471 2022 ἁγιώτατον
3513 1945 3848 2025 πατριάρχην

495 2033 887 2111 patriarcham
915 2034 1339 2114 litteris,etiam
1367 2032 1437 2093 ad
1462 2029 1899 2092 sanctissimum
1923 2029 2128 2090 Hiero-

491 2121 848 2200 solymorum
903 2121 1292 2201 patriarcham
1346 2119 1693 2199 scripsimus
1720 2138 1736 2191 ;
1769 2137 1884 2198 quo
1917 2117 1966 2177 si
1999 2117 2128 2197 ipse

491 2210 754 2270 nancisci
815 2229 932 2270 non
983 2211 1242 2290 potueris
1298 2209 1635 2270 facilitatem
1667 2207 1797 2267 illas
1829 2205 2124 2280 mittendi,

489 2298 618 2377 ipse
649 2299 718 2359 ad
753 2300 879 2378 ejus
912 2299 1336 2359 beatitudinem
1363 2297 1592 2375 dirigat.
1617 2295 1864 2356 Etnunc
1885 2295 2124 2375 quidem

491 2395 737 2464 urgente
762 2387 1186 2464 profectionem
1213 2403 1379 2447 suam
1405 2384 1727 2446 sanctitatis
1749 2393 1861 2444 tua:
1877 2401 2122 2461 genero,

493 2475 693 2553 paucis
749 2475 944 2536 verbis
976 2495 1043 2536 ac
1072 2475 1263 2536 obiter
1288 2493 1419 2556 quae
1449 2480 1777 2535 evenerunt
1821 2475 2123 2532 enarravi-

492 2580 643 2622 mus.
670 2562 878 2624 Postea
907 2583 1068 2637 vero,
1104 2565 1152 2623 si
1187 2580 1464 2624 necessse
1492 2561 1689 2636 fuerit,
1723 2559 1912 2622 fusius
1943 2578 2122 2640 aper-

490 2649 724 2729 tiusque
757 2653 1086 2714 scribemus
1117 2652 1188 2712 iis
1211 2652 1283 2712 de
1306 2652 1485 2713 rebus
1515 2669 1528 2712 :
1557 2668 1788 2711 necnon
1821 2649 2123 2710 mittemus

489 2739 774 2816 scriptum
836 2741 989 2819 quod
1043 2741 1323 2801 adversus
1373 2758 1479 2800 nos
1523 2738 1858 2818 depositum
1908 2737 2015 2800 fuit
2062 2739 2122 2800 in

489 2831 730 2903 mystica
775 2828 1089 2907 divinaque
1141 2847 1366 2889 mensa.
1402 2827 1484 2888 Ex
1535 2845 1649 2906 quo
1683 2825 1848 2886 dices
1876 2825 2122 2887 istorum

485 2911 546 2972 in
580 2912 694 2972 ﬁde
726 2917 1174 2992 perversita'em
1202 2936 1216 2990 ;
1251 2915 1524 2996 quodque
1556 2914 1717 2974 omni
1750 2913 2122 2994 imperitiaet

482 3000 830 3082 rusticitate,
857 3003 998 3083 imo,
1026 3013 1087 3065 ut
1118 3005 1313 3066 verius
1341 3003 1869 3085 dicaturﬁstupore
1907 3021 1974 3065 ac
2006 3003 2117 3065 de-

486 3090 727 3166 mentia,
754 3092 1002 3154 conferti
1036 3092 1176 3156 sint.

559 3353 843 3418 Dominus
869 3357 931 3419 in
963 3376 1255 3438 prospera
1286 3357 1620 3420 valetudine
1651 3365 1966 3421 conservet
1995 3376 2123 3438 per-

478 3441 794 3505 fectionem
823 3454 1007 3526 tuam,
1041 3454 1306 3507 orantem
1342 3464 1447 3527 pro
1479 3443 1674 3506 nobis.

2211 2027 2596 2109 Ἀλεξανδρείας
2668 2032 2926 2111 ἡμετέρου
2998 2034 3312 2112 γράμματος
3383 2035 3471 2089 καὶ
3541 2057 3622 2106 τῳ
3678 2035 3846 2112 ἁγιω-

2207 2117 2350 2192 τάτῳ
2404 2120 2710 2200 πατριάρχῃ
2744 2112 3113 2198 Ἰεροσολύμων
3139 2121 3442 2200 ἐγράψαμεν
3476 2138 3490 2152 ⁸
3524 2125 3597 2186 ὡς
3628 2123 3713 2200 ἃν,
3759 2123 3846 2177 εἴ-

2208 2226 2306 2283 περ
2335 2207 2488 2271 αὐτὸς
2528 2206 2796 2288 δυσχερῶς
2839 2223 3029 2289 τυχεῖν
3085 2211 3280 2290 σχοίης
3336 2212 3465 2288 ’πρὸς
3523 2212 3678 2267 αὐτὸν
3707 2210 3845 2266 ἀπο-

2209 2293 2415 2350 στεῖλαι
2458 2296 2555 2363 τὴν
2601 2300 2828 2377 γραφὴν,
2880 2300 3032 2362 αὒτὸς
3103 2299 3298 2365 ταύτην
3348 2301 3479 2378 πρὸς
3509 2299 3608 2365 τὴν
3653 2298 3846 2357 ἐκείνου

2208 2379 2485 2459 διαϐιϐάσῃ
2554 2386 2940 2464 μακαριότητα.
3024 2388 3121 2444 Καὶ
3188 2397 3276 2445 νῦν
3346 2389 3467 2462 μὲν,
3533 2409 3843 2466 κατεπειγο-

2207 2470 2367 2545 μένου
2437 2483 2529 2532 τοῦ
2597 2472 2834 2553 γαμϐροῦ
2889 2481 2986 2542 τῆς
3043 2476 3345 2554 ἁγιωσύνης
3406 2498 3498 2532 σου
3565 2477 3694 2554 πρὸς
3745 2478 3841 2543 τὴν

2206 2557 2482 2638 ἐξέλευσιν,
2517 2560 2570 2616 ἐν
2601 2560 2838 2637 ἐπιτόμῳ
2879 2566 2965 2619 καὶ
3009 2565 3144 2619 κατα
3196 2561 3422 2643 παρόδον
3477 2563 3542 2621 τὰ
3595 2585 3839 2642 πεπραγ-

2206 2647 2337 2722 μένα
2406 2646 2766 2726 διεξήλθομεν.
2837 2653 2982 2708 Μετὰ
3053 2649 3108 2707 δὲ
3173 2659 3326 2709 τοῦτο
3381 2650 3702 2731 πλατύτερον
3756 2655 3840 2709 καὶ

2207 2735 2542 2816 σαφέστερον,
2600 2740 2740 2817 εἴγε,
2791 2737 2989 2815 δεήσει,
3051 2739 3424 2815 ἐπιπελοῦμεν
3467 2741 3598 2820 πρὸς
3641 2741 3700 2795 σὲ
3728 2744 3841 2819 περὶ

2205 2825 2403 2880 τούτων
2437 2841 2449 2854 ⁶
2485 2826 2888 2891 ἀποστείλαντες
2919 2831 3005 2884 καὶ
3053 2831 3178 2888 αὐτὸ
3234 2831 3294 2884 τὸ
3341 2826 3458 2884 καθ’
3506 2831 3660 2904 ἡμῶν
3703 2829 3840 2886 ἀπο-

2204 2914 2348 2969 τεθὲν
2405 2912 2687 2994 ἔγγραφον,
2762 2915 2817 2971 ἐν
2872 2923 2940 2993 τῇ
2999 2923 3229 2994 μυστικῇ
3289 2919 3375 2973 καὶ
3429 2917 3541 2988 Θείᾳ
3589 2918 3841 2994 τραπέζῃ.

2202 3003 2300 3060 Καὶ
2358 3005 2573 3079 μαθήσῃ
2617 3002 2676 3060 ἐκ
2739 3005 2923 3062 τούτου
2992 3007 3052 3061 τὸ
3107 3005 3421 3086 διάστροφον
3473 3005 3667 3062 τούτων
3724 3009 3845 3084 περὶ

2198 3091 2296 3157 τὴν
2354 3093 2528 3147 πίστιν
2560 3108 2574 3123 ⁸
2631 3095 2717 3150 καὶ
2771 3094 2844 3156 ὡς
2893 3094 3114 3169 ἀμαθίας
3179 3095 3357 3161 πάσης
3425 3095 3514 3149 καὶ
3576 3093 3844 3173 ἀγροικίας

2203 3179 2386 3255 πολλῷ
2415 3179 2470 3236 δὲ
2513 3183 2706 3262 εἰπεῖν,
2739 3181 3101 3259 ἆνάισθησίας,
3152 3184 3239 3240 καὶ
3281 3183 3578 3264 ἀφροσύνης
3619 3182 3837 3252 πεπλή-

2204 3290 2420 3346 ρωνται.

2287 3349 2344 3415 (Ο
2374 3358 2560 3437 Κύριος
2590 3357 2643 3414 ἐν
2673 3359 2819 3437 ὑγεία
2871 3358 3172 3441 διαφυλάξαι
3219 3361 3318 3428 τὴν
3362 3362 3462 3428 σὴν
3503 3359 3838 3442 τελειότητα,

2203 3446 2501 3526 εὖχομένην
2528 3448 2656 3525 ὑπὲρ
2687 3450 2867 3524 ἡμῶν.

2722 3627 3796 3671 m

1851 3759 2015 3807 ANNO
2058 3759 2266 3836 DOMIN’I
2304 3759 2448 3807 MLVI

1523 3923 1840 4131 SA
1870 3923 2445 4129 MON
2452 3926 2779 4132 AS

1009 4263 1676 4390 GAZENSIS
1777 4263 2465 4373 CIVITATIS
2552 4265 3292 4379 EPISCOPUS

1922 4650 2376 4736 NOTITIA

974 4843 1278 4925 (Galland.
1312 4849 1594 4910 Veterum
1619 4849 1862 4910 Patrum
1894 4843 2176 4908 Biblioth.
2207 4850 2252 4908 t.
2284 4840 2431 4920 XIV,
2465 4842 2686 4924 proleg.
2725 4863 2785 4925 p.
2819 4843 2920 4908 VII
2948 4852 3008 4908 et
3036 4863 3096 4927 p.
3128 4844 3294 4924 223.)

533 5190 666 5272 Fuit
695 5189 900 5272 beatus
930 5191 1218 5256 Samonas
1247 5189 1528 5272 Gazensis
1554 5189 1616 5252 in
1644 5189 1953 5252 Palaestina
1981 5189 2297 5270 episcopus
2318 5189 2477 5252 circa
2496 5190 2576 5272 _A.
2601 5191 2668 5272 g.
2699 5190 2873 5272 1056,
2907 5192 3074 5272 cujus
3095 5197 3280 5272 egistat
3300 5192 3518 5272 passim
3538 5192 3743 5256 Graece
3760 5205 3819 5258 et

449 5267 1026 5353 Latine__d_isputatio
1075 5273 1342 5353 quaedam
1375 5271 1659 5353 adversus
1707 5267 2060 5333 Achmetem
2089 5267 2554 5353 Saracenumde
2606 5267 3004 5353 Eucharistia'.
3038 5271 3088 5333 Α
3117 5267 3432 5353 Saracenis
3464 5271 3821 5353 interfectus

450 5347 560 5410 fuit
589 5347 896 5432 religionis
925 5347 1123 5414 causa.
1156 5352 1352 5432 Quare
1381 5352 1537 5413 inter
1567 5349 1771 5432 beatos
1802 5357 2086 5429 martyres
2116 5357 2390 5432 recenset
2423 5350 2584 5411 illum
2611 5347 2740 5413 Nic.
2775 5351 3113 5432 Comnenus
3145 5351 3252 5432 (α).
3283 5350 3468 5413 Totus
3498 5352 3558 5413 in
3591 5370 3665 5432 eo
3700 5361 3810 5432 est,

450 5435 514 5512 ut
542 5428 760 5512 probet
779 5450 1085 5512 panemac
1115 5431 1313 5494 vinum
1346 5449 1451 5512 per
1480 5431 1806 5512 sacerdotis
1836 5428 2355 5512 coinSecraAtionem
2368 5447 2734 5512 verum_esse
2754 5437 2810 5491 et
2827 5429 3124 5512 integrum
3143 5428 3358 5512 corpus
3375 5449 3444 5493 ac
3463 5428 3813 5512 sanguinem

439 5505 700 5601 ρριῐιίηξζ
732 5505 818 5571 ΑΒ
847 5511 1019 5601 quod
1047 5505 1866 5601 suadendumhiahometano
1900 5507 2130 5573 homini
2158 5506 2360 5572 hebeti
2388 5527 2458 5572 ac
2483 5509 2643 5593 rudi,
2661 5505 3153 5592 exemplishtitur
3180 5505 3448 5592 apprime
3467 5505 3804 5589 congruen-

439 5585 621 5648 tibus.
654 5587 800 5650 Eam
828 5585 1285 5670 disputationem
1317 5611 1389 5654 ex
1416 5591 1635 5655 itinere
1664 5591 1889 5654 habuit.

513 5713 607 5793 (α)
633 5713 890 5782 Praedot.
924 5727 1168 5802 mystag.
1205 5741 1334 5804 pag.
1366 5725 1509 5788 407.
