4050 6124
229 300 346 366 821

1388 315 1486 377 DE
1542 313 1951 379 SACRAMEN
1955 313 2053 376 ΤΟ
2093 310 2422 375 ALTARIS

3465 294 3584 362 822

812 580 1156 710 ΤΟΥ
1256 583 2179 714 ΜΑΚΑΡΙΟΥ
2277 576 3008 710 ΣΑΜΩΝΑ

1501 833 2042 885 ΑΡΧΙΕΠΙΣΚΟΠΟΥ
2086 833 2300 885 ΓΑΖΗΣ

679 1010 1185 1098 ΔΙΑΛΕΞΙΣ
1277 1013 1569 1098 ΠΡΟΣ
1663 1015 2036 1099 ΑΧΜΕΔ
2125 1013 2348 1098 TON
2439 1007 3120 1095 ΣΑΡΑΚΗΝΟΝ

1613 1205 2174 1257 ΑΠΟΔΕΙΚΝΥΟΥΣΑ

983 1315 1112 1364 TON
1156 1312 1286 1365 ΥΠΟ
1330 1315 1456 1365 ΤΟΥ
1501 1313 1737 1364 ΙΕΡΕΩΣ
1783 1309 2370 1363 ιΕΡΟιῬΓΟΥΜΕΝΟΝ
2415 1308 2628 1358 APTON
2676 1308 2788 1358 ΚΑΙ

781 1419 1002 1489 OlNON,
1053 1419 1240 1470 ΣΩΜΑ
1286 1421 1402 1472 ΚΑΙ
1443 1419 1609 1471 ΑΙΜΑ
1653 1417 1995 1471 ΛΛΗΘΙΝΟΝ
2040 1417 2152 1468 ΚΑΙ
2199 1411 2599 1466 ΟΛΟΚΛΗΡΟΝ
2639 1413 2820 1465 ElNAl
2864 1413 2990 1466 ΤΟΥ

1353 1523 1590 1574 ΚΥΡΙΟΥ
1633 1521 1827 1573 ΗΜΩΝ
1874 1521 2075 1572 ΙΗΣΟΥ
2116 1521 2420 1575 ΧΡΙΣΤΟΥ.

1054 1904 1632 2052 BEATI
1855 1903 2709 2050 SAMONZE

1515 2171 1882 2238 GAZENSIS
1923 2172 2258 2258 EPISCQPI

502 2376 1406 2488 DISCEPTATIO
1497 2374 1782 2484 CUM
1874 2372 2447 2481 ACHMED
2535 2374 3268 2482 SARACENO

1586 2610 1898 2661 PEBSPICUE
1939 2610 2161 2658 DOCENS

905 2761 1169 2824 PANEM
1211 2761 1304 2824 AC
1348 2760 1629 2838 VINUM,
1673 2755 2099 2828 UTBUMQUE
2139 2755 2290 2817 PER
2331 2756 2829 2820 SACERDOTEM

532 2866 1114 2945 CONSECRATUM,
1158 2865 1428 2930 VERUM
1471 2863 1650 2926 ESSE
1692 2863 1793 2924 ET
1835 2861 2246 2926 INTEGRUM
2291 2862 2580 2925 COBPUS
2620 2863 2713 2925 AC
2757 2864 3210 2928 SANGUINEM

1287 2969 1566 3033 DOMINI
1610 2965 1892 3032 NOSTRI
1932 2963 2110 3029 JESU
2152 2965 2465 3029 CHRISTI

260 3333 665 3414 Ἐτυγχάνομὲν
720 3358 850 3394 ποτε
913 3340 1254 3418 πορευόμενοι
1309 3337 1408 3404 τὴν
1465 3337 1537 3399 εἷς
1616 3340 1886 3409 ΕμεσανΑ

1985 3330 2318 3412 Aliquando
2355 3329 2506 3396 forte
2537 3333 3068 3412 proﬁciscebamur
3098 3334 3372 3396 Emesam
3405 3354 3541 3396 cum

181 3426 313 3499 μετὰ
386 3423 600 3481 πολλων
629 3424 804 3482 ἄλλων
860 3427 941 3483 κοὶ
981 3433 1048 3504 τῇ
1091 3428 1300 3497 συνήθει
1347 3423 1566 3490 διαλέξει
1613 3427 1682 3498 τῇ
1709 3418 1826 3478 καθ’

180 3511 295 3569 ὁδὸν
384 3515 709 3590 παραμύθιον
794 3512 923 3590 οὔσῃ
1009 3515 1302 3594 χρώμενοι,
1381 3514 1499 3592 περὶ
1566 3509 1826 3590 διαφόρων

178 3602 504 3674 ὑποθέσεων,
551 3601 714 3681 πέραν
739 3611 832 3661 τοῦ
879 3601 1084 3666 δέοντος
1127 3603 1181 3658 ἐν
1224 3601 1463 3673 συνουσίᾳ
1491 3598 1770 3674 διήλθομεν
1805 3613 1821 3628 ⁴

178 3687 228 3756 ἐξ
277 3693 361 3747 ὧν
405 3692 493 3746 καί
537 3713 618 3754 τις
662 3693 820 3771 σοφὸς
864 3691 992 3770 ἀνὴρ
1040 3693 1128 3747 καὶ
1175 3691 1380 3770 λόγιος,
1427 3689 1732 3768 Σαρπκηνὸς
1763 3687 1824 3742 τὸ

178 3779 323 3844 νένος
341 3826 365 3854 ,
405 3781 478 3844 εἷς
509 3779 606 3847 τὴν
635 3786 741 3835 τῶν
770 3781 1069 3858 μυστηρίων
1112 3780 1356 3858 διήγησιν
1403 3778 1640 3856 τραπεὶς,
1672 3775 1822 3853 ’ὀρώ-

175 3890 340 3935 τησεν
402 3867 519 3943 ἐμὲ,
574 3870 762 3926 οὑτωσὶ
819 3869 1033 3948 φάσκων
1065 3887 1083 3905 ο
1142 3870 1240 3924 Διὰ
1309 3868 1378 3940 τί,
1451 3867 1496 3923 ὦ
1547 3865 1821 3935 ἐπίσκοπε,

173 3957 333 4031 ὑμεῖς
396 3959 441 4012 οἱ
495 3959 657 4036 ἱερεῖς
713 3957 991 4032 ἐμπαίζετε
1044 3957 1164 4020 τοὺς
1229 3954 1590 4034 Χριστιανοὺς,
1639 3953 1731 4008 τὸν
1774 3949 1826 4016 ἐξ

175 4045 402 4126 ἀλεύρου
466 4045 773 4120 ὀπτώμενον
815 4042 971 4124 ἄρτον
1036 4045 1219 4107 αὗτοτς
1272 4044 1407 4099 κατὰ
1468 4037 1640 4120 βραχὺ
1683 4040 1826 4118 μερί-

173 4141 386 4208 ζοντες,
460 4135 546 4190 καί
633 4138 787 4207 σῶμα
876 4141 1101 4212 Χριστοῦ
1190 4131 1556 4207 ὀνομάζοντες,
1640 4126 1824 4207 ἄφεσιν

175 4211 454 4302 ἁμαρτιῶν
497 4221 752 4302 παρέχειν
801 4211 955 4302 αὖτμὸν
1005 4233 1120 4284 τοῖς
1165 4215 1622 4296 μεταλαμϐάνουσι
1664 4215 1822 4272 δυνά-

175 4297 339 4385 μενον
368 4297 780 4372 διαϐεϐαιιοῦντες
815 4328 832 4390 ;
882 4297 1010 4389 Ἀρα
1051 4309 1087 4378 ἢ
1135 4310 1270 4385 ὑμᾶς
1303 4307 1485 4370 αὐτοὺς
1518 4306 1819 4382 ἐμπαίζετε,

177 4400 214 4468 ἢ
242 4421 370 4462 τους
400 4402 476 4455 ὧν
504 4399 698 4480 ἄρχετε
733 4418 748 4478 ;

255 4583 610 4636 ΣΑΜΩΝΑΣ.
661 4577 759 4634 Καὶ
814 4577 864 4632 τί
927 4574 1145 4655 λέγειςς
1206 4572 1359 4654 ἄρτος
1419 4573 1478 4630 οὔ
1536 4573 1636 4652 γὰρ
1692 4578 1822 4630 Θεοῦ

176 4671 337 4741 σῶμα
371 4685 387 4746 ;

260 4744 524 4812 ΑΧΜΕΔ.
574 4744 850 4834 Ἐκάτερον
879 4754 1060 4830 ἀπορῶ
1111 4751 1270 4831 μέρος
1317 4751 1690 4830 ἀποκρίνασθαι
1722 4755 1819 4818 τῆς

175 4842 536 4924 ἀντιφάσεως.

261 4939 377 4992 ΣΑ.
411 4931 665 4989 Τοσοῦτόν
696 4953 756 4987 σε
797 4933 832 4998 ἡ
877 4931 1057 5008 μήτηρ
1086 4952 1178 4987 σου
1206 4929 1520 5009 γεγέννηκεν
1553 4949 1570 5008 ;

267 5116 386 5169 AX.
419 5111 576 5189 Οὐχί.

263 5207 376 5261 ΣΑ,
421 5196 588 5256 Ἀλλὰ
616 5199 778 5256 πόσον
812 5219 828 5278 ;

263 5294 382 5350 AX.
413 5287 668 5366 Σμικρόν.

265 5383 379 5436 EA.
412 5379 511 5434 Καὶ
549 5375 626 5440 τίς
658 5397 716 5431 σε
759 5375 1038 5454 ἐμεγὲθυνε
1071 5395 1086 5456 ς

263 5471 378 5524 AX.
412 5472 543 5522 Θεοῦ
567 5464 834 5545 θέλοντος³
879 5467 914 5533 ἡ
956 5467 1149 5546 τροφή.

257 5561 378 5616 EA.
410 5558 606 5614 Οὐκοῦν
636 5551 791 5633 ἄρτος
835 5575 917 5612 σοι
947 5553 1130 5632 γέγονε
1173 5558 1328 5628 σῶμα
1357 5572 1373 5631 ς

247 5652 284 5698 Α
299 5647 378 5706 Χ.
427 5643 705 5723 Σύμφημι,

1912 3419 2110 3480 multis
2137 3419 2290 3496 aliis,
2326 3427 2384 3481 et
2411 3422 2684 3484 familiari
2737 3421 3028 3502 colloquio
3059 3421 3134 3483 de
3167 3421 3341 3483 variis
3371 3430 3546 3502 atque

1910 3507 2158 3568 diversis
2181 3507 2360 3570 rebus
2382 3517 2637 3591 utentes,
2671 3510 2826 3591 quod
2862 3529 2968 3570 nos
2999 3509 3055 3569 in
3090 3509 3303 3571 itinere
3333 3527 3542 3570 conso-

1908 3595 2160 3671 labatur,
2191 3597 2346 3658 ultra
2374 3615 2554 3678 quam
2585 3598 2787 3661 decuit
2832 3599 2892 3659 in
2940 3616 3215 3659 sermone
3247 3597 3545 3676 progressi

1905 3702 2158 3746 sumus:
2195 3703 2266 3746 ex
2312 3705 2566 3767 quorum
2618 3703 2867 3748 numero
2913 3687 3001 3746 vir
3045 3685 3282 3766 quidam
3330 3685 3542 3747 doctus

1905 3781 2084 3852 atque
2103 3772 2410 3856 facundus,
2425 3792 2644 3854 genere
2662 3777 3016 3855 Saracenus,
3044 3774 3116 3835 ad
3140 3774 3540 3835 narrationem

1909 3861 2322 3941 mysteriorum
2355 3881 2698 3938 conversus,
2736 3881 2831 3926 me
2874 3863 3256 3938 interrogavit
3288 3861 3379 3923 his
3406 3879 3542 3922 ver-

1909 3948 2034 4011 bis:
2067 3949 2264 4012 Heusl
2303 3970 2372 4012 ex
2413 3959 2470 4012 te
2516 3952 2724 4012 audire
2755 3951 2954 4026 velim,
2989 3951 3289 4030 episcope,
3325 3968 3540 4031 quam-

1907 4037 2110 4099 obrem
2155 4057 2256 4101 vos
2314 4039 2656 4102 sacerdotes
2699 4039 3048 4101 Christianis
3097 4038 3364 4113 illuditis,
3398 4039 3540 4100 dum

1909 4144 2118 4206 panem
2150 4146 2218 4189 ex
2249 4127 2438 4190 farina
2484 4135 2714 4189 coctum
2764 4128 2850 4189 eis
2895 4127 3165 4188 minutim
3221 4128 3543 4207 partientes

1905 4232 2237 4296 corpusque
2266 4216 2482 4278 Christi
2513 4215 2914 4292 nominantes,
2947 4215 3362 4277 remissionem
3397 4234 3540 4296 pec-

1904 4311 2166 4366 catorum
2206 4305 2489 4367 exhibere
2533 4322 2706 4385 posse
2753 4305 2826 4365 iis
2869 4305 2972 4385 qui
3019 4322 3154 4366 eum
3215 4303 3534 4385 recipiunt,

1905 4392 2556 4458 conﬁrmatis.Vobisne
2585 4392 2733 4473 ipsis
2778 4392 3048 4467 illuditis,
3077 4413 3148 4454 an
3181 4392 3253 4453 iis
3287 4394 3344 4454 in
3385 4395 3540 4475 quos

1904 4481 2137 4543 habetis
2167 4481 2485 4563 imperium
2508 4482 2539 4542 ?

1984 4568 2365 4634 SAMONAS.
2414 4570 2565 4644 Quid
2607 4570 2863 4633 narras?
2914 4569 3163 4652 panisne
3195 4569 3298 4632 Dei
3327 4589 3543 4650 corpus

1903 4659 2160 4722 efﬁcitur
2181 4659 2212 4719 ?

1986 4747 2316 4813 ACHMED;
2351 4750 2417 4812 In
2437 4747 2647 4811 ultram
2680 4755 2907 4830 partem
2931 4747 3419 4811 contradictionis
3449 4765 3543 4809 re-

1906 4837 2255 4918 spondeam,
2289 4836 2436 4900 mihi
2463 4837 2757 4901 incertum
2789 4844 2900 4908 est.

1985 4925 2154 4989 SAM.
2205 4924 2542 4988 Tantumne
2597 4933 2853 5007 quantus
2895 4943 2959 4987 es
3013 4933 3070 4988 te
3108 4923 3312 5003 genuit
3353 4932 3542 4987 mater

1904 5014 2050 5077 tua?

1982 5103 2154 5167 ACH.
2202 5103 2470 5169 Minime.

1985 5191 2155 5254 SAM.
2203 5191 2320 5254 Sed
2353 5201 2636 5274 quantum
2662 5192 2693 5252 ?

1984 5281 2155 5346 ACH.
2199 5281 2536 5361 Parvulum,

1984 5372 2161 5435 SAM.
2207 5369 2350 5444 Quis
2379 5381 2435 5435 te
2457 5372 2520 5434 in
2550 5371 3016 5452 magnitudinem
3048 5372 3131 5434 ita
3159 5371 3486 5453 produxit?

1979 5458 2154 5524 ACH.
2199 5459 2586 5539 Alimentum,
2622 5463 2745 5524 Deo
2777 5460 2858 5522 ita
2881 5469 3202 5526 annuente.

1983 5548 2162 5613 SAM.
2207 5552 2358 5629 Ergo
2390 5548 2558 5630 panis
2585 5549 2689 5612 tibi
2717 5549 2780 5612 in
2809 5565 3028 5632 corpus
3055 5568 3376 5614 conversus
3407 5552 3538 5617 est?

1981 5635 2151 5702 ACH.
2199 5639 2283 5702 Ita
2304 5655 2545 5719 prorsus
2573 5637 2868 5702 existimo.
