4050 6124
394 212 515 301 823

1699 229 2028 294 SAMONIE
2109 228 2357 293 GAZEN
2367 231 2477 293 SIS

3692 224 3805 293 824

469 367 643 430 SAM.
675 365 800 438 Quo
845 366 1084 428 tandem
1135 371 1303 445 pacto
1358 363 1527 445 panis
1576 362 1689 425 tibi
1721 380 2041 426 conversus

2208 371 2319 423 ΣΛ.
2356 366 2453 422 Καὶ
2482 369 2596 427 πῶς
2630 385 2713 420 σοι
2759 364 2912 442 ἄρτος
2943 366 3127 445 γέγονε
3158 371 3313 441 σῶμα
3338 385 3355 447 ς

393 464 485 519 est
512 457 574 517 in
604 472 828 534 corpus
857 458 885 513 ?

474 544 651 608 ACH.
683 542 850 605 Haud
882 540 1124 622 quidem
1153 540 1305 604 scio.

477 632 645 695 SAM.
681 635 793 692 Per
818 638 1016 709 guttur
1043 629 1211 691 cibus
1242 635 1301 691 et
1336 636 1512 710 potus
1562 629 1624 691 in
1655 627 2041 691 ventriculum

398 721 807 793 demittuntur,
842 728 1119 798 tanquam
1150 718 1210 778 in
1243 718 1420 779 ollam
1450 718 1735 798 aliquam.
1769 718 1884 780 Sed
1908 736 2042 778 cum

401 811 585 890 hepar
613 806 865 868 calidum
901 807 1173 885 adjacent
1224 806 1553 886 stomacho,
1610 805 1885 884 coquitur
1924 804 2041 867 ali-

403 906 689 968 mentum,
715 904 773 957 et
802 894 861 955 in
881 896 1115 974 chylum
1149 894 1516 954 conveetitur
1542 915 1555 952 :
1584 894 1862 974 quodque
1890 911 2046 955 cras-

404 1006 533 1048 sum
584 993 692 1063 est,
736 984 1014 1044 deorsum
1073 982 1246 1044 abit:
1280 982 1438 1062 quod
1498 991 1694 1043 autem
1749 992 1949 1058 tenue,
1983 982 2045 1042 in

403 1075 633 1155 chylum
668 1080 952 1133 mutatum
986 1072 1233 1134 innatat.
1278 1071 1352 1132 At
1380 1088 1518 1131 vero
1568 1089 1704 1131 cum
1748 1070 1921 1149 jecur
1968 1071 2047 1131 sit

404 1163 686 1242 calidum,
723 1160 902 1223 molle
932 1167 990 1221 et
1019 1160 1241 1233 luxum,
1268 1158 1341 1219 ad
1373 1176 1438 1220 se
1468 1157 1707 1220 attrahit
1727 1166 1786 1219 et
1814 1158 1875 1219 in
1903 1176 2043 1220 san-

403 1251 640 1329 guinem
673 1248 995 1310 convertit;
1025 1266 1134 1308 nec
1160 1266 1276 1308 non
1303 1246 1643 1308 universum
1682 1264 1897 1327 corpus
1938 1265 2045 1328 per

404 1358 587 1402 venas
607 1337 784 1399 veluti
805 1355 909 1417 per
927 1335 1163 1397 canales
1180 1335 1410 1414 irrigat,
1443 1335 1785 1397 alimentum
1817 1335 1877 1395 in
1903 1335 2043 1415 chy-

408 1429 528 1490 lum
553 1444 904 1489 convorsum
932 1426 991 1485 in
1024 1423 1351 1487 ventriculo
1383 1423 1773 1503 distribuens,
1805 1423 1866 1484 in
1887 1424 2045 1503 ipso-

409 1536 525 1598 que
565 1517 627 1577 in
668 1514 1013 1591 sanguinem
1056 1531 1429 1592 conversum,
1472 1512 1720 1590 singulis
1761 1512 2046 1573 membris

2206 548 2322 603 AX.
2368 542 2469 598 Τὸν
2494 540 2688 619 τρόπον
2718 542 2918 621 ἀγνοῶ.

2208 637 2319 690 ΣΑ.
2372 629 2468 687 Διὰ
2498 636 2591 686 τοῦ
2622 627 2817 705 λαιμοῦ
2844 634 2878 699 ἡ
2911 632 3104 711 βρῶσις
3152 633 3241 688 καὶ
3280 633 3316 700 ἡ
3370 631 3544 694 πόσις
3592 631 3669 693 εἱς
3712 630 3800 685 τὸν

2127 718 2406 797 στόμαχον
2434 717 2779 798 κατέρχεται,
2806 722 2880 782 ὡς
2911 722 2982 784 εἷς
3013 721 3210 799 χύτραν
3242 734 3257 750 ⁹
3303 717 3719 798 παρακειμένου
3747 714 3800 773 δὲ

2126 813 2205 880 τῷ
2234 806 2496 882 στομάχῳ
2523 808 2717 884 θερμοῦ
2738 806 2887 872 ὄντος
2915 814 3007 864 τοῦ
3026 808 3257 883 ἥπατος,
3300 809 3527 884 ἐψεϊται
3550 810 3591 876 ἦ
3628 806 3802 885 τροφὲ⁸

2125 895 2213 949 καὶ
2263 889 2539 972 χολοῦται⁵
2564 896 2652 949 καὶ
2701 897 2761 951 τὸ
2811 896 2907 971 μὲν
2961 896 3290 975 παχυμερὲς,
3320 897 3476 955 κάτω
3508 908 3701 976 χωρεῖ
3744 895 3803 948 τὸ

2124 979 2178 1035 δὲ
2207 980 2551 1059 λεπτομερὲς,
2585 982 2962 1063 κεχολωμένον
3019 984 3347 1055 ἐπιπολάζει.
3411 976 3513 1048 Ὠς
3571 982 3632 1039 δὲ
3677 986 3802 1061 θερ-

2125 1070 2224 1144 μὸν
2254 1070 2495 1148 ὑπάρχον
2537 1070 2598 1126 το
2625 1073 2772 1150 ἧπαρ
2813 1074 2902 1128 καὶ
2944 1070 3243 1153 ωμφῶδες,
3305 1074 3527 1145 ἀνασπᾷ
3574 1074 3673 1128 καὶ
3718 1074 3804 1126 αἱ·

2125 1171 2289 1233 ματοϊ
2314 1172 2327 1187 ·
2362 1159 2449 1213 καὶ
2472 1160 2545 1221 ὡς
2569 1157 2635 1214 δι’
2658 1162 2864 1240 ὀχετῶν
2887 1161 3026 1217 ἅπαν
3045 1163 3105 1217 τὸ
3134 1163 3290 1238 σῶμα
3318 1161 3404 1219 διὰ
3432 1170 3549 1220 τῶν
3583 1158 3804 1242 φλεϐῶν

2124 1244 2430 1325 καταρδεύει
2460 1262 2473 1276 ⁸
2534 1248 2739 1325 μερίζον
2784 1250 2883 1315 τὴν
2927 1248 3261 1329 χυλωθετσαν
3305 1250 3360 1306 ἐν
3401 1258 3483 1326 τῷ
3516 1250 3807 1328 στομάχῳ

2124 1334 2347 1413 τροφὴν,
2419 1336 2508 1390 καὶ
2578 1334 2631 1391 ἐν
2699 1337 2843 1411 αὒτῷ
2919 1341 3332 1413 αἱματωθεϊσαν,
3404 1340 3634 1413 ἑκάστῳ
3695 1343 3806 1393 τῶν

2127 1420 2305 1496 μελῶν
2409 1421 3011 1500 συμμεταϐαλλομὲνην,
3111 1427 3228 1482 οἶόν
3336 1426 3480 1483 ἐστιν
3584 1427 3803 1496 ἐκεῖνο,

2128 1510 2348 1573 ἀστείοις
2436 1512 2642 1586 ὀστοῦν,
2730 1512 2909 1589 μυελῷ
2977 1512 3194 1588 μυελὸν,
3279 1516 3479 1595 νεύροις
3580 1522 3802 1594 νεῦρον,

409 1611 854 1675 commutatum,
881 1600 1217 1681 cujusmodi
1240 1608 1328 1661 est
1351 1600 1529 1661 illud:
1559 1599 1792 1661 ossibus
1815 1617 1904 1675 os,
1925 1618 2044 1661 me-

2134 1598 2426 1677 ὀφθαλμοτς
2485 1600 2809 1680 ὀφθαλμοὺς,
2875 1600 3003 1681 θριξὶ
3057 1604 3237 1682 τρίχα,
3310 1601 3523 1683 δέρματι
3597 1602 3799 1682 δέρμα,

410 1691 587 1755 dullze
615 1690 896 1763 medulla,
927 1690 1122 1752 nervis
1151 1707 1421 1762 nervum,
1452 1688 1638 1748 oculis
1670 1688 1894 1762 oculos,
1943 1707 2045 1749 ca-

413 1779 571 1860 pillis
614 1777 916 1857 capillum,
954 1777 1075 1839 cuti
1128 1786 1347 1856 cutem,
1400 1775 1696 1855 unguibus
1743 1794 1994 1854 unguem
2032 1798 2043 1838 :

2130 1683 2295 1750 ὀ’νυΞιν
2338 1685 2507 1766 ὀᾯυχα
2542 1707 2554 1720 ·
2604 1692 2690 1745 καὶ
2720 1690 2859 1746 οὕτω
2901 1690 3098 1766 γίνεται
3127 1692 3161 1757 ἡ
3204 1698 3295 1746 τοῦ
3320 1692 3542 1770 βρέφους
3577 1694 3660 1755 εἰς
3695 1690 3802 1746 ἇν-

2130 1771 2224 1852 δρα
2263 1774 2500 1848 αὔξησις,
2536 1784 2628 1833 τοῦ
2657 1775 2813 1856 ἄρτου
2843 1782 2984 1853 αὒτῷ
3011 1779 3291 1856 γεγονότος
3337 1787 3513 1855 σῶμα,
3547 1782 3648 1836 καὶ
3695 1785 3799 1846 τῆς

412 1876 588 1947 atque
620 1867 699 1927 ita
729 1866 795 1927 ﬁt
825 1865 1063 1926 infantis
1110 1864 1547 1927 incrementum
1572 1865 1631 1924 in
1662 1864 1874 1931 virum.
1900 1882 2044 1944 pane

2134 1862 2338 1927 πόσεως
2383 1868 2543 1939 αἷμα.

415 1955 472 2018 ei
499 1955 560 2017 iu
590 1973 805 2033 corpus
838 1960 1079 2026 mutato,
1106 1961 1164 2014 et
1194 1952 1434 2032 potione
1455 1952 1515 2013 in
1546 1952 1922 2032 sanguinem.
2363 2021 2390 2042 ν

494 2042 662 2105 ACH.
700 2044 854 2103 Vera
886 2058 1199 2103 memoras.

2212 2046 2326 2101 AX.
2379 2049 2557 2101 Εοικε.

493 2133 667 2195 SAM.
700 2129 920 2191 Eodem
939 2129 1114 2190 etiam
1133 2127 1608 2207 pactointelligas
1630 2127 1759 2189 ﬁeri
1782 2135 2044 2189 nostrum

2212 2135 2320 2189 2A.
2370 2130 2575 2207 Τρόπον
2620 2131 2708 2185 τὸν
2767 2132 2924 2187 at")th
2967 2136 3055 2189 καὶ
3106 2136 3168 2190 τὸ
3224 2134 3486 2212 ἡμετέρον
3531 2133 3643 2190 νόει
3694 2155 3792 2207 μοι

416 2220 786 2300 mysterium.
820 2216 1106 2279 Sacerdos
1138 2216 1293 2277 enim
1331 2234 1539 2296 panem
1571 2235 1754 2298 super
1785 2234 2044 2278 mensam

2134 2215 2359 2292 γίνεσθαι
2443 2220 2749 2297 μυστήριον,
2836 2223 3013 2288 Τίθητι
3094 2223 3194 2300 γὰρ
3275 2223 3361 2279 ἐπὶ
3446 2221 3543 2288 τὴν
3625 2223 3790 2299 ἁγίαν

415 2317 679 2369 sanctam
710 2306 975 2386 deponit,
1023 2305 1245 2386 pariter
1274 2314 1331 2366 et
1363 2306 1561 2367 vinum
1610 2324 1623 2368 :
1670 2313 1730 2367 et
1773 2323 2044 2385 compre-

2134 2304 2391 2381 τράπεζαν
2434 2309 2461 2361 ὁ
2504 2308 2667 2384 ἱερεὺς
2708 2309 2798 2364 τὸν
2844 2307 3017 2387 ἄρτον,
3073 2313 3268 2387 ὁμοίως
3321 2313 3409 2366 καὶ
3449 2315 3539 2367 τὸν
3570 2312 3729 2367 οἶνον
3771 2328 3787 2344 ⁸

415 2396 628 2469 cando,
677 2394 1047 2456 invocatione
1095 2403 1293 2454 sancta
1344 2395 1603 2474 Spiritus
1655 2402 1892 2455 sanctus
1944 2393 2044 2456 de-

2134 2393 2221 2447 καὶ
2289 2391 2537 2469 δεομένου
2593 2394 2869 2465 ἐπικλήσει
2938 2398 3059 2476 ἁγία
3115 2401 3176 2454 τὸ
3232 2405 3443 2474 Πνεῦμα
3512 2400 3571 2455 τὸ
3625 2399 3789 2476 ἅγιον

423 2484 677 2558 scendit,
722 2494 781 2543 et
810 2482 1155 2561 supervenit
1183 2481 1244 2542 in
1271 2500 1341 2543 ea
1368 2501 1500 2562 qua
1529 2491 1668 2544 sunt
1699 2487 2002 2562 proposita
2035 2503 2044 2540 :

2134 2482 2361 2554 κάτεισι,
2405 2484 2492 2538 καὶ
2536 2482 2778 2562 ἐπιφοιτᾷ
2806 2498 2927 2549 τοῖς
2970 2488 3339 2563 προκειμένοις
3375 2505 3390 2518 ·
3423 2488 3511 2543 καὶ
3552 2495 3628 2562 τῷ
3654 2488 3786 2564 πυρὶ

422 2580 482 2635 et
511 2573 645 2649 igne
672 2590 793 2633 suae
828 2570 1170 2641 divinitatis,
1206 2571 1266 2630 in
1324 2590 1539 2651 corpus
1596 2579 1655 2633 et
1707 2571 2044 2649 sanguinem

2136 2576 2234 2636 τῆς
2266 2572 2419 2626 αὐτοῦ
2460 2572 2711 2638 θεότητος
2764 2575 2836 2635 εἷς
2895 2581 3051 2649 σῶμα
3101 2578 3191 2632 καὶ
3235 2581 3373 2652 αἷμα
3432 2584 3656 2656 Χριστοῦ
3685 2578 3786 2631 τὸν

422 2660 662 2731 Christi,
717 2677 926 2739 panem
978 2666 1038 2720 et
1089 2659 1285 2719 vinum
1333 2667 1672 2731 commutat,
1707 2678 1826 2719 non
1860 2660 2044 2720 minus

2139 2658 2289 2736 ἄρτον
2320 2660 2407 2714 καὶ
2435 2660 2523 2715 τὸν
2554 2661 2701 2716 οἶνον
2746 2660 3088 2738 μεταϐάλλει,
3121 2665 3216 2744 οὔχ
3254 2668 3412 2744 ἧττον
3452 2666 3489 2733 ἢ
3533 2669 3592 2722 τὸ
3634 2667 3786 2742 ἧπαρ

422 2766 598 2829 quam
624 2734 796 2827 jecur
824 2747 1169 2808 alimentum
1206 2750 1261 2807 in
1295 2766 1511 2827 corpus
1532 2748 1836 2826 cujusdam
1870 2746 2044 2808 homi‘

2137 2746 2237 2813 τὴν
2266 2747 2488 2827 τροφὴν,
2520 2749 2592 2812 εἷς
2623 2750 2683 2805 τὸ
2712 2756 2804 2806 τοῦ
2835 2772 2976 2815 τινος
3020 2734 3317 2831 ἂνθρωποι).
3389 2734 3447 2811 Ἦ
3491 2757 3551 2812 οὗ
3601 2753 3781 2825 δίδως,

422 2838 541 2900 υἰέ.
566 2836 654 2897 Αη
678 2854 820 2909 non,
842 2834 1082 2908 amabo,
1113 2835 1393 2896 concedis
1416 2854 1590 2916 posse
1619 2845 2044 2897 sacrosanctum

2138 2836 2185 2891 ὦ
2211 2836 2329 2908 τὰν,
2375 2832 2617 2892 δύνασθαι
2659 2838 2721 2892 τὸ
2773 2839 3032 2917 πανάγιον
3069 2848 3163 2898 τοῦ
3207 2850 3338 2899 Θεοῦ
3385 2849 3616 2922 Πνεῦμα,
3648 2841 3783 2918 ὅπερ

421 2925 528 2988 Dei
556 2924 841 3003 Spiritum
869 2924 1025 2985 idem
1053 2931 1331 3003 praestare
1362 2925 1518 3005 quod
1552 2934 1713 2984 tuum
1741 2923 1961 3004 jecur?

2138 2924 2200 2980 τὸ
2230 2925 2320 2980 σὺν
2363 2922 2572 2980 δύναται
2600 2927 2745 3005 ἧπαρ
2770 2925 3006 2986 ἐκτελεῖν
3040 2949 3056 3009 ς

499 3013 669 3077 ACH.
702 3014 993 3075 Concedo.

2220 3020 2334 3069 AX.
2372 3011 2594 3088 Δίδωμι.

500 3103 675 3166 SAM.
706 3100 829 3163 Hoc
858 3100 1037 3177 igitur
1064 3118 1278 3181 corpus
1312 3108 1371 3162 et
1411 3100 1760 3181 sanguinem
1800 3102 2044 3162 assumi-

2219 3109 2328 3162 ΣΑ.
2408 3104 2599 3159 Τούτου
2665 3103 2836 3160 τοῖνυν
2905 3107 2996 3162 τοὺ
3064 3108 3309 3182 σώματος
3376 3109 3463 3163 καὶ
3540 3107 3766 3182 α”ματος

423 3210 555 3254 mus
609 3190 671 3251 in
729 3189 1146 3251 remissionem
1206 3197 1606 3269 peccatorum,
1668 3198 1726 3250 et
1775 3189 1836 3249 in
1881 3189 2044 3249 vitam

2141 3187 2613 3266 μεταλαμϐάνομεν
2670 3193 2745 3255 εἷς
2800 3189 2981 3272 ἄφεσιν
3040 3196 3329 3273 ἁμαρτιῶν,
3373 3198 3471 3251 κωὶ
3513 3197 3585 3260 εἷς
3630 3196 3769 3266 ζωὴν

422 3288 726 3355 aeternam,
751 3277 1003 3340 Domino
1026 3284 1229 3339 nostro
1260 3277 1497 3339 dicente
1533 3299 1547 3338 :
1584 3280 1704 3352 Qui
1733 3281 2044 3340 manduca:

2139 3278 2371 3351 αἰώνιον,
2402 3285 2493 3334 τοῦ
2527 3279 2792 3337 Δεσπότου
2836 3282 2988 3355 ἡμῶν
3032 3283 3300 3360 εἰρηκότος
3333 3303 3347 3318 ⁸
3401 3304 3424 3337 α
3466 3276 3524 3342 Ὀ
3554 3287 3774 3365 τρώγων

421 3387 617 3432 meam
656 3384 919 3440 carnem,
955 3373 1013 3429 et
1030 3365 1192 3455 bibit
1219 3384 1422 3428 meum
1464 3370 1840 3447 sanguinem,
1882 3365 2044 3429 habe.

2144 3388 2242 3441 μου
2324 3368 2422 3433 τὴν
2491 3368 2678 3447 σάρκα,
2752 3370 2838 3425 καὶ
2888 3372 3049 3425 πὲνων
3117 3393 3216 3451 μου
3272 3374 3333 3428 τὸ
3405 3377 3571 3449 αἷμα,
3659 3375 3776 3455 ἔχει

419 3459 606 3521 vitam
636 3463 930 3518 aeternam
953 3456 998 3517 ί.
1027 3453 1106 3516 Iis
1135 3472 1271 3516 vero
1315 3455 1415 3534 qui
1448 3444 1780 3516 non'lacile
1812 3444 2044 3516 credunt

2140 3456 2282 3525 ζωὴν
2311 3444 2607 3513 αἰώνιον-*ιδ
2650 3466 2776 3521 Τοῖς
2833 3454 2886 3512 δὲ
2939 3444 3222 3522 δυσπειθής
3295 3444 3481 3540 ’έχουσι
3539 3444 3672 3541 πρὸς
3692 3444 3779 3519 ’τὸ

420 3544 496 3607 ob
527 3545 583 3605 id
618 3544 774 3625 quod
825 3550 1089 3624 apparet,
1141 3552 1419 3624 tanquam
1472 3562 1591 3604 non
1628 3543 1964 3631 videntibus
1994 3543 2044 3604 id

2140 3542 2476 3622 φαινόμενον,
2519 3545 2593 3607 ὡς
2636 3545 2713 3620 μὴ
2769 3544 3015 3621 βλέπουσι
3058 3549 3119 3603 τὸ
3163 3547 3454 3618 συμϐαῖνον
3496 3557 3564 3628 τῇ
3606 3551 3777 3631 ἐπαγ-

418 3633 656 3697 evenire
687 3631 840 3713 quod
874 3649 970 3693 res
996 3631 1314 3711 pollicetur
1336 3633 1729 3713 corporaliter
1750 3630 1903 3693 efﬁci
1924 3633 2044 3711 (pa-

2138 3629 2287 3720 γελίᾳ
2340 3638 2459 3688 τῶν
2529 3640 2845 3720 σωματικῶς
2902 3633 3254 3714 ἐνεργομένων
3322 3637 3503 3717 (ἄρτος
3547 3641 3646 3720 γὰρ
3689 3629 3779 3698 καὶ

418 3723 512 3784 nis
559 3721 717 3785 enim
775 3732 831 3781 et
879 3721 1076 3782 vinum
1131 3722 1437 3800 apparent)
1490 3728 1777 3801 praeterea
1832 3720 1905 3782 iis
1956 3721 2044 3802 qui

2140 3719 2287 3783 οἶνος
2344 3719 2602 3800 φαίνεται)
2648 3722 2861 3799 προσέτι
2919 3722 2975 3778 δὲ
3033 3727 3120 3781 καὶ
3187 3741 3302 3791 τοῖς
3359 3725 3594 3804 λέγουσι,
3623 3719 3628 3720 ⁷
3657 3736 3779 3795 Πῶς

416 3811 622 3874 dicunt
651 3828 664 3872 :
691 3809 815 3882 Quo
850 3817 1018 3889 pacto
1050 3810 1179 3869 ﬁeri
1212 3816 1403 3889 potest
1430 3819 1494 3871 ut
1522 3809 1711 3872 oratio
1753 3818 1811 3870 et
1845 3810 2044 3872 divina

2137 3806 2247 3863 ἐστι
2303 3806 2517 3864 δυνατὸν
2590 3809 2761 3889 οὒχὴν
2815 3814 2902 3867 καὶ
2971 3810 3240 3889 δυνάμεως
3308 3818 3448 3880 θείας
3503 3815 3780 3885 ἐπίκλησιν

415 3900 647 3961 virtutis
702 3898 992 3959 invocatio
1050 3916 1231 3977 super
1288 3916 1440 3978 pane
1480 3898 1655 3977 facta,
1702 3905 2044 3959 transmutel

2138 3896 2222 3951 ἐπὶ
2288 3902 2380 3953 τοῦ
2447 3894 2601 3975 ἄρτου
2676 3898 2967 3975 γενομένην
3043 3901 3396 3976 μεταϐάλλειν
3472 3908 3627 3964 αὐτὸν
3707 3909 3780 3971 εἷς

419 4007 553 4051 eum
582 3987 640 4047 in
669 4005 910 4048 carnem
935 3985 1148 4059 vivam,
1175 3987 1427 4064 simplex
1454 3994 1513 4048 et
1540 3986 1717 4049 unica
1742 3987 1892 4048 ratio
1917 3988 2044 4048 satis

2138 3986 2304 4063 σάρκα
2344 3992 2556 4065 ζῶσαν,
2605 3985 2796 4064 ἁγλοῦς
2849 3986 3059 4068 ἐξαρκεῖ
3100 3989 3280 4069 λόγος.
3316 3991 3779 4073 Ἀντερωτήσομεν

416 4076 551 4138 erit.
583 4077 803 4137 Contra
833 4077 991 4135 enim
1017 4073 1546 4153 interrogabimus,
1581 4093 1715 4136 cum
1746 4076 1895 4137 ratio
1920 4095 2044 4137 car-

2139 4075 2264 4151 γὰρ,
2321 4081 2412 4130 τοῦ
2467 4076 2662 4151 τρόπου
2703 4081 2801 4143 τῆς
2857 4078 2989 4133 κατὰ
3045 4079 3213 4158 σάρκα
3268 4084 3566 4158 γεννήσεως
3622 4090 3780 4140 πᾶσιν

417 4164 568 4225 nalis
590 4162 990 4243 generationis
1010 4162 1287 4224 omnibus
1302 4167 1378 4224 sit
1401 4164 1735 4244 perspicua,
1753 4166 1888 4244 quei
1913 4164 2044 4225 illud

2141 4162 2290 4225 ὄντος
2362 4162 2649 4241 προδήλου,
2728 4170 2842 4228 πῶς
2920 4162 3189 4245 ἅνθρωπος
3259 4168 3436 4227 ἐκεῖνο
3504 4173 3564 4227 τὸ
3625 4172 3781 4249 ὑγρὸν

416 4252 727 4314 humidum
761 4250 918 4331 quod
950 4250 1281 4312 infunditur
1314 4252 1384 4313 ad
1420 4252 1892 4333 procreationem
1927 4252 2044 4312 ani-

2140 4250 2360 4329 γίνεται,
2419 4254 2480 4307 τὸ
2535 4254 2607 4315 εἰς
2670 4253 2912 4332 ἂυρορμὴν
2969 4260 3069 4321 τῆς
3126 4257 3427 4320 συστάσεως
3485 4265 3577 4316 τοῦ
3644 4260 3783 4330 ζώου

417 4340 611 4419 malis,
638 4339 698 4399 in
726 4339 1029 4401 hominem
1059 4339 1463 4402 convertitur?
1487 4340 1674 4420 Atque
1709 4341 1867 4401 nulla
1889 4341 2044 4402 estin

2139 4337 2655 4415 καταϐαλλόμενον;
2742 4340 2905 4398 ’Λλλὲι
2988 4344 3095 4418 μὴν
3178 4343 3338 4408 οὐδεὶς
3425 4345 3509 4401 ἐπ’
3583 4346 3783 4408 ἐκείνου

417 4429 529 4489 hac
556 4446 623 4487 re
654 4426 825 4505 ratio,
858 4445 997 4507 quae
1018 4427 1469 4491 ratiocinatione
1521 4429 1717 4509 aliqua
1752 4429 2044 4509 probabile

2142 4425 2299 4505 λόγος
2331 4428 2493 4503 ἐστὶν,
2543 4433 2571 4485 ὁ
2623 4430 2864 4508 λογισμῷ
2912 4454 3014 4486 τινι
3071 4434 3132 4488 τὸ
3177 4434 3393 4489 πιθανὸν
3447 4433 3778 4511 ἐξευρίσκων,

418 4514 558 4597 quid
589 4514 921 4594 excogitare
950 4524 1147 4595 queat.
1181 4515 1474 4587 Quidnam
1530 4518 1690 4578 enim
1741 4536 2044 4580 commune

2143 4517 2202 4575 Τί
2244 4519 2343 4597 γὰρ
2393 4520 2567 4575 κοινὸν
2626 4518 2741 4599 ἔχει
2798 4519 2915 4599 ὅρος
2973 4520 3234 4599 ἐνθρώπου
3288 4523 3419 4599 πρὸς
3447 4522 3543 4588 τὴν
3574 4520 3781 4590 ἐκείνην

417 4604 748 4666 deﬁninitio
801 4604 1055 4690 hominis
1112 4604 1324 4666 collata
1369 4624 1503 4667 cum
1553 4606 1653 4667 illa
1680 4606 1899 4687 qualite
1931 4626 2044 4686 qua

2140 4607 2503 4686 θεωρουμένην
2586 4610 2848 4676 ποιότητα
2933 4610 3386 4690 συγκρινόμενοςς
3499 4614 3781 4690 Ανθρωπος

418 4692 704 4767 cernitur,
739 4689 961 4755 habet?
989 4690 1132 4754 Nam
1186 4694 1360 4755 homo
1407 4702 1496 4755 est
1525 4694 1763 4774 quidam
1816 4695 2044 4756 rationi:

2142 4696 2236 4771 μὲν
2266 4696 2366 4775 γὰρ
2423 4694 2635 4773 λογικόν
2692 4720 2741 4753 τι
2802 4704 2990 4777 χρῆμα
3047 4701 3134 4754 καὶ
3202 4689 3533 4765 διανοητικόν
3587 4689 3726 4756 ἔστιν
3760 4720 3774 4735 ·

418 4783 735 4863 particeps,
756 4782 929 4862 vique
945 4781 1315 4860 intelligendi
1331 4783 1637 4863 prazditum
1658 4800 1670 4845 :
1694 4783 1836 4843 illud
1861 4791 2044 4845 autem

2140 4785 2315 4841 ἐκεῖνο
2375 4783 2429 4839 δὲ
2499 4785 2553 4841 ἐν
2621 4787 2751 4863 ὑγρᾷ
2821 4810 2920 4842 τινι
2990 4791 3265 4866 θεωρεῖται
3337 4789 3606 4855 ποιότητι.
3683 4791 3782 4847 Καὶ

416 4873 477 4933 in
501 4871 743 4933 humida
762 4870 1019 4951 quodam
1042 4871 1319 4951 qualitate
1360 4871 1649 4934 cernitur.
1684 4870 1898 4951 Nilque
1927 4890 2044 4933 am-

2139 4873 2300 4930 πλέον
2365 4870 2509 4931 οὐδὶν
2590 4882 2681 4929 τοῦ
2758 4875 2874 4931 κατ’
2948 4874 3193 4942 αἶ’σθησιν
3265 4876 3530 4955 ὁρωμένου
3610 4898 3780 4935 κατα·-

419 4960 574 5040 plius
596 4979 771 5041 quam
803 4958 861 5019 id
892 4960 1048 5039 quod
1080 4978 1258 5022 sensu
1289 4960 1574 5035 cernitur,
1607 4960 2044 5040 comprehendit

2139 4957 2395 5035 λαμϐάνει
2479 4962 2512 5026 ἡ
2603 4960 2797 5023 ἔννοια,
2886 4962 3052 5019 Ἀλλᾶι
3100 4954 3248 5037 ~ﬁcit;
3300 4954 3539 5040 δυνάμει
3607 4963 3781 5022 ἐκεῖνο

416 5048 832 5128 intelligentia.
885 5048 1001 5111 Sed
1034 5048 1247 5111 virtute
1287 5049 1485 5110 divina
1522 5048 1664 5109 illud
1700 5049 2044 5109 convertitur

2142 5046 2410 5127 ἅνθρωπος
2467 5049 2662 5126 γίνετχι
2713 5067 2726 5080 ⁸
2802 5055 2867 5118 ἧς
2927 5052 3004 5126 μὴ
3076 5053 3477 5131 συμπαρούσης,
3535 5053 3781 5120 ἀκίνητόν

415 5136 479 5197 in
501 5136 804 5199 hominem
838 5154 852 5200 :
881 5156 996 5219 qua
1020 5137 1269 5213 sublata,
1297 5145 1520 5219 perstat
1548 5137 1861 5199 immotum
1889 5145 1947 5199 et
1968 5137 2044 5198 in-

2139 5137 2249 5193 ἐστι
2280 5139 2366 5194 καὶ
2415 5138 2785 5217 ἀνενέργητον.
2845 5141 2902 5196 Εἰ
2946 5140 3032 5196 οὖν
3078 5139 3193 5196 ἐκεῖ
3243 5142 3303 5197 οὒ
3350 5144 3409 5197 τὸ
3439 5142 3779 5217 ὑποκείμενον

418 5225 645 5288 efﬁcax.
679 5226 737 5290 Si
768 5225 1118 5305 igiturillic,
1164 5227 1366 5289 nonin
1388 5226 1545 5308 quod
1573 5225 1907 5306 subjectum
1941 5234 2044 5307 est,

2138 5240 2286 5284 ποιεῖ
2336 5229 2425 5283 τὶν
2502 5226 2791 5306 ἄνθρωπον,
2876 5227 2995 5283 ἀλλ’
3069 5230 3103 5296 ἡ
3182 5230 3293 5285 θεία
3362 5228 3576 5306 δύναμις
3652 5232 3780 5310 πρὸς

418 5313 721 5376 hominem
774 5315 956 5377 efﬁcit
989 5332 1004 5377 :
1040 5315 1144 5378 sed
1193 5315 1378 5379 virtus
1420 5314 1619 5379 divina
1668 5313 1950 5377 transfert
1994 5314 2044 5377 id

2137 5315 2407 5396 ἀνθρώπου
2483 5318 2634 5396 φύσιν
2731 5329 3017 5392 μεταποιεῖ
3109 5317 3170 5372 τὸ
3255 5319 3599 5397 φαινόμενον,
3648 5324 3781 5386 ⁴τῆς

2603 4960 2773 5017 ἔννοια
2784 5011 2797 5023 ,

500 5476 518 5517 ¹
549 5473 723 5552 Joan,
754 5493 837 5554 v1,
872 5477 974 5541 55.
