4050 6124
390 308 512 373 825

1554 288 1651 376 DE
1695 311 2206 393 SACRAMENTO
2246 312 2578 375 ALTARIS

3637 307 3754 372 826

392 440 635 522 ἑσχάτης
678 441 738 499 ἂν
808 441 899 510 εἴη
947 443 1354 522 ἀγνωμοσύνης,
1415 443 1530 500 ἐκεῖ
1598 445 1861 511 τοσαύτην
1910 451 2026 500 Θεοί

2122 442 2277 522 quod
2324 449 2567 523 apparet
2617 441 2677 502 in
2728 448 2992 503 naturam
3043 440 3323 514 hominis,
3357 448 3634 501 extrema)
3665 445 3757 500 est

391 537 919 610 προσμαρτυροῦντας
982 529 1225 611 δύναμιν,
1316 532 1526 588 ἀτονεϊν
1597 531 1649 589 ἐν
1733 540 1809 608 τῷ
1891 531 2036 612 μέρει

312 610 317 611 ⁷
394 619 567 693 τούτῳ
611 620 674 677 τὸ
732 627 889 677 Θεϊον
930 619 1158 695 οἴεσθαι,
1211 610 1361 699 πρὸς
1417 621 1517 689 τὴν
1560 619 1894 699 ἐκπλήρωσιν
1945 610 2035 678 τοῦ

391 706 695 783 θελήματος
705 755 719 769 .

475 804 590 858 AX.
623 794 787 854 Ἀλλᾶ
812 797 864 853 τί
890 798 1066 854 κοινὸν
1095 796 1236 877 ἄρτῳ
1261 798 1349 855 καὶ
1378 820 1530 877 σαρκι
1565 816 1581 877 ς

475 891 587 945 EA.
636 886 731 943 Καὶ
772 885 821 940 τί
848 887 1046 958 κοινὸν,
1104 884 1251 952 λέξον
1295 908 1410 962 μοι,
1455 886 1705 965 ὑγρότητι
1733 888 1822 943 καὶ
1871 888 2031 943 εἰκόνι

394 981 561 1055 Θεοῦς
610 972 757 1032 Ἀλλ’
787 974 965 1055 ὥσπερ
993 973 1138 1035 οῦδὲν
1182 976 1297 1033 ἐκεῖ
1343 978 1403 1032 τὸ
1446 974 1756 1056 παράδοξον,
1790 978 1855 1052 εἰ,
1902 984 2033 1035 Θεοῦ

356 1062 736 1144 -βουλομένου,
807 1066 939 1143 πρὸς
1006 1067 1068 1121 τὸ
1135 1066 1455 1141 τιμιώτατου
1537 1065 1671 1132 ξῶον
1737 1068 1798 1122 τὸ
1876 1067 2031 1145 ὑργὸν

389 1149 717 1228 μεταϐαίνει,
768 1152 904 1209 οὕτω
953 1155 1041 1210 καὶ
1092 1152 1176 1211 ἐπὶ
1217 1154 1387 1228 τούτῳ
1436 1156 1498 1211 τὸ
1548 1154 1667 1210 ἴσον
1698 1155 2025 1229 πιστευτέον,

389 1238 557 1315 μηδὲν
604 1242 747 1298 εἶναι
788 1243 1109 1322 θαυμαστὸν,
1159 1244 1202 1299 εἰ
1257 1243 1397 1307 θείας
1452 1241 1723 1318 δυνάμεως
1778 1244 2032 1324 παρουσίᾳ

385 1331 518 1407 πρὸς
561 1329 846 1409 ἀφθαρσίαν
877 1331 1319 1404 μετασκευάζεται
1367 1333 1395 1387 6
1438 1328 1617 1411 ἄρτος,
1655 1333 1744 1388 καὶ
1770 1332 1843 1395 εἷς
1874 1338 2029 1408 σῶμα

388 1424 615 1496 Χριστοῦ
645 1416 1054 1494 μεταϐάλλεται,

467 1513 582 1568 AX.
617 1504 766 1563 Ἀλλ’
799 1509 827 1563 6
857 1509 1079 1585 Χριστὸς
1109 1505 1196 1565 ὅτε
1236 1513 1390 1566 τοῦτο
1418 1520 1535 1572 τοῖς
1580 1512 1848 1584 μαθηταῖς
1871 1513 2030 1568 αὑτοῦ

383 1593 681 1675 παρέδωκε,
714 1594 818 1651 οὔτ’
851 1596 1007 1659 αὑτὸς
1028 1594 1230 1660 πολλὰς
1252 1596 1417 1676 εὑχὰς
1440 1601 1584 1670 εἶπε,
1610 1596 1716 1654 οὔθ’
1732 1599 1867 1673 ἡμῖν
1892 1596 2028 1655 οὕτω

381 1682 743 1762 προεπέτρεψε
814 1682 1013 1762 λέγειν,
1087 1689 1207 1748 Πῶς
1276 1685 1447 1742 τοίνυν
1518 1686 1675 1761 ὑμεῖς
1733 1688 1835 1766 οὑχ
1889 1685 2028 1744 οὕτω

385 1785 616 1851 ποιεῖτε,
650 1770 768 1828 ἀλλ’
800 1772 976 1852 εὑχῶν
1005 1771 1220 1830 πολλῶν
1254 1772 1427 1831 δεῖσθε
1465 1793 1480 1853 ;

470 1867 580 1923 EA.
627 1859 687 1919 Ὀ
731 1863 980 1941 Χριστὸς,
1035 1864 1165 1918 καθὸ
1226 1864 1378 1938 Θεὸς,
1441 1863 1616 1942 κύριος
1672 1863 1740 1930 ἦν
1793 1864 1882 1921 καὶ
1936 1873 2029 1923 τοῦ

385 1949 575 2008 ἑαυτοῦ
642 1949 888 2024 σώματος
944 1952 1032 2006 καὶ
1096 1954 1195 2017 τῆς
1252 1955 1460 2031 ψυχῆς,
1521 1955 1558 2028 ᾗ
1614 1973 1776 2031 φησιν
1844 1951 2023 2027 αὑτὸς,

386 2037 470 2094 ὅτι
530 2056 560 2097 (
635 2034 900 2103 Ἐξουσίαν
954 2036 1071 2118 ἔχω
1135 2038 1236 2105 τὴν
1290 2040 1477 2118 ψυχήν
1532 2061 1631 2115 μου
1688 2037 1885 2121 δοῦναι,
1939 2042 2027 2096 καὶ

386 2126 548 2183 πάλιν
592 2125 777 2183 λαϐεῖν
833 2128 1019 2197 αὑτήν.
1080 2146 1110 2186 )
1173 2129 1273 2185 Καὶ
1329 2128 1483 2191 αὖτὸς
1536 2128 1684 2207 φύσει
1740 2131 1872 2193 Θεὸς
1927 2128 2025 2203 ὢν,

382 2217 603 2293 ἡγίασεν
679 2216 823 2278 εὑθῦς
899 2222 968 2292 τῇ
1038 2216 1193 2275 αὑτοῦ
1244 2217 1357 2288 θείᾳ
1411 2214 1625 2292 δυνάμει
1691 2217 1776 2273 καὶ
1847 2218 2028 2297 χάριτι

382 2306 506 2362 τότε
532 2308 623 2361 τὸν
654 2304 835 2383 ἄρτον,
876 2323 906 2364 ‹
935 2305 1098 2363 Τοῦτό
1140 2304 1339 2361 ἔστιτὸ
1383 2306 1539 2381 σῶμά
1581 2329 1704 2381 μου,
1757 2328 1786 2361 ι
1840 2307 2001 2363 εἰπὼν

385 2394 532 2474 ἔχων
571 2395 663 2450 καὶ
704 2395 795 2449 τὸν
828 2393 1034 2472 Πατέρα
1077 2395 1164 2449 καὶ
1218 2396 1279 2449 τὸ
1326 2400 1539 2470 Πνεῦμα
1589 2395 1643 2451 ἐν
1686 2397 1854 2470 ἑαυτῷ
1877 2411 1894 2428 ⁸
1939 2387 2027 2453 καὶ

385 2482 554 2546 οὕτως
609 2484 702 2538 τὸν
772 2481 929 2562 ἄρτον
1009 2483 1208 2539 οἰκεῖον
1285 2489 1441 2558 σῶμα
1494 2482 1711 2552 ἐποίησε
1746 2504 1759 2517 '
1806 2485 1893 2541 καὶ
1935 2486 2030 2541 οῦκ

387 2570 563 2628 ἐδεῖτο
631 2571 810 2650 ἑτέρου
875 2572 1021 2634 τινὸς
1090 2570 1471 2652 ὑπερέχοντος,
1540 2576 1627 2630 καὶ
1699 2575 1790 2631 τὸν
1874 2572 2027 2653 ἄρτον

386 2661 700 2739 ἁγιάσοντος
735 2674 749 2689 ⁸
817 2679 846 2717 (
906 2662 977 2717 Τὸ
1026 2660 1125 2739 γὰρ
1183 2659 1397 2717 ἔλαττον
1449 2662 1549 2718 ὑπὸ
1592 2669 1681 2719 τοῦ
1736 2665 2027 2741 κρείττονος

386 2748 710 2827 εὐλογεῖται.
763 2771 791 2803 an
841 2750 1008 2811 Αὐτὸς
1051 2747 1105 2803 δὲ
1161 2751 1189 2805 6
1234 2751 1480 2831 Χριστὸς,
1539 2751 1633 2807 οὒκ
1675 2750 1906 2809 ἐλάττων
1956 2751 2028 2808 ὢν

2007 2354 2023 2386 ν

2119 530 2392 605 inscitiae,
2425 529 2547 591 illic
2578 536 2797 592 tantam
2826 537 3064 609 tamque
3095 528 3447 590 immensam
3494 527 3601 590 Dei
3644 545 3754 607 po-

2121 619 2360 681 tentiam
2392 626 2754 692 attestantes,
2790 618 3154 692 existimare,
3187 617 3286 678 hic
3316 619 3503 679 Deum
3549 615 3750 697 impo-

2117 713 2337 770 tentem
2369 706 2525 780 esse,
2548 720 2608 768 ut
2632 707 2951 788 adimpleat
2980 725 3146 768 suam
3176 705 3556 767 voluntatem.

2194 796 2372 861 ACH.
2404 795 2519 859 Sed
2552 796 2695 877 quid
2727 795 2865 876 pani
2895 811 3209 857 commune
3238 802 3301 857 et
3328 812 3461 855 cum
3495 810 3672 854 carne
3694 791 3726 853 ?

2193 884 2363 946 SAM.
2397 884 2505 946 Dic
2535 883 2703 957 mihi,
2728 903 2947 965 quzeso,
2986 884 3127 965 quid
3173 899 3490 944 commune
3519 880 3753 943 humori

2113 991 2246 1034 cum
2279 974 2533 1051 imagine
2565 973 2723 1035 Dei?
2753 973 2972 1035 Verum
3016 971 3515 1053 quemadmodum
3553 969 3632 1030 nil
3665 981 3756 1032 est

2112 1060 2235 1123 illic
2265 1080 2477 1124 novum
2509 1062 2935 1136 etinauditum,
2964 1062 3014 1122 si
3038 1063 3267 1123 volente
3288 1062 3411 1121 Deo
3443 1057 3752 1121 humidum

2114 1157 2372 1212 transeat
2424 1154 2481 1211 in
2535 1150 2752 1213 animal
2800 1150 3233 1211 nobilissimum
3269 1167 3283 1212 :
3318 1150 3399 1209 ita
3446 1147 3621 1209 etiam
3655 1147 3753 1209 hic

2113 1241 2332 1318 pariter
2359 1238 2721 1301 credendum
2756 1248 2869 1314 est,
2907 1259 3019 1301 non
3046 1257 3176 1301 esse
3198 1238 3439 1318 mirum,
3473 1237 3522 1298 si
3553 1235 3753 1297 vitulis

2111 1326 2326 1389 divinae
2362 1346 2605 1391 accessu
2629 1328 2699 1390 ad
2725 1328 3229 1391 immortalitatem
3263 1328 3431 1408 panis
3461 1335 3746 1401 transeat,

2111 1423 2170 1477 et
2196 1415 2257 1476 in
2291 1435 2505 1498 corpus
2533 1417 2751 1481 Christi
2783 1426 3183 1480 convertatur.

2189 1504 2362 1567 ACH.
2396 1505 2470 1567 At
2499 1524 2634 1568 vero
2667 1526 2801 1569 cum
2843 1507 3111 1570 Christus
3142 1506 3250 1567 boc
3288 1502 3599 1585 discipulis
3628 1502 3753 1564 suis

2111 1593 2372 1667 tradidit,
2406 1613 2524 1655 non
2553 1596 2769 1656 multas
2798 1597 3168 1677 precationes
3195 1594 3429 1672 effudit,
3456 1610 3650 1673 neque
3666 1591 3753 1652 sic

2047 1657 2088 1707 Β
2109 1698 2211 1743 vos
2252 1682 2559 1744 admonuit
2590 1657 3134 1757 dicerefQuomodo
3186 1683 3364 1762 igitur
3394 1657 3497 1743 vos
3522 1657 3640 1742 u'on
3670 1679 3754 1741 ita

2108 1770 2339 1848 facitis;
2373 1772 2492 1833 imo
2527 1773 2801 1853 precibus
2832 1773 3033 1834 multis
3062 1772 3227 1833 vobis
3255 1790 3404 1852 opus
3435 1768 3570 1832 est?

2188 1858 2361 1925 SAM.
2398 1861 2664 1923 Christus
2693 1870 2979 1943 quatenus
3002 1861 3181 1936 Deus,
3206 1860 3486 1922 dominus
3513 1864 3638 1918 erat
3659 1854 3751 1917 sui

2110 1948 2376 2027 corporis
2406 1958 2464 2011 et
2492 1951 2726 2032 animae,
2761 1960 2824 2012 ut
2855 1952 2983 2032 ipse
3011 1949 3128 2013 ait:
3159 1950 3523 2012 Potestatem
3562 1944 3747 2007 habeo

2108 2035 2300 2099 dandi
2319 2041 2583 2101 animum
2604 2058 2817 2120 meum,
2839 2049 2894 2102 et
2916 2057 3166 2102 rursum
3188 2037 3533 2118 accipiendi
3547 2032 3745 2098 eam’.

2110 2126 2255 2189 Cum
2286 2126 2465 2203 igitur
2494 2129 2624 2209 ipse
2654 2137 2861 2189 natura
2891 2138 3051 2190 esset
3076 2127 3252 2208 Deus,
3278 2126 3440 2187 illico
3476 2135 3613 2185 tunc
3639 2142 3745 2204 pa-

2111 2232 2249 2275 nem
2277 2215 2445 2279 illum
2478 2235 2586 2278 sua
2617 2218 2877 2298 potentia
2899 2217 3098 2279 divina
3118 2226 3176 2279 et
3195 2217 3386 2295 gratia
3415 2212 3750 2276 sanctiﬁca-

2111 2302 2191 2363 vit
2216 2324 2228 2363 :
2253 2304 2381 2366 Hoc
2401 2312 2487 2367 est
2508 2324 2721 2387 corpus
2746 2324 2909 2368 mum
2931 2307 2985 2381 5,
3013 2306 3243 2380 dicens,
3270 2304 3497 2366 habens
3518 2301 3749 2364 Patrem

2108 2410 2178 2454 ac
2205 2392 2489 2472 Spiritum
2521 2403 2786 2455 sanctum
2821 2395 2881 2456 in
2924 2395 3270 2475 semetipso,
3297 2393 3500 2473 sicque
3533 2407 3743 2471 panem

2108 2480 2171 2542 in
2203 2500 2420 2562 corpus
2441 2482 2741 2563 proprium
2766 2485 3091 2546 convertit:
3119 2502 3228 2545 nec
3248 2483 3363 2544 alio
3389 2480 3665 2562 quopiam
3682 2495 3748 2538 se

2112 2572 2520 2648 praestantiore
2549 2590 2699 2652 opus
2721 2572 2950 2653 habuit,
2969 2573 3070 2654 qui
3087 2572 3483 2633 sanctiﬁcaret
3504 2585 3745 2649 panem,

2112 2659 2258 2721 Nam
2283 2660 2439 2737 quod
2460 2661 2722 2738 inferius
2741 2669 2851 2734 est,
2878 2662 3251 2724 benedicitur
3283 2677 3320 2721 α
3347 2662 3663 2739 superiore
3691 2656 3745 2714 4.

2114 2745 2420 2828 Siquidem
2449 2749 2578 2829 ipse
2607 2749 2904 2823 Christus,
2938 2768 3071 2812 cum
3106 2768 3224 2811 non
3255 2748 3330 2809 sit
3362 2745 3607 2809 inferior
3635 2744 3749 2806 Pe-

385 2839 479 2896 τοῦ
533 2838 741 2916 Πατρὸς
800 2839 890 2893 καὶ
943 2844 1033 2894 τοῦ
1089 2838 1413 2913 Πνεύματος,
1467 2838 1808 2904 αὐτεξουσίως
1866 2839 2026 2897 ἐποίει

2118 2843 2203 2897 tre
2236 2843 2294 2898 et
2323 2834 2546 2917 Spiritu
2575 2849 2803 2913 sancto,
2839 2856 2944 2900 sua
2966 2838 3224 2919 potentia
3243 2836 3523 2919 quicquid
3549 2834 3744 2914 vellet,

386 2926 489 2983 ὅσα
564 2923 833 2987 ἐϐούλετο.
909 2917 967 2983 Ὀ
1023 2924 1079 2982 δέ
1132 2947 1192 3004 γε
1233 2925 1360 3006 παρ’
1413 2930 1551 3003 ἡμῖν
1614 2930 1800 3006 ἱερεὺς,
1860 2930 1905 2985 εἱ
1943 2920 2026 2984 καὶ

2118 2923 2431 2986 efﬁciebat.
2477 2925 2764 2989 Sacerdos
2793 2917 2988 2989 autem
3021 2927 3124 3007 qui
3153 2936 3242 2990 est
3263 2917 3428 3008 apud
3474 2943 3605 2998 nos,
3637 2921 3750 2984 etsi

390 3016 555 3073 τόπον
622 3013 764 3095 φέρει
834 3021 1080 3094 Χριστοῦ,
1162 3013 1281 3071 ἀλλ’
1348 3013 1615 3096 ἅνθρωπός
1691 3016 1801 3073 ἐστι
1875 3019 2026 3074 παντὶ

2118 3013 2345 3093 Chrysti
2399 3021 2604 3095 typum
2649 3023 2840 3095 gerat,
2895 3025 3089 3079 tamen
3137 3016 3314 3079 homo
3360 3023 3471 3089 est,
3506 3011 3747 3074 omnino

390 3105 570 3184 τρόπῳ
651 3103 995 3179 ὑποκείμενος
1077 3104 1355 3183 ἁμαρτίαις
1438 3107 1526 3161 καὶ
1611 3107 1972 3185 κατεχόμενος
2008 3124 2023 3138 ⁸

396 3214 421 3251 (ι
451 3191 649 3274 (Οὐδεὶς
679 3192 779 3271 γὰρ
806 3190 1200 3271 ἀναμάρτητος,
1229 3215 1256 3247 ι
1319 3195 1392 3256 ὡς
1442 3195 1504 3250 τὸ
1529 3198 1670 3252 θετον
1698 3194 1877 3273 λόγιον
1931 3195 2029 3252 κᾶν

387 3284 483 3357 μία
511 3280 621 3360 ὥρα
649 3279 788 3337 ἐστὶν
835 3281 870 3346 ἡ
900 3280 1013 3350 ζωὴ
1059 3280 1238 3355 αὑτοῦ,
1286 3303 1314 3335 ι
1364 3282 1408 3336 εί
1452 3282 1529 3357 μὴ
1561 3284 1719 3355 μόνος
1750 3286 1778 3340 6
1821 3284 1951 3347 Θεός

388 3370 472 3427 διὰ
552 3378 707 3428 τοῦτο
790 3366 959 3425 δεῖται
1048 3367 1143 3425 πο)
1155 3367 1261 3425 λῶν
1333 3371 1535 3450 εὑχῶν,
1606 3373 1693 3427 καὶ
1776 3373 2026 3453 πρότερον

388 3459 484 3534 μὲν
551 3458 681 3537 ὑπὲρ
752 3463 858 3512 τῶν
918 3457 1119 3514 οἰκείων
1202 3457 1577 3534 ἀγνοημάτων,
1667 3459 1849 3520 ἔπειτα
1922 3469 2027 3519 τῶν

381 3553 473 3604 τοῦ
505 3546 655 3625 λαοῦ,
694 3570 720 3601 ο
783 3545 855 3609 ὥς
899 3567 1057 3625 φησιν
1101 3548 1129 3601 6
1187 3545 1481 3610 ἀπόστολος
1530 3546 1756 3612 Παῦλος.
1819 3552 1912 3606 Διὸ
1939 3553 2028 3608 καὶ

384 3641 489 3699 πᾶς
536 3638 564 3691 6
611 3633 740 3697 λαὸς
781 3635 1172 3713 παριστάμενος
1225 3632 1323 3700 ἔξω
1372 3642 1464 3692 τοῦ
1512 3635 1718 3712 ἀδύτου,
1764 3652 2028 3711 συμπονεϊ

385 3726 473 3781 καὶ
501 3723 960 3802 συμπροσεύχεται
1013 3730 1089 3798 τῷ
1141 3726 1294 3800 ἱερεῖ,
1339 3723 1523 3780 Δέεται
1582 3725 1751 3781 τοίνυν
1805 3729 1833 3782 ὁ
1862 3729 2025 3806 ἱερεὺς

383 3820 476 3870 τοῦ
506 3818 637 3869 Θεοῦ
679 3812 767 3869 καὶ
809 3812 1035 3890 Πατρὸς,
1081 3813 1153 3874 ὡς
1203 3810 1364 3886 μέσον
1409 3819 1542 3871 Θεοῦ
1597 3816 1685 3870 καὶ
1740 3812 2026 3894 ἅνθρώπων

383 3902 659 3975 ἱστάμενος
711 3897 958 3978 πρέσϐυς,
1006 3900 1096 3955 ’ἕνα
1140 3900 1217 3975 μὴ
1272 3899 1492 3975 κώλυμα
1547 3901 1767 3979 γένηται
1807 3909 1904 3971 τῆς
1934 3911 2027 3961 τοῦ

384 3991 641 4067 παναγίοο
692 3988 995 4063 Πνεῦματος
1067 3988 1414 4061 ἐπελεύσεως,
1492 3988 1632 4045 ἀλλά
1699 3992 2025 4068 καταπέμψῃ

383 4078 472 4135 καὶ
500 4079 641 4140 αὖθις
696 4078 757 4132 τὸ
799 4084 1075 4156 πανταχοῦ
1131 4079 1295 4156 παρὸν
1339 4081 1482 4135 θετον
1533 4079 1621 4134 καὶ
1647 4078 2025 4160 τελεταρχικὸν

2116 3102 2406 3164 obnoxius
2420 3105 2673 3183 peccatis
2690 3114 2746 3166 et
2762 3104 3091 3168 obvinctus.
3117 3105 3329 3185 (Nemo
3358 3104 3514 3166 enim
3538 3118 3750 3182 expers

2110 3193 2362 3269 peccati,
2414 3200 2476 3253 ut
2531 3192 2771 3255 divinus
2824 3213 3021 3256 sermo
3087 3193 3307 3268 habet,
3373 3192 3512 3256 licet
3563 3190 3749 3252 unius

2112 3282 2281 3343 hora:
2303 3287 2383 3344 sit
2406 3284 2533 3345 vita
2576 3287 2710 3362 ejus
2731 3285 2785 3363 5,
2826 3282 2940 3345 nisi
2982 3284 3143 3345 solus
3181 3284 3398 3364 Deus);
3428 3285 3751 3362 propterea

2109 3371 2344 3449 indiget
2372 3373 2579 3433 multis
2622 3372 2922 3454 precibus,
2970 3381 3026 3435 ct
3058 3374 3337 3453 primum
3368 3371 3612 3453 quidem
3639 3385 3748 3448 pro

2109 3459 2476 3538 ignorantz‘is
2500 3462 2804 3541 propriis,
2844 3462 3067 3524 deinde
3094 3480 3203 3542 pro
3236 3465 3499 3542 peccatis
3533 3457 3749 3537 populi

2110 3555 2177 3607 ut
2204 3547 2288 3608 ait
2315 3548 2613 3627 apostolus
2646 3549 2857 3609 Paulus
2882 3548 2934 3612 6.
2968 3549 3257 3622 Quocirca
3301 3558 3358 3610 et
3408 3544 3600 3608 omnis
3631 3563 3742 3624 po-

2111 3636 2285 3715 pulus
2313 3645 2510 3697 astans
2539 3645 2699 3698 extra
2729 3636 2992 3717 adytum,
3043 3657 3178 3700 cum
3226 3637 3532 3699 sacerdote
3572 3651 3741 3695 com-

2110 3732 2407 3802 precatur,
2444 3742 2698 3805 eumque
2732 3725 2989 3804 adjuvat.
3019 3726 3312 3788 Sacerdos
3341 3725 3527 3797 igitur
3555 3723 3740 3785 Deum

2114 3815 2347 3875 Patrem
2369 3820 2519 3887 orat,
2542 3822 2745 3893 utpote
2768 3815 2868 3895 qui
2891 3816 2967 3875 sit
2994 3816 3153 3879 inter
3180 3815 3362 3876 Deum
3388 3827 3447 3876 et
3473 3810 3746 3874 homines

2108 3903 2459 3962 constitutus
2473 3902 2802 3983 legatus,ne
2814 3903 2954 3983 quid
2972 3900 3742 3983 intercedatimpedimenti,

2107 3990 2425 4067 quominus
2457 4002 2865 4054 sacrosanctus
2886 3993 3143 4072 Spiritus
3159 3992 3454 4063 adveniat;
3477 3992 3580 4053 sed
3606 4008 3746 4051 rur-

2109 4096 2209 4139 sus
2226 4077 2491 4140 demittat
2514 4079 2791 4159 Spiritum
2817 4081 3106 4163 dixinum,
3131 4099 3312 4144 sacrae
3335 4081 3509 4161 hujus
3545 4097 3746 4161 opera-

384 4167 471 4223 καὶ
501 4166 809 4243 ἁγιαστικὸν
839 4167 1067 4239 πνεῦμα,
1104 4163 1172 4220 δι’
1215 4168 1275 4221 οῦ
1315 4167 1381 4224 τὲι
1408 4168 1579 4223 πάντα
1621 4167 1687 4223 τά
1753 4168 1893 4225 τεέν
1930 4174 2024 4230 οὑ·-

2118 4166 2287 4228 ιίοηίε
2307 4166 2664 4229 ἰηίιίδιοτιιῐη
2689 4178 2863 4250 atque
2891 4172 3409 4246 sanctilicatorem,
3447 4170 3550 4248 qui
3583 4168 3746 4229 nullo

386 4261 550 4333 ρανῷ,
579 4254 645 4309 τά
672 4275 730 4309 τε
773 4253 857 4310 ἐπὶ
885 4259 987 4331 γῆς
1032 4253 1297 4332 λεγόμενα
1321 4254 1468 4332 ἅγια,
1530 4261 1600 4332 τῇ
1654 4264 1868 4337 μετοχῇ
1923 4264 2023 4326 τῆς

2118 4274 2227 4316 non
2272 4255 2404 4317 loco
2454 4274 2716 4337 praesens
2764 4245 2877 4331 est,
2932 4278 3037 4339 per
3075 4279 3249 4340 quem
3285 4245 3484 4320 omnia
3515 4277 3649 4339 quae
3683 4257 3746 4318 in

385 4343 699 4420 ἀγιαστικῆς
761 4344 917 4400 αὑτοῦ
983 4344 1203 4422 χάριτος
1266 4344 1557 4421 ἁγιάζεται,
1623 4346 1694 4409 εἰς
1736 4348 1797 4401 τὸ
1865 4347 2022 4403 τελε-

2118 4345 2255 4405 :(rlo
2287 4354 2344 4406 et
2384 4344 2444 4405 in
2477 4354 2654 4420 terra,
2696 4356 2902 4409 sancta
2951 4348 3255 4420 dicuntur,
3294 4348 3745 4430 participatione

384 4433 693 4510 σιουργῆσαι
769 4432 859 4487 τὸν
929 4432 1268 4509 προκείμενον
1336 4434 1408 4495 εἰς
1475 4433 1652 4489 θυσίαν
1721 4430 1878 4514 ἄρτον
1935 4438 2022 4492 καὶ

2118 4434 2235 4511 ejus
2264 4434 2684 4496 sanctiﬁrantis
2707 4438 2908 4512 gratia:
2937 4438 3397 4513 sanctiﬁcautur,
3428 4449 3489 4499 ut
3522 4456 3741 4519 propo-

382 4519 443 4573 τὸ
472 4518 751 4596 ποτήριον,
782 4520 871 4574 καὶ
923 4524 1145 4583 ποιῆσαι
1187 4519 1341 4595 αὑτὰ,
1399 4521 1524 4578 αὑτὸ
1566 4520 1741 4579 ἐκεῖνο
1792 4525 1854 4579 τὸ
1912 4534 2022 4581 Κυ-

2118 4524 2278 4584 situm
2314 4542 2527 4604 panem
2561 4533 2620 4588 et
2649 4528 2896 4589 culicem
2948 4529 3007 4589 in
3062 4529 3418 4590 sutriﬁcium
3453 4518 3742 4609 perﬁciat,

383 4607 564 4698 ριακὸν
614 4610 770 4681 σῶμα
809 4608 898 4663 καὶ
952 4610 1091 4682 αἷμα
1144 4614 1236 4664 τοῦ
1294 4614 1535 4687 Χριστοῦ.
1587 4600 1644 4666 Ὀ
1698 4612 1874 4690 Πατὴρ
1922 4613 2021 4693 γὰρ

2118 4621 2162 4673 et
2194 4631 2262 4673 ea
2281 4600 2604 4675 commutet
2634 4616 2693 4677 in
2726 4616 2871 4679 illud
2902 4618 3094 4696 ipsum
3128 4600 3500 4679 Dominicum
3528 4636 3748 4698 corpus

380 4690 657 4773 εὑδόκησε,
684 4696 809 4775 φασὶ
836 4696 901 4750 τὰ
930 4693 1053 4774 παρ’
1083 4697 1221 4771 ἡμῖν
1274 4695 1451 4775 λόγια,
1485 4700 1571 4754 καὶ
1614 4700 1642 4755 6
1688 4700 1806 4763 Υἱὸς
1850 4690 2018 4771 Eat/p-

2118 4709 2162 4763 at
2180 4704 2529 4779 sanguinem
2561 4702 2797 4767 Christi.
2823 4690 2968 4767 Nam
2999 4706 3154 4767 Patri
3178 4708 3591 4788 complacitum
3625 4690 3741 4780 est,

377 4803 537 4856 νωσε,
580 4785 669 4839 καὶ
725 4785 760 4851 ἦ
819 4783 1076 4862 Παρθένος
1133 4782 1278 4841 ἔτεκε
1335 4786 1465 4842 Θεὸν
1520 4786 2014 4866 ἐνανθρωπάσαντα,

2118 4799 2164 4851 1t
2183 4790 2344 4852 aiunt
2368 4792 2606 4855 oracula
2623 4805 2844 4869 nostra,
2872 4803 2930 4857 et
2953 4795 3132 4856 Filius
3152 4782 3456 4871 habitavit,
3479 4804 3535 4857 et
3561 4795 3747 4876 Virgo

377 4872 465 4926 καὶ
522 4873 584 4927 τὸ
642 4870 793 4948 ἅγιον
867 4878 1077 4947 Πνεῦμα
1135 4874 1466 4953 συνήργησεν
1499 4895 1514 4913 ο
1575 4876 1604 4931 ὃ
1658 4877 1746 4932 καὶ
1800 4876 1859 4934 ἐκ
1912 4885 2017 4936 τῶν

381 4960 705 5037 παρθενικῶν
774 4961 1010 5034 αἱμάτων
1084 4962 1241 5041 μέρος
1312 4959 1473 5020 λαϐὸν
1541 4962 1853 5040 ᾠκοδόμησε
1934 4970 2027 5024 τὸν

382 5049 686 5121 σωματικὸν
741 5049 864 5105 ναὸν
918 5054 1012 5105 τοῦ
1086 5056 1329 5128 Χριστοῦ.
1414 5050 1697 5109 Κάντεῦθεν
1764 5050 2026 5131 δηλοῦμεν

381 5136 472 5190 καὶ
515 5137 578 5191 τὸ
637 5135 942 5215 ἀχώριστον
996 5137 1085 5193 καὶ
1138 5136 1470 5213 ἱσοδύναμον,
1516 5140 1605 5196 καὶ
1661 5140 1888 5221 ὁμοφοὲς
1937 5147 2025 5202 καὶ

382 5221 782 5298 παντοδύναμον
835 5229 934 5291 τῆς
976 5226 1128 5303 ἁγίας
1171 5226 1413 5306 Τριάδος,
1473 5230 1517 5282 εἱ
1574 5229 1663 5284 καὶ
1706 5242 1829 5293 ταῖς
1884 5233 2023 5289 ὑπο·-

383 5311 595 5367 στάσεσι
626 5309 872 5389 διῄρηται
906 5332 921 5347 ο
967 5315 1057 5370 κιὶ
1101 5312 1183 5372 ὅτι
1242 5316 1363 5373 ἔνθα
1415 5315 1525 5372 ἐστὶ
1567 5316 1662 5391 μία
1703 5323 1810 5374 τῶν
1866 5326 2022 5397 τριῶν

384 5398 745 5476 ὑποστάσεων,
805 5401 1111 5481 ὁχωρίστως
1166 5405 1254 5462 καὶ
1312 5406 1364 5461 αἱ
1418 5403 1597 5461 λοιπαὶ
1652 5401 1739 5463 δύο
1793 5413 1863 5484 τῇ
1918 5410 2019 5490 φύ-

465 5562 496 5614 3
519 5561 689 5628 Joan.
726 5584 786 5642 x,
828 5567 916 5631 l8.
1003 5567 1030 5611 3
1058 5569 1261 5635 Matth.
1294 5588 1449 5650 xxvr,
1482 5571 1583 5635 26.

1669 5572 1700 5623 4
1728 5570 1779 5635 Π
1808 5574 1967 5640 Petr.
2003 5599 2065 5655 ιι,

2107 4879 2337 4960 peperit
2382 4880 2569 4943 Deum
2630 4883 3024 4955 incarnatum,
3087 4893 3145 4946 et
3199 4883 3453 4965 Spiritus
3502 4894 3747 4945 sanctus

2108 4979 2457 5049 cooperatus
2503 4979 2615 5047 est,
2665 4973 2766 5053 qui
2816 4990 2887 5034 ex
2933 4972 3193 5052 virgineo
3241 4974 3531 5052 sanguine
3575 4982 3742 5053 parte

2107 5068 2363 5138 sumpta,
2382 5059 2689 5122 aediﬁcavit
2714 5061 3019 5141 corporale
3050 5062 3330 5140 templum
3346 5061 3747 5126 Christi.Hinc

2106 5165 2344 5228 quoque
2364 5148 2844 5211 demonstremus
2874 5149 3432 5227 inseparabilitatem
3467 5153 3746 5230 potentiae

2106 5236 2280 5297 simul
2312 5242 2368 5297 et
2398 5245 2624 5300 naturae
2645 5238 3063 5320 aequalitatem,
3095 5239 3342 5319 insuper
3370 5240 3745 5320 omnipoten-

2109 5324 2248 5387 tiam
2278 5333 2496 5388 sancta;
2548 5326 2881 5403 Trinitatis,
2937 5326 3078 5389 licet
3126 5327 3313 5389 tribus
3352 5329 3748 5409 distinguatur

2106 5415 2377 5495 personis
2404 5432 2418 5478 :
2445 5415 2841 5497 quodqueubi
2863 5434 2981 5479 una
3001 5423 3092 5478 est
3121 5415 3298 5478 trium
3329 5435 3743 5500 personarum.

2106 5582 2202 5646 19.
2284 5584 2317 5634 5
2342 5581 2452 5645 Job
2482 5599 2602 5659 xw,
2639 5584 2671 5646 4
2706 5601 2826 5646 sec.
2860 5583 3028 5648 LXX.
3112 5584 3146 5635 6
3173 5585 3358 5649 Hebr.
3392 5603 3473 5669 1x,
3511 5588 3562 5657 7.
