4050 6124
402 289 525 356 829
1581 298 1681 360 DE
1723 293 2128 360 SACRAMEN
2133 293 2229 358 ΤΟ
2271 293 2595 358 ALTARIS
3645 281 3764 352 830

406 421 542 505 ἔστι,
613 427 701 482 καὶ
783 435 908 502 ζῶν,
979 429 1220 508 ἐνεργὴς,
1291 432 1380 487 καὶ
1447 430 1861 507 παντοδύναμος,
1949 452 2016 486 κα

2119 432 2350 508 potens,
2378 434 2437 491 et
2456 444 2819 509 quaecunque
2843 425 3025 488 voluit
3046 424 3355 499 Dominus,
3376 420 3513 484 fecit
3527 418 3754 496 omnia;

398 513 574 571 πάντα
615 512 714 572 ὅσα
742 514 1022 594 ἠθέλησεν,
1085 522 1113 575 6
1157 518 1342 598 Κύριος
1371 519 1618 587 ἐποίησεν
1653 540 1666 554 ·
1728 519 1788 576 οὗ
1829 517 2016 576 δύνατα

2123 533 2322 578 nonne
2340 523 2532 597 potest
2556 534 2767 597 panem
2789 516 2848 578 in
2871 532 3041 576 suum
3061 513 3248 594 ipsius
3269 529 3482 592 corpus
3499 517 3753 598 mutare,

395 601 493 658 τὸν
547 600 703 682 ἄρτον
761 606 835 668 εἷς
889 607 950 662 τὸ
1021 605 1156 665 ἴδιον
1221 597 1378 666 αὐτοῦ
1427 615 1583 685 σῶμα
1652 613 2013 685 μεταποιῆσαι

2123 613 2182 668 et
2202 623 2369 686 aquae
2389 613 2446 668 et
2466 604 2586 666 vini
2607 604 3083 667 commistionem
3107 602 3166 664 in
3188 600 3490 683 proprium
3518 597 3754 678 sangui-

397 691 488 747 καὶ
539 692 638 758 τὴν
692 702 788 778 τοῦ
839 692 1024 761 ὕδατος
1075 698 1164 754 καὶ
1217 695 1365 755 οἴνου
1414 704 1596 778 κρᾶσιν
1654 699 1726 761 εἰς
1784 699 1847 754 τὸ
1903 695 2016 753 ἴδιο⁴

2119 709 2256 754 nem
2276 691 2300 756 ?
2319 692 2466 755 Nam
2483 691 2982 774 quemadmodum
3002 690 3216 752 inititio
3235 687 3418 752 dixit:
3445 686 3759 778 Germinct

398 781 588 861 αἷμα,
626 803 655 836 α
691 773 782 847 ²Ως
825 784 926 863 γὰρ
968 785 1124 842 εἶπεν
1171 785 1225 842 ἐν
1272 794 1340 865 τῇ
1380 773 1528 868 ἀρχῇ
1560 802 1575 820 ⁰
1617 805 1647 846 (
1678 786 2016 854 Βλαστησᾶτιι

2119 787 2293 846 terra
2313 773 2564 846 herbam
2597 783 2847 846 viretem
2867 781 2939 857 12,
2970 788 3030 842 et
3058 798 3242 860 usque
3281 778 3372 868 in,
3397 775 3752 868 hodiernum

397 869 435 956 ᾗ
491 872 562 946 γῆ
630 869 959 950 χλοάζουσαν
1017 875 1270 950 βοτάνην,
1319 863 1361 934 -ι
1570 877 1733 956 μέχρι
1801 882 1892 932 τοῦ
1949 881 2016 931 vir

2119 869 2301 945 diem,
2322 890 2391 933 eo
2419 871 2673 952 pluviam
2698 871 2990 946 mittente,
3014 878 3172 932 terra
3191 866 3482 948 germinat
3507 863 3748 956 berbas,

396 954 580 1044 ὕοντος
626 960 782 1018 αὐτοῦ
835 959 1112 1037 βλαστάνει
1167 965 1393 1041 βοτάνας
1447 967 1482 1033 ἡ
1525 951 1620 1044 γῆ,
1643 951 2016 1044 Πῦπερασπιζο·

2116 977 2248 1038 qua;
2276 960 2381 1022 Dei
2410 951 2627 1022 auxilio
2658 961 3002 1040 protegitur,
3038 959 3286 1038 ejusque
3309 956 3479 1044 jussu
3511 951 3569 1014 id
3593 956 3749 1032 prae-4

395 1043 534 1120 μὲνη
577 1049 666 1103 καὶ
706 1049 996 1125 βιαζομὲνη
1054 1053 1154 1109 ὑπὸ
1201 1059 1298 1121 τῆς
1357 1043 1648 1117 κελεύσεως
1702 1043 1797 1110 τοῦ
1849 1059 1980 1110 Θεοῦ
2013 1069 2031 1089 ⁸

395 1132 561 1199 οὕτως
592 1135 747 1194 εἶπεν
777 1140 806 1194 6
845 1138 974 1202 Θεὸς
1021 1155 1038 1172 ⁸
1105 1161 1130 1197 ι
1191 1143 1354 1200 Τοῦτό
1409 1143 1518 1199 ἐστι
1573 1143 1636 1199 τὸ
1689 1142 1845 1218 σῶμά
1907 1163 2029 1218 μου,

390 1223 505 1301 καὶ,
565 1226 729 1284 Τοῦτό
786 1225 894 1282 ἐστι
938 1229 998 1284 τὸ
1053 1233 1192 1305 αἷμα
1259 1253 1383 1306 μου,
1442 1233 1553 1306 καὶ,
1609 1236 1773 1290 Τοῦτο
1827 1217 2032 1288 ποιεῖτε

390 1311 466 1374 εἰς
495 1311 594 1368 τὴν
625 1312 758 1388 ἐμὴν
789 1314 1084 1391 ἀνάμνησιν
1118 1337 1133 1352 ⁸
1183 1342 1210 1374 ιι
1259 1321 1346 1376 καὶ
1400 1321 1564 1397 ταύτῃ
1617 1327 1687 1397 τῇ
1717 1325 1811 1377 τοῦ
1839 1342 2032 1377 παντο-

389 1395 618 1489 δυνάμου
659 1403 934 1480 προστάξει
964 1405 1126 1486 μέχρι
1154 1413 1252 1474 τῆς
1293 1407 1449 1465 αὐτοῦ
1478 1395 1715 1489 δευτέρας
1745 1409 2029 1488 παρουσίας

389 1485 614 1564 γίνεται,
685 1491 797 1564 θείᾳ
851 1485 1093 1567 ἐπιπνοίᾲ
1160 1497 1249 1553 καὶ
1317 1485 1650 1576 ἐπιφοιτήσει
1718 1485 1832 1554 τοῦ.
1880 1498 2030 1576 ἁγίου

390 1576 721 1652 Πνεύματος.

472 1673 586 1724 AX.
620 1663 785 1725 Ἀλλὰ
813 1666 898 1726 διὰ
925 1672 976 1726 τί
1029 1670 1230 1747 μᾶλλον
1287 1675 1315 1728 6
1353 1675 1578 1753 Χριστὸς
1619 1675 1720 1731 ὑπὸ
1761 1677 1840 1750 τῴ
1896 1673 2028 1732 εἴδει

2117 1055 2272 1110 stare
2314 1052 2563 1129 cogitur,
2613 1048 2692 1110 ita
2734 1048 2962 1110 locutus
2991 1054 3082 1108 est
3107 1045 3266 1108 Deus
3299 1062 3312 1106 :
3348 1043 3475 1106 Hoc
3500 1049 3589 1104 est
3614 1058 3752 1103 cor-

2113 1153 2227 1216 pus
2277 1156 2497 1201 mcum.
2542 1137 2649 1199 Et:
2681 1140 2792 1200 Hic
2835 1144 2921 1198 est
2967 1137 3224 1218 sanguis
3271 1151 3457 1196 meus.
3491 1130 3593 1194 Et:
3622 1129 3752 1218 Hoc

2113 1226 2300 1303 facile
2327 1228 2393 1288 in
2419 1244 2617 1289 meam
2647 1227 3299 1289 commemorationem.
3329 1221 3514 1302 quue
3535 1217 3751 1283 Omni-

2114 1314 2369 1393 potentis
2400 1316 2670 1378 mandato
2701 1333 2888 1395 usque
2917 1314 2990 1375 ad
3015 1313 3144 1393 ejus
3168 1311 3495 1374 secundum
3519 1307 3746 1369 adven-

2114 1409 2237 1464 tum
2281 1405 2365 1481 ﬁt,
2419 1403 2616 1466 divina
2661 1403 3050 1485 inspiratione
3099 1409 3156 1463 et
3205 1418 3447 1463 accessu
3494 1395 3748 1479 Spiritus

2111 1492 2325 1556 sancti.

2190 1668 2359 1734 ACH.
2393 1669 2508 1734 Sed
2528 1689 2710 1754 quare
2726 1669 2994 1734 Christus
3013 1669 3124 1733 sub
3149 1667 3353 1750 specie
3375 1664 3570 1748 panis,
3595 1663 3741 1754 vini,

387 1750 547 1833 ἄρτου
574 1757 783 1814 καὶτοῦ
828 1759 998 1840 οἴνου,
1043 1764 1131 1818 καὶ
1169 1761 1376 1836 ὕδατος,
1432 1769 1526 1820 τοῦ
1580 1763 1830 1840 σώματος
1872 1767 2016 1825 αὐτοί

2109 1765 2170 1821 et
2189 1777 2358 1840 aquae
2375 1747 2636 1823 abditum
2661 1779 2832 1823 suum
2855 1777 3071 1840 corpus
3095 1766 3152 1820 et
3171 1747 3519 1837 sanguinem
3545 1752 3746 1834 potius

385 1845 749 1922 κεκρυμμένου
777 1849 865 1904 καὶ
891 1856 984 1907 τοῦ
1013 1848 1267 1926 αἵματος,
1326 1849 1750 1929 μεταλαμϐάνειν
1781 1851 2024 1932 παρέδω-

385 1952 502 2005 κεν,
535 1933 572 2000 ἢ
615 1935 717 1991 ὑπὸ
746 1935 884 2013 ἄλλῃ
912 1937 1014 2015 ὕλῃ
1051 1958 1066 2019 ς

467 2027 579 2082 ΣΑ.
613 2026 712 2082 Καὶ
741 2023 845 2093 ἤδη
875 2026 1069 2106 εἴρηκα
1098 2029 1218 2108 περὶ
1271 2030 1480 2104 τούτου,
1531 2033 1618 2087 καὶ
1664 2029 1823 2092 πάλιν
1863 2028 2020 2097 λέξω,

383 2115 533 2200 Θεοῦ,
553 2111 968 2200 ,συγκαταϐάσει
1026 2117 1114 2173 καὶ
1183 2117 1368 2198 ἆφάτῳ
1422 2119 1658 2198 προνοίᾳ,
1715 2119 1898 2200 ἀφέσει
1965 2141 2022 2176 τε

381 2199 471 2253 καὶ
513 2197 723 2265 ἀξιώσει
767 2204 839 2267 εἰς
898 2206 1041 2282 ἡμᾶς
1114 2197 1256 2263 τουτ’
1327 2207 1558 2286 ἐγένετο,
1629 2197 1722 2265 ’ίνα
1763 2197 1881 2273 τοῖς
1923 2211 2022 2276 τῆς

381 2286 588 2365 φύσεως
628 2293 922 2372 συνήθεσιν,
985 2295 1058 2358 εἷς
1127 2297 1188 2352 τὸ
1245 2309 1435 2377 φαγεῖν
1491 2299 1578 2353 καὶ
1635 2311 1781 2354 πιεῖν
1847 2295 2025 2354 διαπε-

383 2381 582 2467 ρῷμεν,
657 2380 742 2435 καὶ
799 2380 1174 2461 ἀναφερώμεθα
1236 2386 1308 2448 εἷς
1359 2386 1425 2442 τὰ
1477 2387 1606 2466 ὑπὲρ
1654 2387 1827 2467 φύσιν,
1886 2388 2024 2467 φημὶ

383 2461 450 2519 δι’
482 2466 556 2529 εἰς
585 2468 650 2522 τὰ
676 2471 794 2524 θεῖα
824 2474 1108 2551 μυστήρια.
1143 2470 1293 2530 Ἀλλ’
1325 2473 1415 2531 οὖν
1443 2474 1496 2532 ἐν
1539 2461 1679 2531 πάσι·
1697 2488 1814 2538 τοῖς
1843 2461 2021 2541 ἄλλοις

383 2551 656 2644 βρώμασιν
688 2559 716 2613 ὁ
746 2555 902 2636 ἄρτος
943 2561 1043 2628 τὴν
1096 2563 1314 2642 πρώτην
1370 2561 1563 2644 εἴληφε
1603 2563 1768 2639 τάξιν,
1826 2565 2023 2640 ὁμοίως

383 2643 482 2734 καὶ.
517 2641 573 2698 ἐν
603 2656 721 2710 τοῖς
764 2661 951 2712 ποτοῖς
1006 2652 1069 2706 τὸ
1107 2641 1244 2730 ὕδωρ
1297 2654 1385 2708 καὶ
1441 2655 1469 2709 6
1515 2641 1668 2716 οἶνος
1699 2654 2016 2734 προτερεύει.

383 2730 597 2821 Τούτοις
667 2735 860 2811 τοίνυν,
933 2739 1011 2812 τῷ
1077 2737 1220 2819 ἄρτῳ
1285 2741 1424 2821 φημὶ
1476 2743 1562 2798 καὶ
1613 2744 1690 2816 τῷ
1743 2730 1877 2815 οἵντμ
1933 2744 2021 2800 καὶ

382 2815 528 2909 ι’ἲδατι
580 2822 718 2897 ἡμῖν
773 2825 1018 2884 ἐθισθεῖσι
1080 2815 1320 2900 συζεύξας
1469 2815 1671 2909 Κύριος
1704 2830 1801 2898 τὴν
1863 2833 2020 2893 αὐτοῦ

379 2907 628 3000 θεότητα,
661 2919 730 2989 τῇ
757 2911 968 2991 δυνάμει
1025 2923 1119 2975 τοῦ
1174 2919 1411 2996 ῥήματος
1469 2921 1644 3000 αὐτοῦ,
1691 2923 1729 2997 ᾗ
1756 2921 1820 2975 τὰ
1847 2921 2017 2978 πάντα

2107 1839 2388 1912 assumen
2417 1849 2557 1911 dum
2589 1848 2851 1926 tradidit,
2872 1839 3046 1930 quam
3077 1847 3191 1908 sub
3219 1846 3336 1908 alia
3365 1839 3660 1906 materia?

2182 2027 2356 2091 SAM.
2389 2029 2474 2092 De
2504 2028 2617 2090 hoc
2646 2026 2921 2108 superius
2950 2024 3094 2102 dixi,
3112 2041 3316 2086 rursus
3334 2028 3511 2084 etiam
3534 2018 3730 2108 dictu-

2103 2133 2227 2178 rus.
2257 2117 2615 2180 Demittente
2653 2107 2807 2178 enim
2847 2134 2911 2178 se
2943 2118 3087 2192 Deo,
3121 2130 3343 2195 perque
3375 2109 3561 2191 ipsius
3588 2107 3728 2169 ine-

2105 2205 2464 2270 narrabilem
2492 2205 2946 2287 providentiam,
2971 2201 3491 2272 condonationem,
3518 2205 3577 2260 et
3599 2214 3740 2287 erga

2106 2313 2216 2356 nos
2240 2285 2671 2374 dignationem,
2703 2295 2917 2356 factum
2954 2300 3061 2368 est,
3096 2299 3158 2354 ut
3179 2308 3285 2372 per
3318 2307 3387 2352 ea
3412 2306 3546 2369 quae
3567 2285 3738 2348 nobis

2103 2402 2213 2445 usu
2260 2384 2336 2445 ad
2390 2383 2683 2447 edendum
2743 2390 2802 2443 et
2847 2381 3174 2444 bibendum
3218 2376 3530 2442 familiaria
3572 2381 3734 2456 sunt,

2104 2479 2495 2553 transeamus,
2543 2479 2603 2534 et
2651 2471 2725 2533 ad
2777 2489 2847 2533 ea
2888 2469 3268 2533 sustollamur
3310 2485 3442 2549 quae
3473 2471 3737 2528 nostram

2103 2569 2463 2644 exsuperant
2492 2568 2784 2641 naturam,
2817 2559 2877 2621 id
2910 2567 3022 2634 est,
3068 2558 3141 2620 ad
3199 2556 3476 2638 mysteria
3511 2554 3730 2644 divina.

2103 2643 2434 2722 Quinetiam
2467 2650 2625 2712 inter
2647 2648 2796 2710 alios
2825 2667 3032 2710 amnes
3061 2646 3230 2710 cibos
3260 2645 3429 2726 panis
3457 2643 3573 2707 sibi
3608 2661 3736 2724 pri-

2101 2758 2261 2800 mum
2306 2739 2501 2801 locum
2542 2737 2880 2802 vindicavit.
2924 2736 3136 2799 Itidem
3170 2744 3229 2798 et
3261 2736 3417 2796 inter
3461 2732 3736 2814 potiones

2099 2843 2250 2908 aqua
2291 2835 2351 2890 et
2383 2827 2584 2888 vinum
2631 2826 2854 2903 primas
2905 2831 3128 2890 tenent.
3175 2824 3287 2887 Hic
3313 2823 3518 2901 igitur,
3560 2839 3732 2902 pane,

2097 2914 2362 2996 inquam,
2410 2915 2547 2977 vino
2580 2921 2639 2976 et
2666 2933 2817 2995 aqua
2846 2913 3017 2978 nobis
3045 2911 3414 2988 assuefactis,
3444 2909 3758 2973 Dominus-

377 2994 439 3107 ἐκ
467 3000 560 3056 τοῦ
587 3001 665 3074 μὴ
696 3001 843 3068 ὄντος
887 3006 960 3069 εἰς
1016 3008 1079 3062 τὸ
1125 2994 1266 3064 εἶναι
1315 2994 1646 3088 παρήγαγεν,
1683 2994 1761 3107 εἰς,
1781 3011 1842 3065 τὸ
1883 3008 2016 3068 ἴδιον

2103 2994 2415 3084 conjuncta
2455 3021 2563 3066 sua
2609 3003 2936 3107 divinitate,
2986 3000 3344 3107 virtpte.sui.
3376 3000 3582 3079 Verbi,
3608 3015 3735 3102 .qua

374 3085 533 3177 αὐτοῦ
574 3095 729 3166 σῶμα
785 3093 874 3149 καὶ
933 3097 1075 3170 αἷμα
1131 3096 1263 3155 αὐτὰ
1321 3085 1665 3172 μεταϐάλλει.
1733 3085 1913 3177 "Apro;
1969 3097 2016 3155 δ’

374 3171 522 3248 ὅμως
576 3179 664 3234 καὶ
732 3180 882 3246 οἶνος
939 3171 1363 3264 παραλαϐάνεται
1423 3187 1511 3242 καὶ
1575 3171 1833 3266 φαίνεται.
1918 3188 2016 3246 Καὶ

373 3270 528 3354 τοῦτο
611 3273 688 3342 τῷ
762 3271 1080 3347 οἰκονομικῷ
1158 3274 1341 3353 τρόπῷ
1423 3275 1531 3339 καὶ.
1581 3273 2015 3354 συγκαταϐαινκῇ

374 3347 574 3446 ξωρεᾷ,
598 3354 904 3428 ἆπαιρεῖται
932 3361 1087 3436 ἡμῶν
1141 3347 1242 3430 την
1298 3363 1487 3443 φρίκην
1546 3366 1634 3420 καὶ
1662 3347 1777 3421 ’τδλθ
1825 3347 2011 3446 φόϐον)

305 3495 310 3500 .
374 3439 432 3534 ξίν
487 3443 784 3521 φρίττοντες
836 3450 1157 3528 κατείχομεν
1213 3439 1408 3526 ἂν,ἐὶ
1473 3452 1573 3520 τὴν
1620 3455 1776 3510 αὐτοῦ
1839 3439 2013 3534 ’σάρκα

371 3526 426 3618 εν
455 3537 531 3618 τῷ
580 3532 744 3601 αὐτῆς
774 3533 886 3611 ἰδίῳ
941 3526 1072 3594 εἴδει
1115 3541 1203 3596 καὶ
1244 3541 1304 3596 τὸ
1360 3543 1500 3616 αἷμα
1555 3540 1825 3598 ἐκέλευσεν
1867 3526 2011 3618 ἡμᾶς

369 3613 678 3710 λαμϐάνειν.
751 3626 889 3710 ῌρὸς
957 3627 1162 3690 τούτοις
1222 3625 1302 3708 δὲ,
1358 3613 1446 3686 καὶ
1499 3630 1566 3688 τὰ
1620 3628 1818 3710 ἔκφυλα
1881 3613 2010 3709 -έένη

365 3704 519 3779 ἡμῶν
575 3709 918 3791 σαρκοϐορίαν
991 3704 1330 3794 κατέγνωσαν
1400 3716 1489 3792 ἂν,
1567 3704 1791 3797 λέγοντα
1859 3704 2007 3788 δίκην

2097 3094 2298 3154 omnia
2327 3100 2390 3155 ut
2416 3103 2614 3156 essent
2643 3111 2714 3154 ex
2746 3092 2933 3154 nihilo
2982 3090 3278 3172 produxit,
3327 3090 3390 3152 in
3424 3089 3729 3171 proprium

2095 3200 2266 3244 suum
2297 3199 2513 3263 corpus
2535 3190 2595 3243 et
2621 3180 2970 3261 sanguinem
3001 3198 3071 3243 ea
3101 3179 3401 3244 transfert.
3421 3180 3733 3242 Verumta-

2096 3289 2231 3332 men
2254 3270 2424 3352 panis
2455 3278 2512 3332 et
2539 3270 2737 3331 vinum
2769 3277 3174 3345 assumuntur,
3209 3276 3270 3331 et
3298 3275 3604 3350 apperent.
3636 3265 3729 3328 Id-

2095 3377 2211 3439 que
2241 3357 2520 3440 prudenti
2539 3358 2979 3440 dispensatione
2995 3376 3063 3420 ac
3086 3356 3336 3438 gratuita
3365 3356 3729 3419 demissione

2094 3448 2190 3509 sui
2238 3447 2310 3509 ad
2355 3459 2588 3528 captum
2639 3455 2929 3522 nostrum,
2963 3447 3114 3509 tollit
3142 3465 3174 3508 a
3205 3445 3376 3508 nobis
3416 3446 3727 3508 horrorem

2094 3544 2269 3616 atque
2301 3544 2522 3598 metum
2549 3536 2653 3617 qui
2683 3535 2951 3598 deterriti
2998 3535 3071 3597 ab
3102 3554 3170 3597 eo
3198 3534 3647 3608 resiliissemus,
3679 3531 3731 3594 si

2094 3643 2335 3686 carnem
2365 3643 2529 3686 suam
2563 3627 2623 3686 in
2645 3643 2752 3686 sua
2781 3624 3017 3706 prapria
3045 3625 3268 3705 specie,
3289 3633 3346 3685 et
3375 3623 3723 3702 sanguinem

2081 3714 2357 3794 jussisset
2412 3732 2522 3776 nos
2577 3731 2905 3775 assumere.
2948 3713 3190 3788 Adhzec,
3225 3722 3444 3775 extera;
3489 3729 3725 3794 quoque

362 3795 555 3885 θηρίων
611 3798 756 3874 ἡμᾶς
814 3803 1128 3877 αἱμοποτεῖν
1183 3806 1270 3861 καὶ
1320 3795 1653 3885 ὠμοϐορεῖν,
1693 3809 1727 3863 ἃ
1782 3806 1867 3866 διὰ
1907 3809 2005 3876 τὴν

2102 3803 2363 3864 nationes
2393 3803 2891 3865 condemnassent
2919 3819 3026 3863 nos
3043 3801 3360 3864 voricitatis
3381 3803 3578 3864 carnis
3607 3804 3722 3863 hu-

362 3883 630 3963 ἀπιστίαν,
663 3889 820 3968 ἄρτον
854 3894 1017 3968 μόνον
1075 3896 1162 3952 καὶ
1218 3896 1366 3954 οῖνον
1422 3883 1629 3976 ὡρῶσιν
1663 3917 1678 3934 ο
1733 3901 1780 3955 οἱ
1835 3897 1889 3955 δὲ
1917 3923 2005 3956 πι-

2102 3908 2301 3968 manaa,
2327 3891 2618 3972 dicentes,
2641 3909 2749 3952 nos
2779 3909 2947 3954 more
2977 3889 3236 3952 ferarum
3269 3890 3616 3970 sanguinem
3639 3889 3727 3954 bi-

361 3975 475 4066 no‘i
503 3982 658 4052 σῶμα
694 3989 788 4038 τοῦ
830 3988 1055 4060 Χριστοῦ
1083 3985 1170 4041 καὶ
1198 3987 1339 4060 αἷμα
1367 3986 1427 4042 τὸ
1473 3975 1534 4040 ἐκ
1581 3991 1679 4054 τῆς
1737 3985 2003 4066 ἀχράντου

2102 3997 2250 4057 aere,
2277 3989 2334 4043 et
2359 3980 2599 4041 crudam
2624 3997 2863 4042 carnem
2884 3997 3091 4042 vorare
3124 3996 3139 4042 :
3173 3997 3307 4060 quae
3337 3991 3581 4060 propter
3620 3979 3720 4041 in-

360 4061 623 4140 χεόμενον
694 4066 920 4148 πλευρᾶς
954 4087 968 4102 ⁶
1030 4071 1208 4150 ὥσπερ
1263 4075 1351 4129 καὶ
1407 4073 1461 4129 ἐν
1529 4081 1606 4149 τῷ
1655 4083 1748 4133 τοῦ
1777 4061 2002 4152 ’.βαπτί-

2102 4069 2496 4132 :redulitatem
2538 4069 2728 4131 solum
2773 4087 2983 4148 panem
3031 4074 3091 4129 et
3130 4069 3329 4130 vinum
3362 4067 3713 4132 intuentur:

359 4172 560 4244 σματος
614 4153 904 4244 λουτηρίῳ
969 4163 1016 4216 οἱ
1099 4161 1314 4234 ἀπιστίᾳ
1404 4163 1782 4242 κατεχόμενοι,
1866 4162 2001 4244 ὕδωρ

2102 4158 2190 4220 ςθά
2211 4158 2419 4220 ﬁdeles
2448 4176 2666 4238 corpus
2696 4157 2912 4220 Christi
2939 4167 2998 4220 et
3026 4157 3376 4236 sanguinem
3411 4175 3479 4218 ex
3510 4157 3720 4219 incon-

356 4239 518 4329 p.de
543 4241 628 4299 ἐπὶ
670 4249 769 4312 τῆς
817 4245 1184 4329 κολυμϐήθρας
1239 4252 1430 4328 ὁρῶσιν
1463 4271 1477 4284 '
1598 4250 1678 4329 ᾐδὲ
1734 4253 1908 4309 πιστοὶ
1938 4239 1998 4310 1:6

2102 4246 2360 4308 aminato
2404 4247 2530 4327 ejus
2574 4246 2758 4307 latere
2799 4248 3072 4309 etfusum.
3115 4245 3626 4320 Quemadmodum
3659 4256 3721 4311 et

628 4331 642 4354 ‘
729 4333 757 4344 ”
1059 4323 1101 4354 ν’
1273 4323 1282 4328 ’
1391 4345 1414 4354 -
1595 4323 1620 4347 θ’
1844 4343 1860 4362 \
1978 4343 1994 4364 \

561 4353 646 4388 και
687 4351 788 4413 πορ
829 4337 917 4392 καὶ
958 4359 1165 4412 πνευμα
1219 4342 1532 4419 καθορωσιν.
1612 4350 1750 4398 Οταν
1812 4340 1866 4397 δε
1911 4364 1998 4399 και

2106 4355 2141 4396 ιι
2172 4336 2405 4398 lavacro
2434 4323 2810 4416 'baptimatis.
2866 4335 2965 4416 qui
3017 4344 3153 4397 sunt
3197 4334 3498 4410 inﬁdeles,
3532 4335 3716 4398 solam

353 4413 552 4511 ἐκεῖνοι
596 4419 822 4501 μέτοχοι
866 4424 1124 4502 γένωνται
1169 4435 1261 4484 τοῦ
1314 4429 1701 4510 βαπτίσματος,
1748 4431 1866 4487 τότε
1909 4434 1998 4488 καὶ

2102 4443 2294 4511 nquam
2334 4425 2396 4486 in
2440 4413 2669 4504 piscina
2713 4413 2950 4486 vident:
2979 4425 3187 4488 fideles
3221 4432 3443 4505 autem,
3477 4443 3712 4505 aquam,

352 4505 515 4608 αιότοὶ,
544 4508 614 4608 ,τὸ
669 4507 905 4608 βέξαιον,
941 4512 1002 4570 ἐκ
1054 4520 1146 4572 τοῦ
1167 4586 1193 4608 ﬂ
1215 4517 1463 4584 αἰσθητοῦ
1503 4505 1828 4594 λαμϐάνουσι
1867 4521 1999 4599 πρὸς

2104 4505 2302 4608 gnem,
2337 4522 2398 4577 et
2425 4512 2710 4608 Spiritum
2742 4513 3203 4608 contempla'ur.
3247 4517 3399 4608 Cum
3437 4532 3579 4608 vero
3626 4513 3714 4576 illi

349 4593 450 4685 τῂν
490 4594 716 4675 ἀόρατον
745 4598 1115 4678 ἆναγέννησιν,
1167 4590 1345 4679 "om,
1391 4605 1446 4661 εἴ
1499 4590 1586 4670 τις
1631 4606 1773 4664 ἐστιν
1827 4606 1882 4663 ἐν
1910 4590 1999 4683 ’τῷ

2102 4590 2259 4663 etiam
2300 4590 2617 4684 participes
2656 4590 3026 4685 baptismatis
3056 4601 3274 4665 fuerint
3315 4603 3534 4676 ell'ecti,
3573 4611 3716 4665 tunc

347 4680 493 4773 βδατι
522 4685 705 4764 χάρις,
758 4689 852 4744 οὒκ
880 4688 940 4746 ἐκ
979 4693 1079 4758 τῆς
1121 4693 1326 4773 φύσεώς
1357 4693 1466 4751 ἐστι
1508 4704 1599 4754 τοῦ
1626 4693 1834 4772 ὕδατος,
1864 4680 1986 4753 ἀλλἰ

2102 4691 2194 4771 psi
2235 4680 2468 4772 quopue
2511 4680 2861 4754 ﬁrmitatem
2901 4711 2970 4754 ac
3005 4691 3189 4753 robur
3240 4710 3276 4753 a
3319 4709 3383 4754 re
3436 4691 3713 4754 sensibus

347 4768 408 4826 ἐκ
431 4775 530 4840 τῆς
559 4779 652 4831 τοῦ
684 4777 985 4852 Πνεύματος
1015 4768 1320 4861 παρουσίας.
1817 4768 1826 4772 ⁷

2102 4768 2632 4860 ετοθριονευωυηι
2657 4780 2730 4843 ad
2761 4780 3117 4843 invisibilem
3169 4780 3708 4858 regenerationem.

2063 4867 2270 4951 Itaque
2299 4869 2350 4930 si
2379 4887 2494 4949 qua
2523 4875 2614 4930 est
2640 4871 2826 4949 gratia
2849 4869 2910 4931 in
2940 4886 3114 4951 aqua,
3162 4886 3280 4929 non
3321 4875 3412 4930 est
3453 4885 3521 4929 ex
3544 4885 3712 4950 aqua;

2062 4966 2294 5032 natura,
2329 4957 2432 5019 sed
2455 4956 2715 5020 adventu
2745 4956 3002 5041 Spiritus
3032 4956 3246 5018 sancti.

421 5046 556 5130 Ali:
571 5039 842 5130 Πρόδηλον
882 5041 964 5100 ὅτι
993 5045 1164 5104 πάντα
1219 5047 1413 5127 τρόπον
1467 5047 1646 5114 καλῶς
1703 5050 1978 5130 κηρύττεις

2152 5046 2328 5112 ACH.
2359 5045 2490 5110 Non
2527 5039 2936 5124 dubium'est,
2995 5048 3138 5130 quin
3185 5045 3462 5108 omnibus
3514 5045 3710 5107 modis

338 5126 701 5218 xaiStsEépxp
745 5131 812 5186 τὰ
861 5137 959 5200 τῆς
1016 5126 1261 5200 πίττεωςγ
1298 5145 1390 5197 τοῦ
1446 5145 1673 5217 Χριστοῦ
1701 5126 1986 5218 μυστήρια,

338 5217 462 5294 Περὶ
504 5219 688 5276 τούτου
752 5217 808 5275 δὲ
864 5221 1180 5301 ἀπορήσειεν
1237 5223 1299 5283 ἄν
1355 5247 1459 5302 τις,
1523 5229 1637 5290 πῶς
1695 5241 1775 5290 εῖς
1833 5217 1906 5283 ὢν
1960 5230 1988 5286 6

336 5305 464 5396 Θεὸς
508 5309 596 5364 καὶ
651 5307 713 5362 τὸ
766 5313 922 5384 σῶμα
977 5318 1069 5368 τοῦ
1113 5320 1338 5392 Χριστοῦ
1391 5313 1468 5388 ἓν,
1533 5315 1606 5379 εἰς
1659 5315 1988 5396 ἆναρίθμητα

330 5391 555 5470 σώματα
609 5396 698 5451 καὶ
763 5395 901 5476 μέρη
965 5391 1274 5479 διαιρεῖται.
1356 5400 1555 5460 Πολλοὶ
1630 5404 1696 5460 τὰ
1751 5391 1986 5484 διαιρού-

407 5548 462 5594 ¹²
487 5548 636 5616 Gen.
672 5567 717 5634 ι,
753 5556 850 5618 ll.

2071 5145 2235 5201 recte
2260 5136 2549 5218 praedices
2595 5145 2652 5198 et
2696 5155 3011 5200 recenseas
3055 5135 3330 5217 mysteria
3361 5133 3498 5197 ﬁdei
3529 5133 3707 5198 Chri-

2071 5227 2298 5290 stianae.
2329 5224 2550 5288 Verum
2582 5225 2657 5288 de
2685 5226 2794 5288 hac
2839 5244 2906 5288 re
2950 5224 3256 5305 ambigere
3304 5226 3436 5306 quis
3484 5231 3704 5306 posset,

2069 5336 2186 5398 quo
2226 5322 2398 5394 pacto
2450 5333 2583 5377 cum
2642 5315 2716 5376 sit
2761 5333 2914 5378 unus
2963 5317 3121 5379 Deus
3170 5321 3229 5376 et
3275 5331 3459 5376 unum
3491 5330 3709 5393 corpus

2071 5402 2317 5480 Chsisti,
2361 5403 2421 5464 in
2470 5403 2703 5468 inﬁnita
2739 5420 2989 5485 corpora
3037 5410 3097 5466 et
3139 5411 3338 5485 partes
3389 5400 3708 5465 dividatur.
