4050 6124
343 282 454 349 831

1226 290 1553 355 SAMONE
1592 288 1966 357 GAZENSIS
2011 293 2111 357 DE
2154 291 2485 356 SAGRAM.
2532 295 2865 358 ALTARIS

3592 281 3739 351 832'

338 416 499 480 Multi
529 427 665 481 sunt
693 437 832 497 ergo
859 419 1079 483 Christi
1114 437 1243 501 qua;
1279 419 1644 496 dividuntur,
1678 441 1753 485 an
1782 427 2006 487 unus?.

2067 446 2196 500 μενα
2226 425 2326 504 ἄρα
2357 428 2574 505 Χριστοί
2602 430 2753 502 εἰσιν,
2787 428 2823 496 ἢ
2854 431 2961 502 εἷς,
2991 428 3028 497 ἢ
3086 427 3141 484 ἐν
3184 428 3394 500 ἑκάστῳ
3423 425 3565 507 μέρει
3596 428 3717 496 εἷς,

337 509 529 570 autin
559 508 809 638 signgnlis
855 508 1118 592 partibus
1168 526 1323 572 unus
1371 519 1433 572 et.
1479 511 1639 574 idem
1698 513 1893 577 salvus
1924 522 1984 577 et

338 597 570 638 ςηιοαο..

341 597 570 658 ἰοῑθεθι·
597 597 620 657 ‘1

338 615 723 749 mlgzggi..ﬂis
744 687 1028 767 exemplis
1047 696 1178 769 quae
1196 687 1305 751 sub
1328 707 1566 752 sensum
1592 698 1649 754 et
1671 693 1976 755 materiam

338 774 582 847 cadunt,
616 774 987 837 declaramus
1009 794 1078 838 ea
1101 795 1231 858 quae
1261 787 1464 840 carent
1489 781 1755 857 materia,
1772 791 1829 843 et
1849 801 1980 863 quae

240 896 247 901 -
336 881 514 944 supra
544 871 810 925 naturam
843 873 1005 928 sunt.
1038 865 1257 928 Audiat
1304 867 1483 946 igitur
1528 870 1820 950 quispiam
1866 874 1979 935 hoc

337 952 697 1033 exemplum,
738 962 799 1015 et
829 952 1119 1032 intelligat
1149 955 1262 1016 vim
1310 957 1473 1019 verbi
1515 978 1645 1039 quae
1676 959 1735 1020 in
1768 979 1837 1022 eo
1868 961 1978 1022 ab-

2062 515 2151 570 καὶ
2180 517 2208 571 6
2239 516 2397 579 αὐτὸς
2428 522 2566 582 σῶος
2594 519 2683 575 καὶ
2713 515 3009 596 ὁλάκληρος
3043 535 3061 597 ς

2142 700 2252 749 ΣΛ.
2315 691 2409 752 Ἐκ
2462 702 2569 751 τῶν
2625 697 2886 762 αἶσθῆτών
2943 696 3030 751 καὶ
3082 692 3275 751 ὑλιτῶν
3341 691 3728 773 παραδειγμά-

2059 802 2165 837 των
2234 782 2301 837 τά
2358 780 2490 840 ἅϋλα
2557 785 2646 840 καὶ
2714 785 2781 840 τὰ
2861 784 2991 862 ὑπὲρ
3066 782 3218 862 φύσιν
3272 780 3723 857 ἀποδεικνύομεν.

2059 868 2325 927 Ἀκουέτω
2405 873 2575 930 τοίνυν
2652 873 2836 929 τούτου
2904 878 2995 929 τοῦ
3091 869 3540 950 παραδείγματος,
3621 870 3729 926 καὶ

2060 958 2245 1015 νοείτω
2305 960 2406 1026 τὴν
2463 959 2517 1015 ἐν
2574 960 2715 1034 αὖτῷ
2772 958 3205 1039 ἐγκεκρυμμένην
3268 966 3359 1016 τοῦ
3410 958 3574 1036 λόγου
3627 954 3732 1013 δύ-

2060 1068 2238 1121 ναμιν.
2302 1048 2489 1105 Θετέον
2522 1063 2536 1077 ⁶

343 1039 466 1131 dita
492 1047 605 1105 est.
629 1044 924 1131 Ponamus
962 1043 1041 1105 ita
1064 1063 1231 1107 esse:
1260 1044 1556 1126 Quispiam
1589 1048 1815 1110 habens
1842 1068 1977 1131 spe-

344 1129 541 1193 culum
566 1129 745 1193 allisit
775 1140 969 1213 terrae,
989 1141 1046 1193 et
1069 1134 1129 1195 in
1153 1134 1337 1196 multa
1370 1135 1696 1215 fragmenta
1725 1129 1976 1200 commi—

2067 1136 2148 1190 καὶ
2204 1136 2277 1199 εἷς
2319 1136 2493 1193 πολλὰ
2534 1136 2815 1213 κλάσματα
2871 1136 3192 1201 καςέκλκσεν
3228 1182 3241 1195 .
3301 1135 3355 1191 ἐν
3412 1136 3619 1209 ἑκάστῳ
3670 1132 3725 1189 δ’

344 1218 498 1292 nuit,
549 1220 610 1280 iu
660 1218 910 1300 singulis
958 1232 1157 1284 tamen
1201 1223 1546 1303 fragmentis
1584 1225 1854 1287 umbram
1889 1227 1978 1288 sui

2067 1221 2209 1299 ὅμως
2264 1224 2526 1301 κλάοματι
2583 1228 2681 1294 τὴν
2747 1226 2896 1282 σκιὰν
2954 1226 3097 1282 σώαν
3147 1248 3229 1289 τις
3273 1223 3460 1301 ὄψεται
3493 1240 3508 1254 ⁸
3571 1223 3729 1281 οὕτω

346 1308 563 1370 salvam
616 1308 750 1397 quis
794 1310 1003 1373 videre
1048 1312 1382 1392 possitzsic
1412 1314 1700 1393 intelligat
1754 1324 1985 1397 oportet

2067 1314 2253 1381 νοήσαι
2312 1314 2375 1369 ἅν
2443 1337 2524 1383 τις
2578 1317 2667 1371 καὶ
2721 1313 2781 1371 ὲκ
2834 1314 3033 1381 ταύτης
3089 1320 3188 1381 τῆς
3245 1321 3422 1387 σκιᾶς,
3466 1314 3565 1380 τὴν
3614 1317 3727 1369 τοῦ

343 1415 416 1458 ex
444 1398 554 1459 hac
575 1396 806 1487 umbra,
840 1418 1082 1461 carnem
1114 1400 1333 1463 Christi
1382 1421 1513 1464 esse
1555 1404 1777 1465 salvam
1798 1396 1983 1487 atque

2067 1408 2288 1480 Χριστοῦ
2316 1404 2483 1482 σάρκα
2528 1405 2668 1461 εἶναι
2725 1403 2867 1459 σώαν
2922 1404 3010 1459 καὶ
3054 1401 3347 1482 ὁλόκληρον
3403 1402 3458 1459 ὲν
3501 1401 3727 1474 ἑκάστῳ

341 1487 638 1575 integram
657 1486 718 1547 in
736 1506 1094 1570 unoquoque
1107 1490 1672 1573 frusto,quocunque
1690 1486 1978 1575 tempore,

2067 1488 2350 1570 κλάσματι,
2424 1490 2539 1548 καθ’
2611 1492 2750 1570 ὥραν
2834 1492 2922 1547 καὶ
3004 1492 3188 1555 ὁσάκις
3262 1493 3351 1548 καὶ
3431 1498 3725 1568 πανταχοῦ

344 1574 600 1663 quoties,
642 1584 700 1637 et
744 1575 1083 1658 ubicunque
1130 1579 1439 1658 frangitur.
1486 1574 1834 1663 Rursusque
1876 1585 1983 1645 tibi

2067 1576 2343 1654 κλωμένῳ,
2389 1581 2488 1638 Καὶ
2556 1580 2700 1644 αὖθις
2761 1577 2891 1636 λάϐε
2947 1581 3034 1636 καὶ
3089 1578 3265 1659 ἕτερον
3322 1576 3659 1658 παράδειγμα
3697 1595 3715 1608 ⁸

343 1661 500 1724 aliud
530 1664 865 1744 exemplum
894 1665 1350 1731 assume.0mne
1372 1668 1613 1731 verbum
1629 1661 1784 1751 quod
1804 1672 1980 1734 homo
2003 1683 2006 1731 ξ

2067 1672 2174 1721 Πᾶν
2230 1668 2257 1723 ὃ
2312 1689 2362 1723 τι
2420 1665 2689 1745 ἅνθρωπος
2732 1671 2879 1748 ῥημα
2936 1667 3210 1748 προφέρων
3283 1666 3450 1745 λέγει,
3521 1668 3623 1721 καὶ·
3685 1667 3720 1722 6

346 1751 700 1830 proferendo
732 1754 975 1836 emittit,
1007 1764 1066 1820 et
1108 1756 1208 1837 qui
1251 1757 1529 1837 loquitur,
1563 1758 1758 1838 ipsum
1788 1761 1976 1837 audit,

2067 1753 2228 1833 λέγων
2290 1769 2404 1812 νοεῖ
2459 1759 2587 1813 αὐτὸ
2644 1759 2732 1813 καὶ
2817 1757 3018 1827 ἀκούει,
3105 1758 3194 1813 καὶ
3263 1760 3311 1813 οἱ
3383 1753 3507 1834 παρ’
3567 1756 3720 1829 αῦτῷ

343 1845 519 1919 atque
542 1838 835 1921 intelligit,
864 1850 923 1904 et
942 1843 1041 1924 qui
1065 1844 1448 1908 circumstant
1476 1866 1489 1907 :
1521 1848 1644 1907 etsi
1669 1848 1983 1910 multisunt

2067 1843 2357 1924 ἀκούουσιν,
2433 1846 2476 1901 εἶ
2532 1847 2619 1901 καὶ
2694 1843 2883 1902 πολλοί
2959 1846 3089 1901 εἰσιν
3167 1848 3214 1901 οἱ
3285 1845 3585 1922 ἀκούοντες,
3648 1845 3718 1900 οὐ

2603 1048 2907 1128 Κάτοπτρόν
2950 1070 3029 1111 τις
3079 1048 3330 1127 ἐσχηκὼς
3377 1044 3725 1126 προσούδισε,

343 1927 442 2008 qui
466 1928 728 2006 audiant,
757 1950 874 1992 non
899 1939 1095 1995 tamen
1120 1934 1395 2010 divisum,
1419 1935 1835 2014 sedintegrum
1870 1956 1977 1998 au-

342 2014 533 2080 diunt.
559 2016 780 2079 Eodem
817 2020 993 2083 modo
1027 2024 1365 2102 ponendum
1383 2031 1547 2085 estet
1566 2026 1976 2087 aﬂirmandum

340 2103 403 2165 in
430 2124 681 2187 corpore
703 2108 941 2173 Christi.
959 2109 1108 2173 Illud
1133 2111 1353 2175 Christi
1376 2121 1815 2175 sacrosanctum
1839 2133 1976 2177 cor-

342 2212 450 2273 pus
479 2195 749 2258 assidens
783 2198 961 2281 l’atri,
1001 2202 1154 2280 apud
1195 2220 1328 2263 eum
1372 2210 1589 2265 manet.
1628 2203 1779 2276 Quin
1805 2203 1977 2265 etiam

346 2283 515 2362 panis
545 2295 929 2349 consecratus
960 2308 1064 2369 per
1091 2290 1462 2353 sacerdotem
1481 2290 1541 2351 in
1560 2308 1768 2354 verum
1800 2294 1976 2354 Chri-

342 2370 414 2431 sti
437 2390 651 2448 corpus
683 2376 1126 2440 transformatus
1150 2381 1412 2460 potentia
1434 2380 1629 2442 divina
1648 2400 1753 2462 per
1772 2400 1981 2443 acces-

341 2478 470 2547 sum
514 2466 873 2526 sacrosancti
914 2467 1189 2547 Spiritus,
1236 2468 1376 2530 licet
1416 2470 1736 2547 dividatur,
1781 2478 1979 2532 tamen

342 2546 635 2638 integrum
670 2559 727 2613 et
756 2546 979 2616 salvum
1012 2557 1073 2617 in
1104 2575 1460 2638 unoquoque
1489 2558 1673 2620 frusto
1693 2546 1974 2622 servatur:

343 2636 600 2728 utetiam
643 2642 829 2703 oratio
870 2645 999 2722 ejus
1022 2646 1124 2726 qui
1147 2636 1425 2727 loquitur,
1448 2647 1725 2709 omnibus
1752 2648 1849 2728 qui
1871 2668 1979 2710 au-

342 2724 531 2797 diunt,
574 2727 823 2817 integra,
854 2750 968 2793 uec
1002 2724 1188 2796 divisa
1220 2724 1477 2798 auditur.
1501 2738 1580 2799 lta
1613 2737 1672 2797 in
1693 2724 1981 2817 exemplis

344 2833 485 2905 quze
504 2815 613 2877 sub
652 2828 957 2899 aspectum
994 2831 1053 2883 et
1082 2841 1321 2884 sensum
1360 2824 1595 2898 cadunt,
1647 2815 1981 2905 pervicaces

342 2901 713 2985 nimiumque
735 2908 1003 2971 curiosos
1023 2911 1095 2972 ad
1118 2911 1503 2992 intelligenda
1536 2901 1663 2976 Dei-
1684 2914 1977 2994 mysteria,

2062 1929 2403 2010 διῃρημένον,
2485 1931 2606 1989 ἀλλ’
2687 1932 3006 2011 ὁλόκληρον.
3098 1935 3198 1992 Τὸν
3277 1934 3434 1989 αὒτὸν
3513 1932 3711 2011 τρόπον

2059 2020 2233 2077 θετέον
2289 2024 2377 2078 καὶ
2432 2021 2517 2078 ἐπὶ
2568 2029 2660 2079 τοῦ
2731 2023 2979 2097 σώματος
3033 2028 3125 2078 τοῦ
3168 2028 3391 2100 Χριστοῦ
3426 2039 3440 2054 ⁸
3499 2023 3561 2077 τὸ
3614 2026 3712 2076 τοῦ

2061 2115 2284 2187 Χριστοῦ
2360 2110 2616 2187 πανάγιον
2698 2117 2879 2189 σῶμα,
2966 2111 3313 2185 καθεζόμενον
3405 2111 3550 2189 παρὰ
3628 2113 3711 2183 τῷ

2061 2198 2247 2277 Πατρδ,
2321 2197 2466 2272 μένει
2523 2197 2576 2255 ἐν
2630 2199 2791 2274 αῦτῷ.
2854 2196 3018 2255 Ἀλλὰ
3067 2197 3131 2266 δὴ
3190 2201 3278 2255 καὶ
3332 2202 3360 2255 ὁ
3417 2199 3703 2277 ἱερουργού.

2063 2308 2219 2360 μενος
2272 2285 2426 2366 ἄρτος
2473 2289 2546 2349 εἰς
2599 2290 2661 2343 τὸ
2709 2287 2901 2354 ἀληθὲς
2945 2296 3037 2345 τοῦ
3080 2294 3305 2366 Χριστοῦ
3360 2294 3517 2363 σῶμα
3546 2309 3709 2362 μετα-

2062 2371 2412 2450 ϐαλλόμενος,
2497 2373 2712 2451 δυνάμει
2798 2377 2911 2447 θείᾳ
2987 2372 3054 2431 δι’
3143 2375 3531 2456 ἐπιφοιτήσεως
3611 2382 3706 2431 τοῦ

2064 2464 2319 2541 παναγίου
2391 2464 2717 2539 Πνεύματος,
2775 2464 2965 2543 καίπερ
3036 2465 3322 2543 μερίζεται,
3395 2462 3515 2521 ἀλλ’
3574 2462 3701 2520 ὁλό-

2062 2553 2259 2632 κληρον
2302 2555 2389 2609 καὶ
2435 2560 2574 2610 σῶον
2630 2554 2684 2611 ἐν
2741 2554 2948 2629 ἑκάστῳ
3001 2552 3267 2629 κλάσματι
3326 2555 3571 2635 σώζεται,
3630 2556 3704 2617 ὡς

2062 2644 2150 2699 καὶ
2235 2645 2263 2698 ὁ
2345 2641 2526 2721 λόγος,
2601 2651 2693 2701 τοῦ
2762 2641 3009 2721 λέγοντος
3087 2646 3219 2722 πρὸς
3301 2643 3505 2707 πάντας
3585 2644 3703 2709 τοὺς

2063 2733 2370 2804 ἀκούοντας,
2444 2730 2733 2809 ὁλόκληρος
2791 2733 2879 2787 καὶ
2935 2732 2993 2787 οὗ
3048 2729 3366 2810 διῃρημένος
3436 2732 3699 2796 ἀκούεται,

2064 2821 2214 2878 Οὕτω
2261 2818 2346 2876 διὰ
2394 2821 2499 2877 τῶν
2548 2823 2750 2897 ὁρατῶν
2804 2821 2893 2875 καὶ
2949 2821 3211 2886 αἰσθητῶν
3266 2818 3700 2899 παραδειγμάτων

2061 2911 2181 2974 τοὺς
2226 2910 2463 2972 ἀπειθεῖς
2516 2910 2604 2964 καὶ
2656 2907 2958 2987 περιέργους
3018 2911 3080 2965 τὸ
3126 2915 3449 2975 κατανοῆσαι
3495 2911 3559 2965 τὰ
3605 2916 3694 2965 τοῦ

341 3010 471 3070 qua;
511 3010 692 3074 supra
736 3007 1003 3059 naturam
1049 3002 1361 3075 rationem,
1402 3001 1879 3081 intelligentiam,
1924 3011 2006 3064 ett

2067 3006 2193 3055 Θεοῦ
2239 2999 2525 3077 μυστήρια,
2568 2998 2697 3074 ὑπὲρ
2752 2998 2901 3076 φύσιν
2957 2998 3045 3054 καὶ
3090 2996 3285 3091 ρλόγον,
3354 3000 3437 3053 καὶ
3493 2995 3688 3053 ἔννοιαν

342 3098 687 3171 ευριτιηοε
743 3094 901 3159 sunt,
955 3088 1324 3150 adducimus.
1381 3089 1525 3152 Cum
1586 3090 1762 3169 igitur
1815 3092 1982 3171 panis

344 3169 746 3258 Sanctiﬁcatus
767 3174 827 3235 in
861 3183 1056 3254 partes
1088 3176 1391 3254 dividitur,
1416 3178 1515 3258 qui
1539 3169 1978 3240 sacrosanctum

343 3257 560 3347 Christi
584 3278 804 3339 corpus
836 3273 951 3339 est;
969 3283 1041 3326 ne
1066 3265 1391 3346 existimes,
1414 3257 1566 3347 quod
1589 3266 1980 3346 particulatim

343 3344 677 3420 diducatur,
723 3358 822 3412 aut
859 3352 1167 3434 avellatur,
1194 3364 1291 3415 aut
1313 3344 1477 3415 more
1516 3344 1916 3415 membrorum
1949 3375 1982 3416 a

344 3452 409 3495 se
431 3436 766 3499 avulsorum
790 3438 1085 3503 dividatur
1107 3442 1635 3504 incontaminatum
1669 3442 1811 3503 itlutl
1841 3462 1980 3504 cor-

344 3541 453 3602 pus
478 3525 636 3603 (nam
681 3526 1015 3591 immortale
1058 3540 1145 3591 est
1185 3539 1242 3594 et
1280 3531 1748 3610 incorruptibile,
1786 3532 1980 3611 quod-

343 3630 457 3692 que
489 3632 788 3695 nunquam
823 3618 1122 3681 exhauriri
1163 3628 1220 3681 et
1263 3621 1532 3684 consumi
1582 3619 1979 3700 poterit):sed

343 3700 497 3789 quod
533 3703 764 3776 partitio
791 3723 859 3767 ea
891 3715 981 3770 est
1010 3708 1432 3787 accidentium,
1460 3727 1573 3789 que
1603 3708 1710 3769 sub
1741 3726 1979 3769 sensum

342 3788 558 3878 cadunt
603 3791 883 3855 duntaxat
934 3805 1065 3877 post
1118 3788 1673 3878 sanctificatiouem,
1730 3796 1801 3859 ad
1842 3795 1981 3858 ﬁdei

2062 3088 2149 3142 καὶ
2176 3087 2305 3165 ὑπὲρ
2356 3088 2500 3162 ἡμᾶς
2552 3083 2697 3161 ὄντα,
2746 3086 3032 3162 ἀνάγομεν.
3091 3083 3240 3143 Ὀταν
3294 3086 3454 3143 τοίνυν
3485 3086 3512 3140 6
3541 3086 3687 3162 ἁγια-

2063 3177 2198 3239 σθεὶς
2255 3174 2411 3254 ἄρτος
2464 3177 2536 3238 εἷς
2594 3174 2730 3254 μέρη
2802 3176 3085 3250 τέμνηται,
3164 3177 3221 3239 ὃς
3279 3175 3531 3252 πανάγιον
3598 3181 3691 3230 τοῦ

2064 3271 2289 3342 Χριστοῦ
2345 3264 2455 3321 ἐστι
2512 3270 2688 3338 σῶμα,
2756 3264 2834 3338 μὴ
2890 3263 3111 3339 νομίσῃς
3158 3262 3239 3319 ὅτι
3324 3265 3605 3341 μερίζεται,
3661 3262 3698 3330 ἢ

2064 3353 2389 3425 ἀποσπᾶται,
2435 3352 2471 3420 ἢ
2529 3351 2808 3431 διαιρεῖται
2846 3353 2907 3407 τὸ
2963 3351 3226 3430 ἄχραντον
3268 3351 3448 3408 ἐκεῖνο
3494 3356 3649 3422 σῶμα
3682 3370 3695 3383 ’

2064 3441 2319 3496 ἀθάνατον
2349 3442 2448 3520 γὰρ
2476 3443 2564 3498 καὶ
2593 3440 2849 3521 ἄφθαρτον
2896 3442 2983 3496 καὶ
3013 3438 3346 3507 ἀδαπάνητον
3382 3456 3396 3470 ·
3456 3437 3575 3495 ἀλλ’
3621 3438 3700 3495 ὅτι

2065 3530 2324 3607 μερισμάς
2381 3530 2521 3585 ἐστιν
2565 3530 2770 3592 ἐκεῖνος
2811 3532 2914 3585 τῶν
2978 3530 3236 3595 αἰσθητῶν
3291 3525 3700 3605 συμϐεϐηκότων

2065 3619 2225 3695 μόνον
2255 3620 2388 3694 μετά
2415 3620 2505 3675 τὸν
2534 3619 2822 3697 ἁγιασμὸν,
2848 3620 2979 3697 πρὸς
3022 3618 3205 3695 ῥώμην
3232 3618 3461 3681 πίστεως
3485 3619 3573 3675 καὶ
3602 3640 3702 3673 πα-

2064 3708 2310 3785 ράστασιν
2341 3710 2529 3786 ὁρατοῦ
2559 3707 2780 3781 σημείου
2823 3713 2930 3761 τῶν
2978 3705 3265 3781 μενόντων,
3312 3707 3401 3762 καὶ
3430 3703 3702 3785 ἀρραϐῶνα

2061 3796 2149 3852 καὶ
2177 3793 2380 3876 ἐφόδιον
2422 3801 2566 3867 ζωῆς
2605 3803 2699 3852 τοῦ
2728 3796 2960 3857 αἰωνίου,

342 3875 532 3938 robur
560 3887 618 3941 et
646 3875 1072 3946 exhibitionem
1123 3885 1277 3965 signi
1307 3885 1556 3948 visibilis
1593 3875 1793 3948 rerum
1837 3904 1967 3966 quae
1997 3875 2369 3965 permanent,
2402 3882 2579 3946 simul
2609 3891 2669 3945 et
2692 3882 2753 3949 in
2781 3881 3203 3961 arrhabonem,
3239 3890 3296 3945 et
3326 3883 3388 3944 in
3414 3883 3696 3946 viaticum

343 3967 622 4046 parandae
654 3971 824 4033 nonis
853 3973 983 4034 vita;
1011 3982 1269 4039 aeternae.

420 4056 596 4119 ACH.
629 4057 816 4138 Digna
847 4080 1089 4141 prorsus
1129 4074 1266 4126 sunt
1314 4066 1440 4127 haec
1477 4064 1887 4138 admiratione,
1923 4070 1982 4125 et

2141 4071 2256 4122 AX.
2343 4042 2537 4128 νΟντως
2609 4064 2880 4138 θαυμαστὲ
2950 4062 3038 4119 καὶ
3094 4060 3359 4142 παράδοξα
3410 4064 3498 4120 καὶ
3569 4063 3698 4142 ὑπέρ

343 4144 657 4235 paradoxa,
690 4148 842 4210 abba
864 4159 1051 4230 pater,
1086 4160 1145 4214 et
1174 4173 1351 4235 supra
1388 4162 1682 4227 naturam,
1717 4161 1976 4215 mentem

2067 4152 2209 4231 φύσιν
2275 4153 2366 4209 καὶ
2444 4159 2563 4209 νοῦν
2646 4152 2735 4208 καὶ
2802 4150 3002 4208 ἔννοιαν
3085 4150 3412 4232 ἀνθρωπίνην
3466 4154 3531 4207 τὰ
3596 4158 3696 4219 τῆς

342 4233 842 4323 ειτυείιοιὶοηθιη
877 4239 1190 4302 humanam
1238 4233 1559 4304 ineﬂ‘abilia
1591 4242 1871 4323 mysterin
1902 4241 2006 4318 de,

2067 4242 2286 4304 πίστεως
2353 4246 2458 4298 τῶν
2516 4245 2842 4319 Χριστιανῶν
2909 4238 3179 4318 ἀπόῤῥητα
3235 4240 3514 4319 μυστήρια,
3578 4242 3697 4296 Πά-

342 4319 980 4411 tid_e_Christianorum.
1014 4328 1205 4401 Quare
1226 4331 1329 4392 tibi
1347 4333 1566 4409 gratias
1586 4310 1716 4410 ago,
1744 4330 1898 4411 quod
1920 4310 2006 4391 et:

2067 4350 2149 4406 τερ
2192 4326 2348 4391 ἀὸἷᾶ,
2383 4310 2699 4408 Εὐχασιστῶ
2748 4326 2803 4382 δέ
2855 4349 2938 4384 σοι
2995 4326 3077 4383 ὅτι
3124 4328 3212 4384 καὶ
3263 4329 3398 4402 ἡμῖν
3428 4325 3698 4393 ἀπέδειξας

341 4408 514 4499 nobis
550 4412 884 4475 ostenderis
918 4436 1093 4495 quam
1136 4408 1559 4499 aequissimum,
1605 4408 1868 4499 planum,
1923 4427 1982 4480 et

2067 4415 2193 4495 ἄγαν
2225 4416 2589 4491 ὁμαλώτατον,
2622 4418 2711 4473 καὶ
2740 4414 2887 4472 λεῖον
2915 4413 3108 4482 ἀληθὲς
3136 4413 3330 4494 δόγμα,
3357 4416 3449 4470 τὸν
3479 4418 3701 4494 Χριστὸν

339 4497 644 4560 intellectu
673 4500 827 4563 haud
860 4503 1124 4580 difﬁcile,
1157 4497 1334 4569 simul
1364 4516 1420 4568 et
1449 4497 1649 4570 verum
1685 4523 1840 4571 esset
1869 4506 1980 4568 do-

2067 4504 2473 4582 παντοδύναμον,
2506 4508 2594 4563 καὶ
2623 4503 3008 4586 φιλάνθρωπον,
3039 4505 3129 4560 καὶ
3177 4503 3350 4571 ἀληθῆ
3399 4505 3528 4559 Θεὸν
3569 4505 3699 4562 ὁπο-

342 4603 501 4664 gma,
535 4606 650 4668 quo
689 4590 980 4653 Christum
1032 4596 1523 4675 omnipotentem,
1561 4595 1879 4674 benignum
1911 4613 1980 4657 ac

342 4692 546 4738 verum
578 4695 708 4740 esse
736 4678 921 4742 Deum
944 4680 1388 4766 demonstrasti,
1409 4703 1443 4747 a
1461 4705 1576 4767 quo
1600 4685 1976 4747 mendacium

344 4782 519 4854 quam
574 4768 915 4847 longissime
964 4771 1301 4835 submotum
1336 4782 1450 4853 est,
1494 4776 1698 4854 procul
1740 4774 1981 4854 explosa

342 4851 686 4932 imaginaria
715 4857 909 4919 omnis
953 4860 1177 4939 opinio.
1224 4851 1512 4923 Caeterum
1560 4863 1651 4923 his
1695 4851 1894 4923 sancta
1925 4872 1982 4923 et

2061 4592 2317 4668 δεικνύον,
2349 4593 2401 4661 ἐξ
2458 4598 2518 4651 οὗ
2571 4592 2903 4663 ἀπελήλαται
2962 4594 3022 4647 τὸ
3061 4589 3269 4667 ψεῦδος,
3305 4590 3612 4661 ἐξελήλαται
3642 4590 3699 4649 δὲ

2060 4686 2149 4741 καὶ
2174 4691 2320 4741 πᾶσα
2365 4686 2643 4765 φαντασία,
2693 4682 2838 4741 Ἀλλ’
2890 4680 3060 4757 ἴωμεν
3095 4700 3109 4714 ·
3163 4683 3323 4761 ἁγίως
3380 4683 3481 4761 γὰρ
3533 4689 3699 4739 ταῦτα

2060 4770 2503 4852 πεφιλοσόφηται.
2537 4772 2885 4847 Μυωπίζομεν
2937 4767 2983 4825 δ’
3037 4768 3112 4826 ἔτι
3157 4768 3380 4850 μᾶλλον,
3435 4770 3569 4850 ἐπεὶ,
3620 4773 3699 4834 ὡς

2062 4864 2188 4939 ὁρῶ,
2235 4860 2475 4918 κέκλικεν
2515 4864 2549 4929 ἠ
2593 4860 2790 4939 ἡμέρα.

346 4944 755 5025 philosophica
784 4949 1283 5011 commentatione
1315 4951 1470 5011 inter
1516 4970 1624 5012 nos
1663 4952 1969 5019 discussis,
2024 4949 2363 5011 abeundum
2396 4948 2567 5010 nobis
2597 4957 2708 5011 est.
2765 4945 3064 5027 Deinceps
3120 4945 3279 5008 enim
3334 4944 3473 5026 equi
3523 4946 3701 5008 nobis

346 5035 763 5098 exstimulandi
791 5045 930 5101 sunt
960 5037 1032 5100 ad
1062 5038 1179 5101 iter
1211 5056 1224 5101 :
1261 5059 1536 5124 namque,
1574 5040 1655 5102 uti
1685 5041 1874 5117 video,
1910 5041 2039 5102 dies
2071 5037 2128 5100 τις
2153 5039 2338 5119 vergit
2364 5038 2427 5100 in
2473 5034 2806 5119 vesperum.
3398 5040 3399 5043 “
