4050 6124
1781 459 1941 505 ANNO
1984 459 2188 506 DOMINI
2228 457 2371 503 MLVI

1072 633 1502 803 LEO
1646 632 2814 805 ACHRIDAN
2833 630 3118 801 US

1861 1130 2309 1213 NOTI'I‘IA

1189 1314 1434 1378 tFabric.
1475 1315 1755 1378 Biblioth.
1791 1315 1978 1379 Graec.
2014 1315 2109 1377 ed.
2144 1314 2374 1383 Harles,
2413 1320 2556 1374 tom.
2588 1311 2712 1393 VII,
2749 1333 2805 1393 p.
2841 1315 2976 1379 715i

489 1669 630 1743 Leo,
652 1668 1038 1748 Bulgarorum
1053 1669 1560 1750 archiepiscopus,
1587 1669 1924 1732 Latinorum
1950 1688 2087 1733 acer
2105 1669 2498 1743 adversarius,
2520 1669 2597 1730 de
2621 1669 2790 1748 cujus
2812 1665 3048 1746 scriptis
3069 1669 3290 1730 Caveus
3311 1670 3382 1731 ad
3404 1689 3477 1732 an
3499 1675 3567 1734 C.
3589 1673 3732 1734 1051
3749 1732 3765 1755 ,

408 1756 510 1836 qui
533 1764 697 1819 recte
725 1757 1131 1821 Achridenum
1162 1758 1283 1820 sive
1312 1759 1730 1821 Achrz'danum
1760 1761 2039 1840 appellat,
2076 1759 2154 1839 (ιι)
2185 1758 2527 1820 auctoritate
2556 1755 2847 1835 Sigeberti
2880 1755 3321 1819 Gemblacensis
3351 1777 3478 1837 cap.
3519 1763 3652 1835 147,
3683 1760 3770 1824 De

405 1847 799 1926 scriptoribus
815 1847 1253 1920 ecclesiasticis,
1278 1847 1413 1926 quia
1437 1848 1822 1927 Bulgarorum
1845 1848 2276 1928 archiepiscopi
2301 1847 2461 1908 circa
2484 1847 2541 1908 id
2567 1845 2851 1924 temporis
2870 1845 3347 1908 Achridesedem
3375 1848 3671 1911 habedant
3689 1849 3769 1930 (b)

409 1933 623 1996 Contra
654 1936 813 1996 hunc
844 1937 1104 1998 Leonem
1130 1935 1536 1998 Achridanum
1559 1937 1796 2018 scripsit
1824 1937 1938 1999 Leo
1960 1937 2036 1999 IX
2059 1955 2225 2017 papa.
2255 1935 2462 1998 Nullus
2482 1936 2582 1996 illo
2606 1943 2704 1996 aut
2738 1934 3015 1996 furiosior
3043 1943 3142 1994 aut
3179 1937 3535 2015 petulantior
3567 1948 3771 2001 contra

405 2021 645 2087 Latinos
665 2025 923 2104 scripsit,
949 2023 1154 2104 judice
1183 2023 1311 2086 Nic.
1339 2025 1663 2099 Comneno,
1700 2045 1809 2105 pag
1843 2028 1978 2099 185,
2006 2025 2111 2086 ubi
2141 2026 2282 2086 citat
2312 2026 2440 2102 ejus
2469 2026 2552 2087 De
2574 2026 2952 2102 processione
2982 2023 3250 2102 Spiritus
3280 2029 3481 2089 sancti
3511 2028 3668 2107 quod
3699 2046 3770 2089 ex

407 2113 532 2174 solo
555 2116 726 2176 Patre
743 2114 1047 2194 procedat,
1072 2120 1131 2176 et
1147 2113 1250 2176 lib.
1274 2133 1290 2175 ι
1312 2114 1537 2176 Contra
1559 2133 1919 2192 azymorum
1942 2133 2116 2177 usum
2139 2116 2200 2176 in
2226 2114 2293 2176 S.
2328 2114 2744 2192 Eucharistz‘a,
2768 2112 2824 2172 id
2847 2131 2976 2191 pag.
3010 2113 3141 2175 188.
3167 2112 3368 2174 Trium
3395 2115 3522 2194 ejus
3542 2116 3769 2195 Episto-

407 2198 596 2260 larum
629 2201 703 2262 da
731 2202 948 2282 azymis
997 2203 1218 2263 mentio
1265 2203 1324 2263 in
1357 2203 1644 2281 Beverigii
1675 2204 1808 2266 cod.
1846 2223 2138 2265 canonum
2171 2211 2313 2264 tom.
2348 2201 2438 2276 II;
2501 2205 2557 2262 in
2589 2201 2779 2264 Alexii
2809 2200 3068 2262 Aristeni
3099 2200 3346 2281 Synopsi
3375 2202 3767 2280 Epistolarum

407 2290 850 2363 canonicarum,
887 2290 986 2352 ubi
1013 2309 1082 2352 ex
1109 2290 1299 2370 prima
1320 2290 1482 2352 Iocus
1507 2293 1776 2368 atl‘ertur,
1805 2293 1914 2354 Dd.
1951 2292 1986 2355 3
2018 2294 2073 2355 b.
2109 2293 2196 2354 Ex
2227 2291 2474 2372 epistola
2505 2290 2696 2371 prima
2733 2297 2786 2349 et
2821 2288 2991 2350 tertia
3021 2290 3196 2350 etiam
3229 2290 3472 2352 Allatius
3507 2295 3594 2355 De
3623 2312 3767 2356 con-

406 2394 609 2450 sensu,
657 2397 789 2458 pag.
823 2380 978 2442 1163
1010 2386 1067 2439 et
1117 2379 1289 2441 1167.
1324 2378 1579 2458 Epistola
1623 2380 1696 2440 ad
1724 2379 2040 2461 Joannem,
2084 2379 2449 2441 Tranensem
2482 2379 2542 2439 in
2573 2379 2781 2459 Apulia
2833 2377 3200 2457 episcopum,
3255 2381 3566 2460 acerrima,
3599 2401 3773 2462 quam

409 2482 507 2526 an.
540 2468 690 2527 1053
706 2468 986 2528 adversus
1008 2469 1246 2528 Latinos
1276 2467 1534 2547 scripsit,
1561 2475 1751 2530 exstat
1781 2487 1847 2530 ex
1872 2468 2179 2531 Humberti
2213 2467 2413 2546 Legati
2437 2468 2710 2529 versione
2743 2465 2948 2528 Latina
2976 2467 3128 2546 apud
3160 2468 3481 2528 Baronium
3513 2470 3584 2530 ad
3607 2470 3774 2532 illum

406 2573 648 2630 annum,
684 2575 744 2616 η.
779 2557 854 2616 23
885 2574 1011 2635 seq.
1045 2574 1177 2616 cum
1211 2555 1422 2618 Léonis
1453 2555 1543 2631 IX,
1582 2577 1766 2636 papae,
1804 2557 2065 2638 Epistola
2093 2556 2377 2622 Cerularii
2404 2565 2460 2616 et
2490 2555 2664 2635 hujus
2687 2554 2902 2617 Leonis
2933 2553 3231 2626 inauditis,
3258 2565 3319 2615 ut
3347 2556 3448 2631 ait,
3477 2577 3768 2637 praesum-

408 2643 708 2722 ptionibus
737 2646 1026 2725 opposita,
1057 2663 1187 2724 quae
1216 2652 1400 2706 exstat
1432 2645 1605 2706 etiam
1639 2647 1698 2707 in
1733 2648 1907 2707 tomis
1937 2646 2366 2719 Conciliorum,
2403 2653 2550 2708 tom.
2588 2644 2656 2706 IX
2680 2643 2921 2718 Labbei,
2950 2662 3080 2722 pag.
3107 2645 3247 2717 949,
3277 2653 3335 2704 et
3359 2653 3501 2706 tom.
3527 2645 3774 2708 VIHar-

409 2732 575 2792 duini
609 2753 665 2812 p.
700 2733 840 2796 927.
875 2734 1152 2806 (FABch
1188 2768 1263 2778 -—
1294 2731 1358 2793 In
1392 2733 1565 2796 codd.
1600 2739 1760 2798 Mon.
1790 2737 1998 2798 Bavar.
2022 2735 2210 2797 11291
2239 2733 2370 2814 113,
2397 2733 2611 2795 Leonis
2633 2733 2899 2812 archiep.
2927 2731 3236 2812 Bulgariae,
3263 2733 3523 2812 Epistola
3544 2735 3618 2798 de
3641 2755 3775 2817 azy-

408 2820 521 2880 mis
556 2831 612 2883 et
640 2820 908 2883 Sabbatis
942 2821 1121 2882 missa
1148 2821 1219 2882 ad
1253 2823 1569 2899 quemdam
1599 2822 1772 2885 Rom.
1809 2825 2170 2904 pontiﬁcem.
2205 2824 2347 2896 (Cat.
2379 2820 2553 2884 codd.
2586 2823 2688 2882 Gr.
2717 2841 2846 2901 pag.
2880 2822 2957 2882 43
2981 2832 3040 2883 et
3069 2823 3192 2893 44.)
3219 2856 3281 2866 -
3308 2822 3532 2885 Eadem
3555 2824 3614 2885 in
3636 2826 3773 2895 cod,

409 2908 598 2973 Paris.
635 2911 813 2985 1315,
849 2928 909 2970 n.
943 2911 1003 2983 2,
1038 2908 1183 2970 bibl.
1221 2909 1383 2988 pub].
1419 2946 1486 2956 —
1522 2909 1889 2973 Vindobonaa
1918 2913 1975 2973 in
2006 2911 2144 2973 dod.
2180 2911 2318 2984 157,
2351 2929 2411 2971 n.
2447 2910 2544 2986 18,
2568 2908 2854 2990 Excerpta
2876 2928 2945 2971 ex
2965 2908 3179 2970 Leonis
3201 2912 3605 2991 metropolitaa,
3633 2912 3774 2974 alio-

407 3013 657 3078 rumque
685 2997 1024 3060 Graacorum
1070 2996 1347 3075 scriptor.
1395 2997 1672 3078 operibus
1721 3007 1924 3061 contra
1957 2999 2191 3062 Latinos
2235 2999 2309 3060 de
2342 2997 2718 3077 processione
2751 2997 3007 3078 Spiri'us
3056 2997 3265 3078 sancti,
3300 3001 3375 3060 de
3424 3001 3661 3081 azymis,
3695 3001 3771 3062 de

387 3083 658 3166 jejunio,
695 3085 988 3166 Sabbatis,
1022 3092 1136 3147 etc.
1170 3084 1469 3162 (Lambec.
1521 3085 1852 3149 Comment.
1885 3088 1995 3151 vol.
2030 3088 2130 3161 IV,
2164 3107 2220 3166 ῃ.
2277 3087 2448 3164 339.)
2482 3122 2549 3133 -
2586 3085 2649 3147 In
2683 3089 2814 3148 cod.
2851 3086 3134 3147 Escorial.
3186 3088 3518 3150 membran.
3559 3089 3776 3150 Leonis

408 3173 672 3253 archiep.
699 3173 1012 3251 Bulgaria},
1033 3172 1308 3253 Epistolae
1334 3182 1451 3236 tres
1479 3173 1552 3234 de
1572 3175 1746 3235 annis
1774 3184 1829 3237 et
1853 3175 2145 3238 Sabbatis.
2171 3174 2314 3235 Item
2341 3173 2415 3235 de
2431 3173 2836 3254 designatione
2873 3182 2930 3236 et
2945 3173 3242 3254 suffragio,
3268 3177 3581 3254 electione,
3617 3186 3770 3239 statu

410 3267 471 3320 et
515 3263 834 3343 privilegiis
866 3261 1370 3341 metropolitarum
1423 3262 2026 3344 archiepiscoporum.
2063 3266 2137 3327 Et
2175 3264 2249 3326 de
2280 3266 2554 3325 universo
2611 3263 3011 3326 ecclesiastico
3061 3271 3215 3325 statu
3246 3275 3306 3326 et
3337 3267 3570 3343 ordine,
3622 3274 3772 3328 teste

408 3348 621 3413 Pluero
651 3353 710 3414 in
745 3352 953 3416 Itincr.
982 3369 1096 3432 per
1123 3349 1385 3430 Hispan.
1422 3370 1482 3430 p.
1520 3353 1654 3416 179.
1687 3351 1934 3435 t_HARL.)

493 3572 582 3666 ta)
613 3572 729 3663 Leo
779 3571 1188 3666 Ach-ridaaus,
1218 3589 1277 3666 ha
1327 3573 1578 3666 Leone,“
1601 3573 2050 3666 archiepiscopo
2215 3573 2299 3654 (b)
2322 3573 2480 3666 .Vile
2510 3572 2998 3666 Dissertatiqnfem
3029 3570 3313 3666 operibus
3342 3569 3768 3652 Theopbylacti

409 3650 718 3794 Bulgagizgl,
745 3653 922 3794 n‘ilaled
953 3651 1334 3793 distinguitur
1361 3651 1422 3712 in
1451 3650 1656 3717 Indice
1701 3650 2049 3717 Nesseliano
2135 3650 2521 3734 praamissam,
2560 3663 2700 3717 tom.
2736 3651 2990 3716 CXXIII.
3029 3650 3191 3716 Emr.
3229 3654 3404 3715 Pars.

409 3748 554 3792 mss.
627 3752 648 3792 ι
719 3782 732 3794 .
821 3751 882 3793 ω
928 3751 961 3793 o
1013 3781 1026 3794 .

409 3748 554 3792 mss.
587 3748 732 3796 DIDI.
779 3748 809 3794 ν
821 3748 1026 3795 ιηαοι).

984 4200 1565 4370 LEON
1583 4195 1782 4367 IS
1932 4197 3100 4370 AGHRIDAN
3115 4197 3190 4366 Ι

1827 4504 2358 4594 EPISTOLA

717 4736 901 4842 AD
985 4733 1646 4846 JOANNEM
1741 4653 2515 4848 EPISCOPUM
2601 4735 3458 4847 TRANENSEM

1808 4965 2058 5050 (Scripta
2082 4985 2137 5031 a.
2173 4967 2382 5046 1053.)

492 5322 680 5404 Hujus
710 5324 991 5406 epistolae,
1026 5326 1244 5390 Latine
1276 5344 1344 5388 ex
1372 5323 1686 5388 Humberti
1713 5324 2030 5387 cardinalis
2056 5325 2334 5388 versione
2362 5326 2516 5407 apud
2545 5325 2865 5390 Baronium
2883 5332 2942 5389 et
2969 5322 3263 5388 Canisium
3281 5317 3478 5398 editae,
3499 5318 3770 5384 Graacum

417 5424 637 5480 textum
669 5415 929 5479 nondum
962 5417 1257 5496 vulgatum
1289 5435 1358 5478 ex
1389 5416 1522 5479 cod.
1553 5415 1781 5478 Monac.
1813 5417 1931 5480 286
1960 5417 2150 5480 chart.
2184 5435 2320 5478 saec.
2353 5434 2453 5492 xv,
2487 5417 2532 5478 f.
2563 5419 2704 5494 277,
2743 5415 3052 5498 exscripsit
3069 5410 3450 5477 etnobiscum
3473 5409 3775 5473 humanis-

420 5507 573 5570 sime
602 5506 1058 5570 communicavit
1085 5509 1160 5571 Dr
1187 5508 1235 5570 J.
1270 5505 1751 5586 Hergenrcether,
1787 5505 1850 5568 in
1881 5504 2278 5569 Universitate
2298 5505 2786 5586 Wirceburgensi
2806 5505 3132 5587 professor.
3154 5501 3460 5567 Michaelis
3481 5499 3773 5566 Cerularii

414 5614 632 5659 nomen
661 5595 726 5658 in
752 5595 1139 5678 inscriptione
1167 5594 1401 5677 penitus
1424 5594 1612 5657 deest.
