4050 6124
497 204 615 270 843
1748 202 2075 268 NICETAS
2115 201 2609 266 PECTORATUS
3766 204 3889 269 844

499 337 793 402 custodias
840 335 1232 400 Sabbatorum
1281 335 1554 417 projicite
1597 334 1833 396 miseris
1881 334 2131 411 Judaeis;

2224 336 2477 405 καθολική
2538 336 2825 416 Ἐκκλησμ
2899 336 3103 404 ἐδέξατο
3168 341 3255 396 καὶ
3324 339 3575 419 φυλάττει
3643 338 3885 404 εὗσεϐῶς

495 427 773 490 similiter
799 433 857 489 et
883 426 1175 487 suﬂ‘ocata
1203 424 1476 487 barbaris
1505 424 1801 504 gentibus,
1841 433 1906 486 ut
1937 425 2131 486 fiamus

2230 428 2325 483 Καὶ
2393 429 2547 502 ὑμεῖς
2618 428 2705 483 οὖν
2762 427 3165 507 διορθωσάμενοι
3226 427 3448 493 εὖσεϐῶς
3525 428 3829 509 φυλάττετε
3867 450 3881 462 ’

494 518 629 599 puri
648 517 709 577 in
737 523 899 577 recta
917 524 975 589 et
994 514 1370 576 immaculata
1395 513 1512 575 ﬁde
1528 561 1543 587 ,
1562 522 1620 574 et
1641 531 1793 573 unus
1814 531 1950 592 grex
1969 513 2131 574 unius

2225 515 2290 569 τὰ
2319 512 2371 570 δὲ
2404 516 2569 591 ἄζυμα
2624 519 2712 573 καὶ
2764 519 2862 583 τὴν
2920 517 3158 596 φυλακὴν
3213 523 3317 573 τῶν
3373 516 3664 574 Σαϐϐάτων
3696 517 3883 595 ἆποῤ-

499 605 751 687 pastoris
767 604 1006 667 Christi.
1022 604 1202 682 Cujus
1218 603 1278 664 in
1296 621 1471 664 cruce
1492 602 1690 664 divino
1715 602 2004 679 sanguine
2020 602 2131 663 ine-

2226 604 2408 679 ῥῖψατε
2476 619 2592 668 τοῖς
2645 605 2815 668 ἀθέοις
2882 604 3175 686 Ἰουδαίοις,
3243 607 3439 682 ὁμοίως
3496 608 3583 663 καὶ
3640 609 3710 663 τὰ
3770 613 3881 662 τῶν

498 692 676 755 briati
721 693 1029 755 laudamus
1076 692 1207 773 puri
1239 711 1389 772 pure
1420 695 1679 763 Patrem,
1725 700 1784 752 et
1814 690 2052 766 Filium,
2088 705 2131 755 el

2225 699 2455 749 πνικτῶν
2495 708 2614 756 τοῖς
2666 694 2902 757 ἀπίστοις
2964 692 3086 773 (37)
3158 697 3245 750 καὶ
3304 693 3589 775 Βαρϐἆροις
3644 693 3878 768 ἔθνεσιν,

500 781 782 862 Spiritum
831 790 1121 861 sanctum,
1154 781 1428 842 universa
1478 779 1754 843 Mosaicaé
1804 779 1950 858 legis
1979 788 2039 842 et
2068 779 2131 841 ab

2224 780 2317 836 Ἵνα
2393 780 2566 846 καλῶς
2624 784 2735 841 ,καὶ
2820 790 3045 845 συνετῶς
3126 786 3585 863 συμφρονήσαντες
3641 784 3875 861 γένησθε

494 890 565 935 eo
614 870 905 933 custodita
955 870 1397 950 dereliquentes
1437 868 1567 930 sine
1596 868 1717 931 Deo
1747 867 1989 942 Judaeis,
2033 868 2131 948 qui

2217 868 2331 945 μεθ’
2387 872 2541 945 ἡμῶν
2604 871 2831 935 ἅπαντες
2898 869 2981 927 διὰ
3038 877 3135 938 τῆς
3193 873 3347 950 ὀρθῆς
3403 873 3491 929 καὶ
3558 874 3871 947 ἀμωμήτου

492 961 652 1024 velut
692 960 834 1023 caeci
877 958 1290 1041 perquirentes
1322 957 1643 1031 Christum,
1679 958 1880 1018 lumen
1910 957 2131 1019 amise-

2213 960 2439 1021 πίστεως
2495 960 2589 1033 μία
2643 962 2841 1035 ποίμνη
2914 959 3030 1023 ἐνὸς
3087 961 3178 1016 τοῦ
3236 960 3401 1016 καλοῦ
3466 962 3554 1016 καὶ
3610 960 3873 1027 ἀληθινοῦ

491 1057 651 1131 runt,
714 1056 1133 1131 permanentes
1179 1047 1243 1109 in
1298 1046 1534 1125 umbra,
1584 1048 1735 1109 sicut
1782 1046 2131 1127 insipientes

2212 1048 2464 1123 ποιμένος
2496 1055 2740 1128 Χριστοῦ,
2803 1070 2830 1103 α
2888 1055 2979 1105 τοῦ
3022 1049 3159 1128 (38)
3215 1050 3292 1124 μὴ
3335 1049 3579 1114 θέλοντος
3623 1052 3718 1107 τὸν
3780 1050 3877 1107 θέ-

494 1146 805 1222 perpetuo.
2212 1159 2366 1194 νατον
2439 1145 2529 1194 τοῦ
2602 1137 2937 1217 ἁμαρτωλοῦ,
3026 1138 3162 1195 ὥστε
3240 1138 3550 1218 ἐπιστρέψαι
3621 1142 3711 1195 καὶ
3768 1145 3871 1215 ζῇν

499 1249 531 1292 (
574 1232 751 1310 αὐτὸν,
789 1252 817 1285 ι
854 1232 916 1286 οὗ
941 1236 1017 1303 τῷ
1048 1229 1122 1285 ὲνὶ
1150 1234 1370 1307 σταυροῦ
1416 1228 1537 1302 θείῳ
1586 1226 1777 1301 αἵματι
1834 1225 2268 1303 συγκαθέντεντες
2336 1224 2633 1303 δοξάσωμεν
2686 1228 2775 1282 τὸν
2834 1226 3040 1307 Πατέρα
3107 1230 3195 1283 καὶ
3267 1230 3383 1285 Υἱὸν
3453 1230 3539 1285 καὶ
3593 1230 3657 1285 τὸ
3714 1227 3876 1307 ἅγιον

500 1324 736 1395 Πνεῦμα,
792 1318 965 1375 πάντα
1021 1320 1113 1374 τὸν
1170 1318 1458 1374 Μωσαῖκὸν
1517 1316 1677 1391 νόμον
1736 1315 1824 1372 καὶ
1869 1315 1961 1379 τὰς
2026 1315 2080 1371 ἐν
2147 1316 2329 1391 ἐκείνῳ
2414 1318 2777 1395 παρατηήσεις
2857 1315 3303 1395 ἐγκαταλιπόντες
3372 1318 3492 1382 τοῖς
3561 1317 3870 1393 Ἰουδαίοις,

492 1407 688 1473 οἵτινες
718 1408 793 1465 ών
819 1406 1003 1489 τυφλοὶ
1061 1406 1412 1486 ψηλαφῶντες
1473 1404 1596 1485 (36)
1644 1405 1862 1485 τοῖχον,
1894 1408 1957 1461 τὸ
2011 1411 2123 1485 φῶς
2175 1406 2394 1486 ἀφέντες
2450 1407 2801 1484 προσμένουσι
2859 1412 2927 1481 τῇ
2970 1412 3095 1479 σκιᾷ
3147 1408 3221 1469 ὼς
3266 1405 3481 1487 ἄφρονες
3529 1406 3749 1464 ἆείποτε
3780 1409 3875 1463 καὶ

493 1497 731 1555 ἀσύνετοι
767 1496 910 1577 (4ο).
3387 1521 3392 1524 -

570 1588 711 1649 Haec
760 1592 982 1659 autem,
1029 1585 1208 1647 homo
1250 1583 1380 1656 Dei,
1412 1591 1473 1646 et
1505 1582 1810 1647 multoties
1838 1582 1968 1663 ipse
1997 1600 2131 1644 cum

2217 1587 2410 1658 Ταῦτα,
2470 1584 2516 1639 ὦ
2547 1579 2804 1663 ’ἄνθρωπε
2870 1594 2963 1644 τοῦ
3039 1593 3191 1658 Θεοῦ,
3270 1580 3527 1649 πολλάκις
3597 1586 3865 1666 ἀναγνοὺς

492 1676 707 1756 populo
737 1670 1063 1754 agnoscens
1094 1673 1350 1735 docuisti
1381 1691 1533 1747 esse,
1560 1681 1618 1734 et
1646 1678 1947 1735 correctus
1977 1672 2130 1732 scri-

2215 1672 2348 1746 μετὰ
2415 1672 2506 1727 τοῦ
2573 1671 2697 1732 ἰδίου
2754 1672 2883 1730 λαοῦ
2952 1676 3039 1730 καὶ
3094 1671 3297 1739 διδάξας
3349 1674 3471 1731 οὕτο
3527 1676 3715 1739 αὖτοὺς
3773 1680 3864 1732 καὶ

490 1763 660 1845 psisti
690 1763 893 1826 multis
931 1762 1187 1824 similem
1224 1762 1715 1824 eonsuetudinem
1748 1760 2126 1835 habentibus,

2214 1758 2649 1839 διορθωσάμενος,
2732 1769 3161 1844 μεταστραφῆναι
3243 1763 3533 1843 πρόσταξον
3596 1764 3718 1845 (41)
3807 1766 3861 1822 ἐν

491 1859 549 1914 et
578 1861 642 1915 ut
673 1852 895 1915 habeas
942 1852 1193 1914 salutem
1222 1855 1435 1914 animae
1465 1860 1599 1925 tuae,
1630 1853 1797 1912 mitte
1841 1849 2130 1930 principi-

2214 1848 2439 1912 πολλοῖς
2481 1851 2772 1932 ἷσοτύποις,
2841 1852 2985 1916 ὅπως
3044 1851 3168 1930 (42)
3242 1851 3376 1932 ἔχῃς
3432 1854 3531 1920 τὴν
3591 1857 3861 1931 σωτηρίαν

491 1940 605 2004 bus
625 1942 1023 2016 sacerdotum,
1057 1948 1116 2001 et
1147 1940 1574 2015 sacerdotibus,
1604 1947 1662 2000 et
1681 1940 1911 2017 adjura,
1936 1947 2000 1999 ut
2024 1957 2132 2019 per

491 2030 620 2092 haec
666 2031 896 2112 seipsos
944 2029 1270 2109 corrigant,
1319 2038 1377 2090 et
1423 2028 1532 2090 Dei
1580 2027 1883 2108 populum,
1920 2036 1983 2087 ut
2023 2026 2132 2089 Dei

492 2119 837 2181 mercedem
869 2119 929 2179 in
960 2118 1088 2179 istis
1116 2117 1337 2180 habeas
1363 2137 1379 2194 ;
1415 2125 1470 2178 et
1503 2117 1555 2177 si
1582 2117 1697 2178 hoc
1727 2115 1960 2193 feceris,
1989 2134 2129 2196 pro-

490 2228 648 2289 pono
666 2218 725 2270 et
745 2227 850 2289 per
878 2206 1198 2269 secundam
1226 2206 1611 2287 scriptionem
1636 2206 1879 2285 majora,
1909 2210 1967 2265 et
1990 2222 2131 2284 per-

488 2297 735 2359 fectiora
763 2297 853 2358 bis
884 2296 991 2358 tibi
1019 2295 1307 2371 scribere,
1343 2294 1483 2357 ﬁdei
1512 2312 1652 2356 vera
1699 2292 2040 2356 ostensione
2072 2301 2131 2356 et

2211 1942 2309 2004 τῆς
2362 1940 2547 1997 ἑαυτοῦ
2601 1944 2784 2019 ψυχῆς
2816 1957 2829 1971 ·
2893 1943 2980 1997 καὶ
3031 1939 3326 1997 ἁπόστελλε
3373 1955 3491 2005 τοῖς
3547 1943 3858 2023 ἆρχιεροῦσι

2212 2033 2314 2082 τῶν
2345 2026 2646 2083 ἐπισκόπων
2688 2036 2791 2087 τῶν
2848 2031 2981 2085 κατὰ
3030 2029 3127 2096 τὴν
3171 2026 3394 2087 Ἰταλίαν
3445 2032 3643 2110 θρόνων
3702 2030 3855 2112 (43),

2212 2117 2296 2171 καὶ
2352 2116 2522 2195 ὀ’ρκιζε
2594 2118 2777 2182 αὐτοὺς
2834 2116 3203 2197 διορθώσασθαι
3274 2119 3510 2183 ἅπαντας
3581 2120 3675 2176 ἵνα
3744 2122 3855 2197 μέ-

2213 2227 2392 2282 γιστον
2421 2207 2509 2262 τὸν
2540 2208 2721 2281 μισθὸν
2752 2208 2840 2263 καὶ
2866 2207 2921 2263 ἐν
2973 2208 3196 2285 τούτοις,
3253 2208 3430 2289 ὥσπερ
3489 2210 3578 2266 καὶ
3620 2209 3673 2266 ἐν
3732 2225 3855 2275 τοῖς

2212 2291 2424 2355 λοιποῖς
2457 2316 2547 2350 σου
2574 2293 2763 2359 καλοῖς
2799 2295 2946 2376 (44),
2992 2295 3151 2377 ἔχῃς³
3204 2298 3289 2354 καὶ
3339 2299 3383 2353 εἰ
3411 2309 3563 2357 τοῦτο
3592 2302 3850 2377 ποιήσῃς,

489 2386 863 2449 firmamento
886 2386 1240 2461 animarum,
1266 2403 1372 2466 pro
1402 2383 1617 2464 quibus
1640 2382 1905 2446 Christus
1937 2383 2131 2463 posuit

2212 2385 2491 2460 προσθήσω
2546 2385 2632 2439 καὶ
2700 2382 2785 2441 διὰ
2858 2383 3097 2465 δευτέρας
3154 2391 3359 2466 γραφῆς
3430 2388 3495 2443 τὰ
3551 2389 3714 2463 μείζω
3764 2391 3857 2445 καὶ

488 2476 747 2539 animam
782 2494 973 2539 suam.
1084 2486 1089 2492 '

2212 2470 2506 2551 πλατύτεροι
2571 2474 2771 2530 τούτων
2824 2476 2896 2536 εἰς
2956 2473 3164 2541 ἔνδειξιν
3246 2475 3372 2555 (45)
3440 2479 3695 2557 πρότερον
3750 2484 3855 2546 τῆς

490 2565 719 2633 ἀληθοῦς
748 2568 836 2622 καὶ
879 2567 1018 2630 θείας
1048 2568 1274 2629 πίστεως
1303 2565 1392 2620 καὶ
1444 2571 1574 2622 Θεοῦ
1621 2564 1707 2619 καὶ
1764 2564 2024 2639 σωτηρίαν
2082 2565 2185 2616 τῶν
2222 2558 2399 2624 καλῶς
2442 2563 2529 2617 καὶ
2590 2560 2872 2641 ὁρθοδόξως
2902 2565 3163 2620 πιστεύειν
3219 2562 3564 2646 αἱρουμένων²
3623 2566 3753 2646 ὑπὲρ
3782 2570 3860 2622 ὧν

493 2657 717 2733 Χριστὸς
746 2655 995 2735 εὐκαίρως
1029 2653 1152 2735 (46)
1184 2655 1384 2711 τέθεικε
1413 2654 1510 2719 τὴν
1543 2654 1728 2709 ἑαυτοῦ
1772 2653 1979 2731 ψυχήν,

1915 2781 2109 2845 Variae
2138 2781 2444 2847 lectiones.

566 2921 693 3003 (37)
721 2923 887 2986 Hane
910 2938 1117 2986 vocem
1151 2919 1503 3001 inﬁdelibus
1531 2917 1732 2981 omisit
1758 2916 1998 2985 Latinus
2026 2918 2124 2979 in-
2289 2917 2412 3003 (lg?)
2443 2917 2807 3003 Co_d._oS-:m;.

486 2998 737 3083 terpres.
1222 2998 1231 3001 ⁷
2281 2998 2410 3140 ((43)
2449 3023 2477 3055 α
2508 2998 2932 3091 Episcoporum
2982 3015 3209 3076 earum,
3244 3017 3377 3081 quae
3403 3006 3535 3061 sunt
3560 2999 3618 3062 in
3646 3000 3845 3079 Italia,

562 3082 689 3140 (38)
719 3080 917 3140 Verba
945 3082 1112 3140 haec:
1149 3082 1265 3140 (lui
1306 3097 1427 3140 non
1455 3079 1580 3140 vult
1626 3086 1881 3140 mortem
1908 3096 2125 3140 vecca-
2213 3096 2277 3140 se
2323 3098 2468 3140 ium.
2511 3103 2532 3135 ι
2572 3088 2770 3140 omisit
2799 3080 3117 3140 interpres.

562 3078 689 3161 (38)
719 3080 917 3145 Verba
945 3082 1112 3145 haec:
1149 3082 1265 3157 Qui
1306 3097 1427 3144 non
1455 3079 1580 3142 vult
1626 3086 2125 3161 mortemppeccq-
2213 3078 2468 3161 sedium,
2511 3078 2770 3161 {omisit
2799 3080 3117 3161 interpres.

487 3158 816 3250 τοι-ἰδμῳά
863 3170 932 3225 ut
979 3168 1362 3250 conger-tutu:
1399 3167 1459 3250 et
1505 3167 1676 3250 υίυίῃ⁸
1711 3161 1847 3250 ipse
1878 3158 2130 3250 (Ezech.
2234 3238 2249 3250 .
2298 3160 2423 3250 (44)
2466 3158 2694 3250 c_Si_cut
2715 3167 2777 3223 et
2804 3159 2868 3222 in
2895 3158 3125 3222 caeteris
3145 3159 3261 3223 tuis
3292 3159 3465 3224 bonis
3482 3160 3791 3246 operibus,
3819 3190 3848 3221 ι

483 3259 653 3323 xvm,
687 3242 797 3317 23;
827 3259 1033 3320 χχχιιι,
1076 3244 1142 3303 11
1170 3263 1187 3323 ;
1219 3240 1292 3303 II
1314 3243 1475 3304 Petr.
1512 3257 1598 3317 Ill,
1621 3239 1704 3317 9),
1730 3240 2131 3301 omisitinter-

2217 3238 2383 3323 deest
2400 3238 2466 3323 in
2494 3239 2618 3323 Lat.

485 3342 624 3405 pres
636 3320 912 3405 Latinus.
985 3402 996 3405 Α
1112 3403 1118 3405 ξ
1171 3320 1182 3323 “
1909 3385 1913 3388 ,
2297 3320 2473 3405 (45)}:
2492 3320 3006 3405 Ad_os_tensio_nem
3032 3321 3195 3402 prius
3222 3338 3377 3383 verae
3393 3328 3453 3405 et
3474 3320 3689 3385 divina:
3712 3325 3853 3389 ﬁdei

566 3402 688 3483 (39)
720 3401 863 3483 Cod.
903 3402 1259 3483 ψηλαφόντες.
1360 3479 1372 3483 _
1932 3479 1943 3483 Α
2208 3405 2267 3483 e_t
2295 3399 2542 3483 gloriam
2574 3399 2680 3483 Dei
2710 3409 2767 3462 et
2781 3399 3051 3483 salutem
3081 3420 3308 3483 eorum,
3342 3399 3446 3483 qui
3474 3410 3641 3465 recte
3671 3414 3730 3465 et
3750 3425 3851 3468 or-

575 3479 717 3623 (4οἰ
749 3482 875 3544 Duo
916 3479 1212 3563 postrema
1253 3479 1434 3542 verba
1486 3487 1539 3543 et
1595 3486 1863 3544 amentes
1911 3479 2126 3542 desunt
2209 3479 2465 3542 thodoxe
2494 3480 2739 3543 credere
2760 3482 3123 3558 desiderant,
3154 3508 3180 3538 ››
3218 3479 3390 3544 deest
3413 3481 3477 3542 in
3506 3483 3640 3544 Lat.
3664 3492 3847 3549 textu.

575 3562 642 3623 ud
720 3564 945 3623 atinum
972 3562 1382 3623 interpretem.
2291 3560 2416 3623 (46)
2457 3583 2480 3618 α
2516 3563 2816 3623 Tempore
2847 3571 3205 3623 onnortuno.
3227 3586 3254 3619 ι
3291 3560 3510 3623 omittit
3529 3562 3847 3623 interpres.

486 3560 642 3646 apud
673 3560 945 3646 Latinum
972 3562 1382 3646 interpretem.
1489 3639 1502 3646 _
1794 3640 1808 3646 _
1898 3639 1909 3646 .
2291 3560 2416 3641 (46)
2457 3583 2480 3618 ε
2516 3563 2816 3642 Tempore
2847 3571 3254 3644 opportuno,»
3291 3560 3510 3624 omittit
3529 3562 3848 3646 interpres.

571 3642 699 3724 (41)
722 3644 873 3706 Male
904 3639 1199 3723 interpres
1227 3639 1642 3721 imperativum
1674 3639 1957 3722 neglexit.

1330 3826 1773 3834 ...ψοφῇ-..-

491 3825 3809 3859 W

1840 3957 1990 4004 ANNO
2034 3957 2235 4004 DOIIINI
2276 3958 2483 4005 MLVIII.

839 4139 1795 4412 NICETAS
1944 4141 3484 4322 PECTORATUS.

1855 4634 2471 4744 NOTITIA..

1264 4857 1519 4937 (Fabric.
1546 4858 1828 4922 Biblioth.
1860 4857 2050 4920 (ἂι-τεο.
2083 4855 2183 4920 ed.
2215 4854 2446 4933 Harles,
2483 4865 2624 4923 tom.
2658 4856 2781 4937 VII,
2816 4878 2875 4943 p.
2903 4861 3024 4923 715
3051 4868 3067 4939 )

567 5168 807 5261 Nicetes
834 5171 1358 5261 Pectoratus,‘sive
1381 5170 1593 5261 Sterno
1625 5169 1961 5261 (στηθάτος),
1989 5168 2381 5261 presbyteret
2410 5172 2758 5261 monasterii
2789 5173 3144 5253 Studiensis,
3166 5177 3323 5258 quod
3347 5178 3525 5241 CPoli
3545 5178 3677 5261 fuit,
3712 5199 3842 5244 mo-

483 5260 735 5348 nachus,
768 5278 905 5321 acer
930 5252 1272 5323 Latinorum
1304 5267 1361 5322 et
1393 5258 1818 5348 Armeniorum
1844 5258 2224 5319 adversarius
2255 5259 2415 5321 circa
2436 5278 2657 5322 annum
2679 5260 2895 5324 Christi
2916 5264 3093 5340 1053,
3126 5252 3203 5329 de
3230 5267 3399 5346 cujus
3430 5252 3675 5348 scriptis.
3696 5286 3843 5333 con-

485 5347 733 5410 sulenda
766 5367 896 5429 quae
912 5348 1495 5413 observavitCaveus.
1521 5348 1602 5409 Ex
1620 5347 1770 5409 libro
1795 5346 1912 5426 [De
1926 5365 2179 5427 process.
2208 5350 2478 5437 Spiritus
2508 5351 2704 5413 sancti
2732 5367 2810 5412 ex
2824 5351 2947 5415 solo
2964 5355 3205 5435 Patre],
3231 5356 3302 5417 de
3321 5346 3582 5437 azymis,
3606 5356 3845 5420 Sabbu-

485 5440 684 5499 torum
700 5439 949 5527 jejunio
968 5445 1029 5500 et
1047 5439 1281 5518 nuptiis
1302 5456 1369 5527 sa
1379 5440 1677 5502 cerdotum
1697 5444 1901 5500 contra
1920 5438 2191 5527 Latinos,
2215 5436 2409 5527 locum
2430 5436 2634 5501 Graece
2654 5438 2831 5501 etiam
2858 5442 3076 5517 profert
3099 5442 3354 5506 Allatius
3375 5443 3479 5507 lib.
3504 5436 3598 5509 De
3612 5464 3842 5527 purga-

486 5529 670 5603 torio,
703 5544 763 5606 p.
797 5526 916 5591 870
943 5527 1052 5607 (1).
1082 5527 1253 5589 Hunc
1282 5526 1581 5605 Nicetam,
1613 5546 1647 5589 a
1676 5544 1845 5608 papas
1884 5525 2282 5607 apocrisiariis
2328 5534 2714 5590 consecutum
2757 5529 3074 5609 perfectam
3106 5531 3580 5613 propositionum
3605 5525 3843 5598 suarum

566 5657 656 5740 (1)
684 5657 856 5723 Conf.
887 5659 1173 5726 Allatium
1199 5663 1291 5728 De
1318 5665 1493 5729 Eccl.
1525 5664 1710 5730 occid.
1746 5669 1799 5727 et
1824 5667 2045 5727 orient.
2072 5678 2244 5743 perp.
2282 5679 2552 5727 consens.
2582 5663 2653 5744 II,
2687 5668 2747 5748 9,
2779 5668 2808 5749 §
2836 5667 2897 5734 6.
2936 5670 3173 5749 (Hann)
