4050 6124
248 209 395 274 845
1812 215 1847 275 δ

2058 189 2130 278 [Α
3537 214 3657 282 846

255 344 660 422 solutionem,
693 346 907 409 iterum
941 353 1150 427 sponte
1171 345 1697 408 anathematizasse
1728 347 1928 407 omnia
1949 346 2110 409 dicta
2138 354 2195 409 et
2224 345 2376 408 facta
2397 345 2487 407 vel
2511 351 2738 407 tentata
2751 341 3039 406 adversus
3053 339 3388 406 Romanam
3421 345 3652 424 sedem,

260 434 485 514 sicque
517 435 590 497 ab
623 435 709 497 eis
738 436 799 496 in
829 435 1310 497 communionem
1341 441 1675 516 receptum,
1712 435 1985 497 effectum
2020 454 2152 498 esse
2183 453 2388 497 eorum
2402 434 2754 495 familiarem
2778 429 3058 509 amicum,
3086 430 3296 492 scribit
3325 430 3653 514 Wibertus,

259 521 340 582 in
376 523 507 583 Vita
534 526 597 586 S.
633 524 870 599 Leonis,
903 523 976 604 II,
1010 527 1068 587 5.
1102 525 1264 585 Idem
1296 523 1495 596 tradit,
1527 523 1880 585 invectivam
1907 525 2383 604 Responsionem
2414 520 2750 584 cancellarii
2779 517 3030 581 Romani
3067 517 3386 602 Friderici,
3420 522 3650 588 Nicetaz

271 612 649 691 oppositam,
673 613 854 674 fuisse
879 613 951 674 de
972 613 1176 676 Latino
1197 612 1519 673 translatan
1543 610 1746 674 Graece
1764 619 1822 673 et
1837 631 2035 673 coram
2062 612 2139 672 im
2150 621 2421 692 peratorc
2443 612 2747 672 recitatam
2776 607 3083 695 ;Micetam
3114 624 3252 668 vero
3273 619 3543 673 eoactum
3571 614 3655 695 (2)

261 697 561 762 damnare
598 710 657 762 et
686 702 1037 763 comburere
1063 721 1169 762 sua
1192 701 1431 781 scripta,
1468 699 1666 762 habita
1693 701 2095 780 disputatione
2125 702 2279 781 apud
2316 700 2736 762 monasterium
2771 694 2962 759 Studii
3005 694 3068 754 in
3107 695 3256 758 urbe
3302 694 3646 765 CPolitana.

275 791 518 869 (FABR.)
548 793 716 856 Conf.
742 792 815 870 de
839 793 945 852 illo
969 793 1126 855 Guil.
1152 795 1327 864 Cave,
1360 791 1528 853 Hist.
1564 791 1681 854 litt.
1713 790 1828 854 SS.
1869 792 2029 854 Eccl.
2058 800 2215 853 tome
2245 791 2316 864 II,
2351 811 2409 872 p.
2446 791 2597 871 136;
2623 786 2941 864 Hamberg.
2967 784 3030 846 Z.
3055 782 3126 872 N.
3169 782 3270 865 ΙΙΙ,
3315 805 3372 866 ρ.
3407 790 3567 869 759;
3603 801 3659 854 et

273 878 468 955 Saxii,
505 882 719 944 Onam.
744 880 818 954 II,
855 899 912 960 p.
955 883 1059 943 181
1092 899 1107 958 ;
1143 880 1506 942 Schroeckh.
1542 879 1678 941 His.
1711 881 1848 943 eccl.
1870 879 2070 961 XXIV,
2103 881 2303 961 p.219
2330 871 2457 960 seq.
2483 913 2561 922 —
2587 877 2814 942 Nicetae
2835 871 3151 961 Pectorati,
3185 873 3395 939 Libell.
3451 889 3658 944 contra

278 968 528 1031 Latinos
559 970 751 1032 editus
782 979 840 1032 et
869 969 942 1030 ab
973 969 1373 1051 apocrisiariis
1403 968 1743 1049 apostolicae
1761 970 1922 1032 sedis
1949 960 2121 1033 CPoli
2160 978 2453 1050 repertus,
2499 967 2701 1029 Latine
2740 982 2876 1026 cum
2911 960 3284 1051 Retutatioqne
3316 964 3654 1048 Humnerti,

278 1057 476 1119 Patris
509 1059 813 1140 purpurati
846 1059 943 1139 (de
972 1047 1086 1139 quo
1118 1058 1249 1120 vide
1271 1047 1675 1120 SaxiiOnom.
1712 1057 1786 1120 II.
1823 1077 1880 1138 p.
1913 1059 2051 1136 180,
2088 1067 2148 1122 et
2168 1047 2317 1139 quos
2346 1059 2447 1119 ille
2479 1057 2702 1136 laudat)
2746 1053 2808 1114 in
2858 1055 2965 1140 H._
2998 1047 3418 1140 Canisii_Lect.
3453 1060 3655 1140 antiq.

279 1153 434 1209 tom.
467 1145 566 1221 III,
696 1146 833 1227 308,
858 1137 931 1208 ﬁed
965 1137 1231 1225 Basnage
1279 1181 1356 1192 —
1401 1146 1682 1226 Ejusdem
1717 1137 1958 1210 carmen
1991 1137 2310 1209 iambicum
2347 1147 2409 1208 in
2444 1146 2785 1209 Simeonem
2833 1138 3166 1228 Juniorem,
3212 1137 3322 1228 ,Gr.
3354 1149 3412 1204 et
3436 1143 3562 1207 Lat.
3595 1137 3659 1209 in

277 1235 356 1297 L.
394 1224 620 1310 Allatii,
655 1224 927 1297 Diatribe
942 1236 1014 1298 dc
1029 1224 1622 1317 Syineonibus,_page
1651 1234 1968 1299 168.—In
2003 1256 2145 1312 mss,
2182 1236 2676 1299 codicibusLaur.
2696 1230 2978 1296 Mediceis
2999 1224 3413 1296 etVindobon.
3437 1238 3656 1299 Caesar.

274 1332 596 1386 servantur
616 1325 776 1385 varia
801 1346 816 1401 ;
840 1357 917 1368 —
937 1327 1004 1388 In
1025 1325 1156 1386 cod.
1194 1324 1353 1387 Med.
1380 1326 1476 1398 19,
1505 1344 1565 1387 n.
1600 1323 1879 1399 3,etcod.
1902 1327 2242 1390 Vindobon.
2269 1328 2408 1399 240,
2438 1345 2499 1386 n.
2518 1329 2577 1399 6,
2599 1325 2819 1404 Opusc.
2839 1317 3154 1396 ineditum,
3180 1319 3436 1398 capitum
3451 1327 3660 1389 asceti-

273 1433 488 1476 corum
523 1423 640 1476 tres
662 1413 964 1476 centuriae.
985 1413 1057 1476 V.
1085 1414 1335 1475 Bandin.
1362 1413 1548 1477 Codd.
1572 1417 1673 1478 Gr.
1706 1415 1850 1478 bibl.
1873 1416 2151 1477 Laurent.
2176 1416 2240 1479 L.
2270 1437 2327 1494 p.
2354 1415 2492 1496 262,
2517 1422 2574 1476 et
2594 1411 2873 1474 Lambec.
2899 1407 3130 1496 Comm.
3154 1405 3397 1496 dfebibl.
3440 1411 3654 1479 Caesar.

275 1501 357 1577 V,
387 1522 445 1582 p.
472 1503 614 1565 216.
636 1533 710 1548 —-
742 1500 808 1562 In
831 1502 962 1563 cod.
989 1501 1184 1564 nedic.
1218 1504 1309 1577 16,
1336 1522 1396 1562 n.
1420 1503 1519 1578 25,
1542 1503 1687 1582 plut.
1709 1505 1768 1580 9,
1796 1512 1853 1565 et
1891 1505 2155 1569 Caesareo
2199 1492 2332 1566 cod.
2355 1492 2495 1577 217,
2524 1523 2583 1564 n.
2629 1502 2730 1577 21,
2771 1507 2947 1578 atque
2998 1492 3131 1582 cod.
3168 1494 3314 1582 233,
3369 1519 3432 1560 n.
3489 1504 3548 1582 7,
3585 1504 3659 1565 ad

275 1580 525 1654 Latinos
547 1594 632 1654 De
651 1592 904 1671 azymis,
918 1591 1159 1668 jejunio
1185 1590 1463 1653 Sabbatti
1480 1580 1800 1672 cit—nuptiis
1820 1595 2217 1655 sacerdotum.
2265 1592 2537 1672 (Bandin.
2566 1591 2648 1654 ib.
2675 1609 2732 1670 p.
2757 1590 2874 1650 415
2900 1607 2916 1658 ;
2943 1580 3297 1672 etLambec.
3329 1585 3424 1665 V.,
3456 1609 3515 1670 p.
3533 1580 3661 1655 ⁷263

280 1699 416 1762 seq.
451 1701 519 1743 ac
543 1701 601 1761 p.
625 1681 891 1757 476.)—
917 1678 983 1740 In
1013 1678 1146 1740 cod.
1183 1678 1277 1753 30,
1308 1679 1451 1758 plut.
1481 1681 1577 1759 10,
1619 1671 1708 1741 est
1729 1681 1962 1760 Ἐκλογὴ
2003 1671 2374 1761 οδρίιιιῐηίθχ
2414 1677 2633 1740 sanctis
2668 1675 2964 1740 Patribus.
3010 1671 3304 1756 Praefatio,
3340 1697 3470 1758 quae
3499 1699 3658 1760 prae-

278 1771 466 1845 cedit,
498 1789 531 1831 a
553 1769 944 1831 Montt‘aucon.
977 1766 1038 1828 in
1065 1767 1249 1831 Catal.
1274 1766 1549 1827 tribuitur
1576 1766 1816 1830 Nicetaa.
1862 1773 1946 1834 Ex
1974 1768 2180 1830 Niceta
2212 1778 2406 1831 autem
2451 1769 2700 1848 aliisque
2738 1764 3126 1845 scriptoribus
3163 1763 3379 1826 eceles.
3407 1786 3658 1846 quorum

275 1859 526 1920 nomina
549 1858 610 1918 in
635 1859 905 1935 margine
928 1864 1066 1918 sunt
1095 1856 1373 1936 ascripta,
1405 1857 1692 1918 adornata
1721 1867 1809 1920 est
1842 1859 1968 1920 haac
1989 1859 2281 1933 collectio,
2311 1867 2460 1920 teste
2487 1857 2739 1918 Bandin.
2763 1855 2804 1918 l.
2827 1873 2881 1914 c.
2925 1873 2986 1933 p.
3018 1853 3139 1915 494
3167 1873 3296 1934 seq.
3315 1890 3393 1900 ——
3417 1854 3485 1917 In
3514 1858 3654 1924 cod.

275 1949 499 2009 Caesar.
526 1944 780 2007 Vindob.
808 1944 947 2020 283,
973 1964 1034 2008 n.
1059 1945 1117 2026 9,
1145 1953 1234 2006 est
1256 1943 1526 2022 ejusdem
1544 1943 1742 2007 Oratio
1765 1947 1954 2025 prima
1972 1947 2261 2008 invectiva
2283 1955 2486 2007 contra
2503 1945 2911 2024 blasphemam
2929 1941 3349 2003 Armeniorum
3366 1943 3652 2028 haeresin,

277 2045 346 2096 ut
364 2035 570 2097 scribit
591 2034 866 2096 Lambec.
896 2035 966 2108 V,
1011 2052 1069 2113 p.
1116 2033 1258 2095 477.
1301 2067 1378 2078 ——-
1411 2031 1478 2093 In
1522 2033 1654 2096 cod.
1695 2035 1834 2110 256,
1875 2055 1936 2098 n.
1978 2036 2052 2096 '18
2084 2036 2372 2115 Excerpta
2402 2053 2474 2096 ex
2504 2033 2718 2106 Photii,
2745 2032 2964 2093 Nicetae
2986 2028 3248 2092 Stethati
3279 2031 3657 2116 aliorumque

277 2123 624 2188 Graecorum
657 2143 795 2204 opp.
831 2132 1036 2184 contra
1065 2121 1327 2196 Latinos,
1361 2120 1432 2183 de
1449 2127 1827 2200 processione
1855 2123 2121 2203 Spiritus
2148 2125 2360 2199 sancti,
2386 2123 2460 2185 de
2498 2123 2758 2203 azymis,
2788 2129 2897 2182 etc.
2945 2117 3244 2200 (Lambec.
3272 2117 3371 2196 IV,
3400 2140 3460 2202 p.
3488 2121 3652 2204 339).

278 2247 364 2259 —
381 2212 448 2276 In
471 2213 604 2276 cod.
628 2213 709 2273 45
749 2208 810 2273 η’.
830 2213 929 2273 56.
958 2211 1184 2274 Niceta
1214 2209 1464 2272 Stethati
1487 2211 1755 2272 centuria
1777 2211 1950 2272 tertia
1969 2211 2390 2292 Epistolarum,
2417 2211 2698 2291 Epistolze
2717 2211 2835 2271 ires
2855 2209 2930 2271 de
2941 2208 3277 2270 canonibus
3297 2211 3658 2276 ecclesiasti-

279 2305 392 2366 cis.
426 2300 732 2381 (Lambec.
767 2299 925 2372 VIII,
954 2320 1012 2381 p.
1047 2300 1156 2363 941
1194 2299 1347 2380 seq.)
1386 2336 1457 2345 —
1486 2297 1553 2360 In
1583 2298 1714 2360 cod.
1746 2299 1992 2363 Barocc.
2026 2302 2105 2363 69
2144 2300 2292 2364 bibl.
2324 2300 2553 2362 Bodlei.
2587 2298 2810 2360 Nicetae
2837 2294 3132 2360 Pectorati
3177 2299 3448 2360 centuria
3482 2317 3546 2364 ll.
3578 2336 3659 2348 —

279 2391 563 2470 Ejusdem
595 2393 716 2470 Περὶ
739 2396 830 2446 τοῦ
858 2389 976 2445 κατ’
1008 2389 1204 2448 εἰκόνα.
1241 2424 1309 2435 -
1332 2389 1492 2450 Inter
1515 2387 1693 2450 codd.
1719 2387 1878 2450 Norft

2055 2407 2198 2449 iraac.
2227 2388 2378 2467 (Cat.
2408 2389 2582 2450 codd'
2611 2387 2862 2467 Angliae,
2892 2394 3034 2462 tom,
3061 2383 3135 2462 II,
3161 2403 3220 2465 p.
3248 2387 3348 2468 84)
3383 2405 3442 2450 n.
3474 2390 3654 2470 3434,

283 2477 523 2541 Nicetas
553 2478 916 2550 Pectoratus,
940 2476 1014 2537 de
1039 2476 1266 2538 caelesti
1286 2475 1656 2552 Hierarchia,
1681 2475 1989 2538 etNicetas
2009 2477 2312 2553 diaconus,
2347 2477 2419 2538 ad
2455 2476 2720 2538 Nicetam
2764 2476 3140 2538 Pectoratum
3189 2509 3266 2520 —
3294 2478 3562 2554 Taurini,
3594 2479 3659 2542 in

283 2568 433 2630 bibl.
458 2567 603 2646 Reg.
634 2567 772 2628 cod.
799 2565 934 2638 180,
961 2572 1081 2626 tres
1103 2564 1396 2627 Centuriae
1413 2564 1804 2643 capitulorum
1835 2565 2252 2627 asceticorum.
2280 2601 2356 2610 —
2380 2565 2524 2627 Cod.
2551 2565 2693 2646 200,
2733 2585 2793 2629 n.
2842 2564 2941 2640 13,
2990 2570 3048 2625 et
3077 2563 3217 2639 288,
3263 2563 3362 2628 fol.
3400 2568 3538 2649 134,
3569 2570 3659 2633 De

281 2659 542 2737 azymis,
565 2657 640 2719 de
651 2659 884 2737 jejunio
905 2653 1156 2718 Sabbati
1174 2654 1320 2716 etde
1349 2657 1578 2734 nuptiis
1607 2655 2008 2717 sacerdotum.
2030 2689 2104 2700 --
2128 2655 2261 2716 cod.
2295 2655 2433 2732 332,
2459 2657 2549 2718 De
2568 2656 2775 2718 anlma
2795 2662 2852 2718 et
2871 2655 2942 2716 de
2951 2653 3236 2734 paradiso
3261 2674 3276 2735 ;
3300 2660 3562 2734 tertium,
3596 2660 3660 2722 in

281 2745 582 2808 Prommio
598 2751 1028 2806 memorantum
1047 2761 1252 2822 opusc.
1276 2743 1724 2806 Dehierarchia
1736 2744 2009 2823 angelica
2032 2751 2090 2807 et
2105 2745 2432 2806 ecclesiast.
2455 2743 2907 2806 Desideraturin
2930 2743 3030 2804 illo
3049 2741 3183 2804 cod.
3209 2740 3280 2804 V.
3301 2745 3489 2806 Catal.
3505 2747 3657 2811 codd

283 2834 388 2898 Gr.
407 2837 581 2897 Taur.
610 2854 668 2914 p.
689 2834 828 2908 269,
849 2833 983 2908 278,
1011 2832 1151 2906 384,
1173 2833 1313 2896 415.
1340 2868 1410 2879 -
1438 2831 1505 2892 In
1528 2833 1661 2894 cod.
1688 2831 1882 2895 Veneti

2055 2835 2254 2894 ’ciano.
2281 2834 2420 2896 575.
2449 2832 2667 2894 Nicetze
2699 2832 2949 2894 Stethati
2974 2829 3086 2911 Op.
3111 2831 3185 2894 In
3205 2832 3654 2904 Hexaemeron.

279 2923 510 2986 Divitur
536 2916 596 2984 in
628 2923 824 3004 capita
859 2924 932 2986 15
980 2941 1231 3004 quorum
1283 2923 1541 3002 primum
1597 2921 1878 2983 inscribiti

2062 2925 2193 3001 ,όγος
2239 2924 2354 3000 περὶ
2388 2927 2569 3003 ψυχῆς
2618 2926 2705 2979 καὶ
2751 2928 2960 3000 πρῶτον
3005 2924 3121 3000 περὶ
3152 2923 3424 3002 ἀγγέλων,
3460 2959 3542 2972 -
3567 2927 3661 2990 De

275 3014 570 3091 paradiso
593 3013 885 3087 terrestri,
913 3011 1106 3091 capita
1133 3013 1192 3074 5.
1228 3045 1307 3057 —
1349 3011 1521 3072 Aliud
1545 3029 1692 3090 opus
1733 3013 1791 3071 in
1835 3030 1964 3091 cap.
2016 3016 2054 3073 8
2093 3011 2498 3091 distributum,
2549 3029 2799 3091 quorum
2841 3009 3099 3091 primum
3141 3010 3496 3093 inscriptum
3521 3024 3654 3094 est;

281 3102 452 3180 Λόγος
484 3103 853 3180 οροτρεπτικὸς
879 3103 949 3165 εἷς
996 3101 1300 3175 μετάνοιαν,
1336 3107 1452 3164 etc.
1486 3098 1556 3162 ν.
1590 3102 1725 3161 Car.
1759 3101 1880 3161 ϐοᾶς

2054 3143 2067 3158 .
2101 3102 2316 3161 Venet.
2354 3119 2414 3180 p.
2447 3099 2587 3180 301,
2631 3099 2732 3160 ubi
2772 3100 3076 3161 confector
3119 3100 3412 3180 catalogi:
3452 3127 3480 3159 α
3512 3103 3653 3168 Haec

281 3187 526 3262 Nieetaa,
560 3190 664 3262 ait,
698 3206 878 3267 opera
906 3205 1026 3248 non
1055 3197 1447 3249 recensentur
1475 3207 1508 3248 a
1556 3187 2048 3248 bibliothecarum
2081 3188 2492 3268 scriptoribus,
2524 3207 2673 3269 quos
2703 3188 2983 3249 vidimus.
3015 3212 3039 3244 υ
3065 3186 3185 3249 Sed
3205 3189 3404 3251 forsan
3440 3193 3652 3272 partim

285 3286 482 3360 partes
513 3277 933 3357 opusculorum
963 3283 1119 3351 sunt,
1155 3275 1367 3355 partim
1393 3276 1600 3338 eadem
1620 3277 1905 3356 opuscula
1926 3277 2073 3356 ipsa,
2096 3296 2223 3357 quae
2246 3286 2369 3338 tum
2393 3279 2451 3338 in
2478 3277 2609 3339 cod.
2631 3275 2817 3340 Paris.
2844 3295 2978 3337 mox
3003 3279 3388 3339 memorando
3408 3280 3660 3362 aliisque

283 3365 688 3440 nominantur,
723 3373 848 3428 tum
880 3384 1009 3445 quae
1039 3364 1101 3424 in
1133 3363 1278 3424 bibl.
1305 3363 1592 3428 Eseurial.
1624 3373 1879 3427 exstare.
1905 3374 1967 3426 et
1995 3384 2029 3425 a
2058 3365 2268 3426 Pluero
2291 3365 2530 3441 Nicetae,
2561 3366 2872 3441 monacho,
2907 3364 3164 3445 ascripta
3193 3365 3376 3428 fuisse
3391 3386 3568 3449 supra
3597 3371 3660 3432 in

285 3453 494 3517 Niceta
522 3454 836 3533 monacho,
869 3453 1150 3516 vidimus.
1176 3485 1254 3496 —
1273 3453 1512 3515 Parisiis
1540 3456 1594 3515 in
1623 3453 1768 3516 bibl.
1795 3453 1961 3533 publ.
1988 3454 2122 3518 cod.
2147 3454 2284 3529 362,
2315 3474 2373 3517 n.
2406 3453 2498 3530 13,
2528 3455 2720 3534 capita
2752 3453 3040 3514 asceticas
3056 3453 3117 3514 in
3138 3463 3258 3516 tres
3277 3459 3543 3520 centuria
3564 3461 3658 3521 di-

284 3543 434 3606 visa.
465 3578 526 3588 —
556 3545 621 3605 In
643 3542 776 3603 cod.
805 3542 986 3619 2747,
1002 3561 1064 3603 n.
1089 3544 1150 3614 2,
1171 3541 1324 3602 liber
1336 3541 1428 3604 De
1444 3544 1737 3623 paradiso
1759 3542 2174 3614 intcllectuali,
2198 3543 2594 3624 Delibertate,
2621 3544 2707 3606 De
2723 3550 2951 3604 natura
2973 3544 3305 3619 actionum,
3335 3543 3660 3611 Deanimos

280 3631 688 3714 facultatibus
710 3639 768 3692 et
791 3633 1084 3693 oratione.
1111 3665 1186 3674 —
1212 3629 1543 3710 Symeonis,
1567 3633 1852 3711 theologi,
1876 3629 2008 3693 Vita
2027 3649 2060 3691 a
2079 3629 2284 3692 Niceta
2307 3633 2572 3695 Stethato
2597 3633 2838 3711 scripta.
2865 3630 2935 3694 V.
2960 3629 3144 3693 FABR.
3163 3635 3228 3695 Β.
3265 3633 3370 3696 Gr.
3391 3634 3506 3697 vol.
3531 3634 3657 3712 VII,

284 3721 373 3784 De
409 3719 620 3801 elogiis
660 3721 934 3798 vitasque
979 3716 1085 3781 SS.
1139 3737 1198 3798 p.
1252 3718 1390 3792 142,
1448 3719 1543 3782 ed.
1571 3728 1681 3782 vet.
1719 3737 1736 3795 ;
1787 3727 1843 3780 et
1872 3719 1985 3782 vol.
2019 3717 2169 3795 VIII,
2207 3739 2263 3799 p.
2290 3719 2422 3786 136,
2459 3721 2617 3780 inter
2642 3719 2916 3782 Melodos
2949 3720 3302 3783 Grcecorum
3331 3720 3464 3801 Nic,
3497 3722 3561 3786 in
3589 3723 3656 3784 li-

287 3809 460 3872 brum
492 3810 845 3890 hymnorum
878 3804 1190 3887 Symeonis
1219 3807 1429 3887 ms.[in
1460 3807 1604 3871 bibl.
1639 3808 1870 3871 Bodlei.
1898 3807 2030 3870 cod.
2067 3809 2103 3868 5
2128 3807 2346 3870 Barroc
2376 3808 2616 3889 (ΗΑΒι.)

367 3939 556 4021 (2)__Ab
578 3939 723 4021 imp.
750 3938 1157 4021 Constantino,
1191 3939 1928 4021 monomacho,_hortanti-
2009 3936 2396 4021 licgelegatis.
2431 3941 2500 4001 V.
2535 3939 2751 4021 Barca.
2782 3939 2945 4000 Ann.
2995 3939 3204 4004 eceles.
3249 3947 3397 4005 tom.
3445 3940 3548 4021 XI,
3600 3962 3656 4008 a.

283 4021 400 4086 bus
427 4018 760 4083 Humberto
791 4018 1112 4122 cardinale,
1141 4019 1491 4100 caeterisque
1509 4018 1667 4082 sedis
1684 4026 1921 4100 aposto-
2009 4018 2190 4100 1054,
2223 4038 2284 4084 n.
2319 4021 2422 4096 20,
2455 4020 2554 4084 21.
2594 4019 2834 4100 (ΗΑΒι.)

1368 4328 1942 4440 ΝΟΤΙΤΙΑ
2027 4323 2585 4440 ALTERA

531 4561 633 4641 (Ex
663 4563 863 4626 Leone
891 4559 1108 4625 Allatio
1135 4561 1199 4624 in
1228 4559 1496 4626 Diatriba
1522 4558 1598 4622 de
1630 4557 1876 4638 Nicetis,
1907 4559 2066 4641 apud
2095 4559 2310 4623 Maium
2339 4560 2622 4626 Biblioth.
2657 4579 2806 4624 nova
2835 4560 3102 4641 Patrum,
3137 4569 3261 4628 tom
3289 4557 3420 4642 VI.)

369 4846 594 4910 Nicetae
618 4845 894 4907 monachi
923 4844 1136 4907 scribit
1161 4844 1536 4908 Possevimus
1559 4845 1620 4906 in
1642 4844 1963 4908 biblitheca
1981 4842 2278 4907 Sfortiana
2299 4844 2507 4908 haberi
2523 4846 2658 4910 cod.
2686 4847 2801 4909 106
2828 4847 2915 4909 De
2936 4848 3146 4910 animo
3168 4845 3395 4909 librum
3422 4863 3614 4909 unum
3638 4866 3662 4920 ,'

289 4939 383 5002 De
394 4936 683 5015 paradiso
705 4935 1270 5014 contemplationem
1293 4933 1632 5014 ;Epistolas
1647 4935 1902 5014 aliquot;
1927 4936 2009 4996 De
2027 4934 2334 4996 hierarchi
2340 4939 2412 4995 is.
2435 4933 2603 4996 Hunc
2625 4954 2796 5014 porro
2814 4934 3076 4996 Nicetam
3094 4952 3225 4996 esse
3241 4935 3594 4996 monachum
3608 4942 3670 4996 et

295 5025 702 5108 presbyterum
729 5023 942 5098 Studii,
969 5034 1361 5102 cognomento
1387 5021 1738 5098 Stethatum,
1760 5023 1974 5100 colligo
1997 5041 2065 5084 ex
2089 5023 2287 5085 indice
2320 5042 2430 5086 ms.
2457 5022 2662 5086 Graeco
2685 5023 3062 5085 blbliothecae
3080 5021 3424 5097 Escurialis,
3457 5023 3519 5084 in
3550 5043 3666 5103 qua

293 5115 448 5176 inter
475 5114 588 5176 alia
618 5112 870 5175 Stethati
900 5120 957 5174 et
986 5112 1110 5174 htec
1146 5121 1572 5173 recensentur:
1609 5115 1730 5192 Περὶ
1770 5118 1892 5192 ψυχ·

2071 5114 2115 5192 pi
2159 5111 2470 5191 παρκδείσου
2506 5135 2520 5150 ο
2556 5116 2627 5178 εἰς
2677 5119 2773 5180 τῆς
2807 5114 3043 5192 οὐρανίαν
3087 5113 3174 5168 καὶ
3218 5111 3668 5178 ἐκκλησιαστικὴν

294 5207 585 5285 ἱεραρχίαν.
622 5202 714 5264 De
747 5203 990 5278 anima;
1021 5204 1112 5263 De
1129 5201 1426 5282 paradiso
1449 5219 1467 5262 :
1491 5202 1565 5264 In
1586 5201 1874 5263 caelestem
1903 5207 1960 5263 et
1984 5202 2439 5264 ecclesiasticam
2461 5202 2897 5263 literarchiam.
2927 5198 3119 5271 Quare
3140 5199 3216 5261 de
3236 5199 3350 5260 hoc
3375 5197 3666 5274 Stethato,

297 5311 427 5374 quae
454 5292 606 5353 libro
630 5309 692 5366 ll,
718 5291 803 5353 De
851 5291 1238 5354 consensione
1277 5292 1621 5369 ustriusque
1664 5289 1928 5353 ecclesiae
1967 5290 2336 5370 scripsimus,
2387 5291 2448 5351 in
2493 5293 2752 5352 medium
2797 5289 3210 5368 proferamus:
3265 5288 3393 5350 Hoc
3433 5289 3674 5366 nefario

299 5380 599 5444 Cerularii
619 5377 914 5461 exemplo,
940 5379 1052 5442 alii
1073 5396 1303 5458 quoque
1324 5381 1390 5440 in
1410 5377 1675 5452 Graecia,
1695 5381 1802 5458 qui
1820 5395 1953 5440 seeo
1973 5396 2160 5458 usque
2181 5381 2393 5441 tacitos
2413 5396 2480 5441 ac
2500 5384 2835 5441 reverentes
2857 5378 3304 5457 continuerunt,
3319 5375 3548 5438 rubore
3559 5393 3670 5438 ear:-

293 5488 478 5540 cusso,
489 5467 696 5549 palam
716 5484 838 5530 non
851 5484 957 5529 ore
973 5468 1077 5529 sed
1089 5469 1330 5547 scriptis
1341 5468 1518 5530 editis
1534 5473 1600 5529 in
1619 5466 1956 5529 Romanam
1970 5467 2306 5529 Ecclesium
2319 5466 2622 5530 oblatrare
2643 5472 2949 5548 eruperunt
2966 5467 3338 5546 ;eaqueipsa
3349 5471 3534 5527 cetere
3557 5467 3674 5528 Ce-

289 5557 770 5624 ralariiNicetas
780 5555 1030 5634 quidam
1048 5572 1131 5617 ex
1144 5562 1506 5620 monasterio
1527 5555 1756 5630 Studii,
1779 5564 2172 5638 cognomento
2182 5555 2516 5632 Stet/tatus,
2538 5574 2717 5636 quem
2739 5556 2950 5618 Latine
2965 5553 3256 5618 dimerunt
3272 5557 3671 5628 Pectoratum,

297 5647 482 5712 multa
497 5651 855 5713 Latinorum
865 5693 882 5721 ,
895 5651 951 5708 et
958 5646 1258 5726 prwcipue
1266 5647 1343 5709 de
1357 5646 1602 5729 Spiritu
1613 5653 1846 5728 sancto,
1858 5646 1931 5709 de
1942 5649 2203 5727 azymis.
2223 5646 2294 5709 de
2305 5646 2586 5726 Sabbato,
2602 5653 2660 5711 et
2671 5648 2904 5728 nuptiis
2913 5643 3294 5708 sacerdotum
3316 5643 3679 5707 criminatus
