4050 6124
479 168 596 238 347
1739 164 2066 228 NIGETAS
2106 162 2603 231 PEGTORATUS
3756 173 3886 238 848

473 314 579 370 est.
602 302 1022 387 Syntagmatis
1037 301 1412 381 principium
1441 307 1553 364 est.
1583 299 1736 367 Καλὴ
1767 301 1897 378 πρὸς
1927 301 2019 355 τὸν
2046 322 2072 355 τ

2320 297 2527 375 ἀγάπη,
2575 300 2621 355 ὦ
2667 300 2877 356 πάντων
2922 299 3080 356 ἐθνῶν
3130 301 3422 379 σοφώτατιο
3473 299 3747 377 Ῥωμαιοι
3794 306 3885 361 καὶ

473 384 856 476 εὐγενέστατοι.
890 389 1262 467 Scriptumin
1285 388 1493 450 eadem
1517 387 1672 476 urbe
1690 387 2184 476 condemnatum,
2198 384 2571 476 approbante
2592 386 3208 476 quoqueimperatore
3235 388 3490 449 ﬂammis
3521 390 3787 452 exarsit.
3810 390 3886 453 Ut

477 471 714 546 videtur
742 488 963 553 tamen,
983 478 1076 540 vel
1100 476 1412 553 Cerularii,
1446 477 1536 538 vel
1563 474 1752 556 ipsius
1777 473 2036 536 auctoris
2057 471 2250 534 studio
2264 481 2559 548 renatum,
2594 474 2790 535 adhuc
2832 473 2890 535 in
2919 474 3298 541 bibliothecis
3316 477 3631 559 perdurat;
3657 486 3733 539 ut
3757 498 3883 540 uno

479 573 813 651 eodemque
838 577 1129 647 tempore,
1162 574 1223 628 et
1251 566 1402 627 malo
1431 565 1688 627 auctoris
1720 563 1780 624 in
1803 566 2027 639 animo,
2052 570 2109 624 et
2127 568 2609 651 argumentorum
2631 582 2698 626 ac
2725 564 3020 625 rationum
3048 565 3319 630 {utilitate
3342 585 3658 647 perpensa,
3692 568 3878 628 illum

479 662 872 737 detestemur,
896 656 1025 718 haec
1042 673 1180 717 vero
1204 654 1505 736 proposita
1521 653 1838 726 diluamus,
1864 660 1923 714 et
1944 670 2152 713 eorum
2181 650 2358 712 simul
2381 652 2721 728 amentiam,
2751 653 2851 733 qui
2877 654 2985 715 ista
3008 655 3154 716 tanti
3176 656 3419 731 faciunt,
3437 655 3874 733 deploremus.

476 750 599 814 Nec
619 748 800 812 alium
825 747 987 807 hunc
1009 760 1143 807 esse
1163 752 1327 824 puto,
1340 761 1523 824 quem
1548 760 1721 823 quam
1748 740 2148 820 incogitanter
2169 738 2370 813 nimis,
2402 757 2729 821 anonymus
2753 741 2825 801 de
2849 741 3096 804 dissidio
3138 743 3476 807 Graecorum
3515 751 3574 806 et
3613 746 3873 807 Latino-

476 858 611 903 rum
640 836 925 902 Basilium
948 817 1291 913 ,nuncu'pat.
1314 817 1404 890 '“b
1446 854 1504 889 τε
1553 817 1748 910 ili—apo;
1792 817 2075 909 nzc'ptdpxi

2272 817 2578 910 ντιοχείας,
2618 829 2879 895 Νικόλαος
2938 834 2966 888 ὁ
3018 834 3294 908 Μεθώνης,
3351 835 3441 891 καὶ
3498 835 3787 898 Βασίλειος
3846 838 3871 891 ὁ

473 927 823 1010 ἱερομόναχος
855 923 961 981 ἀπὸ
987 928 1088 991 τῆς
1129 919 1373 978 Στουδίου
1416 922 1611 999 μονῆς,
1644 920 1814 999 ὅοτις,
1866 920 1953 975 καὶ
2000 916 2377 983 λατινολέκτης
2423 915 2579 1010 (lego
2600 918 3045 998 Λατινελέγκτης)
3090 921 3290 993 ἐκλήθη
3354 921 3439 978 διὰ
3496 924 3559 978 τὸ
3615 920 3872 1003 ἠκριϐω..

476 1005 650 1096 μένως
729 1015 813 1072 κοὶ
884 1017 1063 1092 σαφῶς
1129 1012 1200 1074 εἷς
1256 1009 1454 1075 πλάτος
1510 1008 1715 1087 ἐλέγξαι
1785 1008 1872 1064 καὶ
1898 1012 2234 1085 παραστῆσαι
2307 1006 2490 1070 αὔτοϊς
2549 1005 2633 1063 διὰ
2708 1006 2964 1065 πλείονων
3022 1008 3446 1091 περοδειγμάτων
3489 1015 3577 1068 καὶ
3651 1034 3872 1090 μαρτυ-

474 1093 624 1187 ῥιῶν,
657 1102 739 1161 ὅτι
807 1103 875 1160 τὰ
922 1100 1014 1168 ἔθη
1068 1106 1232 1157 ταῦτα
1303 1098 1435 1179 ἂπερ
1492 1105 1791 1179 κρατοῦσιν,
1865 1095 2026 1175 ἤγουν
2095 1097 2163 1152 τὰ
2216 1093 2410 1169 ἄζυμα,
2456 1097 2490 1163 ἡ
2564 1098 2789 1175 τήρησις
2845 1104 2951 1153 τῶν
3009 1097 3309 1182 σαϐϐάτων,
3354 1102 3389 1169 ἡ
3446 1099 3729 1183 ἀδιαφορία
3762 1107 3869 1157 τῶν

471 1184 727 1274 πνικτῶν,
788 1193 838 1248 ci
907 1190 1280 1268 ἆνακαθάρσεις
1337 1190 1425 1245 καὶ
1482 1190 1527 1244 οἱ
1568 1186 1863 1264 ραντισμοί,
1936 1187 1987 1240 αἰ
2050 1184 2364 1247 καταλύσεις
2422 1190 2527 1241 τῶν
2598 1184 3181 1266 τετραδοτεαρασιευῶν,
3244 1192 3331 1245 καὶ
3386 1194 3482 1256 τῆς
3541 1191 3700 1267 ἁγίας
3779 1192 3870 1245 καὶ

472 1283 715 1364 μεγάλης
747 1283 1206 1360 Τεσσαρακοστῇς,
1249 1279 1337 1334 καὶ
1393 1278 1459 1333 τὰ
1500 1276 1659 1333 λοιπὰ
1704 1274 1837 1355 ἅπερ
1895 1275 2107 1330 ὃπισθεν
2165 1276 2505 1351 λεπτομερῶς
2548 1275 2857 1354 γράφουσιν,
2916 1283 3079 1332 ταῦτα
3124 1276 3337 1356 ἐλέγξας
3378 1280 3466 1334 καὶ
3506 1282 3868 1358 ’παραστήσας

470 1361 679 1448 αὐτοῖς,
712 1370 792 1428 ὅτι
821 1368 921 1435 ἔξω
954 1370 1040 1426 καὶ
1069 1367 1186 1433 ξένα
1208 1372 1307 1434 τῆς
1333 1364 1600 1445 ὀρθοδόξου
1620 1367 1872 1438 πίστωνς,
1891 1361 2088 1428 καὶὲξω
2100 1368 2197 1430 τῆς
2220 1361 2471 1441 διδαχῆς,
2491 1362 2927 1442 καὶπαραδόσεως
2956 1371 3062 1419 τῶν
3076 1366 3238 1443 ἁγίων
3267 1366 3724 1444 ἆποστολωκεὶσὶ,
3776 1379 3869 1431 καὶ

464 1464 532 1522 τὰ
600 1462 745 1528 ἑξῆς.
780 1461 1000 1520 Petrus
1025 1454 1385 1536 patriarcha
1414 1452 1849 1528 Antiochenus,
1883 1449 2175 1513 Nicotaus
2202 1451 2627 1526 Methonensis,
2662 1457 2720 1513 et
2750 1451 3022 1514 Basilius
3081 1454 3592 1517 Hieromonachus
3626 1474 3710 1519 ex
3726 1473 3871 1518 mo-

470 1549 753 1614 nasterio
770 1546 994 1620 Studii,
1014 1544 1121 1625 qui
1135 1544 1209 1604 ab
1222 1544 1550 1622 arguendis
1565 1540 2200 1621 reprehendendisque
2215 1537 2479 1612 Latinis,
2513 1539 2940 1603 Latinelenctae
2958 1559 3175 1603 nomen
3199 1542 3431 1606 habuit.
3454 1543 3739 1624 Namque
3764 1544 3869 1606 illi

470 1638 678 1718 plane,
692 1640 1090 1713 accurateque
1100 1638 1159 1694 et
1167 1630 1607 1711 prolixioribus
1620 1628 1868 1709 scriptis
1875 1629 2278 1718 redarguit,et
2290 1626 2496 1718 multis
2508 1630 2891 1718 argumentis
2903 1635 3085 1709 atque
3105 1634 3468 1696 testimoniis
3490 1634 3865 1716 comproba-

463 1716 714 1788 uitritus
728 1739 875 1802 quos
890 1721 988 1784 illi
1001 1721 1342 1795 observant,
1357 1737 1584 1797 azyma
1598 1736 1830 1799 nempe,
1848 1717 1935 1780 Su
1946 1718 2264 1789 beatorum,
2268 1719 2293 1791 1'
2303 1719 2357 1794 ej
2364 1716 2610 1789 unium,
2627 1717 3060 1796 suffocatorum
3075 1720 3401 1800 indi/feret:
3413 1724 3581 1796 ’iam,
3601 1741 3679 1786 ex
3706 1742 3860 1803 pur-

465 1814 736 1894 gationes
747 1808 1769 1891 etaspersionesjeriarumquartw
1782 1805 2394 1885 etsexttesolutiones,
2413 1812 2471 1868 et
2487 1808 2684 1867 sancti
2712 1809 3030 1887 magnique
3061 1811 3865 1891 quadragesimalisjejunii

465 1909 519 1965 et
529 1900 796 1982 reliqua,
813 1916 944 1979 quae
956 1903 1118 1961 retro
1127 1896 1528 1977 singulariter
1538 1904 1946 1968 recensentur,
1966 1901 2145 1982 extra
2161 1911 2288 1955 esse
2297 1902 2352 1955 et
2371 1894 2572 1982 aliena
2585 1912 2622 1955 a
2631 1894 2754 1973 ﬂdc
2781 1894 3143 1972 orthodoxa,
3166 1906 3227 1959 et
3251 1899 3551 1973 doctrina,
3582 1908 3638 1963 et
3665 1920 3854 1965 sanc-

464 1981 1088 2069 torum’apostolorum
1103 1985 1455 2048 traditione.
1470 1984 1575 2060 Ita,
1597 1984 1840 2064 inquam
1854 1982 2069 2057 sentio,
2090 1981 2279 2042 donec
2299 1981 2443 2042 mihi
2458 1981 2681 2061 aliquid
2702 1982 2776 2043 de
2788 1983 3004 2043 Basilio
3023 1983 3160 2059 isto,
3180 1986 3231 2046 si
3243 1987 3374 2067 quis
3392 1988 3589 2062 fuerit,
3607 1991 3857 2053 codices

464 2077 852 2158 manuscripti
870 2081 1211 2154 suggerent.
1234 2074 1472 2143 Nicetaa,
1499 2072 2002 2153 quemadmodum
2026 2078 2084 2132 et
2106 2069 2380 2133 Michaéli
2407 2070 3079 2151 Constantinopolitano,
3110 2082 3167 2135 et
3194 2077 3373 2137 Leoni
3396 2078 3849 2155 arcbidiacono,

460 2165 774 2249 respondit
792 2163 1155 2226 Humbertus
1176 2163 1518 2239 cardinatis,
1545 2162 1857 2243 episcopus
1880 2160 2050 2249 Silvae
2068 2158 2343 2222 Candidaa
2370 2159 2503 2239 ;qui
2521 2167 2711 2249 exstat
2730 2159 2801 2221 ad
2829 2161 3053 2223 calcem
3073 2170 3217 2224 tom.
3233 2163 3309 2226 ΧΙ
3326 2165 3589 2241 Baronli,
3615 2177 3674 2229 et
3687 2177 3853 2232 torno

463 2255 540 2319 VI
566 2248 966 2333 Antiquorum
992 2251 1128 2315 lect.
1156 2250 1402 2325 Canisii,
1424 2250 1527 2332 qui
1568 2251 1694 2312 haec
1736 2248 2048 2311 Humberti
2085 2256 2469 2309 monumenta
2505 2266 2581 2309 ex
2626 2248 2905 2311 Bavarica
2945 2250 3308 2314 bibliotheca
3348 2254 3745 2337 deprompsit,
3790 2262 3852 2322 et

459 2344 737 2425 vulgavit.
760 2341 1093 2421 Tractatus,
1121 2342 1222 2421 qui
1244 2341 1306 2402 in
1328 2339 1553 2405 Graecia
1578 2339 1819 2413 exarsit,
1844 2343 2231 2399 conversatus
2244 2336 2407 2397 estin
2423 2336 2726 2417 plerisque
2762 2339 2945 2401 Italiae
2967 2339 3364 2417 bibliothecis,
3410 2336 3849 2409 Mediolanensi

462 2430 1033 2515 Cryptoferrantensi
1051 2429 1471 2493 etBarberina.
1491 2428 1655 2490 Illius
1680 2427 2025 2489 meminisse
2045 2425 2415 2515 Sigebertum
2431 2426 2606 2515 tradit
2625 2425 3024 2504 Possevimus,
3049 2430 3437 2511 posuisseque
3457 2433 3517 2493 in
3539 2434 3845 2514 Apparatu

457 2514 584 2587 non
601 2528 669 2585 ut
689 2520 948 2602 tegatur.
967 2519 1070 2582 sed
1084 2519 1168 2581 ud
1188 2518 1522 2599 ablegetur,
1553 2536 1687 2581 cum
1709 2518 1783 2579 de
1805 2518 2084 2597 conjugio
2098 2514 2504 2590 sacerdotum,
2525 2514 2714 2593 deque
2733 2518 2882 2578 aliis
2902 2519 3225 2599 ejusmodi,
3244 2521 3539 2600 inquibus
3552 2521 3754 2587 Graeci
3785 2532 3845 2587 et

461 2612 671 2673 Latini
681 2610 1069 2688 dissentiunt,
1089 2615 1230 2687 agat
1241 2606 1628 2684 .Quanquam
1642 2605 1800 2685 quod
1814 2623 2049 2667 errores
2061 2604 2489 2665 Armeniorum
2504 2613 2836 2684 oppugnat,
2849 2605 3082 2684 aliquid
3090 2607 3433 2685 fortassead
3444 2628 3571 2673 rem
3583 2612 3836 2677 dixerit.

466 2698 718 2775 Verum,
742 2698 955 2775 fateor,
981 2704 1263 2758 tractatus
1286 2697 1398 2758 iste
1419 2704 1478 2757 et
1496 2697 1643 2757 adeo
1683 2694 1879 2755 tenuis
1922 2692 2271 2772 enervisque
2317 2697 2373 2752 et
2406 2692 2735 2754 rationibus
2770 2694 2922 2755 adeo
2955 2694 3274 2777 incomptis
3313 2698 3747 2771 constabilitur,
3779 2710 3842 2764 ut

464 2787 596 2852 sine
643 2786 978 2848 animorum
1020 2784 1376 2847 oﬂ'endiculo
1425 2783 1698 2846 manibus
1763 2781 2029 2844 omnium
2076 2781 2188 2842 teri
2237 2780 2439 2861 possit,
2484 2789 2544 2842 et
2585 2781 2955 2861 potissimum
2986 2784 3300 2847 Humberti
3349 2787 3520 2849 Silvae
3560 2788 3839 2852 Candida).

457 2875 853 2957 responsione
880 2875 1057 2937 docta
1072 2880 1419 2937 etaccurata
1436 2870 2143 2934 convulsusetrefutatus.
2166 2870 2500 2931 Tractatum
2522 2870 2785 2949 ejusdem
2801 2870 2877 2931 do
2898 2890 3095 2952 azymo
3117 2874 3390 2935 refutavit
3410 2875 3841 2941 Hilariomona-

457 2964 628 3043 chus,
652 2963 921 3028 oratione
940 2962 1015 3025 de
1037 2981 1191 3041 pane
1211 2963 1550 3025 Graacorum
1572 2960 1837 3040 mystico,
1868 2967 1925 3021 et
1945 2958 2291 3020 Latinorum
2313 2976 2542 3037 azymo,
2577 2958 2735 3021 edita
2754 2979 2787 3020 a
2830 2979 2922 3021 me
2963 2960 3163 3024 Graece
3206 2971 3264 3024 et
3309 2965 3504 3027 Latine
3542 2967 3601 3027 in
3632 2968 3827 3046 primo

458 3068 616 3124 tomo
647 3052 884 3117 Gracix
902 3052 1270 3126 orthodoxae,
1303 3069 1435 3131 quae
1464 3049 1711 3130 incipit:
1743 3048 1829 3105 Ἐν
1861 3056 1939 3123 τῷ
1982 3050 2057 3123 μὲ*

2231 3048 2460 3125 ιιεγεσθαί
2488 3070 2555 3123 με
2607 3050 2724 3126 περὶ
2778 3048 2934 3127 ἄρτου
2987 3060 3357 3131 μυστικοῦτῶν
3408 3047 3691 3131 Ἑλλήνων,
3741 3057 3830 3114 καὶ

454 3143 653 3219 ἀζύμου
682 3150 786 3200 τῶν
816 3142 1071 3215 Λανίνων,
1116 3125 1340 3220 ἐδείχθη
1375 3163 1465 3216 μοι
1522 3125 1681 3217 λόγος
1732 3139 1852 3203 ἢτοι
1902 3136 2151 3216 ἐξήγησις
2196 3139 2338 3200 τινὸς
2388 3139 2644 3210 Νικήτου,
2680 3125 2908 3217 inut-pb;
2953 3125 3006 3194 ἐν
3064 3140 3182 3206 τοῖς
3249 3125 3471 3210 "Eli-qm.
3531 3125 3835 3225 σοφωτάτου

450 3230 505 3289 ἐν
534 3232 581 3309 ᾧ
622 3232 721 3308 μὲν
750 3230 924 3288 πολλὰ
952 3231 1069 3308 περὶ
1110 3235 1215 3286 τῶν
1270 3229 1479 3304 ἀζύμων
1533 3228 1587 3283 ἐν
1633 3233 1710 3301 τῷ
1752 3223 1946 3299 δείπνῳ
1989 3233 2083 3282 του
2129 3231 2355 3303 Χριστοῦ
2406 3235 2571 3285 ταῦτα
2620 3224 2701 3289 εἴς
2758 3229 2877 3291 τοὺς
2925 3231 3175 3293 Λατίνους
3207 3232 3482 3311 ἀφήγηται
3515 3251 3527 3263 ·
3564 3223 3715 3297 Cum
3758 3236 3832 3297 de

454 3321 708 3400 mystico
729 3320 1073 3382 Graecorum
1084 3333 1267 3397 pane,
1290 3324 1350 3378 et
1365 3316 1735 3377 Latinorum
1753 3331 1976 3393 azyma
1997 3314 2383 3392 dissererem,
2408 3314 2599 3375 oratio
2626 3314 2786 3376 mihi
2824 3318 3127 3394 quaedam,
3167 3319 3295 3381 sive
3316 3322 3592 3400 exposito
3615 3324 3832 3385 Nicetw

457 3409 795 3487 cuiusdam,
817 3409 1023 3470 Patris
1043 3407 1204 3468 inter
1224 3403 1460 3468 Graecos
1480 3404 1834 3483 doctissimi,
1863 3409 2100 3464 ostensa
2122 3409 2229 3476 est,
2253 3402 2317 3462 in
2336 3418 2458 3480 qua
2475 3400 2579 3463 itte
2593 3404 2891 3482 pleraque
2910 3404 2985 3466 de
3027 3408 3262 3485 azymis
3300 3409 3367 3469 in
3405 3426 3572 3471 ctena
3595 3413 3739 3473 Dom
3749 3415 3834 3474 mi

457 3498 567 3562 sed
594 3497 720 3561 haec
744 3496 1030 3561 adversus
1049 3494 1306 3557 Latinos
1326 3494 1638 3557 discurrit.
1664 3491 1735 3554 Et
1754 3491 1930 3567 infra,
1958 3509 2056 3553 eui

2226 3499 2282 3550 at
2299 3489 2455 3569 ἄνδρα
2469 3490 2903 3573 πεπαιδευμένον,
2931 3494 3130 3555 virum
3153 3496 3460 3560 eruditum
3486 3504 3542 3561 et
3571 3498 3824 3563 doctum.

538 3584 786 3649 Scridsit
813 3585 1015 3666 etiam,
1045 3589 1111 3645 ut
1140 3583 1366 3646 adverti
1395 3581 1790 3655 Possevimus,
1819 3579 2101 3641 adversus
2128 3601 2137 3639 ι

2230 3596 2360 3639 ores
2380 3580 2824 3658 Armeniorum,
2854 3600 3070 3663 nempe
3088 3584 3245 3663 λόγον
3268 3586 3667 3653 στηλιτευτιςῖὸν
3701 3591 3829 3645 κατὰ

453 3682 553 3745 τῆς
581 3684 689 3735 τῶν
718 3675 1007 3756 Ἀρμενίων
1037 3673 1309 3753 αἱρέσεως.
1335 3670 1690 3749 Orationem
1729 3671 2052 3747 con/"utaut:

2231 3673 2607 3730 rmeniorum
2643 3669 2948 3732 haeresim.
2994 3673 3058 3735 P.
3093 3676 3201 3740 Τὴν
3253 3678 3584 3755 συγχυτικήν
3612 3684 3718 3733 τῶν
3746 3676 3829 3735 δῦο

453 3765 682 3845 φύσεων.
714 3766 781 3828 In
812 3763 1119 3836 Vaticana,
1144 3762 1281 3825 cod.
1310 3761 1488 3823 1905.

533 3857 659 3936 Περὶ
684 3861 777 3911 τοῦ
806 3850 890 3909 διὰ
932 3858 1131 3932 χειρῶν
1161 3850 1462 3926 ἀσπασμοῦ.
1500 3848 1589 3911 De
1617 3848 1986 3911 salutatione
2011 3864 2124 3926 per

2111 3864 2124 3879 ο
2154 3864 2399 3909 manus,
2431 3849 2504 3936 Ρ,
2531 3845 2677 3904 Ἀλλ’
2708 3849 2823 3906 οῦδέ
2866 3853 2893 3906 ὁ
2923 3849 3006 3907 διὰ
3051 3854 3248 3931 χειρῶν
3290 3852 3575 3928 ἀσπασμός

532 3934 682 4003 Κατὰ
710 3941 970 4015 Λατίνων,
1003 3942 1057 3996 ἐν
1086 3943 1172 4003 οἷς
1220 3937 1620 4019 βλασφημοῦσιν
1680 3940 1751 4001 εἰς
1796 3940 1858 3993 τὸ
1902 3943 2115 4011 Πνεῦμα
2172 3938 2233 3992 τὸ
2286 3937 2436 4013 ἅγιον
2494 3934 2738 4014 λέγοντες
2796 3939 2856 3995 ἐκ
2908 3947 3000 3997 τοῦ
3058 3944 3177 3996 Υίοῦ
3232 3947 3386 3999 τοῦτο
3442 3941 3828 4022 ἐκπορεύεσθαι,

447 4029 544 4095 Ad
562 4047 772 4092 versus
792 4026 1153 4091 Latinorum
1174 4025 1575 4106 blasphemias
1590 4022 2291 4111 inSpiritumSanctum,
2316 4025 2714 4111 asserentium
2733 4043 2810 4088 ex
2823 4026 2975 4089 Filio
2995 4027 3168 4090 illum
3180 4029 3526 4109 procedere.
3549 4032 3618 4095 P.
3633 4032 3701 4089 Τό
3716 4034 3828 4111 περὶ

449 4125 545 4176 τιοῦ
574 4119 720 4198 ἁγίου
752 4119 1055 4192 Πνεῦματος
1085 4115 1281 4192 λέγειν,
1315 4117 1432 4194 περὶ
1460 4122 1589 4171 Θεοῦ
1610 4112 1783 4191 λέγειν
1814 4114 1973 4174 ἐστίν,
2001 4111 2047 4171 Ε

2224 4110 2550 4173 :videntur
2601 4112 2898 4194 desumpti
2955 4116 3283 4196 syllogismi
3325 4124 3537 4178 contra
3566 4110 3823 4195 Latinos,

451 4205 555 4287 qui
571 4205 853 4267 dicuntur
873 4212 1071 4266 extare
1091 4204 1151 4264 in
1176 4202 1535 4264 bibliotheca
1555 4200 1856 4271 Bavarica,
1882 4199 1990 4261 sub
2042 4198 2246 4287 Niceta
2282 4198 2580 4279 Byzantini
2621 4201 2865 4264 nomine
2909 4206 3043 4265 cod.
3083 4206 3223 4269 420.
3268 4204 3459 4284 Hujus
3490 4207 3631 4267 item
3663 4206 3824 4285 Hugo

450 4292 832 4355 lEtherianus
864 4291 1227 4354 mentionem
1252 4291 1391 4352 facit
1413 4291 1474 4351 in
1491 4309 1596 4352 suo
1619 4307 1802 4370 opere
1824 4298 2032 4350 contra
2057 4286 2290 4349 Graacos
2316 4305 2419 4368 pro
2445 4288 2687 4370 Latinis,
2716 4291 2830 4352 nisi
2882 4293 3034 4355 alios
3072 4294 3170 4356 sit.
3221 4293 3292 4356 Et
3333 4294 3687 4356 verissimile
3715 4303 3822 4377 est,

448 4380 669 4445 Nicetaa
699 4381 1088 4444 cobnomines
1117 4381 1179 4442 in
1203 4380 1305 4442 illa
1328 4380 1582 4459 civitate,
1621 4388 1680 4441 et
1711 4386 1874 4441 tenta
1895 4377 2312 4439 blaterantium
2345 4378 2703 4456 procacitate
2732 4379 2794 4441 in
2844 4382 3034 4463 copia,
3071 4384 3294 4445 multos
3325 4382 3511 4444 fuisse
3540 4384 3643 4464 qui
3675 4401 3827 4446 nunc

449 4470 691 4533 obscuri
719 4477 894 4550 atque
922 4468 1297 4531 illaudabiles
1325 4467 1433 4529 sub
1466 4468 1708 4549 pulxere
1739 4467 2118 4529 delitescunt.

528 4560 671 4623 Vidi
699 4566 1010 4640 praeterea,
1045 4577 1180 4620 cum
1212 4575 1402 4618 essem
1437 4557 1565 4620 Chii
1596 4576 1609 4616 :
1646 4559 1852 4624 Νικὴτα
1884 4567 2125 4636 pom-on3

2224 4557 2238 4611 ὶ
2284 4555 2632 4634 πρεσϐυτὲρου
2680 4565 2771 4614 τοῦ
2828 4559 3093 4637 Στουδίου,
3147 4570 3239 4618 τοῦ
3295 4559 3516 4627 ἐπίκλην
3561 4562 3823 4629 Στηθάτου

446 4648 595 4731 (non
618 4649 775 4710 bene
803 4647 1090 4709 recordor
1122 4645 1319 4725 modo)
1350 4647 1483 4703 κατὰ
1512 4653 1694 4702 πεῦσιν
1724 4649 1812 4701 καὶ
1842 4646 2045 4723 ἆπόιῖριτ

2223 4645 2394 4707 'icetae
2416 4646 2701 4707 monachi
2721 4654 2775 4708 et
2791 4648 3125 4728 presbyteri
3181 4649 3412 4731 Studii,
3440 4659 3822 4730 cognomento

443 4739 731 4821 Stethati,
756 4737 1645 4816 secunduminterrogationem
1665 4742 1720 4797 et
1736 4735 2205 4815 responsionem.
2232 4733 2414 4795 Index
2450 4736 2889 4816 manuscriptus
2925 4738 3364 4802 Escurialensis
3403 4740 3694 4819 explicat:
3731 4744 3823 4799 Καὶ

441 4827 593 4886 ἄλλοι
625 4828 774 4907 λόγοι
804 4829 940 4884 κατὰ
969 4826 1150 4884 πεῦσιν
1178 4827 1267 4882 καὶ
1295 4826 1596 4903 ἀπόκρισιν.
1629 4825 1705 4885 Et
1734 4841 2040 4887 sermones

2080 4824 2181 4884 alii
2199 4824 2526 4885 secundum
2556 4826 3093 4907 interrogationem
3123 4834 3178 4889 et
3207 4829 3679 4907 responsionem.

519 4916 668 4979 Item
706 4902 1004 4999 'Stethato
1062 4913 1403 4976 tribuuntur
1455 4919 1765 4999 Γνωστικῶν
1833 4912 2118 4992 κειοαλαίωε

2221 4914 2494 4977 ἓκατοντᾶς
2528 4902 2582 4969 α’
2630 4932 2643 4948 ⁸
2701 4922 3002 4992 πρακτικῶν
3077 4916 3362 4980 ἐκατοντὰς
3420 4906 3476 4993 β’
3504 4933 3517 4947 ⁹
3596 4926 3820 4999 φυσικῶν

439 5007 726 5071 ὲκατοντὰς
768 4996 825 5085 γ’
859 5024 873 5039 ·
904 5007 993 5063 καὶ
1016 5004 1169 5082 ἕτερα
1196 5002 1458 5084 κεφάλαια
1488 4993 1548 5063 ι²,
1587 5001 2010 5063 Gnoslicorum

2220 5008 2335 5062 tum
2387 5003 2668 5063 centuria
2715 5004 2950 5085 prima,
3004 5006 3384 5084 prai'icorum
3426 4993 3701 5068 centuria
3726 5024 3819 5070 se-

438 5095 704 5159 cundum
730 5095 1120 5177 physicorum
1144 5093 1429 5156 centuria
1448 5095 1653 5167 tertia,
1690 5098 1746 5153 et
1767 5090 1893 5153 alia
1924 5091 2125 5171 capita
2145 5091 2370 5153 decem.
2397 5090 2537 5162 Quae
2559 5100 2869 5155 servantur
2894 5093 3072 5156 etiam
3104 5094 3166 5155 in
3195 5094 3511 5159 Escuriali.
3537 5093 3621 5157 Ita
3644 5094 3821 5160 Index

439 5184 583 5247 illiis
614 5184 1081 5265 manuscriptus.

519 5274 868 5336 Concinavit
895 5280 953 5335 et
966 5270 1330 5354 prooemium
1353 5268 1422 5331 in
1441 5266 1665 5333 librum
1685 5269 2043 5333 divinarum
2063 5267 2315 5330 laudum
2336 5266 2657 5348 Symeonis
2685 5267 2924 5334 abbatis
2951 5269 3297 5336 Xerocerci.
3355 5274 3425 5336 P.
3457 5273 3529 5331 Τό
3558 5272 3674 5330 λὲαν
3702 5273 3819 5331 5w:-

437 5366 650 5422 τατικὸν
681 5386 739 5421 τε
766 5365 855 5421 καὶ
884 5362 1186 5443 διηρμένον,
1219 5360 1345 5416 αὐτό
1393 5380 1451 5415 τε
1480 5362 1542 5417 τὸ
1568 5361 1697 5439 ὑπὲρ
1729 5359 2005 5426 αἴσθησιν.
2032 5371 2036 5403 4

2219 5356 2391 5418 etiam
2423 5357 2690 5419 oratione
2730 5359 2973 5439 scripta,
3027 5362 3297 5443 opposita
3316 5361 3515 5423 eidem
3547 5362 3818 5443 Symeoni

434 5451 689 5516 crimina
715 5451 963 5514 abluere
990 5456 1237 5513 conatus
1267 5454 1379 5512 est.
1412 5445 1865 5531 Oppugnatores
1888 5465 2007 5509 non
2026 5445 2143 5507 alio
2167 5463 2348 5526 quam
2369 5444 2976 5527 hagiocategororum
2997 5451 3239 5514 nomine
3258 5469 3633 5532 nuncupans,
3660 5451 3820 5533 quasi

515 5606 612 5692 (ᾳ)
635 5606 944 5692 Scriptum
958 5609 1074 5671 hoc
1089 5606 1313 5692 Nicetes
1331 5603 1594 5692 Ttethati
1608 5604 1751 5669 satis
1771 5601 2116 5692 breveksed
2132 5601 2458 5692 curiosum,
2493 5603 2795 5669 edidimus
2829 5624 2938 5671 nos
2953 5627 3085 5673 cum
3108 5608 3392 5692 operibus
3419 5610 3486 5675 S.
3518 5606 3815 5674 Theodori

437 5682 687 5751 Studitaa
710 5682 1133 5754 in'Bibimov.
1165 5684 1297 5754 PP.
1327 5692 1371 5747 t.
1402 5686 1472 5765 V,
1506 5693 1658 5767 part.
1692 5702 1760 5763 Il,
1794 5704 1855 5767 p.
1896 5683 2034 5763 118,
2066 5682 2139 5745 Α.
2179 5685 2261 5746 Μ.
