4050 6124
259 303 391 368 649
1775 306 1907 369 MOI

1990 307 2137 369 [‘UM
2990 346 2995 353 -
3525 302 3646 369 850

258 434 372 515 qui
402 434 759 516 Symeonem
791 437 1188 511 incursarent,
1222 435 1590 499 sanctitatem
1622 438 1809 519 ipsam
1833 440 1907 502 cri

1990 439 2318 505 inarentur.
2340 440 2408 503 In
2431 439 2641 502 eodem
2666 438 2924 503 Proemio
2952 460 2966 499 :
2987 440 3234 499 Πιπτέτω
3264 442 3454 521 φθόνοσ
3473 441 3503 497 δ
3521 451 3638 504 τοῖς

259 524 460 609 καλοῖς
491 532 748 602 νεμεσῶν,
780 530 867 583 καὶ
908 528 1187 603 ὑμνεέσθω,
1220 529 1308 582 καὶ
1339 527 1669 606 εὔφημείσθω
1712 532 1739 586 6
1769 531 1944 606 ὕμνων
1974 534 2060 587 καὶ
2113 532 2395 609 ἀγκωμίων
2444 531 2703 587 παντοίων
2751 528 2889 595 ἄξιος
2933 531 3172 606 Συμεών,
3205 530 3338 587 καθὰ
3367 531 3455 586 καὶ
3483 529 3538 586 ἐν
3566 532 3644 604 τῷ

265 605 741 695 Ἀγιοκατηγόρων
769 615 912 694 λόγῳ
941 618 1076 691 μετὰ
1118 617 1366 695 χρήσεων
1411 605 1562 695 ἱερῶν
1592 617 1907 699 πλατύτερον

1990 605 2236 695 ίεθέμεὸα.
2260 605 2828 693 Abentz‘nvidentz‘a,
2852 635 2983 694 qua:
3012 605 3255 697 semper
3290 617 3472 679 bonos
3492 616 3640 681 odit.

265 700 598 779 Laudetur,
632 712 690 767 et
714 706 863 766 satis
889 706 1111 782 faustis
1139 703 1379 765 vocibus
1408 704 1762 780 emtollatur,
1798 709 1904 788 qui
1934 709 2218 771 laudibus
2237 716 2293 771 et
2316 708 2654 786 omnigenis
2677 712 2963 769 mtcomiis
2992 707 3220 787 dignus
3248 711 3336 768 est
3365 705 3641 781 Simeon,

268 793 772 870 quemadmodum
803 795 896 870 ζίη
942 795 1219 856 oratione
1274 792 1567 857 adversus
1608 795 2146 878 Ilagiocategoros,
2197 805 2547 861 sanctorum
2591 794 3056 878 auctoritatibus
3100 794 3400 870 adductis,
3448 795 3645 873 fusius

271 881 758 961 empticaximus.
922 888 963 915 ί
1720 876 1727 877 ί
1949 876 1965 878 “
2932 876 2939 881 “

357 970 422 1030 In
457 973 725 1033 Palatina
754 970 1113 1034 bibliotheca
1136 978 1263 1033 est:
1299 977 1501 1045 Νικήτα
1546 978 1817 1044 Στηθάτου
1844 1000 1907 1034 κα

1993 1002 2018 1032 ν
2048 980 2121 1042 εἷς
2165 980 2255 1033 τὸν
2286 978 2452 1055 μέγαν
2498 978 2752 1056 ἷεράρχην
2800 971 3085 1032 Νικόλαον.
3131 971 3356 1035 Νίσθιω
3382 968 3646 1035 Βτεεήατί

266 1075 469 1121 canon
502 1066 570 1204 {An
600 1079 885 1139 magnum
902 1060 1286 1123 hierarcham
1312 1062 1635 1127 Nicolaum
1664 1064 1907 1127 ACI'OSlit

266 1169 436 1205 μεοον
457 1151 485 1205 6
550 1150 616 1205 ύν
627 1174 735 1205 νος,

1990 1066 2031 1127 is
2062 1072 2187 1127 est:
2228 1066 2414 1147 Στέφω
2455 1087 2535 1142 σε,
2591 1062 2840 1141 Νικόλαε,
2877 1063 3110 1132 Νικήτας
3170 1068 3380 1138 ὕμνοις.
3413 1061 3484 1123 Ρ.
3520 1060 3645 1127 Σὴθ.

266 1169 436 1225 μερον
457 1151 485 1205 6
515 1150 736 1230 λύχνος,

313 1316 339 1325 ο

1651 1482 2306 1594 MONITUM

999 1714 1101 1777 AD
1142 1714 1435 1782 NICETAE
1465 1715 1793 1781 CAPITUM
1828 1712 2305 1780 PRATICORUM
2349 1710 2773 1777 CENTURIAS
2816 1711 3030 1778 TRES.

528 1879 755 1959 (Graece
783 1879 846 1943 in
876 1881 1028 1947 libro
1057 1885 1373 1949 rarissimo
1403 1885 1498 1948 cui
1530 1884 1775 1948 titulus:
1805 1885 1907 1943 Φιλ

1990 1886 2093 1944 ιλία
2123 1890 2228 1939 τῶν
2257 1887 2407 1961 ἱερῶν
2440 1890 2723 1951 Νηπτικῶν
2756 1881 3025 1945 Venetiis
3061 1880 3215 1947 1782
3257 1879 3383 1955 fol.)

355 2251 593 2320 Νικήτας
650 2254 678 2308 6
738 2252 1024 2319 ὁσιώτατος
1098 2256 1445 2336 πρεσϐύτερος
1500 2264 1598 2326 τῆς
1660 2256 1907 2314 Στουδίωει

2080 2257 2347 2334 Nicetas,
2409 2259 2818 2320 sanctissimus
2868 2256 3236 2321 Studitarum
3293 2255 3642 2318 monasterii

270 2345 469 2415 μονῆς,
530 2342 558 2396 6
604 2342 693 2397 καὶ
761 2345 1033 2408 Στηθᾶτος
1089 2345 1522 2424 ἐπικαλούμενος,
1582 2347 1646 2415 ἧν
1702 2347 1758 2403 ἐν
1812 2345 1907 2402 ἔτει

2000 2347 2331 2428 presbyter,
2363 2354 2604 2410 vocatus
2628 2347 2805 2409 etiam
2836 2348 3198 2421 Pectoratus,
3222 2344 3453 2407 vivebat
3479 2362 3638 2407 anno

267 2429 380 2486 ἀπὸ
429 2436 654 2508 Χριστοῦ
707 2429 969 2510 χιλιοστῷ
1025 2441 1342 2514 τριακοστῷ,
1390 2438 1631 2513 μαθητὴς
1687 2459 1907 2517 χρημα-

2000 2443 2132 2515 post
2159 2437 2455 2500 Christum
2486 2435 2802 2497 millesimo
2829 2434 3156 2509 tricesimo,
3180 2433 3512 2497 ﬁdelissimi
3532 2452 3640 2495 no-

264 2518 419 2582 τίσας
462 2519 680 2594 Συμεὼν
709 2528 802 2578 τοῦ
826 2520 941 2577 νέου
1000 2522 1261 2604 Θεολόγου
1292 2529 1319 2583 6
1349 2527 1709 2605 γνησιώτατος
1746 2547 1757 2558 ο
1791 2523 1907 2604 παρ¹

1998 2542 2134 2585 men
2191 2524 2304 2586 sibi
2352 2524 2655 2586 vindicans
2711 2523 2992 2604 discipuli
3035 2521 3330 2585 Simeonis
3377 2521 3639 2584 Junioris

266 2610 333 2665 οὗ
389 2606 562 2664 πολλὰ
631 2608 727 2683 μὲν
808 2608 1011 2685 ἐμυήθη
1096 2620 1192 2681 τῆς
1262 2622 1623 2692 πνευματικῆς
1695 2614 1913 2694 φιλοσο-

266 2696 394 2774 φίας
474 2694 811 2776 μυστηριώδη
911 2702 1220 2782 μαθήματα,
1322 2707 1409 2760 καὶ
1489 2711 1736 2760 τοσοῦτον
1818 2702 1911 2765 τὰς

266 2782 469 2840 ἐκείνου
522 2784 815 2861 ἀνεμάξατο
868 2786 1077 2865 ἀρετὰς,
1155 2792 1228 2854 ὠς
1299 2790 1459 2848 ἄλλον
1502 2792 1741 2871 ἀτεχνῶς
1800 2788 1909 2845 δεί-

265 2876 481 2929 κνυσθαι
524 2881 613 2929 τοῦ
665 2872 976 2932 διδασκάλου
1032 2878 1315 2960 παρήλιον,
1389 2880 1539 2956 ὅλας,
1609 2883 1683 2943 ὡς
1741 2881 1909 2935 εἰπεῖν

266 2960 559 3040 αὖγοειδεϊς
633 2962 1043 3028 ἀντανακλάσεις
1114 2973 1216 3024 τῶν
1289 2969 1488 3025 ἐκείνου
1563 2967 1907 3048 χαρισμάτων

261 3048 740 3135 καὶγδιδαγμάτων
815 3052 868 3107 ὲν
942 3060 1010 3130 τῇ
1070 3059 1224 3135 ψοχῇ
1285 3061 1439 3115 αὐτοῦ
1491 3055 1853 3132 διαλάμποντα
1885 3071 1902 3090 ⁸

262 3134 392 3217 παρ’
439 3140 622 3196 ἑαυτοῦ
651 3137 705 3194 δὲ
758 3140 940 3204 πόνοις
1000 3134 1239 3221 ἀτρύτοις
1296 3160 1418 3209 ταῖς
1472 3147 1633 3209 θείαις
1680 3142 1908 3224 ἀμφιλο-

263 3232 506 3310 σοφήσας
548 3236 810 3312 Γραφατς,
860 3233 1152 3309 πάμπολλα
1207 3238 1296 3293 καὶ
1352 3236 1607 3294 κάλλιστα
1665 3239 1906 3312 νοήματι

265 3317 672 3395 συλλεξάμενος.
759 3329 883 3377 Εστι
955 3320 1000 3376 δ’
1058 3325 1090 3379 ἃ
1146 3327 1231 3381 καὶ
1287 3326 1461 3405 πείρᾳ,
1521 3328 1609 3382 καὶ
1666 3326 1908 3405 μακαρίῳ

1997 2612 2277 2691 theologi.
2325 2607 2495 2693 Apud
2545 2631 2723 2692 quem
2776 2615 2960 2673 multa
3007 2610 3252 2673 edidicit
3293 2610 3507 2672 divina;
3535 2628 3636 2672 sa-

1996 2700 2232 2781 pientiae
2263 2701 2559 2782 mysteria,
2596 2709 2655 2763 et
2683 2701 2764 2763 ita
2797 2702 3089 2782 expressit
3119 2700 3250 2780 ejus
3278 2699 3550 2772 virtutes,
3574 2704 3641 2761 ut

1991 2789 2242 2852 alterum
2274 2809 2409 2851 vere
2440 2789 2748 2853 videretur
2777 2788 3047 2865 magistri
3077 2789 3365 2870 parelion,
3398 2804 3630 2863 omnes,

1990 2886 2053 2938 ut
2091 2878 2172 2939 ita
2221 2879 2437 2959 dicam,
2490 2878 2719 2940 lucidos
2767 2877 3093 2957 gratiarum
3147 2884 3205 2939 et
3232 2876 3635 2938 doctrinarum

1989 2967 2117 3045 ejus
2148 2967 2207 3028 in
2234 2986 2340 3029 sua
2372 2976 2570 3028 mente
2599 2966 2797 3027 radios
2826 2964 3266 3028 reﬂectens.Ex
3290 2964 3485 3046 seipso
3517 2981 3634 3025 au-

1989 3061 2109 3115 tem
2140 3055 2440 3118 continuis
2470 3054 2771 3117 laboribus
2800 3071 2998 3116 sacras
3047 3054 3350 3135 sapienter
3384 3055 3628 3116 edoctus

1989 3140 2345 3225 Scripturas,
2380 3145 2590 3205 multas
2619 3142 2991 3223 optimasque
3020 3145 3344 3204 sententias
3370 3141 3629 3220 collegit.

1990 3230 2137 3293 Sunt
2167 3241 2223 3294 et
2252 3251 2382 3313 qua)
2415 3232 2782 3313 experientia
2831 3239 2889 3292 et
2932 3230 3090 3292 felici
3132 3229 3478 3306 tentamine,
3513 3247 3634 3290 non

1990 3321 2179 3382 solum
2210 3320 2437 3396 didicit,
2462 3320 2566 3382 sed
2598 3329 2655 3382 et
2684 3319 2891 3394 sensit,
2927 3326 2985 3381 et
3012 3319 3181 3400 quasi
3213 3319 3389 3381 fetam
3419 3316 3635 3380 divinis

264 3408 443 3479 πάθει,
477 3408 554 3483 μὴ
584 3408 744 3482 μόνον
793 3411 996 3489 μαθὼν,
1054 3411 1189 3469 ἀλλὰ
1238 3416 1325 3470 καὶ
1380 3416 1581 3488 παθὼν,
1637 3416 1724 3471 καὶ
1752 3414 1907 3471 οἱονεῖ

1990 3408 2655 3491 supernaturalibusque
2688 3407 3141 3487 cogitationibus
3171 3414 3437 3469 mentem
3463 3424 3631 3468 suam

262 3495 529 3573 ἐγκύμονα
600 3496 747 3553 θείων
806 3499 892 3553 καὶ
950 3499 1223 3579 ὑπερφυῶν
1292 3502 1507 3559 ἐννοιῶν
1564 3504 1662 3569 τὴν
1719 3503 1906 3559 ἑαυτου

258 3583 492 3641 διάνοιαν
539 3584 600 3641 ἐκ
638 3585 835 3642 τούτων
892 3587 1136 3646 ἁπάντων
1180 3590 1612 3669 ἀπεργασάμενος
1652 3607 1665 3622 ⁸
1724 3590 1907 3667 ὑψηλὰ

256 3675 350 3730 καὶ
387 3674 664 3753 σοφώτατα
719 3676 1000 3749 πονήματκ
1060 3678 1380 3756 ἀπεκύησεν,
1432 3684 1506 3744 ὡς
1566 3680 1729 3746 ἔξεστι
1786 3682 1905 3759 κρί-

258 3781 367 3817 νειν
437 3774 554 3825 τοῖς
610 3759 983 3847 βουλομένοιςι
1044 3764 1104 3821 ἐκ
1177 3772 1284 3822 τῶν
1342 3769 1703 3847 προκειμένων
1752 3770 1907 3846 τριῶν

261 3847 620 3906 ἐκατοντάδων
693 3853 871 3909 αὐτοῦ.
961 3837 1054 3917 Ἃς
1130 3852 1320 3933 ἀκριϐῆ
1375 3837 1570 3913 κανόνα
1620 3861 1718 3922 τῆς
1773 3837 1908 3934 πρα-

262 3943 454 4005 κτικῆς
507 3939 595 3994 καὶ
664 3938 910 4015 γνώσεως
966 3941 1231 4007 ἀπλανοῦς
1316 3943 1555 4024 ὁδηγίαν,
1641 3947 1729 4000 καὶ
1796 3946 1908 4020 βίου

265 4023 649 4083 θεοειδεστάτου
705 4025 995 4109 τελείωσιν,
1050 4033 1139 4087 καὶ
1170 4031 1401 4096 συνόλως
1446 4023 1639 4105 εἰπεῖν,
1686 4046 1907 4108 ταμεῖον

265 4113 659 4172 πλουσιώτατον
726 4121 824 4183 τῆς
894 4118 1083 4185 ἠθικῆς
1160 4122 1246 4175 καὶ
1331 4120 1690 4199 ἀλληγορικῆς
1771 4120 1908 4185 ἰδέας

267 4202 429 4260 εἰπών
476 4225 578 4278 τις,
631 4204 841 4260 ἅπασαν
892 4205 1003 4283 ἐρεῖ
1053 4208 1152 4275 τὴν
1183 4206 1456 4278 ἀλήθειαν,
1514 4202 1604 4274 Ὠς
1654 4211 1750 4285 μὲν
1807 4210 1906 4289 γάρ

265 4294 397 4379 εἰσιν
453 4291 652 4366 ὑψηλαὶ
700 4305 817 4356 τοῖς
868 4296 1149 4375 νοήμασιν,
1211 4298 1282 4359 ὡς
1326 4295 1380 4353 δὲ
1438 4298 1794 4379 μεγαλήγοροι
1836 4304 1904 4375 τῇ

262 4378 573 4453 καλλιεπείᾳ
601 4386 697 4447 τῆς
730 4382 991 4462 φράσεως,
1042 4383 1177 4439 ὥστε
1226 4384 1419 4465 ἄπορον
1475 4389 1640 4463 εἶναι,
1689 4389 1909 4462 πότερον

258 4466 344 4525 διὰ
364 4470 453 4524 τὸν
481 4467 535 4523 ἐν
570 4473 756 4534 αὔτατς
812 4469 1115 4548 ἐγκείμενον
1172 4480 1313 4545 νοῦν,
1358 4474 1394 4542 ἢ
1454 4474 1539 4532 διὰ
1588 4479 1649 4532 τὸ
1700 4478 1911 4553 κομψὸν

258 4562 363 4614 τῶν
394 4554 611 4637 λέξεων,
654 4559 918 4626 τοσαύτην
948 4560 1107 4639 χάριν
1139 4560 1418 4641 ἐγχεῖσθαι
1447 4578 1571 4629 ταῖς
1597 4572 1704 4623 τῶν
1734 4566 1914 4644 ἀναγι-

264 4645 576 4703 νωσκόντων
607 4650 838 4726 ψυχαῖς,

1991 3516 2061 3559 ex
2092 3499 2185 3560 his
2215 3498 2490 3560 omnibus
2519 3497 2738 3560 eti‘ecit.
2770 3497 2902 3560 Alta
2933 3503 2989 3557 et
3019 3495 3454 3577 sapientissima
3480 3512 3629 3556 con-

1988 3588 2146 3669 cepit
2174 3605 2377 3668 opera,
2414 3598 2478 3649 ut
2518 3587 2772 3667 quisque
2812 3584 3087 3664 judicare
3115 3591 3307 3666 potest
3344 3602 3413 3645 ex
3443 3581 3633 3644 tribus

1987 3676 2270 3737 centuriis
2318 3674 2729 3755 sequentibus.
2773 3673 2929 3746 Quas
2959 3681 3180 3736 certam
3213 3691 3346 3735 esse
3374 3671 3635 3753 pratices

1991 3765 2272 3843 regulam.
2308 3762 2661 3824 infaillibilis
2688 3762 2976 3824 doctrinae
3005 3761 3217 3823 ducem
3236 3769 3297 3824 et
3314 3760 3445 3822 vita:
3473 3758 3628 3822 divi-

1993 3853 2253 3913 nissimae
2309 3851 2760 3932 perfectionem,
2824 3869 2939 3911 uno
2999 3849 3204 3926 verbo,
3266 3849 3627 3911 ditissimum

1992 3942 2256 4002 scientiae
2286 3940 2526 4001 moralis
2548 3949 2608 4001 et
2632 3940 2891 4020 mysticae
2918 3937 3313 4018 repertorium
3345 3938 3448 4017 qui
3469 3936 3634 3999 dixe-

1990 4029 2085 4102 rit,
2121 4048 2355 4091 omnem
2389 4036 2614 4090 asseret
2640 4028 2974 4089 veritatem.
3002 4027 3235 4090 Etenim
3260 4034 3398 4088 sunt
3418 4025 3630 4106 partim

1992 4118 2159 4180 elatae
2188 4116 2519 4197 sententiis,
2554 4115 2767 4196 partim
2797 4115 3019 4195 eloquii
3046 4115 3351 4196 leporibus
3381 4113 3630 4193 prtecel-

1992 4209 2155 4270 lunt:
2188 4206 2270 4268 ita
2297 4214 2361 4265 nt
2390 4205 2625 4265 dubites
2650 4213 2850 4266 utrum
2883 4203 3074 4265 infusa
3105 4204 3165 4264 in
3198 4204 3313 4265 illis
3335 4203 3629 4280 doctrina,

1990 4316 2065 4359 an
2092 4295 2406 4356 verborum
2448 4292 2851 4354 concinnitate
2898 4300 3117 4354 tantam
3149 4292 3210 4354 in
3237 4291 3452 4355 animis
3503 4290 3633 4353 lec-

1993 4393 2185 4447 torum
2209 4381 2648 4445 delictationem
2679 4380 3013 4443 infundant.
