4050 6124
357 191 467 259 851
1192 258 1207 267 ,
1656 181 1956 249 ΝῙΟΕΤιΕ

2191 178 2432 245 ὈΒΑΤΙ
3637 169 3790 233 852

1615 499 2486 676 ΝΙΚΗΤΑ

782 791 1104 845 ΜΟΝΑΧΟΥ
1150 792 1264 844 ΚΑΙ
1305 792 1766 857 ΠΡΕΣΒΥΤΕΡΟῙ
1807 789 1942 841 ΥΗΣ
1988 786 2473 841 ΕΥΑΓΕΣΤΑΤΗΣ
2517 784 2751 838 ΜΟΝΗΣ
2797 788 2931 837 ΤΩΝ
2974 785 3316 840 ΣΤΟΥΔΙΩΝ

1610 973 1835 1059 ΤΟΥ
1901 967 2503 1057 ΣΤΗΘΑΤΟΥ

1335 1167 1654 1219 memor
1698 1164 1977 1218 ΣΥΜΕΩΝ
2018 1169 2146 1220 'ror
2186 1168 2361 1220 NEor
2404 1132 2771 1218 εΕοΛοΓοιί

935 1351 1991 1481 ΠΡΑΚΤΙΚΩΝ
2107 1347 3155 1483 ΚΕΦΑΛΑΙΩΝ

1422 1638 1429 1645 ’
1469 1622 2130 1709 ΕΚΑΤΟΝΤΑΣ
2221 1620 2605 1707 ΠΡΩΤΗ

375 304 3769 358 W

1607 2013 2492 2188 NICET/E
2842 2188 2863 2208 ,
3065 2025 3096 2048 ’

550 2298 890 2367 MONACHI
929 2299 1028 2367 ET
1072 2276 1545 2364 PRESBYTERI
1585 2292 2050 2391 SANCTISSIMI
2091 2290 2580 2360 STUDITARUM
2624 2294 3099 2373 MONASTERII,
3133 2293 3569 2361 COGNOMINE

1019 2465 1471 2548 PECTORATI,
1519 2464 1883 2530 DISCIPULI
1927 2461 2297 2529 SYMEONIS
2338 2460 2671 2530 JUNIORIS
2713 2463 3094 2530 THEOLOGI

1060 2667 2189 2800 PRATICORUM
2296 2666 3059 2799 CAPITUM

1511 2930 2148 3031 CENTURIA
2228 2932 2614 3029 PRIMA

470 3314 525 3378 1.
556 3311 840 3391 Quatuor,
889 3316 957 3371 ut
1001 3306 1277 3384 arbitror,
1321 3308 1386 3370 in
1426 3306 1684 3390 perfecta
1727 3305 2069 3369 virtutuma

2179 3296 2255 3364 α’.
2289 3305 2555 3386 Τέσσαρας
2586 3305 2773 3381 οἴομαι
2802 3307 2895 3370 τὰς
2952 3309 3119 3372 αἰτίας
3176 3310 3321 3366 εἶναι
3365 3309 3419 3365 ἐν
3451 3306 3620 3388 τριάδι
3646 3329 3738 3365 τε-

386 3401 654 3466 trinitate
683 3407 821 3462 sunt
847 3416 1041 3461 causae
1068 3397 1141 3459 ad
1172 3396 1341 3459 utilia
1369 3396 1686 3459 scribenda
1713 3394 1985 3476 impellen

2151 3397 2217 3468 είᾳ
2270 3400 2375 3451 τῶν
2432 3395 2653 3473 ἀρετῶν,
2712 3395 2807 3458 τὰς
2864 3394 2947 3452 ἐπὶ
2995 3398 3056 3453 τὸ
3107 3419 3325 3478 γραφειν
3384 3398 3626 3461 κινούσας
3677 3397 3750 3453 τὰ·

384 3497 472 3555 tes
502 3508 637 3553 eum
660 3488 762 3570 qui
791 3495 1064 3549 recenter
1081 3485 1154 3548 ab
1178 3486 1347 3548 initio
1375 3486 1448 3549 ad
1468 3485 1728 3549 medium
1753 3502 1983 3565 progres

2137 3483 2374 3559 υσιτελῆ,
2405 3486 2494 3540 τὸν
2523 3484 2635 3563 ἄρτι
2664 3486 2725 3540 τὸ
2757 3483 2917 3560 μέσον
2960 3492 3060 3553 τῆς
3112 3486 3290 3567 ἀρχῆς
3346 3488 3736 3567 ὑπερκύψαντα,

383 3597 485 3641 ειιε
506 3585 619 3659 est,
663 3585 722 3639 et
752 3578 825 3639 ad
865 3576 1183 3637 trinitatem
1207 3573 1791 3656 mysticaztheologiae
1810 3590 1982 3653 proce

2138 3575 2190 3630 αὶ
2218 3575 2347 3653 πρὸς
2399 3573 2497 3640 τὴν
2554 3570 2735 3651 τριάδα
2788 3579 2885 3640 τῆς
2945 3581 3202 3650 μυστικῆς
3254 3576 3516 3657 ἐφθακότα
3556 3573 3737 3632 θεολο-

384 3668 492 3729 dit.
524 3666 727 3728 Prima
758 3673 849 3728 est
876 3664 1142 3735 libertas,
1188 3663 1309 3741 illa,
1344 3664 1609 3745 inquam,
1639 3660 1983 3742 impassibili

2137 3661 2240 3726 lac.
2290 3661 2389 3719 Καὶ
2442 3660 2656 3739 πρώτην
2720 3660 2815 3736 μὲν
2870 3662 3012 3719 εἶναι
3070 3665 3166 3730 τὴν
3212 3662 3521 3743 ἐλευθερίαν,
3582 3663 3736 3731 αὐτήν

387 3763 474 3818 tas
497 3754 734 3837 animm,
761 3773 894 3836 quae
916 3772 952 3816 a
972 3752 1268 3815 laboriosa
1288 3754 1451 3834 praxi
1466 3752 1537 3814 ad
1558 3751 1858 3834 physicam
1886 3768 1986 3830 per

2140 3772 2247 3824 »ημι
2303 3748 2402 3815 τὴν
2458 3749 2709 3805 ἀπάθειαν
2782 3755 2881 3816 τῆς
2951 3756 3157 3831 ψυχῆς,
3217 3753 3315 3819 τὴν
3375 3751 3427 3818 ἐξ
3498 3752 3739 3809 ἐπιπόνου

384 3844 549 3909 venit
578 3844 895 3906 creationis
928 3841 1247 3919 theoriam,
1285 3842 1503 3923 ideque
1550 3838 1824 3921 mysteria
1856 3840 1983 3899 theo

2139 3837 2343 3917 πράξεως
2402 3837 2488 3892 ἐπὶ
2546 3838 2645 3906 τὴν
2704 3839 2925 3918 φυσικὴν
2983 3843 3325 3919 προκόψασαν
3380 3841 3593 3917 θεωρίαν
3645 3844 3738 3903 τῆς

384 3933 554 4013 logiae
584 3933 852 4011 ingressa
883 3940 995 3994 est.
1029 3930 1305 3995 Socunda
1338 3939 1427 3993 est
1452 3929 1666 3991 mentis
1696 3925 1983 4009 puriﬁcati

2141 3927 2355 3999 τίσεως,
2387 3927 2474 3982 καὶ
2503 3928 2576 3991 εἷς
2632 3928 2721 3983 τὸν
2779 3928 2967 4007 γνόφον
3027 3934 3125 3995 τῆς
3181 3928 3452 4008 θεολογίας
3484 3927 3740 3985 εἰσελθοῦ-

387 4039 458 4084 ex
479 4021 754 4102 lacrymis
783 4029 844 4083 et
870 4020 1141 4084 oratione
1184 4038 1197 4083 :
1237 4019 1398 4082 unde
1437 4019 1624 4080 oritur
1653 4035 1849 4079 sermo
1881 4016 1986 4076 cha

2137 4037 2207 4071 ταν
2236 4013 2457 4076 ἐκεῖθεν.
2513 4016 2767 4095 Δευτέραν
2822 4015 2900 4091 δὲ,
2944 4018 3042 4085 τὴν
3087 4018 3148 4074 ἐκ
3201 4017 3432 4099 δακρύων
3460 4020 3550 4074 καὶ
3577 4039 3736 4096 προσ-

384 4110 598 4187 ritatis,
625 4118 684 4172 et
726 4111 948 4172 ﬂuenta
989 4108 1414 4187 cogitationum
1448 4108 1798 4170 scaturiunt.
1831 4102 1983 4166 Terti

2141 4108 2283 4182 υχῆς
2312 4103 2404 4159 τοῦ
2447 4102 2564 4168 νοὸς
2620 4105 2952 4184 καθαρότητα
2984 4122 2998 4137 ³
3057 4104 3182 4186 παρ’
3239 4109 3300 4164 οὗ
3357 4110 3384 4163 ὁ
3431 4105 3589 4184 λόγος
3619 4128 3736 4183 γεν-

388 4205 481 4262 est
536 4205 753 4260 sanctae
809 4197 1115 4260 Trinitatis
1173 4198 1238 4259 in
1292 4196 1465 4259 nobis
1524 4192 1987 4257 habitatiozund

2138 4198 2265 4248 ’ἆται
2293 4197 2391 4259 τῆς
2438 4193 2681 4272 χάριτος⁷
2724 4196 2811 4250 καὶ
2856 4195 2921 4249 τὰ
2968 4195 3146 4273 ῥεῖθρα
3202 4196 3430 4273 πηγάζει
3470 4202 3575 4252 τῶν
3614 4217 3737 4260 νοη-

388 4286 670 4368 Spiritus,
702 4287 1128 4349 illustrationes
1160 4305 1292 4367 quae
1333 4284 1582 4365 singulis
1611 4280 1935 4364 puriﬁcatis
1958 4298 1987 4341 a

2139 4280 2315 4368 ιάτων.
2371 4283 2582 4361 Τρίτην,
2634 4282 2733 4350 τὴν
2812 4283 2865 4338 ὲν
2946 4284 3081 4357 ἡμῖν
3158 4288 3258 4350 τῆς
3331 4284 3483 4360 ἁγίας
3534 4279 3738 4362 Τριάδος

390 4392 599 4438 eorum
629 4367 946 4436 utilitatem
979 4374 1284 4456 aﬂ‘ulgent,
1312 4375 1384 4436 ad
1416 4371 1852 4435 manifestanda
1872 4388 1989 4450 mys

2144 4367 2380 4434 νοίκησιν
2415 4385 2428 4399 ’
2487 4368 2539 4435 ἐξ
2590 4373 2655 4437 ἧς
2714 4372 2764 4426 αἱ
2818 4371 3143 4451 φωτοχυσίαι
3200 4380 3293 4431 τοῦ
3340 4371 3639 4446 Πνεύματος
3693 4373 3740 4425 αἱ

391 4462 542 4525 toria
579 4462 748 4542 regni
793 4462 1100 4543 caalorum,
1146 4470 1204 4525 et
1261 4462 1611 4525 revelandos
1658 4458 1990 4523 absconditc

2143 4458 2247 4536 πρὸς
2302 4458 2365 4513 τὸ
2439 4458 2697 4539 συμφέρον
2776 4458 2830 4514 ἐν
2912 4459 3117 4533 ἑκάστῳ
3192 4465 3298 4516 τῶν
3368 4458 3742 4538 καθαιρομένων

390 4551 456 4642 in
513 4550 709 4642 anima
746 4551 1057 4613 thesauros
1118 4551 1250 4615 Dei.
1313 4550 1532 4624 Quarta
1575 4556 1666 4611 est
1717 4546 1989 4609 necessitz

2140 4543 2414 4622 γινόμεναι,
2464 4548 2537 4609 εἷς
2587 4546 2874 4624 φανέρωσιν
2928 4552 3032 4603 τῶν
3092 4548 3389 4626 μυστηρίων
3440 4549 3539 4613 τῆς
3596 4547 3739 4623 βασι-

392 4638 750 4702 incumbens
824 4640 988 4701 omni
1064 4641 1167 4722 qui
1245 4639 1473 4720 accepit
1549 4639 1833 4702 talentum
1912 4654 1991 4697 εει

2142 4634 2264 4697 ιείας
2320 4639 2424 4690 τῶν
2471 4638 2725 4715 οὒρανῶν,
2773 4637 2861 4691 καὶ
2908 4634 3232 4710 ἀνακάλυψιν
3289 4642 3392 4693 τῶν
3449 4634 3741 4715 κεκρυμμέ-

395 4727 591 4791 monis
618 4728 905 4805 scientiae,
926 4721 1170 4810 propter
1200 4729 1305 4792 has
1354 4727 1545 4790 minas
1591 4726 1699 4789 Dei
1738 4723 1989 4786 dicentis

2144 4744 2224 4778 »ων
2256 4721 2309 4778 ἐν
2352 4729 2420 4799 τῇ
2473 4728 2626 4803 ψυχῇ
2668 4728 2941 4803 θησαυρῶν
2992 4733 3085 4784 τοῦ
3128 4732 3280 4783 Θεοῦ.
3339 4726 3628 4805 Τετάρτην,
3653 4728 3743 4791 τὴν

401 4842 430 4875 α
466 4818 648 4881 Serve
680 4817 832 4879 male
887 4825 944 4879 et
998 4817 1190 4899 piger,
1254 4816 1517 4897 oportuit
1564 4821 1622 4876 te
1667 4812 2000 4876 committer

2148 4810 2460 4886 πικειμένην
2490 4812 2747 4890 ἀνάγκην,
2793 4813 2950 4869 παντὶ
2999 4819 3078 4887 τῷ
3124 4814 3186 4868 τὸ
3238 4811 3491 4870 τάλαντον
3549 4810 3745 4869 λαϐόντι

392 4905 717 4987 pecuniam
763 4923 957 4968 meam
1000 4897 1467 4981 nummulariis”
1531 4910 1588 4964 et
1640 4900 1885 4964 veniens
1929 4919 1991 4980 eg

2149 4899 2210 4955 οὗ
2239 4897 2398 4978 λόγου
2426 4902 2525 4967 τῆς
2554 4900 2823 4980 γνώσεως,
2854 4905 2953 4967 τῆς
3003 4900 3226 4967 ἀπειλῆς
3255 4908 3346 4957 τοῦ
3377 4901 3528 4975 Θεοῦ,
3569 4922 3592 4956 ιι
3631 4908 3748 4957 Δοῦ-

393 4994 758 5074 recepissem
794 4994 1001 5075 utique
1026 4995 1185 5076 quod
1215 5012 1417 5057 meum
1449 4999 1540 5055 est
1565 5009 1697 5053 cum
1740 5006 1966 5051 assura.

2148 5011 2180 5045 ,ε
2208 4991 2430 5070 πονηρὲ,
2462 4990 2740 5070 λεγούσης,
2774 4992 2862 5048 καὶ
2909 4993 3124 5071 ὀκνηρὲ,
3170 4990 3271 5048 ἔδει
3328 5015 3385 5049 σε
3438 4990 3747 5050 καταϐαλεῖν

395 5080 486 5145 Ob
546 5100 723 5163 quam
775 5083 1190 5147 necessitatem
1240 5081 1423 5146 David
1474 5081 1685 5142 timore
1734 5076 1994 5158 perculsu

2143 5080 2182 5135 πὸ
2238 5078 2480 5158 ἀργύριόν
2564 5102 2665 5156 μου
2744 5093 2861 5143 τοῖς
2925 5082 3282 5161 τραπεζίταις,
3368 5081 3519 5160 κάγὼ
3573 5079 3742 5155 ἐλθὼν³

396 5169 634 5235 dicebat
666 5187 682 5234 :
721 5194 748 5227 α
781 5168 936 5234 Ecce
966 5170 1123 5234 labia
1170 5190 1304 5234 mea
1342 5189 1462 5232 non
1501 5166 1832 5250 prohibebo
1867 5183 1882 5227 :
1914 5164 1995 5227 Do

2142 5166 2375 5243 ὶπῄτησα
2405 5166 2467 5223 ἂν
2496 5168 2558 5224 τὸ
2586 5169 2713 5245 ἐμὸν
2756 5169 2847 5224 σὺν
2875 5169 3038 5243 τόκῳ.
3099 5190 3123 5227 ι
3166 5166 3247 5224 Δι’
3288 5169 3353 5235 ἣν
3383 5168 3482 5249 ἄρα
3529 5170 3616 5225 καὶ
3646 5178 3741 5224 Δα-

397 5258 583 5335 mine,
632 5266 696 5322 tu
725 5258 911 5322 scisti.
960 5258 1261 5324 Justitiam
1306 5265 1465 5321 tuam
1515 5275 1636 5320 non
1666 5251 1996 5317 abscondii

2148 5252 2205 5311 ἷὶδ
2232 5253 2463 5330 μάλιστά
2517 5254 2762 5321 δεδοικὼς
2807 5254 2984 5336 ἔλεγεν
3018 5276 3032 5291 ⁸
3099 5279 3123 5313 ι
3191 5255 3323 5314 Ἰδοὺ
3374 5258 3441 5313 τὰ
3471 5256 3629 5337 χείλη
3658 5278 3747 5332 μου

396 5346 579 5412 corde
618 5366 753 5413 meo
806 5367 822 5410 :
880 5349 1184 5414 veritatem
1255 5355 1417 5412 tuam
1461 5354 1521 5412 et
1566 5345 1822 5409 salutare
1878 5348 1995 5406 tum

2149 5345 2185 5402 νῦ
2225 5343 2304 5421 μὴ
2362 5343 2609 5425 κωλύσω,
2681 5346 2855 5426 Κύριε,
2919 5347 2981 5404 σὺ
3032 5343 3222 5425 ἔγνως.
3273 5347 3382 5416 Τὴν
3432 5344 3748 5414 δικαιοσύνην
