4050 6124
224 266 389 334 853
1238 263 1779 333 PRAGTICOBUM
1824 261 2164 325 CAPITUM
2208 263 2603 327 CENTURIA
2645 265 2673 325 Ι
3530 261 3652 325 854

232 421 393 480 σου,
472 404 569 460 οὐκ
623 400 821 482 ἔκρυψα
864 401 915 459 ἐν
966 407 1035 478 τῇ
1089 398 1270 480 καρδίᾳ
1318 423 1441 480 μου,
1500 400 1599 467 τὴν
1670 397 1919 469 ἀλήθειάν

2026 392 2148 459 lixi.
2178 397 2310 461 Non
2339 394 2627 459 abscondi
2658 394 3125 459 misericordiam
3145 404 3302 458 tuam
3318 414 3354 458 a
3378 394 3646 459 concilio

234 511 363 545 σου
421 491 510 547 καὶ
564 492 627 546 τὸ
686 490 941 569 σωτήριόν
972 512 1066 547 σου
1095 490 1228 546 εἶπα
1262 504 1275 519 ⁸
1337 493 1430 548 οὐκ
1458 487 1656 567 ἔκρυψα
1685 489 1745 544 τὸ
1776 486 1920 551 ἔλεός
2003 486 2186 548 multo
2215 487 2260 548 ί.
2298 510 2325 542 ιο

238 599 364 635 σου
425 579 516 635 καὶ
569 579 668 647 τὴν
727 578 973 647 ἆληθειάν
1049 600 1142 635 σου
1211 578 1316 635 ἀπὸ
1386 581 1700 656 συναγωγῆς
1780 576 1921 634 πολ-

243 664 408 734 λῆς.
460 688 484 724 n

351 746 438 832 β’.
472 753 647 837 Ἀρχὴ
690 767 781 817 τοῦ
809 757 944 815 κατὰ
973 758 1103 815 Θεὸν
1161 757 1295 834 βίου,
1347 759 1382 826 ἡ
1435 755 1659 813 καθόλου
1701 763 1792 813 τοῦ
1823 757 1922 813 κό-

248 865 421 919 σμου
451 847 614 925 φυγή.
668 846 811 914 Αὕτη
863 845 918 902 δέ
973 846 1112 902 ἐστιν
1154 849 1189 915 ἡ
1232 852 1335 903 τῶν
1392 844 1703 921 θελημάτων
1758 844 1922 925 ἄρνη-

250 957 356 998 σις
393 939 494 1002 τῆς
524 939 733 1015 ψυχῆς,
781 936 869 993 καὶ
915 945 1008 995 τοῦ
1055 945 1250 1017 χοϊκοῦ
1279 937 1612 1016 φρονήματος
1660 938 1695 1003 ἡ
1753 935 1922 1010 μετά-

251 1027 424 1086 θεσις
461 1042 474 1055 ’
536 1021 602 1079 δι’
661 1028 727 1093 ἧς
789 1024 874 1081 ἐπὶ
930 1026 991 1081 τὸ
1031 1028 1176 1082 θεῖον
1231 1024 1612 1105 ἀνατρέχοντες
1656 1024 1922 1105 φρόνημα,

252 1115 627 1189 πνευματικοὶ
654 1113 714 1171 ἐκ
744 1120 1005 1194 σαρκικῶν
1034 1115 1306 1191 γινόμεθα,
1368 1115 1699 1193 νεκρούμενοι
1730 1113 1825 1189 μὲν
1860 1118 1928 1189 τῇ

256 1203 436 1282 σαρκὶ
463 1205 550 1259 καὶ
589 1211 668 1278 τῷ
696 1204 1345 1282 κόσμῳ,ςζωοποιούμενοι
1405 1202 1459 1259 δὲ
1513 1209 1580 1280 τῇ
1638 1207 1812 1283 ψυχῇ,
1872 1201 1926 1256 ἐν

255 1297 493 1371 Χριστῷ
519 1293 607 1349 καὶ
631 1299 708 1368 τῷ
733 1294 1019 1369 Πνεύματι.

362 1369 442 1459 γ’.
502 1379 638 1446 Δόξα
695 1383 879 1461 ψυχῆς
927 1382 1044 1460 περὶ
1111 1389 1243 1442 Θεοῦ
1294 1380 1549 1458 ἀψευδὴς,
1610 1384 1697 1439 καὶ
1751 1383 1925 1444 πίστις

261 1466 572 1533 ἐνδιάθετος
651 1469 707 1525 ἐν
788 1470 1175 1548 καταφρονήσει
1249 1477 1354 1526 τῶν
1441 1469 1743 1549 ὁρωμένων,
1840 1471 1928 1526 καὶ

262 1554 469 1637 πρᾶξις
546 1558 737 1638 ἀρετῆς
791 1557 1061 1638 φιλαυτίας
1131 1558 1307 1626 πάσης
1380 1558 1777 1639 κεχωρισμένη,
1836 1557 1925 1614 ἕν-

2083 753 2144 816 2.
2176 751 2415 815 Initium
2457 753 2590 815 vitae
2620 752 2840 815 divina;
2879 760 2967 816 est
3010 751 3190 816 totius
3240 751 3449 814 mundi
3485 752 3647 833 fuga.

2004 840 2141 903 Haec
2181 849 2375 903 autem
2423 850 2510 904 est
2563 841 2874 922 abnegatio
2925 841 3285 903 voluntatem
3320 843 3555 919 anima,
3592 848 3652 904 et

2006 931 2229 991 terreni
2266 931 2507 1011 spiritus
2548 930 2900 1006 immutatio,
2948 949 3054 1012 per
3083 949 3258 1011 quam
3290 931 3351 992 in
3380 930 3649 995 divinum

2007 1017 2290 1099 Spiritum
2321 1020 2640 1094 avolantes,
2674 1020 3011 1101 spirituales
3039 1038 3111 1082 ex
3139 1020 3481 1082 carnalibus
3512 1038 3658 1083 eva-

2009 1108 2225 1190 dimus,
2257 1108 2577 1171 morientes
2600 1110 2764 1171 carni
2793 1118 2852 1171 et
2881 1110 3127 1182 mundo,
3158 1110 3423 1173 viventes
3449 1117 3651 1173 autem

2008 1196 2221 1260 animae
2248 1198 2310 1259 in
2342 1200 2573 1262 Christo
2607 1206 2665 1260 et
2690 1198 2914 1281 Spiritu
2943 1206 3175 1263 sancto.

2089 1377 2147 1438 3.
2182 1375 2381 1440 Gloria
2407 1376 2620 1439 animae
2646 1377 2720 1439 de
2749 1376 2870 1440 Deo
2902 1396 3021 1440 non
3052 1377 3209 1451 ﬁcta,
3239 1376 3388 1439 ﬁdes
3417 1376 3654 1440 sincera

2008 1464 2066 1526 in
2096 1474 2439 1547 contemptu
2468 1466 2883 1541 visibilium,et
2914 1466 3110 1548 praxis
3137 1466 3368 1529 virtutis
3389 1465 3463 1528 ab
3488 1466 3651 1528 omni

2008 1573 2210 1616 amore
2260 1555 2499 1635 proprio
2542 1564 2870 1637 segregata,
2903 1556 3000 1618 hic
3033 1562 3122 1617 est
3169 1555 3381 1636 triplex
3413 1573 3448 1617 a
3476 1555 3652 1620 Salo-

262 1668 482 1725 τριτον,
554 1648 691 1704 κατὰ
745 1648 834 1704 τὸν
894 1647 1238 1723 Σολομῶντα,
1285 1650 1534 1722 σπαρτίον
1567 1664 1581 1679 ⁸
1631 1649 1658 1703 ὃ
1714 1648 1925 1728 ταχέως

2026 1663 2184 1705 none
2213 1644 2480 1705 laudatus
2521 1645 2839 1723 funiculus,
2873 1645 2974 1726 qui
3004 1644 3249 1707 difﬁcile
3287 1643 3588 1726 rumpitur
3613 1663 3650 1706 a

265 1738 338 1793 οὔ
409 1736 695 1815 ῥαγήσεται
769 1737 911 1817 παρὰ
978 1743 1101 1793 .τῶν
1180 1737 1493 1814 πνευμάτων
1576 1742 1673 1807 τῆς
1758 1761 1925 1805 πονη-

269 1826 429 1904 ρίαςᾼ.

361 1902 434 1975 δ’,
498 1915 675 1971 Πίστει
738 1913 831 1978 τὰς
898 1913 1123 1991 ἀμοιϐὰς
1180 1913 1457 1991 ἐλπίζομεν
1513 1920 1618 1972 τῶν
1672 1915 1924 1991 καμάτων

266 2000 599 2080 ἀπολαϐεῖν,
659 2001 736 2059 διὸ
819 2003 905 2060 καὶ
987 2003 1212 2084 φέρομεν
1293 2005 1413 2068 τοὺς
1498 2006 1688 2068 πόνους
1741 2002 1924 2076 ῥᾳδίως

267 2098 390 2149 τῶν
469 2091 690 2173 ἀρετῶν.
766 2085 895 2151 Ὑπὸ
979 2091 1033 2150 δὲ
1101 2101 1192 2151 τοῦ
1268 2095 1405 2151 θείου
1485 2092 1923 2175 πληροφορούμε-

270 2202 362 2238 νοι
475 2181 799 2258 Πνεύματος,
911 2188 980 2259 τῇ
1090 2183 1275 2261 ἀγάπῃ
1361 2184 1684 2262 πτερούμεθα
1793 2183 1922 2261 πρὸς

272 2269 438 2330 Θεόν.
1611 2287 1617 2293 ‘

369 2348 438 2421 ε’.
487 2361 603 2440 Ούχ
642 2359 766 2419 ὅταν
822 2361 924 2418 ὑπὸ
966 2360 1237 2441 λογισμῶν
1286 2361 1646 2443 ἐνοχλούμεθα
1690 2362 1922 2441 ἀκαθάρ-

280 2469 419 2525 των,
471 2447 575 2517 ἤδη
630 2451 718 2506 καὶ
769 2452 867 2516 τῆς
896 2457 1003 2507 τῶν
1032 2451 1378 2531 ἐνεργούντων
1426 2452 1490 2508 τὰ
1548 2449 1719 2531 φαῦλα
1773 2452 1924 2529 μερί-

279 2532 372 2600 δος
423 2537 672 2615 γινόμεθα
704 2554 720 2572 ⁸
767 2536 884 2595 ἀλλ’
939 2537 1062 2597 ὅταν
1110 2548 1203 2599 τοῦ
1248 2540 1402 2597 τόνου
1430 2540 1623 2606 ἐαυτῆς
1653 2538 1930 2619 ὑποχαλά-

282 2647 425 2683 σασα
466 2628 501 2694 ἡ
532 2627 707 2706 ψυχὴ,
742 2629 830 2684 καὶ
880 2630 908 2684 ὁ
961 2635 1103 2701 νοῦς,
1144 2626 1195 2694 ἐξ
1248 2627 1594 2705 ἧμελημένης
1649 2630 1736 2685 καὶ
1794 2628 1927 2685 ἀκο-

287 2712 487 2772 λάστου
528 2713 751 2789 διαίτης,
786 2715 1031 2781 θολώδεις
1081 2716 1181 2783 ἕξει
1226 2721 1315 2775 καὶ
1358 2716 1596 2783 σκιώδεις
1643 2719 1735 2783 τὰς
1793 2739 1930 2798 φαν-

286 2804 499 2884 τασίας,
556 2806 645 2860 καὶ
698 2808 746 2871 οἱ
800 2807 950 2863 πόνοι
1015 2812 1114 2873 τῆς
1190 2806 1380 2885 ἀρετῆς
1435 2807 1489 2863 ἐν
1544 2808 1763 2884 ῥᾳθυμίᾳ
1830 2808 1929 2872 τῆς

292 2892 521 2970 μελέτης
575 2895 663 2951 καὶ
717 2901 1025 2976 προσευχῆς
1094 2895 1426 2972 ἐπιλείψωσι,
1489 2904 1786 2963 Τηνικαῦτα
1842 2896 1931 2952 καὶ

291 2983 370 3057 μὴ
452 2977 781 3063 ἐνεργοῦντες
873 2986 936 3041 τὰ
1016 2984 1207 3065 φαῦλα,

288 3071 344 3128 ἐν
428 3085 551 3136 ταῖς
633 3071 851 3141 ἡδοναῖς
942 3074 1189 3138 ἐκουσίως
1270 3072 1654 3151 ἱλυσπωμὲνων
1734 3072 1932 3130 ταττό-

293 3164 424 3239 μεθα
434 3204 450 3220 .

368 3239 470 3326 ς’,
535 3249 802 3309 Λυθέντων
844 3250 1048 3331 δὲξτῶν
1105 3252 1343 3334 χαλινῶν
1384 3259 1488 3310 τῶν
1544 3251 1935 3331 ἡγεμονικωτέ-

285 3362 387 3420 ρων
444 3341 760 3416 αἰσθήσεων,
820 3342 1003 3400 αὐτίκα
1052 3342 1148 3401 ’καὶ
1210 3344 1391 3401 παθὼν
1449 3342 1802 3405 ἐπανάστασις
1847 3344 1935 3420 γί-

285 3451 449 3504 νεται,
522 3431 611 3488 καὶ
669 3433 704 3501 ἡ
774 3438 878 3487 τῶν
949 3431 1430 3513 ἀνδραποδεστὲρων
1486 3432 1780 3502 αἰσθήσεων
1842 3455 1936 3490 κι-

280 3527 455 3578 ’νεῖται
528 3520 783 3601 ἐνέργεια.
849 3520 1021 3579 Εῗωθε
1075 3522 1175 3601 γάρ
1231 3544 1343 3585 πως
1398 3524 1433 3590 ἡ
1500 3521 1698 3578 τούτων
1746 3521 1941 3601 ἀλογία

292 3613 396 3665 τῶν
464 3614 563 3675 τῆς
634 3607 937 3687 ἐγκρατείας
1003 3609 1218 3666 λυθεῖσα
1272 3608 1500 3689 δεσμῶν,
1570 3623 1694 3674 ταῖς
1750 3612 1937 3668 αἰτίαις

298 3698 596 3777 ἐπισκιρτᾷν
624 3705 728 3755 τῶν
780 3702 982 3772 παθῶν,
1028 3700 1116 3756 καὶ
1165 3701 1236 3762 ὡς
1288 3699 1340 3755 ἐν
1387 3701 1692 3774 θανασίμοις
1750 3703 1934 3766 αὗταῖς

293 3784 652 3843 ἐπιϐόσκεσθαι
706 3787 886 3861 πόαις,
948 3789 1033 3843 καὶ
1084 3788 1317 3861 τοσούτῳ
1385 3786 1608 3863 μᾶλλον,
1668 3786 1787 3845 ὅσον
1849 3801 1938 3855 καὶ

292 3878 325 3944 ἡ
409 3871 582 3939 ἄνεσις
664 3877 1013 3955 χρονιώτερον
1100 3876 1431 3937 ἐπιτείνεται.
1509 3877 1581 3933 Ού
1661 3877 1759 3956 γὰρ
1838 3878 1934 3932 ἀν-

301 3964 501 4045 έχεται,
573 3964 692 4020 καθ’
747 3966 820 4023 ὧν
891 3972 1120 4045 φυσικῶς
1196 3963 1313 4044 ἔχει
1394 3964 1495 4030 τὴν
1575 3961 1763 4044 ὄρεξιν,

296 4059 447 4113 θεῖσα
557 4060 663 4111 τῶν
743 4053 1004 4135 χαλινῶν,

298 4146 430 4203 σθαι.

367 4222 434 4304 ζ’.
463 4237 580 4291 Τῶν
634 4234 949 4305 αἰσθήσεων,
994 4235 1047 4288 αἱ
1091 4232 1187 4309 μὲν
1222 4236 1391 4290 αὐτῶν
1419 4230 1717 4311 λογικαίτέ
1746 4235 1873 4292 εἰσιν
1908 4252 1923 4266 ⁸

1096 3988 1120 4029 ς
1196 3964 1313 4044 ἔχει
1394 3964 1495 4030 τὴν
1575 3964 1763 4044 ὄρεξιν,
1852 3964 1937 4021 λυ-

1094 4054 1210 4131 ⁸τὴν
1307 4049 1506 4130 μέθεξιν
1604 4053 1937 4132 ἀποκραύσα-

2011 1734 2281 1813 malignis
2311 1733 2647 1814 spiritibus.

2085 1914 2142 1977 4.
2176 1912 2322 1974 Fide
2341 1912 2677 1975 mercedem
2701 1912 2969 1975 laborum
3001 1912 3174 1975 nobis
3198 1910 3648 1974 retribuendam

2006 2021 2334 2082 speramus,
2383 2002 2637 2084 ideoque
2674 2002 2908 2065 labores
2941 2003 3224 2066 virtutum
3255 2001 3426 2064 facile
3460 2002 3647 2064 suﬂ‘e-

2005 2092 2215 2154 rimus.
2276 2091 2522 2153 Fiducia
2572 2092 3087 2174 autemaSpiritu
3144 2099 3348 2154 sancto
3406 2090 3643 2172 repleti,

2008 2180 2291 2243 charitate
2320 2180 2686 2260 volamus:ad
2719 2181 2930 2243 Deum.

2087 2364 2146 2425 5.
2183 2362 2309 2424 Non
2342 2360 2578 2441 quando
2608 2360 3061 2440 cogitationibus
3091 2358 3507 2443 perturbamur
3527 2357 3647 2419 im-

2009 2452 2195 2533 puris,
2234 2452 2355 2531 jam
2388 2452 2546 2512 inter
2571 2451 2854 2513 facientes
2885 2452 3037 2512 mala
3068 2459 3295 2531 partem
3326 2448 3647 2523 habemus,

2010 2542 2114 2603 sed
2145 2540 2378 2621 quando
2409 2540 2483 2600 de
2516 2538 2764 2618 pristina
2800 2539 3015 2599 virtute
3045 2538 3331 2600 deﬁciens
3372 2536 3571 2600 anima
3594 2542 3654 2597 et

2011 2631 2273 2710 spiritus,
2292 2636 2532 2709 propter
2554 2626 2915 2688 indolentem
2945 2627 3415 2708 dissolutamque
3437 2626 3650 2706 vitam,

2012 2737 2280 2783 cmnosas
2337 2716 2576 2778 habebit
2607 2716 3035 2795 etcaliginosas
3062 2717 3378 2796 imagines,
3404 2724 3462 2779 et
3494 2712 3651 2776 labo-

2012 2829 2110 2872 res
2138 2807 2370 2870 virtutis
2402 2808 2458 2867 in
2490 2805 2847 2884 negligentia
2873 2805 3270 2867 meditationis
3288 2814 3345 2867 et
3365 2803 3653 2867 orationis

2014 2897 2351 2960 cessabunt.
2384 2897 2572 2975 Tunc,
2606 2895 2744 2956 licet
2772 2912 2955 2975 opera
3004 2914 3123 2956 non
3160 2894 3440 2956 facientes
3472 2894 3649 2971 mala,

1309 2985 1363 3042 ἐν
1442 2991 1509 3062 τῇ
1593 2985 1746 3065 χώρᾳ
1827 2989 1927 3040 τῶν

2026 2991 2075 3050 in
2132 3005 2338 3049 eorum
2400 3002 2650 3046 numero
2707 2983 2808 3065 qui
2854 2983 2918 3045 in
2972 2983 3367 3065 voluptatibus
3405 2983 3559 3045 ultro
3589 2999 3655 3045 se

2012 3076 2295 3153 volutant,
2328 3073 2692 3136 ordinamur.

2097 3257 2156 3321 6.
2191 3251 2410 3318 Solutis
2440 3258 2638 3314 autem
2668 3251 2855 3314 frenis
2878 3270 3159 3314 sensuum
3182 3250 3423 3333 imperii
3448 3250 3657 3313 nimio-

2019 3365 2179 3425 rum,
2214 3342 2410 3405 statim
2459 3349 2518 3402 et
2563 3340 2868 3421 cupidates
2923 3340 3258 3420 insurgunt,
3295 3348 3357 3403 et
3384 3340 3660 3402 fortiores

2027 3434 2383 3501 suscitantur
2426 3448 2710 3493 sensuum
2761 3430 2936 3491 vires.
2987 3428 3181 3492 Solem
3217 3429 3377 3490 enim
3405 3429 3654 3492 istorum

2024 3526 2274 3605 insania,
2325 3521 2733 3600 temperantiae
2779 3518 2969 3580 soluta
3013 3518 3282 3592 vinculis,
3330 3518 3391 3578 in
3422 3517 3660 3599 objecta

2019 3615 2410 3698 cupiditantes
2460 3609 2774 3698 excitantia
2817 3625 3082 3698 praeceps
3133 3606 3304 3698 ferri,
3332 3606 3401 3698 in
3445 3607 3658 3687 hisque

2020 3693 2313 3786 pestiferis
2360 3699 2528 3780 quasi
2578 3696 2738 3779 pasci
2791 3696 3043 3786 pabulis,
3098 3702 3156 3756 et
3198 3693 3656 3786 Aquidemutanto

2020 3781 2223 3870 inagis,
2259 3798 2476 3870 quanto
2509 3787 2727 3847 diutius
2755 3784 3037 3846 relaxatio
3069 3781 3655 3864 producitur.Neque

2025 3881 2182 3942 enim
2232 3877 2509 3950 sustinet,
2546 3874 2731 3936 frenis
2768 3873 2978 3945 soluta,
3011 3890 3110 3933 res
3155 3890 3189 3932 a
3218 3889 3283 3933 se
3309 3870 3565 3951 rejicere
3594 3873 3657 3932 in

2022 3987 2166 4050 quas
2196 3964 2521 4028 naturalem
2554 3964 2730 4025 habet
2756 3961 3239 4043 propensionem.

2089 4235 2148 4297 7.
2197 4233 2355 4295 Inter
2408 4248 2642 4302 sensus,
2699 4229 2799 4292 alii
2847 4238 2985 4291 sunt
3031 4225 3373 4309 rationales,
3427 4228 3662 4292 scilicet

296 4320 494 4401 ὅρασις,
553 4322 714 4397 ἀκοὴ,
783 4323 871 4378 καὶ
928 4326 1035 4377 τῶν
1094 4317 1267 4377 ἄλλων
1324 4319 1669 4400 ἐμφιλόσοφοί
1723 4345 1780 4379 τε
1837 4325 1922 4380 καὶ

2026 4324 2162 4384 risus
2195 4331 2251 4383 et
2280 4320 2540 4396 auditus,
2578 4319 2680 4399 qui
2713 4318 3107 4399 philosophiae
3135 4337 3203 4381 ac
3221 4317 3453 4399 imperii
3487 4336 3663 4400 capa-

294 4413 732 4491 ἦγεμονικώτεραι
767 4427 782 4444 ⁶
818 4413 869 4466 αἱ
899 4408 971 4487 ’,δὲ
1028 4409 1211 4489 ἄλογοι
1264 4411 1352 4466 καὶ
1397 4408 1684 4477 κτηνώδεις
1719 4427 1732 4441 ⁸
1796 4419 1924 4490 γεῦ-

302 4524 399 4576 σις,
458 4499 734 4581 ὄσφρησις,
807 4498 916 4579 ᾁφὴ
971 4500 1102 4578 πρὸς
1172 4499 1454 4575 ὑπηρεσίαν
1512 4505 1616 4556 τῶν
1674 4498 1924 4579 λογικῶν.

302 4583 524 4668 Ὀρῶμεν
579 4589 678 4668 γὰρ
727 4591 934 4667 πρῶτον
991 4589 1079 4645 καὶ
1133 4586 1414 4662 ἆκσύομεν,
1459 4588 1547 4643 καὶ
1604 4586 1769 4652 οὕτως
1830 4591 1933 4646 ὑπὸ

296 4688 381 4738 τοῦ
406 4677 564 4757 λόγου
611 4678 927 4753 κινούμενοι,
981 4676 1251 4750 ἁπτόμεθά
1304 4698 1362 4732 τε
1417 4675 1507 4733 τοῦ
1558 4678 1927 4757 προκειμένο),

303 4768 382 4825 καὶ
408 4766 830 4847 ὀσφραινόμενοι,
876 4772 944 4842 τῇ
995 4765 1168 4844 γεύσει
1225 4762 1482 4841 διδοῦμεν.
1549 4767 1641 4821 Διὸ
1682 4768 1769 4822 καὶ
1824 4774 1928 4822 τῶν

303 4855 418 4931 δύω,
468 4853 812 4926 ζωοδὲστατοί
842 4857 968 4911 εἰσιν
1028 4857 1076 4911 αἰ
1130 4867 1298 4932 τρεῖς,
1359 4855 1445 4909 καὶ
1501 4854 1765 4934 ἀτεχνῶς,
1826 4856 1923 4911 ἀν-

304 4941 768 5022 δραποδωδέστατοι
801 4960 815 4976 ⁸
877 4944 993 5021 περὶ
1060 4943 1121 5006 ἃς
1178 4949 1282 4998 τῶν
1337 4942 1649 5020 θρεμμάτων
1692 4945 1779 5000 καὶ
1820 4948 1922 5011 θη-

306 5033 414 5112 ρίων
495 5033 561 5087 τὰ
642 5031 1138 5109 γαστριμαργότατα
1219 5030 1307 5086 καὶ
1382 5033 1925 5087 συνουσιαστικώτατα

304 5122 586 5187 πεπόνηται
632 5118 861 5194 μάλιστα
895 5136 909 5150 ⁶
959 5117 1027 5175 δι’
1057 5118 1187 5185 ὅλης
1215 5120 1315 5198 γὰρ
1340 5119 1543 5198 ἡμέρας
1586 5121 1672 5175 καὶ
1714 5123 1921 5198 νυκτὸς,

304 5210 559 5290 ἢτροφῶν
617 5207 904 5278 ἀπλήστως
966 5207 1296 5288 ἐμφορεῖται,
1337 5206 1373 5275 ἢ
1420 5209 1550 5286 πρὸς
1608 5209 1702 5270 τὰς
1745 5209 1929 5287 ὀχείας

305 5304 448 5378 ὁρμᾷ.

376 5378 454 5455 η’.
526 5376 586 5445 Ὀ
642 5386 737 5449 τὰς
792 5385 1049 5465 ἐνεργείας
1108 5391 1213 5441 τῶν
1257 5385 1408 5450 ἐκτὸς
1465 5386 1754 5455 αἰσθήσεων
1797 5387 1929 5464 πρὸς

308 5475 390 5539 τὰς
462 5472 604 5532 ἔνδον
658 5472 855 5552 τρέψας
910 5474 1205 5549 αἰσθήσεις,
1264 5475 1351 5529 καὶ
1404 5473 1502 5539 τὴν
1573 5472 1668 5549 μὲν
1722 5471 1926 5550 ὅρασιν,

382 5608 399 5651 ί
430 5607 586 5672 Psal.
618 5622 817 5683 χχιιι,
858 5605 958 5683 10,
992 5607 1089 5670 11;

2009 4412 2201 4474 ciores
2231 4418 2567 4490 suntquam
2600 4408 2840 4484 caeteri;
2872 4408 2973 4469 alii
3000 4427 3137 4469 vero
3168 4416 3304 4469 sunt
3335 4406 3656 4471 irrationa-

2013 4501 2186 4571 biles,
2219 4509 2275 4560 et
2303 4499 2613 4578 animales,
2655 4511 2719 4558 ut
2762 4505 2989 4577 gustus,
3043 4498 3288 4559 olfactus
3332 4505 3391 4560 et
3441 4505 3654 4576 tactus,

2018 4590 2094 4651 ad
2124 4586 2506 4650 rationalibus
2550 4584 2998 4648 inserviendum
3033 4586 3335 4648 destinati.
3365 4584 3656 4649 Videmus
3733 4647 3740 4653 .

2022 4678 2179 4740 enim
2214 4676 2467 4757 primum
2519 4684 2575 4737 et
2622 4675 2917 4750 audimur,
2965 4675 3170 4756 sicque
3222 4676 3452 4737 ratione
3486 4675 3655 4750 moti,

2013 4767 2241 4846 objecta
2270 4765 2588 4843 tangimus,
2621 4764 2939 4826 adoramur
2987 4773 3048 4826 et
3091 4764 3291 4844 gustui
3338 4763 3650 4826 tradimus.

2010 4855 2211 4936 Itaque
2242 4873 2311 4916 ex
2340 4853 2575 4916 duobus
2607 4871 2888 4915 sensuum
2921 4852 3260 4931 generibus,
3297 4859 3415 4914 tres
3457 4860 3657 4933 poste-

2008 4944 2199 5006 riores
2228 4950 2366 5004 sunt
2394 4946 2652 5004 maxime
2685 4941 2960 5003 bestiales
2989 4961 3056 5003 ac
3080 4958 3320 5022 prorsus
3353 4940 3601 5003 serviles
3638 4958 3654 5004 :

2009 5033 2223 5113 quippe
2253 5050 2402 5111 quos
2434 5030 2731 5111 imprimis
2752 5039 3029 5093 exercent
3051 5032 3323 5110 jumenta
3350 5037 3408 5090 et
3427 5046 3647 5109 pecora

2009 5123 2201 5183 ventri
2240 5130 2297 5182 et
2339 5121 2546 5182 veneri
2598 5119 2850 5181 maxime
2907 5118 3293 5200 indulgentia,
3346 5136 3485 5180 nam
3541 5117 3648 5179 diu

2016 5217 2314 5292 noctuque
2342 5210 2432 5270 vel
2458 5208 2791 5270 insatiabile
2822 5206 2969 5271 cibis
2993 5206 3303 5270 eﬂ'arciunt
3333 5205 3650 5282 abdomen,

2015 5298 2104 5359 vel
2140 5298 2197 5359 in
2224 5297 2570 5359 concubitus
2600 5297 2854 5358 irruunt.

2094 5387 2152 5450 8.
2192 5385 2303 5458 Qui
2333 5404 2571 5447 sensum
2600 5393 2981 5447 externorum
3010 5383 3380 5465 operationes
3409 5383 3653 5462 ad_sen-

2014 5494 2114 5537 sus
2165 5475 2432 5536 internos
2482 5473 2792 5549 convertit,
2848 5480 2911 5537 et
2954 5473 3138 5537 visum
3186 5473 3261 5537 ad
3288 5472 3657 5538 intellectum
