4050 6124
416 232 533 300 855
1694 243 1745 303 Ν
1752 241 1996 306 ΙϐΕΤίΕ
2037 241 2051 302 ]

2149 238 2465 303 ITORATI
3698 225 3850 291 856

413 365 712 433 videntem
761 371 894 433 vitm
932 371 1134 433 lumen
1188 372 1474 448 extendit,
1523 372 1785 434 auditum
1817 391 1954 434 vero
1985 371 2051 432 ad

2149 372 2272 451 πρὸς
2303 373 2392 427 τὸν
2422 374 2624 450 ὁρῶντα
2656 377 2774 428 νοῦν
2803 374 2863 428 τὸ
2907 376 3017 451 φῶς
3075 376 3174 438 τῆς
3228 375 3398 448 ζωῆς,
3445 369 3792 429 ἐκωετάσας
3819 377 3838 390 ⁸

415 459 871 540 conceptionem
901 461 1136 535 animm,
1168 461 1474 522 odoratum
1497 463 1570 523 ad
1596 461 1812 522 mentis
1833 461 2051 541 sagaci-

2149 460 2238 527 τῂν
2268 458 2322 516 δὲ
2353 460 2545 540 ἀκοὴν,
2591 463 2721 540 πρὸς
2751 461 2850 528 τὴν
2897 461 3100 517 σύνεσιν
3155 465 3256 526 τῆς
3301 461 3488 538 ψυχῆς
3524 472 3538 486 '
3585 457 3710 522 τὴν
3777 453 3840 510 δὲ

414 553 615 627 tatem,
648 557 884 626 gustum
932 549 1004 610 ad
1048 549 1296 611 rationis
1344 551 1664 632 judicium,
1719 559 1937 612 tactum
1985 549 2051 611 ad

2149 559 2340 626 γεῦσιν,
2396 552 2526 629 πρὸς
2583 551 2681 616 τὴν
2754 571 2846 606 του
2930 547 3090 627 λόγου
3176 547 3434 625 διάκρισιν
3468 563 3483 578 ⁰
3569 548 3684 613 τὴν
3775 543 3840 600 δὲ

414 634 611 696 cordis
656 636 1017 715 vigilantiam
1065 637 1290 714 dirigit,
1347 639 1446 700 ille
1495 639 1669 700 vitam
1730 639 2051 718 angelicam

2149 636 2416 718 ἕσφρησιν,
2462 640 2594 716 πρὸς
2625 639 2722 706 τὴν
2753 636 2982 694 διάνοιαν
3025 645 3116 694 τοῦ
3159 637 3278 700 νοός
3316 653 3330 666 ·
3377 638 3476 703 τὴν
3525 633 3582 690 δὲ
3627 635 3836 714 ἁφὴ-δ,

413 723 568 784 inter
595 725 870 787 homines
899 725 1143 804 degens,
1180 727 1354 787 homo
1385 729 1542 789 inter
1583 727 1852 789 homines
1882 737 1939 790 et
1969 739 2051 788 est

2149 731 2270 807 πρὸς
2330 732 2390 786 τὸ
2438 734 2538 796 τῆς
2581 727 2792 808 καρδίας
2852 731 3208 804 μετακινήσας
3259 727 3577 806 ἐγρήγορον,
3623 726 3835 804 ἄγγε-

413 819 473 872 et
511 812 764 889 videtur,
821 815 1067 892 angelus
1121 834 1262 876 vero
1309 815 1468 877 inter
1515 817 1758 893 angelos
1791 826 1849 879 et
1879 826 1968 880 est
2001 823 2051 876 et

2149 817 2292 884 λικῆν
2324 816 2462 884 ξωὴν
2493 817 2580 873 ἐπὶ
2608 823 2710 895 γῆς
2761 815 2974 890 διανύει,
3021 815 3288 896 ἄνθρωπος
3348 825 3446 890 μὲν
3491 816 3831 894 ἀνθρώποις

413 900 686 964 habetur.
2136 907 2223 961 καὶ
2265 905 2362 982 ὢν,
2411 907 2497 962 καὶ
2550 906 2816 984 ὁρώμενος
2847 922 2863 937 ⁶
2918 901 3142 984 ἅγγελος
3185 903 3240 960 δὲ
3297 904 3544 984 ἀγγέλοις
3588 907 3826 984 συνὼν,

2135 996 2223 1050 καὶ
2257 995 2567 1069 νοούμενος.

2213 1073 2282 1144 θ’,
2322 1084 2419 1139 Διὰ
2446 1082 2544 1157 μὲν
2593 1092 2687 1142 τοῦ
2734 1084 2960 1162 δρῶντος
3014 1084 3156 1156 νοὸς,
3221 1084 3281 1138 τὸ
3339 1105 3450 1162 φως
3479 1086 3578 1152 τῆς
3610 1083 3824 1140 ἐνθέου

2134 1177 2302 1244 ζωῆς,
2363 1173 2466 1228 τῶν
2524 1170 2902 1252 κεκρυμμένων
2961 1173 3261 1250 μυστηρίων
3317 1178 3448 1229 Θεοῦ
3489 1173 3590 1240 τὴν
3637 1179 3828 1250 γνῶ-

2136 1283 2216 1316 σιν
2261 1259 2600 1336 λαμϐάνομεν
2637 1280 2649 1292 ·
2711 1257 2794 1316 διὰ
2850 1258 2903 1315 δὲ
2947 1265 3046 1327 τῆς
3103 1260 3359 1323 συνέσεως
3414 1266 3512 1328 τῆς
3570 1267 3816 1342 ψυχῆς,

2131 1349 2226 1412 τὰς
2270 1347 2550 1410 ἀναϐάσεις
2600 1349 2654 1405 ἐν
2703 1354 2771 1425 τῇ
2825 1347 3009 1426 καρδίᾳ
3063 1354 3167 1406 τῶν
3221 1347 3492 1428 λογισμῶν
3549 1348 3822 1408 διατιθέ-

2132 1441 2264 1511 μεθα
2319 1438 2453 1513 μετά
2496 1437 2770 1517 γνώσεως,
2824 1436 3171 1516 διακρίνοντες
3219 1437 3324 1494 ἀπὸ
3378 1444 3484 1495 τῶν
3539 1441 3818 1511 κρειττό-

493 1077 550 1137 9.
587 1080 704 1141 Per
729 1079 1096 1144 intellectum
1119 1081 1418 1143 videntem
1440 1081 1642 1142 lumen
1667 1081 1799 1142 vitm
1816 1081 2050 1155 divinm,

411 1167 776 1228 occultorum
795 1169 902 1230 Dei
927 1173 1334 1252 mysteriorum
1369 1170 1633 1230 notitiam
1658 1169 2048 1250 percipimus;

413 1273 520 1335 per
558 1258 1007 1338 conceptionem
1053 1261 1286 1333 animm,
1323 1259 1702 1320 ascensiones
1733 1257 2052 1338 cogitatio-

410 1362 554 1405 num
579 1344 640 1405 in
663 1345 843 1407 corde
873 1348 1242 1428 disponimus
1271 1367 1402 1409 cum
1438 1348 1705 1418 scientia,
1753 1348 1988 1426 pejores
2017 1365 2051 1407 a

411 1433 757 1496 melioribus
787 1435 1236 1516 discernentes;
1281 1455 1386 1518 per
1432 1437 1681 1498 rationis
1727 1436 2043 1516 judicium,

2132 1549 2234 1582 νων
2262 1527 2382 1589 τοὺς
2408 1527 2654 1605 χείρονας
2681 1546 2696 1560 ⁸
2741 1525 2823 1588 διὰ
2877 1525 2930 1582 δὲ
2978 1532 3075 1594 τῆς
3124 1533 3216 1583 τοῦ
3257 1525 3417 1605 λόγου
3472 1525 3814 1607 διακρίσεως

2131 1614 2197 1670 τὰ
2226 1611 2345 1680 εἴδη
2394 1620 2498 1668 τῶν
2548 1615 2830 1690 νοημάτων
2884 1614 3272 1692 ἀπογευόμεθα.
3331 1616 3430 1672 Καὶ
3471 1615 3537 1670 τὰ
3597 1617 3699 1690 μὲν
3738 1617 3811 1674 ἐκ

2131 1709 2321 1782 πικρᾶς
2391 1703 2624 1782 φυόμενα
2679 1704 2848 1784 ῥίζης,
2923 1705 2958 1772 ἢ
3030 1705 3487 1778 μετασκευάζομεν
3542 1702 3629 1760 ἐπὶ
3685 1708 3803 1774 τήν

2133 1787 2386 1866 γλυκεῖαν
2433 1787 2672 1844 ἀνάδοσιν
2719 1796 2817 1857 τῆς
2862 1795 3068 1870 ψυχῆς,
3117 1789 3153 1857 ἢ
3195 1789 3490 1856 καθολικῶς
3533 1790 3803 1850 ἀποϐαλ-

2133 1876 2330 1952 λόμεθα
2360 1895 2374 1910 ⁸
2417 1879 2482 1934 τὰ
2510 1875 2562 1932 δὲ
2593 1877 2653 1934 ἐκ
2681 1880 2909 1954 βοτάνης
2955 1879 3158 1938 εὐθέτου
3215 1881 3302 1936 καὶ
3344 1879 3573 1960 χλοερᾶς
3621 1905 3802 1962 προσ-

2136 1965 2338 2041 ιέμεθα,
2412 1973 2514 2022 πᾶν
2575 1967 2752 2042 νόημα
2832 1967 3314 2047 αἰχμαλωτίζοντες
3386 1971 3460 2030 εἰς
3516 1970 3616 2037 τὴν
3675 1973 3800 2027 ὑπ-

2135 2055 2302 2120 ακοὴν
2356 2062 2447 2111 τοῦ
2491 2063 2737 2134 Χριστοῦ.
2775 2057 2871 2110 Διά
2901 2055 2954 2111 δὲ
2997 2061 3095 2123 τῆς
3124 2063 3216 2113 τοῦ
3245 2059 3362 2120 νοὸς
3405 2055 3661 2132 διανοίας,
3695 2071 3798 2119 τοῦ

2137 2153 2326 2208 νοητοῦ
2383 2145 2542 2224 μύρου
2606 2147 2704 2212 τῆς
2769 2153 2861 2201 τοῦ
2917 2145 3218 2220 Πνεύματος
3279 2145 3498 2225 χάριτος
3557 2147 3794 2228 ὀσφραι-

2137 2232 2352 2307 νόμεθα,
2434 2233 2753 2312 εὖφροσύνης
2823 2235 2909 2290 καὶ
2989 2232 3351 2312 ἀγαλλιάσεως
3407 2237 3507 2302 τὴν
3569 2236 3791 2316 καρδίαν

2136 2318 2491 2398 πληρούμενοι
2527 2337 2540 2350 ⁸
2573 2318 2656 2375 διὰ
2702 2319 2756 2376 δὲ
2783 2327 2878 2387 τῆς
2925 2321 3213 2400 ἐγρηγόρου
3243 2319 3478 2402 καρδίας,
3524 2331 3614 2380 τοῦ
3657 2323 3788 2404 δρο-

2136 2409 2365 2478 σίζοντος
2395 2407 2590 2465 ἄνωθεν
2648 2410 2954 2485 Πνεύματος
3001 2411 3100 2477 τὴν
3142 2409 3313 2490 φλόγα
3363 2415 3464 2477 τῆς
3506 2411 3783 2488 ἐπιθυμίας

2135 2498 2288 2572 ἡμῶν
2318 2503 2423 2553 τῶν
2453 2497 2654 2573 καλῶν,
2688 2499 2724 2568 ἢ
2757 2500 2844 2555 καὶ
2875 2499 3241 2578 θερμαίνοντος
3273 2499 3364 2562 τὰς
3407 2505 3776 2582 καταψυχθεί-

2134 2608 2230 2650 σας
2259 2585 2499 2662 δυνάμεις
2543 2589 2695 2662 ἡμῶν
2745 2594 2823 2662 τῷ
2876 2590 3016 2668 κρύει
3075 2588 3180 2644 τῶν
3235 2591 3436 2662 παθῶν,
3489 2592 3773 2656 εὖσυνέτως

2135 2675 2550 2750 ἐπαισθανόμεθα
2561 2724 2574 2738 ,

442 2757 454 2768 ’
502 2775 594 2828 10.
629 2765 793 2830 Sicut
823 2787 1070 2850 corpore
1101 2778 1300 2832 nostro
1333 2771 1624 2852 quinque?
1645 2777 1780 2830 sunt
1819 2787 2049 2844 sensus,

2217 2755 2274 2821 ι’.
2313 2765 2556 2844 Καθάπερ
2584 2771 2660 2840 τῷ
2713 2765 2918 2841 σώματι
2966 2767 3119 2840 ἡμῶν
3167 2767 3432 2836 αἰσθήσεις
3489 2767 3641 2824 πέντε
3697 2771 3770 2825 εἰ-

415 2855 596 2932 visus,
650 2857 908 2932 auditus,
940 2867 1168 2937 gustus,
1220 2859 1589 2940 odoratusfet
1616 2867 1804 2920 tactus
1834 2881 1846 2918 :
1882 2859 1966 2920 sic
1998 2866 2051 2920 et

2149 2855 2234 2927 τὶν,
2285 2852 2486 2933 ὅρασις,
2517 2853 2677 2928 ἀκοὴ,
2734 2860 2933 2932 γεῦσις,
2965 2852 3244 2935 ὄσφρησις,
3289 2857 3376 2911 καὶ
3419 2855 3522 2934 ἁφή
3556 2873 3574 2891 ⁸
3629 2857 3761 2912 οἵτω

417 2945 631 3006 animm
680 2945 741 3006 in
795 2945 1003 3007 eodem
1053 2965 1304 3008 numero
1337 2947 1596 3028 quinque
1645 2956 1778 3011 sunt
1819 2965 2049 3022 sensus,

2149 2945 2224 2998 ιιαὶ
2251 2948 2320 3018 τῇ
2365 2947 2518 3021 ψυχῇ
2571 2943 2707 2998 κατὰ
2754 2945 2843 2998 τὸν
2895 2945 3048 2999 at")er
3107 2943 3324 3020 ἀριθμὸν
3381 2944 3524 3000 πέντε
3582 2946 3754 3015 αἰσθή-

416 3033 779 3108 intellectus,
807 3035 979 3109 ratio,
1012 3053 1225 3097 sensus
1249 3017 1683 3104 intellectualis.
1711 3035 1966 3115 cognitio
1999 3044 2051 3096 et

2149 3053 2247 3094 σεις
2280 3031 2376 3086 εἰσί
2409 3050 2421 3062 ⁶
2484 3037 2624 3110 νοῦς,
2669 3030 2850 3109 λόγος,
2902 3031 3149 3098 αἴσθησις
3203 3033 3377 3110 νοερὰ,
3423 3039 3633 3109 γνῶσις,
3673 3038 3762 3090 καὶ

421 3122 691 3186 scientia.
743 3123 879 3185 Hmc
927 3131 1122 3185 autem
1177 3123 1250 3184 ad
1291 3132 1408 3185 tres
1450 3133 1800 3186 revocantur
1845 3123 2051 3184 animm

2149 3119 2436 3194 ἐπιστήμη,
2498 3121 2586 3182 Εἰς
2641 3132 2784 3199 τρεῖς
2850 3117 2904 3176 δὲ
2973 3127 3041 3195 τῇ
3099 3124 3252 3200 ψυχῇ
3296 3121 3556 3199 ἐνεργείας
3613 3133 3767 3182 ταῦτα

417 3211 742 3286 facultates,
778 3211 1004 3273 scilicet
1033 3213 1427 3292 intellectum,
1451 3212 1742 3274 rationem
1777 3222 1834 3274 et
1861 3212 2051 3275 sensi-

2149 3207 2416 3284 συνάγεται
2453 3221 2464 3234 '
2514 3207 2588 3269 εἰς
2641 3215 2782 3286 νοῦν,
2843 3207 2916 3268 εἷς
2973 3205 3156 3292 λόγον,
3217 3208 3289 3270 εἷς
3346 3205 3617 3274 αἴσθησιν.
3685 3211 3772 3268 Καὶ

420 3301 728 3364 bilitatem.
765 3305 878 3366 Per
905 3302 1270 3365 intellectum
1303 3301 1709 3380 cogitationes,
1745 3322 1850 3384 per
1882 3302 2051 3364 ratio-

2149 3292 2223 3350 διὰ
2253 3295 2348 3370 μὲν
2389 3301 2481 3350 τοῦ
2508 3298 2650 3374 νοὸς,
2683 3297 2776 3358 τὰς
2807 3294 3104 3365 διανοήσεις
3138 3313 3154 3330 ⁸
3212 3293 3295 3351 διὰ
3352 3293 3408 3350 δὲ
3464 3306 3557 3356 τοῦ
3598 3299 3770 3377 λόγου,

420 3407 558 3452 nem
585 3390 1121 3472 interpretationes,
1152 3409 1256 3473 per
1285 3381 2051 3472 sensibilitatem—imagines

2149 3384 2232 3446 τὰς
2263 3383 2540 3460 ἑρμηνείας
2573 3399 2586 3412 ⁸
2641 3381 2723 3438 διὰ
2771 3388 2868 3450 τῆς
2929 3385 3217 3453 αἰσθήσεως
3278 3381 3354 3456 δὲ,
3422 3386 3518 3448 τὰς
3577 3409 3769 3466 φαντα-

420 3477 637 3541 divinm
667 3471 1020 3559 cognitionis
1050 3489 1106 3542 et
1136 3471 1401 3542 scientim
1431 3481 1814 3564 percipimus.
1900 3471 1909 3472 ί

2149 3471 2254 3534 πίας
2308 3477 2405 3538 τῆς
2461 3473 2601 3534 θείας
2674 3471 2974 3547 ἐπιστήμης
3045 3474 3134 3528 καὶ
3200 3473 3446 3551 γνώσεως
3516 3473 3764 3550 λαμϐάνο-

2142 3581 2261 3634 μεν.

2221 3638 2316 3710 ια’.
2354 3639 2412 3706 Ὀ
2459 3649 2550 3704 τὸν
2607 3655 2725 3704 νοῦν
2782 3647 2925 3728 ἔχων
2976 3649 3070 3711 τὰς
3127 3647 3418 3720 διανοήσεις
3464 3659 3570 3709 τῶν
3626 3651 3766 3731 λογι-

409 1521 640 1602 species
686 1523 954 1586 idearum
1010 1534 1330 1605 gustamus.
1367 1534 1425 1586 et
1463 1545 1594 1606 qum
1624 1545 1692 1586 ex
1727 1523 1878 1585 mala
1906 1533 2048 1586 ortm

409 1619 544 1671 sunt
593 1611 816 1688 radice,
866 1614 956 1674 vel
1007 1615 1497 1676 transformamus
1537 1613 1835 1689 infdulces
1885 1631 2048 1674 escas

403 1701 618 1761 animm
647 1700 1108 1776 distribuendas,
1141 1706 1230 1765 vel
1256 1704 1496 1764 omnino
1535 1703 1880 1782 rejicimus;
1912 1721 2050 1782 qum

405 1806 542 1850 vero
577 1807 646 1848 ex
678 1789 834 1850 bona
863 1799 921 1852 et
947 1792 1124 1854 viridi
1159 1793 1356 1872 planta
1387 1793 1762 1872 proveniunt,
1795 1791 2050 1852 admitti-
2071 1782 2110 1830 Β

411 1895 566 1951 mus,
624 1896 861 1939 omnem
919 1881 1333 1959 cogitationem
1385 1879 1744 1960 captivanles
1795 1880 1854 1940 in
1900 1880 2049 1942 obe-

408 1965 692 2028 dientiam
725 1967 966 2033 Christi.
1005 1970 1119 2032 Per
1141 1969 1358 2030 mentis
1390 1969 1789 2045 sagacitatem,
1825 1969 2050 2029 intelli-

409 2054 620 2134 gibiles
639 2055 842 2134 gratim
873 2058 1116 2138 spiritus
1146 2059 1364 2120 oderes
1387 2058 1715 2129 olfacimus,
1752 2058 1964 2136 gaudio
1996 2066 2055 2119 et

409 2143 803 2206 exsultatione
851 2147 1048 2208 cordis
1109 2147 1342 2228 repleti,
1395 2149 1506 2210 Per
1556 2147 1753 2208 cordis
1799 2148 2055 2228 denique

408 2232 794 2310 vigilantiam,
821 2233 1108 2316 Spiritum
1149 2236 1320 2298 nobis
1353 2236 1706 2298 irrorantem
1764 2237 2052 2297 bonorum

411 2321 851 2384 desideriorum
895 2326 1223 2398 ﬂammam,
1278 2326 1368 2387 vel
1404 2325 1848 2386 calefacientem
1902 2327 2054 2387 vires

413 2418 645 2510 nostras
723 2412 1112 2493 cupiditatum
1189 2415 1408 2495 frigore
1473 2415 1740 2494 algentes
1797 2415 2056 2495 perfecte

415 2507 728 2560 sentimus.

507 3658 601 3720 11.
634 3656 747 3754 Qui
785 3657 963 3754 habet
992 3659 1351 3722 intellectum
1385 3659 1804 3754 pe_r:_eptiones
1833 3660 2054 3736 cogita-
2221 3671 2273 3748 ια
2303 3695 2316 3710 .
2357 3656 2412 3754 ‘9
2446 3670 2469 3754 ζ

419 3743 646 3806 tionum
673 3746 824 3810 bene
847 3747 1310 3825 discernentem,
1335 3737 1611 3810 etdivina
1640 3749 1888 3828 cogitata
1917 3769 2051 3832 pure

2149 3738 2290 3812 σμῶν
2337 3737 2394 3794 εὖ
2441 3737 2787 3815 διακρίνοντα,
2836 3739 2925 3794 καὶ
2980 3739 3044 3793 τὰ
3085 3741 3204 3794 θεῖα
3245 3741 3490 3814 νοήματα
3546 3745 3767 3821 καθαρῶς

2312 3825 2321 3841 Ι
2587 3827 2600 3844 \
2703 3823 2748 3844 ᾗ.
2821 3824 2841 3844 Ἴ
2872 3826 2882 3844 Ι
3069 3828 3081 3844 ε
3331 3829 3342 3844 ι
3493 3836 3516 3844 -

420 3833 859 3928 admittentem,
893 3839 1184 3928 rationem
1217 3824 1354 3900 vero
1388 3824 1875 3918 interpretantem
1910 3824 2051 3922 phy-

2149 3825 2506 3906 προσιέμενον,
2554 3827 2642 3881 τὸν
2698 3824 2752 3880 δέ
2821 3824 3004 3904 λόγον,
3064 3828 3389 3905 ἑρμηνευτὴν
3451 3836 3557 3885 τῶν
3627 3853 3766 3910 φυσι-

417 3921 573 3984 sicos
626 3915 853 3986 motus—
891 3927 1083 3989 omnis
1149 3937 1434 3990 creaturae
1493 3915 1776 4001 visibilis,
1835 3915 2051 4002 id'es't,

2149 3922 2249 3970 κῶν
2306 3916 2565 3983 κινήσεων
2621 3919 2718 3980 τῆς
2794 3915 3068 3993 ὁρωμένης
3123 3915 3335 3982 ἁπάσης
3378 3918 3622 3997 κτίσεως,
3665 3919 3770 3981 τοὺς

415 4011 677 4074 rationes
728 4015 950 4076 entium
1007 4025 1442 4096 penetrantem,
1478 3999 2051 4099 ititellectua'em.jue

2149 4003 2327 4082 λόγους
2357 4000 2602 4070 δηλονότι
2630 4009 2734 4058 τῶν
2763 3999 2928 4058 ὄντων
2976 4001 3367 4084 διατρανοῦντα,
3423 4006 3520 4074 τὴν
3565 4005 3620 4062 δὲ
3660 4029 3768 4064 νοε-

2175 4094 2187 4109 κ
2324 4091 2349 4110 Ἰ
2384 4095 2408 4110 Λ
2633 4093 2644 4110 ε
2737 4089 2760 4110 θ
2920 4091 2930 4110 Ι
3146 4099 3167 4109 υ
3320 4099 3334 4110 ι
3449 4097 3460 4110 Ι
3697 4099 3706 4110 ι

418 4101 870 4165 sensibilitatem
901 4091 1159 4166 coal—estis
1191 4105 1507 4186 Sapientim
1538 4113 1594 4166 et
1623 4106 1888 4166 scientiae
1912 4091 2051 4166 noti-

2149 4094 2230 4167 35w
2288 4091 2555 4165 αἴσθησιν,
2629 4091 3032 4172 ὑποδεχομένην
3105 4099 3204 4160 τῆς
3285 4097 3522 4174 οὐρανίου
3597 4099 3765 4178 σοφίας

421 4187 560 4248 tiam
592 4190 1036 4270 suscipientem,
1075 4211 1182 4274 per
1212 4180 1675 4256 ill-nminationes
1704 4193 2051 4274 Solisjusti-

2149 4183 2226 4236 καὶ
2277 4180 2521 4258 γνώσεως
2565 4182 2662 4247 τὴν
2705 4181 3030 4254 ἐπιστήμην,
3066 4181 3152 4238 διὰ
3208 4189 3311 4240 τῶν
3350 4182 3661 4260 ἐλλάμψεων
3687 4193 3766 4242 τοῦ

419 4275 517 4338 tim
546 4263 786 4340 omnem
817 4263 1054 4342 sensum
1075 4263 1586 4362 .prmtergressus,
1621 4299 1800 4358 super
1828 4263 2051 4362 objecta

2149 4263 2322 4326 Ἡλίου
2351 4270 2449 4334 τῆς
2480 4267 2809 4336 δικαιοσύνης
2861 4277 3032 4326 πᾶσαν
3084 4273 3317 4350 περάσας
3359 4275 3457 4338 τὴν
3511 4273 3763 4342 αἴσθησιν,

2149 4359 2214 4384 -ἳ-
2259 4358 2320 4384 -Ξ,
2351 4359 2475 4384 1...--
2513 4357 2659 4384 --ν-ιλ.-
2679 4380 2754 4384 --η
2816 4358 2992 4384 ,,1,4_h_
3080 4361 3165 4384 --μὶ
3223 4361 3288 4384 ξ-
3361 4361 3403 4384 3,,
3428 4383 3435 4384 κ
3466 4362 3501 4384 ',
3728 4383 3731 4384 ,

419 4364 723 4513 segsibélis
771 4367 1058 4443 elevatur,
1094 4377 1152 4431 et
1197 4369 1581 4432 invisibilium
1614 4369 1847 4432 deliciis
1874 4391 2057 4450 supe-

419 4469 486 4512 ra
531 4472 608 4513 un
654 4461 732 4513 at.

418 4453 732 4515 rabundaL

499 4541 599 4605 12.
631 4541 845 4604 Matres
875 4545 1153 4624 potentiae
1183 4547 1397 4609 mentis
1428 4554 1564 4608 sunt
1594 4553 1842 4627 quatuor
1876 4569 1888 4606 :
1923 4565 2060 4608 con-

2142 4359 2214 4421 εἷς
2257 4358 2320 4416 τὰ
2351 4359 2480 4436 ὑπερ
2510 4357 2755 4424 αἴσθησιν
2811 4358 3019 4436 γέγονε,
3079 4361 3167 4416 καὶ
3218 4361 3322 4416 τῶν
3352 4361 3587 4440 ἀοράτων
3617 4383 3767 4418 καταο

2141 4451 2304 4526 τρυφᾷ
2334 4451 2432 4513 τῆς
2465 4446 2840 4525 τερπνότητος.

2223 4527 2316 4612 ιβ’,
2351 4537 2556 4594 Γενικαὶ
2585 4533 2829 4610 δυνάμεις
2860 4541 2950 4593 τοῦ
2979 4538 3098 4601 νοός
3147 4539 3243 4594 εἰσι
3294 4537 3544 4618 τέσσαρες
3577 4558 3593 4574 ⁸
3654 4539 3767 4596 σύν-

417 4629 654 4710 ceptio,
711 4621 1174 4714 perspicacitas,
1239 4621 1698 4714 comprehensio
1779 4642 1838 4696 et
1908 4637 2051 4696 acti-

2149 4651 2272 4708 εσις,
2331 4627 2990 4707 ἀγχίνοια,’ίκατάληψις,
3060 4631 3147 4686 καὶ
3200 4629 3494 4710 ἐντρέχεια.
3558 4621 3614 4689 εΟ
3666 4632 3767 4688 τοί-

421 4719 594 4780 vitas.
649 4718 760 4792 Qui
808 4721 992 4800 igitur
1041 4724 1345 4802 conjungit
1403 4733 1625 4785 matres
1684 4724 1790 4784 has
1847 4725 2051 4785 animm

2149 4742 2226 4776 νυν
2270 4719 2458 4780 ταύτας
2502 4719 2827 4793 ἐπισυνάψας
2885 4721 2980 4783 τὰς
3025 4721 3236 4798 γενικὰς
3285 4722 3386 4788 τῆς
3445 4725 3626 4802 ψυχῆς
3654 4721 3767 4801 ἀρε-

416 4807 746 4884 facultates,
775 4819 832 4872 et
857 4809 956 4890 qui
977 4811 1320 4872 intellectus
1349 4811 1726 4890 conceptioni
1761 4815 2051 4874 consociat

2149 4809 2234 4870 τὰς
2277 4809 2364 4864 καὶ
2415 4813 2484 4883 τῇ
2532 4806 2628 4882 μέν
2695 4807 2894 4864 συνέσει
2952 4816 3044 4866 τοῦ
3114 4811 3232 4874 νοὸς
3295 4812 3394 4877 τὴν
3447 4815 3545 4876 τῆς
3603 4815 3767 4890 ψυχῆς

417 4897 627 4959 animm
650 4900 1121 4978 temperantiam,
1140 4909 1197 4960 et
1219 4900 1654 4980 perspicaciiali
1689 4901 2051 4980 prudentiam

2149 4897 2480 4976 σωφροσύνην
2513 4893 2776 4971 συζεύξας,
2831 4903 2899 4972 τῇ
2947 4895 3001 4952 δέ
3043 4897 3295 4977 ἀγχινοίᾳ
3352 4899 3450 4964 τὴν
3508 4901 3762 4978 φρόνησιν,

419 4994 476 5049 et
506 4988 1026 5068 comprehensioni
1051 4989 1364 5068 justitiam,
1404 4998 1462 5051 et
1495 4989 1772 5050 activitati
1823 4989 2051 5051 fortitu-

2149 4989 2210 5062 τῇ
2262 4983 2316 5040 δὲ
2369 4983 2668 5058 καταλήψει
2720 4988 2816 5051 τὴν
2878 4983 3235 5065 δικαιοσύνην)
3296 4993 3364 5062 τῇ
3422 4985 3476 5043 δὲ
3519 4987 3767 5068 hrpaga!

415 5075 640 5152 dinem,
676 5078 776 5139 ille
806 5096 1041 5140 currum
1071 5079 1407 5140 ﬂammeum
1456 5087 1511 5140 et
1538 5077 1834 5158 bijugibus
1878 5079 2051 5140 cmlos

2149 5075 2240 5140 τὴν
2270 5071 2500 5152 ἀνδρείαν
2533 5073 2756 5148 ἑνώσας,
2817 5071 2958 5151 ἅρμα
3016 5075 3275 5154 φλογερὸν
3329 5076 3418 5131 καὶ
3473 5073 3762 5154 οῦρανοδρό-

417 5173 718 5227 secantem
775 5167 1010 5246 junxit,
1066 5167 1350 5230 adversus
1409 5177 1526 5229 tres
1583 5165 2051 5245 generalissimos

2149 5183 2240 5236 μον
2297 5162 2468 5235 ἑαυτῴ
2537 5159 2720 5224 διττῶς
2787 5161 3176 5242 συνηρμόσατο,
3255 5163 3392 5219 κατά
3457 5167 3559 5220 τῶν
3625 5167 3764 5243 τριῶν

414 5253 600 5315 duces
624 5262 680 5315 et
711 5255 1008 5317 exercitus
1037 5255 1179 5317 belli
1211 5253 1859 5336 Cupiditatum,sci|icet
1895 5271 2051 5315 amo-

2149 5250 2502 5328 γενικωτάτων
2557 5249 2738 5329 ἀρχῶν
2796 5251 2884 5304 καὶ
2941 5247 3209 5326 δυνάμεων
3279 5251 3376 5318 τῆς
3446 5252 3760 5329 παρατάξεως

417 5343 942 5422 νεωκάὶνίιὶεωῐη,
976 5345 1338 5426 voluptatum
1370 5354 1428 5407 et
1452 5346 1766 5407 honorum.

2149 5341 2245 5393 τῶν
2314 5341 2516 5412 παθῶν,
2590 5337 2952 5416 φιλαργυρίας,
3019 5336 3324 5418 φιληδονίας
3405 5341 3493 5396 καὶ
3566 5338 3762 5419 φιλοδο-

2149 5425 2277 5492 Ξίας.

2189 5449 2277 5490 ας.

497 5519 598 5584 13.
631 5519 746 5594 Qui
773 5519 990 5600 fugavit
1033 5538 1299 5584 amorem
1342 5520 1706 5598 divitiarum,
1739 5537 1846 5602 per
1891 5536 2051 5580 com-

2227 5504 2324 5592 ιγ’,
2371 5506 2428 5574 ιΟ
2471 5515 2570 5582 τὴν
2598 5513 2936 5596 φιλαργυρίαν
3006 5511 3090 5572 διὰ
3147 5522 3244 5587 τῆς
3299 5514 3652 5592 καταλήψεως
3677 5521 3764 5588 τῆς
