4050 6124
341 310 464 373 857

1244 258 1249 265 ⁸
1334 310 1874 375 PRAGTIGORUM
1920 308 2257 372 CAPITUM
2300 305 2693 372 CENTURIA
2741 306 2766 367 Ι

3609 300 3731 367 858

342 443 571 520 ἐννόμου
614 442 968 521 δικαιοσύνης,
1020 441 1142 510 ἥτις
1199 442 1338 499 ἐστὶν
1394 443 1429 511 ἡ
1486 443 1618 521 πρὸς
1646 444 1709 498 τὸ
1737 443 1989 521 ὁμογενὲς

2075 439 2535 519 prehensionem
2560 438 2807 520 justitiae
2834 438 3060 518 legalis,
3083 457 3214 519 quae
3231 446 3321 500 est
3343 456 3479 516 erga
3500 437 3730 499 similes

342 530 593 607 ἐλεήμων
623 533 940 613 συμπάθεια,
972 531 1520 609 κατατροπωσάμενος
1555 551 1571 569 ο
1628 534 1726 598 τῆς
1784 530 1838 588 δὲ
1868 530 1995 612 φιλ-

341 620 582 703 ηδονίας,
646 620 730 679 διὰ
787 627 886 689 τῆς
946 621 1215 677 εὖουνέτου
1260 620 1625 700 σωίρροσύνης,
1690 619 1803 689 ἥτις
1860 621 1995 677 ἐστὶν

338 713 376 778 ἡ
407 712 715 789 περιεκτικῆ
775 710 1075 790 ἐγκράτεια,
1134 711 1540 789 κατακρατήσας
1574 729 1588 745 ⁸
1645 711 1745 777 τὴν
1801 708 1856 766 δὲ
1905 734 1998 791 φι-

340 797 602 871 λοδοξίαν,
679 798 763 856 διὰ
831 801 928 866 τῆς
987 798 1265 879 ἀγχινοίας
1338 800 1427 854 καὶ
1495 800 1825 879 φρονήσεως,
1878 796 1998 865 ἥτις

340 887 545 956 ἐστὶ.νὴ
607 885 926 968 εὖδιάκριτος
983 885 1239 966 διάκρισις
1296 888 1401 943 τῶν
1459 889 1609 943 θείων
1664 889 1751 944 καὶ
1794 887 1997 966 ἀνθρω-

337 976 507 1033 πίνων
576 976 927 1055 πραγμάτων,
1014 978 1089 1039 ὡς
1172 974 1541 1053 ἀσθενεστέραν
1622 975 1993 1055 καταδραμὼν,

337 1066 574 1130 καὶτοῖς
622 1066 835 1145 ὡραίοις
879 1066 1030 1121 ποσὶν
1085 1067 1160 1128 ὡς
1218 1062 1394 1142 γεώδη
1451 1066 1650 1132 ταύτην
1691 1067 1780 1122 καὶ
1822 1062 1996 1141 μηδε-

337 1155 427 1217 νὸς
489 1153 633 1219 ἀξίαν
691 1156 1099 1227 καταπατήσας,
1168 1154 1231 1209 τὸ
1300 1154 1497 1233 χοϊκὸν
1552 1153 1798 1233 φρόνημα
1854 1175 1991 1210 κατ-

334 1242 640 1320 ηγωνίσατο
695 1247 794 1309 τῆς
852 1242 1043 1322 σαρκός
1078 1258 1093 1273 ⁸
1155 1243 1240 1298 καὶ
1297 1242 1555 1315 τοσούτῳ,
1601 1244 1675 1305 ὡς
1718 1243 1790 1306 είς
1833 1241 1994 1317 νόμον

332 1337 432 1387 τοῦ
474 1331 775 1405 πνεύματος
835 1335 935 1397 τῆς
991 1334 1135 1401 ζωῆς
1191 1327 1516 1406 μεταϐαλεῖν
1573 1330 1722 1403 αὒτὸ,
1766 1331 1853 1386 καὶ
1902 1338 1995 1387 *οὗ

333 1418 500 1494 νόμου
568 1424 667 1486 τῆς
736 1418 1090 1496 τυραννούσης
1164 1420 1379 1498 σαρκὸς,
1438 1417 1701 1499 ἐλεύθερον
1754 1417 1993 1497 ἀπεργά-

333 1510 545 1580 σασθαι,
580 1508 669 1564 καὶ
712 1508 884 1563 εἰπεῖν
923 1528 934 1540 ·
986 1510 1301 1587 Εὗχαριστῶ
1356 1514 1433 1582 τῷ
1487 1515 1624 1589 Θεῷ,
1660 1506 1741 1564 ὅτι
1774 1510 1801 1563 ὁ
1831 1528 1992 1581 νομος

329 1604 426 1654 τοῦ
472 1595 774 1671 Πνεύματος
804 1599 903 1662 τῆς
932 1599 1074 1666 ζωῆς
1104 1594 1428 1675 ἠλευθέρωσέ
1475 1618 1539 1671 με
1579 1596 1685 1652 ἀπὸ
1713 1601 1803 1652 τοῦ
1832 1594 1993 1671 νόμου

329 1685 421 1739 καὶ
449 1706 550 1749 της
582 1682 819 1747 δουλείας
863 1705 952 1739 του
981 1684 1225 1745 θανάτου.

415 1762 505 1832 ιδ’.
554 1762 613 1830 Ὀ
663 1778 761 1840 τῆς
802 1770 957 1839 δόξης
1006 1778 1113 1828 τῶν
1172 1772 1459 1852 ἀνθρώπων
1514 1774 1589 1838 ὡς
1648 1770 1832 1851 οὔσης,
1892 1758 2051 1840 τῆςΒ

2079 526 2422 589 misericors
2451 526 2826 609 compassio;
2858 538 2919 588 et
2947 544 3209 588 amorem
3234 526 3596 607 voluptatum
3622 544 3729 605 per

2080 616 2505 695 intelligentem
2541 616 3015 696 temperantiam,
3047 634 3178 695 quae
3209 621 3299 677 est
3330 613 3402 675 ab
3450 613 3727 675 omnibus

2080 705 2469 777 continentia,
2491 705 2829 766 dominatus
2851 713 2941 765 est
2967 725 2983 780 ;
3003 722 3265 766 amorem
3284 722 3421 765 vero
3436 704 3726 765 honorum

2083 812 2189 873 per
2202 793 2709 874 perspicacitatem
2736 802 2795 854 et
2819 792 3215 872 prudentiam,
3240 811 3370 874 qua:
3391 791 3727 872 estsapiens

2080 880 2413 943 divinarum
2498 882 3009 962 humanarumque
3100 899 3299 942 rerum
3377 879 3721 954 discrimen,

2082 970 2772 1050 tanquaminlirmiorem
2797 988 3129 1050 aggressus.
3184 987 3313 1031 eam
3364 968 3730 1049 tempestivis

2079 1057 2329 1137 pedibus
2384 1066 2448 1119 ut
2506 1068 2849 1120 terrestrem
2907 1067 2964 1118 et
3034 1057 3400 1120 villissimam
3459 1056 3724 1133 calcavit,

2074 1145 2175 1214 ille
2205 1146 2392 1210 luteas
2460 1148 2657 1209 carnis
2710 1147 3133 1225 ceugitationcs
3189 1145 3506 1227 superavit,
3555 1146 3636 1207 ita
3665 1154 3730 1208 ut

2075 1234 2235 1315 ipsas
2295 1243 2358 1297 ut
2428 1235 2618 1315 legem
2680 1235 2920 1316 spiritus
2992 1235 3352 1299 converterit
3403 1243 3465 1297 et
3517 1254 3550 1295 a
3597 1233 3727 1314 lege

2075 1322 2435 1386 dominantis
2497 1324 2694 1385 carnis
2731 1322 3094 1405 liberaverit,
3139 1323 3384 1385 dicens:
3418 1346 3441 1379 α
3498 1322 3725 1386 Gratias
3767 1400 3783 1410 '

2075 1429 2181 1491 ago
2213 1414 2361 1493 Deo,
2395 1413 2533 1494 quia
2559 1414 2651 1475 lex
2684 1412 2928 1493 spiritus
2957 1412 3089 1474 vitae
3134 1411 3378 1475 liberavi
3409 1431 3504 1474 me
3532 1432 3567 1476 a
3598 1413 3726 1491 lege

2076 1500 2376 1563 servitutis
2411 1501 2618 1563 mortis
2636 1501 2684 1566 9.
2720 1525 2748 1557 ι

2157 1766 2255 1828 l4.
2289 1764 2401 1839 Qui
2430 1766 2691 1847 gloriam
2708 1768 3051 1842 humanam,
3084 1786 3215 1849 quae
3257 1767 3406 1830 nihil
3437 1775 3547 1840 est,
3602 1779 3724 1829 tan-

329 1862 597 1938 μηδαμῶς
656 1862 818 1929 οὔσης
876 1861 1329 1937 ἀντιποιούμενος,
1388 1862 1475 1917 καὶ
1526 1862 1625 1928 τὴν
1681 1859 1987 1942 φιληδονίαν

2074 1864 2249 1935 quam
2276 1856 2327 1915 si
2366 1855 2587 1937 aliquid
2638 1866 2794 1918 esset
2847 1857 3091 1937 appetit,
3151 1866 3209 1919 et
3261 1874 3523 1917 amorem
3552 1857 3721 1917 volu-

327 1949 415 2007 διὰ
459 1955 644 2031 ψυχῆς
702 1949 999 2016 ἀπληστίαν
1054 1949 1547 2025 κατασπαζόμενος,
1610 1951 1696 2005 καὶ
1733 1954 1832 2016 τῆς
1861 1947 1987 2029 φιλ-

2074 1950 2345 2021 ptantum
2405 1952 2650 2025 propter
2692 1944 3085 2005 insatiabilem
3146 1943 3360 2005 animas
3414 1942 3720 2005 libidinem

327 2030 575 2118 αργυρίας
648 2035 733 2093 διὰ
785 2035 1085 2102 πλεονεξίας
1152 2038 1533 2118 ἀντεχόμενος,
1596 2037 1633 2107 ἢ
1704 2037 1984 2112 δαιμονιώ-

2067 2030 2438 2110 amplecitur,
2499 2040 2555 2092 et
2596 2032 2854 2093 avaritiae
2902 2050 3009 2113 per
3053 2031 3385 2113 cupidatcm
3435 2031 3718 2105 adhaeret,

326 2124 426 2193 δης
482 2124 567 2181 διὰ
614 2131 712 2193 τῆς
772 2127 994 2196 οἰήσεως
1038 2127 1127 2182 καὶ
1181 2127 1536 2206 ὑπερηφανίας
1591 2126 1979 2197 κατασκευάζε-

2067 2120 2152 2178 vel
2186 2120 2548 2181 assimilatur
2580 2120 2950 2182 daemonibus
2971 2120 3046 2182 ob
3096 2123 3615 2201 praesumptionem
3665 2126 3726 2180 et

327 2237 443 2295 ται,
503 2214 539 2282 ἣ
592 2212 871 2281 κτηνώδης
931 2212 1015 2269 διὰ
1056 2220 1164 2271 τῶν
1218 2212 1423 2283 ἡδονῶν
1477 2219 1577 2281 τῆς
1639 2217 1867 2294 γαστρὸς
1910 2238 1979 2271 κα

2067 2209 2429 2287 superbiam,
2459 2210 2550 2270 vel
2578 2209 3254 2291 comparaturjumentis
3271 2227 3376 2288 per
3395 2210 3722 2290 voluptates

328 2310 440 2359 τῶν
509 2304 870 2381 ὑπογαστρίων
939 2301 1303 2375 ἀποτελεῖται,
1363 2302 1400 2371 ἢ
1467 2300 1731 2383 θηριώδης
1786 2303 1985 2381 γίνεται

2068 2296 2293 2357 ventris
2325 2306 2382 2358 et
2411 2297 2770 2379 abdominis,
2804 2299 2891 2359 vel
2929 2307 3253 2359 monstrum
3277 2300 3339 2359 ﬁt
3360 2316 3501 2376 erga
3530 2298 3723 2378 proxi-

325 2405 449 2456 τοῖς
500 2390 726 2458 πλησίον
783 2389 866 2448 διὰ
921 2395 1021 2457 τῆς
1063 2390 1444 2460 πλεονεκτικης
1495 2393 1584 2448 καὶ
1638 2392 1985 2470 ἀπανθρώπου

332 2479 675 2561 φιλαργυρίας
711 2497 725 2512 ⁸
788 2479 1054 2536 ἐκπίπτων
1107 2480 1204 2556 μὲν
1256 2481 1355 2547 τῆς
1398 2482 1530 2559 πρὸς
1560 2481 1688 2536 Θεὸν
1730 2481 1978 2553 πίστεως,

331 2567 420 2625 διά
488 2569 550 2625 τὸ
620 2564 909 2642 λαμϐάνειν
966 2566 1116 2634 δόξαν
1185 2569 1326 2647 παρὰ
1390 2569 1675 2648 ἀνθρώπων
1732 2570 1869 2626 κατά
1919 2570 1980 2625 τὸ

326 2656 509 2736 λόγιον
551 2671 565 2687 ⁹
632 2657 1015 2735 ἐκτρεπόμενος
1070 2654 1126 2712 δὲ
1180 2662 1281 2724 τῆς
1336 2659 1676 2737 σωφροσύνης
1738 2658 1826 2713 καὶ
1875 2679 1973 2713 κα-

323 2746 641 2827 θαρότητος,
697 2744 781 2802 διὰ
825 2748 886 2801 τὸ
934 2746 1157 2802 ἐκκαίειν
1201 2753 1269 2822 τῇ
1327 2745 1597 2819 ἀπληστίᾳ
1650 2748 1716 2802 τὰ
1770 2746 1977 2824 ὑπογά-

326 2856 503 2914 στρια,
535 2836 623 2891 καὶ
664 2848 790 2898 ταῖς
820 2834 1067 2897 ἀτάκτοις
1124 2835 1356 2891 ὑπείκειν
1416 2838 1608 2915 ὁρμαῖς
1639 2854 1653 2869 '
1728 2833 1977 2911 ἐξοστρα-

324 2923 603 2995 κιζόμενος
654 2919 708 2977 δὲ
757 2926 855 2988 τῆς
908 2922 1144 3001 ἀγάπης,
1192 2920 1279 2978 διὰ
1318 2925 1379 2979 τὸ
1436 2924 1584 2998 μόνῳ
1624 2925 1793 2996 ἑαυτῷ
1833 2943 1977 3001 περι·

332 3009 481 3067 έπειν
535 3012 622 3067 καὶ
679 3010 757 3086 μὴ
827 3008 1021 3067 διδόναι
1092 3012 1155 3066 τὰ
1225 3012 1483 3091 χρήματα
1541 3012 1797 3091 χρῄζουσι
1860 3023 1976 3073 τοῖς

319 3097 551 3165 πλησίον
586 3117 602 3134 ⁶
664 3100 752 3155 καὶ
808 3098 945 3156 οὕτω
1001 3097 1342 3179 πολύμορφόν
1391 3121 1441 3154 τι
1493 3101 1669 3179 θηρίον
1725 3099 1785 3155 ἐκ
1838 3097 1979 3155 πολ-

2067 2402 2226 2445 mum
2260 2384 2334 2446 ob
2364 2386 2743 2466 cupiditatem
2779 2394 2837 2447 et
2870 2387 3190 2447 immanem
3212 2386 3438 2464 argenti
3478 2388 3712 2450 famen:

2068 2473 2412 2535 excidensa
2465 2475 2579 2535 ﬁde
2627 2475 2686 2534 in
2751 2477 2957 2547 lteum,
3012 2475 3151 2555 quia
3204 2476 3419 2555 recipit
3468 2475 3716 2555 gloriam

2065 2560 2139 2621 ab
2190 2562 2555 2635 hominibus,
2614 2562 2772 2625 sicut
2830 2573 3117 2642 scriptum
3178 2571 3305 2639 est;
3363 2564 3623 2642 rejectus
3680 2582 3715 2625 a

2063 2649 2349 2729 sapientia
2369 2659 2428 2712 et
2448 2650 2721 2730 puritate,
2757 2650 2895 2731 quia
2943 2650 3264 2711 insatiabili
3287 2651 3457 2712 ardet
3479 2652 3719 2713 ﬂamma

2064 2738 2189 2817 ejus
2210 2738 2529 2814 abdomen,
2554 2739 3026 2819 inordinatisque
3056 2740 3321 2819 indulget
3344 2739 3669 2820 impetibus
3695 2765 3711 2814 ;

2062 2835 2120 2887 et
2150 2827 2424 2888 exsulans
2471 2846 2506 2888 a
2548 2829 2855 2898 chariiate,
2904 2828 3041 2908 quia
3105 2827 3222 2888 sibi
3290 2828 3399 2889 soli
3432 2827 3710 2906 COIISUIii,

2061 2932 2171 2976 nec
2193 2933 2300 2975 sua
2324 2915 2607 2994 indigenti
2637 2916 2902 2996 proximo
2952 2915 3050 2977 dat
3076 2917 3247 2978 bona.
3298 2915 3487 2987 Unle,
3523 2918 3713 2980 veluti

2065 3011 2391 3064 monstrum
2449 3004 2814 3067 multiforme
2884 3023 2956 3065 ex
3031 3005 3235 3066 multis
3285 3005 3398 3065 sibi
3447 3005 3703 3068 invicem

2062 3092 2395 3167 contrariis,
2436 3093 2569 3156 tatis
2596 3094 2773 3154 homo
2805 3091 3037 3154 videtur
3069 3097 3211 3175 Deo,
3272 3092 3617 3157 hominibus
3649 3102 3709 3157 et

333 3186 443 3244 λῶν
503 3186 909 3263 συντεθειμένων
958 3202 1077 3250 τοῖς
1137 3188 1351 3252 ἑαυτοῖς
1409 3178 1679 3263 ἐναντίων,
1734 3190 1763 3244 ὁ
1818 3194 1985 3244 τοιοῦ-

2070 3178 2274 3242 bestiis
2301 3180 2487 3241 hostis
2513 3180 2971 3243 infensissimus.

330 3297 424 3340 τος
453 3278 636 3356 ὁρᾶται
678 3283 798 3352 Θεῷ
850 3278 940 3333 καὶ
969 3274 1282 3357 ,ἀνθρώπόις
1338 3280 1427 3334 καὶ
1475 3279 1723 3349 κτήνεσιν
1778 3273 1981 3334 ἄσπον-

319 3363 438 3431 δος.

402 3442 490 3516 ιε’.
559 3454 733 3530 Θυμὸς
798 3455 886 3510 καὶ
941 3454 1184 3531 ἐπιθυμία
1240 3456 1329 3512 καὶ
1382 3456 1443 3511 τὸ
1513 3454 1815 3533 λογιστικὸν
1883 3465 1974 3515 τοῦ

317 3544 465 3615 νοὸς,
509 3544 554 3599 εἰ
609 3543 708 3619 μὲν
777 3544 915 3600 κατά
976 3544 1127 3624 φύσιν
1189 3543 1270 3623 ἐφ’
1313 3544 1513 3601 ἑαυτῶν
1569 3546 1823 3615 ἑστήκασι
1888 3540 1975 3601 καὶ

316 3637 605 3710 κινοῦνται,
639 3629 761 3689 ὅλον
807 3632 952 3688 θε⁴όν
1008 3653 1125 3688 τινα
1167 3634 1254 3689 καὶ
1311 3630 1517 3700 θεοειδῆ
1575 3634 1665 3690 τὸν
1708 3631 1976 3712 ἄνθρωπον

317 3719 725 3798 ἀπεργάζονται,
789 3722 952 3798 ὑγιῶς
1007 3718 1253 3787 δηλονότι
1311 3721 1639 3797 κινούμενον,
1704 3726 1793 3777 καὶ
1848 3715 1973 3797 μηδ’

317 3810 558 3868 ὁπωσοῦν
626 3810 727 3875 τῆς
794 3815 1019 3887 φυσικῆς
1076 3808 1283 3885 βάσεως
1352 3808 1727 3883 ἐκτεπόμενον.
1803 3810 1862 3865 Εἰ
1917 3806 1971 3862 δὲ

317 3898 459 3976 παρὰ
500 3898 651 3978 φύσιν
709 3904 801 3953 τοῦ
858 3897 1061 3960 εἰκότος
1116 3910 1504 3975 παρατραπεϊν,
1562 3900 1648 3953 καὶ
1688 3903 1786 3964 τῆς
1840 3895 1971 3954 ἰδίας

317 3985 693 4052 ἀποκινηθεϊεν
742 3987 970 4066 φύσεως,
1023 3985 1359 4065 πολύμορφόν
1404 4008 1521 4042 τινα
1563 3996 1747 4045 τοῦτον
1793 3985 1970 4065 ὥσπερ

317 4071 553 4150 εἴρηται,
599 4075 687 4131 καὶ
716 4074 773 4130 ἐκ
822 4073 1035 4131 πολλῶν
1079 4081 1185 4130 τῶν
1234 4073 1286 4129 ἐν
1336 4075 1515 4139 αὐτοῖς
1562 4074 1969 4149 ἐναντιουμένων

317 4163 708 4238 συντεθειμένον
738 4161 1185 4221 ἀποδεικνύουσιν.

402 4240 524 4324 ig".
584 4243 641 4310 Ὀ
684 4254 845 4328 θυμὸς
891 4252 1129 4331 μεθύριόν
1187 4252 1327 4308 ἐστιν
1385 4251 1682 4325 ἐπιθυμίας,
1736 4252 1824 4307 κετὶ
1879 4261 1971 4309 τοῦ

2135 3445 2231 3505 l5.
2259 3446 2464 3507 Partes
2492 3445 2707 3507 animae
2752 3446 3086 3521 irascibilis,
3131 3446 3615 3528 concupiscibilis
3644 3457 3705 3511 et

2053 3533 2379 3605 rationalis,
2442 3532 2492 3594 si
2543 3535 2873 3596 secundum
2928 3546 3197 3597 naturam
3256 3537 3411 3598 ultro
3450 3545 3606 3598 stent
3634 3555 3705 3600 ac

2059 3630 2427 3697 moveantur,
2489 3630 2673 3683 totum
2725 3623 3030 3685 hominem
3079 3623 3248 3705 quasi
3293 3624 3618 3702 imaginem
3647 3634 3710 3690 et

2055 3709 2509 3773 similitudinem
2564 3711 2672 3773 Dei
2727 3712 3030 3787 reddunt;
3078 3712 3357 3774 videlicet
3406 3713 3710 3793 sapienter

2055 3806 2281 3862 motum
2313 3818 2381 3861 ec
2412 3799 2531 3863 ullo
2561 3800 2739 3865 modo
2768 3820 2800 3863 e
2832 3802 3085 3863 naturali
3130 3802 3707 3882 cursu'perversum.

2056 3884 2121 3949 Si
2150 3905 2288 3951 vero
2316 3896 2519 3951 contra
2551 3896 2818 3952 naturam
2872 3908 2940 3951 ex
2994 3891 3300 3952 honestate
3330 3891 3706 3968 deﬂexerint,

2055 3983 2113 4037 et
2141 3993 2174 4037 e
2203 3976 2444 4057 propria
2471 3978 2832 4040 recesserint
2859 3988 3095 4055 natura,-
3152 3978 3516 4042 multiforme
3546 3978 3705 4042 istud

2052 4072 2406 4141 monstrum,
2465 4073 2530 4127 ut
2584 4066 2806 4128 dictum
2862 4075 2975 4149 est,
3010 4085 3081 4130 ex
3140 4066 3341 4129 multis
3388 4068 3708 4131 contrariis

2053 4164 2402 4230 congestum
2434 4153 2740 4219 exhibent.

2136 4246 2235 4304 16.
2269 4245 2415 4306 Pais
2442 4242 2655 4305 animas
2683 4243 2997 4307 irascibilis
3040 4244 3292 4307 confinis
3343 4253 3432 4308 est
3461 4264 3699 4310 concu-

318 4338 621 4418 λογιστικοῦ
662 4342 761 4407 τῆς
809 4343 1019 4422 ψυχῆς,
1078 4340 1242 4397 ὅπλον
1293 4345 1409 4397 οἷον
1453 4341 1658 4412 ἑκάστῳ
1710 4338 1784 4396 ὢν
1815 4339 1868 4395 ἐν
1896 4345 1996 4428 τῇ]

2067 4332 2303 4394 ἠεοὶὺίιί
2361 4340 2420 4393 et
2465 4332 2766 4406 rationali,
2832 4341 2889 4394 et
2944 4342 3030 4395 est
3108 4334 3288 4395 veluti
3347 4336 3528 4396 telum
3587 4355 3703 4418 quo

317 4428 462 4507 παρᾶ
519 4429 695 4509 φύσιν,
753 4428 790 4497 ἢ
834 4431 921 4485 καὶ
974 4431 1111 4485 mra
1168 4431 1319 4509 φῗσιν
1360 4429 1567 4499 κινήσει
1624 4431 1802 4489 αὐτοῦ.
1864 4438 1965 4485 Κι-

320 4516 579 4592 νουμένης
649 4518 749 4595 γὰρ
818 4522 915 4584 τῆς
986 4518 1259 4593 ἐπιθυμίας
1345 4519 1434 4574 καὶ
1508 4524 1597 4573 τοῦ
1667 4515 1968 4594 λογισεικοῦ

316 4606 452 4662 κατὰ
499 4606 650 4685 φύσιν
697 4604 783 4662 ἐπὶ
824 4607 891 4661 τὰ
938 4609 1083 4679 θετα,
1137 4604 1299 4663 ὅπλον
1356 4605 1493 4661 ἐστὶν
1549 4607 1576 4661 ὁ
1617 4606 1778 4680 θυμὸς
1834 4604 1965 4661 ἑκα-

316 4700 426 4768 στῷ
502 4692 836 4760 δικαιοσύνης
922 4695 1057 4750 κατά
1128 4717 1290 4770 μονου
1366 4700 1458 4751 τοῦ
1529 4695 1822 4773 συρίζοντος
1879 4694 1968 4749 καὶ

318 4782 679 4858 ἐπιτιθεμένου
737 4783 920 4847 αὖτοϊς
964 4782 1133 4863 ὄφεως
1201 4784 1299 4852 τὴν
1353 4782 1654 4859 μετάληψιν
1710 4783 1814 4839 τῶν
1871 4787 1969 4853 τῆς

317 4873 511 4949 σαρκὸς
565 4868 817 4943 ἡδονῶν,
862 4873 950 4928 καὶ
1003 4872 1102 4939 ’.ἦν
1162 4876 1261 4939 τῆς
1306 4869 1460 4939 δόξης
1517 4872 1624 4928 τῶν
1680 4869 1968 4948 ἀνθρώπων

315 4957 605 5018 ἀπόλαυσιν
638 4979 650 4993 ⁸
700 4959 1184 5039 παρατρεπομένων
1226 4957 1280 5015 δὲ
1334 4965 1434 5026 τῆς
1488 4960 1624 5015 κατά
1666 4959 1819 5040 φύσιν
1875 4981 1965 5015 κι-

320 5048 546 5127 νήσεως,
579 5049 667 5104 καὶ
698 5046 1177 5123 μεταϐαλλομένων
1234 5050 1307 5111 εἰς
1350 5050 1411 5106 τὸ
1465 5049 1609 5127 παρά
1665 5048 1816 5127 φύσιν
1868 5048 1967 5115 τὴν

318 5133 553 5212 δύναμιν,
585 5140 672 5193 καὶ
728 5136 833 5192 ἀπὸ
879 5140 978 5205 τῆς
1031 5135 1239 5216 σχολῆς
1283 5143 1388 5193 τῶν
1429 5136 1581 5193 θείων
1637 5136 1963 5215 πραγμάτων

312 5223 398 5280 ἐπὶ
450 5225 516 5280 τὰ
566 5224 864 5302 ἀνθρώπινα
907 5223 1367 5304 μεταφερομένων,
1432 5222 1596 5280 ὅπλον
1653 5223 1791 5279 ἐστὶν
1843 5221 1962 5279 ἀδι-

311 5311 428 5374 κίας
498 5314 572 5376 εἷς
630 5313 914 5392 ἁμαρτίαν,
972 5311 1039 5370 δι’
1100 5316 1260 5371 αὐτοῦ
1310 5312 1638 5393 μαχομένων
1698 5315 1785 5368 καὶ
1838 5311 1962 5369 ἐπι-

312 5399 596 5475 τιθεμένων
670 5413 789 5465 τοτς
867 5401 1263 5481 ἀνιχαιτίζουσι
1341 5423 1436 5466 τας
1494 5402 1660 5481 ὁρμὰς
1717 5403 1805 5458 καὶ
1867 5404 1963 5467 τας

316 5485 507 5565 ὀρέξεις
563 5492 733 5547 αὐτῶν
780 5507 795 5522 ⁸
841 5490 916 5553 ὡς
960 5489 1191 5547 ἐντεῦθεν
1249 5489 1283 5558 ἢ
1352 5491 1642 5569 πρακτικὸν
1700 5491 1791 5547 καὶ
1837 5493 1966 5547 θεω-

391 5643 420 5689 ²
447 5645 623 5708 Rom.
653 5660 779 5722 vin,
813 5644 871 5708 2.

2049 4429 2300 4502 utraque
2329 4419 2516 4482 utitur
2543 4420 2778 4500 quando
2796 4431 3002 4484 contra
3048 4424 3141 4485 vel
3164 4424 3494 4486 secundum
3527 4434 3703 4487 natu-

2048 4528 2172 4572 ram
2207 4519 2491 4572 movetur.
2532 4511 2710 4574 Motis
2751 4512 2909 4573 enim
2959 4513 3287 4576 secundum
3338 4525 3607 4578 naturam
3638 4517 3704 4579 in

2050 4616 2147 4661 res
2176 4597 2405 4660 divinas
2434 4598 2697 4679 partibus
2718 4601 3171 4683 concupiscibili
3195 4613 3256 4664 et
3274 4604 3546 4666 rationali
3572 4623 3707 4685 pars

2050 4686 2335 4749 irascibili
2363 4688 2546 4749 telum
2577 4696 2665 4750 est
2692 4689 2941 4770 justitiaa
2989 4700 3192 4754 contra
3222 4692 3533 4755 inimicum
3566 4711 3700 4754 ser-

2052 4782 2315 4857 pentem,
2376 4774 2477 4857 qui
2529 4776 2676 4857 ipsis
2722 4778 2986 4841 insibilat
3036 4790 3095 4843 et
3138 4780 3399 4860 suggerit
3448 4790 3512 4842 ut
3540 4782 3702 4843 volu-

2052 4864 2307 4945 ptatibus
2330 4864 2528 4926 carnis
2557 4873 2617 4927 et
2640 4865 2829 4944 gloria
2851 4868 3122 4931 furantur
3149 4869 3429 4945 humana.
3484 4866 3703 4931 Iisdem

2049 4940 2187 5015 vero
2216 4970 2251 5014 a
2281 4961 2445 5015 motu
2467 4940 2723 5016 naturali
2747 4956 3041 5035 perversis
3059 4963 3115 5017 et
3147 4955 3260 5017 vim
3293 4940 3462 5017 suam
3487 4967 3702 5018 contra

2053 5050 2319 5104 naturam
2377 5040 2836 5105 deﬂectentibus
2866 5044 2920 5106 ei
2944 5063 2976 5106 a
3001 5042 3197 5106 studio
3227 5062 3431 5106 rerum
3479 5043 3705 5107 divina-

2050 5149 2178 5193 rum
2198 5130 2258 5192 in
2281 5148 2377 5192 res
2400 5131 2689 5193 humanas
2711 5132 3039 5214 conversis,
3063 5139 3122 5194 et
3166 5132 3349 5195 telum
3370 5132 3705 5214 iniquitatis

2046 5218 2118 5281 ad
2151 5226 2480 5300 peceatum,
2534 5238 2650 5300 quo
2699 5219 2817 5281 illae
2867 5228 3128 5301 pugnant
3174 5228 3237 5282 et
3276 5220 3705 5301 aggrediuntur

2048 5325 2150 5369 eos
2178 5306 2430 5389 quisuis
2476 5307 2796 5388 impetibus
2844 5317 2902 5369 et
2946 5307 3370 5389 cupiditatibus
3397 5310 3700 5373 resistant.

2050 5398 2135 5458 Ita
2157 5404 2220 5457 ut
2243 5396 2503 5475 praticus
2527 5404 2585 5457 et
2614 5396 2978 5459 theoreticus
3009 5405 3068 5458 et
3110 5396 3364 5460 maxime
3386 5397 3701 5476 theologus

2045 5483 2394 5548 ostendatur
2422 5484 2601 5547 homo
2633 5483 2694 5546 in
2755 5483 2952 5549 medio
3000 5485 3282 5550 Ecclesia
3332 5485 3623 5565 ﬁdelium,
3651 5487 3702 5551 si
