4050 6124
332 231 451 299 859

1626 240 1927 305 ΝΙΟΕΤᾸΞ
1970 237 1996 298 Ι

2095 238 2398 305 lTORATI
3620 233 3757 302 860

330 365 660 457 secundum
688 375 958 432 naturam
976 377 1306 445 moveatur,
1330 371 1423 433 vel
1444 372 1748 453 jumento,
1781 369 1985 433 bestia

2096 374 2278 438 ητικὸν
2332 376 2418 432 καὶ
2487 375 2936 455 θεολογικώτατον
3008 377 3193 457 μέσον,
3275 373 3573 456 δειχθῆναι
3659 372 3762 427 τὸν

329 474 398 519 ac
422 456 678 520 damoni
705 458 941 541 similis,
998 459 1051 521 si
1099 458 1174 522 ab
1218 460 1429 523 ordine
1476 468 1698 523 natura
1728 477 1977 541 perver-

2096 465 2357 540 νθρωπον,
2404 470 2502 532 τῆς

2558 472 2663 522 τῶν
2719 472 2919 523 πιστῶν
2975 463 3313 537 Ἐκκλησίας,
3372 465 3513 520 κατά
3580 461 3757 541 φύσιν

334 551 509 609 tatur.

2059 552 2388 633 κινούμενον,
2422 554 2458 622 ἢ
2503 552 2749 622 κτηνώδη
2793 557 2879 610 καὶ
2928 553 3165 633 θηριώδη
3219 555 3307 611 καὶ
3358 547 3757 628 δαιμονιώδη,

2060 640 2133 704 εἰς
2162 641 2222 723 το
2250 643 2393 721 παρά
2434 644 2587 723 φύσιν
2615 644 3103 723 παρατρεπόμενον.
3137 679 3149 689 -

2142 718 2232 800 ιζ’.
2284 718 2343 787 Ei
2400 718 2477 808 μῆ
2535 755 2615 796 τις
2928 718 3029 795 γτάς
3078 732 3325 808 δυνάμεις
3368 737 3466 797 τῆς
3528 732 3762 808 ψυχῆς

2062 819 2246 875 ἑαυτοῦ
2317 817 2385 875 δι’
2450 821 2701 878 ἐπιπόνου
2758 822 3038 897 μετανοίας
3093 823 3181 878 καὶ
3239 821 3486 879 συντόνου
3540 818 3763 884 ἀσκή-

2062 929 2196 972 σεως
2266 911 2512 976 τοιαύτας
2568 912 2932 990 μεταστρέψας
2991 910 3324 983 ἀποτελέσει,
3394 909 3519 971 οἵας
3592 908 3764 980 ἡμῖν

2063 994 2115 1061 ἐξ
2158 997 2335 1077 ἀρχῆς
2368 997 2588 1056 δέδωκεν
2634 1002 2661 1057 ὁ
2704 1002 2835 1064 Θεὸς
2888 1002 2976 1057 τὸν
3024 998 3194 1075 Ἀδὰμ
3241 998 3759 1075 πλαστουργήσας,

2063 1088 2151 1141 καὶ
2193 1087 2362 1153 πνοὴν
2414 1093 2557 1159 ζωῆς
2596 1087 2905 1164 ἐμπυσήσας
2949 1090 3114 1164 αὒτῷ,
3159 1086 3275 1145 οὒδέ
3331 1088 3514 1142 ἑαυτὸν
3580 1089 3767 1162 γνῶ·

2065 1196 2149 1230 ναι
2202 1175 2440 1255 ἰσχύσειέ
2499 1199 2629 1234 ποτε
2661 1196 2679 1212 ⁸
2738 1175 2852 1235 οῦδὲ
2907 1178 2998 1233 τὸν
3058 1178 3413 1256 αὐτοκράτορα
3455 1172 3766 1252 λογισμὸν

2066 1270 2168 1319 τῶν
2225 1268 2406 1320 παθῶν
2452 1262 2664 1346 ἄτυφον,
2739 1264 3069 1345 ἀπερίεργον,
3136 1265 3428 1343 ἀπόνηρον,
3488 1261 3766 1335 ἁπλοῦν,

2066 1352 2469 1432 ταπεινόφρονα,
2532 1354 2719 1433 φθόνου
2785 1356 2869 1410 καὶ
2922 1355 3208 1430 βασκανίας
3267 1354 3443 1425 ἐκτὸς,
3503 1352 3766 1420 κτήσα-

337 1443 637 1522 expertem
671 1443 729 1497 et
754 1437 954 1499 omnia
1004 1439 1256 1519 cogitata
1306 1442 1694 1522 captivantem
1743 1440 1805 1501 in
1836 1440 1985 1503 obe-

2095 1443 2210 1514 ’θαι,
2264 1447 2367 1496 πᾶν
2416 1443 2592 1518 νόημα
2662 1441 3123 1522 αἰχμαλωτίζοντα
3195 1444 3267 1506 εἷς
3319 1443 3419 1509 τὴν
3472 1438 3761 1504 ὑπακοὴν

337 1521 604 1585 dientian
654 1523 898 1601 Christi,
962 1529 1289 1608 possidere.
1343 1521 1459 1593 Sed
1491 1549 1684 1611 neque
1729 1529 1990 1591 animam

2095 1535 2164 1585 ποῦ
2218 1536 2464 1607 Χριστοῦ.
2525 1529 2672 1587 Ἀλλ’
2718 1521 2832 1589 οῦδὲ
2875 1533 2972 1600 τὴν
3018 1534 3202 1591 ἑαυτοῦ
3255 1532 3437 1611 ψυχὴν
3496 1529 3759 1585 ἐκκαιο-

339 1629 504 1674 suam
533 1612 840 1675 ardentem
871 1633 1301 1699 accensamque
1331 1617 1437 1681 Dei
1456 1637 1660 1681 amore
1690 1617 1989 1698 reperiet;

2095 1616 2241 1683 ιένην
2311 1619 2398 1673 καὶ
2448 1619 2884 1697 πυρπολουμένην
2936 1623 3143 1699 εὑρήσει
3215 1623 3287 1683 εἷς
3345 1620 3445 1687 τὴν
3501 1619 3758 1696 ἀγάπην

341 1718 536 1782 neque
554 1703 958 1783 temperantia
1003 1706 1119 1767 tino
1152 1697 1606 1787 pétergressam,
1648 1697 1986 1769 contentam

2095 1711 2160 1761 τοῦ
2188 1713 2341 1787 Θεοῦ,
2388 1708 2525 1782 μήτε
2581 1710 2702 1772 τοῦς
2760 1709 2910 1789 ὅρους
2967 1697 3067 1777 ti};
3123 1710 3427 1789 ἐγκρατείας
3467 1704 3760 1785 ὑπερϐαί-

340 1789 573 1867 oblatis,
606 1803 667 1853 et
722 1791 938 1872 quietis
978 1802 1317 1857 sanctorum
1379 1795 1681 1876 cupidam.
1739 1795 1908 1869 Quod
1939 1796 1989 1857 si

2099 1816 2278 1873 ουσαν,
2362 1797 2448 1852 καὶ
2531 1797 2864 1877 ἀρκουμὲνην
2947 1812 3065 1863 τοῖς
3152 1797 3546 1878 προκειμένοις,
3640 1797 3757 1850 καὶ

338 1878 488 1942 biac
518 1879 714 1941 omnia
736 1899 856 1942 non
875 1881 1110 1959 habeat,
1142 1903 1337 1966 neque
1367 1903 1469 1947 cor
1499 1885 1988 1965 suumxmansue-

2095 1888 2175 1939 τῶν
2234 1885 2394 1962 ἁγίων
2454 1884 2741 1963 ἒπιεμένην
2784 1893 2881 1955 τῆς
2938 1888 3341 1951 καταπαύσεως.
3416 1888 3476 1942 Ei
3530 1883 3587 1940 δὲ
3646 1884 3751 1958 μῆ

340 1974 486 2045 tum,
520 1968 834 2049 paciﬁcum
860 1970 1120 2053 sineira,
1154 1973 1544 2055 beneﬁcium,
1577 1974 1708 2036 sine
1733 1982 1986 2036 conten-

2095 1971 2208 2027 ιῧτω
2271 1974 2520 2030 κτάσεται
2603 1986 2785 2049 ταῦτα,

340 2055 524 2133 tione,
548 2055 784 2137 plenum
816 2057 1243 2123 misericordia
1269 2069 1326 2124 et
1350 2061 1664 2133 hilaritatis
1681 2061 1987 2142 possidere

341 2145 579 2226 poterit,
616 2146 753 2228 quia
784 2147 953 2210 sicin
998 2149 1255 2227 seipsam
1307 2150 1603 2214 dividetur
1651 2150 1874 2226 anima,
1930 2159 1989 2213 et

342 2243 585 2315 propter
623 2236 837 2297 virium
890 2237 1394 2318 perturbationem
1456 2239 1665 2320 privita
1724 2239 1989 2302 manebit

342 2322 566 2386 lumine
597 2324 854 2407 Spiritus
886 2329 1102 2391 sancti.

419 723 512 787 17.
545 722 673 787 Nisi
689 723 823 804 quis
845 723 1010 804 prius
1037 724 1203 787 vires
1219 725 1434 789 anima
1453 747 1576 791 sua
1589 747 1697 810 per
1726 727 1980 790 laborio-

334 829 457 873 sam
478 811 921 891 pannitentiam
941 816 1351 877 etcontinuum
1368 817 1717 881 exercitium
1741 836 1982 880 conver-

334 901 618 984 sas,tales
640 902 905 964 effecerit
930 904 1136 985 quales
1158 905 1333 968 nobis
1380 910 1438 968 in
1482 907 1774 989 principio
1818 907 1984 969 dedit

331 990 513 1065 Deus,
538 991 772 1071 quando
794 992 985 1055 Adam
1011 994 1321 1074 plasmavit
1346 1020 1362 1068 ;
1392 1005 1449 1058 et
1471 997 1831 1078 spiraculum
1851 996 1983 1058 vita

330 1080 443 1161 ipsi
502 1079 846 1160 inspiravit;
897 1101 1236 1164 nuncquam
1293 1085 1557 1166 seipsum
1623 1103 1983 1165 cognoscere

332 1168 570 1250 poterit,
605 1188 715 1231 nec
773 1180 1003 1251 partem
1056 1173 1408 1237 rationalem
1468 1194 1500 1236 a
1560 1174 1983 1256 cupiditatibus

337 1256 608 1334 liberam,
643 1259 994 1339 modestam,
1040 1280 1158 1323 non
1208 1263 1522 1339 curiosam,
1577 1284 1694 1325 non
1728 1264 1979 1345 tristem,

336 1345 695 1427 simplicem,
759 1347 1071 1423 humilem,
1157 1350 1371 1414 invida
1429 1362 1487 1414 et
1534 1352 1985 1415 obtrectationis

2874 1974 2989 2032 οῦδὲ
3070 1977 3168 2044 τὴν
3241 1978 3428 2032 ἑαυτοῦ
3507 1970 3749 2052 καρδίαν

2067 2075 2316 2140 πραεῖαν,
2351 2066 2642 2144 εἰρηνικὴν,
2675 2066 2958 2145 ἀόργητον,
2994 2067 3267 2145 χρηστὴν,
3308 2063 3548 2143 ἄμαχον,
3582 2082 3745 2136 μεσ-

2066 2152 2166 2218 τὴν
2196 2151 2371 2217 ἐλέους
2423 2156 2511 2209 καὶ
2562 2153 2898 2234 ἱλαρότητος,
2949 2155 3237 2225 κτήσασθαί
3285 2176 3417 2210 ποτε
3447 2152 3735 2230 δυνηθείη,

2069 2240 2206 2297 οὕτω
2234 2244 2613 2314 στασιαζούσης
2644 2244 2760 2300 καθ’
2788 2246 2981 2311 ἑαυτῆς
3024 2249 3122 2311 τῆς
3155 2249 3362 2323 ψυχῆς,
3397 2245 3486 2299 καὶ
3515 2240 3600 2298 διὰ
3628 2263 3738 2297 τα-

2069 2330 2244 2410 ραχὴν
2275 2336 2380 2386 τῶν
2410 2330 2705 2412 δυνάμεων,
2735 2333 3021 2413 ἀχωρήτου
3045 2334 3326 2410 μενούσης,
3360 2339 3467 2389 τῶν
3495 2332 3729 2388 ἀκτίνων

2069 2428 2159 2477 τοῦ
2203 2421 2506 2495 Πνεύματος
2517 2470 2530 2483 ,

431 2502 522 2566 18.
554 2503 668 2576 Qui
693 2523 808 2566 non
851 2505 937 2568 sic
996 2505 1308 2587 primavaj
1332 2508 1575 2587 originis
1620 2508 1802 2571 decus
1834 2509 1894 2568 in
1924 2526 1989 2569 se

2157 2496 2255 2575 ιη’.
2319 2501 2375 2566 Ὀ
2406 2510 2483 2585 μὴ
2532 2509 2668 2567 οὕτω
2711 2516 2808 2578 τῆς
2862 2509 3093 2575 παλαιᾶς
3147 2511 3405 2589 εὐγενείας
3463 2510 3718 2586 ἀπολαμ-

346 2600 683 2680 recuperat,
719 2600 777 2655 et
806 2594 903 2675 qui
953 2613 1192 2675 semper
1240 2596 1538 2658 deformat
1588 2596 1989 2658 characterem

2095 2593 2244 2653 ῖάνων
2314 2599 2367 2654 ἐν
2421 2601 2591 2674 ἐαυτῷ
2645 2602 2744 2667 την
2814 2600 3146 2680 εὐπρέπειαν,
3217 2602 3305 2656 καὶ
3360 2601 3483 2663 τοὺς
3540 2622 3719 2680 χαρα-

351 2678 628 2768 imaginis
665 2682 820 2743 illius
841 2683 941 2765 qui
972 2685 1232 2766 desuper
1281 2686 1472 2767 ipsum
1519 2687 1590 2747 ad
1623 2705 1788 2747 suam
1819 2685 1991 2747 simi-

2095 2692 2272 2764 ιτῆρας
2315 2688 2777 2768 ἀναμοριρούμενος
2843 2690 2923 2745 ἀεὶ
2978 2695 3077 2757 τῆς
3133 2690 3332 2753 εἰκόνος
3373 2697 3467 2745 τοῦ
3524 2690 3715 2745 ἀνωθεν

347 2765 658 2857 litudinem
682 2773 921 2846 creavit,
956 2765 1252 2854 quomodo
1305 2765 1559 2855 unquam
1589 2775 1746 2835 uniri
1778 2774 1994 2855 poterit

2095 2776 2230 2832 ιῦτὸν
2315 2776 2434 2833 καθ’
2529 2780 2820 2854 ὁμοιότητα
2905 2781 3087 2837 ἑαυτοῦ
3156 2779 3708 2857 πλαστουργῆσαντος,

349 2856 406 2918 ei
434 2875 469 2918 a
493 2877 607 2939 quo
638 2877 703 2921 se
733 2863 1025 2942 separavit
1084 2865 1446 2925 characteris
1477 2863 1986 2939 dissimilitudine,

2095 2871 2189 2929 πῶς
2261 2863 2471 2923 δυνατόν
2542 2889 2671 2923 ποτε
2746 2869 3032 2941 ἑνωθῆναι,
3089 2870 3149 2925 οὗ
3203 2866 3473 2935 διέστησεν
3528 2869 3708 2924 ἑαυτὸν

351 2951 409 3037 et
438 2946 534 3037 cui
564 2949 863 3037 oppositas
915 2960 1189 3032 tamquan
1239 2970 1377 3013 vero
1429 2952 1639 3013 lumini
1689 2951 1985 3027 tenebras,

2095 2960 2142 3031 τῇ
2193 2961 2298 3010 τῶν
2342 2958 2695 3036 χαρακτήρων
2750 2957 3141 3037 ἀνομοιότητι,
3205 2959 3294 3014 καὶ
3349 2961 3394 3032 ᾧ
3448 2964 3553 3036 φῶς
3593 2955 3699 3011 ὄντι

349 3032 574 3125 lumine
604 3015 865 3100 extincto
925 3038 988 3100 in
1033 3015 1097 3101 se
1137 3040 1415 3101 attraxit?
1464 3039 1591 3102 Non
1624 3040 1826 3101 unitus
1854 3015 1990 3101 vero

2118 3015 2142 3031 Γ
2344 3015 2382 3034 [‘-
2422 3015 2431 3035 Ι
2577 3015 2601 3036 Ἰ
2848 3015 2858 3033 δ
3030 3015 3041 3025 ¹
3126 3015 3141 3037 ἶ
3367 3015 3379 3032 ³
3461 3016 3470 3036 ι
3537 3015 3548 3019 ⁷

2095 3041 2411 3108 ιποσϐεσθεὶς
2442 3052 2533 3100 τοῦ
2582 3046 2781 3125 φωτὸς,
2840 3047 2901 3102 τὸ
2958 3045 3187 3103 ἐναντίον
3244 3047 3319 3109 εἷς
3377 3047 3547 3102 ἑαυτὸν
3605 3044 3705 3101 ἒπ-

351 3122 471 3185 eia
499 3143 617 3205 que
669 3127 1025 3209 principium
1065 3128 1268 3191 habuit
1329 3128 1691 3203 substantia,
1736 3137 1849 3191 eta
1877 3147 1992 3209 quo

2095 3133 2343 3189 ισπάσατο
2377 3151 2392 3167 ⁶
2426 3134 2503 3209 μὴ
2534 3122 2741 3198 ἐνὼθεὶς
2782 3131 2838 3189 δὲ
2887 3132 2938 3200 ἐξ
2983 3135 3043 3191 οὗ
3086 3135 3185 3201 τὴν
3229 3134 3407 3214 ἀρχὴν
3447 3132 3574 3214 ἔσχε
3614 3138 3713 3200 τῆς

355 3233 424 3304 ex
456 3216 646 3278 nihilo
701 3227 1001 3282 extractus
1050 3219 1314 3282 substitit
1363 3229 1419 3282 et
1438 3220 1837 3282 exsistentiam
1859 3238 1995 3281 sor-

2095 3222 2436 3297 »ποστάσεως,
2482 3225 2573 3280 καὶ
2614 3221 2738 3304 παρ’
2777 3226 2837 3280 οὗ
2892 3222 2943 3289 ἐξ
2986 3225 3079 3280 οὒκ
3133 3226 3300 3280 ὄντων
3354 3223 3577 3302 ὑπέστη,
3632 3224 3720 3279 καὶ

356 3303 497 3393 titus
527 3315 640 3387 est,
705 3326 903 3370 nonne
950 3314 1353 3390 sequestratus
1406 3317 1682 3389 tanquam
1734 3308 1996 3370 Creatori

2095 3314 2179 3366 τῶν
2237 3309 2401 3368 ὄντων
2444 3311 2753 3392 ἐκράτησεν,
2799 3313 2898 3393 ἆρά
2938 3334 3040 3369 που
3079 3314 3295 3387 τμηθεὶς
3346 3315 3418 3376 ὡς
3468 3313 3719 3388 ἀνόμοιος

355 3391 708 3469 disstmiliis,
722 3396 1181 3477 reprobabitur?
1200 3398 1405 3479 Liquet
1419 3397 1777 3475 videntibus,
1794 3397 1996 3459 etiam-

2095 3407 2152 3474 τῷ
2179 3391 2514 3467 πεποιηκότι
2526 3402 2804 3481 ῥιφησεται
2894 3400 3069 3469 Δῆλον
3111 3414 3227 3466 τοῖς
3259 3404 3441 3482 ὁρωσι,
3472 3400 3569 3458 κᾶν
3618 3401 3726 3480 ἐγὼ

356 3482 406 3544 εἰ
437 3502 544 3563 ego
576 3486 784 3548 sileam
795 3533 808 3547 .
2080 3491 2459 3585 σιωπῇσὲυμαι.

442 3575 536 3637 19.
596 3575 826 3648 Qandiu
907 3578 1212 3639 materiam
1287 3578 1622 3659 passionum
1704 3578 1765 3638 in
1823 3576 2024 3639 nobis

358 3661 668 3740 habemus,
729 3674 786 3727 et
834 3666 1085 3747 objectis
1142 3687 1241 3730 eas
1308 3668 1700 3730 excitantibus
1750 3668 2003 3730 libenter

356 3750 748 3828 adharemns,
803 3756 927 3818 hac
984 3776 1100 3819 non
1155 3758 1463 3820 studentes
1496 3767 1793 3831 excutere,
1849 3759 2003 3835 viget

362 3849 567 3902 contra
600 3862 705 3905 nos
735 3843 965 3907 illarum
1025 3847 1129 3920 vis,
1189 3846 1371 3908 robur
1419 3846 1691 3908 videlicet
1724 3865 1796 3910 ex
1829 3845 2000 3908 nobis

365 3930 682 4009 hauriens;
718 3934 818 3996 ubi
849 3955 986 3998 vero
1020 3956 1118 3999 eas
1139 3956 1172 3998 a
1204 3936 1374 3998 nobis
1397 3936 1790 4011 avellcrimus,
1813 3943 1869 3997 et
1900 3954 2003 3996 cor

364 4025 725 4103 panitentia
753 4029 1026 4110 lacrymis
1061 4030 1589 4109 purificaverimus,
1611 4028 2003 4090 abhorrentes

359 4114 814 4179 etiamarerum
874 4118 1192 4181 visibilium
1251 4119 1478 4180 fa'lacia
1518 4127 1657 4179 tunc
1712 4115 2003 4179 Paracleti

2162 3569 2251 3640 ιϐ’.
2290 3569 2420 3644 πΕως
2465 3581 2561 3655 μὲν
2589 3581 2681 3644 τάς
2710 3580 2836 3645 ὔλας
2881 3580 2934 3636 ἐν
2963 3582 3174 3643 ἑαυτοῖς
3223 3578 3421 3659 ἔχομεν
3476 3586 3583 3636 τῶν
3627 3602 3731 3636 πα-

2081 3670 2207 3743 θῶν,
2264 3670 2352 3725 καὶ
2409 3669 2503 3733 τὰς
2560 3671 2757 3726 τούτων
2815 3670 2981 3732 αἰτίας
3033 3667 3323 3731 αὖτοθελῶς
3383 3667 3728 3747 περιέπομεν,

2084 3755 2456 3815 ἀποσείσασθαι
2515 3760 2706 3821 ταύτας
2777 3763 2855 3833 μὴ
2925 3758 3348 3836 προαιρούμενοι,
3406 3757 3581 3835 ἰσχύει
3638 3758 3729 3812 αῦ-

2080 3851 2186 3900 τῶν
2213 3848 2329 3904 καθ’
2372 3849 2526 3923 ἡμῶν
2552 3849 2640 3904 καὶ
2671 3849 2705 3915 ἡ
2749 3845 2991 3926 δύναμις,
3049 3848 3109 3902 τὸ
3164 3847 3367 3925 ἰσχύειν
3418 3842 3727 3927 λαμϐάνου-

2082 3956 2148 3989 σα
2210 3934 2412 4003 δηλαδὴ
2468 3935 2520 4001 ἐξ
2574 3938 2752 4011 ἡμῶν.
2828 3933 2993 3991 Ἐπάν
3050 3933 3104 3990 δὲ
3174 3934 3366 3997 ταύτας
3421 3932 3471 3998 ἐξ
3527 3935 3728 3989 ἑαυτῶν

2084 4024 2479 4104 ἀποῤῥίψωμεν,
2537 4026 2624 4081 καὶ
2679 4025 2776 4092 τὴν
2832 4022 3044 4104 καρδίαν
3114 4036 3231 4086 τοῖς
3290 4028 3386 4089 τῆς
3445 4025 3725 4097 μετανοίας

2084 4111 2295 4191 δάκρυσι
2327 4118 2685 4191 καθαρθῶμεν,
2719 4115 3039 4189 μισήσαντες
3070 4113 3157 4168 καὶ
3185 4112 3284 4179 τὴν
3314 4118 3416 4167 τῶν
3447 4111 3728 4188 ὁρωμένων

362 4205 689 4283 prasentia
743 4208 1058 4289 participes
1115 4209 1321 4283 simus,
1377 4208 1562 4270 Deum
1615 4206 1883 4268 videntes
1938 4205 1996 4267 in

2095 4202 2316 4277 ἀπάτην,
2352 4209 2641 4269 τηνικαῦτα
2685 4208 2781 4269 τῆς
2830 4209 2922 4258 τοῦ
2974 4199 3320 4280 Παρακλήτου
3349 4200 3631 4280 παρουσίας
3673 4199 3728 4254 ἐν

366 4292 590 4353 lumine
620 4294 899 4356 invisibili
926 4297 996 4357 ab
1022 4316 1210 4377 eoque
1241 4297 1374 4360 visi.

446 4468 545 4536 20.
563 4470 671 4544 Qui
689 4471 967 4533 mundani
984 4489 1197 4535 sensus
1212 4474 1444 4536 vincula
1456 4482 1803 4554 rupuernnt,
1832 4472 2003 4534 liberi

362 4558 439 4622 ab
470 4561 631 4622 omni
683 4578 962 4622 sensuum
1012 4564 1290 4624 servitute
1335 4564 1574 4643 degunt,
1603 4565 1709 4625 solt
1739 4560 2003 4643 Spirului

368 4649 652 4726 viventes,
687 4656 744 4712 et
775 4667 909 4710 cum
942 4650 1068 4730 ipso
1122 4660 1563 4725 conversantes,
1601 4660 1799 4730 utpote
1828 4651 1900 4711 ab
1933 4668 2002 4711 eo

367 4739 531 4813 moti,
559 4756 664 4817 per
692 4756 868 4819 quem
902 4738 1501 4802 consubstantialibus
1535 4741 1690 4803 Patri
1730 4750 1786 4802 et
1806 4738 2003 4800 Verbo

367 4829 672 4910 conjungi,
709 4836 765 4891 et
800 4847 981 4890 unum
1011 4828 1320 4908 Spiritum,
1374 4831 1539 4910 juxta
1587 4830 1821 4892 beatum
1857 4832 2004 4890 Pau-

368 4916 544 4997 lum3,
578 4919 809 4980 etlicere
831 4917 1041 4978 solent.
1077 4916 1187 4988 Qui
1218 4918 1455 4999 quidem
1490 4938 1604 4979 non
1635 4922 1821 4979 solum
1847 4918 2008 4979 inex-

368 5005 716 5086 pugnabiles
739 5005 1283 5082 suntdamonibus,
1312 5008 1416 5068 sed
1456 5008 1682 5068 etiamf
1714 5006 2002 5068 rmidabi-

369 5094 478 5170 les,
507 5103 780 5176 tanquam
817 5093 968 5174 ignis
988 5094 1170 5157 divini
1219 5096 1557 5176 participes,
1596 5108 1650 5157 et
1680 5096 1825 5175 ipsis
1856 5096 2005 5174 ignis

368 5182 611 5246 realiter
640 5183 796 5246 facti.
1396 5202 1401 5205 ‘

449 5359 547 5423 2|.
583 5361 796 5423 Tactus
818 5381 935 5424 non
953 5362 1196 5443 estquid
1222 5362 1483 5445 partiale,
1514 5360 1573 5422 in
1598 5380 1710 5422 una
1746 5362 2011 5442 corporis

369 5455 539 5530 parte
568 5467 735 5511 suam
761 5450 878 5512 vim
910 5470 1220 5528 exercens,
1283 5459 1345 5515 ut
1374 5452 1589 5533 reliqui
1629 5469 1862 5527 sensus,
1904 5451 2011 5513 sed

447 5582 481 5632 ὃ
508 5584 533 5646 l
557 5583 694 5647 Cor.
726 5598 830 5645 xu.
870 5584 966 5647 lt.

2085 4291 2284 4365 μεθέξει
2339 4292 2609 4370 γινόμεθα,
2678 4293 2807 4347 Θεὸν
2865 4293 3087 4369 ὁρῶντες
3136 4289 3189 4345 ἐν
3247 4290 3378 4370 φωτὶ
3434 4286 3589 4363 ἀϊδίῳ
3643 4291 3731 4344 καὶ

2085 4381 2341 4460 ὁρώμενοι
2383 4379 2471 4438 ὑπ’
2502 4382 2680 4443 αὒτοῦ.

2162 4460 2239 4533 κ’.
2314 4474 2373 4527 Οἱ
2443 4476 2540 4537 τῆς
2592 4469 2921 4547 παγκοσμίου
2992 4469 3284 4538 αἰσθήσεως
3341 4466 3586 4544 ῥήξαντες
3666 4466 3733 4521 τα

2085 4556 2274 4635 δεσμὰ,
2336 4559 2389 4614 ἐν
2460 4557 2719 4631 ἐλευθερίᾳ
2786 4557 2963 4623 πάσης
3034 4555 3268 4619 δουλείας
3323 4553 3558 4633 διάγουσι
3626 4561 3734 4610 τῶν

2085 4649 2402 4718 αἰσθήσεων,
2462 4648 2606 4722 μόνῳ
2663 4654 2740 4720 τῷ
2808 4647 3063 4720 πνεύματι
3141 4652 3355 4717 ζῶντες,
3430 4644 3519 4700 καὶ
3591 4642 3735 4717 αῦτῴ

2092 4735 2557 4815 προσομιλοῦντες,
2611 4737 2683 4796 ὡς
2754 4732 2842 4790 ὑπ’
2916 4734 3114 4790 ἐκείνου
3169 4733 3484 4807 κινούμενοι,
3551 4729 3616 4787 δι’
3675 4734 3737 4789 οὗ

2086 4827 2175 4882 καὶ
2237 4840 2353 4889 τοῖς
2398 4823 2692 4900 ὁμοουσίοίς
2754 4824 2937 4901 Πατρὶ,
3009 4824 3097 4878 καὶ
3155 4823 3334 4901 Λόγῳ,
3391 4820 3739 4879 συνάπτεσθαί

2089 4940 2204 4981 πως
2277 4916 2510 4987 εἰώθασι,
2571 4914 2657 4969 καὶ
2712 4911 2767 4968 ἓν
2842 4918 3075 4987 Πνεῦμα,
3153 4912 3289 4967 κατὰ
3340 4910 3431 4965 τὸν
3504 4905 3733 4983 Παῦλον,

2089 5003 2485 5062 ἀποτελεῖσθαι.
2570 5004 2635 5060 Οἳ
2714 5002 2801 5056 καὶ
2878 5000 2935 5056 ου
3032 4999 3191 5075 μόνον
3276 4996 3561 5079 ἀχείρωτοί
3640 4998 3739 5053 εἰσι

2089 5091 2355 5172 δαίμοσιν,
2409 5090 2543 5147 ἀλλά
2597 5091 2685 5146 καί
2749 5086 2977 5170 φοϐεροὶ,
3052 5091 3125 5152 ὡς
3198 5084 3589 5163 μεταλαϐόντες
3645 5095 3741 5145 τοῦ

2088 5185 2223 5240 θείου
2319 5182 2505 5260 πυρὸς,
2605 5181 2693 5236 καὶ
2788 5184 2890 5256 πῦρ
2973 5176 3290 5255 αὐτόχρημα
3373 5174 3744 5254 χρηματίσαν-

2089 5294 2200 5335 τες.

2172 5350 2285 5421 κα’.
2336 5351 2399 5416 Ἠ
2445 5357 2577 5439 ἁφὴ,
2625 5358 2687 5414 οῦ
2743 5357 2935 5435 μερική
2978 5354 3055 5417 τίς
3104 5353 3242 5411 ἐστιν
3302 5352 3357 5408 ἐν
3399 5359 3477 5427 τῷ
3530 5353 3745 5429 σώματι

2094 5449 2149 5506 ἐν
2203 5450 2279 5506 ἐνὶ
2335 5447 2483 5527 μέρει
2542 5447 2643 5515 τὴν
2696 5446 2890 5512 ἑαυτῆς
2946 5442 3231 5523 ἐνέργειαν,
3292 5441 3469 5520 ὥσπερ
3524 5444 3578 5497 αἱ
3634 5440 3751 5500 λοι-
