  <div class='ocr_page' id='page_1' title='image "/cluster/home/n/w/nwhite01/storage/ocr_20150623/120/mdp.39015008866736/436.png"; bbox 0 0 4050 6124; ppageno 0'>
   <div class='ocr_carea' id='block_1_1' title="bbox 319 303 447 366">
    <p class='ocr_par' dir='ltr' id='par_1_1' title="bbox 319 303 447 366">
     <span class='ocr_line' id='line_1_1' title="bbox 319 303 447 366; baseline -0.008 0"><span class='ocrx_word' id='word_1_1' title='bbox 319 303 447 366; x_wconf 88' lang='grc'><strong>861</strong></span> 
     </span>
    </p>
   </div>
   <div class='ocr_carea' id='block_1_2' title="bbox 324 438 945 510">
    <p class='ocr_par' dir='ltr' id='par_1_2' title="bbox 324 438 945 510">
     <span class='ocr_line' id='line_1_2' title="bbox 324 438 945 510; baseline 0 -16"><span class='ocrx_word' id='word_1_2' title='bbox 324 439 424 495; x_wconf 84' lang='grc' dir='ltr'>παὶ</span> <span class='ocrx_word' id='word_1_3' title='bbox 479 442 586 495; x_wconf 87' lang='grc' dir='ltr'><strong>τῶν</strong></span> <span class='ocrx_word' id='word_1_4' title='bbox 653 438 945 510; x_wconf 74' lang='grc' dir='ltr'>αἰσθήσεων</span> 
     </span>
    </p>
   </div>
   <div class='ocr_carea' id='block_1_3' title="bbox 322 519 1985 603">
    <p class='ocr_par' dir='ltr' id='par_1_3' title="bbox 322 519 1985 603">
     <span class='ocr_line' id='line_1_3' title="bbox 322 519 1985 603; baseline -0.004 -20"><span class='ocrx_word' id='word_1_5' title='bbox 322 525 559 586; x_wconf 76' lang='grc' dir='ltr'><strong>καθόλου</strong></span> <span class='ocrx_word' id='word_1_6' title='bbox 632 534 723 585; x_wconf 84' lang='grc' dir='ltr'><strong>τοῦ</strong></span> <span class='ocrx_word' id='word_1_7' title='bbox 798 527 1074 603; x_wconf 86' lang='grc' dir='ltr'>σώματος,</span> <span class='ocrx_word' id='word_1_8' title='bbox 1166 519 1319 583; x_wconf 71' lang='grc' dir='ltr'>Ὅταν</span> <span class='ocrx_word' id='word_1_9' title='bbox 1390 522 1481 580; x_wconf 81' lang='grc' dir='ltr'>οὖν</span> <span class='ocrx_word' id='word_1_10' title='bbox 1556 522 1633 598; x_wconf 78' lang='grc' dir='ltr'>μὴ</span> <span class='ocrx_word' id='word_1_11' title='bbox 1713 519 1985 602; x_wconf 85' lang='grc' dir='ltr'>χρειωδῶς</span> 
     </span>
    </p>
   </div>
   <div class='ocr_carea' id='block_1_4' title="bbox 323 609 1985 695">
    <p class='ocr_par' dir='ltr' id='par_1_4' title="bbox 323 609 1985 695">
     <span class='ocr_line' id='line_1_4' title="bbox 323 609 1985 695; baseline -0.003 -22"><span class='ocrx_word' id='word_1_12' title='bbox 323 615 693 693; x_wconf 84' lang='grc' dir='ltr'>προσψαύσειέ</span> <span class='ocrx_word' id='word_1_13' title='bbox 762 638 929 691; x_wconf 87' lang='grc' dir='ltr'>τινος,</span> <span class='ocrx_word' id='word_1_14' title='bbox 1003 613 1081 672; x_wconf 73' lang='grc' dir='ltr'>ἔτι</span> <span class='ocrx_word' id='word_1_15' title='bbox 1132 612 1555 695; x_wconf 88' lang='grc' dir='ltr'>προσπάσχουσα</span> <span class='ocrx_word' id='word_1_16' title='bbox 1600 622 1724 675; x_wconf 74' lang='grc' dir='ltr'>ταῖς</span> <span class='ocrx_word' id='word_1_17' title='bbox 1774 609 1985 678; x_wconf 85' lang='grc' dir='ltr'>λειότη-</span> 
     </span>
    </p>
   </div>
   <div class='ocr_carea' id='block_1_5' title="bbox 324 698 1984 779">
    <p class='ocr_par' dir='ltr' id='par_1_5' title="bbox 324 698 1984 779">
     <span class='ocr_line' id='line_1_5' title="bbox 324 698 1984 779; baseline -0.003 -18"><span class='ocrx_word' id='word_1_18' title='bbox 324 725 402 779; x_wconf 90' lang='grc' dir='ltr'><strong>σι,</strong></span> <span class='ocrx_word' id='word_1_19' title='bbox 492 702 801 779; x_wconf 86' lang='grc' dir='ltr'>σαλεύεσθαι</span> <span class='ocrx_word' id='word_1_20' title='bbox 840 705 958 760; x_wconf 74' lang='grc' dir='ltr'><strong>¹τὸν</strong></span> <span class='ocrx_word' id='word_1_21' title='bbox 1027 711 1145 762; x_wconf 94' lang='grc' dir='ltr'>νοῦν</span> <span class='ocrx_word' id='word_1_22' title='bbox 1220 703 1323 759; x_wconf 82' lang='grc' dir='ltr'><strong>ὑπὸ</strong></span> <span class='ocrx_word' id='word_1_23' title='bbox 1391 699 1667 779; x_wconf 85' lang='grc' dir='ltr'><strong>λογισμῶν</strong></span> <span class='ocrx_word' id='word_1_24' title='bbox 1737 698 1984 774; x_wconf 81' lang='grc' dir='ltr'>ἐμπαθῶν</span> 
     </span>
    </p>
   </div>
   <div class='ocr_carea' id='block_1_6' title="bbox 328 778 1984 874">
    <p class='ocr_par' dir='ltr' id='par_1_6' title="bbox 328 778 1984 874">
     <span class='ocr_line' id='line_1_6' title="bbox 328 778 1984 874; baseline -0.002 -25"><span class='ocrx_word' id='word_1_25' title='bbox 328 794 708 874; x_wconf 81' lang='grc' dir='ltr'>ἀπεργάζεται,</span> <span class='ocrx_word' id='word_1_26' title='bbox 762 778 916 853; x_wconf 56' lang='grc' dir='ltr'><strong>ρὈταν</strong></span> <span class='ocrx_word' id='word_1_27' title='bbox 978 791 1033 849; x_wconf 76' lang='grc' dir='ltr'>δὲ</span> <span class='ocrx_word' id='word_1_28' title='bbox 1087 793 1223 850; x_wconf 85' lang='grc' dir='ltr'><strong>κατά</strong></span> <span class='ocrx_word' id='word_1_29' title='bbox 1290 778 1481 871; x_wconf 87' lang='grc' dir='ltr'>χρείαν</span> <span class='ocrx_word' id='word_1_30' title='bbox 1541 789 1641 857; x_wconf 78' lang='grc' dir='ltr'>τὴν</span> <span class='ocrx_word' id='word_1_31' title='bbox 1696 789 1984 869; x_wconf 72' lang='grc' dir='ltr'>ἀναγκαίαν</span> 
     </span>
    </p>
   </div>
   <div class='ocr_carea' id='block_1_7' title="bbox 324 877 1985 964">
    <p class='ocr_par' dir='ltr' id='par_1_7' title="bbox 324 877 1985 964">
     <span class='ocr_line' id='line_1_7' title="bbox 324 877 1985 964; baseline -0.003 -25"><span class='ocrx_word' id='word_1_32' title='bbox 324 889 398 959; x_wconf 79' lang='grc' dir='ltr'><strong>τῇ</strong></span> <span class='ocrx_word' id='word_1_33' title='bbox 452 883 600 964; x_wconf 87' lang='grc' dir='ltr'>φύσει</span> <span class='ocrx_word' id='word_1_34' title='bbox 658 895 781 948; x_wconf 79' lang='grc' dir='ltr'>ταῖς</span> <span class='ocrx_word' id='word_1_35' title='bbox 864 882 1197 950; x_wconf 87' lang='grc' dir='ltr'>ἀπαλότησιν</span> <span class='ocrx_word' id='word_1_36' title='bbox 1274 877 1670 955; x_wconf 76' lang='grc' dir='ltr'>ἀποταξαμένη,</span> <span class='ocrx_word' id='word_1_37' title='bbox 1749 880 1835 936; x_wconf 70' lang='grc' dir='ltr'><strong>καὶ</strong></span> <span class='ocrx_word' id='word_1_38' title='bbox 1888 878 1985 946; x_wconf 77' lang='grc' dir='ltr'><strong>τὴν</strong></span> 
     </span>
    </p>
   </div>
   <div class='ocr_carea' id='block_1_8' title="bbox 322 967 1986 1052">
    <p class='ocr_par' dir='ltr' id='par_1_8' title="bbox 322 967 1986 1052">
     <span class='ocr_line' id='line_1_8' title="bbox 322 967 1986 1052; baseline -0.002 -25"><span class='ocrx_word' id='word_1_39' title='bbox 322 970 576 1040; x_wconf 75' lang='grc' dir='ltr'>αἴσθησιν</span> <span class='ocrx_word' id='word_1_40' title='bbox 630 972 997 1052; x_wconf 78' lang='grc' dir='ltr'>ὑπερκύψασα,</span> <span class='ocrx_word' id='word_1_41' title='bbox 1043 974 1140 1029; x_wconf 81' lang='grc' dir='ltr'>οὐκ</span> <span class='ocrx_word' id='word_1_42' title='bbox 1194 970 1381 1027; x_wconf 77' lang='grc' dir='ltr'><strong>εἴωθεν</strong></span> <span class='ocrx_word' id='word_1_43' title='bbox 1434 967 1730 1026; x_wconf 81' lang='grc' dir='ltr'>ὑποσαίνειν</span> <span class='ocrx_word' id='word_1_44' title='bbox 1773 968 1839 1025; x_wconf 79' lang='grc' dir='ltr'><strong>τὰ</strong></span> <span class='ocrx_word' id='word_1_45' title='bbox 1886 971 1986 1034; x_wconf 77' lang='grc' dir='ltr'><strong>τῆς</strong></span> 
     </span>
    </p>
   </div>
   <div class='ocr_carea' id='block_1_9' title="bbox 327 1063 903 1141">
    <p class='ocr_par' dir='ltr' id='par_1_9' title="bbox 327 1063 903 1141">
     <span class='ocr_line' id='line_1_9' title="bbox 327 1063 903 1141; baseline 0.009 -5"><span class='ocrx_word' id='word_1_46' title='bbox 327 1064 517 1141; x_wconf 73' lang='grc' dir='ltr'><strong>ψυχῆς</strong></span> <span class='ocrx_word' id='word_1_47' title='bbox 562 1063 903 1140; x_wconf 68' lang='grc' dir='ltr'>αἰσθητήρια·</span> 
     </span>
    </p>
   </div>
   <div class='ocr_carea' id='block_1_10' title="bbox 409 1139 1977 1231">
    <p class='ocr_par' dir='ltr' id='par_1_10' title="bbox 409 1139 1977 1231">
     <span class='ocr_line' id='line_1_10' title="bbox 409 1139 1977 1231; baseline -0.003 -25"><span class='ocrx_word' id='word_1_48' title='bbox 409 1139 520 1226; x_wconf 54' lang='grc' dir='ltr'><strong>έβϊ</strong></span> <span class='ocrx_word' id='word_1_49' title='bbox 568 1159 671 1210; x_wconf 84' lang='grc' dir='ltr'>Τοῦ</span> <span class='ocrx_word' id='word_1_50' title='bbox 726 1139 846 1214; x_wconf 76' lang='grc' dir='ltr'>νοδς</span> <span class='ocrx_word' id='word_1_51' title='bbox 900 1150 955 1208; x_wconf 80' lang='grc' dir='ltr'>ἐν</span> <span class='ocrx_word' id='word_1_52' title='bbox 1018 1162 1136 1216; x_wconf 74' lang='grc' dir='ltr'>τοῖς</span> <span class='ocrx_word' id='word_1_53' title='bbox 1200 1149 1330 1229; x_wconf 78' lang='grc' dir='ltr'>ὑπὲρ</span> <span class='ocrx_word' id='word_1_54' title='bbox 1398 1148 1549 1231; x_wconf 88' lang='grc' dir='ltr'>φύσιν</span> <span class='ocrx_word' id='word_1_55' title='bbox 1602 1146 1977 1226; x_wconf 81' lang='grc' dir='ltr'>χωρήσαντος,</span> 
     </span>
    </p>
   </div>
   <div class='ocr_carea' id='block_1_11' title="bbox 323 1235 1983 1320">
    <p class='ocr_par' dir='ltr' id='par_1_11' title="bbox 323 1235 1983 1320">
     <span class='ocr_line' id='line_1_11' title="bbox 323 1235 1983 1320; baseline -0.003 -26"><span class='ocrx_word' id='word_1_56' title='bbox 323 1240 380 1294; x_wconf 78' lang='grc' dir='ltr'>αἱ</span> <span class='ocrx_word' id='word_1_57' title='bbox 408 1240 679 1310; x_wconf 74' lang='grc' dir='ltr'>αἰσθήσεις</span> <span class='ocrx_word' id='word_1_58' title='bbox 720 1239 859 1296; x_wconf 87' lang='grc' dir='ltr'><strong>κατά</strong></span> <span class='ocrx_word' id='word_1_59' title='bbox 914 1239 1065 1320; x_wconf 88' lang='grc' dir='ltr'>φύσιν</span> <span class='ocrx_word' id='word_1_60' title='bbox 1134 1239 1388 1312; x_wconf 79' lang='grc' dir='ltr'>ἑστῶσαι,</span> <span class='ocrx_word' id='word_1_61' title='bbox 1448 1236 1663 1298; x_wconf 78' lang='grc' dir='ltr'>ἀπαθῶς</span> <span class='ocrx_word' id='word_1_62' title='bbox 1719 1246 1840 1298; x_wconf 76' lang='grc' dir='ltr'>ταῖς</span> <span class='ocrx_word' id='word_1_63' title='bbox 1902 1235 1983 1290; x_wconf 80' lang='grc' dir='ltr'><strong>αἱ-</strong></span> 
     </span>
    </p>
   </div>
   <div class='ocr_carea' id='block_1_12' title="bbox 324 1323 1982 1407">
    <p class='ocr_par' dir='ltr' id='par_1_12' title="bbox 324 1323 1982 1407">
     <span class='ocr_line' id='line_1_12' title="bbox 324 1323 1982 1407; baseline -0.002 -26"><span class='ocrx_word' id='word_1_64' title='bbox 324 1327 467 1391; x_wconf 87' lang='grc' dir='ltr'>τίαις</span> <span class='ocrx_word' id='word_1_65' title='bbox 497 1326 908 1407; x_wconf 88' lang='grc' dir='ltr'>προσομιλοῦσι,</span> <span class='ocrx_word' id='word_1_66' title='bbox 952 1328 1074 1391; x_wconf 80' lang='grc' dir='ltr'>τοὺς</span> <span class='ocrx_word' id='word_1_67' title='bbox 1125 1325 1314 1405; x_wconf 80' lang='grc' dir='ltr'>λόγους</span> <span class='ocrx_word' id='word_1_68' title='bbox 1369 1324 1558 1402; x_wconf 80' lang='grc' dir='ltr'>μόνους</span> <span class='ocrx_word' id='word_1_69' title='bbox 1612 1323 1699 1380; x_wconf 84' lang='grc' dir='ltr'><strong>καὶ</strong></span> <span class='ocrx_word' id='word_1_70' title='bbox 1738 1323 1832 1386; x_wconf 82' lang='grc' dir='ltr'><strong>τὰς</strong></span> <span class='ocrx_word' id='word_1_71' title='bbox 1886 1323 1982 1401; x_wconf 85' lang='grc' dir='ltr'>φύ-</span> 
     </span>
    </p>
   </div>
   <div class='ocr_carea' id='block_1_13' title="bbox 322 1409 1983 1495">
    <p class='ocr_par' dir='ltr' id='par_1_13' title="bbox 322 1409 1983 1495">
     <span class='ocr_line' id='line_1_13' title="bbox 322 1409 1983 1495; baseline -0.004 -23"><span class='ocrx_word' id='word_1_72' title='bbox 322 1436 439 1479; x_wconf 86' lang='grc' dir='ltr'>σεις</span> <span class='ocrx_word' id='word_1_73' title='bbox 497 1413 671 1472; x_wconf 69' lang='grc' dir='ltr'>αὐτῶν</span> <span class='ocrx_word' id='word_1_74' title='bbox 732 1416 1071 1495; x_wconf 80' lang='grc' dir='ltr'>ἐρευνῶσαισ,</span> <span class='ocrx_word' id='word_1_75' title='bbox 1156 1415 1245 1471; x_wconf 88' lang='grc' dir='ltr'><strong>καὶ</strong></span> <span class='ocrx_word' id='word_1_76' title='bbox 1311 1411 1553 1489; x_wconf 79' lang='grc' dir='ltr'>ἀψευδῶς</span> <span class='ocrx_word' id='word_1_77' title='bbox 1635 1409 1983 1490; x_wconf 76' lang='grc' dir='ltr'>διακρίνουσαι</span> 
     </span>
    </p>
   </div>
   <div class='ocr_carea' id='block_1_14' title="bbox 322 1499 1983 1585">
    <p class='ocr_par' dir='ltr' id='par_1_14' title="bbox 322 1499 1983 1585">
     <span class='ocr_line' id='line_1_14' title="bbox 322 1499 1983 1585; baseline -0.004 -24"><span class='ocrx_word' id='word_1_78' title='bbox 322 1504 423 1568; x_wconf 81' lang='grc' dir='ltr'><strong>τὰς</strong></span> <span class='ocrx_word' id='word_1_79' title='bbox 452 1505 656 1562; x_wconf 89' lang='grc' dir='ltr'>τούτων</span> <span class='ocrx_word' id='word_1_80' title='bbox 687 1504 948 1585; x_wconf 76' lang='grc' dir='ltr'>ἐνεργείας</span> <span class='ocrx_word' id='word_1_81' title='bbox 995 1506 1129 1580; x_wconf 85' lang='grc' dir='ltr'>ὁμοῦ</span> <span class='ocrx_word' id='word_1_82' title='bbox 1177 1503 1265 1560; x_wconf 83' lang='grc' dir='ltr'><strong>καὶ</strong></span> <span class='ocrx_word' id='word_1_83' title='bbox 1306 1503 1624 1575; x_wconf 82' lang='grc' dir='ltr'>ποιότητας,</span> <span class='ocrx_word' id='word_1_84' title='bbox 1684 1499 1761 1575; x_wconf 85' lang='grc' dir='ltr'>μὴ</span> <span class='ocrx_word' id='word_1_85' title='bbox 1811 1519 1983 1578; x_wconf 89' lang='grc' dir='ltr'>προσ-</span> 
     </span>
    </p>
   </div>
   <div class='ocr_carea' id='block_1_15' title="bbox 320 1588 1982 1675">
    <p class='ocr_par' dir='ltr' id='par_1_15' title="bbox 320 1588 1982 1675">
     <span class='ocr_line' id='line_1_15' title="bbox 320 1588 1982 1675; baseline -0.004 -25"><span class='ocrx_word' id='word_1_86' title='bbox 320 1593 651 1674; x_wconf 81' lang='grc' dir='ltr'>πάσχουσαι,</span> <span class='ocrx_word' id='word_1_87' title='bbox 701 1594 738 1663; x_wconf 73' lang='grc' dir='ltr'>ἢ</span> <span class='ocrx_word' id='word_1_88' title='bbox 794 1599 1062 1675; x_wconf 87' lang='grc' dir='ltr'>σχετικῶς</span> <span class='ocrx_word' id='word_1_89' title='bbox 1112 1593 1255 1672; x_wconf 84' lang='grc' dir='ltr'>παρὰ</span> <span class='ocrx_word' id='word_1_90' title='bbox 1297 1592 1450 1673; x_wconf 86' lang='grc' dir='ltr'>φύσιν</span> <span class='ocrx_word' id='word_1_91' title='bbox 1505 1590 1808 1665; x_wconf 74' lang='grc' dir='ltr'>κινούμεναι</span> <span class='ocrx_word' id='word_1_92' title='bbox 1850 1588 1982 1667; x_wconf 83' lang='grc' dir='ltr'>πρὸς</span> 
     </span>
    </p>
   </div>
   <div class='ocr_carea' id='block_1_16' title="bbox 327 1682 517 1746">
    <p class='ocr_par' dir='ltr' id='par_1_16' title="bbox 327 1682 517 1746">
     <span class='ocr_line' id='line_1_16' title="bbox 327 1682 517 1746; baseline -0.011 -5"><span class='ocrx_word' id='word_1_93' title='bbox 327 1682 492 1746; x_wconf 75' lang='grc' dir='ltr'>αὐτάς</span> <span class='ocrx_word' id='word_1_94' title='bbox 502 1728 517 1744; x_wconf 93' lang='grc'><strong>.</strong></span> 
     </span>
    </p>
   </div>
   <div class='ocr_carea' id='block_1_17' title="bbox 409 1761 1982 1851">
    <p class='ocr_par' dir='ltr' id='par_1_17' title="bbox 409 1761 1982 1851">
     <span class='ocr_line' id='line_1_17' title="bbox 409 1761 1982 1851; baseline -0.004 -23"><span class='ocrx_word' id='word_1_95' title='bbox 409 1761 526 1851; x_wconf 80' lang='grc' dir='ltr'>κγ’.</span> <span class='ocrx_word' id='word_1_96' title='bbox 586 1769 819 1849; x_wconf 83' lang='grc' dir='ltr'>Ἀγῶνες</span> <span class='ocrx_word' id='word_1_97' title='bbox 884 1772 974 1829; x_wconf 86' lang='grc' dir='ltr'>καὶ</span> <span class='ocrx_word' id='word_1_98' title='bbox 1029 1770 1183 1827; x_wconf 91' lang='grc' dir='ltr'>πόνοι</span> <span class='ocrx_word' id='word_1_99' title='bbox 1237 1771 1608 1845; x_wconf 82' lang='grc' dir='ltr'>πνευματικοὶ,</span> <span class='ocrx_word' id='word_1_100' title='bbox 1652 1767 1871 1846; x_wconf 87' lang='grc' dir='ltr'>γεννῶσι</span> <span class='ocrx_word' id='word_1_101' title='bbox 1914 1770 1982 1842; x_wconf 77' lang='grc' dir='ltr'><strong>τῇ</strong></span> 
     </span>
    </p>
   </div>
   <div class='ocr_carea' id='block_1_18' title="bbox 324 1854 1980 1941">
    <p class='ocr_par' dir='ltr' id='par_1_18' title="bbox 324 1854 1980 1941">
     <span class='ocr_line' id='line_1_18' title="bbox 324 1854 1980 1941; baseline -0.004 -24"><span class='ocrx_word' id='word_1_102' title='bbox 324 1865 485 1941; x_wconf 76' lang='grc' dir='ltr'>ψυχῇ</span> <span class='ocrx_word' id='word_1_103' title='bbox 550 1860 866 1941; x_wconf 70' lang='grc' dir='ltr'>εὐφροσύνην</span> <span class='ocrx_word' id='word_1_104' title='bbox 902 1879 916 1894; x_wconf 88' lang='grc'><strong>·</strong></span> <span class='ocrx_word' id='word_1_105' title='bbox 989 1861 1203 1939; x_wconf 76' lang='grc' dir='ltr'>εἰρήνης</span> <span class='ocrx_word' id='word_1_106' title='bbox 1282 1857 1529 1927; x_wconf 85' lang='grc' dir='ltr'>δηλονότι</span> <span class='ocrx_word' id='word_1_107' title='bbox 1584 1854 1980 1937; x_wconf 87' lang='grc' dir='ltr'>προηγησαμέ-</span> 
     </span>
    </p>
   </div>
   <div class='ocr_carea' id='block_1_19' title="bbox 324 1941 1980 2027">
    <p class='ocr_par' dir='ltr' id='par_1_19' title="bbox 324 1941 1980 2027">
     <span class='ocr_line' id='line_1_19' title="bbox 324 1941 1980 2027; baseline -0.005 -20"><span class='ocrx_word' id='word_1_108' title='bbox 324 1972 425 2016; x_wconf 92' lang='grc' dir='ltr'><strong>νης</strong></span> <span class='ocrx_word' id='word_1_109' title='bbox 468 1951 671 2012; x_wconf 87' lang='grc' dir='ltr'>παθῶν.</span> <span class='ocrx_word' id='word_1_110' title='bbox 747 1958 890 2027; x_wconf 89' lang='grc' dir='ltr'>Οπερ</span> <span class='ocrx_word' id='word_1_111' title='bbox 945 1948 1034 2006; x_wconf 81' lang='grc' dir='ltr'><strong>οὗν</strong></span> <span class='ocrx_word' id='word_1_112' title='bbox 1088 1961 1208 2012; x_wconf 76' lang='grc' dir='ltr'>τοῖς</span> <span class='ocrx_word' id='word_1_113' title='bbox 1260 1949 1361 2005; x_wconf 80' lang='grc' dir='ltr'><strong>ὑπὸ</strong></span> <span class='ocrx_word' id='word_1_114' title='bbox 1403 1948 1501 2015; x_wconf 68' lang='grc' dir='ltr'>τὴν</span> <span class='ocrx_word' id='word_1_115' title='bbox 1560 1945 1810 2012; x_wconf 69' lang='grc' dir='ltr'>αἴσθησιν</span> <span class='ocrx_word' id='word_1_116' title='bbox 1852 1941 1980 2000; x_wconf 88' lang='grc' dir='ltr'>δυσ-</span> 
     </span>
    </p>
   </div>
   <div class='ocr_carea' id='block_1_20' title="bbox 374 2033 1982 2119">
    <p class='ocr_par' dir='ltr' id='par_1_20' title="bbox 374 2033 1982 2119">
     <span class='ocr_line' id='line_1_20' title="bbox 374 2033 1982 2119; baseline -0.005 -25"><span class='ocrx_word' id='word_1_117' title='bbox 374 2038 512 2119; x_wconf 80' lang='grc' dir='ltr'>ερὲς,</span> <span class='ocrx_word' id='word_1_118' title='bbox 581 2044 735 2096; x_wconf 85' lang='grc' dir='ltr'>τοῦτο</span> <span class='ocrx_word' id='word_1_119' title='bbox 808 2043 961 2118; x_wconf 78' lang='grc' dir='ltr'>ψυχῇ</span> <span class='ocrx_word' id='word_1_120' title='bbox 1027 2038 1262 2114; x_wconf 81' lang='grc' dir='ltr'>πονούσῃ</span> <span class='ocrx_word' id='word_1_121' title='bbox 1335 2038 1423 2094; x_wconf 83' lang='grc' dir='ltr'><strong>καὶ</strong></span> <span class='ocrx_word' id='word_1_122' title='bbox 1494 2037 1654 2093; x_wconf 88' lang='grc' dir='ltr'>πόθον</span> <span class='ocrx_word' id='word_1_123' title='bbox 1712 2033 1765 2099; x_wconf 75' lang='grc' dir='ltr'>ἐξ</span> <span class='ocrx_word' id='word_1_124' title='bbox 1829 2034 1982 2110; x_wconf 74' lang='grc' dir='ltr'>ἱερῶν</span> 
     </span>
    </p>
   </div>
   <div class='ocr_carea' id='block_1_21' title="bbox 321 2062 1979 2207">
    <p class='ocr_par' dir='ltr' id='par_1_21' title="bbox 321 2062 1979 2207">
     <span class='ocr_line' id='line_1_21' title="bbox 374 2062 1979 2119; baseline -0.005 -25"><span class='ocrx_word' id='word_1_125' title='bbox 374 2062 512 2119; x_wconf 85' lang='grc' dir='ltr'>ερες,</span> <span class='ocrx_word' id='word_1_126' title='bbox 581 2062 735 2096; x_wconf 89' lang='grc' dir='ltr'>τουτο</span> <span class='ocrx_word' id='word_1_127' title='bbox 808 2062 961 2118; x_wconf 78' lang='grc' dir='ltr'>ψυχῃ</span> <span class='ocrx_word' id='word_1_128' title='bbox 1027 2062 1262 2114; x_wconf 81' lang='grc' dir='ltr'>πονουσῃ</span> <span class='ocrx_word' id='word_1_129' title='bbox 1335 2062 1423 2094; x_wconf 88' lang='grc' dir='ltr'><strong>και</strong></span> <span class='ocrx_word' id='word_1_130' title='bbox 1494 2062 1654 2093; x_wconf 82' lang='grc' dir='ltr'>πουον</span> <span class='ocrx_word' id='word_1_131' title='bbox 1712 2062 1765 2099; x_wconf 82' lang='grc' dir='ltr'><strong>ες</strong></span> <span class='ocrx_word' id='word_1_132' title='bbox 1833 2062 1979 2110; x_wconf 68' lang='lat' dir='ltr'><strong>repunt</strong></span> 
     </span>
     <span class='ocr_line' id='line_1_22' title="bbox 321 2062 1979 2207; baseline -0.005 -22"><span class='ocrx_word' id='word_1_133' title='bbox 321 2062 560 2207; x_wconf 52' lang='grc' dir='ltr'>ᾰρώτων</span> <span class='ocrx_word' id='word_1_134' title='bbox 624 2127 710 2184; x_wconf 74' lang='grc' dir='ltr'>ἐπὶ</span> <span class='ocrx_word' id='word_1_135' title='bbox 760 2129 889 2184; x_wconf 85' lang='grc' dir='ltr'>Θεὸν</span> <span class='ocrx_word' id='word_1_136' title='bbox 946 2126 1282 2204; x_wconf 73' lang='grc' dir='ltr'>κτησαμένη,</span> <span class='ocrx_word' id='word_1_137' title='bbox 1339 2128 1427 2183; x_wconf 81' lang='grc' dir='ltr'>καὶ</span> <span class='ocrx_word' id='word_1_138' title='bbox 1481 2122 1787 2203; x_wconf 74' lang='grc' dir='ltr'>βεϐλημένῃ</span> <span class='ocrx_word' id='word_1_139' title='bbox 1837 2121 1979 2184; x_wconf 88' lang='grc' dir='ltr'>θείας</span> 
     </span>
    </p>
   </div>
   <div class='ocr_carea' id='block_1_22' title="bbox 322 2207 1982 2295">
    <p class='ocr_par' dir='ltr' id='par_1_22' title="bbox 322 2207 1982 2295">
     <span class='ocr_line' id='line_1_23' title="bbox 322 2207 1982 2295; baseline -0.006 -23"><span class='ocrx_word' id='word_1_140' title='bbox 322 2216 575 2294; x_wconf 85' lang='grc' dir='ltr'>γνώσεως</span> <span class='ocrx_word' id='word_1_141' title='bbox 634 2212 813 2295; x_wconf 75' lang='grc' dir='ltr'>ἔρωτι,</span> <span class='ocrx_word' id='word_1_142' title='bbox 869 2215 993 2293; x_wconf 80' lang='grc' dir='ltr'>ῥᾷον</span> <span class='ocrx_word' id='word_1_143' title='bbox 1060 2216 1149 2271; x_wconf 82' lang='grc' dir='ltr'><strong>καὶ</strong></span> <span class='ocrx_word' id='word_1_144' title='bbox 1214 2212 1416 2290; x_wconf 83' lang='grc' dir='ltr'>μᾶλλον</span> <span class='ocrx_word' id='word_1_145' title='bbox 1472 2210 1752 2281; x_wconf 77' lang='grc' dir='ltr'>ἡδύτατον.</span> <span class='ocrx_word' id='word_1_146' title='bbox 1815 2207 1982 2266; x_wconf 86' lang='grc' dir='ltr'>Ἐκεί-</span> 
     </span>
    </p>
   </div>
   <div class='ocr_carea' id='block_1_23' title="bbox 323 2298 1975 2381">
    <p class='ocr_par' dir='ltr' id='par_1_23' title="bbox 323 2298 1975 2381">
     <span class='ocr_line' id='line_1_24' title="bbox 323 2298 1975 2381; baseline -0.001 -21"><span class='ocrx_word' id='word_1_147' title='bbox 323 2325 438 2367; x_wconf 89' lang='grc' dir='ltr'>νοις</span> <span class='ocrx_word' id='word_1_148' title='bbox 493 2303 591 2379; x_wconf 78' lang='grc' dir='ltr'>μὲν</span> <span class='ocrx_word' id='word_1_149' title='bbox 632 2304 731 2381; x_wconf 78' lang='grc' dir='ltr'><strong>γὰρ</strong></span> <span class='ocrx_word' id='word_1_150' title='bbox 788 2306 835 2359; x_wconf 79' lang='grc' dir='ltr'>οἱ</span> <span class='ocrx_word' id='word_1_151' title='bbox 886 2303 1037 2360; x_wconf 91' lang='grc' dir='ltr'>πόνοι</span> <span class='ocrx_word' id='word_1_152' title='bbox 1099 2304 1188 2359; x_wconf 87' lang='grc' dir='ltr'><strong>καὶ</strong></span> <span class='ocrx_word' id='word_1_153' title='bbox 1232 2305 1279 2360; x_wconf 83' lang='grc' dir='ltr'>οἱ</span> <span class='ocrx_word' id='word_1_154' title='bbox 1334 2302 1536 2380; x_wconf 86' lang='grc' dir='ltr'>ἀγῶνες</span> <span class='ocrx_word' id='word_1_155' title='bbox 1593 2305 1693 2367; x_wconf 80' lang='grc' dir='ltr'><strong>τῆς</strong></span> <span class='ocrx_word' id='word_1_156' title='bbox 1751 2298 1975 2377; x_wconf 75' lang='grc' dir='ltr'>ἀρετῆς,</span> 
     </span>
    </p>
   </div>
   <div class='ocr_carea' id='block_1_24' title="bbox 324 2385 1977 2467">
    <p class='ocr_par' dir='ltr' id='par_1_24' title="bbox 324 2385 1977 2467">
     <span class='ocr_line' id='line_1_25' title="bbox 324 2385 1977 2467; baseline -0.005 -19"><span class='ocrx_word' id='word_1_157' title='bbox 324 2392 421 2449; x_wconf 79' lang='grc' dir='ltr'><strong>ἅτε</strong></span> <span class='ocrx_word' id='word_1_158' title='bbox 491 2391 557 2460; x_wconf 79' lang='grc' dir='ltr'><strong>δὴ</strong></span> <span class='ocrx_word' id='word_1_159' title='bbox 629 2392 834 2448; x_wconf 81' lang='grc' dir='ltr'>ἀνέσεσι</span> <span class='ocrx_word' id='word_1_160' title='bbox 902 2392 1150 2467; x_wconf 85' lang='grc' dir='ltr'>σώματος</span> <span class='ocrx_word' id='word_1_161' title='bbox 1224 2392 1314 2448; x_wconf 83' lang='grc' dir='ltr'><strong>καὶ</strong></span> <span class='ocrx_word' id='word_1_162' title='bbox 1383 2389 1584 2458; x_wconf 74' lang='grc' dir='ltr'>ἡδονῶν</span> <span class='ocrx_word' id='word_1_163' title='bbox 1653 2385 1977 2444; x_wconf 83' lang='grc' dir='ltr'>ἀπολαύσεσι</span> 
     </span>
    </p>
   </div>
   <div class='ocr_carea' id='block_1_25' title="bbox 326 2475 1981 2562">
    <p class='ocr_par' dir='ltr' id='par_1_25' title="bbox 326 2475 1981 2562">
     <span class='ocr_line' id='line_1_26' title="bbox 326 2475 1981 2562; baseline -0.006 -24"><span class='ocrx_word' id='word_1_164' title='bbox 326 2480 750 2562; x_wconf 74' lang='grc' dir='ltr'>προσκειμένοις,</span> <span class='ocrx_word' id='word_1_165' title='bbox 787 2478 1064 2561; x_wconf 79' lang='grc' dir='ltr'>δυσχερεῖς</span> <span class='ocrx_word' id='word_1_166' title='bbox 1111 2481 1232 2554; x_wconf 80' lang='grc' dir='ltr'>εἱσι,</span> <span class='ocrx_word' id='word_1_167' title='bbox 1292 2480 1379 2537; x_wconf 89' lang='grc' dir='ltr'><strong>καὶ</strong></span> <span class='ocrx_word' id='word_1_168' title='bbox 1433 2478 1547 2535; x_wconf 89' lang='grc' dir='ltr'>λὶαν</span> <span class='ocrx_word' id='word_1_169' title='bbox 1594 2475 1804 2562; x_wconf 85' lang='grc' dir='ltr'>δοκοῦσι</span> <span class='ocrx_word' id='word_1_170' title='bbox 1853 2495 1981 2553; x_wconf 88' lang='grc' dir='ltr'>τρα-</span> 
     </span>
    </p>
   </div>
   <div class='ocr_carea' id='block_1_26' title="bbox 326 2561 1973 2651">
    <p class='ocr_par' dir='ltr' id='par_1_26' title="bbox 326 2561 1973 2651">
     <span class='ocr_line' id='line_1_27' title="bbox 326 2561 1973 2651; baseline -0.013 -15"><span class='ocrx_word' id='word_1_171' title='bbox 326 2561 482 2651; x_wconf 78' lang='grc' dir='ltr'>χεϊς,</span> <span class='ocrx_word' id='word_1_172' title='bbox 542 2570 619 2645; x_wconf 73' lang='grc' dir='ltr'>μὴ</span> <span class='ocrx_word' id='word_1_173' title='bbox 670 2568 1098 2650; x_wconf 73' lang='grc' dir='ltr'>προμελετήσασι</span> <span class='ocrx_word' id='word_1_174' title='bbox 1158 2570 1221 2624; x_wconf 81' lang='grc' dir='ltr'>τὸ</span> <span class='ocrx_word' id='word_1_175' title='bbox 1281 2566 1512 2647; x_wconf 73' lang='grc' dir='ltr'>ἁλμυρὸν</span> <span class='ocrx_word' id='word_1_176' title='bbox 1578 2568 1683 2622; x_wconf 86' lang='grc' dir='ltr'><strong>τῶν</strong></span> <span class='ocrx_word' id='word_1_177' title='bbox 1751 2561 1973 2651; x_wconf 74' lang='grc' dir='ltr'>ἡδονῶν,</span> 
     </span>
    </p>
   </div>
   <div class='ocr_carea' id='block_1_27' title="bbox 326 2650 1977 2734">
    <p class='ocr_par' dir='ltr' id='par_1_27' title="bbox 326 2650 1977 2734">
     <span class='ocr_line' id='line_1_28' title="bbox 326 2650 1977 2734; baseline -0.005 -19"><span class='ocrx_word' id='word_1_178' title='bbox 326 2650 719 2715; x_wconf 84' lang='grc' dir='ltr'>ἀποκλύσασθαι</span> <span class='ocrx_word' id='word_1_179' title='bbox 798 2670 915 2721; x_wconf 84' lang='grc' dir='ltr'>τοϊς</span> <span class='ocrx_word' id='word_1_180' title='bbox 968 2654 1195 2732; x_wconf 79' lang='grc' dir='ltr'>’νάμασι</span> <span class='ocrx_word' id='word_1_181' title='bbox 1262 2659 1367 2712; x_wconf 87' lang='grc' dir='ltr'><strong>τῶν</strong></span> <span class='ocrx_word' id='word_1_182' title='bbox 1439 2654 1671 2734; x_wconf 71' lang='grc' dir='ltr'>δάκρύων</span> <span class='ocrx_word' id='word_1_183' title='bbox 1715 2669 1735 2689; x_wconf 79' lang='grc'><strong><em>⁸</em></strong></span> <span class='ocrx_word' id='word_1_184' title='bbox 1813 2650 1977 2726; x_wconf 76' lang='grc' dir='ltr'>ταύτῃ</span> 
     </span>
    </p>
   </div>
   <div class='ocr_carea' id='block_1_28' title="bbox 327 2739 1976 2823">
    <p class='ocr_par' dir='ltr' id='par_1_28' title="bbox 327 2739 1976 2823">
     <span class='ocr_line' id='line_1_29' title="bbox 327 2739 1976 2823; baseline -0.002 -19"><span class='ocrx_word' id='word_1_185' title='bbox 327 2746 385 2804; x_wconf 78' lang='grc' dir='ltr'>δὲ</span> <span class='ocrx_word' id='word_1_186' title='bbox 434 2748 746 2823; x_wconf 89' lang='grc' dir='ltr'>ποθούμενοί</span> <span class='ocrx_word' id='word_1_187' title='bbox 796 2768 855 2803; x_wconf 89' lang='grc' dir='ltr'><strong>τε</strong></span> <span class='ocrx_word' id='word_1_188' title='bbox 907 2747 994 2803; x_wconf 88' lang='grc' dir='ltr'>καὶ</span> <span class='ocrx_word' id='word_1_189' title='bbox 1048 2744 1425 2821; x_wconf 82' lang='grc' dir='ltr'>ἀσπαξόμενοι,</span> <span class='ocrx_word' id='word_1_190' title='bbox 1480 2741 1834 2822; x_wconf 75' lang='grc' dir='ltr'>βδελυξαμένη</span> <span class='ocrx_word' id='word_1_191' title='bbox 1882 2739 1976 2801; x_wconf 68' lang='grc' dir='ltr'><strong>τὰς</strong></span> 
     </span>
    </p>
   </div>
   <div class='ocr_carea' id='block_1_29' title="bbox 327 2830 1977 2921">
    <p class='ocr_par' dir='ltr' id='par_1_29' title="bbox 327 2830 1977 2921">
     <span class='ocr_line' id='line_1_30' title="bbox 327 2830 1977 2921; baseline -0.008 -27"><span class='ocrx_word' id='word_1_192' title='bbox 327 2834 603 2915; x_wconf 79' lang='grc' dir='ltr'>προξένους</span> <span class='ocrx_word' id='word_1_193' title='bbox 671 2833 862 2904; x_wconf 75' lang='grc' dir='ltr'>ἡδονὰς</span> <span class='ocrx_word' id='word_1_194' title='bbox 927 2840 1025 2902; x_wconf 77' lang='grc' dir='ltr'>τῆς</span> <span class='ocrx_word' id='word_1_195' title='bbox 1095 2832 1307 2914; x_wconf 85' lang='grc' dir='ltr'>ὀδύνης,</span> <span class='ocrx_word' id='word_1_196' title='bbox 1367 2835 1455 2890; x_wconf 88' lang='grc' dir='ltr'>καὶ</span> <span class='ocrx_word' id='word_1_197' title='bbox 1532 2833 1631 2899; x_wconf 75' lang='grc' dir='ltr'>τὴν</span> <span class='ocrx_word' id='word_1_198' title='bbox 1701 2830 1977 2921; x_wconf 49' lang='grc' dir='ltr'>εὒπάθεέαν</span> 
     </span>
    </p>
   </div>
   <div class='ocr_carea' id='block_1_30' title="bbox 327 2922 1977 3006">
    <p class='ocr_par' dir='ltr' id='par_1_30' title="bbox 327 2922 1977 3006">
     <span class='ocr_line' id='line_1_31' title="bbox 327 2922 1977 3006; baseline -0.004 -22"><span class='ocrx_word' id='word_1_199' title='bbox 327 2924 749 3006; x_wconf 76' lang='grc' dir='ltr'>ἀποσεισαμένῃ,</span> <span class='ocrx_word' id='word_1_200' title='bbox 794 2926 930 3002; x_wconf 84' lang='grc' dir='ltr'><strong>μετά</strong></span> <span class='ocrx_word' id='word_1_201' title='bbox 983 2929 1080 2991; x_wconf 82' lang='grc' dir='ltr'>τῆς</span> <span class='ocrx_word' id='word_1_202' title='bbox 1140 2922 1412 3005; x_wconf 78' lang='grc' dir='ltr'>φιλαυτίας</span> <span class='ocrx_word' id='word_1_203' title='bbox 1455 2928 1549 2979; x_wconf 86' lang='grc' dir='ltr'><strong>τοῦ</strong></span> <span class='ocrx_word' id='word_1_204' title='bbox 1578 2926 1853 2997; x_wconf 81' lang='grc' dir='ltr'>σώματος.</span> <span class='ocrx_word' id='word_1_205' title='bbox 1907 2923 1977 3006; x_wconf 59' lang='lat' dir='ltr'><strong>BV</strong></span> 
     </span>
    </p>
   </div>
   <div class='ocr_carea' id='block_1_31' title="bbox 1328 298 2763 379">
    <p class='ocr_par' dir='ltr' id='par_1_31' title="bbox 1328 298 2763 379">
     <span class='ocr_line' id='line_1_32' title="bbox 1328 298 2763 379; baseline -0.001 -14"><span class='ocrx_word' id='word_1_206' title='bbox 1328 299 1870 365; x_wconf 82' lang='lat' dir='ltr'><strong>PRAGTICORUM</strong></span> <span class='ocrx_word' id='word_1_207' title='bbox 1916 298 2257 379; x_wconf 84' lang='lat' dir='ltr'><strong>CAPITUM</strong></span> <span class='ocrx_word' id='word_1_208' title='bbox 2300 300 2694 366; x_wconf 82' lang='lat' dir='ltr'><strong>CENTURIA</strong></span> <span class='ocrx_word' id='word_1_209' title='bbox 2738 302 2763 363; x_wconf 97' lang='grc' dir='ltr'><strong>Ι</strong></span> 
     </span>
    </p>
   </div>
   <div class='ocr_carea' id='block_1_32' title="bbox 956 431 1983 533">
    <p class='ocr_par' dir='ltr' id='par_1_32' title="bbox 956 431 1981 533">
     <span class='ocr_line' id='line_1_33' title="bbox 956 431 1981 533; baseline -0.005 -39"><span class='ocrx_word' id='word_1_210' title='bbox 956 485 973 518; x_wconf 91' lang='grc'><strong>,</strong></span> <span class='ocrx_word' id='word_1_211' title='bbox 1043 435 1289 533; x_wconf 57' lang='grc' dir='ltr'>φέρουσα,</span> <span class='ocrx_word' id='word_1_212' title='bbox 1351 432 1472 533; x_wconf 68' lang='grc' dir='ltr'>ἀλλ’</span> <span class='ocrx_word' id='word_1_213' title='bbox 1533 431 1689 533; x_wconf 65' lang='grc' dir='ltr'>ὑλική</span> <span class='ocrx_word' id='word_1_214' title='bbox 1746 455 1851 514; x_wconf 88' lang='grc' dir='ltr'>τις,</span> <span class='ocrx_word' id='word_1_215' title='bbox 1888 434 1981 533; x_wconf 55' lang='grc' dir='ltr'>καὶ</span> 
     </span>
    </p>
   </div>
   <div class='ocr_carea' id='block_1_33' title="bbox 2073 431 3706 533">
    <p class='ocr_par' dir='ltr' id='par_1_33' title="bbox 2073 431 3706 533">
     <span class='ocr_line' id='line_1_34' title="bbox 2073 431 3706 533; baseline -0.001 -38"><span class='ocrx_word' id='word_1_216' title='bbox 2073 433 2283 515; x_wconf 76' lang='lat' dir='ltr'><strong>aliquid</strong></span> <span class='ocrx_word' id='word_1_217' title='bbox 2304 434 2644 513; x_wconf 76' lang='lat' dir='ltr'><strong>universale</strong></span> <span class='ocrx_word' id='word_1_218' title='bbox 2663 433 2725 496; x_wconf 92' lang='lat' dir='ltr'><strong>in</strong></span> <span class='ocrx_word' id='word_1_219' title='bbox 2761 440 2948 496; x_wconf 91' lang='lat' dir='ltr'><strong>totum</strong></span> <span class='ocrx_word' id='word_1_220' title='bbox 2970 450 3185 512; x_wconf 82' lang='lat' dir='ltr'><strong>corpus</strong></span> <span class='ocrx_word' id='word_1_221' title='bbox 3204 441 3532 497; x_wconf 86' lang='lat' dir='ltr'><strong>extensum.</strong></span> <span class='ocrx_word' id='word_1_222' title='bbox 3558 431 3706 533; x_wconf 76' lang='lat' dir='ltr'><strong>Cum</strong></span> 
     </span>
    </p>
   </div>
   <div class='ocr_carea' id='block_1_34' title="bbox 3590 292 3709 362">
    <p class='ocr_par' dir='ltr' id='par_1_34' title="bbox 3590 292 3709 362">
     <span class='ocr_line' id='line_1_35' title="bbox 3590 292 3709 362; baseline -0.034 -1"><span class='ocrx_word' id='word_1_223' title='bbox 3590 292 3709 362; x_wconf 81' lang='lat'><strong>862</strong></span> 
     </span>
    </p>
   </div>
   <div class='ocr_carea' id='block_1_35' title="bbox 2066 520 3709 603">
    <p class='ocr_par' dir='ltr' id='par_1_35' title="bbox 2066 520 3709 603">
     <span class='ocr_line' id='line_1_36' title="bbox 2066 520 3709 603; baseline -0.001 -19"><span class='ocrx_word' id='word_1_224' title='bbox 2066 522 2249 603; x_wconf 79' lang='lat' dir='ltr'><strong>igitur</strong></span> <span class='ocrx_word' id='word_1_225' title='bbox 2278 522 2409 586; x_wconf 88' lang='lat' dir='ltr'><strong>sine</strong></span> <span class='ocrx_word' id='word_1_226' title='bbox 2456 523 2709 586; x_wconf 78' lang='lat' dir='ltr'><strong>utilitate</strong></span> <span class='ocrx_word' id='word_1_227' title='bbox 2751 522 2975 603; x_wconf 89' lang='lat' dir='ltr'><strong>aliquid</strong></span> <span class='ocrx_word' id='word_1_228' title='bbox 3030 522 3243 602; x_wconf 82' lang='lat' dir='ltr'><strong>tetigit,</strong></span> <span class='ocrx_word' id='word_1_229' title='bbox 3297 522 3490 584; x_wconf 87' lang='lat' dir='ltr'><strong>adhuc</strong></span> <span class='ocrx_word' id='word_1_230' title='bbox 3543 520 3709 583; x_wconf 59' lang='lat' dir='ltr'><strong>lmvia</strong></span> 
     </span>
    </p>
   </div>
   <div class='ocr_carea' id='block_1_36' title="bbox 2067 607 3705 692">
    <p class='ocr_par' dir='ltr' id='par_1_36' title="bbox 2067 607 3705 692">
     <span class='ocr_line' id='line_1_37' title="bbox 2067 607 3705 692; baseline -0.002 -21"><span class='ocrx_word' id='word_1_231' title='bbox 2067 618 2376 692; x_wconf 84' lang='lat' dir='ltr'><strong>appetens,</strong></span> <span class='ocrx_word' id='word_1_232' title='bbox 2404 619 2665 673; x_wconf 88' lang='lat' dir='ltr'><strong>mentem</strong></span> <span class='ocrx_word' id='word_1_233' title='bbox 2689 610 2881 692; x_wconf 81' lang='lat' dir='ltr'><strong>pravis</strong></span> <span class='ocrx_word' id='word_1_234' title='bbox 2901 609 3204 691; x_wconf 83' lang='lat' dir='ltr'><strong>perturbat</strong></span> <span class='ocrx_word' id='word_1_235' title='bbox 3230 607 3705 688; x_wconf 84' lang='lat' dir='ltr'><strong>cogitationibus.</strong></span> 
     </span>
    </p>
   </div>
   <div class='ocr_carea' id='block_1_37' title="bbox 2069 697 3709 781">
    <p class='ocr_par' dir='ltr' id='par_1_37' title="bbox 2069 697 3709 781">
     <span class='ocr_line' id='line_1_38' title="bbox 2069 697 3709 781; baseline -0.002 -18"><span class='ocrx_word' id='word_1_236' title='bbox 2069 700 2215 763; x_wconf 91' lang='lat' dir='ltr'><strong>Cum</strong></span> <span class='ocrx_word' id='word_1_237' title='bbox 2240 717 2380 762; x_wconf 89' lang='lat' dir='ltr'><strong>vero</strong></span> <span class='ocrx_word' id='word_1_238' title='bbox 2404 711 2650 781; x_wconf 87' lang='lat' dir='ltr'><strong>propter</strong></span> <span class='ocrx_word' id='word_1_239' title='bbox 2703 699 3041 781; x_wconf 84' lang='lat' dir='ltr'><strong>utilitatem,</strong></span> <span class='ocrx_word' id='word_1_240' title='bbox 3072 699 3165 760; x_wconf 84' lang='lat' dir='ltr'><strong>vix</strong></span> <span class='ocrx_word' id='word_1_241' title='bbox 3193 705 3413 760; x_wconf 83' lang='lat' dir='ltr'><strong>naturae</strong></span> <span class='ocrx_word' id='word_1_242' title='bbox 3440 697 3709 760; x_wconf 88' lang='lat' dir='ltr'><strong>necessi-</strong></span> 
     </span>
    </p>
   </div>
   <div class='ocr_carea' id='block_1_38' title="bbox 2067 785 3710 870">
    <p class='ocr_par' dir='ltr' id='par_1_38' title="bbox 2067 785 3710 870">
     <span class='ocr_line' id='line_1_39' title="bbox 2067 785 3710 870; baseline -0.002 -20"><span class='ocrx_word' id='word_1_243' title='bbox 2067 788 2290 851; x_wconf 86' lang='lat' dir='ltr'><strong>tatibus</strong></span> <span class='ocrx_word' id='word_1_244' title='bbox 2319 789 2380 850; x_wconf 92' lang='lat' dir='ltr'><strong>in</strong></span> <span class='ocrx_word' id='word_1_245' title='bbox 2411 789 2568 851; x_wconf 89' lang='lat' dir='ltr'><strong>lenia</strong></span> <span class='ocrx_word' id='word_1_246' title='bbox 2597 788 2899 870; x_wconf 82' lang='lat' dir='ltr'><strong>tangendo</strong></span> <span class='ocrx_word' id='word_1_247' title='bbox 2954 787 3237 869; x_wconf 88' lang='lat' dir='ltr'><strong>impletis,</strong></span> <span class='ocrx_word' id='word_1_248' title='bbox 3285 786 3481 849; x_wconf 88' lang='lat' dir='ltr'><strong>statim</strong></span> <span class='ocrx_word' id='word_1_249' title='bbox 3502 785 3710 849; x_wconf 86' lang='lat' dir='ltr'><strong>sensi-</strong></span> 
     </span>
    </p>
   </div>
   <div class='ocr_carea' id='block_1_39' title="bbox 2068 876 3712 958">
    <p class='ocr_par' dir='ltr' id='par_1_39' title="bbox 2068 876 3712 958">
     <span class='ocr_line' id='line_1_40' title="bbox 2068 876 3712 958; baseline -0.001 -19"><span class='ocrx_word' id='word_1_250' title='bbox 2068 876 2356 939; x_wconf 87' lang='lat' dir='ltr'><strong>bilitatem</strong></span> <span class='ocrx_word' id='word_1_251' title='bbox 2389 894 2836 958; x_wconf 83' lang='lat' dir='ltr'><strong>supergressus,</strong></span> <span class='ocrx_word' id='word_1_252' title='bbox 2867 876 3079 939; x_wconf 87' lang='lat' dir='ltr'><strong>animae</strong></span> <span class='ocrx_word' id='word_1_253' title='bbox 3102 894 3311 939; x_wconf 92' lang='lat' dir='ltr'><strong>sensus</strong></span> <span class='ocrx_word' id='word_1_254' title='bbox 3340 892 3712 938; x_wconf 86' lang='lat' dir='ltr'><strong>commovere</strong></span> 
     </span>
    </p>
   </div>
   <div class='ocr_carea' id='block_1_40' title="bbox 2068 965 2395 1031">
    <p class='ocr_par' dir='ltr' id='par_1_40' title="bbox 2068 965 2395 1031">
     <span class='ocr_line' id='line_1_41' title="bbox 2068 965 2395 1031; baseline 0.012 -4"><span class='ocrx_word' id='word_1_255' title='bbox 2068 984 2188 1028; x_wconf 93' lang='lat' dir='ltr'><strong>non</strong></span> <span class='ocrx_word' id='word_1_256' title='bbox 2217 965 2395 1031; x_wconf 89' lang='lat' dir='ltr'><strong>solet.</strong></span> 
     </span>
    </p>
   </div>
   <div class='ocr_carea' id='block_1_41' title="bbox 2143 1142 3709 1224">
    <p class='ocr_par' dir='ltr' id='par_1_41' title="bbox 2143 1142 3709 1224">
     <span class='ocr_line' id='line_1_42' title="bbox 2143 1142 3709 1224; baseline -0.002 -17"><span class='ocrx_word' id='word_1_257' title='bbox 2143 1144 2244 1207; x_wconf 90' lang='lat'><strong>22.</strong></span> <span class='ocrx_word' id='word_1_258' title='bbox 2276 1143 2591 1207; x_wconf 87' lang='lat' dir='ltr'><strong>Intellectu</strong></span> <span class='ocrx_word' id='word_1_259' title='bbox 2620 1143 2780 1207; x_wconf 91' lang='lat' dir='ltr'><strong>circa</strong></span> <span class='ocrx_word' id='word_1_260' title='bbox 2805 1161 2903 1205; x_wconf 89' lang='lat' dir='ltr'><strong>res</strong></span> <span class='ocrx_word' id='word_1_261' title='bbox 2931 1142 3413 1224; x_wconf 83' lang='lat' dir='ltr'><strong>supernaturales</strong></span> <span class='ocrx_word' id='word_1_262' title='bbox 3449 1152 3709 1216; x_wconf 91' lang='lat' dir='ltr'><strong>versato,</strong></span> 
     </span>
    </p>
   </div>
   <div class='ocr_carea' id='block_1_42' title="bbox 2062 1230 3714 1306">
    <p class='ocr_par' dir='ltr' id='par_1_42' title="bbox 2062 1230 3714 1306">
     <span class='ocr_line' id='line_1_43' title="bbox 2062 1230 3714 1306; baseline -0.001 -11"><span class='ocrx_word' id='word_1_263' title='bbox 2062 1249 2271 1296; x_wconf 88' lang='lat' dir='ltr'><strong>sensus</strong></span> <span class='ocrx_word' id='word_1_264' title='bbox 2302 1233 2363 1295; x_wconf 92' lang='lat' dir='ltr'><strong>in</strong></span> <span class='ocrx_word' id='word_1_265' title='bbox 2396 1233 2610 1297; x_wconf 90' lang='lat' dir='ltr'><strong>ordine</strong></span> <span class='ocrx_word' id='word_1_266' title='bbox 2670 1240 2894 1295; x_wconf 75' lang='lat' dir='ltr'><strong>naturae</strong></span> <span class='ocrx_word' id='word_1_267' title='bbox 2939 1231 3239 1306; x_wconf 88' lang='lat' dir='ltr'><strong>sistentes,</strong></span> <span class='ocrx_word' id='word_1_268' title='bbox 3288 1249 3490 1294; x_wconf 86' lang='lat' dir='ltr'><strong>rerum</strong></span> <span class='ocrx_word' id='word_1_269' title='bbox 3520 1230 3714 1293; x_wconf 89' lang='lat' dir='ltr'><strong>causis</strong></span> 
     </span>
    </p>
   </div>
   <div class='ocr_carea' id='block_1_43' title="bbox 2066 1321 3713 1404">
    <p class='ocr_par' dir='ltr' id='par_1_43' title="bbox 2066 1321 3713 1404">
     <span class='ocr_line' id='line_1_44' title="bbox 2066 1321 3713 1404; baseline -0.002 -21"><span class='ocrx_word' id='word_1_270' title='bbox 2066 1321 2328 1404; x_wconf 86' lang='lat' dir='ltr'><strong>student,</strong></span> <span class='ocrx_word' id='word_1_271' title='bbox 2350 1323 2613 1384; x_wconf 88' lang='lat' dir='ltr'><strong>rationes</strong></span> <span class='ocrx_word' id='word_1_272' title='bbox 2642 1329 2864 1382; x_wconf 90' lang='lat' dir='ltr'><strong>tantum</strong></span> <span class='ocrx_word' id='word_1_273' title='bbox 2924 1328 2982 1383; x_wconf 93' lang='lat' dir='ltr'><strong>et</strong></span> <span class='ocrx_word' id='word_1_274' title='bbox 3031 1328 3270 1383; x_wconf 89' lang='lat' dir='ltr'><strong>naturas</strong></span> <span class='ocrx_word' id='word_1_275' title='bbox 3310 1339 3514 1383; x_wconf 88' lang='lat' dir='ltr'><strong>earum</strong></span> <span class='ocrx_word' id='word_1_276' title='bbox 3539 1339 3713 1381; x_wconf 88' lang='lat' dir='ltr'><strong>scru-</strong></span> 
     </span>
    </p>
   </div>
   <div class='ocr_carea' id='block_1_44' title="bbox 2067 1409 3712 1483">
    <p class='ocr_par' dir='ltr' id='par_1_44' title="bbox 2067 1409 3712 1483">
     <span class='ocr_line' id='line_1_45' title="bbox 2067 1409 3712 1483; baseline 0 -12"><span class='ocrx_word' id='word_1_277' title='bbox 2067 1417 2279 1483; x_wconf 86' lang='lat' dir='ltr'><strong>tantes,</strong></span> <span class='ocrx_word' id='word_1_278' title='bbox 2332 1420 2392 1475; x_wconf 91' lang='lat' dir='ltr'><strong>et</strong></span> <span class='ocrx_word' id='word_1_279' title='bbox 2440 1409 2835 1472; x_wconf 89' lang='lat' dir='ltr'><strong>infallibiliter</strong></span> <span class='ocrx_word' id='word_1_280' title='bbox 2893 1409 3304 1472; x_wconf 81' lang='lat' dir='ltr'><strong>discernentes</strong></span> <span class='ocrx_word' id='word_1_281' title='bbox 3366 1409 3712 1472; x_wconf 87' lang='lat' dir='ltr'><strong>earumdem</strong></span> 
     </span>
    </p>
   </div>
   <div class='ocr_carea' id='block_1_45' title="bbox 2063 1497 3712 1580">
    <p class='ocr_par' dir='ltr' id='par_1_45' title="bbox 2063 1497 3712 1580">
     <span class='ocr_line' id='line_1_46' title="bbox 2063 1497 3712 1580; baseline -0.001 -18"><span class='ocrx_word' id='word_1_282' title='bbox 2063 1498 2217 1562; x_wconf 88' lang='lat' dir='ltr'><strong>vires</strong></span> <span class='ocrx_word' id='word_1_283' title='bbox 2270 1499 2448 1563; x_wconf 88' lang='lat' dir='ltr'><strong>simul</strong></span> <span class='ocrx_word' id='word_1_284' title='bbox 2486 1507 2545 1562; x_wconf 88' lang='lat' dir='ltr'><strong>et</strong></span> <span class='ocrx_word' id='word_1_285' title='bbox 2625 1497 2959 1579; x_wconf 89' lang='lat' dir='ltr'><strong>qualitates,</strong></span> <span class='ocrx_word' id='word_1_286' title='bbox 3028 1518 3147 1561; x_wconf 92' lang='lat' dir='ltr'><strong>non</strong></span> <span class='ocrx_word' id='word_1_287' title='bbox 3200 1516 3338 1561; x_wconf 90' lang='lat' dir='ltr'><strong>vero</strong></span> <span class='ocrx_word' id='word_1_288' title='bbox 3384 1498 3712 1580; x_wconf 88' lang='lat' dir='ltr'><strong>cupiditate</strong></span> 
     </span>
    </p>
   </div>
   <div class='ocr_carea' id='block_1_46' title="bbox 2064 1586 2910 1651">
    <p class='ocr_par' dir='ltr' id='par_1_46' title="bbox 2064 1586 2910 1651">
     <span class='ocr_line' id='line_1_47' title="bbox 2064 1586 2910 1651; baseline -0.004 -2"><span class='ocrx_word' id='word_1_289' title='bbox 2064 1588 2352 1651; x_wconf 72' lang='lat' dir='ltr'><strong>affectuve</strong></span> <span class='ocrx_word' id='word_1_290' title='bbox 2382 1587 2444 1649; x_wconf 90' lang='lat' dir='ltr'><strong>in</strong></span> <span class='ocrx_word' id='word_1_291' title='bbox 2476 1605 2577 1650; x_wconf 90' lang='lat' dir='ltr'><strong>eas</strong></span> <span class='ocrx_word' id='word_1_292' title='bbox 2603 1586 2910 1649; x_wconf 89' lang='lat' dir='ltr'><strong>commoti.</strong></span> 
     </span>
    </p>
   </div>
   <div class='ocr_carea' id='block_1_47' title="bbox 2140 1763 3712 1846">
    <p class='ocr_par' dir='ltr' id='par_1_47' title="bbox 2140 1763 3712 1846">
     <span class='ocr_line' id='line_1_48' title="bbox 2140 1763 3712 1846; baseline -0.001 -20"><span class='ocrx_word' id='word_1_293' title='bbox 2140 1764 2240 1829; x_wconf 88' lang='lat'><strong>23.</strong></span> <span class='ocrx_word' id='word_1_294' title='bbox 2268 1765 2470 1828; x_wconf 74' lang='lat' dir='ltr'><strong>Luctze</strong></span> <span class='ocrx_word' id='word_1_295' title='bbox 2500 1764 2851 1846; x_wconf 87' lang='lat' dir='ltr'><strong>laboresque</strong></span> <span class='ocrx_word' id='word_1_296' title='bbox 2876 1763 3215 1846; x_wconf 87' lang='lat' dir='ltr'><strong>spirituales</strong></span> <span class='ocrx_word' id='word_1_297' title='bbox 3236 1766 3474 1846; x_wconf 87' lang='lat' dir='ltr'><strong>pariunt</strong></span> <span class='ocrx_word' id='word_1_298' title='bbox 3501 1765 3712 1826; x_wconf 64' lang='lat' dir='ltr'><strong>anima;</strong></span> 
     </span>
    </p>
   </div>
   <div class='ocr_carea' id='block_1_48' title="bbox 2062 1852 3708 1935">
    <p class='ocr_par' dir='ltr' id='par_1_48' title="bbox 2062 1852 3708 1935">
     <span class='ocr_line' id='line_1_49' title="bbox 2062 1852 3708 1935; baseline -0.002 -19"><span class='ocrx_word' id='word_1_299' title='bbox 2062 1854 2365 1935; x_wconf 89' lang='lat' dir='ltr'><strong>gaudium,</strong></span> <span class='ocrx_word' id='word_1_300' title='bbox 2400 1872 2545 1935; x_wconf 88' lang='lat' dir='ltr'><strong>pace</strong></span> <span class='ocrx_word' id='word_1_301' title='bbox 2575 1854 2853 1916; x_wconf 90' lang='lat' dir='ltr'><strong>videlicet</strong></span> <span class='ocrx_word' id='word_1_302' title='bbox 2907 1852 3261 1933; x_wconf 88' lang='lat' dir='ltr'><strong>cupiditates</strong></span> <span class='ocrx_word' id='word_1_303' title='bbox 3292 1853 3708 1934; x_wconf 61' lang='lat' dir='ltr'><strong>praeveniente.</strong></span> 
     </span>
    </p>
   </div>
   <div class='ocr_carea' id='block_1_49' title="bbox 2062 1940 3714 2023">
    <p class='ocr_par' dir='ltr' id='par_1_49' title="bbox 2062 1940 3714 2023">
     <span class='ocr_line' id='line_1_50' title="bbox 2062 1940 3714 2023; baseline -0.002 -18"><span class='ocrx_word' id='word_1_304' title='bbox 2062 1943 2230 2017; x_wconf 89' lang='lat' dir='ltr'><strong>Quod</strong></span> <span class='ocrx_word' id='word_1_305' title='bbox 2261 1944 2438 2023; x_wconf 83' lang='lat' dir='ltr'><strong>igitur</strong></span> <span class='ocrx_word' id='word_1_306' title='bbox 2481 1942 2858 2004; x_wconf 87' lang='lat' dir='ltr'><strong>sensualibus</strong></span> <span class='ocrx_word' id='word_1_307' title='bbox 2907 1960 3124 2019; x_wconf 72' lang='lat' dir='ltr'><strong>aegrum</strong></span> <span class='ocrx_word' id='word_1_308' title='bbox 3179 1949 3296 2020; x_wconf 87' lang='lat' dir='ltr'><strong>est,</strong></span> <span class='ocrx_word' id='word_1_309' title='bbox 3338 1943 3452 2004; x_wconf 91' lang='lat' dir='ltr'><strong>hoc</strong></span> <span class='ocrx_word' id='word_1_310' title='bbox 3501 1940 3714 2003; x_wconf 81' lang='lat' dir='ltr'><strong>animae</strong></span> 
     </span>
    </p>
   </div>
   <div class='ocr_carea' id='block_1_50' title="bbox 2063 2027 3712 2107">
    <p class='ocr_par' dir='ltr' id='par_1_50' title="bbox 2063 2027 3712 2107">
     <span class='ocr_line' id='line_1_51' title="bbox 2063 2027 3712 2107; baseline -0.001 -14"><span class='ocrx_word' id='word_1_311' title='bbox 2063 2031 2382 2107; x_wconf 87' lang='lat' dir='ltr'><strong>laboranti,</strong></span> <span class='ocrx_word' id='word_1_312' title='bbox 2445 2040 2503 2093; x_wconf 89' lang='lat' dir='ltr'><strong>et</strong></span> <span class='ocrx_word' id='word_1_313' title='bbox 2552 2049 2584 2092; x_wconf 91' lang='lat' dir='ltr'><strong>e</strong></span> <span class='ocrx_word' id='word_1_314' title='bbox 2637 2031 2822 2092; x_wconf 89' lang='lat' dir='ltr'><strong>sacris</strong></span> <span class='ocrx_word' id='word_1_315' title='bbox 2869 2027 3187 2091; x_wconf 85' lang='lat' dir='ltr'><strong>sudoribus</strong></span> <span class='ocrx_word' id='word_1_316' title='bbox 3229 2029 3592 2093; x_wconf 90' lang='lat' dir='ltr'><strong>desiderium</strong></span> <span class='ocrx_word' id='word_1_317' title='bbox 3648 2028 3712 2091; x_wconf 89' lang='lat' dir='ltr'><strong>in</strong></span> 
     </span>
    </p>
   </div>
   <div class='ocr_carea' id='block_1_51' title="bbox 2061 2117 3711 2202">
    <p class='ocr_par' dir='ltr' id='par_1_51' title="bbox 2061 2117 3711 2202">
     <span class='ocr_line' id='line_1_52' title="bbox 2061 2117 3711 2202; baseline -0.001 -19"><span class='ocrx_word' id='word_1_318' title='bbox 2061 2121 2247 2183; x_wconf 89' lang='lat' dir='ltr'><strong>Deum</strong></span> <span class='ocrx_word' id='word_1_319' title='bbox 2273 2122 2492 2202; x_wconf 73' lang='lat' dir='ltr'><strong>potitae,</strong></span> <span class='ocrx_word' id='word_1_320' title='bbox 2524 2127 2702 2201; x_wconf 89' lang='lat' dir='ltr'><strong>atque</strong></span> <span class='ocrx_word' id='word_1_321' title='bbox 2722 2138 2925 2181; x_wconf 90' lang='lat' dir='ltr'><strong>amore</strong></span> <span class='ocrx_word' id='word_1_322' title='bbox 2949 2118 3147 2180; x_wconf 89' lang='lat' dir='ltr'><strong>divino</strong></span> <span class='ocrx_word' id='word_1_323' title='bbox 3171 2119 3511 2194; x_wconf 71' lang='lat' dir='ltr'><strong>vulneratae,</strong></span> <span class='ocrx_word' id='word_1_324' title='bbox 3538 2117 3711 2181; x_wconf 86' lang='lat' dir='ltr'><strong>facile</strong></span> 
     </span>
    </p>
   </div>
   <div class='ocr_carea' id='block_1_52' title="bbox 2063 2207 3709 2288">
    <p class='ocr_par' dir='ltr' id='par_1_52' title="bbox 2063 2207 3709 2288">
     <span class='ocr_line' id='line_1_53' title="bbox 2063 2207 3709 2288; baseline -0.001 -17"><span class='ocrx_word' id='word_1_325' title='bbox 2063 2216 2152 2271; x_wconf 89' lang='lat' dir='ltr'><strong>est</strong></span> <span class='ocrx_word' id='word_1_326' title='bbox 2180 2208 2424 2271; x_wconf 91' lang='lat' dir='ltr'><strong>etvalde</strong></span> <span class='ocrx_word' id='word_1_327' title='bbox 2447 2225 2771 2271; x_wconf 63' lang='lat' dir='ltr'><strong>amoenum.</strong></span> <span class='ocrx_word' id='word_1_328' title='bbox 2826 2207 2950 2269; x_wconf 90' lang='lat' dir='ltr'><strong>Illis</strong></span> <span class='ocrx_word' id='word_1_329' title='bbox 2993 2207 3180 2279; x_wconf 89' lang='lat' dir='ltr'><strong>enim,</strong></span> <span class='ocrx_word' id='word_1_330' title='bbox 3234 2215 3412 2288; x_wconf 91' lang='lat' dir='ltr'><strong>utope</strong></span> <span class='ocrx_word' id='word_1_331' title='bbox 3441 2208 3709 2288; x_wconf 87' lang='lat' dir='ltr'><strong>corporis</strong></span> 
     </span>
    </p>
   </div>
   <div class='ocr_carea' id='block_1_53' title="bbox 2063 2295 3706 2378">
    <p class='ocr_par' dir='ltr' id='par_1_53' title="bbox 2063 2295 3706 2378">
     <span class='ocr_line' id='line_1_54' title="bbox 2063 2295 3706 2378; baseline 0 -20"><span class='ocrx_word' id='word_1_332' title='bbox 2063 2296 2325 2359; x_wconf 72' lang='lat' dir='ltr'><strong>mollitiae</strong></span> <span class='ocrx_word' id='word_1_333' title='bbox 2369 2296 2849 2378; x_wconf 90' lang='lat' dir='ltr'><strong>volputatumque</strong></span> <span class='ocrx_word' id='word_1_334' title='bbox 2905 2295 3173 2358; x_wconf 89' lang='lat' dir='ltr'><strong>fruitioni</strong></span> <span class='ocrx_word' id='word_1_335' title='bbox 3223 2296 3706 2373; x_wconf 89' lang='lat' dir='ltr'><strong>inservientibus,</strong></span> 
     </span>
    </p>
   </div>
   <div class='ocr_carea' id='block_1_54' title="bbox 2061 2384 3713 2467">
    <p class='ocr_par' dir='ltr' id='par_1_54' title="bbox 2061 2384 3713 2467">
     <span class='ocr_line' id='line_1_55' title="bbox 2061 2384 3713 2467; baseline 0.001 -22"><span class='ocrx_word' id='word_1_336' title='bbox 2061 2384 2295 2448; x_wconf 86' lang='lat' dir='ltr'><strong>labores</strong></span> <span class='ocrx_word' id='word_1_337' title='bbox 2314 2403 2653 2467; x_wconf 86' lang='lat' dir='ltr'><strong>agonesque</strong></span> <span class='ocrx_word' id='word_1_338' title='bbox 2711 2385 2944 2446; x_wconf 82' lang='lat' dir='ltr'><strong>virtutis</strong></span> <span class='ocrx_word' id='word_1_339' title='bbox 2988 2384 3203 2464; x_wconf 80' lang='lat' dir='ltr'><strong>ingrati</strong></span> <span class='ocrx_word' id='word_1_340' title='bbox 3246 2395 3384 2447; x_wconf 91' lang='lat' dir='ltr'><strong>sunt</strong></span> <span class='ocrx_word' id='word_1_341' title='bbox 3428 2394 3486 2449; x_wconf 92' lang='lat' dir='ltr'><strong>et</strong></span> <span class='ocrx_word' id='word_1_342' title='bbox 3533 2386 3713 2447; x_wconf 91' lang='lat' dir='ltr'><strong>nimis</strong></span> 
     </span>
    </p>
   </div>
   <div class='ocr_carea' id='block_1_55' title="bbox 2061 2473 3707 2556">
    <p class='ocr_par' dir='ltr' id='par_1_55' title="bbox 2061 2473 3707 2556">
     <span class='ocr_line' id='line_1_56' title="bbox 2061 2473 3707 2556; baseline 0.001 -20"><span class='ocrx_word' id='word_1_343' title='bbox 2061 2476 2257 2555; x_wconf 88' lang='lat' dir='ltr'><strong>asperi</strong></span> <span class='ocrx_word' id='word_1_344' title='bbox 2286 2473 2751 2555; x_wconf 82' lang='lat' dir='ltr'><strong>videntur,quia</strong></span> <span class='ocrx_word' id='word_1_345' title='bbox 2802 2493 2919 2535; x_wconf 93' lang='lat' dir='ltr'><strong>non</strong></span> <span class='ocrx_word' id='word_1_346' title='bbox 2969 2474 3295 2554; x_wconf 88' lang='lat' dir='ltr'><strong>recogitant</strong></span> <span class='ocrx_word' id='word_1_347' title='bbox 3345 2476 3707 2556; x_wconf 88' lang='lat' dir='ltr'><strong>voluptatum</strong></span> 
     </span>
    </p>
   </div>
   <div class='ocr_carea' id='block_1_56' title="bbox 2063 2562 3714 2644">
    <p class='ocr_par' dir='ltr' id='par_1_56' title="bbox 2063 2562 3714 2644">
     <span class='ocr_line' id='line_1_57' title="bbox 2063 2562 3714 2644; baseline 0.001 -21"><span class='ocrx_word' id='word_1_348' title='bbox 2063 2563 2146 2623; x_wconf 90' lang='lat' dir='ltr'><strong>sal</strong></span> <span class='ocrx_word' id='word_1_349' title='bbox 2202 2562 2563 2625; x_wconf 91' lang='lat' dir='ltr'><strong>torrentibus</strong></span> <span class='ocrx_word' id='word_1_350' title='bbox 2615 2563 3073 2644; x_wconf 67' lang='lat' dir='ltr'><strong>lacryminarum</strong></span> <span class='ocrx_word' id='word_1_351' title='bbox 3126 2563 3333 2639; x_wconf 89' lang='lat' dir='ltr'><strong>ablui;</strong></span> <span class='ocrx_word' id='word_1_352' title='bbox 3388 2565 3525 2626; x_wconf 83' lang='lat' dir='ltr'><strong>huic</strong></span> <span class='ocrx_word' id='word_1_353' title='bbox 3574 2583 3714 2626; x_wconf 92' lang='lat' dir='ltr'><strong>vero</strong></span> 
     </span>
    </p>
   </div>
   <div class='ocr_carea' id='block_1_57' title="bbox 2062 2651 3711 2733">
    <p class='ocr_par' dir='ltr' id='par_1_57' title="bbox 2062 2651 3711 2733">
     <span class='ocr_line' id='line_1_58' title="bbox 2062 2651 3711 2733; baseline 0.001 -20"><span class='ocrx_word' id='word_1_354' title='bbox 2062 2653 2273 2714; x_wconf 66' lang='lat' dir='ltr'><strong>anima;</strong></span> <span class='ocrx_word' id='word_1_355' title='bbox 2300 2651 2450 2731; x_wconf 80' lang='lat' dir='ltr'><strong>grati</strong></span> <span class='ocrx_word' id='word_1_356' title='bbox 2480 2660 2615 2713; x_wconf 90' lang='lat' dir='ltr'><strong>sunt</strong></span> <span class='ocrx_word' id='word_1_357' title='bbox 2636 2670 2704 2713; x_wconf 89' lang='lat' dir='ltr'><strong>ac</strong></span> <span class='ocrx_word' id='word_1_358' title='bbox 2731 2651 3179 2732; x_wconf 88' lang='lat' dir='ltr'><strong>desiderabiles,</strong></span> <span class='ocrx_word' id='word_1_359' title='bbox 3214 2653 3353 2733; x_wconf 90' lang='lat' dir='ltr'><strong>quia</strong></span> <span class='ocrx_word' id='word_1_360' title='bbox 3377 2652 3432 2714; x_wconf 92' lang='lat' dir='ltr'><strong>ei</strong></span> <span class='ocrx_word' id='word_1_361' title='bbox 3462 2653 3711 2715; x_wconf 86' lang='lat' dir='ltr'><strong>sordent</strong></span> 
     </span>
    </p>
   </div>
   <div class='ocr_carea' id='block_1_58' title="bbox 2065 2740 3710 2821">
    <p class='ocr_par' dir='ltr' id='par_1_58' title="bbox 2065 2740 3710 2821">
     <span class='ocr_line' id='line_1_59' title="bbox 2065 2740 3710 2821; baseline 0.001 -20"><span class='ocrx_word' id='word_1_362' title='bbox 2065 2741 2390 2821; x_wconf 84' lang='lat' dir='ltr'><strong>voluptates</strong></span> <span class='ocrx_word' id='word_1_363' title='bbox 2416 2740 2788 2802; x_wconf 86' lang='lat' dir='ltr'><strong>irritamenta</strong></span> <span class='ocrx_word' id='word_1_364' title='bbox 2818 2740 3114 2812; x_wconf 81' lang='lat' dir='ltr'><strong>dolorum,</strong></span> <span class='ocrx_word' id='word_1_365' title='bbox 3150 2748 3208 2801; x_wconf 92' lang='lat' dir='ltr'><strong>et</strong></span> <span class='ocrx_word' id='word_1_366' title='bbox 3253 2741 3710 2803; x_wconf 90' lang='lat' dir='ltr'><strong>delectationem</strong></span> 
     </span>
    </p>
   </div>
   <div class='ocr_carea' id='block_1_59' title="bbox 2057 2828 3711 2911">
    <p class='ocr_par' dir='ltr' id='par_1_59' title="bbox 2057 2828 3711 2911">
     <span class='ocr_line' id='line_1_60' title="bbox 2057 2828 3711 2911; baseline 0.001 -21"><span class='ocrx_word' id='word_1_367' title='bbox 2057 2828 2274 2909; x_wconf 86' lang='lat' dir='ltr'><strong>rejicit,</strong></span> <span class='ocrx_word' id='word_1_368' title='bbox 2332 2848 2467 2892; x_wconf 90' lang='lat' dir='ltr'><strong>cum</strong></span> <span class='ocrx_word' id='word_1_369' title='bbox 2504 2846 2708 2891; x_wconf 90' lang='lat' dir='ltr'><strong>amore</strong></span> <span class='ocrx_word' id='word_1_370' title='bbox 2760 2830 2953 2910; x_wconf 89' lang='lat' dir='ltr'><strong>propii</strong></span> <span class='ocrx_word' id='word_1_371' title='bbox 3000 2829 3289 2910; x_wconf 89' lang='lat' dir='ltr'><strong>corporis,</strong></span> <span class='ocrx_word' id='word_1_372' title='bbox 3334 2849 3403 2892; x_wconf 91' lang='lat' dir='ltr'><strong>ac</strong></span> <span class='ocrx_word' id='word_1_373' title='bbox 3459 2829 3711 2911; x_wconf 91' lang='lat' dir='ltr'><strong>proinde</strong></span> 
     </span>
    </p>
   </div>
   <div class='ocr_carea' id='block_1_60' title="bbox 2061 2916 3710 3000">
    <p class='ocr_par' dir='ltr' id='par_1_60' title="bbox 2061 2916 3710 3000">
     <span class='ocr_line' id='line_1_61' title="bbox 2061 2916 3710 3000; baseline 0.001 -20"><span class='ocrx_word' id='word_1_374' title='bbox 2061 2936 2243 2981; x_wconf 90' lang='lat' dir='ltr'><strong>unum</strong></span> <span class='ocrx_word' id='word_1_375' title='bbox 2274 2916 2332 2979; x_wconf 89' lang='lat' dir='ltr'><strong>ei</strong></span> <span class='ocrx_word' id='word_1_376' title='bbox 2378 2916 2677 2997; x_wconf 86' lang='lat' dir='ltr'><strong>displicet,</strong></span> <span class='ocrx_word' id='word_1_377' title='bbox 2729 2936 2943 2998; x_wconf 88' lang='lat' dir='ltr'><strong>nempe</strong></span> <span class='ocrx_word' id='word_1_378' title='bbox 2994 2916 3264 2979; x_wconf 89' lang='lat' dir='ltr'><strong>laborum</strong></span> <span class='ocrx_word' id='word_1_379' title='bbox 3315 2918 3487 3000; x_wconf 90' lang='lat' dir='ltr'><strong>quies</strong></span> <span class='ocrx_word' id='word_1_380' title='bbox 3518 2919 3710 2981; x_wconf 88' lang='lat' dir='ltr'><strong>lucta-</strong></span> 
     </span>
    </p>
   </div>
   <div class='ocr_carea' id='block_1_61' title="bbox 329 3004 1983 3094">
    <p class='ocr_par' dir='ltr' id='par_1_61' title="bbox 329 3004 1976 3094">
     <span class='ocr_line' id='line_1_62' title="bbox 329 3004 1976 3094; baseline -0.009 -22"><span class='ocrx_word' id='word_1_381' title='bbox 329 3014 420 3073; x_wconf 77' lang='grc' dir='ltr'>οὖν</span> <span class='ocrx_word' id='word_1_382' title='bbox 449 3014 584 3093; x_wconf 75' lang='grc' dir='ltr'><strong>αὒτῇ</strong></span> <span class='ocrx_word' id='word_1_383' title='bbox 611 3004 871 3094; x_wconf 68' lang='grc' dir='ltr'>λυπηρὸν,</span> <span class='ocrx_word' id='word_1_384' title='bbox 928 3014 963 3081; x_wconf 76' lang='grc' dir='ltr'>ἡ</span> <span class='ocrx_word' id='word_1_385' title='bbox 1022 3013 1193 3077; x_wconf 78' lang='grc' dir='ltr'>ἄνεσις</span> <span class='ocrx_word' id='word_1_386' title='bbox 1249 3012 1355 3069; x_wconf 86' lang='grc' dir='ltr'><strong>τῶν</strong></span> <span class='ocrx_word' id='word_1_387' title='bbox 1396 3010 1596 3085; x_wconf 89' lang='grc' dir='ltr'>πόνων,</span> <span class='ocrx_word' id='word_1_388' title='bbox 1649 3011 1737 3066; x_wconf 83' lang='grc' dir='ltr'>καὶ</span> <span class='ocrx_word' id='word_1_389' title='bbox 1787 3010 1823 3076; x_wconf 77' lang='grc' dir='ltr'>ἡ</span> <span class='ocrx_word' id='word_1_390' title='bbox 1870 3004 1976 3061; x_wconf 85' lang='grc' dir='ltr'><strong>τῶν</strong></span> 
     </span>
    </p>
   </div>
   <div class='ocr_carea' id='block_1_62' title="bbox 2073 3004 3713 3094">
    <p class='ocr_par' dir='ltr' id='par_1_62' title="bbox 2073 3004 3713 3090">
     <span class='ocr_line' id='line_1_63' title="bbox 2073 3004 3713 3090; baseline 0.001 -21"><span class='ocrx_word' id='word_1_391' title='bbox 2073 3025 2315 3088; x_wconf 89' lang='lat' dir='ltr'><strong>rumque</strong></span> <span class='ocrx_word' id='word_1_392' title='bbox 2345 3005 2619 3070; x_wconf 88' lang='lat' dir='ltr'><strong>cessatio.</strong></span> <span class='ocrx_word' id='word_1_393' title='bbox 2670 3004 2840 3079; x_wconf 85' lang='lat' dir='ltr'><strong>Quod</strong></span> <span class='ocrx_word' id='word_1_394' title='bbox 2891 3024 3031 3085; x_wconf 89' lang='lat' dir='ltr'><strong>ergo</strong></span> <span class='ocrx_word' id='word_1_395' title='bbox 3076 3006 3198 3069; x_wconf 91' lang='lat' dir='ltr'><strong>illis</strong></span> <span class='ocrx_word' id='word_1_396' title='bbox 3245 3008 3418 3070; x_wconf 76' lang='lat' dir='ltr'><strong>aﬂ‘ert</strong></span> <span class='ocrx_word' id='word_1_397' title='bbox 3445 3007 3713 3090; x_wconf 90' lang='lat' dir='ltr'><strong>corporis</strong></span> 
     </span>
    </p>
   </div>
   <div class='ocr_carea' id='block_1_63' title="bbox 328 3086 1983 3183">
    <p class='ocr_par' dir='ltr' id='par_1_63' title="bbox 328 3086 1975 3183">
     <span class='ocr_line' id='line_1_64' title="bbox 328 3086 1975 3183; baseline -0.005 -24"><span class='ocrx_word' id='word_1_398' title='bbox 328 3086 569 3183; x_wconf 37' lang='grc' dir='ltr'>ἀγώνων.</span> <span class='ocrx_word' id='word_1_399' title='bbox 594 3086 772 3183; x_wconf 55' lang='grc' dir='ltr'>ἀργίαξ</span> <span class='ocrx_word' id='word_1_400' title='bbox 829 3086 893 3159; x_wconf 51' lang='grc' dir='ltr'><strong>ῃξ)</strong></span> <span class='ocrx_word' id='word_1_401' title='bbox 946 3101 1114 3159; x_wconf 85' lang='grc' dir='ltr'>τοίνυν</span> <span class='ocrx_word' id='word_1_402' title='bbox 1172 3098 1417 3180; x_wconf 84' lang='grc' dir='ltr'>πρόξενον</span> <span class='ocrx_word' id='word_1_403' title='bbox 1468 3098 1683 3161; x_wconf 80' lang='grc' dir='ltr'>ἐκείνοις</span> <span class='ocrx_word' id='word_1_404' title='bbox 1736 3096 1875 3154; x_wconf 73' lang='grc' dir='ltr'>ἐστὶν</span> <span class='ocrx_word' id='word_1_405' title='bbox 1904 3094 1975 3158; x_wconf 74' lang='grc' dir='ltr'>εἰς</span> 
     </span>
    </p>
   </div>
   <div class='ocr_carea' id='block_1_64' title="bbox 2073 3086 3711 3183">
    <p class='ocr_par' dir='ltr' id='par_1_64' title="bbox 2073 3086 3711 3179">
     <span class='ocr_line' id='line_1_65' title="bbox 2073 3086 3711 3179; baseline 0.002 -23"><span class='ocrx_word' id='word_1_406' title='bbox 2073 3086 2363 3173; x_wconf 72' lang='lat' dir='ltr'><strong>gaudium,</strong></span> <span class='ocrx_word' id='word_1_407' title='bbox 2392 3096 2499 3156; x_wconf 86' lang='lat' dir='ltr'><strong>hoc</strong></span> <span class='ocrx_word' id='word_1_408' title='bbox 2516 3095 2728 3158; x_wconf 63' lang='lat' dir='ltr'><strong>animas</strong></span> <span class='ocrx_word' id='word_1_409' title='bbox 2766 3094 3066 3157; x_wconf 90' lang='lat' dir='ltr'><strong>desideria</strong></span> <span class='ocrx_word' id='word_1_410' title='bbox 3084 3113 3192 3158; x_wconf 87' lang='lat' dir='ltr'><strong>sua</strong></span> <span class='ocrx_word' id='word_1_411' title='bbox 3229 3096 3291 3158; x_wconf 89' lang='lat' dir='ltr'><strong>iu</strong></span> <span class='ocrx_word' id='word_1_412' title='bbox 3313 3097 3503 3159; x_wconf 90' lang='lat' dir='ltr'><strong>Deum</strong></span> <span class='ocrx_word' id='word_1_413' title='bbox 3528 3086 3711 3179; x_wconf 78' lang='lat' dir='ltr'><strong>repo-</strong></span> 
     </span>
    </p>
   </div>
   <div class='ocr_carea' id='block_1_65' title="bbox 331 3183 1983 3272">
    <p class='ocr_par' dir='ltr' id='par_1_65' title="bbox 331 3185 1978 3272">
     <span class='ocr_line' id='line_1_66' title="bbox 331 3185 1978 3272; baseline -0.006 -23"><span class='ocrx_word' id='word_1_414' title='bbox 331 3192 651 3272; x_wconf 78' lang='grc' dir='ltr'>εὒφροσύνην</span> <span class='ocrx_word' id='word_1_415' title='bbox 708 3190 1043 3267; x_wconf 82' lang='grc' dir='ltr'>σωματικὴν,</span> <span class='ocrx_word' id='word_1_416' title='bbox 1091 3196 1247 3247; x_wconf 84' lang='grc' dir='ltr'>τοῦτο</span> <span class='ocrx_word' id='word_1_417' title='bbox 1289 3194 1443 3269; x_wconf 76' lang='grc' dir='ltr'>ψυχῇ</span> <span class='ocrx_word' id='word_1_418' title='bbox 1497 3185 1827 3263; x_wconf 77' lang='grc' dir='ltr'>μεταθεμένῃ</span> <span class='ocrx_word' id='word_1_419' title='bbox 1884 3185 1978 3247; x_wconf 72' lang='grc' dir='ltr'><strong>τὰς</strong></span> 
     </span>
    </p>
   </div>
   <div class='ocr_carea' id='block_1_66' title="bbox 2073 3183 3719 3272">
    <p class='ocr_par' dir='ltr' id='par_1_66' title="bbox 2073 3183 3719 3268">
     <span class='ocr_line' id='line_1_67' title="bbox 2073 3183 3719 3268; baseline 0.001 -20"><span class='ocrx_word' id='word_1_420' title='bbox 2073 3184 2254 3268; x_wconf 83' lang='lat' dir='ltr'><strong>neuti,</strong></span> <span class='ocrx_word' id='word_1_421' title='bbox 2285 3192 2557 3248; x_wconf 88' lang='lat' dir='ltr'><strong>estcausa</strong></span> <span class='ocrx_word' id='word_1_422' title='bbox 2575 3183 2824 3246; x_wconf 63' lang='lat' dir='ltr'><strong>tristitia;</strong></span> <span class='ocrx_word' id='word_1_423' title='bbox 2852 3206 2867 3261; x_wconf 88' lang='lat'><strong>;</strong></span> <span class='ocrx_word' id='word_1_424' title='bbox 2898 3194 2956 3247; x_wconf 90' lang='lat' dir='ltr'><strong>et</strong></span> <span class='ocrx_word' id='word_1_425' title='bbox 2985 3185 3144 3266; x_wconf 91' lang='lat' dir='ltr'><strong>quod</strong></span> <span class='ocrx_word' id='word_1_426' title='bbox 3168 3186 3307 3249; x_wconf 88' lang='lat' dir='ltr'><strong>huic</strong></span> <span class='ocrx_word' id='word_1_427' title='bbox 3335 3185 3598 3249; x_wconf 72' lang='lat' dir='ltr'><strong>laetitiam</strong></span> <span class='ocrx_word' id='word_1_428' title='bbox 3618 3186 3719 3250; x_wconf 85' lang='lat' dir='ltr'><strong>dat</strong></span> 
     </span>
    </p>
   </div>
   <div class='ocr_carea' id='block_1_67' title="bbox 329 3272 1980 3362">
    <p class='ocr_par' dir='ltr' id='par_1_67' title="bbox 329 3272 1980 3362">
     <span class='ocr_line' id='line_1_68' title="bbox 329 3272 1980 3362; baseline -0.006 -23"><span class='ocrx_word' id='word_1_429' title='bbox 329 3280 536 3362; x_wconf 71' lang='grc' dir='ltr'>ἐφέσεις</span> <span class='ocrx_word' id='word_1_430' title='bbox 568 3280 653 3338; x_wconf 77' lang='grc' dir='ltr'>ἐπὶ</span> <span class='ocrx_word' id='word_1_431' title='bbox 679 3280 748 3338; x_wconf 80' lang='grc' dir='ltr'><strong>τὰ</strong></span> <span class='ocrx_word' id='word_1_432' title='bbox 774 3282 918 3359; x_wconf 75' lang='grc' dir='ltr'>θεῖα,</span> <span class='ocrx_word' id='word_1_433' title='bbox 950 3277 1122 3346; x_wconf 89' lang='grc' dir='ltr'>λυπης</span> <span class='ocrx_word' id='word_1_434' title='bbox 1154 3276 1332 3335; x_wconf 83' lang='grc' dir='ltr'>αἴτιον</span> <span class='ocrx_word' id='word_1_435' title='bbox 1366 3293 1382 3309; x_wconf 83' lang='grc'><strong><em>⁸</em></strong></span> <span class='ocrx_word' id='word_1_436' title='bbox 1416 3279 1502 3334; x_wconf 84' lang='grc' dir='ltr'>καὶ</span> <span class='ocrx_word' id='word_1_437' title='bbox 1531 3278 1559 3333; x_wconf 86' lang='grc' dir='ltr'>ὃ</span> <span class='ocrx_word' id='word_1_438' title='bbox 1588 3278 1784 3343; x_wconf 88' lang='grc' dir='ltr'>ταύτης</span> <span class='ocrx_word' id='word_1_439' title='bbox 1805 3272 1980 3331; x_wconf 71' lang='grc' dir='ltr'>αἴτιον</span> 
     </span>
    </p>
   </div>
   <div class='ocr_carea' id='block_1_68' title="bbox 332 3361 1980 3451">
    <p class='ocr_par' dir='ltr' id='par_1_68' title="bbox 332 3361 1980 3451">
     <span class='ocr_line' id='line_1_69' title="bbox 332 3361 1980 3451; baseline -0.005 -23"><span class='ocrx_word' id='word_1_440' title='bbox 332 3361 653 3451; x_wconf 69' lang='grc' dir='ltr'>εὖφροσύνης</span> <span class='ocrx_word' id='word_1_441' title='bbox 681 3372 1070 3448; x_wconf 76' lang='grc' dir='ltr'>πνευματικῆς,</span> <span class='ocrx_word' id='word_1_442' title='bbox 1101 3366 1319 3432; x_wconf 82' lang='grc' dir='ltr'>ἐκείνοις</span> <span class='ocrx_word' id='word_1_443' title='bbox 1346 3366 1656 3445; x_wconf 73' lang='grc' dir='ltr'>στεναγμῶν</span> <span class='ocrx_word' id='word_1_444' title='bbox 1677 3367 1765 3423; x_wconf 84' lang='grc' dir='ltr'><strong>καὶ</strong></span> <span class='ocrx_word' id='word_1_445' title='bbox 1794 3361 1980 3430; x_wconf 85' lang='grc' dir='ltr'>δδυνης</span> 
     </span>
    </p>
   </div>
   <div class='ocr_carea' id='block_1_69' title="bbox 331 3461 635 3540">
    <p class='ocr_par' dir='ltr' id='par_1_69' title="bbox 331 3461 635 3540">
     <span class='ocr_line' id='line_1_70' title="bbox 331 3461 635 3540; baseline 0 -23"><span class='ocrx_word' id='word_1_446' title='bbox 331 3461 611 3540; x_wconf 88' lang='grc' dir='ltr'>παραίτιον</span> <span class='ocrx_word' id='word_1_447' title='bbox 621 3509 635 3523; x_wconf 91' lang='grc'><strong>,</strong></span> 
     </span>
    </p>
   </div>
   <div class='ocr_carea' id='block_1_70' title="bbox 413 3539 1985 3624">
    <p class='ocr_par' dir='ltr' id='par_1_70' title="bbox 413 3539 1985 3624">
     <span class='ocr_line' id='line_1_71' title="bbox 413 3539 1985 3624; baseline -0.006 -18"><span class='ocrx_word' id='word_1_448' title='bbox 413 3539 519 3609; x_wconf 78' lang='grc' dir='ltr'>κδ’.</span> <span class='ocrx_word' id='word_1_449' title='bbox 581 3551 641 3607; x_wconf 80' lang='grc' dir='ltr'><strong>Οἱ</strong></span> <span class='ocrx_word' id='word_1_450' title='bbox 695 3547 848 3604; x_wconf 88' lang='grc' dir='ltr'>πόνοι</span> <span class='ocrx_word' id='word_1_451' title='bbox 904 3544 1116 3602; x_wconf 85' lang='grc' dir='ltr'>δοκοῦσι</span> <span class='ocrx_word' id='word_1_452' title='bbox 1171 3546 1271 3620; x_wconf 77' lang='grc' dir='ltr'>μὲν</span> <span class='ocrx_word' id='word_1_453' title='bbox 1326 3543 1386 3601; x_wconf 82' lang='grc' dir='ltr'>ἐκ</span> <span class='ocrx_word' id='word_1_454' title='bbox 1454 3546 1740 3624; x_wconf 77' lang='grc' dir='ltr'>προοιμίων</span> <span class='ocrx_word' id='word_1_455' title='bbox 1798 3542 1985 3609; x_wconf 81' lang='grc' dir='ltr'>ὀδύνης</span> 
     </span>
    </p>
   </div>
   <div class='ocr_carea' id='block_1_71' title="bbox 338 3631 1984 3711">
    <p class='ocr_par' dir='ltr' id='par_1_71' title="bbox 338 3631 1984 3711">
     <span class='ocr_line' id='line_1_72' title="bbox 338 3631 1984 3711; baseline -0.005 -16"><span class='ocrx_word' id='word_1_456' title='bbox 338 3638 484 3695; x_wconf 70' lang='grc' dir='ltr'>εἶναι</span> <span class='ocrx_word' id='word_1_457' title='bbox 554 3637 824 3703; x_wconf 83' lang='grc' dir='ltr'>ποιητικοὶ</span> <span class='ocrx_word' id='word_1_458' title='bbox 868 3640 997 3690; x_wconf 84' lang='grc' dir='ltr'>πᾶσι</span> <span class='ocrx_word' id='word_1_459' title='bbox 1053 3646 1170 3697; x_wconf 68' lang='grc' dir='ltr'>τοῖς</span> <span class='ocrx_word' id='word_1_460' title='bbox 1216 3632 1581 3711; x_wconf 79' lang='grc' dir='ltr'>εἰσαγομένοις</span> <span class='ocrx_word' id='word_1_461' title='bbox 1652 3634 1724 3696; x_wconf 81' lang='grc' dir='ltr'>εἷς</span> <span class='ocrx_word' id='word_1_462' title='bbox 1766 3631 1984 3711; x_wconf 75' lang='grc' dir='ltr'>ἱδρῶτας</span> 
     </span>
    </p>
   </div>
   <div class='ocr_carea' id='block_1_72' title="bbox 333 3719 1980 3806">
    <p class='ocr_par' dir='ltr' id='par_1_72' title="bbox 333 3719 1980 3806">
     <span class='ocr_line' id='line_1_73' title="bbox 333 3719 1980 3806; baseline -0.007 -20"><span class='ocrx_word' id='word_1_463' title='bbox 333 3730 424 3787; x_wconf 78' lang='grc' dir='ltr'><strong>καὶ</strong></span> <span class='ocrx_word' id='word_1_464' title='bbox 494 3727 707 3806; x_wconf 84' lang='grc' dir='ltr'>ἀγῶνας</span> <span class='ocrx_word' id='word_1_465' title='bbox 775 3722 1159 3799; x_wconf 85' lang='grc' dir='ltr'>πνευματικούς</span> <span class='ocrx_word' id='word_1_466' title='bbox 1194 3738 1206 3751; x_wconf 87' lang='grc'><em>’</em></span> <span class='ocrx_word' id='word_1_467' title='bbox 1265 3722 1678 3803; x_wconf 62' lang='grc' dir='ltr'>γυμναζομένοις</span> <span class='ocrx_word' id='word_1_468' title='bbox 1748 3719 1802 3776; x_wconf 78' lang='grc' dir='ltr'>δὲ</span> <span class='ocrx_word' id='word_1_469' title='bbox 1852 3722 1980 3799; x_wconf 75' lang='grc' dir='ltr'>πρὸς</span> 
     </span>
    </p>
   </div>
   <div class='ocr_carea' id='block_1_73' title="bbox 335 3810 1984 3895">
    <p class='ocr_par' dir='ltr' id='par_1_73' title="bbox 335 3810 1984 3895">
     <span class='ocr_line' id='line_1_74' title="bbox 335 3810 1984 3895; baseline -0.007 -21"><span class='ocrx_word' id='word_1_470' title='bbox 335 3815 566 3875; x_wconf 79' lang='grc' dir='ltr'>ἐπίδοσιν</span> <span class='ocrx_word' id='word_1_471' title='bbox 624 3815 836 3895; x_wconf 75' lang='grc' dir='ltr'>ἀρετῆς,</span> <span class='ocrx_word' id='word_1_472' title='bbox 897 3813 986 3868; x_wconf 75' lang='grc' dir='ltr'><strong>καὶ</strong></span> <span class='ocrx_word' id='word_1_473' title='bbox 1057 3812 1187 3890; x_wconf 78' lang='grc' dir='ltr'>πρὸς</span> <span class='ocrx_word' id='word_1_474' title='bbox 1262 3812 1323 3866; x_wconf 81' lang='grc' dir='ltr'><strong>τὸ</strong></span> <span class='ocrx_word' id='word_1_475' title='bbox 1378 3810 1537 3885; x_wconf 92' lang='grc' dir='ltr'>μέσον</span> <span class='ocrx_word' id='word_1_476' title='bbox 1608 3810 1984 3884; x_wconf 84' lang='grc' dir='ltr'>ἐπεκτεινομέ-</span> 
     </span>
    </p>
   </div>
   <div class='ocr_carea' id='block_1_74' title="bbox 334 3897 1983 3976">
    <p class='ocr_par' dir='ltr' id='par_1_74' title="bbox 334 3897 1983 3976">
     <span class='ocr_line' id='line_1_75' title="bbox 334 3897 1983 3976; baseline -0.007 -13"><span class='ocrx_word' id='word_1_477' title='bbox 334 3929 445 3971; x_wconf 92' lang='grc' dir='ltr'>νοις</span> <span class='ocrx_word' id='word_1_478' title='bbox 514 3907 719 3976; x_wconf 69' lang='grc' dir='ltr'>αὺτοῖς,</span> <span class='ocrx_word' id='word_1_479' title='bbox 786 3899 980 3971; x_wconf 77' lang='grc' dir='ltr'>ἡδονῆς</span> <span class='ocrx_word' id='word_1_480' title='bbox 1046 3921 1187 3963; x_wconf 87' lang='grc' dir='ltr'>τινος</span> <span class='ocrx_word' id='word_1_481' title='bbox 1256 3901 1343 3955; x_wconf 82' lang='grc' dir='ltr'><strong>καὶ</strong></span> <span class='ocrx_word' id='word_1_482' title='bbox 1400 3897 1687 3976; x_wconf 72' lang='grc' dir='ltr'>παραδόξου</span> <span class='ocrx_word' id='word_1_483' title='bbox 1757 3898 1983 3961; x_wconf 87' lang='grc' dir='ltr'>ἀνέσεως</span> 
     </span>
    </p>
   </div>
   <div class='ocr_carea' id='block_1_75' title="bbox 330 3980 1985 4076">
    <p class='ocr_par' dir='ltr' id='par_1_75' title="bbox 330 3980 1985 4076">
     <span class='ocr_line' id='line_1_76' title="bbox 330 3980 1985 4076; baseline -0.001 -33"><span class='ocrx_word' id='word_1_484' title='bbox 330 3996 623 4076; x_wconf 70' lang='grc' dir='ltr'>φαίνονται.</span> <span class='ocrx_word' id='word_1_485' title='bbox 663 3980 815 4051; x_wconf 68' lang='grc' dir='ltr'>’ὃταν</span> <span class='ocrx_word' id='word_1_486' title='bbox 864 3988 918 4045; x_wconf 74' lang='grc' dir='ltr'>δὲ</span> <span class='ocrx_word' id='word_1_487' title='bbox 944 3990 1025 4049; x_wconf 54' lang='grc' dir='ltr'><strong>χτδ)</strong></span> <span class='ocrx_word' id='word_1_488' title='bbox 1085 3988 1273 4053; x_wconf 84' lang='grc' dir='ltr'>θνητὸν</span> <span class='ocrx_word' id='word_1_489' title='bbox 1317 3992 1471 4043; x_wconf 77' lang='grc' dir='ltr'>τοῦτο</span> <span class='ocrx_word' id='word_1_490' title='bbox 1498 4008 1635 4042; x_wconf 82' lang='grc' dir='ltr'>κατα</span> <span class='ocrx_word' id='word_1_491' title='bbox 1658 3990 1795 4062; x_wconf 78' lang='grc' dir='ltr'>ποθῇ</span> <span class='ocrx_word' id='word_1_492' title='bbox 1851 3986 1985 4067; x_wconf 85' lang='grc' dir='ltr'>φρό-</span> 
     </span>
    </p>
   </div>
   <div class='ocr_carea' id='block_1_76' title="bbox 333 4074 1986 4158">
    <p class='ocr_par' dir='ltr' id='par_1_76' title="bbox 333 4074 1986 4158">
     <span class='ocr_line' id='line_1_77' title="bbox 333 4074 1986 4158; baseline -0.007 -17"><span class='ocrx_word' id='word_1_493' title='bbox 333 4074 483 4158; x_wconf 80' lang='grc' dir='ltr'>νημα</span> <span class='ocrx_word' id='word_1_494' title='bbox 553 4086 650 4149; x_wconf 78' lang='grc' dir='ltr'><strong>τῆς</strong></span> <span class='ocrx_word' id='word_1_495' title='bbox 722 4080 937 4156; x_wconf 81' lang='grc' dir='ltr'>σαρκὸς,</span> <span class='ocrx_word' id='word_1_496' title='bbox 1011 4078 1110 4132; x_wconf 75' lang='grc' dir='ltr'><strong>ὑπὸ</strong></span> <span class='ocrx_word' id='word_1_497' title='bbox 1181 4080 1279 4142; x_wconf 72' lang='grc' dir='ltr'>τῆς</span> <span class='ocrx_word' id='word_1_498' title='bbox 1352 4074 1610 4133; x_wconf 72' lang='grc' dir='ltr'>ἀθανάτου</span> <span class='ocrx_word' id='word_1_499' title='bbox 1680 4080 1825 4146; x_wconf 78' lang='grc' dir='ltr'>ζωῆς</span> <span class='ocrx_word' id='word_1_500' title='bbox 1888 4079 1986 4141; x_wconf 77' lang='grc' dir='ltr'><strong>τῆς</strong></span> 
     </span>
    </p>
   </div>
   <div class='ocr_carea' id='block_1_77' title="bbox 333 4164 1985 4250">
    <p class='ocr_par' dir='ltr' id='par_1_77' title="bbox 333 4164 1985 4250">
     <span class='ocr_line' id='line_1_78' title="bbox 333 4164 1985 4250; baseline -0.007 -21"><span class='ocrx_word' id='word_1_501' title='bbox 333 4170 710 4250; x_wconf 74' lang='grc' dir='ltr'>ἐπιγινομένης</span> <span class='ocrx_word' id='word_1_502' title='bbox 767 4168 818 4234; x_wconf 78' lang='grc' dir='ltr'>ἐξ</span> <span class='ocrx_word' id='word_1_503' title='bbox 876 4164 1157 4239; x_wconf 79' lang='grc' dir='ltr'>ἐπιδημίας</span> <span class='ocrx_word' id='word_1_504' title='bbox 1211 4170 1304 4220; x_wconf 83' lang='grc' dir='ltr'><strong>τοῦ</strong></span> <span class='ocrx_word' id='word_1_505' title='bbox 1364 4164 1690 4239; x_wconf 71' lang='grc' dir='ltr'>[Ινεύμεττος,</span> <span class='ocrx_word' id='word_1_506' title='bbox 1746 4164 1799 4219; x_wconf 85' lang='grc' dir='ltr'>ἐν</span> <span class='ocrx_word' id='word_1_507' title='bbox 1869 4177 1985 4227; x_wconf 75' lang='grc' dir='ltr'>τοῖς</span> 
     </span>
    </p>
   </div>
   <div class='ocr_carea' id='block_1_78' title="bbox 335 4250 1985 4332">
    <p class='ocr_par' dir='ltr' id='par_1_78' title="bbox 335 4250 1985 4332">
     <span class='ocr_line' id='line_1_79' title="bbox 335 4250 1985 4332; baseline -0.007 -15"><span class='ocrx_word' id='word_1_508' title='bbox 335 4260 547 4326; x_wconf 80' lang='grc' dir='ltr'>ἀληθῶς</span> <span class='ocrx_word' id='word_1_509' title='bbox 607 4256 1056 4332; x_wconf 79' lang='grc' dir='ltr'>ἒπεκτεινομένοις</span> <span class='ocrx_word' id='word_1_510' title='bbox 1117 4254 1247 4331; x_wconf 84' lang='grc' dir='ltr'>πρὸς</span> <span class='ocrx_word' id='word_1_511' title='bbox 1304 4252 1368 4307; x_wconf 76' lang='grc' dir='ltr'><strong>τὰ</strong></span> <span class='ocrx_word' id='word_1_512' title='bbox 1429 4250 1558 4318; x_wconf 83' lang='grc' dir='ltr'>τέλη</span> <span class='ocrx_word' id='word_1_513' title='bbox 1621 4259 1726 4308; x_wconf 84' lang='grc' dir='ltr'><strong>τῶν</strong></span> <span class='ocrx_word' id='word_1_514' title='bbox 1787 4252 1985 4331; x_wconf 78' lang='grc' dir='ltr'>ἀρετῶν</span> 
     </span>
    </p>
   </div>
   <div class='ocr_carea' id='block_1_79' title="bbox 336 4339 1983 4425">
    <p class='ocr_par' dir='ltr' id='par_1_79' title="bbox 336 4339 1983 4425">
     <span class='ocr_line' id='line_1_80' title="bbox 336 4339 1983 4425; baseline -0.007 -20"><span class='ocrx_word' id='word_1_515' title='bbox 336 4348 425 4405; x_wconf 78' lang='grc' dir='ltr'><strong>διὰ</strong></span> <span class='ocrx_word' id='word_1_516' title='bbox 493 4347 691 4420; x_wconf 89' lang='grc' dir='ltr'>πόνων,</span> <span class='ocrx_word' id='word_1_517' title='bbox 749 4351 919 4425; x_wconf 82' lang='grc' dir='ltr'>χαρᾶς</span> <span class='ocrx_word' id='word_1_518' title='bbox 997 4341 1219 4420; x_wconf 66' lang='grc' dir='ltr'>ἀρρήτου</span> <span class='ocrx_word' id='word_1_519' title='bbox 1307 4341 1392 4395; x_wconf 79' lang='grc' dir='ltr'>καὶ</span> <span class='ocrx_word' id='word_1_520' title='bbox 1456 4341 1773 4420; x_wconf 69' lang='grc' dir='ltr'>εὐφροσύνης</span> <span class='ocrx_word' id='word_1_521' title='bbox 1840 4339 1983 4407; x_wconf 79' lang='grc' dir='ltr'>πλη-</span> 
     </span>
    </p>
   </div>
   <div class='ocr_carea' id='block_1_80' title="bbox 336 4407 2051 4517">
    <p class='ocr_par' dir='ltr' id='par_1_80' title="bbox 336 4407 2051 4517">
     <span class='ocr_line' id='line_1_81' title="bbox 336 4407 2051 4517; baseline -0.006 -24"><span class='ocrx_word' id='word_1_522' title='bbox 336 4444 571 4517; x_wconf 82' lang='grc' dir='ltr'>ροῦνται,</span> <span class='ocrx_word' id='word_1_523' title='bbox 601 4407 1061 4510; x_wconf 48' lang='grc' dir='ltr'>ἀναστιδμιώείσης</span> <span class='ocrx_word' id='word_1_524' title='bbox 1092 4430 1274 4492; x_wconf 72' lang='grc' dir='ltr'>αὒτοῖς</span> <span class='ocrx_word' id='word_1_525' title='bbox 1307 4426 1727 4517; x_wconf 54' lang='grc' dir='ltr'>δηλαδὴπηγῆς</span> <span class='ocrx_word' id='word_1_526' title='bbox 1758 4433 1984 4509; x_wconf 74' lang='grc' dir='ltr'>καθαρᾶς</span> <span class='ocrx_word' id='word_1_527' title='bbox 2006 4407 2051 4456; x_wconf 82' lang='lat' dir='ltr'><strong>D</strong></span> 
     </span>
    </p>
   </div>
   <div class='ocr_carea' id='block_1_81' title="bbox 335 4513 1988 4603">
    <p class='ocr_par' dir='ltr' id='par_1_81' title="bbox 335 4513 1988 4603">
     <span class='ocr_line' id='line_1_82' title="bbox 335 4513 1988 4603; baseline -0.005 -21"><span class='ocrx_word' id='word_1_528' title='bbox 335 4513 443 4582; x_wconf 78' lang='grc' dir='ltr'><strong>τῶν</strong></span> <span class='ocrx_word' id='word_1_529' title='bbox 473 4523 705 4603; x_wconf 86' lang='grc' dir='ltr'>δακρύων</span> <span class='ocrx_word' id='word_1_530' title='bbox 754 4525 841 4579; x_wconf 88' lang='grc' dir='ltr'><strong>καὶ</strong></span> <span class='ocrx_word' id='word_1_531' title='bbox 896 4519 1151 4600; x_wconf 81' lang='grc' dir='ltr'>γλυκεροῦ</span> <span class='ocrx_word' id='word_1_532' title='bbox 1208 4518 1439 4593; x_wconf 80' lang='grc' dir='ltr'>νάματος</span> <span class='ocrx_word' id='word_1_533' title='bbox 1498 4513 1693 4574; x_wconf 77' lang='grc' dir='ltr'>ἀνωθεν</span> <span class='ocrx_word' id='word_1_534' title='bbox 1723 4515 1988 4597; x_wconf 74' lang='grc' dir='ltr'>ἐπομϐρυ-</span> 
     </span>
    </p>
   </div>
   <div class='ocr_carea' id='block_1_82' title="bbox 339 4610 1022 4681">
    <p class='ocr_par' dir='ltr' id='par_1_82' title="bbox 339 4610 1022 4681">
     <span class='ocr_line' id='line_1_83' title="bbox 339 4610 1022 4681; baseline -0.001 -10"><span class='ocrx_word' id='word_1_535' title='bbox 339 4613 518 4677; x_wconf 85' lang='grc' dir='ltr'>θέντος</span> <span class='ocrx_word' id='word_1_536' title='bbox 546 4618 644 4681; x_wconf 77' lang='grc' dir='ltr'><strong>τῆς</strong></span> <span class='ocrx_word' id='word_1_537' title='bbox 675 4610 997 4676; x_wconf 78' lang='grc' dir='ltr'>κατανύξεως</span> <span class='ocrx_word' id='word_1_538' title='bbox 1008 4656 1022 4670; x_wconf 93' lang='grc'><strong>.</strong></span> 
     </span>
    </p>
   </div>
   <div class='ocr_carea' id='block_1_83' title="bbox 419 4691 1987 4776">
    <p class='ocr_par' dir='ltr' id='par_1_83' title="bbox 419 4691 1987 4776">
     <span class='ocr_line' id='line_1_84' title="bbox 419 4691 1987 4776; baseline -0.006 -17"><span class='ocrx_word' id='word_1_539' title='bbox 419 4691 524 4762; x_wconf 73' lang='grc' dir='ltr'>κε’.</span> <span class='ocrx_word' id='word_1_540' title='bbox 596 4704 655 4759; x_wconf 80' lang='lat' dir='ltr'><strong>Ei.</strong></span> <span class='ocrx_word' id='word_1_541' title='bbox 724 4698 898 4776; x_wconf 82' lang='grc' dir='ltr'>βούλει</span> <span class='ocrx_word' id='word_1_542' title='bbox 962 4703 1067 4753; x_wconf 90' lang='grc' dir='ltr'><strong>τῶν</strong></span> <span class='ocrx_word' id='word_1_543' title='bbox 1137 4694 1269 4773; x_wconf 85' lang='grc' dir='ltr'>ὅρων</span> <span class='ocrx_word' id='word_1_544' title='bbox 1338 4692 1584 4761; x_wconf 79' lang='grc' dir='ltr'>ἐπιϐῆναι</span> <span class='ocrx_word' id='word_1_545' title='bbox 1641 4701 1739 4762; x_wconf 75' lang='grc' dir='ltr'>τῆς</span> <span class='ocrx_word' id='word_1_546' title='bbox 1797 4695 1987 4774; x_wconf 81' lang='grc' dir='ltr'>ἀρετῆς</span> 
     </span>
    </p>
   </div>
   <div class='ocr_carea' id='block_1_84' title="bbox 339 4783 1988 4869">
    <p class='ocr_par' dir='ltr' id='par_1_84' title="bbox 339 4783 1988 4869">
     <span class='ocr_line' id='line_1_85' title="bbox 339 4783 1988 4869; baseline -0.005 -23"><span class='ocrx_word' id='word_1_547' title='bbox 339 4792 428 4846; x_wconf 85' lang='grc' dir='ltr'><strong>καὶ</strong></span> <span class='ocrx_word' id='word_1_548' title='bbox 481 4793 579 4858; x_wconf 76' lang='grc' dir='ltr'>τὴν</span> <span class='ocrx_word' id='word_1_549' title='bbox 643 4792 779 4869; x_wconf 85' lang='grc' dir='ltr'>πγὸς</span> <span class='ocrx_word' id='word_1_550' title='bbox 850 4788 978 4844; x_wconf 85' lang='grc' dir='ltr'>Θεὸν</span> <span class='ocrx_word' id='word_1_551' title='bbox 1037 4783 1291 4865; x_wconf 78' lang='grc' dir='ltr'>φέρουσαν</span> <span class='ocrx_word' id='word_1_552' title='bbox 1354 4784 1526 4869; x_wconf 75' lang='grc' dir='ltr'>εὑρεῖν</span> <span class='ocrx_word' id='word_1_553' title='bbox 1585 4783 1858 4856; x_wconf 77' lang='grc' dir='ltr'>ἀπλανῶς,</span> <span class='ocrx_word' id='word_1_554' title='bbox 1910 4784 1988 4859; x_wconf 82' lang='grc' dir='ltr'>μὴ</span> 
     </span>
    </p>
   </div>
   <div class='ocr_carea' id='block_1_85' title="bbox 339 4868 1987 4957">
    <p class='ocr_par' dir='ltr' id='par_1_85' title="bbox 339 4868 1987 4957">
     <span class='ocr_line' id='line_1_86' title="bbox 339 4868 1987 4957; baseline -0.004 -24"><span class='ocrx_word' id='word_1_555' title='bbox 339 4876 441 4953; x_wconf 82' lang='grc' dir='ltr'><strong>δῷς</strong></span> <span class='ocrx_word' id='word_1_556' title='bbox 471 4877 630 4936; x_wconf 74' lang='grc' dir='ltr'>ὕπνον</span> <span class='ocrx_word' id='word_1_557' title='bbox 684 4868 803 4942; x_wconf 67' lang='grc' dir='ltr'>τοῖς</span> <span class='ocrx_word' id='word_1_558' title='bbox 864 4872 1158 4957; x_wconf 56' lang='grc' dir='ltr'>ὀφθαλμοῖς</span> <span class='ocrx_word' id='word_1_559' title='bbox 1202 4893 1318 4951; x_wconf 84' lang='grc' dir='ltr'>σου,</span> <span class='ocrx_word' id='word_1_560' title='bbox 1365 4868 1500 4946; x_wconf 74' lang='grc' dir='ltr'>μηδὲ</span> <span class='ocrx_word' id='word_1_561' title='bbox 1549 4874 1845 4950; x_wconf 79' lang='grc' dir='ltr'>νυσταγμὸν</span> <span class='ocrx_word' id='word_1_562' title='bbox 1872 4885 1987 4934; x_wconf 73' lang='grc' dir='ltr'>τοῖς</span> 
     </span>
    </p>
   </div>
   <div class='ocr_carea' id='block_1_86' title="bbox 339 4960 1982 5047">
    <p class='ocr_par' dir='ltr' id='par_1_86' title="bbox 339 4960 1982 5047">
     <span class='ocr_line' id='line_1_87' title="bbox 339 4960 1982 5047; baseline -0.005 -24"><span class='ocrx_word' id='word_1_563' title='bbox 339 4966 620 5047; x_wconf 71' lang='grc' dir='ltr'>βλεφάροις</span> <span class='ocrx_word' id='word_1_564' title='bbox 688 4989 805 5042; x_wconf 89' lang='grc' dir='ltr'>σου,</span> <span class='ocrx_word' id='word_1_565' title='bbox 864 4965 900 5034; x_wconf 73' lang='grc' dir='ltr'><strong>ἢ</strong></span> <span class='ocrx_word' id='word_1_566' title='bbox 956 4963 1247 5023; x_wconf 72' lang='grc' dir='ltr'>ἀνάπαυσιν</span> <span class='ocrx_word' id='word_1_567' title='bbox 1319 4973 1435 5022; x_wconf 73' lang='grc' dir='ltr'>τοῖς</span> <span class='ocrx_word' id='word_1_568' title='bbox 1520 4960 1798 5040; x_wconf 80' lang='grc' dir='ltr'>κροτάφοις</span> <span class='ocrx_word' id='word_1_569' title='bbox 1869 4981 1982 5031; x_wconf 82' lang='grc' dir='ltr'>σου,</span> 
     </span>
    </p>
   </div>
   <div class='ocr_carea' id='block_1_87' title="bbox 336 5046 1988 5131">
    <p class='ocr_par' dir='ltr' id='par_1_87' title="bbox 336 5046 1988 5131">
     <span class='ocr_line' id='line_1_88' title="bbox 336 5046 1988 5131; baseline -0.004 -20"><span class='ocrx_word' id='word_1_570' title='bbox 336 5046 457 5119; x_wconf 79' lang='grc' dir='ltr'>ἕως</span> <span class='ocrx_word' id='word_1_571' title='bbox 514 5046 603 5131; x_wconf 78' lang='grc' dir='ltr'><strong>οὗ,</strong></span> <span class='ocrx_word' id='word_1_572' title='bbox 680 5054 763 5112; x_wconf 81' lang='grc' dir='ltr'><strong>διὰ</strong></span> <span class='ocrx_word' id='word_1_573' title='bbox 830 5054 1008 5111; x_wconf 93' lang='grc' dir='ltr'>πόνων</span> <span class='ocrx_word' id='word_1_574' title='bbox 1064 5046 1278 5106; x_wconf 67' lang='grc' dir='ltr'>πολλῶν</span> <span class='ocrx_word' id='word_1_575' title='bbox 1338 5050 1426 5104; x_wconf 89' lang='grc' dir='ltr'>καὶ</span> <span class='ocrx_word' id='word_1_576' title='bbox 1495 5047 1753 5128; x_wconf 86' lang='grc' dir='ltr'>δακρύων,</span> <span class='ocrx_word' id='word_1_577' title='bbox 1826 5049 1988 5104; x_wconf 83' lang='grc' dir='ltr'>τόπον</span> 
     </span>
    </p>
   </div>
   <div class='ocr_carea' id='block_1_88' title="bbox 339 5135 1993 5224">
    <p class='ocr_par' dir='ltr' id='par_1_88' title="bbox 339 5135 1993 5224">
     <span class='ocr_line' id='line_1_89' title="bbox 339 5135 1993 5224; baseline -0.005 -25"><span class='ocrx_word' id='word_1_578' title='bbox 339 5142 591 5208; x_wconf 80' lang='grc' dir='ltr'>ἀπαθείας</span> <span class='ocrx_word' id='word_1_579' title='bbox 659 5143 816 5224; x_wconf 73' lang='grc' dir='ltr'>εὕρῃς</span> <span class='ocrx_word' id='word_1_580' title='bbox 886 5148 955 5219; x_wconf 77' lang='grc' dir='ltr'><strong>τῇ</strong></span> <span class='ocrx_word' id='word_1_581' title='bbox 1024 5135 1404 5218; x_wconf 79' lang='grc' dir='ltr'>τετρυχωμένῃ</span> <span class='ocrx_word' id='word_1_582' title='bbox 1483 5142 1636 5217; x_wconf 79' lang='grc' dir='ltr'>ψυχῇ</span> <span class='ocrx_word' id='word_1_583' title='bbox 1691 5160 1784 5193; x_wconf 89' lang='grc' dir='ltr'><strong>σου</strong></span> <span class='ocrx_word' id='word_1_584' title='bbox 1817 5154 1830 5167; x_wconf 81' lang='grc'><strong>⁸</strong></span> <span class='ocrx_word' id='word_1_585' title='bbox 1906 5143 1993 5199; x_wconf 75' lang='grc' dir='ltr'>καὶ</span> 
     </span>
    </p>
   </div>
   <div class='ocr_carea' id='block_1_89' title="bbox 337 5226 1986 5310">
    <p class='ocr_par' dir='ltr' id='par_1_89' title="bbox 337 5226 1986 5310">
     <span class='ocr_line' id='line_1_90' title="bbox 337 5226 1986 5310; baseline -0.005 -21"><span class='ocrx_word' id='word_1_586' title='bbox 337 5232 577 5310; x_wconf 74' lang='grc' dir='ltr'>εἰσέλθῃς</span> <span class='ocrx_word' id='word_1_587' title='bbox 619 5235 695 5298; x_wconf 87' lang='grc' dir='ltr'><strong>εἰς</strong></span> <span class='ocrx_word' id='word_1_588' title='bbox 736 5235 799 5290; x_wconf 81' lang='grc' dir='ltr'><strong>τὸ</strong></span> <span class='ocrx_word' id='word_1_589' title='bbox 828 5230 1172 5310; x_wconf 80' lang='grc' dir='ltr'>ἀγιαστήριον</span> <span class='ocrx_word' id='word_1_590' title='bbox 1221 5232 1319 5293; x_wconf 68' lang='grc' dir='ltr'><strong>τῆς</strong></span> <span class='ocrx_word' id='word_1_591' title='bbox 1373 5226 1619 5303; x_wconf 78' lang='grc' dir='ltr'>γνώσεως</span> <span class='ocrx_word' id='word_1_592' title='bbox 1661 5234 1754 5283; x_wconf 80' lang='grc' dir='ltr'><strong>τοῦ</strong></span> <span class='ocrx_word' id='word_1_593' title='bbox 1810 5233 1940 5283; x_wconf 81' lang='grc' dir='ltr'>Θεοῦ</span> <span class='ocrx_word' id='word_1_594' title='bbox 1972 5241 1986 5257; x_wconf 87' lang='grc'><em>’</em></span> 
     </span>
    </p>
   </div>
   <div class='ocr_carea' id='block_1_90' title="bbox 340 5315 1990 5396">
    <p class='ocr_par' dir='ltr' id='par_1_90' title="bbox 340 5315 1990 5396">
     <span class='ocr_line' id='line_1_91' title="bbox 340 5315 1990 5396; baseline -0.003 -20"><span class='ocrx_word' id='word_1_595' title='bbox 340 5322 429 5377; x_wconf 84' lang='grc' dir='ltr'>καὶ</span> <span class='ocrx_word' id='word_1_596' title='bbox 470 5320 553 5378; x_wconf 76' lang='grc' dir='ltr'><strong>διὰ</strong></span> <span class='ocrx_word' id='word_1_597' title='bbox 580 5327 680 5390; x_wconf 81' lang='grc' dir='ltr'>τῆς</span> <span class='ocrx_word' id='word_1_598' title='bbox 708 5319 1058 5379; x_wconf 79' lang='grc' dir='ltr'>ἐνυποστάτου</span> <span class='ocrx_word' id='word_1_599' title='bbox 1108 5316 1292 5395; x_wconf 82' lang='grc' dir='ltr'>σοφίας</span> <span class='ocrx_word' id='word_1_600' title='bbox 1350 5315 1527 5390; x_wconf 69' lang='grc' dir='ltr'>αὐτοῦ,</span> <span class='ocrx_word' id='word_1_601' title='bbox 1576 5317 1647 5381; x_wconf 81' lang='grc' dir='ltr'><strong>είς</strong></span> <span class='ocrx_word' id='word_1_602' title='bbox 1690 5317 1756 5375; x_wconf 80' lang='grc' dir='ltr'>τὰ</span> <span class='ocrx_word' id='word_1_603' title='bbox 1786 5315 1990 5396; x_wconf 79' lang='grc' dir='ltr'>ἔσχατα</span> 
     </span>
    </p>
   </div>
   <div class='ocr_carea' id='block_1_91' title="bbox 341 5405 1987 5491">
    <p class='ocr_par' dir='ltr' id='par_1_91' title="bbox 341 5405 1987 5491">
     <span class='ocr_line' id='line_1_92' title="bbox 341 5405 1987 5491; baseline -0.004 -25"><span class='ocrx_word' id='word_1_604' title='bbox 341 5408 482 5467; x_wconf 86' lang='grc' dir='ltr'>τέλει</span> <span class='ocrx_word' id='word_1_605' title='bbox 544 5413 651 5469; x_wconf 85' lang='grc' dir='ltr'><strong>τῶν</strong></span> <span class='ocrx_word' id='word_1_606' title='bbox 719 5410 1056 5491; x_wconf 86' lang='grc' dir='ltr'>ἀνθρωπίνων</span> <span class='ocrx_word' id='word_1_607' title='bbox 1132 5405 1459 5484; x_wconf 83' lang='grc' dir='ltr'>πραγμάτων</span> <span class='ocrx_word' id='word_1_608' title='bbox 1530 5407 1664 5482; x_wconf 84' lang='grc' dir='ltr'>μετὰ</span> <span class='ocrx_word' id='word_1_609' title='bbox 1732 5406 1987 5467; x_wconf 88' lang='grc' dir='ltr'>συνέσεως</span> 
     </span>
    </p>
   </div>
   <div class='ocr_carea' id='block_1_92' title="bbox 344 5492 1988 5576">
    <p class='ocr_par' dir='ltr' id='par_1_92' title="bbox 344 5492 1988 5576">
     <span class='ocr_line' id='line_1_93' title="bbox 344 5492 1988 5576; baseline -0.001 -23"><span class='ocrx_word' id='word_1_610' title='bbox 344 5496 491 5575; x_wconf 74' lang='grc' dir='ltr'>ἴδῃς,</span> <span class='ocrx_word' id='word_1_611' title='bbox 535 5504 624 5559; x_wconf 81' lang='grc' dir='ltr'><strong>καὶ</strong></span> <span class='ocrx_word' id='word_1_612' title='bbox 653 5508 759 5559; x_wconf 90' lang='grc' dir='ltr'><strong>τῶν</strong></span> <span class='ocrx_word' id='word_1_613' title='bbox 786 5500 931 5559; x_wconf 75' lang='grc' dir='ltr'>κάτω</span> <span class='ocrx_word' id='word_1_614' title='bbox 970 5495 1400 5576; x_wconf 76' lang='grc' dir='ltr'>καταφρονήσας,</span> <span class='ocrx_word' id='word_1_615' title='bbox 1446 5493 1532 5552; x_wconf 81' lang='grc' dir='ltr'>ἐπὶ</span> <span class='ocrx_word' id='word_1_616' title='bbox 1576 5496 1643 5552; x_wconf 78' lang='grc' dir='ltr'>τὰ</span> <span class='ocrx_word' id='word_1_617' title='bbox 1667 5494 1850 5572; x_wconf 77' lang='grc' dir='ltr'>ὑψηλά</span> <span class='ocrx_word' id='word_1_618' title='bbox 1890 5492 1988 5575; x_wconf 79' lang='grc' dir='ltr'>ὄρη</span> 
     </span>
    </p>
   </div>
   <div class='ocr_carea' id='block_1_93' title="bbox 344 5582 1989 5669">
    <p class='ocr_par' dir='ltr' id='par_1_93' title="bbox 344 5582 1989 5669">
     <span class='ocr_line' id='line_1_94' title="bbox 344 5582 1989 5669; baseline -0.004 -23"><span class='ocrx_word' id='word_1_619' title='bbox 344 5591 447 5655; x_wconf 76' lang='grc' dir='ltr'>τῆς</span> <span class='ocrx_word' id='word_1_620' title='bbox 486 5591 728 5669; x_wconf 85' lang='grc' dir='ltr'>θεωρίας,</span> <span class='ocrx_word' id='word_1_621' title='bbox 773 5588 911 5647; x_wconf 79' lang='grc' dir='ltr'>κατὰ</span> <span class='ocrx_word' id='word_1_622' title='bbox 950 5587 1043 5651; x_wconf 78' lang='grc' dir='ltr'>τὰς</span> <span class='ocrx_word' id='word_1_623' title='bbox 1086 5582 1334 5664; x_wconf 78' lang='grc' dir='ltr'>ἐλάφους,</span> <span class='ocrx_word' id='word_1_624' title='bbox 1379 5584 1467 5641; x_wconf 79' lang='grc' dir='ltr'><strong>καὶ</strong></span> <span class='ocrx_word' id='word_1_625' title='bbox 1506 5585 1663 5651; x_wconf 69' lang='grc' dir='ltr'>αὐτὸς</span> <span class='ocrx_word' id='word_1_626' title='bbox 1690 5583 1989 5662; x_wconf 79' lang='grc' dir='ltr'>διψητικώ-</span> 
     </span>
    </p>
   </div>
   <div class='ocr_carea' id='block_1_94' title="bbox 346 5678 828 5760">
    <p class='ocr_par' dir='ltr' id='par_1_94' title="bbox 346 5678 828 5760">
     <span class='ocr_line' id='line_1_95' title="bbox 346 5678 828 5760; baseline 0.015 -28"><span class='ocrx_word' id='word_1_627' title='bbox 346 5696 479 5735; x_wconf 88' lang='grc' dir='ltr'>τατα</span> <span class='ocrx_word' id='word_1_628' title='bbox 505 5678 828 5760; x_wconf 75' lang='grc' dir='ltr'>ἀναδράμῃς.</span> 
     </span>
    </p>
   </div>
   <div class='ocr_carea' id='block_1_95' title="bbox 2072 3273 3517 3358">
    <p class='ocr_par' dir='ltr' id='par_1_95' title="bbox 2072 3273 3517 3358">
     <span class='ocr_line' id='line_1_96' title="bbox 2072 3273 3517 3358; baseline 0.003 -20"><span class='ocrx_word' id='word_1_629' title='bbox 2072 3273 2470 3357; x_wconf 87' lang='lat' dir='ltr'><strong>spiritualem,</strong></span> <span class='ocrx_word' id='word_1_630' title='bbox 2505 3273 2625 3336; x_wconf 90' lang='lat' dir='ltr'><strong>illis</strong></span> <span class='ocrx_word' id='word_1_631' title='bbox 2660 3283 2915 3354; x_wconf 79' lang='lat' dir='ltr'><strong>gemitus</strong></span> <span class='ocrx_word' id='word_1_632' title='bbox 2944 3292 3013 3337; x_wconf 85' lang='lat' dir='ltr'><strong>ac</strong></span> <span class='ocrx_word' id='word_1_633' title='bbox 3041 3274 3309 3342; x_wconf 79' lang='lat' dir='ltr'><strong>dolorem</strong></span> <span class='ocrx_word' id='word_1_634' title='bbox 3341 3276 3517 3358; x_wconf 89' lang='lat' dir='ltr'><strong>parit.</strong></span> 
     </span>
    </p>
   </div>
   <div class='ocr_carea' id='block_1_96' title="bbox 2149 3541 3720 3623">
    <p class='ocr_par' dir='ltr' id='par_1_96' title="bbox 2149 3541 3720 3623">
     <span class='ocr_line' id='line_1_97' title="bbox 2149 3541 3720 3623; baseline 0.001 -21"><span class='ocrx_word' id='word_1_635' title='bbox 2149 3541 2249 3603; x_wconf 71' lang='lat'><strong>24.</strong></span> <span class='ocrx_word' id='word_1_636' title='bbox 2284 3541 2537 3602; x_wconf 87' lang='lat' dir='ltr'><strong>Labores</strong></span> <span class='ocrx_word' id='word_1_637' title='bbox 2567 3541 2840 3603; x_wconf 87' lang='lat' dir='ltr'><strong>videntur</strong></span> <span class='ocrx_word' id='word_1_638' title='bbox 2887 3542 2950 3603; x_wconf 91' lang='lat' dir='ltr'><strong>in</strong></span> <span class='ocrx_word' id='word_1_639' title='bbox 2990 3542 3159 3605; x_wconf 90' lang='lat' dir='ltr'><strong>initio</strong></span> <span class='ocrx_word' id='word_1_640' title='bbox 3203 3542 3474 3605; x_wconf 91' lang='lat' dir='ltr'><strong>dolorem</strong></span> <span class='ocrx_word' id='word_1_641' title='bbox 3506 3556 3720 3623; x_wconf 90' lang='lat' dir='ltr'><strong>parere</strong></span> 
     </span>
    </p>
   </div>
   <div class='ocr_carea' id='block_1_97' title="bbox 2067 3629 3718 3713">
    <p class='ocr_par' dir='ltr' id='par_1_97' title="bbox 2067 3629 3718 3713">
     <span class='ocr_line' id='line_1_98' title="bbox 2067 3629 3718 3713; baseline 0.001 -22"><span class='ocrx_word' id='word_1_642' title='bbox 2067 3629 2344 3691; x_wconf 91' lang='lat' dir='ltr'><strong>omnibus</strong></span> <span class='ocrx_word' id='word_1_643' title='bbox 2359 3630 2418 3690; x_wconf 91' lang='lat' dir='ltr'><strong>in</strong></span> <span class='ocrx_word' id='word_1_644' title='bbox 2440 3629 2690 3692; x_wconf 91' lang='lat' dir='ltr'><strong>sudores</strong></span> <span class='ocrx_word' id='word_1_645' title='bbox 2705 3648 3044 3713; x_wconf 79' lang='lat' dir='ltr'><strong>agonesque</strong></span> <span class='ocrx_word' id='word_1_646' title='bbox 3065 3631 3404 3712; x_wconf 85' lang='lat' dir='ltr'><strong>spirituales</strong></span> <span class='ocrx_word' id='word_1_647' title='bbox 3429 3630 3718 3694; x_wconf 88' lang='lat' dir='ltr'><strong>inductis.</strong></span> 
     </span>
    </p>
   </div>
   <div class='ocr_carea' id='block_1_98' title="bbox 2061 3718 3717 3801">
    <p class='ocr_par' dir='ltr' id='par_1_98' title="bbox 2061 3718 3717 3801">
     <span class='ocr_line' id='line_1_99' title="bbox 2061 3718 3717 3801; baseline 0.001 -20"><span class='ocrx_word' id='word_1_648' title='bbox 2061 3718 2171 3781; x_wconf 77' lang='lat' dir='ltr'><strong>His</strong></span> <span class='ocrx_word' id='word_1_649' title='bbox 2227 3737 2367 3780; x_wconf 69' lang='lat' dir='ltr'><strong>vero</strong></span> <span class='ocrx_word' id='word_1_650' title='bbox 2417 3720 2519 3796; x_wconf 92' lang='lat' dir='ltr'><strong>qui</strong></span> <span class='ocrx_word' id='word_1_651' title='bbox 2574 3738 2680 3801; x_wconf 87' lang='lat' dir='ltr'><strong>pro</strong></span> <span class='ocrx_word' id='word_1_652' title='bbox 2731 3721 2944 3782; x_wconf 81' lang='lat' dir='ltr'><strong>virtute</strong></span> <span class='ocrx_word' id='word_1_653' title='bbox 3002 3721 3348 3799; x_wconf 87' lang='lat' dir='ltr'><strong>adaugenda</strong></span> <span class='ocrx_word' id='word_1_654' title='bbox 3418 3723 3717 3784; x_wconf 89' lang='lat' dir='ltr'><strong>luctantur</strong></span> 
     </span>
    </p>
   </div>
   <div class='ocr_carea' id='block_1_99' title="bbox 2058 3807 3714 3891">
    <p class='ocr_par' dir='ltr' id='par_1_99' title="bbox 2058 3807 3714 3891">
     <span class='ocr_line' id='line_1_100' title="bbox 2058 3807 3714 3891; baseline 0.002 -24"><span class='ocrx_word' id='word_1_655' title='bbox 2058 3807 2303 3888; x_wconf 90' lang='lat' dir='ltr'><strong>jamque</strong></span> <span class='ocrx_word' id='word_1_656' title='bbox 2328 3808 2401 3869; x_wconf 92' lang='lat' dir='ltr'><strong>ad</strong></span> <span class='ocrx_word' id='word_1_657' title='bbox 2431 3808 2741 3870; x_wconf 89' lang='lat' dir='ltr'><strong>dimidium</strong></span> <span class='ocrx_word' id='word_1_658' title='bbox 2774 3818 2911 3870; x_wconf 93' lang='lat' dir='ltr'><strong>sunt</strong></span> <span class='ocrx_word' id='word_1_659' title='bbox 2939 3809 3176 3883; x_wconf 87' lang='lat' dir='ltr'><strong>occisis,</strong></span> <span class='ocrx_word' id='word_1_660' title='bbox 3200 3809 3485 3889; x_wconf 78' lang='lat' dir='ltr'><strong>gaudium</strong></span> <span class='ocrx_word' id='word_1_661' title='bbox 3517 3809 3714 3891; x_wconf 80' lang='lat' dir='ltr'><strong>quod-</strong></span> 
     </span>
    </p>
   </div>
   <div class='ocr_carea' id='block_1_100' title="bbox 2067 3894 3714 3979">
    <p class='ocr_par' dir='ltr' id='par_1_100' title="bbox 2067 3894 3714 3979">
     <span class='ocr_line' id='line_1_101' title="bbox 2067 3894 3714 3979; baseline 0.004 -23"><span class='ocrx_word' id='word_1_662' title='bbox 2067 3894 2199 3956; x_wconf 86' lang='lat' dir='ltr'><strong>dam</strong></span> <span class='ocrx_word' id='word_1_663' title='bbox 2261 3903 2319 3957; x_wconf 91' lang='lat' dir='ltr'><strong>et</strong></span> <span class='ocrx_word' id='word_1_664' title='bbox 2369 3895 2786 3958; x_wconf 89' lang='lat' dir='ltr'><strong>incredibilem</strong></span> <span class='ocrx_word' id='word_1_665' title='bbox 2862 3897 3044 3959; x_wconf 85' lang='lat' dir='ltr'><strong>alfere</strong></span> <span class='ocrx_word' id='word_1_666' title='bbox 3097 3896 3373 3960; x_wconf 90' lang='lat' dir='ltr'><strong>videntur</strong></span> <span class='ocrx_word' id='word_1_667' title='bbox 3428 3898 3714 3979; x_wconf 89' lang='lat' dir='ltr'><strong>quietem.</strong></span> 
     </span>
    </p>
   </div>
   <div class='ocr_carea' id='block_1_101' title="bbox 2067 3985 3715 4064">
    <p class='ocr_par' dir='ltr' id='par_1_101' title="bbox 2067 3985 3715 4064">
     <span class='ocr_line' id='line_1_102' title="bbox 2067 3985 3715 4064; baseline 0.001 -18"><span class='ocrx_word' id='word_1_668' title='bbox 2067 3985 2154 4047; x_wconf 87' lang='lat' dir='ltr'><strong>Ac</strong></span> <span class='ocrx_word' id='word_1_669' title='bbox 2191 3986 2429 4048; x_wconf 90' lang='lat' dir='ltr'><strong>tandem</strong></span> <span class='ocrx_word' id='word_1_670' title='bbox 2452 3985 2551 4047; x_wconf 90' lang='lat' dir='ltr'><strong>ubi</strong></span> <span class='ocrx_word' id='word_1_671' title='bbox 2577 3986 2976 4064; x_wconf 76' lang='lat' dir='ltr'><strong>mortalisliste</strong></span> <span class='ocrx_word' id='word_1_672' title='bbox 2998 3990 3249 4049; x_wconf 87' lang='lat' dir='ltr'><strong>recessit</strong></span> <span class='ocrx_word' id='word_1_673' title='bbox 3266 3988 3463 4049; x_wconf 89' lang='lat' dir='ltr'><strong>carnis</strong></span> <span class='ocrx_word' id='word_1_674' title='bbox 3483 4005 3715 4062; x_wconf 87' lang='lat' dir='ltr'><strong>sensus,</strong></span> 
     </span>
    </p>
   </div>
   <div class='ocr_carea' id='block_1_102' title="bbox 2068 4074 3726 4158">
    <p class='ocr_par' dir='ltr' id='par_1_102' title="bbox 2068 4074 3726 4158">
     <span class='ocr_line' id='line_1_103' title="bbox 2068 4074 3726 4158; baseline 0.001 -22"><span class='ocrx_word' id='word_1_675' title='bbox 2068 4074 2348 4155; x_wconf 81' lang='lat' dir='ltr'><strong>expulsus</strong></span> <span class='ocrx_word' id='word_1_676' title='bbox 2403 4074 2475 4136; x_wconf 89' lang='lat' dir='ltr'><strong>ab</strong></span> <span class='ocrx_word' id='word_1_677' title='bbox 2534 4075 2861 4137; x_wconf 52' lang='lat' dir='ltr'><strong>immortali</strong></span> <span class='ocrx_word' id='word_1_678' title='bbox 2916 4075 3032 4137; x_wconf 91' lang='lat' dir='ltr'><strong>vita</strong></span> <span class='ocrx_word' id='word_1_679' title='bbox 3086 4094 3219 4158; x_wconf 71' lang='lat' dir='ltr'><strong>quae</strong></span> <span class='ocrx_word' id='word_1_680' title='bbox 3270 4095 3340 4139; x_wconf 84' lang='lat' dir='ltr'><strong>ex</strong></span> <span class='ocrx_word' id='word_1_681' title='bbox 3403 4076 3726 4157; x_wconf 64' lang='lat' dir='ltr'><strong>praesentia</strong></span> 
     </span>
    </p>
   </div>
   <div class='ocr_carea' id='block_1_103' title="bbox 2068 4161 3708 4244">
    <p class='ocr_par' dir='ltr' id='par_1_103' title="bbox 2068 4161 3708 4244">
     <span class='ocr_line' id='line_1_104' title="bbox 2068 4161 3708 4244; baseline 0.001 -19"><span class='ocrx_word' id='word_1_682' title='bbox 2068 4161 2320 4243; x_wconf 81' lang='lat' dir='ltr'><strong>Spiritus</strong></span> <span class='ocrx_word' id='word_1_683' title='bbox 2353 4164 2680 4225; x_wconf 86' lang='lat' dir='ltr'><strong>innascitur</strong></span> <span class='ocrx_word' id='word_1_684' title='bbox 2708 4163 2782 4224; x_wconf 82' lang='lat' dir='ltr'><strong>iis</strong></span> <span class='ocrx_word' id='word_1_685' title='bbox 2820 4164 2921 4244; x_wconf 91' lang='lat' dir='ltr'><strong>qui</strong></span> <span class='ocrx_word' id='word_1_686' title='bbox 2953 4182 3089 4226; x_wconf 90' lang='lat' dir='ltr'><strong>vere</strong></span> <span class='ocrx_word' id='word_1_687' title='bbox 3121 4165 3416 4227; x_wconf 86' lang='lat' dir='ltr'><strong>interfecti</strong></span> <span class='ocrx_word' id='word_1_688' title='bbox 3450 4173 3585 4227; x_wconf 91' lang='lat' dir='ltr'><strong>sunt</strong></span> <span class='ocrx_word' id='word_1_689' title='bbox 3618 4165 3708 4226; x_wconf 91' lang='lat' dir='ltr'><strong>la-</strong></span> 
     </span>
    </p>
   </div>
   <div class='ocr_carea' id='block_1_104' title="bbox 2069 4251 3725 4333">
    <p class='ocr_par' dir='ltr' id='par_1_104' title="bbox 2069 4251 3725 4333">
     <span class='ocr_line' id='line_1_105' title="bbox 2069 4251 3725 4333; baseline 0.002 -21"><span class='ocrx_word' id='word_1_690' title='bbox 2069 4251 2317 4315; x_wconf 81' lang='lat' dir='ltr'><strong>boribus</strong></span> <span class='ocrx_word' id='word_1_691' title='bbox 2346 4272 2453 4333; x_wconf 81' lang='lat' dir='ltr'><strong>pro</strong></span> <span class='ocrx_word' id='word_1_692' title='bbox 2485 4252 2845 4332; x_wconf 86' lang='lat' dir='ltr'><strong>perfectione</strong></span> <span class='ocrx_word' id='word_1_693' title='bbox 2890 4253 3191 4326; x_wconf 83' lang='lat' dir='ltr'><strong>virtutum,</strong></span> <span class='ocrx_word' id='word_1_694' title='bbox 3256 4262 3397 4316; x_wconf 90' lang='lat' dir='ltr'><strong>tunc</strong></span> <span class='ocrx_word' id='word_1_695' title='bbox 3427 4252 3725 4317; x_wconf 72' lang='lat' dir='ltr'><strong>ineffabili</strong></span> 
     </span>
    </p>
   </div>
   <div class='ocr_carea' id='block_1_105' title="bbox 2068 4340 3713 4424">
    <p class='ocr_par' dir='ltr' id='par_1_105' title="bbox 2068 4340 3713 4424">
     <span class='ocr_line' id='line_1_106' title="bbox 2068 4340 3713 4424; baseline 0.002 -23"><span class='ocrx_word' id='word_1_696' title='bbox 2068 4340 2280 4419; x_wconf 88' lang='lat' dir='ltr'><strong>gaudio</strong></span> <span class='ocrx_word' id='word_1_697' title='bbox 2314 4351 2373 4403; x_wconf 91' lang='lat' dir='ltr'><strong>et</strong></span> <span class='ocrx_word' id='word_1_698' title='bbox 2403 4342 2603 4403; x_wconf 55' lang='lat' dir='ltr'><strong>laetitio</strong></span> <span class='ocrx_word' id='word_1_699' title='bbox 2634 4340 2981 4421; x_wconf 90' lang='lat' dir='ltr'><strong>implentur,</strong></span> <span class='ocrx_word' id='word_1_700' title='bbox 3015 4351 3223 4422; x_wconf 87' lang='lat' dir='ltr'><strong>aperto</strong></span> <span class='ocrx_word' id='word_1_701' title='bbox 3255 4344 3535 4405; x_wconf 90' lang='lat' dir='ltr'><strong>videlicet</strong></span> <span class='ocrx_word' id='word_1_702' title='bbox 3566 4343 3713 4424; x_wconf 92' lang='lat' dir='ltr'><strong>ipsis</strong></span> 
     </span>
    </p>
   </div>
   <div class='ocr_carea' id='block_1_106' title="bbox 2070 4429 3722 4513">
    <p class='ocr_par' dir='ltr' id='par_1_106' title="bbox 2070 4429 3722 4513">
     <span class='ocr_line' id='line_1_107' title="bbox 2070 4429 3722 4513; baseline 0.002 -23"><span class='ocrx_word' id='word_1_703' title='bbox 2070 4431 2230 4491; x_wconf 92' lang='lat' dir='ltr'><strong>fonte</strong></span> <span class='ocrx_word' id='word_1_704' title='bbox 2258 4430 2647 4509; x_wconf 74' lang='lat' dir='ltr'><strong>lacrymarum</strong></span> <span class='ocrx_word' id='word_1_705' title='bbox 2698 4447 2766 4491; x_wconf 88' lang='lat' dir='ltr'><strong>ac</strong></span> <span class='ocrx_word' id='word_1_706' title='bbox 2814 4429 2973 4492; x_wconf 91' lang='lat' dir='ltr'><strong>dulci</strong></span> <span class='ocrx_word' id='word_1_707' title='bbox 3026 4431 3506 4513; x_wconf 85' lang='lat' dir='ltr'><strong>compunctionis</strong></span> <span class='ocrx_word' id='word_1_708' title='bbox 3531 4433 3722 4495; x_wconf 89' lang='lat' dir='ltr'><strong>imbre</strong></span> 
     </span>
    </p>
   </div>
   <div class='ocr_carea' id='block_1_107' title="bbox 2072 4517 2599 4600">
    <p class='ocr_par' dir='ltr' id='par_1_107' title="bbox 2072 4517 2599 4600">
     <span class='ocr_line' id='line_1_108' title="bbox 2072 4517 2599 4600; baseline 0 -23"><span class='ocrx_word' id='word_1_709' title='bbox 2072 4517 2305 4580; x_wconf 74' lang='lat' dir='ltr'><strong>caelitus</strong></span> <span class='ocrx_word' id='word_1_710' title='bbox 2333 4518 2599 4600; x_wconf 91' lang='lat' dir='ltr'><strong>pluente.</strong></span> 
     </span>
    </p>
   </div>
   <div class='ocr_carea' id='block_1_108' title="bbox 2149 4694 3719 4778">
    <p class='ocr_par' dir='ltr' id='par_1_108' title="bbox 2149 4694 3719 4778">
     <span class='ocr_line' id='line_1_109' title="bbox 2149 4694 3719 4778; baseline 0 -20"><span class='ocrx_word' id='word_1_711' title='bbox 2149 4694 2254 4758; x_wconf 80' lang='lat'><strong>25.</strong></span> <span class='ocrx_word' id='word_1_712' title='bbox 2284 4694 2345 4757; x_wconf 91' lang='lat' dir='ltr'><strong>Si</strong></span> <span class='ocrx_word' id='word_1_713' title='bbox 2376 4695 2460 4758; x_wconf 92' lang='lat' dir='ltr'><strong>vis</strong></span> <span class='ocrx_word' id='word_1_714' title='bbox 2486 4695 2562 4757; x_wconf 82' lang='lat' dir='ltr'><strong>ad</strong></span> <span class='ocrx_word' id='word_1_715' title='bbox 2617 4696 2845 4758; x_wconf 81' lang='lat' dir='ltr'><strong>virtutis</strong></span> <span class='ocrx_word' id='word_1_716' title='bbox 2892 4697 3126 4778; x_wconf 88' lang='lat' dir='ltr'><strong>apicem</strong></span> <span class='ocrx_word' id='word_1_717' title='bbox 3177 4697 3497 4777; x_wconf 87' lang='lat' dir='ltr'><strong>acendere,</strong></span> <span class='ocrx_word' id='word_1_718' title='bbox 3532 4705 3592 4758; x_wconf 89' lang='lat' dir='ltr'><strong>et</strong></span> <span class='ocrx_word' id='word_1_719' title='bbox 3621 4698 3719 4758; x_wconf 89' lang='lat' dir='ltr'><strong>in-</strong></span> 
     </span>
    </p>
   </div>
   <div class='ocr_carea' id='block_1_109' title="bbox 2071 4784 3725 4865">
    <p class='ocr_par' dir='ltr' id='par_1_109' title="bbox 2071 4784 3725 4865">
     <span class='ocr_line' id='line_1_110' title="bbox 2071 4784 3725 4865; baseline 0.002 -21"><span class='ocrx_word' id='word_1_720' title='bbox 2071 4791 2276 4846; x_wconf 90' lang='lat' dir='ltr'><strong>ventre</strong></span> <span class='ocrx_word' id='word_1_721' title='bbox 2304 4784 2453 4845; x_wconf 92' lang='lat' dir='ltr'><strong>viam</strong></span> <span class='ocrx_word' id='word_1_722' title='bbox 2503 4804 2633 4865; x_wconf 59' lang='lat' dir='ltr'><strong>quae</strong></span> <span class='ocrx_word' id='word_1_723' title='bbox 2671 4786 2744 4847; x_wconf 85' lang='lat' dir='ltr'><strong>ad</strong></span> <span class='ocrx_word' id='word_1_724' title='bbox 2797 4786 2986 4848; x_wconf 87' lang='lat' dir='ltr'><strong>Deum</strong></span> <span class='ocrx_word' id='word_1_725' title='bbox 3035 4795 3199 4847; x_wconf 88' lang='lat' dir='ltr'><strong>recta</strong></span> <span class='ocrx_word' id='word_1_726' title='bbox 3249 4784 3434 4858; x_wconf 89' lang='lat' dir='ltr'><strong>ducit,</strong></span> <span class='ocrx_word' id='word_1_727' title='bbox 3491 4802 3565 4845; x_wconf 92' lang='lat' dir='ltr'><strong>ne</strong></span> <span class='ocrx_word' id='word_1_728' title='bbox 3615 4785 3725 4847; x_wconf 88' lang='lat' dir='ltr'><strong>des</strong></span> 
     </span>
    </p>
   </div>
   <div class='ocr_carea' id='block_1_110' title="bbox 2071 4876 3724 4959">
    <p class='ocr_par' dir='ltr' id='par_1_110' title="bbox 2071 4876 3724 4959">
     <span class='ocr_line' id='line_1_111' title="bbox 2071 4876 3724 4959; baseline 0.001 -23"><span class='ocrx_word' id='word_1_729' title='bbox 2071 4893 2345 4937; x_wconf 87' lang='lat' dir='ltr'><strong>somnum</strong></span> <span class='ocrx_word' id='word_1_730' title='bbox 2376 4876 2563 4938; x_wconf 90' lang='lat' dir='ltr'><strong>oculis</strong></span> <span class='ocrx_word' id='word_1_731' title='bbox 2594 4877 2731 4950; x_wconf 91' lang='lat' dir='ltr'><strong>tuis,</strong></span> <span class='ocrx_word' id='word_1_732' title='bbox 2786 4896 2899 4939; x_wconf 92' lang='lat' dir='ltr'><strong>nec</strong></span> <span class='ocrx_word' id='word_1_733' title='bbox 2952 4876 3253 4959; x_wconf 85' lang='lat' dir='ltr'><strong>palpebris</strong></span> <span class='ocrx_word' id='word_1_734' title='bbox 3299 4877 3413 4937; x_wconf 86' lang='lat' dir='ltr'><strong>tuis</strong></span> <span class='ocrx_word' id='word_1_735' title='bbox 3435 4876 3724 4938; x_wconf 86' lang='lat' dir='ltr'><strong>dormita-</strong></span> 
     </span>
    </p>
   </div>
   <div class='ocr_carea' id='block_1_111' title="bbox 2071 4963 3721 5046">
    <p class='ocr_par' dir='ltr' id='par_1_111' title="bbox 2071 4963 3721 5046">
     <span class='ocr_line' id='line_1_112' title="bbox 2071 4963 3721 5046; baseline 0.002 -23"><span class='ocrx_word' id='word_1_736' title='bbox 2071 4963 2313 5037; x_wconf 92' lang='lat' dir='ltr'><strong>tionem,</strong></span> <span class='ocrx_word' id='word_1_737' title='bbox 2377 4983 2489 5026; x_wconf 91' lang='lat' dir='ltr'><strong>nec</strong></span> <span class='ocrx_word' id='word_1_738' title='bbox 2546 4965 2818 5043; x_wconf 90' lang='lat' dir='ltr'><strong>requiem</strong></span> <span class='ocrx_word' id='word_1_739' title='bbox 2877 4964 3246 5046; x_wconf 86' lang='lat' dir='ltr'><strong>temporibus</strong></span> <span class='ocrx_word' id='word_1_740' title='bbox 3307 4963 3446 5043; x_wconf 91' lang='lat' dir='ltr'><strong>tuis,</strong></span> <span class='ocrx_word' id='word_1_741' title='bbox 3506 4964 3721 5041; x_wconf 90' lang='lat' dir='ltr'><strong>donec,</strong></span> 
     </span>
    </p>
   </div>
   <div class='ocr_carea' id='block_1_112' title="bbox 2077 5052 3726 5135">
    <p class='ocr_par' dir='ltr' id='par_1_112' title="bbox 2077 5052 3726 5135">
     <span class='ocr_line' id='line_1_113' title="bbox 2077 5052 3726 5135; baseline 0.001 -22"><span class='ocrx_word' id='word_1_742' title='bbox 2077 5052 2397 5113; x_wconf 88' lang='lat' dir='ltr'><strong>sudoribus</strong></span> <span class='ocrx_word' id='word_1_743' title='bbox 2429 5054 2703 5133; x_wconf 88' lang='lat' dir='ltr'><strong>perfusus</strong></span> <span class='ocrx_word' id='word_1_744' title='bbox 2734 5062 2794 5116; x_wconf 92' lang='lat' dir='ltr'><strong>et</strong></span> <span class='ocrx_word' id='word_1_745' title='bbox 2829 5054 3126 5135; x_wconf 77' lang='lat' dir='ltr'><strong>lacrymis,</strong></span> <span class='ocrx_word' id='word_1_746' title='bbox 3160 5053 3353 5113; x_wconf 90' lang='lat' dir='ltr'><strong>locum</strong></span> <span class='ocrx_word' id='word_1_747' title='bbox 3382 5052 3726 5133; x_wconf 86' lang='lat' dir='ltr'><strong>impassibi-</strong></span> 
     </span>
    </p>
   </div>
   <div class='ocr_carea' id='block_1_113' title="bbox 2078 5138 3729 5220">
    <p class='ocr_par' dir='ltr' id='par_1_113' title="bbox 2078 5138 3729 5220">
     <span class='ocr_line' id='line_1_114' title="bbox 2078 5138 3729 5220; baseline 0.001 -20"><span class='ocrx_word' id='word_1_748' title='bbox 2078 5138 2257 5202; x_wconf 88' lang='lat' dir='ltr'><strong>litatis</strong></span> <span class='ocrx_word' id='word_1_749' title='bbox 2287 5140 2556 5203; x_wconf 91' lang='lat' dir='ltr'><strong>invenias</strong></span> <span class='ocrx_word' id='word_1_750' title='bbox 2587 5141 2918 5218; x_wconf 69' lang='lat' dir='ltr'><strong>defatigata)</strong></span> <span class='ocrx_word' id='word_1_751' title='bbox 2965 5141 3177 5202; x_wconf 71' lang='lat' dir='ltr'><strong>animae</strong></span> <span class='ocrx_word' id='word_1_752' title='bbox 3209 5145 3343 5220; x_wconf 67' lang='lat' dir='ltr'><strong>tuae,</strong></span> <span class='ocrx_word' id='word_1_753' title='bbox 3378 5148 3438 5202; x_wconf 89' lang='lat' dir='ltr'><strong>et</strong></span> <span class='ocrx_word' id='word_1_754' title='bbox 3464 5140 3729 5202; x_wconf 89' lang='lat' dir='ltr'><strong>introeas</strong></span> 
     </span>
    </p>
   </div>
   <div class='ocr_carea' id='block_1_114' title="bbox 2076 5226 3725 5309">
    <p class='ocr_par' dir='ltr' id='par_1_114' title="bbox 2076 5226 3725 5309">
     <span class='ocr_line' id='line_1_115' title="bbox 2076 5226 3725 5309; baseline 0.002 -22"><span class='ocrx_word' id='word_1_755' title='bbox 2076 5226 2138 5288; x_wconf 90' lang='lat' dir='ltr'><strong>in</strong></span> <span class='ocrx_word' id='word_1_756' title='bbox 2168 5230 2525 5291; x_wconf 88' lang='lat' dir='ltr'><strong>sanctarium</strong></span> <span class='ocrx_word' id='word_1_757' title='bbox 2559 5229 2827 5291; x_wconf 62' lang='lat' dir='ltr'><strong>scientiae</strong></span> <span class='ocrx_word' id='word_1_758' title='bbox 2854 5229 2985 5307; x_wconf 88' lang='lat' dir='ltr'><strong>Dei,</strong></span> <span class='ocrx_word' id='word_1_759' title='bbox 3017 5248 3084 5290; x_wconf 83' lang='lat' dir='ltr'><strong>ac</strong></span> <span class='ocrx_word' id='word_1_760' title='bbox 3145 5245 3250 5308; x_wconf 92' lang='lat' dir='ltr'><strong>per</strong></span> <span class='ocrx_word' id='word_1_761' title='bbox 3280 5230 3410 5308; x_wconf 83' lang='lat' dir='ltr'><strong>ejus</strong></span> <span class='ocrx_word' id='word_1_762' title='bbox 3438 5246 3725 5309; x_wconf 88' lang='lat' dir='ltr'><strong>persona-</strong></span> 
     </span>
    </p>
   </div>
   <div class='ocr_carea' id='block_1_115' title="bbox 2074 5319 3732 5402">
    <p class='ocr_par' dir='ltr' id='par_1_115' title="bbox 2074 5319 3732 5402">
     <span class='ocr_line' id='line_1_116' title="bbox 2074 5319 3732 5402; baseline 0.002 -21"><span class='ocrx_word' id='word_1_763' title='bbox 2074 5319 2191 5382; x_wconf 90' lang='lat' dir='ltr'><strong>lem</strong></span> <span class='ocrx_word' id='word_1_764' title='bbox 2223 5322 2600 5402; x_wconf 88' lang='lat' dir='ltr'><strong>sapientiam,</strong></span> <span class='ocrx_word' id='word_1_765' title='bbox 2630 5340 2698 5383; x_wconf 91' lang='lat' dir='ltr'><strong>ac</strong></span> <span class='ocrx_word' id='word_1_766' title='bbox 2726 5321 3190 5402; x_wconf 80' lang='lat' dir='ltr'><strong>perfectissimas</strong></span> <span class='ocrx_word' id='word_1_767' title='bbox 3215 5337 3419 5381; x_wconf 89' lang='lat' dir='ltr'><strong>rerum</strong></span> <span class='ocrx_word' id='word_1_768' title='bbox 3449 5321 3732 5385; x_wconf 87' lang='lat' dir='ltr'><strong>humana-</strong></span> 
     </span>
    </p>
   </div>
   <div class='ocr_carea' id='block_1_116' title="bbox 2068 5407 3733 5493">
    <p class='ocr_par' dir='ltr' id='par_1_116' title="bbox 2068 5407 3733 5493">
     <span class='ocr_line' id='line_1_117' title="bbox 2068 5407 3733 5493; baseline 0.002 -23"><span class='ocrx_word' id='word_1_769' title='bbox 2068 5427 2200 5471; x_wconf 89' lang='lat' dir='ltr'><strong>rum</strong></span> <span class='ocrx_word' id='word_1_770' title='bbox 2254 5411 2585 5493; x_wconf 89' lang='lat' dir='ltr'><strong>prudenter</strong></span> <span class='ocrx_word' id='word_1_771' title='bbox 2635 5410 2931 5487; x_wconf 77' lang='lat' dir='ltr'><strong>intendas,</strong></span> <span class='ocrx_word' id='word_1_772' title='bbox 2965 5418 3024 5473; x_wconf 89' lang='lat' dir='ltr'><strong>et</strong></span> <span class='ocrx_word' id='word_1_773' title='bbox 3079 5426 3213 5490; x_wconf 69' lang='lat' dir='ltr'><strong>quae</strong></span> <span class='ocrx_word' id='word_1_774' title='bbox 3267 5407 3546 5473; x_wconf 90' lang='lat' dir='ltr'><strong>deorsum</strong></span> <span class='ocrx_word' id='word_1_775' title='bbox 3594 5429 3733 5484; x_wconf 72' lang='lat' dir='ltr'><strong>sunt</strong></span> 
     </span>
    </p>
   </div>
   <div class='ocr_carea' id='block_1_117' title="bbox 2074 5497 3731 5580">
    <p class='ocr_par' dir='ltr' id='par_1_117' title="bbox 2074 5497 3731 5580">
     <span class='ocr_line' id='line_1_118' title="bbox 2074 5497 3731 5580; baseline 0.004 -20"><span class='ocrx_word' id='word_1_776' title='bbox 2074 5497 2435 5580; x_wconf 89' lang='lat' dir='ltr'><strong>despiciens,</strong></span> <span class='ocrx_word' id='word_1_777' title='bbox 2462 5500 2525 5563; x_wconf 89' lang='lat' dir='ltr'><strong>in</strong></span> <span class='ocrx_word' id='word_1_778' title='bbox 2547 5498 2838 5562; x_wconf 88' lang='lat' dir='ltr'><strong>sublimes</strong></span> <span class='ocrx_word' id='word_1_779' title='bbox 2861 5498 3108 5563; x_wconf 70' lang='lat' dir='ltr'><strong>theoriaa</strong></span> <span class='ocrx_word' id='word_1_780' title='bbox 3130 5504 3384 5578; x_wconf 89' lang='lat' dir='ltr'><strong>montes,</strong></span> <span class='ocrx_word' id='word_1_781' title='bbox 3419 5518 3731 5566; x_wconf 88' lang='lat' dir='ltr'><strong>cervorum</strong></span> 
     </span>
    </p>
   </div>
   <div class='ocr_carea' id='block_1_118' title="bbox 2073 5586 3434 5671">
    <p class='ocr_par' dir='ltr' id='par_1_118' title="bbox 2073 5586 3434 5671">
     <span class='ocr_line' id='line_1_119' title="bbox 2073 5586 3434 5671; baseline 0.006 -22"><span class='ocrx_word' id='word_1_782' title='bbox 2073 5587 2264 5652; x_wconf 86' lang='lat' dir='ltr'><strong>instar</strong></span> <span class='ocrx_word' id='word_1_783' title='bbox 2292 5596 2351 5653; x_wconf 88' lang='lat' dir='ltr'><strong>et</strong></span> <span class='ocrx_word' id='word_1_784' title='bbox 2377 5588 2506 5671; x_wconf 89' lang='lat' dir='ltr'><strong>ipse</strong></span> <span class='ocrx_word' id='word_1_785' title='bbox 2536 5588 2640 5653; x_wconf 85' lang='lat' dir='ltr'><strong>siti</strong></span> <span class='ocrx_word' id='word_1_786' title='bbox 2669 5588 3131 5655; x_wconf 87' lang='lat' dir='ltr'><strong>ardentissimus</strong></span> <span class='ocrx_word' id='word_1_787' title='bbox 3159 5586 3434 5657; x_wconf 85' lang='lat' dir='ltr'><strong>cursites.</strong></span> 
     </span>
    </p>
   </div>
  </div>
