4050 6124
368 180 490 249 865

1370 180 1910 251 PRAGTIGORUM
1952 180 2292 246 CAPITUM
2329 178 2717 247 CENTURIA
2759 181 2787 246 Ι

3625 182 3747 250 866

365 325 464 375 τοῦ
508 324 638 376 Θεοῦ
679 317 890 384 ἐντολάς
924 335 939 350 ⁸
997 321 1086 377 καὶ
1143 318 1258 377 καθ’
1318 320 1548 387 ἑκάστην
1606 317 1660 397 ἐν
1701 316 1913 398 δάκρυσι
1944 319 2011 374 τὰ

2107 313 2285 377 lonec
2306 314 2550 392 oriatur,
2576 316 2695 396 ipsi
2718 315 3428 398 herhaimpassibilitatis,
3445 324 3745 382 etcrcscat

365 408 650 487 σπέρματα
719 412 874 469 αὐτοῦ
941 406 1331 466 καταϐάλλεται
1416 409 1467 466 ἐν
1541 414 1609 485 τῇ
1682 409 1837 488 χώρᾳ
1913 410 2016 464 τῶν

361 496 601 577 ζώντων,
676 497 775 562 ἕως
832 500 892 553 οὗ
947 503 1052 577 φυῇ
1109 501 1248 573 αῦτῴ
1305 501 1341 567 ἡ
1404 497 1549 577 χλόη
1600 502 1697 565 τῆς
1741 496 2012 572 ἀπαθείας,

2098 403 2161 465 in
2193 403 2483 465 calamum
2515 403 2727 467 divinae
2742 405 3393 479 sctentiae,etcrehrum
3422 407 3572 469 ferat
3599 427 3738 489 gra-

2099 510 2242 552 num
2275 492 2490 554 rationi
2523 493 2985 575 superpositum,
3035 504 3092 556 et
3143 502 3237 556 eat
3291 494 3487 558 ferens
3515 497 3743 562 fructus

357 587 453 642 καὶ
485 587 560 651 εὶς
605 586 856 663 καλάμην
910 586 1112 664 αὐξήσῃ
1169 597 1415 667 γνώσεως
1459 587 1624 662 θείας,
1681 590 1770 643 καὶ
1816 585 2016 666 στάχυν

2107 579 2343 658 iustitia;
2373 600 2513 645 suae.

358 674 500 754 φέρῃ
587 677 676 731 τὸν
760 675 955 733 κόκκον
1040 683 1132 732 τοῦ
1211 676 1372 756 λόγου
1455 675 1855 756 ἐπιφερόμενον,
1929 676 2017 731 καὶ

360 761 494 840 ἔλθῃ
581 764 751 844 φέρων
818 766 885 820 τὰ
957 766 1265 843 γεννήματα
1341 770 1442 832 τῆς
1512 763 1847 832 δικαιοσύνης
1920 764 2020 822 αὖ·

360 874 482 914 του.
520 884 523 887 ·

455 931 530 1004 λ’,
584 939 881 1017 Οῦδαμόθεν
924 942 1087 1007 οὕτως
1146 942 1331 1019 ο’ἷομαι
1384 944 1484 1011 τὴν
1541 945 1815 1023 προκοφὴν
1871 943 2016 1020 γίνε-

366 1033 489 1087 σθαι
529 1035 627 1097 τῆς
660 1035 844 1111 ψυχῆς
888 1044 1115 1112 τοχεταν
1145 1033 1234 1088 καὶ
1281 1033 1561 1111 σύντομον,
1609 1033 1683 1096 ὡς
1736 1031 1796 1088 ἐκ
1847 1032 2015 1107 μόνης

364 1125 469 1186 τῆς
510 1121 736 1183 πίστεως
773 1139 789 1155 ⁶
849 1120 1078 1183 πίστεως
1134 1118 1212 1201 δὲ,
1273 1121 1330 1177 οὖ
1385 1126 1483 1188 τῆς
1536 1122 1609 1183 εἷς
1655 1122 1785 1176 Θεὸν
1829 1122 2009 1196 μόνον,

362 1210 456 1265 καὶ
499 1213 598 1275 τῆς
640 1210 772 1288 πρὸς
827 1211 920 1266 τὸν
981 1214 1245 1288 μονογενῆ
1298 1210 1482 1266 τούτω
1538 1211 1681 1285 Υἱὸν,
1740 1208 1875 1265 ἀλλὰ
1929 1211 2017 1265 καὶ

361 1302 466 1361 τῆς
535 1295 852 1372 ἐνδιαθέτου,
928 1296 1041 1373 μεθ’
1098 1299 1165 1364 ἧς
1228 1299 1541 1373 πιστεύομεν
1598 1296 1819 1365 ἀληθεῖς
1874 1298 2014 1355 εἶναι

359 1386 462 1450 τὰς
514 1384 836 1464 ἐπαγγελίας
886 1393 1131 1466 Χριστοῦ,
1194 1386 1255 1449 ἃς
1315 1384 1670 1465 ἐπῆγγείλαεο
1726 1388 1813 1443 καὶ
1862 1388 2015 1455 ἡτοί-

2183 934 2282 999 30.
2317 940 2451 1001 Νοη
2499 936 2742 998 aliunde
2799 945 2914 998 tam
2975 937 3124 1001 citos
3180 939 3506 1024 brevesque
3533 945 3747 1010 animae

2100 1041 2446 1102 progressus
2477 1025 2606 1086 ﬁeri
2636 1025 2911 1107 arbitror,
2945 1046 3119 1107 quam
3180 1049 3247 1091 ex
3292 1032 3417 1094 sola
3466 1033 3633 1108 fide;
3690 1046 3748 1099 et

2096 1112 2337 1205 quidem
2358 1132 2482 1205 non
2493 1114 2773 1205 duntaxat
2794 1133 2864 1205 ex
2886 1115 2999 1178 [ide
3018 1116 3079 1177 in
3124 1121 3308 1180 Deum
3347 1129 3406 1182 et
3427 1120 3489 1183 in
3522 1122 3746 1205 Unige-

2096 1201 2384 1296 tum__ejus
2440 1201 2681 1279 Filium,
2737 1203 2843 1267 sed
2904 1223 2975 1266 ex
3028 1205 3266 1296 sincera
3320 1209 3419 1272 illa
3475 1211 3593 1275 ﬁde
3632 1201 3750 1296 qua

2097 1290 2398 1352 credimus
2426 1310 2593 1353 veras
2649 1310 2782 1354 esse
2838 1300 2960 1354 tum
3018 1295 3444 1374 promissiones
3505 1290 3744 1380 Christi,

2100 1397 2244 1458 quas
2277 1380 2550 1470 promisit
2578 1399 2645 1443 ac
2703 1383 3053 1461 prmparavit
3106 1384 3493 1465 diligentibus
3521 1390 3742 1470 ipsum,

363 1496 507 1551 μασε
535 1488 654 1538 τοϊς
703 1475 980 1552 ἀγαπῶσιν
1011 1476 1185 1549 αὒτὸν,
1243 1476 1331 1531 καὶ
1378 1476 1472 1539 τὰς
1515 1474 1735 1539 ἀπειλὰς
1787 1478 1873 1531 καὶ
1917 1498 2018 1532 κο-

2107 1475 2219 1527 tum
2255 1467 2444 1530 minas
2491 1487 2813 1549 poenasque
2867 1471 3081 1533 inferni
3144 1483 3373 1554 paratas
3430 1467 3665 1543 diabolo
3689 1467 3749 1544 et

362 1564 548 1628 λάσεις
588 1570 680 1621 τοῦ
730 1561 878 1637 ᾅδου,
930 1564 1025 1628 τὰς
1074 1564 1477 1639 ἡτοιμασμένοις
1533 1571 1610 1620 τῶ
1654 1561 1880 1639 διαϐόλῳ
1932 1565 2019 1620 καὶ

2107 1554 2232 1634 ejus
2263 1559 2531 1620 asseclis.
2594 1556 2732 1619 Haec
2787 1558 2916 1639 ipsa
2972 1560 3120 1623 ﬁdes
3175 1563 3389 1627 animae
3443 1567 3503 1628 in
3560 1588 3747 1649 agone

361 1667 486 1718 τοῖς
530 1653 774 1733 ἐργάταις
804 1655 983 1715 αὐτοῦ.
1044 1652 1188 1721 Αὕτη
1231 1655 1266 1722 ἡ
1315 1655 1493 1717 πίστις
1549 1653 1879 1735 πληροφορξῖ
1920 1644 2980 1735 τὴνΒΙιιειειῐιίίρενευεάειιυιδρθνθι
3023 1668 3089 1710 se
3129 1662 3579 1719 consecuturam
3597 1644 3749 1722 vesse

364 1742 555 1821 ψυχὴν
600 1740 824 1812 ἐλπίζειν
855 1740 1144 1819 ἐναγώνιον
1200 1741 1380 1817 οὖσαν,
1426 1740 1706 1822 ἐπιτυχεῖν
1743 1734 1856 1808 τῆς
1912 1763 2016 1797 κα-

2107 1734 2584 1822 restaurationem
2623 1745 2960 1800 sanctorum
2989 1737 3343 1822 felicemque
3389 1762 3596 1807 eorum
3624 1747 3743 1809 im-

364 1831 673 1895 ταστάσεως
742 1835 848 1886 τῶν
918 1831 1106 1911 ἁγίων,
1164 1834 1262 1897 τῆς
1321 1831 1580 1910 μακαρίας
1638 1833 1806 1888 αὐτῶν
1871 1831 2017 1887 ἀπα-

2107 1820 2573 1911 passibilitatem,
2606 1833 2786 1906 utque
2817 1825 3036 1888 nitatur
3081 1827 3156 1890 ad
3214 1820 3505 1894 eicelsam
3538 1853 3745 1898 eorum

363 1921 531 1990 θείας,
580 1920 668 1975 καὶ
716 1917 1037 1998 ἀναδραμεῖν
1090 1908 1220 1999 πρὸς
1276 1921 1338 1976 τὸ
1392 1908 1526 1995 ὕψος
1580 1925 1678 1988 τῆς
1723 1920 2019 1998 ἁγιωσύνης

2107 1908 2578 1999 sanctimoniam,
2616 1921 2675 1974 et
2700 1914 2962 1976 cohaere-8
2990 1914 3121 1996 ipsa
3177 1917 3277 1978 ﬁat
3323 1919 3452 1982 vitae
3481 1930 3740 1987 aeternae.

363 2011 562 2080 αὐτῶν,
634 2008 723 2063 καὶ
797 1995 1230 2089 συγκληρονόμον
1307 2009 1513 2073 τούτοις
1594 1995 1829 2087 γενέσθαι
1914 2014 2015 2076 τῆς

2107 1995 2231 2059 Tali
2260 2006 2457 2092 autem
2489 2001 2706 2092 ﬁducia
2729 2002 2980 2092 repleta,
3003 2003 3325 2068 studiosam
3346 2009 3743 2092 adimplendis

362 2104 462 2154 τοῦ
493 2095 624 2153 Θεοῦ
653 2094 945 2172 βασιλείας.
1008 2096 1157 2155 Οὕτω
1203 2096 1257 2153 δὲ
1301 2096 1795 2178 πληροφορουμένη,
1856 2120 2017 2155 σπου-

363 2183 527 2249 δαίως
605 2186 738 2263 πρὸς
816 2185 915 2252 τὴν
989 2184 1204 2264 ἐγασίαν
1280 2188 1386 2242 τῶν
1468 2184 1695 2243 ἐντολῶν
1776 2186 2018 2244 ἐπεκτεί-

364 2295 536 2354 νεται,
611 2273 690 2348 μὴ
773 2272 1106 2346 ἐνδοιάζουσα
1200 2274 1319 2331 καθ’
1401 2275 1618 2351 ἑαυτὴν,
1712 2273 1848 2333 ἀλλὰ
1932 2298 2021 2351 μι-

364 2362 610 2438 μουμὲνη
675 2362 798 2426 τοὺς
853 2364 1044 2427 πόνους
1102 2362 1337 2443 ἐκείνων,
1407 2364 1495 2420 καὶ
1554 2361 1638 2419 διὰ
1679 2369 1785 2420 τῶν
1828 2365 2021 2440 ὁμοίων

367 2449 591 2528 ἀγώνων
659 2447 919 2507 διώκουσα
988 2448 1312 2508 καταλαϐεῖν
1392 2452 1491 2518 τὴν
1560 2456 1732 2511 αὐτῶν
1810 2451 2021 2510 τελειό-

370 2560 533 2606 τητα.

454 2617 564 2688 λα’.
613 2626 1051 2685 Συναλλοιοῦσθαι
1106 2627 1337 2709 πέφυκεν
1381 2631 1416 2698 ἡ
1473 2629 1657 2696 ἔξωθεν
1710 2637 1805 2688 τοῦ
1859 2652 2021 2711 προσο

370 2718 522 2775 ώπου
597 2718 941 2792 κατάστασις,
1000 2725 1068 2795 τῇ
1137 2717 1283 2782 ἐντὸς
1345 2724 1444 2787 τῆς
1514 2724 1697 2801 ψυχῆς
1726 2721 2015 2795 εκαταστά-

371 2829 477 2865 σει.
545 2806 679 2864 Οἵαν
735 2808 834 2886 γὰρ
888 2809 923 2876 ἡ
988 2808 1140 2887 νοερὰ
1196 2810 1401 2875 κίνησις
1457 2808 1617 2877 αὐτῆς
1686 2810 1817 2877 τὴν·
1854 2810 2018 2889 ἐργα-

368 2897 487 2959 σίαν
517 2893 658 2975 ἔχει,
699 2897 952 2962 τοιαύτην
1008 2898 1097 2953 καὶ
1154 2898 1188 2964 ἡ
1233 2896 1355 2972 ὄψις
1410 2903 1500 2953 τοῦ
1556 2899 1839 2978 προσώπου
1898 2912 2017 2963 τοῖς

368 2987 560 3060 ὁρῶσιν
609 2984 850 3065 ἐμφαίνει
901 2984 1000 3052 τὴν
1052 2984 1184 3041 ἰδίαν
1238 2982 1486 3044 διάθεσιν.
1547 2995 1674 3050 Τοῖς
1728 2987 1827 3065 γὰρ
1869 2985 2018 3065 ἐνερ-

2097 2086 2392 2178 mandatis
2422 2107 2663 2168 operam
2694 2090 3006 2170 impendit,
3039 2111 3157 2154 non
3208 2093 3268 2156 in
3317 2114 3385 2158 se
3435 2086 3739 2178 dubitans,

2101 2175 2206 2269 sed
2234 2173 2470 2238 imitans
2499 2178 2739 2240 illorum
2770 2179 3027 2261 labores,
3055 2189 3112 2241 et
3143 2201 3250 2262 per
3269 2184 3494 2248 similes
3510 2173 3740 2269 pugnas

2104 2262 2360 2327 similem
2389 2285 2761 2348 persequens
2791 2269 3239 2350 perfectionem.

2181 2619 2282 2683 3|.
2306 2619 2578 2684 Exterior
2605 2621 2799 2684 vultus
2837 2622 3074 2685 habitus
3107 2625 3282 2689 simul
3313 2647 3446 2690 cum
3474 2630 3744 2696 interiori

2099 2707 2313 2769 animm
2366 2709 2569 2771 habitu
2625 2710 2843 2772 mutari
2898 2716 3071 2776 solet.
3123 2713 3306 2786 Quam
3338 2720 3498 2779 enim
3529 2739 3742 2801 opera-

2100 2796 2324 2858 tionem
2357 2807 2552 2860 motus
2582 2800 2756 2880 hujus
2804 2799 3223 2864 intellectualis
3275 2816 3535 2885 exercet,
3567 2796 3743 2873 'hanc

2100 2885 2278 2972 facies
2301 2887 2541 2968 proprio
2562 2906 2669 2949 suo
2709 2896 2860 2950 statu
2901 2908 3241 2972 expressam
3268 2895 3455 2957 oculis
3476 2897 3740 2962 exhibet.

2100 2970 2247 3035 Nam
2278 2975 2452 3037 variis
2481 2995 2615 3039 sese
2664 2970 3041 3041 conformaus
3089 2983 3304 3043 mentis
3333 2984 3744 3049 aifactionibus

368 3079 521 3151 γοῦσι
577 3074 666 3130 τὸν
723 3072 979 3150 λογισμὸν
1037 3072 1463 3149 συνδιατιθεμένη
1532 3077 1621 3132 καὶ
1672 3074 2015 3135 ουναλλοιου-

2107 3071 2161 3124 et
2188 3064 2635 3154 mutationibus,
2674 3066 2847 3128 modo
2897 3067 3129 3131 videtur
3177 3070 3438 3146 radians,
3473 3075 3612 3154 quia
3640 3092 3745 3139 cor

369 3161 534 3238 μένη,
577 3162 708 3219 ποτὲ
761 3164 856 3238 μὲν
906 3165 1088 3241 ὁρᾶται
1142 3160 1353 3243 φαιδρὰ,
1405 3168 1501 3230 τῆς
1544 3163 1752 3244 καρδίας
1813 3164 2019 3245 εὔφραι-

370 3250 600 3326 νομένης
670 3253 755 3329 επὶ
823 3248 1137 3309 ἀναϐάσεσιν
1208 3251 1434 3329 ἀγαθαῖς
1500 3253 1861 3330 ἐντθυμήσεων
1931 3255 2020 3310 καὶ

374 3338 575 3417 μελέτῃ
648 3346 778 3396 Θεοῦ
813 3355 826 3370 ·
885 3339 1016 3397 ποτὲ
1084 3338 1138 3396 δὲ
1192 3343 1439 3421 κατηφὴς
1499 3344 1586 3399 καὶ
1626 3340 1890 3422 ζοφώδης,
1934 3342 2019 3400 ἐπὶ

374 3427 662 3507 λογισμοῖς
691 3428 914 3492 ἀτοπίας
941 3428 1357 3508 πικραινομένης
1387 3446 1401 3459 ·
1462 3430 1515 3487 ἐν
1574 3435 1658 3495 οἷς
1715 3430 1895 3489 λαθεῖν
1926 3435 2019 3490 οῦκ

375 3515 488 3573 ἔστι
542 3518 631 3573 τὸν
700 3516 1066 3597 ἐνεργούμενον
1126 3519 1247 3583 τοὺς
1291 3519 1356 3574 τὰ
1412 3520 1565 3586 αἷσθνσι
1580 3521 1726 3599 τήρια
1780 3525 1878 3588 τῆς
1923 3526 2019 3596 ψυ-

377 3611 490 3685 χῆς
560 3605 965 3685 ἐπιφερομένους
1032 3606 1459 3684 γεγυμνασμένα,
1530 3607 1659 3665 Εἴτε
1746 3610 1845 3689 γὰρ
1914 3607 2016 3665 ἆλ-

376 3693 588 3759 λοίωσίς
637 3693 748 3751 ἐστι
790 3700 889 3762 τῆς
939 3691 1106 3760 δεξιᾶς
1153 3702 1248 3752 τοῦ
1306 3689 1577 3771 Ὑψίστου,
1623 3698 1820 3777 φανερά
1880 3698 2021 3754 ἐστιν

373 3786 558 3847 αίντοτς
605 3786 677 3849 ὡς
725 3785 964 3862 γνωρίμη
1010 3785 1099 3840 καὶ
1142 3783 1291 3865 φίλη,
1346 3782 1413 3841 δι’
1460 3785 1526 3852 ἢν
1582 3785 2019 3864 ἀναγεννηθέντες

371 3874 475 3931 ὑπὸ
522 3879 612 3930 τοῦ
664 3873 969 3948 Πνεύματος
1009 3871 1229 3955 ἄνωθεν,
1289 3879 1401 3954 φῶς
1443 3876 1532 3931 καὶ
1575 3873 1707 3937 ἅλας
1764 3875 2018 3955 ἐχρημά-

368 3985 521 4020 τισαν
559 3974 678 4027 τοῖς
728 3960 954 4029 πλησίον
988 3978 1002 3996 ⁸
1063 3960 1175 4019 εἴτε
1230 3968 1329 4030 τῆς
1382 3963 1617 4027 στάσεώς
1664 3962 1773 4020 ἐστι
1803 3970 1908 4020 τῶν
1937 3961 2020 4020 δυ-

368 4053 604 4128 νάμεων,
648 4052 736 4107 καὶ
792 4056 890 4118 τῆς
945 4057 1051 4109 τῶν
1109 4050 1379 4129 λογισμῶν
1434 4057 1704 4132 ταραχῆς,
1752 4051 1890 4123 δήλη
1939 4055 2019 4117 τίς

370 4140 484 4197 ἐστι
527 4140 734 4205 τούτοις
792 4144 1020 4218 τρανῶς,
1066 4141 1140 4202 ὡς
1197 4136 1656 4214 ἆποϐαλλομένοις
1699 4139 1886 4215 αὐτὴν,
1930 4141 2019 4197 καὶ

2100 3152 2314 3230 gaudet
2342 3153 2455 3233 piis
2483 3154 2917 3218 desideriorum
2973 3160 3424 3222 ascensionihus
3454 3152 3512 3223 et
3541 3182 3746 3227 amore

2101 3239 2228 3316 Dei,
2265 3243 2442 3302 modo
2473 3258 2610 3305 vero
2669 3243 2897 3324 dejecta
2942 3254 3000 3307 et
3042 3245 3316 3321 obscura,
3378 3250 3518 3330 quia
3574 3271 3745 3315 mens

2105 3330 2402 3409 perversis
2432 3331 2770 3413 amarisque
2799 3333 3028 3396 laborat
3057 3335 3533 3414 cogitationibus.
3576 3339 3745 3405 Unde

2102 3435 2272 3480 mens
2301 3438 2434 3481 cum
2494 3421 2618 3483 suis
2676 3421 3122 3502 operationibus
3167 3425 3350 3487 latere
3405 3428 3615 3505 nequit
3643 3446 3745 3494 eos

2100 3506 2202 3586 qui
2229 3525 2440 3569 sensus
2468 3509 2807 3586 animaesic
2841 3529 2962 3592 prae
2999 3531 3064 3574 se
3095 3513 3292 3574 ferunt
3332 3516 3645 3579 exercitos.
3680 3517 3745 3581 Si

2100 3595 2260 3655 enim
2292 3597 2534 3659 mutatio
2557 3598 2634 3660 sit
2652 3598 2908 3660 dexterae
2934 3600 3192 3675 Excelsi,
3223 3609 3401 3682 patet,
3427 3604 3564 3683 quia
3594 3606 3747 3669 nitet

2101 3684 2295 3776 vultus
2341 3685 2442 3747 ille
2485 3686 2807 3749 benevolus
2865 3697 2923 3750 et
2976 3689 3225 3768 amicus,
3290 3708 3396 3770 per
3448 3711 3651 3776 quem,
3711 3713 3747 3757 a

2101 3768 2324 3852 Spiritu
2346 3783 2550 3837 sancto
2571 3776 2926 3855 regenerati,
2961 3778 3060 3839 lux
3099 3786 3159 3840 et
3202 3768 3581 3859 sal—proximo
3610 3768 3748 3846 lacti

2101 3868 2272 3923 sunt:
2309 3862 2361 3923 si
2387 3880 2526 3924 vero
2559 3864 2871 3927 tribuenda
2899 3866 2974 3928 sit
3001 3867 3314 3929 rebellioni
3345 3871 3746 3949 potentiarum

2103 3956 2162 4011 et
2210 3950 2627 4043 cogitationum
2678 3954 3070 4034 perturbatio,
3130 3957 3291 4019 clare
3345 3958 3551 4038 liquet,
3605 3964 3746 4043 quia

2102 4057 2233 4101 eam
2274 4040 2611 4124 repudiant,
2646 4052 2705 4104 et
2733 4043 3140 4107 characterem
3170 4045 3447 4124 imaginis
3476 4050 3610 4113 Filii
3624 4040 3747 4114 'Dei

2101 4126 2550 4208 fulgidissimam
2609 4131 2889 4194 exhibent
2943 4134 3006 4194 in
3086 4133 3303 4196 divinis
3361 4137 3744 4206 charismati-

372 4229 465 4285 τὸν
535 4208 853 4309 χαρακτῆρα
1089 4228 1288 4293 εἰκόνος
1357 4208 1487 4286 τοῦ.
1524 4231 1647 4285 1⁸ἱοῦ
1728 4236 1818 4285 τοῦ
1873 4208 2233 4285 ’Θεοῦθδυε.

374 4316 777 4397 ἐπιφερομένοις
858 4315 1230 4396 λαμπρότατον
1301 4317 1355 4373 ἐν
1431 4330 1549 4382 τοῖς
1631 4318 1788 4383 θείοις
1860 4319 2020 4398 χαρί-

377 4428 542 4482 σμασι
552 4454 566 4468 ,

457 4484 566 4570 λβ’.
631 4484 695 4551 Ἠ
752 4493 898 4559 ἐντὸς
943 4492 1160 4573 ἐργασία
1215 4492 1251 4562 ἢ
1307 4493 1574 4574 στεφάνων
1632 4492 1878 4574 πρόξενος
1936 4495 2019 4574 γί-

358 4604 519 4639 .νεται
547 4587 616 4659 τῇ
657 4586 831 4661 ψυχῇ,
883 4581 921 4649 ἢ
970 4587 1167 4639 ποινῶν
1207 4583 1296 4638 καὶ
1350 4580 1641 4646 κολάσεων,
1702 4584 1760 4639 Εἰ
1796 4583 1891 4658 μὲν
1921 4584 2021 4662 γὰρ

372 4673 492 4751 περὶ
545 4673 610 4728 τα
664 4674 783 4727 θεῖα
856 4671 1141 4751 πράγματα
1208 4671 1566 4749 καταγίνεται,
1631 4674 1720 4729 καὶ
1773 4693 2018 4729 ταπεινο-

375 4761 639 4841 φροσύνης
681 4759 963 4839 φιλοκαλεῖ
990 4762 1055 4817 τὰ
1084 4761 1279 4841 χωρία,
1333 4759 1450 4841 ἔχει
1499 4764 1597 4828 τὴν
1652 4758 1854 4839 ἀρδείαν
1885 4760 2020 4817 ἄνω-

375 4853 463 4907 θεν
492 4854 598 4906 τῶν
645 4847 899 4930 δακρύων,
946 4852 1035 4907 καὶ
1079 4862 1310 4930 γεωργεῖ
1363 4851 1462 4917 τὴν
1517 4851 1648 4928 πρὸς
1708 4852 1836 4907 Θεὸν
1879 4849 2020 4929 ἀγά-

379 4960 489 5005 πην
531 4940 619 4995 καὶ
670 4940 869 5013 πίστιν,
932 4940 1019 4994 καὶ
1080 4938 1177 5006 τὴν
1235 4940 1307 5002 εἷς
1383 4940 1475 4994 τὸν
1526 4937 1749 5006 πλησίον
1819 4938 2027 5014 συμπά-

379 5029 525 5082 θειαν
555 5042 573 5059 ⁸
620 5022 686 5081 δι’
714 5029 787 5083 ὦν
834 5025 1273 5107 ἆναμορφουμένη
1315 5027 1377 5083 τὸ
1414 5024 1608 5090 κάλλος
1665 5028 1700 5095 ἡ
1744 5026 1897 5106 ψυχὴ
1925 5031 2025 5094 τῆς

383 5114 583 5178 εἰκόνος
641 5120 888 5192 Χριστοῦ,
953 5122 1064 5195 φῶς
1121 5116 1320 5194 γίνεται
1375 5127 1493 5179 τοϊς
1567 5115 1881 5194 ἀνθρώποις,
1937 5116 2027 5172 καὶ

382 5216 506 5269 ταῖς
564 5203 747 5260 ἀκτῖσι
789 5206 894 5260 τῶν
942 5204 1143 5284 ἀρετῶν
1186 5201 1458 5284 ἐφέλκεται
1501 5204 1632 5283 πρὸς
1682 5203 1875 5270 ἑαυτὴν
1927 5203 2024 5266 τὰς

379 5292 589 5371 ὁράσεις
646 5291 841 5368 αὐτῶν,
911 5293 1000 5349 καὶ
1050 5305 1192 5349 κινεῖ
1259 5293 1461 5355 πάντας
1524 5293 1653 5371 πρὸς
1723 5288 2025 5370 δοξολογίαν

377 5387 534 5444 Θεοῦ,
600 5382 660 5439 Εἰ
725 5379 781 5437 δὲ
834 5382 953 5459 περὶ
1021 5381 1087 5437 τὰ
1139 5380 1287 5440 κάτω
1339 5382 1427 5439 καὶ
1474 5382 1540 5438 τὰ
1598 5380 1895 5459 ἀνθρώπινα
1936 5381 2025 5436 καὶ

375 5469 498 5535 τοὺς
567 5470 860 5546 ὑπονόμους
931 5468 1126 5533 τόπους
1196 5468 1506 5550 ἐκταράσσει
1574 5471 1662 5527 καὶ
1713 5467 2021 5527 ἆνασαλεύει

2180 4484 2281 4547 ΒΞ.
2319 4482 2555 4547 Interna
2584 4487 2849 4567 operatio
2907 4489 2995 4554 vel
3052 4509 3403 4555 coronarum
3452 4514 3630 4560 causa
3659 4506 3749 4561 est

2101 4573 2334 4651 animae,
2368 4574 2457 4635 vel
2491 4593 2800 4655 poenarum
2855 4595 2925 4641 ac
2981 4581 3438 4661 suppliciorum.
3491 4585 3555 4647 Si
3585 4590 3746 4649 enim

2102 4663 2259 4725 circa
2288 4681 2386 4725 res
2416 4663 2647 4726 divinas
2678 4676 3010 4750 exercetur,
3065 4670 3532 4755 humilitatisque
3568 4694 3749 4755 agros

2103 4751 2438 4843 praediligit,
2461 4754 2676 4830 gaudet
2697 4773 2954 4837 superna
2969 4751 3744 4843 lacrymarumirrigatione,

2103 4856 2162 4902 et
2188 4840 2328 4902 colit
2359 4841 2537 4902 ﬁdem
2571 4850 2629 4904 et
2675 4844 3019 4908 charitatem
3065 4846 3128 4908 in
3175 4847 3361 4910 Deum
3398 4840 3749 4914 miSericoré

2107 4928 2474 5010 diamquein
2507 4932 2864 5012 proximum,
2919 4953 3028 5015 per
3077 4955 3210 5017 quae
3271 4956 3440 4999 mens
3495 4938 3746 5003 formam

2106 5036 2471 5099 recuperans
2499 5038 2568 5082 ac
2594 5021 2777 5084 decus
2822 5022 3096 5101 imaginis
3143 5025 3387 5103 Christi,
3448 5026 3650 5091 lumen
3685 5032 3749 5096 ﬁt

2107 5108 2472 5185 hominibus,
2495 5109 2758 5173 etradiis
2797 5108 3075 5173 virtutum
3117 5113 3358 5175 attrahit
3383 5114 3457 5177 ad
3489 5116 3746 5198 seipsam

2106 5214 2316 5259 eorum
2341 5199 2566 5275 oculos,
2587 5217 2915 5281 omnesque
2936 5201 3187 5283 impellit
3205 5201 3276 5263 ad
3293 5202 3747 5281 gloriﬁcandum

2103 5284 2316 5350 Deum.
2352 5284 2415 5348 Si
2443 5304 2582 5348 vero
2611 5287 2768 5350 circa
2798 5289 3001 5352 inﬁma
3048 5291 3424 5372 humanaque
3476 5312 3547 5356 ac
3603 5294 3745 5358 sub-

2105 5383 2381 5439 teraneos
2399 5375 2626 5457 peccati
2647 5376 2810 5440 locos
2829 5395 2894 5441 se
2916 5377 3115 5442 turbet
3142 5387 3201 5442 et
3227 5380 3432 5463 agitet,
3464 5381 3745 5447 deorsum

2106 5465 2414 5529 inveniens
2443 5464 2743 5528 miseriam
2796 5466 3216 5552 tenebrasque,
3266 5468 3414 5534 colit
3457 5471 3661 5535 odium
3690 5478 3749 5538 et
