4050 6124
341 90 455 156 867
1649 83 1953 152 NICETE
1999 83 2423 150 PECTORATI

2824 582 2851 592 ω

257 573 260 578 ’
335 582 405 643 ad
437 571 541 642 Diei
572 580 998 661 blasphemiam
1026 601 1038 614 ’
1098 588 1154 640 et
1200 580 1283 640 sic
1315 579 1411 640 ubi
1445 587 1632 640 morte
1662 589 1968 660 occupatu:

2064 571 2293 640 σιάζουσι
2365 574 2586 650 γίνεται,
2647 577 2736 631 καὶ
2790 582 2856 652 τῇ
2913 581 3018 630 τῶν
3076 575 3288 654 φαύλων
3341 574 3599 654 ἐργασίᾳ
3681 575 3772 627 καὶ

2064 661 2262 740 ὁμίλίᾳ,
2297 660 2569 743 διαφθείρει
2628 666 2808 744 ψυχὰς
2860 663 3158 730 ἀπλάστους
3216 666 3302 720 καὶ
3340 663 3765 741 ἀστηρίκτους,

2061 753 2148 807 καὶ
2178 764 2316 806 κινεῖ
2346 753 2480 809 κατά
2506 762 2598 810 τοῦ
2641 760 2770 810 Θεοῦ
2798 752 3136 832 βλασφημίαν
3169 772 3186 789 ο
3229 756 3317 810 καὶ
3347 753 3541 815 οὕτως
3576 751 3640 806 ἐν
3677 753 3765 810 οἷς

2063 839 2124 895 ἂν
2154 841 2254 894 ὑπὸ
2285 847 2375 896 τοῦ
2399 842 2622 900 θανάτου
2653 841 2968 921 καταληφθῇ
3011 844 3044 910 ἡ
3092 843 3267 922 ψυχὴ,
3305 843 3392 898 καὶ
3437 842 3557 903 τὰς
3596 840 3761 915 ἀμοι-

2063 926 2158 992 ϐὰς
2192 927 2467 1008 ἀναλόγως
2499 931 2720 1008 εὑρίσκει
2731 977 2746 990 .

2137 1007 2245 1094 λγ’.
2316 1010 2371 1075 ιΟ
2435 1007 2565 1074 τῶν
2609 1018 2820 1099 φαύλων
2879 1019 3092 1076 ἐννοιῶν
3153 1021 3388 1097 γεωργὸς
3463 1015 3752 1098 ζοφώδεις

3587 1106 3658 1160 ἄν
3665 1129 3756 1163 αυ-

334 670 551 748 anima,
586 669 669 730 ibi
698 669 970 730 similiter
1001 669 1380 730 mutationem
1415 669 1660 731 invenit.

416 1025 517 1087 33.
570 1026 688 1098 Qui
746 1025 928 1086 malas
985 1025 1121 1086 colit
1178 1024 1586 1105 cogitationes,
1654 1024 1976 1086 obscurum

332 1115 687 1194 tristemque
716 1113 829 1174 sibi
859 1113 1044 1176 el'ticit
1093 1113 1341 1194 vultum,
1405 1122 1464 1173 et
1507 1114 1765 1191 linguam
1798 1113 1968 1175 habet

2063 1107 2214 1162 αῦτοῦ
2241 1120 2475 1163 ποιεῖται
2531 1111 2619 1163 καὶ
2677 1110 2897 1186 στυγνὰς
2956 1111 3050 1172 τὰς
3108 1109 3259 1173 ἐκτὸς
3316 1107 3499 1182 ὄψεις,

331 1193 839 1283 Ῑιγιῐιηοείᾱὶνίηοδ
896 1210 1211 1276 tacentem,
1273 1193 1333 1262 et
1379 1203 1640 1281 ingratus
1695 1202 1856 1263 aditu
1889 1210 1968 1263 esl

2063 1193 2142 1251 δά)
2185 1217 2241 1250 τε
2272 1197 2369 1262 τὴν
2399 1195 2640 1273 γλῶτταν
2694 1196 2809 1276 ἔχει
2861 1203 2964 1254 τῶν
3007 1200 3160 1254 θείων
3213 1197 3410 1272 ὕμνων,
3453 1197 3559 1252 καὶ
3611 1193 3746 1249 δυσ-

331 1291 609 1353 omnibus
633 1291 1109 1354 occurrentibus.
1134 1291 1244 1363 Qui
1266 1300 1506 1352 econtra
1532 1293 1714 1352 bonas
1733 1291 1968 1352 immor-

2063 1285 2357 1352 απάντητός
2386 1285 2495 1340 ἐστι
2539 1292 2697 1342 πᾶσιν
2757 1288 2828 1348 εἷς
2888 1287 3155 1366 ἐντυχίαν.
3203 1285 3263 1343 Ὀ
3318 1284 3372 1340 δὲ
3428 1291 3550 1341 τῶν
3591 1283 3745 1360 ἀγα-

331 1381 596 1460 talesque
613 1381 808 1442 cordis
829 1380 1055 1461 plantas
1073 1381 1232 1456 colit,
1251 1400 1546 1442 ammnum
1563 1381 1968 1458 et;radiantem

2063 1377 2157 1429 θῶν
2236 1377 2323 1429 καὶ
2404 1375 2672 1432 ἀθανάτων
2757 1382 2948 1454 φωτῶν
3021 1377 3256 1454 γεωργὸς
3325 1375 3420 1442 τῆς
3501 1371 3744 1451 καρδίας

329 1468 505 1531 habet
552 1470 799 1543 vultum,
831 1460 906 1531 et
961 1487 1240 1531 canoram
1301 1471 1372 1530 ad
1434 1489 1642 1550 preces
1693 1471 1968 1547 linguam,

2063 1465 2296 1540 χαροπὸν
2344 1465 2431 1519 καὶ
2473 1467 2874 1541 γεγαννωμένον
2933 1465 3050 1544 ἔχει
3100 1467 3160 1520 τὸ
3215 1465 3530 1542 πρόσωπον,
3588 1460 3739 1537 μελ-

331 1566 637 1638 totumque
707 1559 966 1639 seipsum
1044 1559 1103 1618 in
1158 1539 1606 1628 conversatione
1656 1559 1968 1639 jucundis-

2063 1539 2159 1579 Ναί
2376 1554 2389 1574 ν
2486 1539 2508 1569 is
2554 1539 2568 1567 ⁷ο
2784 1555 2795 1572 ι
2965 1539 3004 1568 ’ἶ-
3240 1539 3268 1576 9-
3331 1560 3351 1569 ~
3512 1554 3530 1576 κ

2063 1569 2190 1623 ῳοον
2236 1573 2292 1606 τε
2350 1574 2421 1615 εις
2480 1569 2685 1622 οεησεις
2745 1577 2840 1620 την
2903 1553 3143 1632 γλωτταν
3199 1576 3376 1633 αυτου,
3437 1575 3532 1609 και
3604 1551 3736 1606 ὅλον

329 1646 544 1708 simum
584 1668 597 1706 :
635 1646 715 1707 ita
744 1655 806 1706 ut
848 1647 987 1708 inde
1045 1647 1203 1709 clare
1259 1649 1448 1710 oculis
1479 1656 1676 1728 pateat
1703 1648 1968 1728 quisnam

2063 1640 2242 1696 ἑαυτὸν
2285 1642 2356 1703 εἷς
2415 1641 2623 1716 ὁμιλίαν
2683 1640 2936 1709 ἡδύτατον
2972 1662 2984 1674 ⁶
3035 1646 3107 1706 ὡς
3159 1645 3377 1722 φανερὸν
3431 1643 3588 1698 εἶναι
3643 1641 3734 1695 καὶ

329 1735 581 1816 impuris
636 1735 829 1797 adhuc
885 1735 1170 1797 inserviat
1215 1737 1671 1814 cogitationibus
1718 1737 1968 1817 tyranni-

2063 1728 2285 1804 γίνεσθαι
2332 1742 2448 1792 τοῖς
2507 1731 2697 1808 ὁρῶσιν
2755 1729 2984 1788 ἐντεῦθεν
3046 1730 3246 1811 καλῶς,
3306 1731 3460 1787 αὐτόν
3519 1752 3586 1785 τε
3636 1731 3732 1783 τὸν

326 1815 527 1904 οεειιυθ
552 1824 774 1887 terreni
802 1843 1012 1886 sensus
1034 1825 1146 1905 legi
1170 1826 1490 1906 subjaceat,
1516 1815 1790 1906 quisnam
1822 1826 1968 1887 liber

2063 1817 2155 1871 ὕπὸ
2213 1815 2443 1876 δουλείαν
2494 1818 2568 1874 ῗτι
2624 1825 2728 1875 τῶν
2785 1820 3092 1900 ἀκαθάρτων
3155 1819 3280 1876 ὄντα
3346 1824 3558 1898 παθῶν,
3633 1830 3729 1880 καὶ

3688 86 3811 150 868

338 225 704 290 aversionem
741 225 902 300 boni,
941 243 1046 304 per
1076 240 1209 304 quae
1237 223 1458 284 luteam
1483 229 1540 284 et
1563 221 1876 283 informem
1903 237 1968 282 re

2077 219 2174 281 τῆς
2223 217 2512 295 ἁμαρτίας,
2555 219 2790 276 κάτωθεν
2839 218 3034 299 ἔχουσα
3077 220 3138 276 τὸ
3187 217 3472 282 δυσσῶδες
3531 218 3642 274 καὶ
3697 225 3796 288 ζο-

335 333 628 396 cuperans
657 315 872 377 veteris
932 314 1190 374 hominis
1245 312 1591 392 imaginem,
1623 329 1760 374 vera
1789 311 1968 388 caligo

2063 307 2236 384 φερὸν,
2295 321 2525 385 γεωργεῖ
2576 311 2635 365 τὸ
2701 323 2861 385 μῖσος
2919 311 3012 364 καὶ
3064 309 3163 376 τὴν
3221 308 3623 386 ἀποστροφὴν
3689 309 3787 363 τοῦ

337 393 722 484 [it—proximo,
752 411 811 464 et
867 402 1149 482 operibus
1206 401 1521 482 verbisque
1581 399 1803 461 vitiosis
1837 419 1968 462 cor-

2063 393 2222 452 καλοῦ
2253 413 2264 425 ⁸
2313 394 2382 450 δι’
2411 399 2477 463 ἧς
2509 399 2607 464 τὴν
2651 399 2855 478 χοϊκήν
2910 397 3348 477 ἀναμορφουμένη
3412 399 3532 452 καὶ
3588 395 3777 474 ἄμορ-

336 483 558 572 rumpit
586 493 812 552 animas
839 491 1138 571 simplices
1174 490 1582 552 etimbecilles
1613 490 1968 570 impellitque

2063 503 2156 559 φον
2188 483 2362 539 εἰκόνα
2391 492 2482 540 τοῦ
2511 484 2763 562 παλαιοῦ,
2796 488 2984 548 σκότος
3031 486 3349 565 αὐτόχρημα
3392 499 3547 548 τοῖς
3609 484 3771 549 πλη-

325 1911 398 1973 ab
443 1913 775 1976 istiusmodi
833 1914 1114 1976 servitute
1161 1914 1314 1976 vivat
1371 1915 1479 1976 sub
1537 1916 1665 1994 lege
1705 1915 1969 1996 spiritus,

320 2002 486 2081 juxta
504 2004 832 2083 sapientem
858 2005 1232 2066 Salomonem
1261 2023 1274 2066 :
1311 2026 1333 2060 α
1363 2003 1475 2066 Cor
1511 2005 1773 2083 gaudens
1796 2005 1968 2068 exhi-

2063 1998 2313 2070 νήματος.

325 2091 473 2152 larat
501 2091 709 2155 faciem
748 2109 764 2169 ;
816 2092 878 2153 in
928 2111 1184 2155 maerore
1230 2093 1412 2154 animi
1461 2093 1741 2174 dr-jicitur
1789 2093 1968 2176 spiri-

2063 2083 2314 2161 δουλείας,
2367 2089 2466 2143 ὑπὸ
2522 2096 2612 2144 τοῦ
2685 2090 2849 2165 νόμου
2913 2097 3003 2146 τοῦ
3071 2090 3394 2168 πνεύματος,
3442 2088 3584 2147 κατά
3624 2091 3722 2142 τὸν

2057 2176 2216 2256 σοφὸν
2273 2175 2594 2252 Σολομῶντα
2628 2193 2641 2207 ⁸
2690 2200 2716 2238 ι
2785 2176 3008 2257 Καρδίας
3068 2178 3509 2258 εὖφραινομένης,
3575 2174 3716 2231 θάλ-

329 2187 420 2242 tus
453 2181 504 2242 4.
541 2201 570 2241 ι

409 2447 510 2510 34.
544 2445 655 2508 Per
677 2450 901 2529 praxim
917 2449 1191 2529 perfectae
1208 2449 1580 2530 cupiditates,
1622 2469 1730 2532 per
1751 2448 1974 2531 praxim

329 2537 507 2598 etiam
565 2546 862 2599 sanantur.
918 2537 1078 2600 Sicut
1123 2539 1280 2600 enim
1335 2539 1812 2620 intemperantia,
1871 2557 1975 2598 vo-

331 2624 551 2705 luptas,
614 2626 768 2702 gula,
826 2625 939 2687 vita
994 2627 1186 2688 mollis
1264 2636 1322 2688 et
1375 2629 1658 2690 dissoluta
1715 2627 1977 2688 habiturn

327 2712 760 2793 cupiditatibus
793 2716 1103 2795 perﬁciunt
1131 2717 1192 2777 in
1224 2718 1444 2799 anima.
1481 2735 1728 2796 eamque
1749 2716 1822 2776 ad
1849 2734 1980 2794 per-

2055 1906 2146 1962 ὺπ’
2204 1909 2438 1986 ἀνάγκην
2484 1917 2575 1966 τοῦ
2628 1911 2791 1985 νόμου
2845 1910 3096 1968 τελοῦντα
3158 1922 3248 1970 τοῦ
3303 1908 3535 1988 γεώδους
3594 1930 3732 1988 φρο-

2783 1998 3186 2078 ἐλευθερωθέντα
3270 1999 3369 2066 τῆς
3456 1999 3722 2063 τοιαύτης

2403 2001 2499 2056 Καὶ
2595 2001 2684 2054 τὸν

2053 2261 2132 2318 λει
2227 2265 2508 2342 πρόσωπον
2541 2285 2552 2298 ·
2641 2265 2694 2322 ἐν
2778 2263 2832 2320 δέ
2920 2265 3109 2330 λύπαις
3193 2266 3379 2337 οὔσης,
3469 2264 3710 2342 στυγνά-

2057 2360 2159 2422 ζει.
2193 2376 2221 2408 ιι

2140 2431 2244 2498 λδ’⁶
2305 2444 2380 2500 Τὰ
2440 2444 2754 2523 ἐμπράκτως
2823 2443 3110 2520 τελούμενα
3173 2444 3316 2510 πάθη
3388 2443 3705 2520 ἐμπράκτως

2059 2533 2145 2586 καὶ
2199 2533 2597 2610 θεραπεύονται.
2659 2518 2850 2612 Ὥσπερ
2917 2536 3010 2612 ρὰρ
3075 2533 3318 2612 ἀκρασία,
3392 2530 3558 2598 ἡδονή
3615 2530 3700 2585 καὶ

2063 2619 2379 2699 ἀδδηφαγία,
2425 2624 2511 2677 καὶ
2573 2623 2683 2698 βίος
2739 2622 2943 2698 ἀμελὴς
3001 2624 3089 2679 καὶ
3142 2619 3547 2699 διακεχυμένος,
3603 2620 3696 2684 τὴν

2063 2709 2464 2785 ἐμπαθεστάτην
2508 2708 2610 2775 ἕξιν
2653 2712 2994 2767 ἀποτελοῦσιν
3037 2710 3088 2766 ἐν
3142 2717 3209 2786 τῇ
3257 2715 3436 2788 ψυχῇ,
3491 2711 3574 2764 καὶ
3624 2709 3692 2769 εἷς

329 2821 534 2864 versas
566 2803 834 2864 actiones
873 2805 1196 2868 inducunt:
1237 2805 1322 2869 sic
1367 2807 1658 2886 angustia,
1720 2804 1968 2880 labores,

2066 2801 2274 2882 πράξεις
2318 2805 2543 2868 ἀτόπους
2595 2805 2756 2871 αὐτὴν
2812 2803 3046 2882 ἄγουσιν,
3109 2802 3245 2859 οὕτω
3306 2803 3554 2863 στένωσι-τ
3605 2800 3684 2854 καῖ

335 2898 396 2952 et
425 2892 593 2953 luctae
623 2894 962 2973 spirituales
1015 2895 1444 2976 impassibilem
1505 2897 1663 2956 illam
1697 2895 1976 2968 reddunt,

327 2999 396 3042 ac
429 2983 502 3044 de
532 2982 807 3062 passione
836 2983 898 3045 in
928 2983 1461 3066 impassibilitatem
1491 2988 1876 3047 translerunt.

411 3159 511 3223 35.
549 3158 796 3231 Quando
845 3161 1059 3243 aliquis
1108 3171 1352 3244 propter
1408 3163 1757 3225 laboriosam
1788 3161 1980 3223 conti-

2065 2890 2364 2969 ἐγκράτεια,
2409 2894 2561 2950 πόνοι
2604 2895 2690 2948 καὶ
2734 2893 2933 2971 ἀγῶνες
2989 2893 3354 2967 πνευματικοὶ,
3405 2890 3492 2954 τήν
3543 2886 3677 2941 ἀπά-

2063 2985 2205 3039 θειαν
2235 2989 2624 3062 περιποιοῦνται
2679 2985 2834 3059 αὐτῇ,
2883 2982 2971 3038 καὶ
3019 2980 3069 3046 ἐξ
3112 2981 3391 3058 ἐμπαθείας
3431 2979 3498 3042 εἱς
3540 2975 3673 3036 ἀπά-

2063 3073 2206 3127 θειαν
2236 3076 2328 3152 αὐτ
2339 3083 2398 3139 ην
2429 3071 2825 3152 μεταφέρουσιν.

2142 3149 2242 3218 λε’.
2295 3145 2444 3219 ’ὅταν
2475 3160 2524 3226 ἐξ
2572 3160 2821 3219 ἐπιπόνου
2866 3182 2944 3223 τις
2989 3161 3077 3216 καὶ
3129 3161 3373 3215 συντόνου
3429 3155 3689 3225 ἀσκήσεως

329 3266 629 3328 nuamque
657 3249 908 3310 ascesim
944 3269 1154 3330 magna
1175 3251 1329 3313 dona
1362 3270 1395 3313 a
1418 3251 1539 3314 Deo
1570 3251 1842 3332 accipere
1872 3267 1968 3330 pel

2063 3245 2270 3328 δωρεῶν
2340 3250 2587 3329 μεγάλων
2661 3250 2802 3328 παρὰ
2882 3257 3010 3306 Θεοῦ
3085 3247 3167 3305 διὰ
3221 3245 3687 3325 ταπεινοφροσύνης

333 3337 730 3400 humilitatem
763 3339 1081 3414 meruit,ac
1117 3350 1320 3422 postea
1359 3341 1499 3402 inde
1529 3341 1828 3415 revulsus,
1865 3360 1974 3400 cu-

331 3425 642 3506 pipitatum
669 3445 737 3488 ac
767 3427 1098 3490 daemonum
1151 3429 1353 3492 ferulte
1401 3429 1647 3491 traditus
1685 3437 1794 3504 est,
1831 3429 1978 3490 sciat

323 3533 388 3576 se
445 3514 625 3576 fuisse
668 3516 906 3599 elatum,
961 3537 1171 3598 magna
1201 3519 1274 3581 de
1306 3539 1370 3581 se
1402 3517 1874 3600 praesumpsisse,
1917 3524 1976 3580 et

319 3603 470 3666 alias
495 3614 873 3685 aspernatum
896 3626 1053 3670 esse.
1073 3608 1202 3670 Non
1225 3609 1398 3671 aliter
1422 3608 1600 3688 igitur
1627 3606 1974 3687 hujusmodi

323 3693 415 3755 vir
445 3695 756 3756 sanitatem
787 3698 1169 3777 recuperabit
1199 3711 1254 3760 et
1286 3698 1699 3760 liberationem
1731 3715 1765 3757 a
1796 3697 1970 3777 cupi-

321 3781 602 3845 ditatibus
631 3784 1054 3868 daamoniisque
1088 3790 1261 3850 vitam
1323 3807 1487 3850 suam
1521 3786 1969 3860 cohibenlibus,

323 3891 500 3954 quam
549 3874 856 3936 redeundo
912 3895 1018 3957 per
1067 3878 1470 3958 poenitentiam
1525 3876 1598 3939 ad
1656 3875 1972 3957 pristinum

320 3970 565 4043 statum,
596 3971 652 4024 et
683 3963 1118 4044 interponendo
1151 3975 1430 4049 tanquam
1463 3967 1713 4048 optimas
1743 3964 1974 4027 media-

329 4050 507 4113 trices
539 4053 932 4115 humilitatem
967 4064 1024 4117 et
1055 4058 1308 4138 propriae
1362 4055 1700 4136 exiguitatis
1729 4053 1976 4132 agnitio-

325 4159 486 4220 nem,
520 4159 625 4222 per
654 4160 803 4221 quas
855 4144 1104 4223 quilibet
1159 4148 1219 4207 in
1277 4145 1660 4208 fundamento
1691 4143 1969 4204 virtutum

327 4228 483 4292 bene
541 4229 864 4308 stabilitus,
931 4235 1093 4296 omni
1138 4251 1274 4300 sese
1318 4242 1589 4298 creatura
1623 4232 1969 4295 inferiorem

326 4317 643 4382 existimat.

400 4408 499 4473 36.
531 4410 721 4491 [Eque
744 4411 964 4474 malum
989 4420 1079 4475 est
1121 4413 1276 4497 apud
1305 4417 1493 4477 Deum
1517 4422 1574 4478 et
1603 4415 1879 4478 homines
1907 4417 1971 4478 in

319 4496 552 4562 Christo
610 4500 892 4575 viventes,
947 4503 1046 4582 qui
1106 4496 1408 4566 luxuriosa
1463 4504 1616 4566 fovet
1671 4504 1971 4567 desideria

316 4588 535 4650 mentis
563 4589 1034 4670 operationibus,
1069 4599 1127 4655 et
1160 4592 1262 4674 qui
1290 4593 1633 4655 intumescit
1683 4593 1746 4654 in
1778 4593 1966 4656 virtu-

317 4675 474 4739 tibus
495 4679 706 4759 spiritu
729 4681 1229 4762 praesumptionis.
1264 4681 1778 4755 Quemadmodum
1805 4683 1965 4745 enim

314 4767 647 4847 quaeillein
670 4770 901 4832 occulto
941 4770 1081 4832 facit
1122 4789 1194 4834 ac
1237 4780 1538 4853 perpetrat
1560 4780 1726 4852 turpe
1757 4781 1844 4834 est
1875 4775 1964 4836 vel

313 4855 540 4939 dicere,
572 4858 651 4920 ita
683 4866 740 4921 et
788 4859 970 4938 hujus
1021 4879 1124 4922 cor
1172 4863 1487 4924 exaltatum
1536 4862 1744 4924 sordes
1775 4870 1865 4925 est
1901 4863 1962 4924 in

313 4955 636 5027 conspectu
666 4947 798 5010 Dei.
833 4951 904 5009 Et
933 4949 1087 5012 sicut
1139 4949 1244 5012 ille
1274 4950 1689 5012 abominabilis
1720 4960 1810 5013 est
1839 4954 1962 5015 Deo

311 5033 373 5095 in
395 5036 687 5117 requiem,
716 5038 795 5100 ita
821 5038 1004 5120 et.hic
1034 5038 1308 5123 impurus
1327 5048 1416 5106 est
1440 5059 1639 5103 coram
1660 5039 1805 5120 Deo,
1825 5041 1962 5124 quia

312 5133 403 5187 est
429 5127 746 5209 superbus.

393 5531 424 5581 4
451 5531 620 5593 Prov.
657 5545 756 5607 xv,
791 5535 890 5594 43.

2063 3335 2281 3417 ἀξιωθῇ,
2367 3340 2489 3396 εἶτα
2567 3341 2836 3418 ὑποσυρεὶς
2908 3338 3132 3413 ἐκεῖθεν,
3203 3338 3419 3393 πάθεσιν
3492 3332 3687 3395 ἔκδοτος

2058 3426 2274 3504 γένηται
2331 3430 2420 3484 καὶ
2475 3425 2682 3504 δαίμοσι
2740 3426 3072 3502 παιδευταῖς,
3133 3427 3268 3482 ἴστω
3314 3427 3498 3483 ἑαυτὸν
3547 3425 3690 3498 ὑψω-

2055 3516 2232 3597 θέντα,
2303 3519 2390 3574 καὶ
2444 3517 2652 3595 μεγάλα
2700 3521 2816 3597 περὶ
2889 3519 3072 3573 ἑαυτοῦ
3129 3515 3390 3586 οἰηθέντα,
3453 3516 3539 3569 καὶ
3591 3513 3686 3568 τῶν

2057 3602 2230 3663 ἄλλων
2313 3608 2700 3686 κατεπαρθέντα
2733 3626 2748 3642 ⁶
2835 3605 3116 3682 οὐδαμόθεν
3199 3605 3286 3661 οὗν
3371 3602 3583 3678 ἄλλοθεν
3661 3602 3686 3655 ὁ

2054 3702 2288 3760 τοιοῦτος
2347 3697 2554 3776 εὑρήσει
2608 3697 2703 3764 τὴν
2757 3698 3029 3775 θεραπείαν
3081 3696 3167 3752 καὶ
3222 3692 3536 3770 ἀπαλλαγὴν
3591 3690 3686 3747 τῶν

2057 3785 2386 3862 συνεχόντων
2443 3789 2601 3843 αὐτοῦ
2655 3785 2752 3852 τὴν
2821 3786 2962 3856 ζωὴν
3031 3784 3211 3841 παθῶν
3267 3784 3354 3839 καὶ
3410 3779 3679 3856 δαιμόνων,

2053 3870 2174 3928 ἀλλ’
2202 3873 2238 3941 ἢ
2285 3873 2390 3929 ἀπὸ
2444 3883 2535 3932 τοῦ
2589 3873 2908 3952 ἀναδραμεῖν
2949 3874 3103 3930 αὐτὸν
3159 3871 3242 3928 διὰ
3300 3871 3572 3947 μετανοίας
3617 3870 3682 3931 εἰς

2055 3961 2154 4028 τὴν
2184 3962 2400 4041 πρώτην
2453 3963 2798 4043 κατάστασιν,
2855 3964 2943 4020 καὶ
2986 3965 3285 4042 χρήσασθαι
3345 3961 3532 4036 μεσίτῃ
3583 3979 3676 4013 κα-

2055 4048 2156 4130 λῷ,
2215 4056 2284 4128 τῇ
2345 4053 2658 4109 ταπεινώσει
2713 4054 2802 4108 καὶ
2856 4058 2924 4128 τῇ
2991 4051 3272 4131 ἐπιγνώσει
3327 4055 3430 4106 τῶν
3491 4048 3673 4103 οἰκείων

2055 4140 2260 4218 μέτρων
2294 4159 2312 4177 ο
2372 4137 2439 4196 δι’
2480 4141 2546 4207 ἧς
2599 4147 2703 4206 πᾶς
2747 4143 2775 4196 ὁ
2818 4141 3095 4217 ἱστάμενος
3138 4139 3313 4202 καλῶς
3374 4137 3427 4194 ἐν
3473 4144 3544 4211 τῷ
3593 4139 3676 4192 θε-

2054 4227 2221 4304 μελίῳ
2272 4235 2378 4286 τῶν
2446 4229 2670 4309 ἀρετῶν,
2743 4231 2992 4288 ὑποκάτω
3058 4231 3241 4286 ἑαυτὸν
3312 4227 3429 4308 ἕχει
3520 4226 3675 4293 πάσης

2052 4319 2273 4384 κτίσεως
2283 4367 2296 4381 ,

2131 4399 2266 4481 λς’,
2322 4419 2433 4468 Ισον
2490 4411 2652 4467 κακόν
2711 4409 2820 4467 ἐστι
2878 4411 3018 4489 παρὰ
3067 4416 3183 4484 Θεῷ
3236 4408 3324 4465 καὶ
3379 4406 3671 4484 ἀνθρώποις,

2050 4503 2177 4568 ζῶσι
2232 4499 2368 4555 κατά
2423 4500 2672 4578 Χριστὸν,
2731 4501 2793 4555 τὸ
2849 4501 2936 4556 καὶ
2978 4499 3189 4576 ἐμπαθῆ
3231 4518 3346 4553 τινα
3390 4497 3531 4553 εἶναι
3567 4509 3673 4556 ταῖς

2048 4584 2263 4666 πράξεσι
2345 4589 2566 4667 γνώμης
2639 4587 2916 4669 ἀκολασίᾳ,
3001 4590 3089 4646 καὶ
3172 4584 3584 4680 πεφυσιτωμένον.
3627 4583 3671 4638 ἐν

2047 4689 2170 4739 ταῖς
2200 4676 2415 4756 ἀρεταῖς
2458 4684 2534 4751 τῷ
2575 4683 2674 4745 τῆς
2735 4680 2957 4748 οἰήσεως
3019 4677 3298 4754 πνεύματι.
3357 4672 3449 4732 ”Ον
3505 4672 3671 4751 τρόπον

2049 4766 2148 4844 «(ap
2203 4775 2296 4825 τοῦ
2347 4767 2556 4846 πρώτου
2625 4769 2689 4826 τὰ
2763 4768 3085 4848 ἐμπράκτως
3159 4768 3246 4823 καὶ
3312 4769 3483 4845 κρυφῆ
3541 4763 3670 4841 γινό-

2047 4876 2181 4929 μενα
2237 4857 2459 4936 αἰσχρόν
2502 4855 2612 4912 ἐστι
2669 4859 2757 4913 καὶ
2813 4858 3008 4937 λέγειν,
3075 4856 3210 4914 οὕτω
3253 4856 3341 4911 καὶ
3383 4852 3474 4909 τοῦ
3526 4849 3671 4907 δευτέ-

2046 4966 2136 5022 ρου
2213 4945 2278 5001 τὰ
2347 4945 2611 5020 ὑψώματα
2693 4951 2791 5013 τῆς
2866 4945 3078 5026 καρδίας
3163 4942 3496 5022 βδελύγματα
3560 4942 3668 4996 εἰσιν

2045 5032 2268 5090 ἐνώπιον
2355 5040 2445 5089 τοῦ
2519 5042 2673 5097 Θεοῦ,
2745 5037 2843 5093 Καὶ
2928 5036 3105 5115 ὥσπερ
3185 5033 3390 5097 ἐκεῖνος
3473 5030 3668 5108 ἀποτρό-

2043 5144 2198 5186 παιος
2260 5129 2336 5198 τῷ
2408 5131 2523 5198 Θεῷ
2575 5125 2648 5188 εἷς
2707 5124 3024 5205 ἀνάπαυσιν,
3069 5122 3153 5180 διὰ
3209 5125 3270 5180 τὺ
3339 5123 3480 5178 εἶναι
3534 5120 3667 5176 αὐτὸν

2040 5212 2232 5291 σάρκα,
2277 5214 2414 5269 κατὰ
2474 5215 2535 5268 τὸ
2602 5212 2804 5291 λόγιον,
2864 5214 3000 5270 οὕτω
3054 5214 3142 5270 καὶ
3190 5213 3339 5278 οὗτος
3397 5210 3535 5290 παρὰ
3572 5218 3666 5266 Κυ-

2037 5301 2132 5380 ρίῳ
2211 5301 2524 5382 ἀκάθαρτος,
2612 5299 2696 5358 διὰ
2791 5304 2853 5358 τὸ
2953 5306 3091 5360 εἶναι
3173 5303 3329 5360 αὐτὸν
3413 5301 3666 5380 ὑπερήφα-

2037 5422 2150 5458 νον.

3947 595 3952 629 l

3947 771 3949 779 l

3943 793 3945 801 l
