4050 6124
292 209 416 276 869

1300 210 1840 279 PRAGTICORUM
1882 210 2222 279 CAPITUM
2266 212 2656 283 CENTURIA
2699 217 2728 280 Ι

3559 220 3681 289 870

375 338 480 420 λζ’.
543 350 614 409 05
675 351 775 431 γὰρ
817 351 871 408 εἴ
925 374 976 409 τι
1032 352 1218 428 πάθος,
1282 360 1436 411 τοῦτο
1492 352 1580 408 καὶ
1637 350 1937 431 ἕμπρακτυς

2102 349 2202 411 37.
2235 348 2365 412 Non
2391 350 2546 431 quod
2580 350 2872 432 cupiditas
2922 347 2998 414 sit
3042 360 3207 415 actus
3256 355 3505 436 peccati,
3569 359 3674 421 sed

293 440 526 519 ἁμαρτία
557 461 570 474 ·
631 441 767 498 ἀλλὰ
808 443 983 523 ἕτερον
1034 450 1211 524 τοῦτο,

292 531 383 591 θος
429 529 525 604 μὲν
582 530 669 587 οὖν
711 531 821 587 ἐστι
863 535 924 588 τὸ
975 532 1057 589 ἐπὶ
1115 534 1300 611 ψυχὴν
1355 533 1662 606 κινούμενον
1692 551 1708 567 θ
1763 529 1946 608 πρᾶξις

294 614 351 672 δὲ
383 616 709 700 ἐφάμαρτος,
753 622 789 688 ἡ
821 621 906 677 ἐπὶ
947 622 1007 678 τὸ
1065 627 1219 697 σῶμα
1248 620 1581 698 θεωρουμένη
1617 637 1630 650 ⁸
1679 624 1796 677 οἷον
1835 618 1947 699 φιλ-

295 703 505 781 ηδονία,
576 707 910 791 φιλαργυρία,
995 711 1084 767 καὶ
1163 707 1448 789 φιλοδοξία,
1520 708 1693 775 πάθη-
1734 706 1951 787 χαλεπά

296 793 410 850 ἐστι
481 802 580 864 τῆς
639 802 822 878 ψυχῆς
858 816 874 832 ⁸
934 799 1146 879 πορνεία
1216 797 1292 873 δὲ,
1364 800 1454 855 καὶ
1510 794 1804 870 πλεονεξία,
1864 804 1953 858 καὶ

297 882 493 960 ἀδικία,
560 886 772 966 πράξεις
825 888 1147 969 ἐφάρμαρτοι
1205 892 1303 955 τῆς
1365 887 1555 967 σαρκός
1592 903 1606 918 ⁶
1680 885 1947 960 ἐπιθυμία,

294 972 483 1047 Θυμὺς,
543 974 630 1029 καὶ
689 976 1068 1055 ὑπερηφάνεια,
1130 976 1271 1042 πάθη
1344 979 1550 1055 ψυχῆς,
1611 974 1752 1053 παρὰ
1802 973 1951 1052 φύσιν

294 1066 405 1115 τῶν
460 1059 727 1138 δυνάμεων
800 1064 1122 1140 κινουμένων
1194 1066 1355 1130 αὐτῆς
1392 1080 1405 1093 '
1483 1062 1673 1142 μοιχία
1747 1059 1803 1116 δὲ
1867 1065 1954 1118 καὶ

296 1148 484 1227 φόνος,
530 1150 708 1220 κλοπὴ
738 1154 825 1211 καὶ
857 1153 1015 1233 μέθη,
1077 1153 1166 1209 καὶ
1212 1152 1264 1207 εἴ
1310 1174 1360 1207 τι
1411 1150 1542 1210 ἄλλο
1570 1150 1655 1206 διὰ
1696 1157 1789 1206 τοῦ
1840 1148 1952 1204 σώ-

294 1259 470 1311 ματος
527 1241 838 1320 πράττεται,
898 1241 1108 1321 πράξεις
1189 1241 1479 1322 ἐφάμαρτοι
1559 1241 1647 1295 καὶ
1716 1236 1956 1318 χαλεπαὶ

292 1331 397 1393 τῆς
428 1329 646 1408 σαρκός.

377 1406 493 1482 λη’.
529 1426 685 1496 Τρεῖς
747 1420 875 1476 εἰσιν
928 1422 976 1476 οἱ
1030 1419 1380 1498 γενικώτατοι
1422 1418 1635 1475 πάντων
1677 1404 1783 1471 τῶν
1839 1437 1950 1471 πα-

285 1506 398 1559 θῶν
460 1503 672 1587 ἔξαρχοι
709 1523 723 1537 ·
782 1511 869 1565 καὶ
923 1521 1069 1589 τρεῖς
1131 1512 1183 1564 αἱ
1237 1506 1356 1564 κατ’
1414 1509 1581 1564 αὐτῶν
1610 1500 1947 1578 παρατάξεις,

1259 444 1346 499 καὶ
1387 439 1518 499 ἄλλο
1574 440 1770 501 ἐκεῖνο.
1826 442 1944 497 Πά-

2047 436 2185 500 iliud
2205 438 2323 510 hic,
2349 439 2506 499 aliud
2530 440 2629 501 illa
2653 448 2762 503 est.
2787 440 3091 520 Cupiditas
3113 449 3201 503 est
3227 452 3416 505 motus
3438 446 3668 508 animas.

2030 535 2195 588 actus
2226 528 2679 606 peccaminosus
2710 529 2781 589 ad
2814 547 3030 609 corpus
3058 538 3302 609 spectat.
3335 533 3435 594 Sic
3468 533 3674 613 libido,

2032 615 2275 677 avaritia
2304 615 2621 676 etambitio
2654 626 2789 677 sunt
2823 635 3010 696 pravae
3042 617 3394 698 cupiditates
3421 622 3679 699 animae;

2032 703 2340 765 fornicatio
2363 714 2584 779 autem,
2612 704 2748 765 boni
2773 706 2950 767 alieni
2976 708 3280 787 usurpatio
3305 717 3362 770 et
3392 711 3681 790 injustitia

2036 801 2174 854 sunt
2205 793 2604 873 peccaminosi
2649 795 2844 856 carnis
2895 804 3108 858 actus:
3172 798 3675 879 concupiscentia,

2034 880 2121 941 ira
2150 889 2207 941 et
2236 882 2535 964 superbia,
2569 883 2922 963 cupiditates
2969 893 3107 947 sunt
3136 886 3348 949 animae
3376 888 3682 954 facultates

2034 988 2169 1030 suas
2201 978 2404 1033 contra
2435 985 2705 1032 naturam
2768 973 3101 1050 moventis;
3149 975 3506 1041 adulterium
3536 999 3677 1042 vero

2036 1067 2094 1119 et
2122 1062 2337 1132 cades,
2368 1060 2584 1122 furtum
2636 1069 2693 1123 et
2742 1061 3018 1137 ebrietas,
3079 1072 3139 1126 et
3196 1066 3427 1146 quidvis
3457 1067 3615 1130 aliud
3645 1089 3681 1131 a

2035 1165 2283 1228 corpore
2334 1158 2649 1229 patratum,
2736 1152 3134 1231 peccaminosi
3202 1162 3340 1217 sunt
3395 1158 3677 1239 pravique

2037 1246 2233 1298 carnis
2260 1246 2445 1302 actus.

2115 1414 2216 1477 38-
2247 1414 2394 1509 Tres
2424 1425 2560 1478 sunt
2587 1418 3026 1496 generalissimi
3083 1421 3488 1487 universarum
3521 1429 3681 1509 cupi-

2033 1502 2280 1567 ditatum
2313 1506 2518 1581 duces,
2555 1516 2613 1568 et
2667 1514 2786 1568 tres
2848 1516 3051 1569 contra
3099 1528 3200 1571 eos
3254 1512 3437 1590 acies,
3471 1524 3529 1576 et
3560 1502 3681 1581 tres

285 1593 381 1648 xui
432 1607 576 1671 τρεῖς
632 1600 678 1652 οἱ
736 1597 937 1653 τούτων
993 1596 1476 1674 καταγωνιζόμενοί
1520 1618 1578 1652 τε
1629 1595 1716 1650 καὶ
1762 1615 1939 1649 κατα-

2047 1600 2420 1687 lunt,_n_empe
2445 1595 2762 1677 incipiens,
2794 1597 3112 1673 proﬁciens
3149 1608 3205 1660 et
3235 1602 3553 1681 perfectus,
3579 1616 3677 1687 qui

291 1678 585 1747 ϐάλλοντες
619 1700 633 1714 ⁸
683 1687 711 1741 6
758 1688 1126 1764 εἰσαγωγικὸς,
1190 1688 1217 1741 ὁ
1262 1684 1448 1761 μέσος,
1509 1685 1598 1741 καὶ
1640 1686 1667 1739 6
1697 1680 1897 1744 τέλειος
1929 1695 1947 1713 ⁸

292 1771 392 1825 τὸν
445 1776 544 1839 τῆς
602 1772 927 1854 φιληδονίας,
987 1777 1080 1831 τὸν
1135 1779 1235 1840 τῆς
1290 1773 1655 1854 φιλαργυρίας,
1715 1772 1803 1827 καὶ
1859 1772 1951 1826 τὸν

293 1863 401 1926 τῆς
449 1861 741 1945 φιλοδοξίας
770 1865 1080 1945 τρικέφαλον
1111 1862 1390 1944 δράκοντα,

379 1940 482 2010 λθ’.
517 1954 633 2033 Οὐχ
675 1957 757 2018 εἷς
783 1940 870 2010 καὶ
901 1940 1115 2017 δαύτὸς
1142 1940 1309 2032 ’ἀγὼν
1356 1965 1473 2016 τοῖς
1524 1952 1659 2031 τρισὶ
1684 1949 1821 2007 κατὰ
1847 1953 1954 2005 τῶν

2034 1698 2135 1741 eos
2166 1681 2486 1760 debellant,
2544 1703 2615 1746 ac
2671 1693 3055 1764 prosternunt
3107 1687 3427 1769 tricipitem
3459 1681 3680 1757 amoris

2034 1769 2423 1853 voluptatum,
2481 1775 2864 1854 pecuniaeque
2895 1783 2954 1835 et
3002 1775 3296 1839 honorum
3330 1778 3675 1847 draconem.

2117 1947 2215 2013 39.
2242 1948 2365 2011 Non
2393 1969 2576 2012 unum
2600 1959 2656 2014 et
2679 1950 2836 2013 idem
2860 1959 2948 2012 est
2980 1950 3165 2014 tribus
3195 1962 3494 2018 certamen
3527 1978 3676 2022 con-

292 2045 458 2117 τριῶν
514 2040 696 2121 ἀρχῶν
745 2044 833 2100 καὶ
884 2040 1151 2117 δυνάμεων
1209 2048 1301 2100 τοῦ
1333 2039 1743 2137 ’,ἐξουσιάζοντος
1787 2037 1950 2094 πνεύ-

2047 2053 2127 2107 ira
2173 2047 2293 2101 tres
2340 2039 2521 2101 duces
2570 2049 2628 2103 et
2674 2039 2967 2102 exercitus
3025 2044 3239 2104 summi
3297 2043 3676 2124 imperatoris

294 2115 490 2209 ματος,
730 2130 888 2197 ἄλλος
930 2115 1021 2191 xui
1085 2131 1272 2197 ἄλλος.
1333 2115 1549 2194 ’Ἄλλως
1596 2130 1731 2185 κατὰ
1783 2149 1948 2206 στρα-

2047 2127 2294 2210 spiritus,
2321 2128 2427 2190 sed
2446 2128 2604 2190 aliud
2631 2137 2687 2191 et
2717 2129 2900 2192 aliud.
2929 2128 3122 2191 Aliter
3151 2115 3444 2211 pugnatur
3474 2145 3680 2200 contra

293 2218 588 2293 τευομένης
618 2226 716 2288 τῆς
746 2228 868 2298 μιᾶς
899 2224 985 2279 καὶ
1016 2229 1140 2299 μιᾶς
1170 2222 1370 2280 τούτων
1407 2220 1581 2300 ἀρχῆς
1612 2216 1695 2298 ὑφ’
1727 2217 1950 2273 ἑκάστου

2047 2236 2239 2289 mum,
2263 2225 2321 2278 et
2341 2217 2514 2280 aliter
2534 2226 2737 2280 contra
2755 2218 3004 2280 alterum
3031 2218 3245 2281 ducum
3292 2222 3393 2303 qui
3424 2224 3682 2290 militant

292 2312 390 2362 τοῦ
413 2308 545 2386 πρὸς
568 2309 666 2377 τὴν
691 2311 877 2391 μάχην
902 2311 1061 2380 αὐτῆς
1090 2310 1368 2386 ἱσταμένου
1397 2311 1486 2366 καὶ
1504 2303 1950 2381 καθοπλιζομένου

299 2403 538 2476 φυσικῶς
581 2405 658 2473 τῷ
687 2396 872 2474 δικαίῳ
900 2404 1069 2476 θυμῷ.

382 2475 465 2561 μ’.
504 2477 561 2545 ςΟ
590 2486 705 2568 ἄρτι
734 2492 864 2569 πρὸς
909 2475 1031 2554 τοὺς
1082 2491 1291 2569 ἀγῶνας
1348 2494 1448 2557 τῆς
1506 2484 1770 2550 εὐσεϐείας
1823 2485 1956 2541 ἀπο-

298 2572 614 2652 δυσάμενος,
701 2580 787 2635 xui
860 2582 1206 2660 εἶσαγωγικὸς
1288 2579 1360 2638 ὢν
1453 2580 1584 2658 πρὸς
1668 2571 1956 2655 παράταξιν

301 2672 413 2721 τῶν
454 2670 656 2748 παθῶν,
702 2669 837 2725 γατὰ
882 2676 974 2726 τοῦ
1020 2671 1318 2744 πνεύματος
1362 2669 1459 2737 τῆς
1510 2664 1811 2748 φιληδονίας
1840 2669 1952 2719 πᾶ-

305 2775 405 2810 σαν
434 2753 575 2836 αἴρει
629 2756 729 2823 τὴν
772 2758 960 2839 μάχην
1002 2758 1180 2834 αὐτοῦ,
1242 2760 1331 2814 καὶ
1384 2755 1598 2821 δυνατὸς
1657 2753 1740 2810 διὰ
1775 2753 1952 2819 πάσης

304 2846 659 2909 κακοπαθείας
728 2845 846 2903 κατ’
919 2847 1077 2904 αὒτοὺ
1144 2844 1498 2927 ἒκστρατεύει,
1583 2844 1780 2922 σάρκας
1855 2841 1954 2917 μὲν

302 2944 431 2996 ταῖς
471 2933 695 2999 ἀσιτίαις
752 2934 990 3007 ἐκτήκων
1043 2950 1166 3000 ταῖς
1223 2935 1561 3016 χαμευνίαις,
1605 2946 1727 2996 ταῖς
1785 2931 1951 3011 ἆγρυ-

2032 2305 2140 2367 sub
2173 2305 2420 2383 singulis
2454 2307 2727 2387 perfectis
2757 2325 2860 2369 eos
2887 2306 2961 2368 ad
3008 2307 3274 2389 praelium
3321 2311 3677 2379 ducentibus

2037 2404 2094 2457 et
2116 2395 2276 2475 justa
2305 2395 3029 2459 fortitudine'naturaliter
3054 2397 3316 2463 armatis.

2117 2486 2218 2547 40.
2253 2484 2366 2556 Qui
2397 2503 2585 2566 nuper
2632 2484 2705 2546 ad
2751 2502 2968 2564 agones
3025 2484 3256 2565 pietatis
3317 2506 3381 2551 se
3411 2490 3674 2570 nudavit,

2037 2572 2254 2654 quique
2283 2574 2491 2655 incipit
2520 2593 2778 2655 pugnam
2815 2582 3018 2635 contra
3048 2574 3418 2655 cupiditates,
3453 2580 3676 2642 adver-

2036 2679 2138 2724 sus
2163 2662 2410 2724 luxuriae
2439 2663 2709 2744 spiritum
2742 2662 2957 2724 luctam
2990 2682 3227 2724 omnem
3259 2664 3479 2745 dirigit,
3508 2669 3676 2733 totis-

2037 2768 2151 2830 que
2181 2750 2402 2813 viribus
2432 2770 2539 2832 per
2566 2751 2749 2813 multa
2772 2759 3064 2813 tormenta
3093 2762 3299 2815 contra
3316 2774 3449 2818 eum
3470 2758 3680 2822 decer-

2037 2845 2138 2927 tat,
2190 2858 2430 2902 carnem
2489 2849 2815 2902 extenuans
2871 2839 3226 2903 abstinendo
3278 2843 3451 2927 cibis,
3512 2847 3678 2909 humi

2036 2926 2328 3005 cubando,
2363 2936 2541 2991 totam
2576 2937 2807 2992 noctem
2838 2930 2897 2990 in
2925 2929 3140 3008 vigiliis
3164 2940 3222 2994 et
3244 2926 3509 2997 oratione
3531 2954 3676 2998 con-

300 3020 506 3096 πνίαις,
554 3025 641 3080 καὶ
681 3037 805 3088 ταῖς
859 3026 1149 3105 παννύχοις
1203 3023 1434 3100 δεήσεσι,
1491 3021 1673 3102 ψυχὴν
1723 3019 1779 3076 δὲ
1820 3042 1948 3079 συν·-

2047 3001 2324 3078 sumendo
2359 3034 2375 3091 ;
2415 3017 2673 3079 animam
2704 3036 2843 3079 vero
2900 3001 3214 3080 conterens
3262 3023 3678 3087 recordatione

301 3107 495 3187 τρίϐων
525 3117 594 3188 τῇ
626 3114 815 3189 μνήμῃ
857 3117 962 3170 τῶν
1017 3124 1108 3173 τοῦ
1159 3112 1283 3188 ᾅδου
1339 3117 1561 3187 ποινῶν,
1606 3111 1694 3167 καὶ
1747 3116 1816 3186 τῇ
1858 3114 1952 3165 τοῦ

2047 3123 2342 3185 poenarum
2372 3106 2592 3169 inferni
2622 3114 2680 3169 et
2704 3107 2909 3168 mortis
2933 3107 3339 3185 meditatione,
3366 3124 3420 3174 et
3446 3131 3479 3174 a
3501 3115 3679 3176 corde

300 3198 525 3256 θανάτου
559 3200 781 3277 μελέτῃ,
821 3204 910 3259 xui
935 3203 1035 3271 τὴν
1063 3200 1273 3283 καρδίαν
1302 3202 1643 3280 ἀποσμήχων
1672 3208 1763 3257 τοῦ
1788 3199 1952 3277 ῥύπου

2047 3202 2346 3273 extergens
2377 3214 2485 3276 per
2507 3196 2870 3278 poenitentiae
2892 3196 3178 3277 lacrymas
3194 3200 3431 3262 sordem
3453 3202 3678 3283 copulae

301 3290 411 3343 τῶν
441 3287 779 3367 συνδυασμῶν
821 3293 909 3348 καὶ
964 3291 1391 3370 συγκαταθέσεων
1445 3287 1528 3346 διὰ
1569 3287 1802 3368 δακρύων
1856 3291 1952 3354 τῆς

2047 3290 2096 3345 et
2127 3286 2471 3347 commercii
2501 3286 2777 3351 carnalis.

304 3379 609 3451 μετανοίας.

384 3457 503 3542 μα’.
541 3458 598 3525 ιΟ
625 3468 756 3547 πρὸς
798 3470 860 3525 τὸ
891 3468 1051 3545 μέσον
1094 3473 1192 3536 τῆς
1243 3467 1422 3548 ἀρχῆς
1470 3465 1820 3543 μεταθέμενος
1852 3464 1952 3532 τὴν

2119 3463 2219 3526 41.
2255 3462 2364 3536 Qui
2396 3464 2471 3527 de
2499 3464 2664 3527 initio
2693 3465 2766 3527 ad
2796 3464 3059 3533 medium
3104 3483 3341 3545 gressus
3368 3470 3677 3544 convertit,

302 3553 567 3632 ἐπίϐασιν,
601 3560 688 3615 καὶ
740 3559 860 3623 τοὺς
913 3557 1131 3637 ἱδρῶτας
1185 3558 1305 3622 τοὺς
1363 3557 1499 3613 κατὰ
1553 3563 1642 3612 τοῦ
1676 3553 1952 3636 φιληδόνου

2047 3550 2425 3634 ειιάοιτθεῳιω
2453 3553 2515 3614 in
2546 3553 2822 3615 luctando
2879 3563 3083 3616 contra
3141 3554 3385 3615 luxuriae
3413 3555 3685 3636 spiritum

297 3645 600 3720 πνεύματος
657 3645 742 3705 διὰ
796 3655 889 3706 τοῦ
939 3648 1173 3726 σπόγγου
1236 3652 1334 3714 τῆς
1404 3646 1624 3721 πρώτης
1702 3642 1952 3710 ἀπειθείας

2047 3639 2277 3703 elicitos
2328 3642 2534 3722 primae
2586 3642 3074 3723 impassibilitatis
3120 3643 3366 3724 spongia
3415 3645 3678 3727 extersit,

298 3733 731 3818 ηπομαξάμενος,
773 3736 889 3818 ἄρτι
932 3735 987 3793 δὲ
1033 3738 1152 3800 τοὺς
1200 3735 1501 3815 ὀφθαλμοὺς
1536 3732 1952 3814 άποῖιαλυφθεὶς,

2047 3727 2270 3808 quique
2325 3742 2601 3793 recenter
2654 3731 3054 3810 discooperuit
3108 3732 3308 3793 oculos
3361 3751 3683 3814 rerumque

294 3823 507 3888 καὶτὰς
554 3826 734 3905 φύσεις
792 3829 915 3907 ὁρᾷν
965 3831 1067 3884 τῶν
1112 3824 1274 3884 ὄντων
1320 3821 1634 3903 ἀρξάμενος,
1686 3823 1824 3880 κατὰ
1868 3830 1952 3879 τοῦ

2047 3826 2283 3881 naturas
2312 3818 2692 3882 considerare
2724 3820 2963 3901 incepit,
2998 3826 3204 3881 contra
3232 3820 3506 3900 spiritum
3531 3822 3684 3885 difﬁ-

304 3912 603 3989 πνεύματος
674 3922 773 3983 τῆς
829 3917 1047 3973 ἀπίστου
1100 3914 1442 3996 φιλαργυρίας
1500 3912 1640 3985 αἴρει
1694 3912 1761 3968 τὰ
1821 3909 1952 3968 ὅπλα

2047 3907 2238 3969 dentis
2285 3908 2540 3970 avaritiae
2585 3909 2737 3972 tollit
2780 3927 2942 3996 arma
2982 3908 3145 3985 ﬁdei,
3208 3917 3468 3973 mentem
3511 3929 3678 3974 suam

304 4004 405 4070 τῆς
436 4004 685 4082 πίστεως,
717 4007 807 4063 τὸν
850 4015 969 4064 νοῦν
1001 3995 1121 4082 μὲν
1146 4005 1359 4079 ἀνυψῶν
1402 4002 1587 4060 ἑαυτοῦ
1639 4007 1708 4078 τῇ
1753 3999 1952 4077 μελέτῃ

2047 3996 2275 4059 elevans
2303 3996 2687 4060 meditatione
2718 3995 3051 4059 divinorum
3081 4015 3356 4078 operum,
3385 4000 3678 4062 rationem

309 4097 417 4149 τῶν
486 4095 635 4151 θείων
704 4095 1051 4175 πραγμάτων,
1130 4094 1220 4149 τὸν
1277 4090 1331 4148 δὲ
1399 4090 1558 4171 λόγον
1627 4091 1952 4169 παραθήγων

2047 4095 2268 4152 acutam
2315 4097 2374 4150 et
2415 4089 2817 4171 perspicacem
2870 4088 3132 4151 reddens
3179 4088 3252 4151 ad
3302 4090 3679 4171 explicandas

306 4193 428 4246 τοῖς
457 4181 638 4261 λόγοις
667 4189 767 4252 τῆς
815 4185 1057 4258 κτίσεως,
1119 4182 1208 4240 καὶ
1249 4183 1323 4245 εἷς
1361 4182 1421 4238 16
1477 4181 1571 4244 τὰς
1614 4180 1792 4260 φύσεις
1850 4180 1951 4236 αὖ·

2047 4185 2443 4239 creaturarum
2472 4178 2734 4240 rationes
2763 4195 2830 4240 ac
2867 4186 3126 4255 naturas,
3186 4185 3246 4239 et
3273 4178 3531 4241 animam
3562 4180 3678 4242 du-

304 4276 415 4327 τῶν
463 4270 820 4352 ἐκδιηγεῖσθαι
876 4271 1163 4352 διατρανῶν
1199 4290 1216 4308 ·
1260 4271 1360 4339 τὴν
1406 4267 1460 4325 δὲ
1519 4270 1702 4349 ψυχὴν
1744 4268 1951 4347 ἀνάγων

2047 4285 2179 4328 cens
2208 4286 2243 4328 a
2270 4265 2598 4329 visibilibus
2626 4266 2699 4328 ad
2755 4265 3142 4328 invisibilium
3191 4265 3398 4343 ardua,
3430 4268 3683 4331 credens

304 4366 377 4438 τῇ
420 4361 592 4418 πίστει
621 4362 725 4419 ἀπὸ
753 4368 858 4421 τῶν
907 4360 1210 4442 ὁρωμένων,
1264 4359 1349 4417 ἐπὶ
1399 4359 1465 4417 τὰ
1508 4358 1620 4434 ὕψη
1650 4364 1756 4414 τῶν
1786 4357 1952 4436 ἀορά-

2047 4354 2421 4437 providentiae
2448 4355 2561 4419 Dei
2589 4354 2749 4417 illius
2773 4357 2871 4436 qui
2904 4354 3144 4436 propria
3173 4356 3525 4437 Operatione
3551 4376 3678 4420 om-

305 4470 438 4527 των,
484 4452 572 4507 xui
613 4453 804 4510 πείθων
849 4453 1008 4508 αὐτὸν
1050 4451 1192 4508 εἶναι
1248 4447 1574 4530 προνοητὴν,
1622 4448 1713 4505 τὸν
1757 4446 1818 4503 ἐκ
1862 4456 1952 4505 τοῦ

2047 4444 2135 4506 nia
2163 4462 2239 4507 ex
2277 4443 2464 4508 nihilo
2503 4443 2713 4509 adiens
2742 4443 2964 4521 eduxit,
3012 4452 3189 4526 atque
3217 4452 3337 4509 tota
3365 4465 3473 4528 spe
3503 4446 3675 4510 vitam

305 4539 387 4616 μὴ
431 4537 580 4606 ὄντος
625 4542 697 4605 εἷς
745 4541 805 4598 τὸ
850 4540 993 4598 εἶναι
1033 4539 1099 4597 τὰ
1136 4538 1308 4596 πάντα
1358 4537 1738 4618 παραγαγόντα
1793 4538 1945 4611 Θεὸν,
2041 4532 2322 4598 divinam.

297 4630 407 4686 τῶν
438 4630 641 4686 οἰκείων
684 4628 874 4709 ἔργων,
925 4630 1012 4687 xui
1067 4627 1200 4696 ὅλην
1257 4628 1354 4697 τὴν
1404 4625 1588 4684 ἐλπίδα
1644 4631 1813 4683 ποιῶν
1855 4627 1955 4692 τῆς

305 4715 482 4774 ἐνθέου
510 4720 677 4790 ζωῆς.

388 4795 503 4883 μβ”.
541 4797 600 4865 εΟ
634 4809 697 4864 16
748 4807 910 4884 μέσον
952 4805 1037 4863 διὰ
1079 4805 1296 4884 θεωρίας
1351 4805 1440 4861 καὶ
1487 4803 1737 4869 ἀπαθείας
1794 4802 1956 4883 περά-

304 4914 428 4968 σας,
499 4896 588 4951 καὶ
656 4896 718 4952 16
775 4893 1049 4962 ἀπατηλὸν
1114 4892 1417 4972 ὑπερκύψας
1472 4896 1572 4959 τῆς
1625 4892 1957 4970 παγκοσμίου

304 4982 623 5063 αἰσθήσεως,
656 4980 771 5063 ἄρτι
813 4981 869 5040 δὲ
913 4983 1048 5059 μετὰ
1088 4980 1180 5039 τοῦ
1227 4979 1388 5058 λόγου
1437 4984 1536 5046 τῆς
1581 4979 1827 5058 γνώσεως
1871 4985 1961 5040 καὶ

304 5076 407 5138 τῆς
438 5069 789 5130 ἐνυποστάτου
818 5079 948 5129 Θεοῦ
1000 5071 1208 5152 σοφίας,
1255 5076 1330 5144 τῷ
1378 5068 1559 5150 γνόφῳ
1615 5073 1715 5135 τῆς
1769 5066 1957 5125 θεολο-

307 5159 428 5240 γίας
483 5158 672 5236 εἰσδὺς,
749 5162 885 5220 κατὰ
955 5167 1050 5218 τοῦ
1124 5158 1424 5235 πνεύματος
1479 5162 1577 5224 τῆς
1635 5154 1955 5237 φιλοδοξίας,

304 5246 472 5327 αἴρει,
504 5248 718 5327 δυνάμει
759 5256 857 5317 τῆς
902 5249 1405 5329 ταπεινοφροσύνης,
1451 5247 1517 5304 τὰ
1562 5243 1722 5321 ὅπλα,
1776 5247 1959 5327 ψυχὴν

307 5338 409 5415 μὲν
475 5338 530 5394 ἐν
584 5353 706 5405 ταῖς
767 5343 936 5419 ἱεραῖς
1001 5336 1363 5414 ἀποκαλύψεσι
1431 5336 1793 5411 κατανύσσων,
1867 5338 1955 5392 καὶ

309 5425 506 5507 δάκρυα
534 5429 785 5508 προχέειν
829 5426 1101 5493 ἀνωδύνως
1128 5432 1297 5485 ποιῶν
1329 5441 1346 5459 ’
1401 5427 1464 5482 16
1517 5423 1573 5481 δέ
1600 5445 1663 5504 γε
1706 5424 1953 5504 φρόνημα

2117 4798 2345 4875 42.Qui
2363 4801 2673 4865 dimidium
2689 4820 2803 4885 ope
2831 4800 3348 4883 contemplationis
3374 4808 3432 4865 et
3454 4801 3681 4884 impas-

2040 4889 2337 4954 sibilitatis
2366 4891 2621 4968 transiit,
2680 4891 3093 4973 fallaciamque
3144 4908 3356 4953 sensus
3401 4892 3687 4955 mundani

2043 4997 2465 5062 supergressus
2487 4989 2595 5053 est,
2619 4999 2688 5042 ac
2706 4988 3002 5057 recenter,
3024 4980 3266 5060 juvante
3282 4977 3478 5042 Verbo
3496 4980 3686 5043 scien-

2042 5069 2139 5130 tiae
2169 5076 2225 5131 et
2255 5069 2553 5150 personali
2599 5067 2708 5131 Dei
2744 5066 3061 5150 Sapientia,
3100 5067 3351 5130 obscura
3377 5067 3685 5148 ingressus

2042 5165 2133 5220 est
2160 5158 2471 5238 theologia;
2511 5159 2810 5240 mysteria,
2834 5164 3037 5219 contra
3061 5156 3336 5236 Spiritum
3365 5157 3683 5237 superbiae,

2042 5246 2381 5311 humilitate
2405 5246 2774 5323 obﬁrmatus,
2806 5264 2969 5308 arma
3003 5245 3174 5321 tollit,
3204 5245 3463 5308 animam
3493 5245 3555 5307 in
3585 5245 3683 5308 di-

2040 5336 2193 5398 vinis
2242 5336 2703 5399 revelationibus
2771 5352 3200 5415 compungens,
3279 5334 3684 5417 lacrymasque

2034 5424 2166 5487 sine
2195 5424 2402 5489 dolore
2432 5424 2703 5503 eiiciens,
2749 5422 3013 5486 animum
3059 5441 3198 5487 vero
3247 5422 3538 5486 memoria
3565 5423 3683 5488 hu-
