4050 6124
370 74 479 142 871
1536 74 1543 79 ’
1695 86 1993 153 NICETIE

2089 87 2469 153 ECTORATI
3634 83 3753 151 879

379 229 568 306 mana
599 212 956 306 inﬁrmitatis
985 218 1302 301 dejiciens,
1361 218 1599 299 erigens
1651 224 1846 281 autem
1881 237 1993 282 euu

2103 220 2265 288 αὐτῆς
2315 229 2383 299 τῇ
2433 223 2622 301 μνήμῃ
2670 221 3021 281 καταϐάλλων
3064 226 3163 294 τῆς
3213 226 3541 306 ἀνθρωπίνης
3590 223 3748 278 ἀσθε-

372 301 585 366 divina
614 305 881 370 scientia
908 308 1383 387 cogitationibus.

2100 309 2261 387 νείας,
2307 313 2395 368 καὶ
2426 311 2636 387 ἀνυψῶν
2667 313 2792 370 αὖτὸ
2831 313 2930 382 τῆς
2976 316 3116 381 θείας
3168 301 3415 393 γνώσεως
3455 325 3573 377 τοῖς
3617 312 3749 379 νοή-

450 482 548 544 43.
582 483 862 563 Jejuniis,
918 485 1152 564 vigiliis,
1211 484 1603 562 orationibus,
1636 486 1803 548 humi
1839 504 2014 548 recu-

372 569 588 643 bando,
628 572 930 635 labOribus
961 575 1253 656 corporis,
1316 583 1374 637 et
1420 574 1673 656 propria
1700 574 2014 636 voluntatis

375 659 828 723 mortiﬁcatione
857 663 1177 724 humilitati
1221 664 1434 725 anima
1473 664 1811 742 conjuncta,
1846 662 2012 725 iner-

370 755 487 810 tem
515 750 824 811 reddimus
853 752 1099 814 luxuria
1128 753 1426 834 spiritum,
1460 752 1844 832 subjugamus
1875 770 2014 813 vero

368 837 533 899 illum
569 840 932 919 panitentia
966 842 1259 922 lacrymis,
1312 859 1566 921 eumque
1620 842 1679 901 in
1711 859 2011 902 carcerem

369 929 773 1006 temperantia
802 928 1068 1010 ductum,
1100 929 1467 990 immobilem
1511 930 1890 1010 debilemque
1920 931 2012 990 ta-

368 1015 577 1097 cimus,
627 1036 759 1078 cum
808 1018 1083 1080 videlicet
1132 1019 1192 1080 in
1245 1017 1595 1080 ferventium
1652 1018 2007 1081 athletarum

367 1104 496 1168 acie
525 1105 866 1169 militamus.

446 1285 547 1348 44.
576 1285 773 1346 Armis
798 1283 935 1347 ﬁdei
954 1293 1009 1347 et
1033 1285 1271 1366 spiritus
1294 1286 1507 1365 gladio,
1536 1286 1638 1366 qui
1663 1283 2008 1348 estverbum

364 1372 494 1453 Dei,
547 1373 844 1436 devictum
892 1374 1146 1435 avaritia
1195 1375 1469 1453 spiritum
1520 1374 1906 1448 trucidamus,
1940 1391 2007 1435 ac

364 1463 558 1523 statim
591 1482 660 1526 ac
688 1462 1247 1542 contemplationem
1280 1464 1507 1525 euiium
1541 1482 1676 1525 cum
1707 1466 1885 1523 verbo
1908 1480 2007 1523 sa-

2101 420 2251 473 μασι.

2179 477 2293 565 μγἰ
2331 491 2611 556 Νηστείσις
2641 490 2737 566 μὲν
2767 493 2891 571 γὰρ,
2923 495 3011 548 καὶ
3060 493 3392 573 ἀγρυπνίαις,
3437 493 3526 548 καὶ
3575 510 3744 569 προσ-

2096 588 2312 658 ευχαῖς,
2357 580 2673 657 χαμευνίαις
2718 601 2776 636 τε
2823 583 2911 638 καὶ
2958 582 3145 645 κόποις
3204 582 3474 660 σώματος,
3535 581 3621 635 καὶ
3674 583 3743 653 τῇ

2095 665 2298 742 ἐκκοπῇ
2339 673 2444 723 τῶν
2500 667 2814 743 θελημάτων
2858 670 2913 726 ἐν
2956 670 3271 728 ταπεινώσει
3315 669 3522 750 ψυχῆς,
3571 667 3742 746 ἄπρα-

2093 776 2217 812 κτον
2242 758 2470 831 ἱστῶμεν
2500 759 2560 813 τὸ
2610 757 2707 825 τῆς
2766 757 3070 839 φιληδονίας
3114 769 3320 835 πνεῦμα
3355 777 3370 792 ⁶
3428 757 3742 838 χειρούμεθα

2094 842 2148 899 δὲ
2206 846 2331 901 αὖνὸ
2386 859 2505 910 τοίς
2560 847 2657 914 τῆς
2713 849 2994 922 μετανοίας
3043 847 3281 929 δέκρυσι,
3344 849 3431 903 καὶ
3488 848 3618 926 πρὸς
3682 846 3742 900 τὸ

2094 930 2454 1013 δεσμωτήριον
2550 934 2766 1013 ἄγοντες
2865 937 2962 1005 τῆς
3058 937 3388 1015 ἐγκρατείας,
3489 935 3738 1000 ἀκίνητον

2087 1031 2240 1080 τοῦτο
2318 1024 2405 1078 καὶ
2487 1021 2825 1103 ἐνενέργηκον
2904 1024 3289 1105 ἀποτελοῦμεν,
3373 1024 3425 1081 ἐν
3495 1029 3565 1100 τῇ
3638 1027 3739 1079 τῶν

2088 1109 2382 1169 σπουδαίων
2478 1110 2722 1179 δηλονοηι
2814 1115 2901 1170 καὶ
2986 1114 3391 1193 ἀγωνιζομένων
3472 1112 3739 1187 ἱστάμενοι

2087 1221 2239 1276 παρ;·ο
2251 1200 2395 1267 ῖάξει.

2168 1279 2278 1364 μδ’.
2336 1290 2569 1354 Πίστεως
2611 1289 2795 1357 ὅπλοις
2852 1293 2931 1348 κεὶ
2988 1293 3231 1373 μαχαίρᾳ
3270 1298 3362 1349 τοῦ
3413 1290 3736 1365 πνεύματος,

2088 1375 2255 1434 ὅέστι
2297 1379 2440 1457 ῥῆμα
2472 1387 2622 1460 Θεοῦ,
2670 1382 2730 1437 τὸ
2771 1381 2867 1449 τῆς
2914 1381 3255 1462 φιλαργυρίας
3312 1387 3520 1455 πνεῦμα
3576 1400 3739 1435 κατα-

2088 1469 2510 1543 τροπωσάμενοι,
2585 1469 2993 1551 ἀποσφέ;·ετομεν
3027 1490 3044 1507 ·
3111 1470 3224 1550 ἄρτι
3284 1472 3415 1549 πρὸς
3460 1470 3557 1538 τὴν
3598 1471 3736 1524 θεω-

364 1551 600 1631 pientia
623 1568 952 1625 currentes,
979 1560 1034 1612 et
1064 1550 1345 1613 vilitatem
1377 1552 1696 1614 visibilium
1727 1569 1834 1632 per
1853 1551 1993 1613 Ver-

2091 1556 2201 1633 ρίαν
2255 1564 2362 1611 των
2431 1554 2597 1614 ὀίιτων
2670 1550 2803 1634 μειά
2871 1557 3030 1637 λόγου
3088 1558 3270 1638 σοφίας
3325 1556 3734 1638 ἀναδρομόντες,

362 1639 504 1701 bum
534 1640 802 1703 scientia
833 1639 1256 1721 transilientes,
1315 1640 1390 1702 ad
1438 1642 1656 1721 palatia
1702 1639 1993 1702 cliaritati:

2089 1645 2176 1700 καὶ
2230 1646 2471 1724 ὑπεράνω
2540 1646 2635 1715 τῆς
2687 1648 3053 1713 ’ταπεινώσεως
3111 1648 3391 1726 γεγονότες
3447 1636 3552 1704 τῶν
3604 1648 3736 1723 ὁρω-

359 1747 495 1790 cum
525 1728 836 1793 ditissimis
864 1730 993 1809 Spei
1019 1727 1232 1791 divina
1259 1730 1559 1793 thesauris
1588 1729 1910 1792 tendimus.

438 1997 538 2060 45.
572 1995 698 2059 Alis
727 1994 1222 2076 impassibilitatis
1270 2004 1328 2057 et
1377 1994 1725 2057 humilitatis
1772 1994 1832 2055 in
1862 2012 2000 2056 aere

358 2085 616 2167 mystica
647 2084 957 2164 theologia
989 2092 1278 2156 natantes,
1308 2093 1366 2147 et
1390 2084 1449 2145 in
1472 2103 1794 2166 supernum
1814 2083 2008 2145 scien-

360 2174 452 2236 tia
482 2176 894 2254 mysteriorum
925 2172 1029 2235 Dei
1057 2173 1338 2255 abyssum
1371 2192 1505 2235 cum
1550 2181 1752 2234 sancto
1784 2173 2005 2253 Spiritu

354 2263 626 2343 ingressi,
662 2262 960 2325 sideribus
990 2264 1323 2324 divinorum
1381 2263 1719 2342 dogmatum
1749 2271 1807 2324 et
1836 2261 2001 2339 cogi-

358 2363 632 2427 tatorum,
693 2350 988 2432 superbia
1044 2350 1318 2433 spiritum
1379 2350 1776 2431 incendimus,
1810 2349 2003 2411 imbre

353 2450 550 2503 autem
581 2441 967 2522 lacrymarum
1017 2450 1074 2503 et
1122 2440 1471 2503 ﬂuminibus
1520 2438 2001 2521 compunctionis

354 2530 415 2591 in
447 2531 625 2591 ﬁnem
656 2531 1047 2592 humanarum
1074 2549 1275 2592 rerum
1304 2530 1716 2611 respicientes,
1748 2529 1997 2590 immer-

354 2619 545 2699 gimus
603 2627 723 2679 tres
779 2619 910 2698 ejus
968 2619 1293 2692 damones,
1351 2620 1451 2699 qui
1508 2618 1994 2700 prasumptione,

354 2706 515 2768 inani
548 2707 735 2784 gloria
763 2715 823 2768 et
853 2708 1132 2789 superbia
1161 2717 1370 2770 contru
1403 2727 1512 2770 nos
1542 2708 1873 2771 decertant.

433 2886 532 2949 46.
566 2883 677 2964 Qui
720 2884 1259 2966 concupiscentiam
1307 2884 1527 2960 carnis,
1559 2883 1993 2966 concupiscen-

357 2975 498 3039 tiam
528 2975 834 3037 oculorum
886 2973 1221 3056 superbiam
1278 2975 1407 3037 vita
1466 2975 1641 3052 (hanc
1671 2973 1997 3055 iniquitatis

354 3063 684 3140 mundum).
714 3082 821 3144 per
849 3082 978 3144 qua
1012 3083 1045 3124 a
1076 3063 1359 3125 charitate
1402 3062 1511 3125 Die
1540 3063 1891 3140 alienantur,
1925 3082 1995 3125 ex

350 3153 529 3215 corde
558 3153 886 3214 detestatur
913 3172 983 3214 ac
1012 3150 1287 3227 debellat,
1322 3151 1677 3231 sibimetipsi
1707 3152 1993 3214 mundum

350 3241 663 3313 cruciﬁxit,
696 3250 753 3303 et
782 3240 911 3321 ipse
940 3240 1259 3303 cruciﬁxus
1310 3249 1398 3301 est
1449 3241 1693 3316 mundo,
1727 3240 1991 3303 inimici-

349 3329 458 3391 tias
485 3330 641 3391 inter
665 3328 850 3391 Deum
882 3338 943 3392 et
985 3328 1243 3391 animam
1273 3329 1507 3391 solvens
1560 3333 1619 3389 in
1651 3347 1832 3391 carne
1864 3348 1990 3407 sua,

348 3427 407 3480 et
435 3418 662 3482 faciens
687 3426 935 3499 utraque
966 3437 1175 3479 unum.
1211 3417 1323 3491 Qui
1382 3417 1543 3480 enim
1575 3418 1691 3481 illis
1722 3437 1828 3500 per
1859 3437 1993 3480 car-

348 3508 499 3569 nalis
527 3526 740 3569 sensus
786 3507 1201 3587 spoliationem
1262 3515 1527 3568 mortuus
1573 3515 1683 3588 est,
1718 3508 1995 3569 reconci-

348 3595 512 3657 liavit
542 3604 930 3677 semetipsum
962 3597 1110 3671 Deo,
1141 3595 1342 3656 odium
1378 3595 1657 3657 mundiin
1683 3596 1996 3658 mortiﬁca-

344 3684 567 3746 tionem
609 3685 966 3767 voluptatum
1000 3701 1108 3765 per
1156 3683 1493 3745 cruciﬁxam
1546 3685 1767 3747 mundo
1817 3685 1992 3746 vitam

344 3773 735 3847 interﬁciens,
792 3782 855 3836 et
906 3771 1228 3835 amicitiam
1269 3773 1409 3835 Jesu
1461 3772 1577 3834 sibi
1633 3773 1988 3836 conciliavit.

344 3863 547 3944 Itaque
579 3862 920 3943 hujusmodi
951 3862 1041 3923 vir
1063 3863 1189 3942 jam
1240 3880 1358 3922 non
1393 3860 1670 3923 inimicus
1700 3861 1804 3924 Dei
1837 3868 1990 3936 (tan-

342 3969 521 4032 quam
548 3951 655 4014 Dei
699 3951 1021 4033 inimicus),
1056 3951 1159 4012 sed
1192 3949 1419 4012 amicus
1448 3948 1611 4011 illius
1643 3958 1755 4021 est,
1789 3958 1993 4032 utpote

2086 1730 2280 1808 μένων,
2312 1735 2402 1789 κιὰ
2430 1740 2522 1790 τοῦ
2559 1733 2720 1813 λόγου
2750 1736 2843 1804 τῆς
2873 1737 3139 1815 γνώσεως,
3205 1738 3292 1792 καὶ
3334 1737 3468 1814 πρὸς
3522 1735 3588 1790 τὰ
3629 1733 3734 1808 βα-

2084 1820 2252 1878 σίλεια
2294 1822 2389 1890 τῆς
2420 1823 2631 1902 ἆγὲπης
2664 1826 2799 1899 μετᾶ
2825 1833 2931 1881 τῶν
2973 1823 3281 1882 πολυόλϐων
3334 1828 3608 1903 θησαυρῶν
3640 1822 3735 1888 τῆς

2081 1912 2212 1989 πρὸς
2244 1913 2377 1991 Θεὸν
2404 1910 2612 1976 ἐλπίδος
2642 1912 3161 1991 ἐγκαταπαύυξντες.

2161 1989 2270 2075 με’.
2306 2006 2530 2081 Πτεροῒς
2585 1989 2834 2066 ἀπαθείας
2883 2004 2971 2058 καὶ
3027 2002 3508 2082 ταπεινοφροσύνης
3547 1999 3600 2057 ἐν
3655 2005 3733 2074 τῷ

2089 2087 2200 2167 ἀέρι
2255 2089 2351 2157 τῆς
2404 2090 2659 2166 μυστικῆς
2713 2090 2985 2170 θεολογίας
3043 2092 3360 2171 νηχόμενοι,
3407 2092 3495 2146 καὶ
3539 2090 3611 2152 εἰς
3640 2089 3730 2144 τὸν

2086 2173 2195 2232 ἄνω
2250 2178 2403 2253 βυθὸν
2448 2179 2541 2246 τῆς
2598 2179 2844 2256 γνώσεως
2889 2187 2993 2237 τῶν
3053 2181 3354 2258 μυστήρίων
3408 2187 3537 2236 Θεοῦ
3595 2177 3731 2252 μετᾶ

2082 2265 2217 2322 θείου
2288 2268 2591 2342 Πνεύματος
2658 2270 3020 2349 εἰσερχόμενοι
3082 2283 3204 2333 ταῖς
3260 2270 3560 2347 ἀστραπαῖς
3621 2270 3729 2320 τῶν

2082 2353 2268 2411 ἐνθέων
2337 2354 2613 2433 δογμάτων
2672 2359 2757 2413 καὶ
2813 2359 3119 2439 νοημάτων,
3163 2360 3225 2415 τὸ
3279 2364 3378 2425 τῆς
3437 2352 3727 2436 φιλοδοξίας

2081 2443 2481 2523 καταφλέγομεν
2530 2453 2738 2522 πνεῦμα
2768 2465 2782 2480 '
2844 2446 3059 2527 ὄμϐρους
3117 2446 3171 2503 δὲ
3228 2445 3461 2526 δακρύων
3492 2446 3579 2501 καὶ
3620 2465 3725 2499 πο-

2079 2546 2275 2608 ταμοῖς
2346 2534 2671 2599 κατανύξεως
2748 2537 2822 2599 εἷς
2886 2538 2952 2593 τὰ
3014 2536 3143 2604 τέλη
3212 2542 3320 2592 τῶν
3393 2534 3723 2611 ἀνθρωπίνων

2079 2622 2403 2700 πραγμάτων
2461 2625 2707 2703 ὁρῶντες,
2754 2626 2874 2689 τοὺς
2930 2627 3209 2705 τριστςίλτςς
3265 2626 3423 2681 αὒτοῦ
3464 2643 3725 2678 καταπον-

2077 2711 2285 2785 ’δίζομεν
2329 2708 2598 2787 δαίμονας,
2646 2714 2817 2782 αἷήσει
2866 2734 2925 2769 τε
2967 2717 3054 2771 καὶ
3095 2712 3384 2789 κενοδοξία,
3418 2713 3503 2768 καὶ
3531 2712 3724 2788 ὑπερη-

2079 2798 2256 2878 φανίᾳ,
2287 2800 2405 2856 καθ’
2446 2802 2600 2875 ἡμῶν
2629 2800 3130 2880 ἐκσερατεύσαντας,

2156 2877 2301 2963 μς’.
2338 2880 2395 2946 ιΟ
2444 2891 2540 2957 τὴν
2593 2877 2864 2966 ἐπιθυμίαν
2911 2891 3007 2960 τῆς
3051 2894 3268 2970 σαρκὸς,
3325 2892 3408 2948 καὶ
3447 2890 3543 2956 τὴν
3599 2887 3712 2942 ἐπι-

2074 2976 2258 3052 θυμίαν
2299 2980 2402 3035 τῶν
2432 2978 2736 3058 ὀφθαλμῶν,
2789 2982 2876 3037 καὶ
2917 2982 3016 3048 τὴν
3067 2979 3377 3047 ἀλαξωνείαν
3426 2984 3517 3034 τοῦ
3572 2975 3707 3054 βίου,

2074 3067 2167 3121 τὸν
2219 3066 2444 3142 κόσμον,
2505 3074 2667 3123 ταῦτα
2714 3067 2812 3135 τῆς
2870 3068 3096 3149 ἀδικίας,
3155 3068 3223 3125 δι’
3279 3071 3349 3125 ὧν
3389 3067 3484 3135 τῆς
3539 3064 3713 3146 φιλίας

2076 3152 2256 3235 ἐχθροὶ
2286 3156 2535 3233 γινόμεθα
2576 3163 2652 3231 τῷ
2684 3160 2822 3231 Θεῷ,
2878 3156 3114 3233 ἐκθύμως
3163 3160 3417 3234 μισήσας,
3469 3156 3557 3211 καὶ
3597 3154 3723 3210 ταύ-

2075 3263 2189 3307 ταις
2256 3243 2670 3320 ἀποναξάμτνος,
2745 3248 2916 3321 ἑαυτῴ
2985 3249 3075 3302 τὸν
3147 3248 3348 3321 κόσμον
3402 3244 3719 3323 ἐσταύρωσε,

2075 3333 2163 3387 καὶ
2220 3334 2372 3397 αὐτὸς
2425 3332 2722 3412 ἐτταυρώθη
2784 3336 2947 3410 αὐτῷ,
3024 3335 3181 3401 λύσας
3257 3335 3356 3400 τὴν
3429 3329 3725 3408 ἀναμεταξὺ

2076 3425 2207 3475 Θεοῦ
2236 3422 2323 3476 καὶ
2352 3421 2529 3500 ψυχῆς
2573 3420 2766 3502 ἔχθραν
2813 3422 2866 3480 ἐν
2920 3431 2988 3501 τῇ
3020 3426 3171 3503 σαρ.;ὶ
3214 3425 3394 3502 αὐτοῦ,
3431 3423 3520 3478 καὶ
3561 3421 3725 3490 ποιή-

2075 3529 2169 3573 σας
2240 3506 2294 3563 ἐν
2359 3509 2673 3589 ἀμφοτέροις
2743 3513 2981 3591 εἰρήνην,
3044 3504 3101 3570 Ὀ
3162 3513 3261 3591 γὰρ
3315 3513 3517 3575 τούτοις
3560 3507 3614 3564 ἐν
3656 3514 3727 3584 τῇ

2074 3595 2351 3655 ἀπεκδύσει
2408 3606 2499 3656 τοῦ
2564 3608 2813 3680 σαρκικοῦ
2866 3603 3199 3681 φρονήματος
3235 3600 3529 3679 νεκρωθεὶς,
3587 3619 3726 3653 κατ-

2074 3685 2297 3757 ήλλαξεν
2367 3689 2552 3744 ἑαυτὸν
2619 3696 2696 3764 τῷ
2762 3696 2897 3765 Θεῷ,
2973 3690 3283 3754 ἀποκτείνας
3345 3688 3443 3744 τὴν
3528 3686 3725 3767 ἔχθραν

2073 3786 2165 3835 τοῦ
2234 3776 2436 3853 κόσμου
2492 3777 2547 3833 ἐν
2616 3785 2693 3853 τῷ
2756 3779 3005 3858 νεκρώσει
3075 3782 3179 3836 τῶν
3235 3776 3437 3846 ἡδονῶν
3493 3774 3577 3832 διὰ
3630 3776 3724 3843 τῆς

2074 3864 2474 3942 ἐσταυρωμένης
2506 3872 2583 3941 τῷ
2631 3866 2819 3942 κόσμῷ
2865 3866 3028 3946 ζωῆς,
3083 3867 3171 3922 καὶ
3221 3866 3320 3931 τὴν
3360 3864 3496 3941 μετᾶ
3549 3861 3727 3930 Ἰησοῦ

2074 3952 2250 4033 φιλίαν
2278 3953 2575 4020 ἠσπάσατο.
2639 3955 2818 4012 Τοίνυν
2878 3959 2972 4014 0-3;:
3030 3953 3104 4011 ἔτι
3164 3957 3192 4011 ὁ
3250 3961 3482 4018 τοιοῦτος
3536 3950 3727 4031 ἐχθρὸς

342 4042 661 4103 cruciﬁxus
675 4043 917 4117 mundo,
938 4051 996 4103 et
1019 4041 1222 4103 dicere
1242 4039 1443 4101 valens
1467 4063 1479 4101 :
1514 4062 1537 4097 α
1566 4040 1712 4104 Mibi
1735 4042 1993 4105 mundus

2089 4046 2146 4108 ὃς
2176 4042 2322 4122 φίλος
2364 4050 2456 4099 τοῦ
2504 4044 2730 4120 κόσμου,
2790 4043 2928 4100 ἀλλὰ
2984 4044 3131 4124 φίλος
3187 4052 3281 4102 τοῦ
3324 4049 3453 4099 Θεοῦ
3481 4042 3724 4098 καθίστα·

2012 4154 2183 4208 Dm,
2232 4133 2303 4198 ὡς
2347 4132 2739 4212 ἐσταυρωμένος
2785 4155 2863 4207 τῳ
2909 4133 3117 4212 κόσμῳ,
3174 4134 3261 4188 καὶ
3303 4130 3582 4207 δυνάμενος
3624 4128 3727 4185 λέ-

339 4133 655 4194 cruciﬁxus
685 4143 795 4209 est,
837 4142 898 4195 et
926 4152 1032 4212 ego
1064 4132 1287 4193 mundo
1316 4133 1368 4192 5.
1410 4154 1434 4189 ο

424 4311 526 4375 47.
562 4309 820 4373 Omnino
865 4308 1168 4372 derelictis
1203 4306 1563 4370 luctantibus
1603 4314 1846 4389 propter
1887 4308 1993 4370 has

344 4398 692 4475 contingere
722 4397 876 4459 solet
907 4416 1137 4473 causas,
1170 4395 1399 4458 scilicet
1451 4395 1689 4458 inanem
1717 4395 1987 4475 gloriam,

341 4486 594 4567 proximi
623 4486 1205 4555 condemnationem,
1258 4493 1318 4546 et
1374 4484 1665 4546 elationes
1695 4486 1770 4546 de
1799 4485 1987 4547 virtu-

341 4574 521 4637 tibus.
556 4573 791 4655 Siquid
845 4575 1029 4654 igitur
1078 4574 1329 4637 istorum
1382 4574 1612 4635 animas
1640 4575 1990 4637 luctantium

337 4661 622 4725 invadens
652 4663 1022 4740 dominetur,
1077 4665 1165 4726 eis
1212 4662 1668 4725 derelictionem
1719 4683 1753 4726 a
1778 4664 1899 4728 Deo
1931 4668 1990 4729 in

338 4752 474 4829 fert,
508 4772 620 4816 nec
641 4761 917 4835 poterunt
939 4754 1082 4836 quin
1100 4755 1177 4816 de
1201 4754 1311 4814 hac
1352 4761 1482 4834 post
1505 4755 1758 4816 offensas
1777 4755 1990 4818 merito

338 4851 715 4919 accusentur,
750 4842 1137 4924 quoadusque
1169 4842 1557 4922 principalem
1583 4843 1991 4907 derelictionis

341 4948 577 4993 causam
607 4938 1003 5009 removentes,
1036 4932 1100 4992 in
1156 4930 1506 4993 humilitatis
1554 4949 1755 4995 arcem
1785 4932 1991 5013 perfu-

341 5020 526 5098 giant.

420 5315 454 5369 5
485 5312 669 5378 Calat.
700 5333 787 5398 v1,
824 5316 922 5381 14.

2009 5288 2027 5323 Ι

2072 4243 2184 4300 γειν
2216 4239 2242 4302 ⁸,
2267 4219 2421 4297 Ἐμοὶ
2446 4222 2645 4298 κόσμος
2674 4222 3021 4302 ἐσταύρωται,
3057 4222 3207 4300 κάγὼ
3234 4228 3311 4295 τῷ
3334 4221 3539 4295 κόσμῳ.

2152 4300 2263 4388 μζ’.
2324 4318 2474 4367 Πᾶσα
2531 4326 2647 4377 τοῖς
2727 4300 3142 4391 ἀγωνιζομένοις
3213 4308 3585 4389 ἐγκατάλειψς
3639 4305 3726 4363 διὰ

2070 4408 2232 4457 ταῦτα
2283 4400 2514 4478 γίνεσθαι
2561 4401 2760 4481 πέφυκε
2796 4418 2810 4432 ⁸
2858 4399 2941 4457 διὰ
2996 4397 3315 4473 κενοδοξίαν,
3373 4396 3458 4453 διὰ
3498 4398 3596 4465 τὴν
3654 4398 3726 4461 εἰς

2070 4491 2161 4547 τὸν
2235 4488 2462 4556 πλησίον
2529 4491 2860 4570 κατάκρισιν,
2930 4490 3017 4546 καὶ
3086 4487 3169 4544 διὰ
3222 4489 3319 4554 τήν
3380 4484 3465 4541 ἐπ’
3511 4486 3727 4565 ἀρεταῖς

2070 4575 2309 4658 ἔπαρσιν.
2344 4577 2411 4635 Εἴ
2440 4600 2490 4634 τι
2534 4577 2622 4635 οὖν
2649 4579 2849 4635 τούτων
2882 4577 2935 4634 ἐν
2980 4590 3100 4643 ταῖς
3131 4581 3339 4655 ψυχαῖς
3377 4576 3483 4629 τῶν
3534 4575 3728 4652 ἀγωνι-

2071 4668 2304 4744 ζομένων
2375 4666 2820 4747 προσεμπελάσαν
2884 4668 3167 4745 ἡγήσεται,
3240 4665 3339 4731 τὴν
3409 4663 3516 4719 ἀπὸ
3594 4670 3728 4721 Θεοῦ

2070 4760 2273 4823 τούτοις
2334 4756 2710 4835 ἐγκατάλειψιν
2765 4754 3009 4835 ⁵ειροξενεϊ
3041 4774 3060 4793 ο
3121 4756 3208 4811 καὶ
3269 4755 3364 4809 οὐκ
3417 4751 3481 4807 ἂν
3533 4753 3727 4819 ταύτης

2071 4848 2171 4915 τὴν
2238 4846 2323 4903 ἐπὶ
2377 4846 2625 4921 πτώμασι
2695 4843 2897 4901 δικαίαν
2967 4844 3230 4926 ἐκφύγωσι
3287 4840 3476 4920 κρίσιν,
3538 4841 3729 4921 μέχρις

2076 4939 2137 4995 οῦ
2187 4936 2287 5004 τὴν
2362 4932 2817 5015 προηγησαμένην
2888 4933 3056 4990 αἰτίαν
3134 4932 3230 4999 τῆς
3302 4926 3728 5006 ἐγκαταλείψεως

2075 5024 2510 5101 ἀποσεισάμενοι,
2543 5025 2614 5088 είς
2643 5024 2705 5080 τὸ
2733 5023 2862 5098 ὕψος
2918 5022 3015 5091 τῆς
3057 5017 3536 5099 ταπεινοφροσύνης
3590 5040 3728 5097 προ-

2076 5116 2363 5198 σφύγωσιν.
