4050 6124
249 286 379 353 873

1252 291 1792 356 PRACTICOBUM
1836 285 2172 366 CAPITUM
2217 289 2609 353 CENTURIA
2657 292 2682 352 Ι

3535 291 3657 388 874

342 414 469 498 μη’.
502 429 576 484 0-3
617 427 716 503 γὰρ
745 427 806 482 τὸ
860 425 938 502 μὴ
981 425 1284 505 καθαρεύειν
1329 424 1576 502 ἐμπαθῶν
1607 425 1914 500 νοημάτων,

2081 422 2180 484 48.
2223 425 2355 484 Non
2389 421 2547 482 enim
2590 421 2689 482 ille
2733 426 2963 484 tantum
2993 421 3264 502 impurus
3299 423 3485 486 corde
3515 426 3654 487 ani-

255 512 418 568 τοῦτό
449 513 559 569 ἐστι
593 513 752 588 μόνον
807 511 1022 594 καρδίας
1077 514 1366 594 ἀκαθαρσία
1417 515 1506 570 καὶ
1559 511 1752 577 σπῖλος
1811 511 1917 588 ψυὲ-

255 605 399 681 χῆς,
433 600 567 658 ἀλλᾶ
609 604 698 660 καὶ
757 604 818 658 τὸ
874 601 929 658 ἒν
972 601 1163 674 πλήθει
1218 603 1642 682 κατορθωμάτων
1701 602 1918 680 ἐπαίρε-

259 692 409 770 σθαι,
455 691 544 746 καὶ
584 691 644 747 τὸ
689 689 776 748 ἐπ’
825 689 1041 771 ἀρεταῖς
1093 695 1414 773 φυσιοῦσθαι,
1468 692 1558 748 καὶ
1599 692 1658 747 τὸ
1715 689 1920 768 μεγάλα

261 777 474 835 οἴεσθαι
527 779 612 836 ἐπὶ
657 781 811 860 σοφίᾳ
865 783 954 837 καὶ
1011 782 1202 860 γνώσει
1259 788 1409 860 Θεοῦ,
1470 781 1558 836 καὶ
1603 782 1664 839 τὸ
1707 781 1918 862 μέμφε-

263 869 388 924 σθαι
433 872 537 924 τῶν
589 865 824 950 ἀδελφῶν
881 870 1002 935 τοὺς
1053 870 1307 948 ῥᾳθύμους
1363 869 1449 926 καὶ
1504 868 1726 944 ἀμελεῖς
1759 887 1772 900 ⁸
1833 870 1920 926 καὶ

260 962 423 1014 τοῦτο
449 953 611 1026 δῆλον
658 957 718 1015 ὲκ
765 961 864 1026 τῆς
905 966 998 1016 τοῦ
1051 959 1369 1039 Φαρισσαίου
1424 959 1512 1014 καὶ
1563 966 1652 1016 τοῦ
1682 957 1920 1018 Τελώνου

264 1041 603 1124 παραϐολῆς.

354 1124 462 1210 μθ’.
501 1135 589 1202 Μὴ
618 1133 739 1192 οἵου
769 1141 873 1191 τῶν
915 1138 1096 1192 παθῶν
1153 1135 1422 1216 ἀνεθῆναι,
1483 1138 1570 1193 καὶ
1613 1143 1717 1192 τῶν
1759 1159 1918 1216 γενο-

272 1223 452 1299 μένων
532 1222 732 1281 ἐκεῖθεν
819 1225 1067 1300 ἐμπαθῶν
1133 1225 1416 1299 νοημάτων
1489 1227 1581 1281 τὸν
1652 1225 1752 1301 μολ
1791 1229 1924 1302 σμὸν

268 1311 547 1393 ἐκφυγεῖν,
582 1311 863 1393 ἀφέρωχον
911 1312 986 1370 ἔτι
1029 1312 1200 1394 φέρων
1249 1313 1311 1368 τὸ
1353 1313 1598 1392 φρόνημα
1627 1316 1715 1370 καὶ
1753 1314 1922 1394 ἐξωγ-

265 1400 516 1477 κωμένον
545 1399 632 1458 ἐπ’
663 1401 877 1476 ἀρεταῖς
911 1420 926 1436 ⁶
975 1402 1033 1457 οὔ
1081 1403 1181 1481 γὰρ
1213 1401 1292 1476 μὴ
1323 1399 1446 1478 ἴδῃς
1476 1404 1690 1482 εἰρήνης
1732 1403 1919 1478 αὐλὴν,

265 1489 326 1545 ἐν
383 1489 696 1568 ἀγαθωσύνῃ
738 1497 842 1548 τῶν
898 1489 1192 1569 λογισμῶν,
1240 1488 1354 1546 οῦδὲ
1402 1491 1474 1553 εἰς
1531 1493 1655 1548 ναὸν
1710 1491 1923 1570 ἀγάπης

267 1576 513 1655 εἰσέλθῃς
568 1579 703 1652 μετά
745 1585 944 1658 χαρᾶς,
990 1577 1043 1636 ἐν
1086 1579 1233 1654 πάσῃ
1285 1577 1614 1657 χρηστότητι
1675 1581 1763 1636 καὶ
1818 1603 1922 1660 γα-

263 1665 410 1742 λήνῃ
452 1662 688 1745 καρδίας,
718 1666 820 1731 ἕως
865 1671 924 1725 οὗ
970 1667 1024 1723 ἐν
1067 1669 1273 1741 σεαυτῷ
1303 1669 1572 1731 πεποιθὼς
1604 1668 1660 1724 εἴ
1691 1670 1777 1726 καὶ
1807 1683 1922 1734 τοῖς

265 1753 447 1834 ἔργοις
490 1776 604 1813 σου.

358 1833 427 1904 ν’.
463 1843 588 1900 Ἐὰν
609 1843 682 1906 εἰς
711 1841 956 1922 εὖχροίας
979 1845 1242 1919 σωμάτων
1259 1845 1586 1925 προσπάσχῃ
1603 1847 1744 1914 σουὴ
1771 1847 1924 1926 ψυχὴ

269 1929 392 1989 κατ’
444 1930 755 2007 ἒμπάθειαν,
808 1933 897 1988 καὶ
943 1933 1045 1988 ὑπὸ
1098 1939 1204 1989 τῶν
1247 1933 1446 1990 ἐκεῖθέν
1501 1956 1584 1990 σοι
1637 1932 1790 2002 δῆθεν
1835 1958 1922 1992 τι-

271 2021 548 2096 κτομένων
613 2019 862 2096 ἔμπαθῶν
917 2019 1190 2100 λογισμῶν
1259 2027 1595 2100 τυραννῆται,
1666 2025 1744 2100 μὴ
1801 2025 1926 2080 ὑπο-

269 2105 513 2184 λάμϐανε
569 2109 760 2172 ταύτας
817 2109 958 2166 εἶναι
1015 2110 1182 2174 αἰτίας
1250 2115 1349 2177 τῆς
1419 2111 1472 2167 ἐν
1537 2115 1618 2168 σοὶ
1677 2114 1922 2194 ταραχῆς

269 2198 364 2254 καὶ
446 2197 846 2273 ἐμπαθεστάτης
933 2201 1214 2270 κινήσεως⁹
1326 2198 1460 2256 ἀλλά
1553 2204 1920 2282 κεκρυμμένην

269 2284 383 2343 ἴσθι
415 2284 560 2350 ἐντὸς
604 2287 746 2342 εἶναι
787 2286 887 2354 τὴν
915 2287 1084 2344 αἰτίαν
1123 2293 1223 2356 τῆς
1268 2294 1368 2356 σῆς
1414 2293 1622 2371 ψυχῆς,
1668 2292 1741 2354 ὡς
1785 2290 1924 2347 λίθον

271 2373 540 2450 μαγνῆτίν
597 2395 736 2448 τινα,
781 2372 1036 2432 ἕλκουσαν
1093 2378 1224 2456 πρὸς
1267 2377 1459 2446 ἑαυτὴν
1514 2377 1725 2456 δυνάμει
1769 2379 1924 2446 ἕξεως

272 2463 545 2538 ἐμπαθοῦς
619 2464 708 2518 καὶ
783 2470 1014 2542 πονηρᾶς
1099 2467 1370 2532 συνηθείας
1451 2467 1550 2535 τὴν
1634 2468 1739 2525 ἀπὸ
1820 2475 1926 2524 τῶν

271 2550 546 2608 ποσώπων
575 2549 773 2626 λύμην,
805 2553 878 2616 ὡς
930 2550 1162 2632 σίδηρον,
1207 2553 1319 2611 ἐπεὶ
1365 2558 1453 2612 καὶ
1506 2557 1764 2632 κτίσματα
1796 2565 1928 2614 Θεοῦ

271 2641 472 2714 πάντα,
504 2642 592 2697 καὶ
618 2639 733 2698 λίαν
775 2648 852 2716 τῷ
889 2640 1002 2717 ἰδίῳ
1031 2641 1175 2721 λόγῳ
1217 2643 1374 2718 καλὰ,
1416 2643 1617 2722 μηδένα
1643 2645 1794 2704 λόθον
1822 2669 1926 2704 κασ-

267 2729 508 2811 τήγορον
535 2728 735 2811 ἔχοντα
775 2735 874 2798 τῆς
905 2729 1149 2796 πλάσεως
1175 2740 1267 2790 τοῦ
1311 2742 1461 2796 Θεοῦ.

363 2807 469 2875 να’.
535 2801 730 2898 εἰὶσπερ
791 2822 838 2875 οἱ
905 2818 1172 2877 θάλασσαν
1228 2824 1592 2902 περαιούμενοι
1654 2826 1742 2880 καὶ
1797 2847 1926 2880 ναυ-

2000 529 2216 590 maque
2245 509 2588 591 inquinatus
2620 518 2726 583 est,
2762 509 2862 592 qui
2894 509 3219 572 immundis
3253 513 3455 573 sordet
3479 515 3646 594 cogi-

2003 600 2344 680 tationibus,
2371 600 2472 660 sed
2495 600 2669 659 etiam
2705 599 2806 658 ille
2837 599 2936 680 qui
2962 598 3131 659 bonis
3151 599 3650 684 exaltatumperi-

2001 685 2114 747 bus
2143 706 2212 748 ac
2241 688 2314 747 de
2348 686 2660 749 virtutibus
2690 686 2963 762 inlumei,
3001 687 3098 767 qui
3155 704 3370 764 magna
3420 709 3646 769 praesu-

2005 775 2110 836 mit
2153 776 2225 836 de
2255 795 2360 836 sua
2391 776 2680 856 sapientia
2729 775 2956 854 Deique
3009 775 3235 844 notitia.
3293 777 3392 856 qui
3443 779 3653 842 fratres

2002 863 2234 924 incusat
2275 864 2486 926 molles
2517 874 2575 924 et
2598 865 3002 952 negligentes.
3047 873 3241 952 .ttque
3289 865 3436 928 illud
3491 877 3657 952 patet

2005 970 2072 1013 ex
2107 953 2388 1015 Pharisaei
2418 963 2476 1014 et
2505 951 2813 1016 l'ubltcani
2846 953 3126 1030 parabola
3156 951 3210 1015 6.

2084 1129 2161 1191 49
2221 1128 2306 1190 No
2353 1137 2521 1210 putes
2569 1139 2623 1190 te
2673 1148 2705 1189 a
2752 1127 3129 1210 cupidatibus
3180 1130 3436 1193 solutum
3497 1152 3658 1214 esse,

2008 1228 2066 1278 et
2097 1237 2403 1298 pravarum
2463 1237 2606 1298 quas
2659 1220 2892 1298 pariunt
2944 1219 3367 1296 cogitationum
3421 1221 3660 1286 fmdita-

2009 1315 2128 1368 tem
2177 1307 2418 1386 fugisse,
2471 1309 2735 1387 quandiu
2789 1324 3036 1370 semun
3080 1309 3275 1370 adhuc
3310 1329 3428 1390 pra;
3459 1321 3512 1372 te
3543 1313 3662 1376 fers

2007 1396 2326 1478 superbum
2360 1417 2432 1458 ac
2462 1403 2536 1456 de
2569 1397 2877 1458 virtutibus
2910 1399 3478 1480 tumentem..‘leqtte
3501 1404 3658 1464 enim

2007 1486 2234 1547 videbis
2289 1487 2446 1568 pacis
2525 1486 2800 1566 palatium
2869 1487 2928 1546 in
2967 1486 3140 1548 bonis
3171 1489 3656 1569 cogitationibus,

2008 1593 2200 1655 neque
2252 1574 2534 1653 templum
2592 1573 2899 1636 charitalis
2951 1575 3118 1635 laetus
3175 1576 3534 1654 ingredieris
3593 1580 3656 1641 in

2007 1664 2169 1724 omni
2221 1663 2482 1724 bonitate
2537 1671 2593 1723 et
2646 1663 3070 1743 tranquil'itate
3121 1664 3341 1744 cordis,
3392 1668 3654 1746 quandtu

1946 1785 1985 1834 Β
2009 1753 2258 1813 confidis
2289 1753 2347 1812 in
2377 1751 2563 1830 teipso
2599 1751 2830 1832 tuisque
2860 1751 3168 1831 operibus.

2093 1841 2192 1903 50.
2228 1840 2288 1903 Si
2319 1860 2589 1903 amoenos
2611 1859 2924 1920 corporum
2955 1842 3186 1901 colores
3216 1841 3413 1902 anima
3442 1851 3538 1904 tua
3557 1863 3659 1908 cu-

2014 1930 2152 2011 pide
2181 1939 2436 2012 appetat,
2474 1940 2532 1992 et
2565 1929 2758 2010 pravis
2781 1929 3232 2009 cogitationibus
3255 1931 3393 1992 inde
3415 1933 3657 1995 orienti-

2010 2019 2122 2081 bus
2153 2021 2456 2092 inserviat,
2493 2038 2568 2080 ne
2601 2020 2910 2080 arbitreris
2941 2019 3074 2080 illos
3101 2039 3231 2080 esse
3255 2039 3462 2082 causas
3484 2023 3658 2084 velte—

2007 2109 2468 2169 metissimorum
2503 2107 2718 2188 quibus
2751 2106 3118 2187 perturbaris
3159 2108 3513 2188 impetuum,
3550 2111 3652 2172 sed

2007 2205 2150 2278 sctto
2193 2217 2388 2258 veram
2413 2198 2470 2258 in
2497 2196 2780 2257 interiore
2816 2197 3012 2256 anima
3036 2207 3134 2258 tua
3157 2197 3339 2256 latere
3376 2217 3610 2259 causam
3637 2249 3652 2280 ,

2007 2305 2158 2367 qum,
2195 2287 2345 2346 sicut
2380 2286 2523 2366 lapis
2554 2285 2919 2364 magneticus
2970 2286 3213 2359 ferrum,
3250 2285 3302 2346 vi
3346 2285 3653 2349 libidinosi

2008 2376 2287 2456 pravique
2337 2377 2573 2437 habitus
2624 2395 2656 2435 a
2714 2375 2969 2435 vultibus
3015 2377 3229 2436 malum
3279 2373 3352 2435 ad
3385 2376 3648 2456 seipsam

2008 2467 2264 2526 attrahit.
2331 2468 2554 2526 Omnes
2608 2484 2846 2524 omnem
2909 2463 3010 2524 Dei
3068 2473 3355 2525 creaturae
3417 2465 3656 2545 propria

2009 2562 2216 2614 natura
2247 2560 2382 2614 sunt
2411 2553 2579 2613 valde
2614 2553 2803 2627 home,
2859 2571 2968 2613 nec
3012 2552 3192 2612 ullam
3239 2551 3462 2613 habent
3513 2571 3653 2633 pro-

2013 2643 2320 2722 prietatcm
2353 2662 2482 2723 quae
2512 2661 2659 2722 opus
2693 2643 2795 2705 Dei
2831 2641 3253 2722 reprehendat.

2090 2821 2189 2880 51.
2227 2818 2390 2881 Sicut
2424 2818 2787 2896 lrajicientes
2819 2837 2982 2879 mare
3019 2837 3088 2879 ac
3117 2826 3495 2894 nauseantes,
3532 2838 3652 2881 non

276 2911 523 2986 τιῶντες,
557 2910 616 2966 οὗ
657 2908 800 2986 παρά
845 2907 942 2974 τὴν
997 2914 1094 2976 τῆς
1149 2909 1416 2978 θαλάσσης
1473 2913 1620 2993 φύσιν
1660 2914 1923 2992 πάσχουσι

2020 2918 2252 2988 propter
2281 2917 2546 2968 naturam
2583 2907 2764 2968 maris
2795 2908 2904 2968 hcc
2937 2907 3256 2988 patiuntur.
3290 2909 3395 2968 sed
3424 2907 3498 2968 ob
3519 2928 3660 2970 cau-

269 3001 456 3069 τοῦτο,
515 2993 650 3054 ἀλλὰ
697 2997 839 3075 παρὰ
894 2997 990 3065 τὴν
1040 3004 1136 3066 τῆς
1197 2997 1396 3056 ἔνδοθεν
1458 3001 1923 3081 προαποκειμένης

2020 3017 2134 3057 sam
2163 2997 2568 3070 inttinsecam,
2608 3015 2818 3074 nempe
2853 2996 3160 3057 humorem
3199 2998 3496 3076 pulridutn
3527 3020 3540 3058 :
3568 2998 3656 3060 sic

269 3085 448 3148 αἰτίας
504 3090 596 3140 τοῦ
637 3085 932 3152 σεσηπότος
981 3094 1181 3167 χυμοῦ,
1229 3088 1366 3144 οὕτω
1421 3065 1513 3145 καί
1563 3091 1597 3158 ἡ
1657 3091 1835 3170 ψυχὴ,
1868 3091 1923 3148 οὔ

2020 3096 2068 3148 et
2118 3085 2335 3160 anima,
2392 3105 2510 3146 non
2561 3094 2803 3164 prepter
2853 3085 3064 3156 vultus,
3117 3065 3220 3145 sed
3273 3097 3517 3166 propter
3557 3091 3655 3148 in-

244 3173 421 3257 ςπαρά
447 3172 544 3240 τὴν
574 3179 680 3229 τῶν
727 3173 1024 3254 προσώπων
1081 3177 1272 3256 αἰτίαν,
1333 3175 1468 3235 ἀλλά
1509 3179 1651 3256 παρά
1701 3179 1798 3246 τὴν
1827 3180 1923 3245 τῆς

2020 3175 2324 3236 lrinsecam
2381 3175 2515 3235 mali
2564 3175 3078 3247 consuetudinem,
3137 3173 3292 3235 intra
3346 3194 3410 3234 se
3473 3176 3653 3238 vehe-

271 3259 357 3318 ’ἐτι
387 3259 804 3338 ἐναποκειμένης
845 3270 937 3320 τοῦ
969 3275 1134 3324 κακοῦ
1179 3264 1356 3347 ἕξεως,
1411 3265 1463 3324 ὲν
1512 3272 1645 3344 αὕτη
1687 3270 1779 3324 τὸν
1823 3269 1923 3344 ἐμ-

2020 3263 2441 3326 mentissimum
2517 3264 2676 3325 subit
2754 3263 3094 3344 cupiditatis
3144 3263 3430 3344 impetum
3461 3273 3522 3325 et
3551 3275 3650 3327 tu-

271 3349 606 3436 παθέατατον
647 3353 921 3432 ὑφίσταται
949 3350 1138 3410 κλόνον
1167 3355 1254 3410 καὶ
1283 3355 1540 3436 τάραχον.

361 3427 465 3516 νβ’.
502 3441 648 3496 Κατὰ
673 3427 772 3507 τὴν
815 3438 1014 3498 ἔνδοθεν
1057 3439 1280 3499 διάθεσιν
1487 3449 1693 3524 ψυχῆς,
1728 3444 1924 3502 συναλ-

268 3527 542 3584 λςιοῦσθαι
571 3527 770 3609 πέφυκε
799 3531 888 3586 καὶ
916 3531 950 3598 ἡ
994 3530 1147 3610 φύσις
1205 3531 1338 3599 αὒτή
1396 3540 1500 3589 τῶν
1543 3534 1868 3612 πραγμάτων
1905 3553 1921 3570 ⁶

2017 3355 2288 3416 multum.

2088 3445 2187 3505 35:2.
2227 3446 2336 3505 I’ro
2367 3442 2602 3504 interno
2645 3440 2857 3502 animm
2891 3439 3116 3512 habitu,
3153 3447 3411 3502 mutatur
3443 3452 3653 3504 natura

2007 3531 2136 3612 ipsa
2185 3550 2408 3592 rerum.
2470 3530 2716 3602 Quando
2774 3529 2950 3608 igitur
3004 3529 3331 3590 secundum
3385 3541 3652 3592 naturam

273 3615 405 3674 ὅταν
450 3615 538 3672 οῦν
581 3618 717 3673 κατὰ
775 3618 924 3698 φύσιν
980 3617 1193 3675 ἵσταται
1236 3622 1370 3698 αὖτῇ
1424 3624 1490 3677 τα
1545 3625 1696 3700 νοερὰ
1739 3625 1923 3690 αἰσθη-

2020 3621 2446 3680 constituuntur
2477 3619 2903 3679 intellectuales
2934 3617 3092 3678 illius
3123 3637 3355 3692 sensus,
3390 3627 3448 3678 et
3484 3637 3655 3680 mens

269 3706 457 3784 τήρια,
501 3707 591 3762 καὶ
637 3709 666 3762 ὁ
709 3713 827 3770 νοῦς
884 3709 1002 3786 περὶ
1057 3709 1180 3771 τοὺς
1245 3709 1434 3786 λόγους
1482 3715 1587 3766 τῶν
1631 3712 1923 3788 γεγονότων

2020 3709 2270 3768 rationes
2295 3727 2492 3768 rerum
2520 3717 2682 3768 recte
2715 3707 3304 3786 perlustrat,ratione
3339 3715 3656 3785 penetrans

270 3792 528 3858 ἀπλανῶς
585 3793 760 3873 ὁδεύῃ,
834 3797 925 3852 τὸν
981 3795 1141 3874 λόγον
1198 3795 1343 3877 ἔχων
1408 3796 1780 3878 διατρανοῦντα
1837 3801 1923 3872 τὰς

2020 3815 2218 3856 earum
2255 3806 2488 3856 naturas
2522 3805 2579 3855 et
2610 3805 2824 3867 motus,
2876 3803 3010 3854 tunc
3052 3795 3134 3853 illi
3179 3797 3504 3854 secundum
3543 3814 3655 3855 na-

275 3883 461 3964 φύσεις
518 3884 605 3938 καὶ
660 3883 753 3948 τὰς
809 3885 1046 3954 κινήσεις
1107 3884 1297 3966 αὖτῶν,
1348 3887 1486 3942 κατά
1541 3887 1692 3967 φύσιν
1749 3889 1923 3966 ὁρᾶται

2020 3893 2204 3945 turam
2239 3886 2512 3945 videnlur
2541 3903 2636 3944 res
2668 3893 2725 3944 et
2757 3901 3020 3962 persona}
3051 3884 3366 3962 omniaque
3390 3885 3659 3945 materia-

264 3975 404 4048 αὐτῇ
435 3971 523 4027 καὶ
575 3971 642 4026 τὰ
693 3972 1005 4053 πράγματα,
1065 3975 1154 4030 καὶ
1195 3975 1262 4030 τὰ
1316 3975 1598 4054 πρόσωπα,
1645 3977 1734 4031 καὶ
1785 3982 1923 4032 πᾶσα

2020 3974 2090 4034 lia
2119 3992 2388 4054 corpora,
2426 3992 2533 4033 nec
2567 3972 2741 4032 ullam
2779 3971 2992 4030 habent
3025 3971 3308 4031 latentem
3366 3971 3658 4050 perniciei

268 4061 425 4142 φύσις
490 4057 684 4117 ἑνύλων
754 4062 1040 4142 σωμάτων,
1107 4062 1185 4138 μὴ
1243 4061 1438 4144 ἔχοντά
1494 4086 1610 4120 τινα
1673 4062 1844 4140 λύμης
1889 4065 1923 4134 ἢ

2020 4063 2100 4123 vel
2135 4062 2476 4123 nucumettti
2519 4080 2776 4120 causam.
2801 4059 3050 4131 Quando
3081 4069 3276 4119 autem
3304 4075 3508 4136 contra
3542 4080 3652 4121 ua-

266 4147 476 4227 βλάβης
519 4147 951 4229 ἐγκεκρυμμένην
1016 4152 1206 4209 αἰτίαν.
1301 4161 1437 4209 Οταν
1507 4151 1561 4208 δὲ
1633 4154 1775 4231 παρά
1833 4155 1923 4235 ερύ-

2020 4165 2198 4212 turatn
2232 4160 2542 4210 moventur
2573 4150 2840 4228 ejusdem
2885 4149 3216 4228 facultates,
3266 4157 3469 4209 contra
3519 4168 3654 4211 sese

270 4261 357 4296 σιν
411 4237 575 4305 αὖτῆς
632 4240 684 4294 αἱ
731 4235 978 4313 δυνάμεις
1033 4245 1306 4311 κινῶνται,
1353 4242 1485 4320 πρὸς
1541 4242 1728 4306 ἑαυτὰς
1788 4264 1922 4298 στα-

2020 4239 2259 4300 invicem
2295 4238 2690 4316 insurgentes,
2747 4245 2885 4297 tunc
2919 4237 3019 4296 illa
3051 4247 3253 4296 contra
3295 4247 3564 4298 naturam
3601 4238 3656 4298 ei

271 4327 568 4402 σιάζουσαι,
629 4327 770 4406 παρὰ
814 4328 964 4408 φύσιν
1013 4328 1148 4406 αὒτῇ
1198 4332 1285 4387 καὶ
1339 4337 1504 4388 ταῦτα
1560 4333 1740 4411 ὁρᾶται
1771 4347 1784 4361 ⁸
1846 4333 1923 4408 μὴ

2020 4329 2306 4404 videntur,
2339 4338 2536 4406 atque,
2572 4325 2790 4386 nedum
2827 4344 2930 4406 per
2961 4325 3288 4386 naturalem
3319 4345 3487 4386 suam
3523 4328 3658 4408 pul-

275 4414 365 4473 διὰ
420 4420 518 4483 τῆς
576 4420 801 4497 φυσικῆς
858 4417 1028 4474 αὐτῶν
1085 4417 1348 4486 κολλονῆς
1417 4421 1549 4499 πρὸς
1607 4421 1924 4487 κατανόησιν

271 4511 372 4562 τοῦ
421 4511 787 4583 γενεσιουργού
842 4506 1038 4572 ταύτην
1119 4506 1406 4588 ἀνάγοντα,
1482 4507 1618 4564 ἀλλά
1673 4505 1756 4566 διὰ
1827 4514 1926 4576 τῆς

271 4593 678 4670 ἒμπαθεστάτης
721 4591 878 4658 ἕξεως
929 4597 1096 4662 αὐτῆς
1139 4597 1212 4658 εἰς
1273 4596 1426 4674 βυθὸν
1481 4595 1748 4662 ἀπωλείας
1802 4619 1928 4654 κατ-

270 4684 493 4762 ἄγοντα.

355 4760 459 4851 νγ’.
494 4774 554 4830 Εἰ
601 4772 886 4839 πέπτωκας
943 4773 1367 4856 ἐγκαταλειφθεὶς
1421 4775 1666 4851 πτώματι
1709 4776 1924 4854 σαρκὸς,

269 4862 309 4930 ἢ
341 4859 610 4942 γλώττης,
643 4862 679 4930 ἢ
727 4861 1008 4941 λογισμοῦ,
1069 4864 1317 4921 ἐπίπονον
1373 4863 1542 4921 ἕλκων
1592 4865 1680 4920 καὶ
1733 4865 1930 4944 τραχύ-

272 4971 434 5008 τατον
464 4950 600 5031 βίον,
631 4951 710 5026 μὴ
765 4949 907 5017 ξένον
961 4952 1116 5009 τοῦτο
1168 4953 1256 5010 καὶ
1311 4950 1598 5033 παραδοξόν
1656 4974 1738 5009 σοι
1766 4973 1924 5008 κατα-

265 5044 412 5120 φανῆ
443 5057 458 5072 ⁸
505 5040 597 5096 σὸν
639 5041 740 5120 γάρ
795 5040 905 5097 ἐστι
961 5043 1024 5098 τὸ
1077 5049 1296 5118 πτῶμα,
1357 5043 1448 5098 καὶ
1505 5041 1610 5098 ἀπὸ
1672 5047 1768 5108 τῆς
1827 5047 1925 5108 σῆς

269 5128 442 5191 αἰτίας
474 5148 490 5164 ο
555 5129 599 5184 εἰ
640 5129 720 5204 μὴ
785 5130 884 5208 γὰρ
949 5131 1104 5194 αὐτὸς
1164 5131 1200 5199 ἢ
1256 5131 1437 5208 καινόν
1493 5151 1542 5185 τι
1585 5136 1792 5208 πρῶτον
1839 5131 1927 5186 καὶ

265 5216 432 5293 ὄγκου
476 5219 707 5297 μεστὸν,
743 5219 818 5281 ὡς
870 5218 965 5274 οὒκ
1019 5218 1248 5298 ὤφελον,
1309 5221 1490 5294 ᾠήθης
1547 5220 1664 5298 περὶ
1708 5224 1924 5293 σαυτοῦ,

266 5303 306 5373 ἢ
375 5306 712 5386 κατεπήρθης
790 5306 966 5386 ἑτέρου
1021 5306 1317 5384 ἀλαζονικῴ
1377 5313 1454 5382 τῷ
1511 5308 1830 5386 φρονήματι,
1891 5306 1927 5374 ἢ

268 5393 479 5472 ἔκρινας
522 5393 577 5450 ἐν
619 5394 856 5468 ἀσθενείᾳ
903 5397 1106 5476 φύσεως
1155 5396 1484 5476 ἀνθρωπίνης
1543 5396 1682 5476 τινα,
1727 5397 1824 5452 οῦκ
1865 5393 1926 5450 ἂν

341 5559 376 5611 ο
403 5575 573 5640 xvm,
621 5565 698 5625 to
730 5580 904 5645 seqq.

603 5739 856 5806 Ρλτιοι..
891 5739 1001 5806 Gn.
1034 5739 1200 5808 CXX.

2011 4417 2406 4478 chritudinem
2439 4417 2510 4476 ad
2546 4415 2812 4477 notitiam
2845 4414 3142 4477 llreatot‘is
3174 4415 3361 4494 ipsam
3393 4417 3650 4498 eleveut,

2013 4523 2140 4567 eam
2185 4514 2388 4564 contra
2435 4511 2674 4584 propter
2714 4504 3097 4564 libidinosum
3139 4503 3326 4583 ipsius
3357 4503 3650 4582 habitum,

2012 4594 2084 4654 ad
2115 4591 2386 4673 abyssum
2419 4591 2766 4673 perditionis
2787 4592 3110 4654 deducunt.

2093 4769 2190 4834 53.
2217 4768 2275 4831 Si
2300 4767 2616 4829 infeliciter
2637 4767 3107 4850 ceciderislapsu
3123 4769 3341 4842 carnis,
3365 4769 3655 4847 linguzeve

2010 4867 2111 4920 aut
2140 4859 2530 4937 cogitationis,
2579 4857 2931 4918 laboriosam
2980 4857 3491 4938 asperrimamque
3533 4866 3657 4918 tra-

2010 4949 2163 5010 ltens
2194 4949 2392 5020 vitam,
2422 4967 2495 5006 tte
2527 4947 2638 5008 ltoc
2673 4955 2734 5007 ut
2757 4949 3050 5023 singulare
3083 4955 3137 5006 et
3169 4944 3522 5006 incredibile
3555 4964 3654 5005 ar-

2011 5035 2276 5106 ltitrcris;
2298 5055 2428 5096 nam
2453 5046 2682 5096 tunscst
2701 5037 2918 5114 lapsus,
2945 5044 3116 5115 teque
3136 5033 3656 5106 ltztbetauctorem,

2011 5136 2068 5186 et
2100 5125 2211 5185 ttisi
2263 5125 2423 5204 prius
2473 5125 2598 5204 ipse
2640 5125 2962 5184 insolenter
3011 5137 3069 5183 et
3119 5131 3462 5198 arroganter
3498 5123 3569 5182 de
3604 5131 3660 5184 te

2011 5217 2302 5274 sensisses
2354 5213 2528 5293 (quod
2571 5215 2724 5274 Dens
2753 5233 2784 5272 ει
2818 5233 2908 5272 mc
2953 5219 3216 5280 ﬂVttl'lJl),
3267 5211 3358 5271 vel
3410 5211 3658 5271 alterum

2011 5303 2270 5382 superbo
2289 5302 2486 5362 animo
2518 5300 2914 5380 deSpexiSses.
2946 5299 3031 5358 vel
3051 5297 3662 5378 aliquemjudicasses

2010 5392 2070 5452 in
2104 5389 2446 5452 infirmitate
2481 5397 2701 5449 neturm
2737 5389 3027 5462 humanae,
3073 5405 3189 5446 non
3222 5385 3324 5462 ita,
3360 5386 3522 5465 justo
3551 5387 3662 5450 Dei
