4050 6124
518 282 637 349 875
1823 278 2127 346 ΝΙΟΕΤιΕ

2229 278 2599 345 ECTOBATI
3797 284 3906 346 876

508 417 743 499 judicio
763 417 1109 492 derelictus,
1143 425 1304 479 tuam
1334 414 1521 497 ipsius
1554 412 1898 494 agnovisses
1921 402 2140 473 infirmi

2250 413 2673 496 ἐγκαταλειφθεὶς
2736 419 2899 496 κρίσει
2954 415 3127 488 δικαίᾳ
3187 424 3339 492 Θεώ,
3396 417 3499 484 τὴν
3558 418 3753 477 ἑαυτοῦ
3807 418 3901 474 ἐπα

521 515 726 585 tatem,
759 516 824 569 ut
852 507 995 570 inde
1023 506 1288 568 disceres
1316 522 1434 566 non
1458 505 1755 584 judicare,
1794 522 1913 563 non
1942 511 1999 564 te
2030 502 2140 583 plu:

2248 502 2413 581 έγνως
2444 505 2733 573 ἀσθένειαν,
2769 503 2933 583 ἔγνως
2977 503 3055 577 δέ,
3087 504 3160 563 ’ἶν’
3215 504 3448 564 ἐντεῦθεν
3480 506 3662 581 μάθῃς
3692 506 3776 582 μὴ
3802 507 3903 586 κρί-

517 615 687 680 equo
718 596 1037 672 mstimare,
1068 614 1189 658 non
1219 593 1535 674 desPicere
1562 610 1945 674 quemquam.

2245 613 2371 663 νειν,
2407 594 2485 669 μὴ
2541 608 2754 674 φρονεῖν
2797 592 2921 674 παρ’
2978 594 3007 650 ὃ
3052 592 3137 653 δεῖ
3177 608 3419 674 φρονεῖν,
3479 595 3561 669 μή
3622 617 3770 659 τινος
3800 618 3901 653 κα-

2246 683 2604 761 τεπαίρεσθαι,

596 776 695 841 54.
732 777 959 858 Lapsus
1006 775 1069 836 in
1111 774 1396 853 abyssum
1438 770 1759 849 malorum,
1792 768 2038 831 minime
2081 770 2140 830 (lt

2325 761 2422 834 νδ’,
2457 772 2757 835 Πεπτωκὼς
2787 773 2860 835 εἰς
2889 772 3024 849 βάθη
3074 777 3275 852 κακῶν,
3322 769 3587 847 μηδαμῶς
3630 773 3738 839 τὴν
3768 773 3896 829 ἀνα-

517 865 712 929 salute
736 866 1044 945 desperes,
1063 862 1296 925 etiamsi
1311 863 1382 923 ad
1408 867 1671 923 extrema
1693 858 1927 919 delatus
1950 858 2140 920 fuisse:

2241 858 2429 927 κλησιν
2487 860 2810 937 ἀπελπίσῃς,
2875 862 2918 917 εί
2974 863 3062 917 καὶ
3115 861 3187 923 εἷς
3245 859 3501 939 πέταυρον
3556 860 3898 940 κατανέχθης

513 954 733 1017 inferni
764 952 1044 1036 nequitia;
1073 948 1420 1015 transtra.Si
1452 949 1610 1010 enim
1636 946 1913 1029 practicis
1935 948 2140 1009 virtuti

2241 949 2471 1031 ἔσχατον
2500 950 2624 1025 ᾅδου
2665 953 2852 1016 κακίας
2888 968 2901 981 ·
2962 953 3006 1007 εί
3057 952 3156 1031 γὰρ
3212 964 3333 1015 ταῖς
3389 949 3725 1029 ἐμπράκτοις
3771 952 3896 1030 ἀρε-

513 1041 626 1106 bus
668 1044 1037 1126 propositum
1081 1059 1325 1120 semper
1372 1038 1526 1116 apud
1575 1046 1633 1098 te
1682 1037 1899 1098 habeas
1944 1036 2140 1126 funda-

2238 1054 2359 1105 ταῖς
2418 1038 2916 1120 προκαταϐληθέντα
2985 1044 3190 1120 θερμῶς
3257 1042 3350 1096 τὸν
3418 1039 3666 1115 θεμέλιον
3750 1039 3898 1120 ἔχεις

515 1125 782 1194 mentum
816 1130 1077 1212 pietatis,
1109 1129 1250 1190 licet
1295 1128 1474 1207 hujus
1501 1126 1841 1202 aediﬁcium,
1883 1125 2037 1205 quod
2084 1145 2140 1187 ei

2236 1131 2377 1207 παρᾶ
2420 1132 2501 1186 σοὶ
2546 1136 2645 1197 τῆς
2690 1129 2975 1210 εύσεϐείας,
3037 1132 3080 1186 εἰ
3138 1132 3225 1186 καὶ
3280 1134 3482 1185 πτῶσιν
3533 1129 3747 1197 ὑπέστη
3792 1152 3895 1186 κα-

514 1219 691 1283 variis
745 1230 1160 1283 ct-nstruxeras
1216 1216 1448 1278 virtutis
1494 1214 1811 1296 lapidibus,
1877 1232 2140 1275 eversum

2234 1220 2503 1275 τασεισθέν
2551 1222 2611 1276 τὸ
2655 1219 2997 1295 οἰκοδομηθὲν
3052 1219 3247 1285 ταύτης
3306 1217 3513 1295 οἴκημα
3561 1221 3710 1298 παρὰ
3776 1227 3894 1294 σοῦ,

512 1310 807 1373 corruerit
836 1326 1023 1389 usque
1050 1307 1122 1368 ad
1158 1305 1549 1388 pessimarum
1597 1303 1936 1382 cupidatum
1987 1303 2140 1384 pavi-

2235 1308 2295 1365 ἐκ
2366 1306 2624 1388 διαφόρων
2689 1308 2844 1365 λίθων
2903 1314 3001 1376 τῆς
3060 1309 3277 1387 ἀρετῆς,
3337 1307 3437 1371 ἕως
3507 1305 3734 1388 ἐδάφους
3792 1314 3895 1375 τῆς

516 1405 809 1479 mentum,
857 1394 1248 1459 nihilominus
1291 1412 1407 1455 non
1438 1391 1819 1453 obliviscetur
1848 1393 2005 1454 Deus
2040 1411 2140 1452 an-

2234 1397 2633 1473 ἐμπαθεστατης
2682 1404 2785 1477 γῆς
2840 1405 2947 1455 τῶν
3002 1399 3205 1471 κακῶν,
3261 1395 3379 1453 ἀλλ’
3437 1400 3533 1456 οὒκ
3580 1396 3897 1467 ἐπιλησθή-

515 1487 711 1569 tiquos
759 1493 891 1548 tuos
918 1485 1172 1564 labores,
1223 1501 1293 1545 ac
1338 1481 1610 1560 sudores,
1645 1483 1691 1541 si
1724 1479 2047 1541 contritum
2077 1482 2140 1541 de

2234 1488 2381 1542 σεταί
2407 1509 2501 1544 σου
2550 1494 2656 1544 τῶν
2713 1487 2955 1544 παλαιῶν
3012 1487 3188 1543 πόνων
3243 1487 3331 1542 καὶ
3386 1483 3617 1563 ἱδρώτων
3666 1489 3695 1543 ὁ
3729 1489 3896 1561 Θεὸς,

516 1568 632 1638 tuis
662 1574 921 1657 peccatis
950 1593 1053 1635 cor
1082 1573 1323 1645 habeas,
1379 1578 1438 1632 et
1492 1585 1724 1630 memor
1773 1568 2140 1649 antiquorum

2233 1574 2351 1653 εἴγε
2394 1576 2838 1656 συντετριμμένην
2869 1576 2953 1632 ἐπὶ
2983 1590 3101 1641 τοῖς
3150 1574 3398 1650 πτώμασί
3452 1598 3546 1632 σου
3586 1577 3687 1643 τὴν
3747 1598 3895 1654 καρ-

516 1656 776 1738 dierum,
826 1663 1053 1744 lapsum
1096 1680 1232 1722 cum
1274 1657 1592 1738 gemitibus
1634 1657 1736 1751 tibi
1793 1676 2036 1718 revoces
2088 1656 2140 1717 in

2233 1661 2342 1720 δὲαν
2370 1665 2570 1744 φέροις,
2615 1665 2961 1741 μεμνημένην
3002 1686 3061 1721 τε
3102 1667 3317 1743 ἡμερῶν
3354 1664 3613 1744 ἀρχαίων,
3666 1667 3757 1720 καὶ
3788 1667 3896 1733 τὴν

513 1760 833 1833 conspectu
865 1751 1045 1813 illius.
1075 1748 1424 1829 Respiciens
1450 1745 1611 1807 enim
1659 1744 1820 1806 brevi
1870 1745 2140 1825 respiciet

2238 1754 2429 1821 ἑαυτῆς
2487 1752 2919 1829 ἀνακαλουμένην
2965 1760 3167 1810 πτῶσιν
3221 1752 3276 1808 ἐν
3317 1765 3663 1830 στεναγμοῖς,
3723 1754 3897 1812 αὺτοῦ

514 1848 574 1905 te
604 1851 956 1903 trementem
982 1856 1290 1901 sermones
1316 1836 1505 1915 ipsius
1527 1835 1581 1915 ⁷,
1609 1844 1921 1914 tangetque
1949 1833 2140 1895 invisi-

2235 1839 2658 1903 κατ’-ἐνώπιον.
2721 1841 3052 1900 Ἐπιὸλέπων
3123 1843 3224 1922 γὰρ
3288 1837 3629 1915 ἐπιϐλέψεται
3686 1842 3895 1919 τάχιον

511 1930 714 1993 biliter
742 1931 945 1993 oculos
972 1928 1169 1990 cordis
1195 1925 1278 1987 tui
1308 1924 1586 2004 dolentis,
1614 1932 1672 1984 et
1702 1923 1995 1984 laboriose
2017 1924 2140 2004 jac-

2234 1930 2320 1987 ἐπὶ
2351 1931 2409 1987 σὲ
2439 1932 2696 2011 τρέμοντα
2752 1933 2873 1995 τοὺς
2928 1930 3118 2008 λόγους
3175 1931 3353 2005 αὑτοῦ,
3398 1930 3487 1986 καὶ
3541 1929 3736 2005 ἅψεταί
3791 1952 3893 1988 σου

514 2027 637 2083 tum
662 2038 697 2082 a
725 2028 784 2082 te
812 2017 1042 2080 virtutis
1093 2016 1543 2077 fundamentum
1594 2012 1913 2085 custodiet,
1947 2030 2016 2075 ac
2048 2012 2140 2073 tibi

2231 2026 2337 2075 τῶν
2392 2019 2675 2100 ὀφθαλμῶν
2717 2021 2954 2100 ἀοράτως
3008 2023 3106 2088 τῆς
3150 2016 3445 2075 κατωδᾷνου
3501 2017 3738 2098 καρδίας,
3797 2023 3893 2076 καὶ

512 2109 677 2173 dabit
719 2108 876 2171 vires
925 2106 1222 2188 prioribus
1272 2104 1531 2182 majores
1561 2110 1620 2163 et
1651 2100 2055 2181 perfectiores,
2090 2101 2151 2162 in

510 2198 710 2263 calore
739 2195 983 2277 spiritus
1003 2194 1272 2266 fervoris,
1308 2201 1370 2252 nt
1397 2209 1503 2272 per
1534 2189 1874 2269 patientiam
1906 2208 2155 2270 recupe-

509 2305 612 2350 res
639 2305 823 2368 opera
854 2280 1318 2346 virtutisinvidia
1347 2279 1588 2357 maligni
1617 2279 1949 2358 deperdita,
1975 2289 2152 2359 atque

507 2367 831 2451 restantes,
881 2374 946 2435 in
1003 2371 1215 2451 spiritu
1264 2368 1655 2442 humilitatis,
1723 2368 1965 2429 domum
2023 2367 2151 2447 ipsa

511 2464 710 2546 priore
764 2461 1257 2545 splendidiorem,
1307 2460 1371 2521 in
1424 2459 1694 2538 requiem
1745 2458 1834 2537 (ιιι
1861 2456 2149 2536 scriptum

512 2562 606 2615 est
629 2553 679 2627 Β)
710 2551 842 2634 ejus
872 2563 1177 2615 aeternam.

594 2909 693 2973 55.
726 2906 941 2974 Omnia
968 2905 1039 2969 ad
1084 2902 1468 2983 ignominiam
1506 2901 1676 2964 nobis
1724 2902 2145 2982 contingentia,

2231 2116 2309 2183 τῷ
2363 2107 2845 2187 προκαταϐληθέντι
2903 2109 3045 2187 παρὰ
3097 2117 3191 2167 σοῦ
3240 2106 3467 2182 θεμελίῳ
3534 2110 3631 2175 τῆς
3690 2107 3891 2187 ἀρετῆς

2234 2198 2367 2273 μετὰ
2416 2200 2614 2266 πόνων,
2669 2197 2992 2271 ἐπιστήσειε,
3048 2198 3135 2252 καὶ
3176 2194 3288 2272 δώῃ
3346 2218 3430 2253 σοι
3471 2197 3569 2262 τῆς
3622 2197 3889 2274 προτέρας

2230 2288 2416 2367 ἰσχύος
2445 2288 2714 2367 κρείττονά
2767 2308 2825 2343 τε
2866 2287 2954 2342 καὶ
3007 2284 3334 2364 τελειοτέραν
3391 2284 3568 2365 ἰσχὺν,
3626 2283 3682 2340 ἐν
3709 2285 3886 2363 θέρμῃ

2233 2376 2441 2447 ζέοντος
2505 2378 2800 2453 πνεύματος
2834 2393 2847 2405 ·
2909 2377 2981 2439 εἰς
3031 2376 3093 2431 τὸ
3147 2373 3307 2431 πάλιν
3362 2373 3753 2443 ἀνακτήσασθαι
3814 2376 3883 2429 τὰ

2233 2464 2651 2541 καταϐληθέντα,
2701 2466 2959 2542 βασκανίᾳ
3025 2470 3118 2521 τοῦ
3182 2470 3434 2541 πονηροῦ,
3493 2460 3607 2538 μεθ’
3662 2464 3876 2538 ὑπομο-

2234 2558 2331 2619 νῆς
2376 2552 2501 2633 ἔργα
2557 2558 2656 2624 τῆς
2712 2555 2906 2633 ἀρετῆς
2938 2570 2952 2583 ⁸
3012 2556 3101 2610 καὶ
3155 2553 3446 2631 ἀνεγεῖραι,
3509 2550 3563 2607 ἐν
3615 2551 3874 2626 πνεύματι

2235 2644 2621 2724 ταπεινώσεως,
2678 2645 2769 2700 τὸν
2840 2643 2993 2701 οἶκον
3048 2644 3210 2710 αῦτῆς
3264 2650 3360 2700 τοῦ
3417 2640 3671 2720 προτέρω
3726 2638 3873 2715 λαμ-

2232 2734 2483 2812 πρότερον
2516 2752 2531 2768 ο
2555 2734 2627 2796 εἰς
2652 2732 2966 2805 ἀνάπαυσιν,
2998 2732 3135 2788 κατὰ
3160 2729 3222 2787 τό
3250 2729 3636 2810 γεγραμμένον,
3660 2729 3870 2786 αἰωνίαν

2232 2843 2410 2883 αυτου.

2314 2902 2410 2971 νε’.
2459 2914 2638 2971 Πάντα
2702 2912 2769 2971 τὰ
2835 2912 2967 2990 πρὸς
3039 2909 3250 2984 ἀτιμίαν
3305 2908 3436 2982 ἡμῖν
3488 2902 3858 2980 συμϐαίνοντα,

512 2998 634 3061 sive
683 2998 758 3062 ab
803 2978 1166 3068 hominibus,
1220 2992 1345 3053 sive
1381 3012 1416 3052 a
1464 2991 1797 3072 daemoniis,
1845 2978 2003 3070 justo
2038 2992 2140 3056 Dei

2229 3001 2341 3058 εἴτε
2398 3000 2450 3067 ἐξ
2506 3001 2814 3079 ἀνθρώπων,
2870 2978 2984 3055 έῗτε
3032 2998 3093 3055 ἐκ
3146 2996 3423 3072 δαιμόνων,
3466 2993 3622 3071 κρίσει
3678 2991 3857 3066 δικαίᾳ

498 3088 730 3169 judicio
773 3095 833 3149 et
880 3082 1211 3147 oeconomia
1242 3080 1415 3142 nobis
1464 3081 1809 3159 contingunt
1836 3084 1907 3140 ad
1943 3082 2141 3142 humi--

503 3175 769 3236 liandum
802 3173 1041 3234 inanem
1072 3169 1403 3231 animarum
1450 3176 1783 3228 nostrarum
1818 3169 2085 3248 spiritum
2124 3189 2139 3233 :

504 3267 626 3326 vult
655 3262 816 3325 enim
858 3261 1215 3340 gubernator
1244 3258 1374 3318 vita;
1402 3265 1618 3317 nostra;
1668 3260 1821 3317 Deus
1875 3276 1980 3318 nos
2011 3276 2143 3319 esse

506 3369 746 3433 semper
774 3351 1049 3420 humiles,
1073 3365 1182 3408 nec
1213 3364 1320 3406 nos
1343 3346 1473 3425 plus
1493 3362 1659 3424 mque
1689 3345 2004 3420 aestimare,
2032 3365 2142 3408 nec

511 3458 723 3520 magna
752 3439 975 3500 sentire
1005 3440 1080 3498 de
1112 3435 1303 3508 nobis,
1353 3434 1458 3493 sed
1501 3438 1574 3493 ad
1607 3435 1771 3494 illum
1807 3435 2139 3508 intendere,

509 3540 570 3591 et
610 3529 850 3601 imitari,
900 3534 1187 3608 quantum
1237 3540 1373 3603 pnss
1400 3521 1515 3583 hi.e
1562 3530 1673 3596 est,
1730 3523 1965 3584 felicem
2014 3524 2144 3602 ejus

507 3617 927 3690 humilitatem,
962 3634 1095 3677 cum
1135 3613 1314 3674 fuerit
1363 3612 1521 3671 mitis
1551 3621 1611 3673 et
1641 3613 1881 3673 humilis
1910 3618 2088 3674 corde
2124 3633 2139 3673 :

509 3709 656 3769 tales
708 3717 903 3769 autem
958 3724 1073 3766 non
1126 3702 1255 3763 fieri
1303 3700 1604 3761 desiderat
1651 3703 1750 3780 qui
1794 3720 2000 3782 passus
2051 3716 2143 3763 est.

506 3813 615 3878 pro
673 3796 846 3857 nobis
908 3802 1157 3854 mortem
1204 3788 1480 3878 injustam
1531 3802 1589 3849 et
1645 3789 2138 3868 ignomisiosam;

507 3877 659 3946 nihil
693 3884 851 3947 enim
879 3882 1034 3943 aliud
1066 3881 1215 3941 adeo
1262 3877 1349 3937 illi
1381 3877 1571 3956 placet
1621 3877 1681 3938 in
1712 3881 1993 3959 omnique
2024 3880 2138 3941 vir-

506 3981 629 4035 tute
675 3992 812 4034 vere
833 3972 1116 4032 immanet
1142 3978 1318 4049 atque
1364 3984 1400 4026 a
1446 3975 1711 4028 stercore
1759 3970 1958 4049 cupidi
1987 3980 2139 4031 atem

505 4062 735 4142 erigere
782 4062 967 4134 valet,
1020 4077 1193 4140 quam
1250 4061 1668 4125 mansuetudo,
1733 4057 2034 4121 humilitas
2084 4068 2144 4121 et

505 4151 763 4213 Charitas
818 4168 955 4229 erga
1006 4147 1341 4228 pioximum
1390 4166 1403 4205 :
1450 4163 1581 4220 quae
1628 4145 1678 4207 si
1722 4147 1919 4208 desint
1971 4148 2143 4210 nobis

502 4238 774 4302 virtutem
806 4237 1162 4310 colentibus,
1198 4251 1377 4296 omne
1407 4252 1554 4313 opus
1600 4251 1683 4296 ρει
1719 4235 1976 4314 irritum,
2007 4258 2139 4299 om-

2226 3097 2376 3171 Θεοῦ,
2449 3091 2569 3147 κατ’
2640 3090 2939 3163 οἰκονομίαν
2997 3086 3418 3162 ἐπισυμϐαίνουσι
3479 3084 3607 3158 πρὸς
3660 3084 3859 3139 ταπεί-

2224 3202 2381 3236 νωσιν
2447 3187 2541 3237 τοῦ
2595 3180 2817 3255 ματαίου
2886 3179 3193 3259 φυσήματος
3241 3179 3347 3234 τῶν
3404 3176 3590 3253 ψυχῶν
3658 3174 3816 3248 ἡμῶν
3843 3193 3859 3209 ⁸

2225 3272 2421 3333 σκοπὸς
2466 3270 2565 3347 γαρ
2614 3274 2692 3343 τῷ
2732 3265 3024 3347 κυϐερνήτῃ
3076 3269 3191 3340 Θεῷ
3249 3269 3348 3333 τῆς
3391 3261 3653 3341 ἡμετέραις
3694 3265 3860 3343 ζωῆς,

2223 3360 2285 3413 τὸ
2328 3358 2407 3413 ἀεὶ
2448 3358 2726 3422 ταπεινοὺς
2773 3358 2917 3431 ἡμᾶς
2973 3356 3138 3425 εἶναι,
3195 3355 3283 3410 καὶ
3341 3352 3419 3428 μὴ
3476 3364 3692 3431 φρονεῖν
3741 3351 3860 3429 παρ’

2222 3447 2250 3501 ὃ
2280 3444 2363 3502 δεῖ
2391 3459 2625 3526 φρονεῖν,
2660 3444 2797 3501 ἀλλὰ
2837 3457 3047 3524 φρονεῖν
3091 3444 3164 3506 εἷς
3204 3444 3266 3497 τὸ
3294 3452 3589 3521 σωφρονεῖν
3623 3458 3639 3475 °
3690 3440 3767 3515 μὴ
3808 3438 3861 3495 δὲ

2224 3534 2426 3590 οἴεσθαι
2458 3534 2665 3613 μεγαλα
2707 3535 2823 3613 περὶ
2865 3534 3083 3606 ἑαυτῶν,
3136 3529 3272 3587 ἀλλὰ
3326 3530 3456 3606 πρὸς
3515 3528 3673 3585 αύτδν
3732 3528 3862 3609 ἀφο-

2224 3632 2339 3705 ρᾷν,
2411 3627 2500 3681 καὶ
2568 3629 2842 3701 μιμεῖσθαι
2915 3628 3090 3695 αὒτοῦ,
3165 3622 3301 3677 κατᾶ
3353 3622 3416 3677 τὸ
3471 3619 3710 3701 ἐφικτὸν,
3768 3620 3863 3686 τὴν

2225 3718 2481 3794 μακαρίαν
2546 3717 2880 3790 ταπείνωσιν,
2940 3712 3121 3782 ἐπειδή
3177 3719 3343 3792 πρᾶος
3398 3711 3464 3779 ἦν
3532 3711 3622 3768 καὶ
3673 3730 3863 3768 ταπει-

2224 3807 2310 3867 νὸς
2359 3806 2456 3872 τὴν
2497 3802 2709 3883 καρδίαν
2742 3820 2757 3834 ⁸
2804 3806 2892 3862 καὶ
2946 3805 3200 3866 τοιούτοις
3255 3804 3399 3876 ἡμᾶς
3456 3800 3696 3879 γενέσθαι
3753 3799 3865 3855 ἐπι-

2224 3897 2380 3950 ποθεῖ
2411 3895 2439 3949 ὁ
2467 3894 2886 3969 ὑπομεμενηκὼς
2943 3892 3070 3970 ὑπὲρ
3126 3892 3282 3967 ἡμῶν
3323 3889 3544 3946 θάνατον
3601 3886 3779 3944 ἄδικόν
3810 3910 3866 3944 τε

2222 3983 2310 4039 καὶ
2354 3981 2540 4058 ἄτιμον
2574 4002 2589 4017 ·
2646 3980 2791 4039 οῦδὲν
2820 3983 2920 4061 γὰρ
2963 3980 3125 4044 οὕτως
3154 3980 3328 4060 ἕτερον
3371 3978 3520 4058 φίλον
3581 3978 3748 4051 αύτῷ,
3778 3979 3867 4033 καὶ

2223 4072 2572 4143 οἰκειούμενον
2615 4069 2669 4128 ἐν
2726 4072 2871 4149 πάσῃ
2926 4069 3135 4137 ἀληθῶς
3195 4069 3377 4148 ἀρετῇ,
3439 4068 3528 4125 καὶ
3579 4064 3866 4142 δυνάμενον

2222 4159 2327 4216 ἀπὸ
2375 4160 2593 4239 κοπρίας
2650 4163 2828 4217 παθῶν
2884 4160 3134 4234 ἀνυψοῦν,
3182 4159 3256 4221 ὡς
3299 4158 3555 4236 πραότης,
3621 4158 3710 4211 καὶ
3760 4176 3866 4211 τα-

2222 4248 2492 4326 πείνωσις,
2550 4250 2637 4304 καὶ
2693 4247 2876 4327 ἀγάπη
2932 4249 3062 4327 πρὸς
3114 4248 3204 4302 τὸν
3254 4244 3478 4313 πλησίον
3513 4260 3527 4274 ·
3575 4244 3775 4300 τούτων
3808 4240 3868 4299 δὲ

505 4328 725 4406 nisque
771 4326 938 4388 labor
984 4324 1254 4388 asceticm
1298 4322 1429 4382 vitae
1478 4324 1704 4385 inutilis
1756 4335 1813 4386 et
1866 4326 1989 4389 Deo
2038 4329 2135 4390 in-

2229 4337 2299 4414 μὴ
2356 4322 2614 4393 συνόντων
2668 4322 2805 4411 ἡμῖν
2858 4322 3224 4415 ἐργαζομένοις
3276 4334 3369 4397 τὰς
3439 4332 3649 4412 ἀρετὰς,
3718 4338 3868 4388 πᾶσα

501 4430 723 4496 gratus.

580 4582 682 4647 B6.
719 4579 832 4655 Qui
857 4580 1036 4642 vitam
1071 4579 1303 4643 virtutis
1331 4581 1632 4657 inchoant,
1666 4580 1980 4660 instigante
2010 4604 2136 4666 pa:-

498 4689 705 4732 narum
744 4681 924 4744 metu,
948 4679 1183 4730 servant
1208 4672 1479 4731 mandata
1502 4672 1928 4733 etdeclinanta
1959 4677 2134 4739 malo.

499 4758 607 4833 Qui
640 4769 837 4821 autem
872 4758 932 4819 in
964 4759 1179 4819 virtute
1231 4759 1607 4838 profecerunt
1654 4779 1842 4840 usque
1883 4765 1953 4823 ad
1989 4783 2132 4825 con-

499 4848 944 4928 templationem
979 4847 1183 4925 gloria;
1214 4845 1340 4920 Dei,
1372 4847 1487 4908 alio
1533 4848 1747 4927 pariter
1775 4865 2025 4927 aguntur
2060 4854 2133 4913 ti-

501 4956 690 5009 more,
724 4937 825 5017 qui
858 4936 1274 4997 timidissimus
1303 4945 1390 4997 est
1421 4956 1488 4996 ac
1521 4937 1784 5016 provenit
1819 4960 1886 5000 ex
1935 4941 2133 5003 chari-

500 5033 640 5100 tate,
665 5044 877 5106 nempe
903 5036 1100 5086 castus
1121 5025 1221 5086 ille
1245 5034 1435 5085 metus
1460 5024 1559 5105 qni
1591 5030 1659 5085 ad
1700 5027 1895 5106 quiete
1928 5050 2134 5109 perse-

499 5117 821 5176 verandum
873 5115 931 5175 in
990 5132 1193 5176 amore
1246 5114 1347 5174 Dei
1406 5134 1506 5175 eos
1554 5115 1808 5193 adjmat,
1860 5130 2137 5181 verentes

498 5205 930 5266 formidandam
993 5205 1168 5282 hujus
1216 5205 1528 5284 jacturam.
1589 5203 1725 5265 llos
1782 5207 2044 5284 quidem,
2103 5229 2135 5272 e

498 5293 800 5373 prOposito
827 5295 945 5354 fine
975 5293 1269 5373 delapsos,
1300 5312 1369 5355 ac
1400 5304 1603 5372 postea
1627 5295 2046 5374 resipiscentes
2078 5308 2136 5359 et

497 5393 901 5461 resurgentes,
936 5382 1155 5461 excipit
1201 5382 1365 5464 prior
1396 5392 1625 5455 metus;
1668 5383 1757 5443 his
1786 5403 1945 5459 vero,
1981 5390 2029 5448 si
2065 5408 2133 5448 ex

576 5546 607 5598 τ
638 5546 746 5610 Isa.
784 5564 939 5627 m1,
972 5553 1031 5610 ‘2.
1114 5549 1146 5599 8
1171 5551 1377 5614 Matth.
1408 5568 1492 5627 Il,
1524 5552 1621 5616 29.

2222 4427 2441 4501 μάταιος
2472 4427 2507 4493 ἡ
2536 4425 2773 4503 ἐργασία,
2806 4426 2894 4481 καὶ
2920 4424 3061 4487 ἅπας
3090 4423 3253 4486 κόπος
3284 4422 3560 4491 ἀσκήσεως
3579 4418 3867 4500 ἀνωφελὴς

2219 4516 2307 4571 καὶ
2335 4511 2708 4594 ἀπρόσδεκτος.

2300 4603 2408 4677 νςο
2465 4612 2593 4665 Τοῖς
2645 4601 2742 4677 μὲν
2798 4603 3170 4679 εἰσαγωγικοῖς
3214 4602 3288 4664 εἷς
3342 4599 3432 4656 τόν
3496 4596 3617 4655 κατ’
3669 4597 3872 4675 ἀρετὴν

2219 4692 2329 4768 βῖον
2421 4687 2579 4772 φόϐος
2648 4697 2754 4746 τῶν
2829 4688 3098 4746 κολάσεων
3174 4702 3414 4769 συνεργεῖ
3469 4688 3544 4750 είς
3614 4685 3873 4766 ἐργασίαν

2216 4782 2323 4837 τῶν
2351 4778 2603 4859 ἐντολῶν,
2636 4780 2723 4834 καὶ
2751 4779 3029 4859 ἀποφυγὴν
3070 4784 3174 4835 τῶν
3225 4781 3424 4851 κακῶν,
3482 4790 3600 4841 τοῖς
3645 4774 3700 4831 δὲ
3742 4772 3870 4830 κατ’

2218 4870 2410 4947 ἀρετὴν
2464 4868 2549 4924 ἐπὶ
2610 4868 2827 4947 θεωρίαν
2879 4868 3179 4947 προκόψασι
3234 4871 3330 4935 τῆς
3380 4876 3475 4923 τοῦ
3518 4872 3650 4924 Θεοῦ
3704 4861 3868 4930 δόξης

2220 4956 2378 5020 ἄλλος
2437 4954 2710 5033 ἀναλόγως
2781 4955 3068 5033 παρέπεται
3128 4952 3309 5035 φόϐος,
3371 4951 3488 5008 λίαν
3543 4952 3617 5009 ὢν
3676 4954 3867 5015 αύτοῖς

2220 5044 2435 5126 φοϐερὸς
2484 5043 2535 5109 ἐξ
2589 5044 2827 5122 ἀγάπης,
2883 5048 2911 5101 ὁ
2968 5047 3147 5123 ἁγνὸς,
3197 5043 3255 5105 ὃς
3304 5044 3393 5099 καὶ
3446 5054 3688 5121 συνεργεῖ
3731 5042 3869 5098 τού-

2218 5158 2327 5198 τοις
2384 5137 2454 5197 εἰς
2508 5134 2603 5200 τὴν
2678 5135 2986 5212 παραμονὴν
3062 5134 3364 5204 ἁκλονήτως
3432 5131 3680 5188 ἵστασθαι
3763 5129 3869 5197 τῆς

2219 5227 2430 5303 ἀγάπης
2473 5234 2565 5282 τοῦ
2612 5232 2761 5301 Θεοῦ,
2815 5221 3156 5302 φοϐουμένοις
3204 5225 3291 5280 τὸν
3343 5222 3402 5278 ἐκ
3443 5222 3640 5287 ταύτης
3696 5216 3868 5299 φοϐε-

2218 5317 2303 5393 ρὸν
2373 5312 2601 5370 ὄλισθον.
2678 5309 2929 5375 Ἐκεένοις
3001 5310 3097 5386 μὲν
3154 5313 3253 5391 γὰρ
3307 5317 3524 5368 πεσοῦσι
3579 5314 3674 5366 τοῦ
3728 5311 3872 5364 κατὰ

2218 5416 2378 5483 χεῖρα
2427 5410 2647 5475 σκοποῦ,
2699 5399 3168 5479 μεταμελομένοις,
3229 5402 3315 5455 καὶ
3372 5398 3512 5462 αὖθις
3569 5395 3869 5472 ἀνισταμέ-
