4050 6124
240 185 357 251 881
1216 166 1755 249 PRAGTICORUM
1797 179 2135 244 GAPITUM
2184 178 2581 244 CENTURIA
2624 182 2654 241 I
3514 176 3634 247 332

237 318 432 398 φανίας
464 319 679 395 μεστός.
728 318 878 377 Ἀλλ’
921 319 979 375 οὗ
1022 319 1132 399 χρὴ
1160 330 1278 382 τοῖς
1321 316 1663 396 ἀνθρωπίνοις
1713 338 1887 395 προσ-

1988 318 2037 371 ut
2066 310 2213 371 iram
2245 309 2478 389 spirans
2509 318 2568 371 et
2595 310 2873 388 superbia
2900 312 3212 390 plenus.At
3242 331 3361 373 non
3383 318 3629 393 oportet

245 405 400 487 ἐχειν
467 407 715 485 ἶδιώμασι
754 424 767 439 ⁸
844 407 1076 489 σφαλερὰ
1145 408 1242 486 γάρ
1300 407 1411 462 ἐστι
1461 418 1580 470 τοῖς
1650 412 1806 463 πᾶσιν
1863 408 1893 474 ἡ

1988 399 2286 461 immorari
2323 399 2596 460 humanis
2621 400 3097 479 proprietatibus.
3147 401 3438 480 siquidem
3468 401 3630 481 peri-

246 498 369 574 περὶ
416 498 481 553 τὰ
522 504 738 554 τοιαῦτα
797 488 989 576 κρίσις.
1048 498 1161 554 Εἰσὶ
1208 496 1309 575 γὰρ
1362 495 1654 575 ἀνθρώποις
1706 493 1893 552 πολλαῖ

1988 488 2249 549 culosum
2284 498 2369 548 est
2395 490 2673 548 omnibus
2698 488 2755 547 iu
2784 489 3450 567 hujusmodijudicium.
3478 489 3628 552 Sunt

243 591 326 658 τῷ
377 582 488 642 ὄντι
540 583 779 666 διαφοραὶ
835 587 1061 666 φύσεων,
1127 587 1214 643 καὶ
1270 582 1448 658 ἕξεων,
1508 584 1596 641 καὶ
1655 605 1893 658 σωματι-

1988 577 2141 638 enim
2193 578 2532 639 hominibus
2586 578 2781 638 multa:
2822 578 2881 637 in
2934 578 3186 638 esscndo
3219 578 3630 657 discrepantia;

242 679 358 729 κῶν
409 673 627 747 θέσεων,
699 677 756 732 αἳ
817 675 1001 751 μόνοις
1061 674 1281 738 ἐκείνοις
1338 674 1554 736 εἰκότως
1613 674 1737 729 εἰσὶν
1795 673 1896 729 ὑπὸ

240 763 466 841 Θεωρίαν
521 765 608 821 καὶ
676 764 844 843 κρίσιν
901 763 1177 840 ἀληθινὴν,
1240 776 1356 828 τοῖς
1420 764 1642 841 καθαρὸν
1684 784 1895 829 κτησα-

245 849 431 924 μένοις
458 852 519 907 τὸ
549 854 727 931 νοερὸν
757 850 905 928 ὄμμα
934 858 1032 920 τῆς
1090 856 1276 932 ψυχῆς
1317 850 1402 910 διὰ
1462 850 1665 919 πολλῆς
1723 873 1893 908 κατα-

244 936 460 1012 νύξεως,
493 941 579 996 καὶ
620 938 820 997 ἕνοικον
865 939 1050 1020 ἔχουσι
1097 942 1161 1007 τὸ
1201 938 1413 1019 ἄπειρον
1457 940 1569 1020 φῶς
1598 940 1694 1008 τῆς
1725 939 1894 997 ἐνθέου

239 1028 389 1096 ζωῆς
425 1042 439 1059 ⁸
471 1031 558 1092 οἷς
585 1031 673 1086 καὶ
699 1029 761 1086 τὸ
817 1026 1005 1086 εἰδέναι
1061 1028 1213 1095 ἐδόθη
1268 1030 1334 1086 τὰ
1388 1031 1651 1110 μυστήρια
1678 1030 1772 1098 τῆς
1801 1036 1893 1086 τοῦ

244 1122 381 1175 Θεού
409 1117 703 1193 βασιλείας.

1982 675 2373 739 naturarum,
2433 666 2546 727 hab
2579 674 2768 747 tuum,
2826 667 3282 746 dispositionum
3340 669 3626 744 corporis,

1978 774 2109 834 quae
2131 756 2203 816 ab
2238 755 2353 817 illis
2388 764 2609 815 tantum
2645 756 3067 817 convenienter
3097 756 3419 817 examinari
3453 765 3510 816 et
3534 757 3630 836 ju-

1977 843 2164 905 dicari
2215 853 2499 924 possunt,
2555 844 2654 923 qui
2705 846 3072 925 spiritualem
3122 846 3340 905 anime
3389 847 3627 906 oculum

1977 934 2156 994 multa
2175 934 3111 1014 mundaverurtcompunctione,
3147 934 3246 1015 qui
3276 934 3535 995 infusum
3570 934 3634 996 in

1976 1040 2041 1082 se
2072 1022 2292 1084 habent
2321 1023 2618 1083 infinitum
2654 1024 2784 1084 vita:
2810 1024 3022 1084 divina:
3055 1024 3277 1099 lumen,
3327 1032 3384 1086 et
3413 1024 3630 1105 quibus

1974 1110 2173 1171 datum
2209 1119 2296 1171 est
2331 1130 2503 1171 nosse
2539 1113 2815 1191 mysteria
2844 1113 3009 1190 regni
3042 1112 3172 1176 Dei.

329 1194 427 1271 ξδ’.
488 1208 771 1289 Αύτουργοὶ
824 1216 930 1267 τῶν
981 1209 1192 1290 φαύλων
1249 1209 1413 1290 ἔργων
1471 1210 1739 1288 γινόμενοι
1800 1209 1891 1276 τῆς

2054 1204 2153 1265 64.
2192 1202 2458 1283 Operarii
2484 1206 2769 1264 malorum
2806 1207 3002 1264 carnis
3033 1225 3280 1283 operum
3308 1204 3465 1277 facti,
3492 1225 3633 1268 con-

244 1293 464 1372 σαρκὸς,
518 1300 588 1372 τῇ
644 1297 787 1376 παρὰ
843 1298 994 1378 φύσιν
1050 1299 1295 1375 ἐπιθυμίᾳ
1349 1299 1438 1354 καὶ
1491 1305 1567 1373 τῷ
1607 1301 1756 1373 θυμῷ
1798 1298 1893 1365 τῆς

1988 1292 2355 1370 :npiscentize
2408 1293 2629 1371 iraeque
2678 1293 2893 1353 mentis
2922 1295 3345 1368 sacriﬁcamus,
3383 1313 3625 1356 carnem

244 1381 431 1462 ψυχῆς
499 1381 922 1467 λειτουργοῦμεν,
995 1389 1161 1468 σάρκα
1237 1388 1333 1464 μὲν
1408 1389 1700 1463 μιαίνοντες
1775 1402 1893 1453 τα“’ς

1988 1381 2264 1442 loedantes
2309 1382 2568 1443 sordidis
2621 1382 2846 1462 peccati
2903 1384 3161 1462 ﬂuentis,
3196 1384 3451 1444 animam
3485 1402 3627 1445 vero

242 1469 469 1549 φαύλαις
509 1474 657 1551 ῥοαῖς
708 1476 801 1543 τῆς
846 1477 1122 1557 ἁμαρτίας,
1155 1478 1338 1556 ψυχὴν
1380 1475 1435 1535 δὲ
1477 1482 1546 1553 τῇ
1586 1483 1676 1534 τοῦ
1732 1480 1893 1552 θυμοῦ

1988 1474 2370 1536 amaritudine
2399 1476 2501 1535 irm
2526 1475 2938 1555 obsecrantes,
2974 1484 3029 1536 et
3061 1476 3373 1536 abalienati
3412 1496 3444 1535 a
3474 1476 3624 1537 Filio

242 1560 431 1638 πικρῗᾳ
497 1563 839 1639 σκοτίζοντες,
919 1567 1008 1623 καὶ
1067 1564 1572 1645 ἆπαλλοτριούμενοι
1622 1572 1716 1623 τού
1772 1569 1891 1622 1⁸ἱοῦ

1988 1563 2102 1624 Dei.
2137 1563 2379 1643 Oportet
2402 1565 2577 1642 igitur
2607 1564 2929 1625 foeditatem
2980 1565 3386 1626 substantialis
3418 1566 3626 1627 liuenti

240 1636 518 1712 τοῦὝΘεοῦ.
566 1650 664 1709 Δὲϊ
692 1651 780 1710 οὖν
808 1636 899 1711 τὸν
929 1655 1026 1730 μὲν
1057 1636 1327 1729 μολυσμὸν
1356 1636 1451 1722 τῆς
1493 1655 1601 1711 ἀπὸ
1654 1662 1745 1711 τοῦ
1789 1656 1892 1712 σώ-

1988 1670 2000 1711 ι
2033 1636 2283 1731 corpore
2313 1636 2526 1725 aborti,
2566 1654 2890 1732 superfusis
2920 1653 3408 1715 substantialibus
3434 1655 3629 1734 lacry-

242 1757 415 1809 ματος
483 1738 759 1808 οὐσιώδους
827 1743 984 1821 ῥοῆς,
1041 1741 1108 1799 δι’
1172 1743 1417 1823 ἐπιρροῆς
1471 1743 1733 1801 οὔσιωδῶν
1791 1742 1887 1800 δα·-

1988 1741 2084 1802 nis
2116 1742 2450 1821 puriﬁcare,
2488 1751 2550 1801 ut
2581 1743 2736 1820 quod
2791 1742 3061 1820 voluptas
3101 1745 3353 1803 naturali
3400 1745 3622 1805 ﬂuento

241 1824 443 1903 κρύων,
514 1826 904 1909 ἀποκαθαίρειν,
964 1830 1057 1888 ἵνα
1125 1831 1254 1911 ὅπερ
1310 1835 1345 1901 ἡ
1399 1830 1563 1901 ἡδονὴ
1634 1831 1718 1890 διὰ
1765 1827 1890 1911 ῥοῆς

1997 1829 2298 1907 nquinavit
2327 1848 2571 1909 corpus,
2606 1830 2715 1891 huc
2739 1830 2908 1891 dolor
2932 1831 3181 1892 tristitia;
3214 1833 3432 1910 pariter
3459 1841 3626 1894 natu-

242 1917 471 1991 φυσικῆς
515 1918 838 1994 κατεμόλυνε
894 1927 1072 2001 σῶμα,
1127 1932 1280 1982 τοῦτο
1332 1924 1366 1991 ἡ
1428 1920 1583 1989 ὀδύνη
1638 1926 1734 1991 τῆς
1790 1921 1888 1979 λύ-

1988 1918 2081 1978 Ἧίί
2140 1920 2530 1998 lacrymarum
2590 1927 2853 1979 torrente
2932 1919 3243 1999 puriticet,
3305 1921 3619 1999 caliginem

241 2024 356 2069 πης
400 2001 483 2060 διὰ
517 2004 640 2084 ῥοῆς
671 2007 816 2073 αὖθις
837 2011 943 2068 τῶν
984 2009 1217 2091 δακρύων
1245 2004 1468 2091 φυσικῆς
1496 2012 1887 2091 ἀποκαθαίρειν,

1988 2026 2113 2068 vero
2144 2008 2355 2068 animae
2383 2007 2781 2068 amaritudine
2828 2007 2931 2068 irae
2963 2008 3235 2088 effusam,
3276 2008 3408 2070 luce
3451 2028 3620 2070 com-

238 2092 336 2179 ῖὸν
365 2090 421 2149 δὲ
448 2094 606 2175 ζόφον
635 2101 732 2165 τῆς
760 2100 946 2179 ψυχῆς
973 2102 1063 2157 τὸν
1088 2090 1199 2156 ἀπὸ
1224 2090 1323 2168 τῆς
1348 2106 1439 2156 τοῦ
1466 2104 1630 2175 θυμοῦ
1658 2090 1888 2178 πικρίας,

1988 2097 2310 2175 punctionis
2341 2115 2408 2156 ac
2440 2096 2755 2157 dulcedine
2776 2096 2989 2157 divinae
3018 2097 3318 2157 charitatis
3348 2098 3620 2179 dissipet,

240 2178 333 2236 διὰ
361 2184 534 2261 φωτὸς
563 2184 892 2252 κατανύξεως
936 2192 1025 2246 καὶ
1071 2188 1395 2266 γλυκύτητος
1437 2191 1536 2255 τῆς
1578 2188 1712 2246 κατὰ
1763 2190 1893 2245 Θεὸν

1988 2192 2149 2263 atque
2192 2184 2274 2244 illi
2321 2185 2767 2260 reconchetur,
2800 2204 2833 2246 a
2859 2204 2974 2265 quo
3016 2185 3119 2245 illa
3164 2204 3272 2246 nos
3314 2178 3620 2249 abaliena—F

241 2269 485 2358 ᾇγάπης,
519 2272 857 2349 ἀποδιώκειν,
888 2280 976 2335 καὶ
1034 2280 1267 2338 ἑνοῦσθαι
1328 2279 1495 2358 αὖθις,
1544 2280 1603 2334 οὗ
1630 2277 1814 2357 πρώην
1844 2275 1890 2333 δ’

242 2356 461 2445 ἐκείνων
499 2361 1031 2445 ἆπηλλοτριώθημεν.

330 2438 422 2514 ευτ’⁸
479 2459 657 2531 Ωσπερ
707 2438 756 2510 δ’
782 2454 888 2512 ἀπὸ
914 2438 1041 2524 ’τῆς
1070 2455 1260 2525 ἡδονῆς
1292 2455 1558 2533 μολυσμὸς
1586 2458 1676 2513 τὸν
1721 2478 1889 2514 σατα-

242 2539 397 2626 νικὸν
465 2537 633 2619 ἔρωτα
699 2546 1140 2622 προηγησάμενον
1199 2544 1316 2626 ἔχει
1374 2549 1444 2610 εἷς
1515 2544 1894 2624 ἀποπλήρωσιν

246 2625 352 2693 τῆς
410 2627 760 2711 φαυλότητος,
830 2631 994 2698 οὕτως
1045 2636 1080 2702 ἡ
1136 2625 1262 2691 ἀπὸ
1294 2634 1387 2702 τῆς
1433 2632 1683 2690 ἐνωδύνου
1725 2633 1895 2700 λύπης

247 2715 499 2792 κάθαρσις
535 2718 632 2785 τὴν
682 2723 880 2800 θερμην
929 2721 1044 2804 ἔχει
1091 2723 1185 2792 τῆς
1241 2721 1450 2803 καρδίας
1506 2725 1578 2789 εἷς
1634 2722 1890 2793 ἀποπλῆ·’

244 2825 413 2883 ρωσιν
442 2816 531 2866 τοῦ
558 2809 771 2877 πένθους
820 2814 908 2869 καὶ
968 2814 1073 2870 τῶν
1127 2811 1359 2893 δακρύων
1393 2831 1407 2845 ·
1458 2815 1545 2871 καὶ
1600 2820 1753 2870 τοῦτο
1806 2814 1890 2868 οἰ-

1974 2284 2202 2335 verant.

2055 2452 2155 2512 65.
2191 2448 2354 2512 Sicut
2400 2456 2698 2511 contracta
2729 2468 2797 2510 ex
2843 2449 3137 2531 voluptate
3158 2451 3363 2512 sordes
3383 2450 3619 2516 Satani-

1976 2558 2107 2600 cum
2136 2557 2399 2600 amorem
2432 2539 2644 2599 ducem
2680 2538 2856 2599 habet
2887 2543 2942 2599 in
2975 2541 3480 2620 complementum
3507 2560 3618 2604 ne-

1976 2628 2102 2708 quit
2125 2647 2195 2708 re,
2221 2628 2306 2687 sic
2327 2636 2628 2688 contracta
2652 2647 2717 2689 ex
2747 2628 3107 2708 paenitentiae
3133 2630 3368 2690 tristitia
3399 2630 3620 2710 puritas

1975 2719 2267 2779 fervorem
2296 2716 2506 2777 ducem
2540 2716 2720 2777 habet
2775 2717 2833 2777 iu
2884 2720 3381 2798 euntplementum
3425 2720 3621 2782 luctus

1976 2817 2035 2868 et
2080 2806 2466 2885 lacrymarum
2504 2824 2518 2867 :
2552 2805 2730 2885 idque
2784 2813 3119 2889 oeconomia
3166 2807 3469 2869 charitalis
3513 2808 3617 2873 Dei

241 2894 472 2967 κονομίᾳ
524 2896 617 2965 τῆς
671 2900 799 2979 πρὸς
858 2903 1001 2977 ἡμᾶς
1064 2908 1157 2957 τοῦ
1212 2909 1344 2959 Θεοῦ
1399 2902 1741 2978 ἀγαθότητος,
1801 2901 1892 2957 ἵνα

1988 2912 2115 2973 erga
2149 2914 2275 2969 nos,
2306 2903 2366 2954 ut
2396 2912 2610 2973 nempe
2640 2895 2939 2956 laboribus
2970 2897 3195 2957 doloris
3228 2897 3489 2959 laborem
3519 2918 3622 2960 vo-

237 2982 432 3049 κόποις
500 2982 685 3053 ὀδύνης
748 2988 912 3046 κόπον
984 2988 1200 3060 ἡδονῆς,
1277 2992 1365 3047 καὶ
1436 2991 1584 3068 ῥοαῖς
1660 2988 1892 3069 δακρύων

239 3072 375 3148 ῥοὴν
442 3075 724 3154 αἰσχίστην
783 3081 972 3157 σαρκὸς
1028 3080 1440 3159 ἀποκρουόμενοί
1482 3102 1541 3135 τε
1594 3081 1681 3136 καὶ
1738 3078 1893 3135 ἐκκα-

235 3162 528 3242 θαίροντες,
586 3172 707 3231 τοῦς
764 3167 954 3234 τύπους
1010 3174 1116 3225 τῶν
1172 3168 1383 3248 φαύλων
1443 3169 1549 3226 ἀπὸ
1602 3175 1694 3225 τοῦ
1750 3170 1890 3241 νοὸς,

237 3251 334 3307 καὶ
374 3250 474 3316 τὰς
513 3252 1015 3332 ὰκόρφους”εἶκόνας
1070 3258 1175 3314 ἀπὸ
1217 3258 1310 3326 τῆς
1349 3258 1528 3339 ψυχῆς
1570 3256 1894 3338 ἐξαφανίσω-

239 3360 371 3427 μεν,
404 3341 494 3427 καὶ
534 3339 902 3423 λαμπροτέραν
958 3347 1153 3414 ταύτην
1208 3354 1285 3422 τῷ
1326 3346 1510 3404 κάλλει
1553 3351 1633 3422 τῷ
1691 3355 1895 3427 φυσικῷ

239 3426 624 3503 ἀποδείξωμεν.

328 3511 458 3594 ξς’.
490 3510 583 3579 “Ον
640 3526 838 3601 τρόπον
895 3533 973 3601 τῷ
1032 3532 1249 3605 πονηρῷ
1305 3526 1560 3602 πνεύματι
1588 3526 1893 3607 ἐνεργούμε-

238 3630 337 3676 νος
393 3614 421 3668 ὁ
475 3614 763 3693 πορνεύων,
811 3616 994 3690 μισθὸν
1054 3622 1340 3694 καρποῦται
1401 3616 1500 3683 τὴν
1550 3613 1745 3684 ἡδονὴν
1800 3620 1897 3684 τῆς

241 3702 463 3779 σαρκὸς,
507 3705 596 3759 καὶ
637 3702 798 3783 πέρας
857 3709 1012 3764 αὐτοῦ
1067 3705 1171 3762 τῶν
1235 3703 1468 3784 φαύλων,
1528 3707 1556 3761 ὁ
1600 3703 1892 3779 μολυσμὸς,

238 3788 410 3855 οὕτως
441 3792 470 3846 ὁ
516 3798 595 3865 τῷ
634 3793 896 3867 Πνεύματι
943 3792 1137 3851 ἄνωθεν
1196 3793 1563 3872 ἐνεργούμενος
1604 3796 1682 3867 τῷ
1731 3793 1885 3871 ἁγίῳ,

1975 2984 2234 3066 luptatis,
2267 2993 2327 3044 et
2354 2984 2744 3062 lacrymarutn
2779 2985 2935 3049 ﬂuxu
2969 2986 3360 3046 foedissimum
3398 3006 3618 3065 corpo-

1973 3072 2057 3132 ris
2107 3073 2326 3132 ﬂuxum
2370 3082 2744 3134 removentes
2789 3082 2848 3133 et
2903 3083 3240 3152 purgantes,
3287 3075 3470 3135 malas
3499 3076 3619 3136 im-

1977 3161 2317 3240 pressiones
2345 3179 2380 3220 a
2409 3169 2607 3221 mente
2640 3170 2956 3241 turpesque
2994 3162 3284 3242 imagines
3315 3163 3387 3224 ab
3422 3164 3623 3226 anima

1976 3250 2387 3329 repudiemus,
2423 3259 2480 3309 et
2511 3251 2959 3329 prtefulgentem
2994 3252 3148 3314 hanc
3177 3252 3624 3332 pulchritudine

1978 3340 2230 3402 naturali
2259 3339 2673 3401 ostendamus.

2057 3518 2156 3580 66.
2190 3516 2701 3590 Quemadmodum
2734 3516 2842 3577 sub
2866 3516 3086 3579 inﬂuxu
3112 3518 3355 3596 maligni
3378 3518 3620 3598 spiritus

1978 3625 2158 3686 agens
2187 3608 2529 3678 fornicator,
2566 3606 2903 3667 mercedem
2959 3607 3211 3685 percipit
3258 3607 3622 3685 voluptatem
3666 3678 3691 3689 χ

1979 3696 2197 3766 carnis,
2233 3696 2641 3774 terminusque
2691 3696 2977 3755 malorum
3010 3696 3123 3774 ipsi
3155 3708 3244 3755 est
3273 3697 3506 3769 sordes,
3541 3697 3627 3759 ita

1979 3786 2079 3864 qui
2102 3803 2358 3863 superno
2386 3782 2640 3863 Spiritus
2664 3783 2853 3844 sancti
2890 3783 3173 3844 instinctu
3203 3784 3348 3863 agit,
3382 3802 3620 3846 merce-

240 3879 432 3953 μισθὸν
488 3887 778 3959 καρποῦται
839 3882 938 3948 τὴν
992 3883 1164 3962 χαρὰν
1204 3871 1299 3949 τῆς
1328 3871 1546 3961 ψυχῆς,
1597 3882 1686 3938 καὶ
1726 3881 1889 3959 πέρας

1988 3874 2105 3933 lem
2143 3872 2394 3951 percipit
2419 3871 2694 3948 gaudium
2738 3871 3396 3952 animae,terutinusque
3426 3871 3620 3935 bono-

240 3967 389 4041 αὖτῴ
429 3968 536 4025 τῶν
592 3967 792 4042 καλῶν,
850 3971 885 4038 ἡ
934 3970 996 4026 ἐκ
1040 3972 1144 4028 τῶν
1199 3969 1431 4050 δακρύων
1487 3970 1755 4049 κάθαρσις,
1801 3969 1891 4024 καὶ

239 4054 615 4138 ἀναγέννησις,
670 4059 759 4114 καὶ
799 4059 834 4125 ἡ
877 4060 1005 4138 πρὸς
1059 4062 1149 4116 τὸν
1199 4061 1327 4115 Θεὸν
1373 4059 1578 4138 ἕνωσις,
1633 4059 1722 4115 καὶ
1764 4080 1891 4114 συν-

240 4143 425 4223 ἀφεια.

330 4222 424 4304 ξξ.
463 4234 579 4291 Δύω
606 4236 776 4291 οὒσῶν
821 4234 874 4291 ἐν
927 4238 1063 4312 ἡμῖν
1118 4240 1226 4293 τῶν
1280 4236 1342 4292 ἐκ
1394 4241 1493 4302 τῆς
1524 4238 1686 4302 αὐτῆς
1719 4236 1894 4297 οὐσίας

242 4328 477 4403 φυσικῶν
546 4324 794 4401 ῥεύσεων,
856 4331 1020 4403 γονῆς
1076 4327 1164 4382 καὶ
1222 4323 1480 4403 δακρύων,
1541 4320 1624 4405 ὑφ’
1684 4327 1750 4392 ἧς
1804 4324 1894 4379 τὸν

243 4416 455 4492 χιτῶνα
481 4418 579 4480 τῆς
614 4418 797 4493 ψυχῆς
846 4412 1195 4490 μολυνόμεθα,
1230 4416 1317 4470 καὶ
1344 4411 1411 4469 δι’
1460 4416 1534 4469 ὢν
1587 4411 1745 4469 πάλιν
1796 4411 1896 4467 αὒ-

241 4503 338 4558 τὸν
398 4503 771 4582 καθαιρόμεθα,
832 4501 1036 4581 ἀνάγκη
1094 4504 1184 4558 τὸν
1244 4502 1303 4559 ἐκ
1359 4508 1458 4570 τῆς
1512 4502 1688 4582 οὖσίας
1743 4502 1897 4576 ἡμῶν

247 4590 522 4667 μολυσμὸν
550 4580 903 4668 ἀπονίψασθαι
946 4580 1031 4647 διὰ
1085 4598 1189 4646 τῶν
1244 4591 1304 4648 ἐκ
1358 4596 1456 4659 τῆς
1506 4580 1667 4657 αὖτῆς
1718 4591 1894 4652 οὖσίας

244 4679 568 4755 κινοομένων
598 4677 829 4759 δακρύων
865 4697 880 4711 ⁸
931 4677 1106 4743 ἄλλως
1161 4681 1259 4759 γὰρ
1299 4682 1391 4736 τὸν
1448 4680 1508 4736 ὲκ
1546 4684 1645 4746 τῆς
1690 4678 1896 4758 φύσεως

244 4769 409 4847 ῥύπον
437 4768 657 4847 καθάραι
685 4767 961 4827 ἀδύνατον.

331 4846 441 4924 ξη’.
473 4846 623 4914 Πᾶσα
653 4861 836 4938 ψυχῆς
876 4855 1297 4932 πλημμελούσης
1329 4854 1580 4926 διάθεσις,
1609 4863 1687 4930 τῷ
1715 4852 1897 4935 φαύλῳ

247 4945 536 5020 κινουμένη
565 4947 765 5023 τρόπον,
827 4947 899 5010 εἰς
950 4943 1143 5013 ἡδονὴν
1185 4947 1448 5025 βραχεῖαν
1506 4943 1753 5001 καταλύει
1809 4945 1899 4999 τὸν

246 5034 487 5109 κάματον
524 5052 537 5066 ·
590 5040 734 5091 πᾶσα
802 5032 857 5090 δὲ
912 5034 1267 5112 καθαιρομένη
1328 5035 1481 5114 ψυχὴ
1535 5039 1633 5100 τῆς
1695 5032 1899 5112 φαύλης

248 5125 523 5190 συνηθείας
551 5124 640 5180 καὶ
669 5121 966 5197 διαθέσεως,
1000 5126 1073 5187 εἰς
1103 5125 1305 5203 μακρὰν
1348 5123 1540 5191 ἡδονὴν
1585 5124 1900 5203 εὖφροσυνης

248 5210 535 5268 ἐπεκτείνει
563 5212 684 5275 τοὺς
717 5213 930 5292 πόνους,
981 5214 1069 5270 καὶ
1114 5217 1285 5288 θαῦμα
1332 5218 1444 5276 πῶς
1491 5209 1682 5280 ἡδονὴν
1732 5208 1897 5278 ἡδονὴ

242 5299 699 5375 καταστέλλουσα,
729 5304 829 5369 τὴν
858 5300 916 5357 ἐκ
938 5307 1039 5369 τῆς
1066 5299 1260 5370 ἡδονῆς
1289 5301 1609 5377 τικτομέτην
1633 5297 1898 5377 καταγλυ-

240 5389 411 5446 καίνει
442 5387 651 5458 ὀδύνην,

324 5469 421 5543 ἔθ’,
486 5481 620 5536 [Ιοτέ
693 5480 788 5555 μὲν
847 5480 1024 5558 πικρία
1103 5481 1189 5535 καὶ
1258 5481 1416 5543 πόνος
1487 5479 1773 5556 ἐπιγίνεται
1829 5483 1896 5553 τῇ

1973 3979 2104 4021 rum
2136 3960 2250 4039 ipsi
2279 3969 2369 4020 est
2398 3959 2787 4039 lacrymarum
2833 3959 3100 4039 purgatio
3133 3970 3190 4021 et
3213 3961 3622 4040 regeneratio,

1976 4068 2109 4111 eum
2139 4048 2261 4110 Deo
2290 4047 2430 4109 unio
2462 4056 2520 4109 et
2550 4048 2828 4110 societas.

1913 4197 1961 4251 Β
2056 4228 2155 4291 67.
2191 4224 2335 4288 Cum
2358 4225 2474 4286 duo
2501 4225 2562 4286 in
2585 4224 2758 4287 nobis
2780 4243 2849 4287 ex
2873 4225 3081 4288 eadem
3102 4227 3433 4289 substantia
3451 4235 3622 4292 natu-

1977 4316 2180 4378 raliter
2206 4317 2469 4383 efﬂuant,
2507 4333 2720 4395 nempe
2750 4334 2977 4391 semen,
3023 4336 3136 4396 quo
3172 4316 3387 4379 animat
3432 4318 3618 4380 vesti-

1978 4417 2244 4467 mentum
2276 4404 2674 4483 inquinamus,
2710 4412 2767 4464 et
2800 4405 3097 4483 lacrymte,
3130 4406 3345 4484 quibus
3368 4408 3515 4469 illud
3543 4408 3621 4471 de

1978 4515 2128 4556 novo
2153 4495 2428 4555 mundam
2442 4512 2525 4572 us,
2550 4511 2793 4554 necesse
2823 4503 2911 4554 est
2932 4497 3169 4556 sordem
3193 4514 3260 4558 ex
3291 4497 3623 4559 substantia

1978 4594 2179 4645 nostra
2232 4590 2588 4643 contractam
2628 4581 2787 4642 ablui
2835 4583 3107 4663 lacrymis
3136 4603 3204 4645 ex
3234 4586 3441 4647 eadem
3475 4584 3618 4647 sub-

1978 4672 2190 4734 stantia
2215 4672 2429 4733 elicitis
2461 4689 2475 4732 :
2510 4671 2683 4731 aliter
2714 4670 2874 4732 enim
2908 4674 3115 4734 sordes
3145 4692 3215 4734 ex
3244 4683 3452 4737 natura
3473 4692 3617 4755 pro-

1979 4762 2222 4823 veniens
2255 4760 2525 4820 mundari
2555 4779 2668 4819 non
2699 4775 2920 4840 posset.

2062 4853 2162 4913 68.
2197 4848 2402 4912 Omnis
2431 4849 2642 4911 anima:
2674 4850 2973 4928 peccantis
3002 4851 3307 4913 inclinatio
3349 4852 3503 4915 male
3525 4851 3627 4913 di-

1982 4948 2143 5000 rocta
2185 4939 2245 5000 in
2293 4939 2531 4999 brevem
2586 4939 2940 5017 voluptatem
3000 4941 3240 5002 resolvit
3304 4940 3613 5019 laborem;

1984 5028 2176 5089 omnis
2208 5045 2346 5088 vero
2376 5027 2572 5087 anima
2602 5045 2668 5087 ex
2705 5044 2880 5105 prava
2900 5028 3246 5091 habitudine
3275 5038 3333 5091 et
3366 5030 3622 5092 inclina-

1986 5117 2145 5179 tione
2200 5123 2517 5196 expurgata
2564 5115 2635 5176 ad
2683 5114 2959 5194 longuam
3012 5117 3210 5195 gaudii
3266 5119 3623 5199 voluptatem

1984 5206 2219 5267 labores
2249 5205 2532 5277 extendit,
2569 5211 2626 5264 et
2657 5203 2871 5265 mirum
2912 5206 3208 5286 qmmodo
3262 5209 3623 5289 voluptatem

1980 5295 2244 5374 voluptas
2296 5293 2654 5374 reprimens,
2702 5309 2771 5352 ex
2829 5293 3125 5374 voluptate
3172 5304 3368 5359 ortum
3413 5297 3629 5361 allevet

1979 5384 2270 5446 dolorem.

2054 5473 2159 5535 69.
2193 5471 2364 5534 Modo
2393 5466 2724 5533 amaritudo
2750 5478 2810 5532 et
2829 5469 2997 5536 labor
3025 5475 3370 5557 supervenit
3384 5474 3629 5540 intelle-
