4050 6124
222 163 349 236 885

1210 173 1746 240 FRACTICORUM
1788 170 2122 238 CAPITUM
2164 164 2556 239 CENTURIA
2598 175 2629 238 Ι

3475 167 3596 235 886

222 310 369 385 σθαι,
399 309 435 378 ἢ
477 310 576 367 κᾶν
630 312 721 368 ἕνα
776 312 971 370 τούτων
1030 312 1417 392 τροπώσασθαι,
1476 315 1591 374 πῶς
1624 328 1849 385 μονομα-

1951 304 2167 366 horum
2195 303 2538 385 devincere,
2570 303 2866 385 quomodo
2908 304 3073 366 solus
3100 300 3466 384 praeliabitnr
3491 298 3592 392 in-

223 398 394 475 χήσει
451 401 541 456 καὶ
597 399 650 456 ἐν
710 400 859 476 μέσῳ
914 387 1129 460 πολλῶν
1186 398 1447 479 μυριάδων
1502 398 1732 480 ἐχθρῶν,
1784 419 1849 454 κα

1955 402 2044 455 ter
2075 394 2288 454 multas
2318 392 2693 455 inim’corum
2729 392 3047 471 mtriades,
3081 392 3172 455 vel
3201 389 3438 472 aliquod
3473 387 3590 450 mi-

222 489 585 567 στρατηγικόν
653 512 702 546 τι
775 489 927 570 ἔργον
1003 475 1298 569 ἐνδείξεταί,
1371 475 1614 569 ἄπειρος-
1640 487 1713 544 ὢν
1782 494 1849 542 τοί

1953 483 2124 545 litare
2173 484 2385 544 factum
2431 483 2585 551 edet,
2639 501 2773 544 cum
2805 482 2881 543 sit
2922 480 3064 543 belli
3108 475 3592 570 inexpertus‘tSi

222 574 464 652 πολέμου
498 597 515 658 ;
550 581 607 636 Εἰ
649 576 705 634 δὲ
750 574 915 637 τοῦτο
971 578 1055 637 ἐπὶ
1096 585 1200 636 τῶν
1232 580 1565 658 ἀνθρωπίνων
1596 575 1870 647 ἀδύνατον,

1954 581 2150 634 autem
2176 571 2286 632 hoc
2311 578 2399 632 est
2418 570 2786 651 impossibile
2812 570 2872 632 in
2895 569 3168 632 humanis
3188 567 3389 644 rebus,
3407 566 3588 629 multo

223 661 413 738 πολλῷ
454 655 659 741 μᾶλλον
707 666 793 724 ἐπὶ
838 674 944 725 τῶν
1001 668 1174 729 θείων,
1234 655 1337 731 Τίς-
1365 667 1464 745 γὰρ
1493 667 1622 744 πρὸς
1652 664 1849 743 ἐρημία

1957 662 2141 740 magis
2172 662 2229 721 in
2271 659 2507 723 div.nis.
2548 658 2690 733 Quis
2731 662 2913 731 enim,
2942 667 3252 739 postquam
3283 656 3344 718 in
3375 655 3588 718 solitu-

219 755 429 833 φυγὼν,
480 756 576 818 τὰς
618 760 723 811 τῶν
782 755 1046 833 δαιμόνων
1104 754 1410 835 ἐπιδρομὰς,
1472 756 1559 811 καὶ
1600 754 1704 810 τῶν
1760 773 1870 809 πα-

215 844 330 896 θῶν
402 842 497 907 τὰς
556 842 770 922 ἐφόδους
827 847 921 909 τὰς
965 845 1189 927 ἀφανεῦς
1231 846 1318 901 καὶ
1372 841 1663 923 προδήλους
1723 842 1868 920 γνώ-

214 952 393 1013 σεται,
424 933 461 1001 ἢ
503 933 844 1014 καταδρομὴν
885 937 1166 1006 ποιήσεται
1195 932 1312 992 κατ’
1346 938 1540 1015 αὐτῶν,
1593 935 1670 1009 μὴ
1727 931 1864 1011 πρό·-

215 1041 374 1100 τερον
427 1023 605 1088 καλῶς
653 1023 1026 1104 ἐγγυμνασθεὶς
1080 1027 1177 1094 τὴν
1234 1023 1466 1093 ἐκκοπὴν
1507 1031 1599 1081 τοῦ
1625 1022 1866 1097 θελήμα-

212 1130 338 1181 τος,
397 1111 559 1186 μέσον
630 1112 715 1170 ἐπὶ
784 1119 1098 1192 συναγωγῆς
1153 1112 1413 1193 ἀδελφῶν,
1475 1114 1578 1169 ὑπὸ
1633 1112 1867 1190 ἐμπείρῳ

213 1197 454 1278 ἀρχηγῷ
486 1207 575 1257 τοῦ
602 1203 838 1259 τοιούτου
866 1202 1125 1282 πολέμου,
1157 1203 1379 1282 ἀοράτου
1407 1199 1555 1265 ὄντος
1597 1202 1686 1258 καὶ
1727 1223 1862 1266 νοη-

214 1295 313 1343 τοῦ
341 1307 357 1368 ;
404 1290 462 1346 Εἰ
503 1287 559 1345 δὲ
586 1297 738 1348 τοῦτο
768 1289 1043 1363 ἀδύνατον,
1077 1289 1175 1371 ἄρα
1204 1292 1376 1357 πάντη
1403 1291 1688 1369 ἀμήχανον
1716 1287 1862 1353 ὅπως

214 1374 398 1433 ἄλλων
426 1380 455 1434 ὁ
483 1386 718 1443 τοιοῦτος
759 1381 1144 1460 ὑπερμαχήση,
1203 1381 1289 1436 καὶ
1345 1377 1535 1442 ἄλλους
1580 1376 1756 1454 διδάξῃ
1798 1378 1865 1432 τὰ

213 1465 486 1549 κατὰ-τῶν
528 1467 764 1546 ἀοράτων
794 1469 1000 1548 ἐχθρῶν
1027 1469 1275 1549 τρόπαια.

298 1543 401 1615 οδ’.
450 1543 663 1635 Περίελε
710 1543 974 1614 ἀπὸ-’σοῦ
1024 1543 1219 1621 ὄνειδος
1274 1555 1523 1632 ἀμελείας
1577 1558 1665 1613 καὶ
1711 1553 1860 1621 ἐξου-

209 1640 429 1701 δένωσιν
459 1647 899 1726 καταφρονήσεως
929 1653 1033 1704 τῶν
1072 1645 1299 1704 ἐντολῶν
1327 1655 1420 1705 τοῦ
1475 1652 1606 1703 Θεοῦ
1639 1663 1655 1681 ο

206 1726 377 1788 δαλοῦ
424 1732 524 1800 τὴν
565 1732 859 1816 φιλαυτίαν,
916 1739 1004 1793 καὶ
1058 1736 1194 1793 κατὰ
1243 1737 1331 1802 τῆς
1388 1737 1579 1814 σαρκὸς
1632 1734 1856 1814 ἀφειδῶς

205 1816 451 1897 ὅρμησον
486 1840 502 1856 ο
572 1825 805 1893 ζήτησον
872 1824 937 1880 τὰ
995 1822 1326 1899 δικαιώματα
1393 1825 1577 1903 Κυρίου
1644 1826 1733 1880 καὶ
1792 1824 1858 1880 τὰ

205 1910 472 1989 μαρτύρια
526 1913 683 1972 αὐτοῦ
720 1930 734 1945 '
789 1915 1189 1994 καταφρόνησον
1245 1911 1398 1981 δόξης
1461 1915 1549 1969 καὶ
1592 1913 1803 1989 ἀτιμίας
1838 1933 1852 1950 ο

202 1997 436 2072 μίσησον
491 2001 585 2064 τὰς
641 1999 915 2069 ἐνηδόνους
971 2001 1164 2082 ὀρέξεις
1223 2009 1315 2060 τοῦ
1374 2002 1619 2079 σώματος
1654 2019 1669 2033 ⁸
1727 2004 1855 2082 φύγε

204 2088 305 2143 τὸν
346 2088 525 2169 κόρον,
560 2089 626 2147 δι’
656 2094 718 2147 οὗ
744 2092 810 2149 τά
864 2094 1188 2173 ὑπογάστρια
1243 2093 1583 2171 ἐκπυροῦνται
1617 2108 1632 2123 ⁸
1678 2091 1853 2148 ἄσπα-

203 2197 300 2232 σαι
330 2176 427 2233 τὴν
483 2182 686 2252 πενίαν,
737 2181 834 2247 τὴν
889 2183 1244 2239 κακοπάθειαν
1277 2201 1294 2217 ο
1354 2185 1503 2248 στῆθι
1546 2182 1681 2238 κατά
1737 2204 1849 2237 πα-

199 2267 312 2320 θῶν
345 2283 362 2300 °
420 2266 645 2346 στρέψον
677 2290 769 2324 σου
812 2270 905 2334 τὰς
950 2272 1213 2340 αἰσθήσεις
1255 2272 1381 2350 πρὸς
1438 2271 1506 2326 τὰ
1548 2270 1697 2334 ἐντὸς
1762 2274 1860 2338 τῆς

202 2359 393 2436 ψυχῆς
426 2375 445 2393 ο
492 2365 671 2415 νεῦσον
726 2358 869 2416 ἔνδον
911 2363 1041 2439 πρὸς
1097 2361 1195 2428 τὴν
1237 2367 1330 2418 τοῦ
1370 2361 1664 2439 κρείττονος
1694 2359 1852 2439 ἐργα-

200 2445 324 2501 σίαν
356 2463 370 2478 ·
430 2447 701 2527 κώφευσον
755 2449 861 2505 ἀπὸ
917 2457 1023 2506 τῶν
1075 2449 1411 2529 ἀώρωπῖνων
1472 2450 1796 2529 πραγμάτων
1833 2467 1850 2485 ο

197 2532 436 2592 κένωσον
487 2538 662 2594 πᾶσάν
718 2560 809 2595 σου
861 2539 957 2607 τὴν
1012 2540 1169 2619 ἰσχὺν
1212 2540 1285 2601 εἷς
1326 2539 1426 2606 τὴν
1467 2540 1573 2592 τῦν
1627 2535 1851 2594 ἐντολῶν

197 2620 449 2701 ἐργασίαν
482 2642 498 2658 ⁶
568 2627 852 2706 θρήνησον,
934 2628 1294 2708 χαμεύνησον,
1386 2628 1693 2701 νήστευσον,
1748 2647 1852 2681 κα-

197 2709 532 2791 κοπάθησον,
589 2715 889 2794 ἡσύχασον,
934 2719 1117 2793 γνῶθι,
1175 2718 1237 2772 τὸ
1289 2713 1618 2784 τελευτατον,
1666 2714 1742 2789 μὴ
1781 2713 1848 2769 τὰ

197 2799 325 2877 περὶ
354 2799 434 2873 σὲ,
465 2803 649 2859 σαυτὸν
683 2800 737 2859 δέ
771 2822 785 2838 ·
846 2806 1086 2883 ὑπεράνω
1132 2810 1230 2872 τῆς
1272 2806 1377 2860 τῶν
1426 2802 1706 2883 ὁρωμένων
1747 2823 1844 2881 γε-

196 2892 296 2943 νοῦ
324 2890 690 2955 ταπεινώσεως
726 2908 740 2922 ⁸
801 2893 1031 2950 πέτασον
1086 2915 1179 2949 σο)
1226 2895 1288 2950 τὸ
1332 2894 1508 2972 νοερὸν
1535 2889 1684 2967 ὄμμα
1714 2892 1844 2970 πρὸς

195 2976 420 3054 θεωρίαν
451 2985 602 3055 Θεοῦ,
638 2981 727 3036 καὶ
754 2979 837 3037 ἴδε
879 2983 975 3051 τὴν
1031 2983 1359 3061 τερπνὸτητα
1406 2981 1589 3060 Κυρίου
1644 2980 1705 3036 ἐκ
1744 3002 1843 3047 της

195 3062 465 3134 καλλονῆς
494 3070 598 3124 τῶν
626 3071 933 3146 κτισμάτων
967 3087 982 3102 ·
1017 3070 1264 3127 κάκεῖθεν
1304 3067 1558 3137 καταϐας,
1592 3066 1844 3146 διήγησαι

194 3167 319 3218 τοῖς
348 3153 597 3237 ἀδελφοῖς
626 3179 718 3218 σου
742 3160 808 3215 τὰ
847 3160 943 3228 τῆς
987 3160 1391 3232 αἰωνίου.ζωῆς,
1423 3159 1509 3215 καὶ
1550 3159 1618 3217 τὰ
1647 3158 1844 3234 μυστή-

194 3265 289 3322 ρια
325 3249 424 3311 τῆς
464 3253 559 3303 τοῦ
587 3254 718 3306 Θεοῦ
764 3248 1057 3325 βασιλείας.
1111 3251 1211 3308 Καὶ
1260 3248 1413 3308 τοῦτό
1464 3249 1575 3305 ἐστι
1605 3249 1665 3303 τὸ
1695 3246 1845 3327 ἔργον

190 3331 298 3399 τῆς
329 3329 381 3398 ἐξ
410 3333 695 3410 ἀνθρώπων
751 3342 946 3417 φυγῆς,
1006 3335 1074 3392 δι’
1116 3334 1279 3417 ἄκρας
1321 3337 1619 3412 ἀσκήσεως,
1669 3338 1845 3393 καὶτὸ

192 3419 364 3505 πέρας
391 3421 485 3490 τῆς
510 3424 582 3488 εἰς
614 3423 835 3503 ἐρημίαν
864 3423 1162 3505 διατριϐῆς.

279 3499 378 3571 οε’.
411 3512 471 3568 Εἰ
511 3499 676 3578 θέλεις
716 3499 857 3571 γίδεϊν
894 3515 960 3571 τα
984 3499 1181 3595 ἀγαθὰ,
1228 3515 1260 3570 ἃ
1313 3515 1598 3591 ἡτοίμασεν
1643 3519 1671 3573 ὁ
1714 3516 1845 3578 Θεὸς

187 3610 313 3662 τοῖς
345 3598 621 3678 ἀγαπῶσιν
656 3604 833 3674 αὐτὸν,
892 3601 946 3657 ἐν
986 3610 1056 3680 τῇ
1113 3603 1304 3683 ἐρημίᾳ
1358 3611 1511 3682 γενοῦ
1548 3610 1647 3672 τῆς
1675 3603 1845 3684 ἀρνή-

194 3707 336 3752 σεως
405 3697 497 3746 τοῦ
565 3687 692 3746 ἰδίου
744 3691 1066 3767 θελήματος,
1124 3693 1212 3748 καὶ
1281 3692 1409 3771 φύγε
1462 3695 1555 3749 τὸν
1622 3692 1840 3767 κόσμον.

197 3781 371 3832 Ποῖον
398 3773 464 3844 δὴ
512 3784 694 3834 τοῦτον
727 3798 743 3858 ;
789 3780 900 3838 Τὴν
940 3779 1211 3855 ἐπιθυμίαν
1264 3783 1368 3836 τῶν
1411 3780 1692 3860 ὀφθαλμῶν
1747 3781 1841 3849 τῆς

202 3864 398 3942 σαρκός
430 3880 446 3895 ⁸
479 3865 579 3933 τὴν
608 3865 911 3938 ἀλαζονείαν
938 3871 1042 3924 τῦν
1074 3867 1368 3948 λογισμῶν,
1398 3870 1487 3925 καὶ
1539 3869 1637 3936 τὴν
1690 3868 1837 3925 ἀπέ-

199 3974 305 4018 την
345 3955 449 4009 τῶν
480 3955 784 4032 ὁρωμένων,
827 3966 1020 4016 Τοῦτον
1074 3960 1172 4036 γὰρ
1228 3956 1316 4015 ἐὰν
1370 3958 1536 4037 φύγῃς
1594 3958 1685 4012 τὸν
1736 3956 1838 4013 κό-

201 4063 364 4121 σμον,
396 4044 643 4122 πρώϊμον
673 4044 989 4102 ἐπανατελεϊ
1030 4068 1112 4102 σοι
1167 4048 1228 4102 τὸ
1283 4048 1416 4127 φῶς,
1475 4046 1595 4120 ὄψει
1637 4044 1731 4112 τῆς
1762 4044 1843 4101 ἐν’

197 4129 320 4187 θέοι)
344 4135 510 4205 ζωῆς,
564 4134 652 4190 καὶ
706 4135 772 4191 τὰ
813 4136 1010 4210 ἰάματα
1050 4140 1149 4202 τῆς
1192 4135 1372 4215 ψυχῆς
1420 4156 1537 4207 σου,
1595 4135 1732 4214 φημὶ
1774 4130 1838 4200 δὴ

198 4219 271 4275 τὰ
298 4216 517 4299 δάκρυα,
562 4222 705 4302 ταχὺ
753 4222 1020 4288 ἀνατελεϊ,
1053 4225 1140 4279 καὶ
1167 4225 1266 4290 τὴν
1295 4221 1574 4279 ἀλλοίωσιν
1603 4221 1838 4280 ἀλλοιω-

193 4307 337 4384 θήσῃ
365 4313 464 4375 τῆς
493 4307 663 4375 δεξιᾶς
689 4317 782 4367 τοῦ
847 4302 1112 4387 Ὑψίστου,
1169 4313 1257 4368 καὶ
1312 4308 1500 4387 μάστιξ
1530 4309 1709 4367 ἔκτοτε
1736 4333 1839 4368 πα·

195 4400 303 4453 θῶν
334 4395 429 4452 οῦκ
456 4397 630 4476 ἐγγιεϊ
679 4405 758 4474 τῷ
811 4400 1121 4476 σκηνώματί
1174 4423 1286 4470 σου,
1348 4401 1437 4457 καὶ
1491 4398 1626 4457 οὕτω
1681 4401 1840 4476 μέσον

198 4484 404 4561 κόσμου
458 4488 547 4543 καὶ
602 4485 729 4544 λαοῦ
776 4487 1072 4569 διατρίϐων.
1118 4487 1213 4566 ἔσῃ
1269 4491 1341 4555 ὡς
1394 4490 1448 4545 ἐν
1503 4488 1695 4567 ἐρημίᾳ
1724 4486 1841 4544 διά-

199 4595 311 4651 γων
354 4575 441 4630 καὶ
496 4570 764 4655 ἄνθρωπον
808 4580 885 4653 μὴ
932 4580 1092 4656 ὁρῶν,
1141 4579 1197 4634 Εἰ
1250 4575 1305 4633 δὲ
1362 4578 1441 4652 μὴ
1481 4585 1664 4635 τοῦτον
1706 4577 1843 4634 οὕτω

206 4662 378 4741 φύγῃς
421 4664 514 4720 τὸν
541 4665 764 4740 κόσμον,
798 4663 942 4747 οὐδεν
975 4689 1055 4723 σοι
1084 4667 1189 4722 ἀπὸ
1213 4665 1308 4733 τῆς
1340 4670 1510 4747 φυγῆς
1552 4665 1718 4741 μόνης
1749 4671 1842 4724 τοῦ

203 4750 477 4829 ὁρωμένου
502 4752 703 4828 κόσμου
733 4755 864 4832 πρὸς
894 4753 1162 4811 τελείωσιν
1202 4760 1307 4811 τῶν
1334 4754 1532 4834 ἀρετῶν
1560 4755 1648 4811 καὶ
1677 4754 1841 4810 συνά-

202 4858 356 4917 φειαν
388 4846 519 4920 Θεοῦ
547 4844 986 4920 προσγενήσεται,

287 4917 420 5002 ος..
467 4929 538 4987 Τὸ
566 4917 801 5007 γενέσθαι
831 4935 1071 5013 μοναχὸν
1128 4934 1189 4988 οῦ
1228 4934 1288 4989 τὸ
1346 4930 1444 4997 ’ἐξω
1495 4933 1598 4988 τῶν
1641 4930 1842 5010 ἀνθρώ.

203 5037 325 5071 πων
352 5018 441 5073 καὶ
467 5025 561 5073 τοῦ
614 5019 816 5094 κόσμου
871 5021 1107 5098 γενέσθαι
1157 5019 1316 5096 ἐστὶν,
1369 5018 1505 5076 ἀλλά
1529 5021 1590 5075 τὸ
1616 5018 1841 5075 καταλι-

198 5116 327 5159 πεῖν
384 5105 568 5161 ἑαυτὸν
623 5104 721 5172 ἔξω
771 5113 876 5163 τῶν
931 5114 1028 5176 τῆς
1084 5111 1273 5189 σαρκὸς
1327 5106 1639 5183 θελημάτων
1691 5107 1844 5185 γενέ-

199 5194 342 5265 σθαι,
391 5195 480 5250 καὶ
527 5194 778 5252 ἀπελθεῖν
822 5198 896 5261 εἷς
952 5198 1173 5278 ἐρημίαν
1229 5201 1432 5257 παθῶν.
1492 5197 1552 5253 Εἰ
1608 5197 1706 5275 γὰρ
1758 5197 1847 5254 καὶ

196 5282 331 5359 πρὸς
361 5283 452 5338 τὶν
506 5283 676 5361 μέγαν
729 5283 933 5342 ἐκεῖνον
991 5286 1195 5366 ἐρρἑθη,
1253 5292 1423 5365 Φεῦγε
1472 5285 1593 5347 τοὺς
1650 5284 1844 5365 ἀνθρώ-

204 5390 339 5432 πους
396 5372 486 5427 καὶ
544 5371 751 5451 adit-9,,
785 5372 921 5430 ἀλλὰ
980 5377 1148 5449 τούτῳ
1218 5382 1292 5450 τῷ
1360 5374 1541 5453 τρόπῳ
1596 5372 1775 5452 ἐῤῥέθη
1824 5391 1837 5404 ⁸

199 5457 314 5514 ἐπεὶ
370 5461 458 5515 καὶ
513 5462 647 5534 μετά
694 5453 761 5519 ιτδ
814 5476 1000 5541 φυγεῖν
1057 5464 1282 5539 ἐκεῖνον,
1344 5464 1503 5538 μέσον
1557 5461 1840 5541 ἀνθρώπων

1715 1646 1856 1702 ἀπο·
1882 1629 1922 1680 Β

1955 750 2155 812 dinem
2188 751 2423 827 fugerit,
2456 751 2792 811 daemonum
2842 748 3118 810 incursus
3163 762 3592 827 aggressusque

1954 839 2339 920 cupiditatum
2389 838 2714 900 invisibiles
2742 845 2800 900 et
2827 837 3093 899 visibiles
3129 842 3466 915 cognoscet,
3498 833 3589 897 vel

1949 928 2008 991 in
2042 948 2111 991 ea
2139 930 2348 1002 irruet,
2376 928 2423 988 si
2460 947 2574 990 non
2604 928 2770 1006 prius
2801 945 2864 988 se
2894 929 3161 990 exercuit
3182 925 3240 985 in
3263 921 3590 985 resecanda

1951 1019 2193 1099 propria
2238 1017 2559 1089 voluntate,
2611 1017 2670 1077 in
2726 1015 2923 1077 media
2973 1016 3218 1076 fratrum
3264 1030 3581 1092 synagoga,

1947 1110 2059 1168 sub
2089 1107 2239 1167 duce
2266 1105 2398 1167 talis
2431 1105 2568 1167 belli
2598 1105 2811 1186 perito,
2839 1111 3040 1183 utpote
3070 1100 3353 1164 invisibili
3384 1113 3443 1163 et
3467 1099 3587 1180 spi-

1946 1195 2191 1257 rituali?
2221 1194 2385 1268 Quod
2419 1194 2466 1254 si
2501 1195 2610 1255 hoc
2634 1192 2762 1255 fieri
2795 1192 3020 1272 nequit.
3051 1210 3166 1253 non
3187 1196 3379 1272 potest
3404 1189 3583 1250 etiam

1946 1283 2114 1345 istius
2159 1284 2396 1365 generis
2446 1284 2623 1344 homo
2683 1302 2788 1363 pro
2839 1282 2973 1343 aliis
3017 1298 3285 1362 pugnare
3328 1286 3389 1340 et
3431 1276 3582 1340 alios

1946 1374 2164 1436 docere
2198 1373 2437 1435 modum
2467 1370 2743 1434 vincendi
2775 1368 3347 1434 hostesinvisibiles.

2021 1554 2123 1616 74.
2159 1552 2310 1615 Cave
2339 1568 2413 1612 ne
2444 1549 2548 1611 tibi
2577 1546 2962 1630 exprobretur
3009 1545 3391 1626 neg‘igentia,
3434 1560 3583 1607 neve

1944 1642 2020 1705 oh
2066 1640 2510 1722 despectionem
2568 1638 2979 1700 mandatorum
3038 1636 3142 1699 Dei
3198 1632 3576 1722 vituperaris.

1938 1732 2149 1811 Abjice
2182 1721 2450 1792 amorem
2501 1727 2826 1808 proprium,
2862 1726 2919 1788 in
2966 1744 3205 1789 carnem
3250 1721 3580 1811 impavidus

1937 1810 2134 1896 irrue;
2167 1838 2365 1901 quzere
2387 1817 2842 1898 justiticationes
2871 1815 3103 1879 Domini
3146 1830 3208 1875 et
3238 1810 3577 1901 testimonia

1938 1910 2099 1989 ejus;
2134 1900 2351 1989 sperne
2380 1907 2627 1987 gloriam
2678 1914 2737 1965 et
2782 1904 3195 1984 ignominiam;
3229 1900 3577 1989 abo'ninare

1937 1988 2295 2060 libidinosus
2357 1996 2627 2076 corporis
2673 1993 2972 2073 impetus;
3027 1993 3158 2070 fuge
3215 1988 3575 2069 satietatem,

1936 2107 2049 2168 qua
2077 2088 2479 2148 inﬂammatur
2508 2083 2841 2157 abdomen;
2873 2080 3237 2157 amplectere
3269 2085 3579 2158 pauperta-

1933 2184 2053 2237 tem
2079 2184 2141 2238 et
2167 2175 2500 2248 cruciatus;
2553 2172 2719 2233 obsta
2742 2168 3195 2251 cupiditatibus;
3227 2172 3388 2227 verte
3427 2182 3572 2226 sen-

1943 2285 2044 2328 sus
2074 2275 2204 2326 tuos
2232 2264 2303 2325 ad
2327 2265 2667 2325 interiorem
2700 2259 2957 2321 animam
2985 2278 3001 2334 ;
3034 2256 3256 2318 inclina
3284 2273 3389 2317 cur
3411 2260 3574 2316 tuum

1941 2357 2010 2423 ad
2043 2355 2196 2418 bona
2225 2372 2434 2434 opera;
2472 2371 2547 2413 ne
2577 2358 2634 2412 te
2665 2349 2919 2411 misceas
2963 2344 3215 2427 negotiis
3261 2342 3572 2417 humanis;

1937 2443 2182 2505 exhauri
2246 2444 2404 2505 vires
2450 2442 2520 2502 ad
2593 2440 3000 2501 mandatorum
3058 2435 3574 2508 observationem;

1935 2551 2127 2612 geme,
2164 2533 2324 2593 humi
2350 2530 2764 2609 cuba,jejuna,
2796 2536 2853 2589 te
2882 2524 3104 2592 crucia.
3135 2522 3372 2605 quietus
3403 2527 3571 2612 esto;

1934 2606 2225 2700 cognosce
2258 2621 2495 2681 demum
2528 2606 2645 2678 non
2675 2634 2806 2697 quae
2833 2621 2971 2675 sunt
3012 2630 3169 2675 circa
3218 2621 3295 2673 te.
3337 2606 3443 2670 sed
3476 2616 3569 2700 te-

1930 2697 2266 2787 metipsum.
2305 2708 2695 2788 Superemine
2741 2705 2949 2767 vilitati
2976 2701 3304 2764 visibilium
3338 2719 3355 2774 ;
3389 2697 3568 2788 tende

1928 2784 2295 2879 spiritualem
2314 2784 2475 2858 tuum
2494 2796 2730 2857 oculum
2747 2795 2818 2856 ad
2837 2791 3400 2872 Contemplationem
3438 2784 3568 2879 Dei,

1930 2875 1988 2950 et
2015 2888 2146 2949 vide
2177 2887 2551 2948 dulcedinem
2601 2883 2834 2947 Domini
2887 2883 2948 2944 in
2991 2889 3396 2944 creaturarum
3428 2875 3561 2955 pulo

1928 2975 2309 3051 chritudine;
2344 2976 2604 3056 indeque
2632 2972 3029 3044 descendens,
3073 2989 3248 3033 narra
3285 2970 3563 3035 fratribus

1929 3067 2042 3127 tuis
2068 3065 2358 3139 magnalia
2383 3064 2515 3126 vitae
2543 3072 2780 3125 aeterna:
2810 3072 2869 3124 et
2899 3059 3180 3141 mysteria
3220 3060 3391 3139 regni
3438 3079 3563 3125 cce-

1926 3155 2139 3217 lorum.
2174 3153 2297 3215 Hoc
2329 3161 2420 3215 est
2447 3172 2596 3233 opus
2626 3152 2782 3213 illius
2809 3149 2910 3230 qui
2932 3167 3003 3211 es
3042 3147 3384 3211 hominibus
3421 3148 3570 3231 fugit

1928 3261 2035 3324 per
2064 3242 2379 3304 sublimem
2409 3241 2689 3322 ascesim,
2719 3241 2815 3302 th
2845 3238 2982 3300 ﬁnis
3009 3238 3140 3300 vitae
3167 3237 3324 3300 intra
3351 3237 3565 3301 solitu-

1925 3333 2127 3395 dinem
2154 3330 2462 3409 degendae.

2008 3511 2103 3573 75.
2136 3509 2193 3573 Si
2224 3509 2371 3571 velis
2392 3507 2593 3570 videre
2622 3506 2780 3568 bona
2823 3523 2957 3586 quae
2999 3503 3160 3566 Deus
3211 3503 3558 3584 praeparavit

1925 3598 2310 3674 diligentibus
2339 3616 2427 3672 se,
2462 3596 2558 3659 abi
2587 3595 2648 3657 in
2679 3594 3060 3657 solitudinem
3107 3591 3564 3655 renuntiationis

1925 3689 2180 3768 propriae
2211 3686 2549 3760 voluntatis,
2589 3697 2648 3745 et
2677 3685 2814 3763 fuge
2847 3680 3160 3744 mundum.
3184 3679 3370 3753 Quem
3392 3699 3565 3743 mun-

1922 3777 2108 3837 dum?
2138 3774 2693 3854 Concupiscentiam
2737 3771 3042 3833 oculorum
3082 3769 3302 3850 carnis,
3335 3769 3564 3846 cegita-

1921 3865 2146 3926 tionum
2179 3862 2541 3943 superbiam,
2584 3869 2643 3923 et
2683 3859 2970 3923 fallaciam
3017 3857 3357 3919 visibilium.
3395 3857 3563 3921 Hunc

1923 3954 2081 4016 enim
2110 3954 2160 4014 si
2193 3951 2412 4032 fugeris
2437 3951 2745 4020 mundum,
2768 3953 3050 4011 matutina
3068 3948 3170 4008 tibi
3191 3947 3417 4010 orietur
3437 3948 3559 4031 lux,

1921 4043 2136 4104 intuitu
2170 4043 2302 4103 vitae
2331 4040 2565 4119 divinae,
2611 4038 2878 4100 remedia
2904 4037 3120 4099 animae
3146 4043 3287 4111 tuae,
3342 4035 3403 4098 id
3440 4045 3557 4113 est,

1923 4130 2215 4210 lacrymaa,
2250 4148 2382 4190 mox
2408 4128 2697 4207 orientur,
2733 4123 3058 4187 mutaberis
3078 4123 3406 4186 mutatione
3425 4123 3564 4187 dex-

1925 4229 2065 4281 terre
2094 4218 2366 4291 Excelsi;
2398 4216 2700 4297 ﬂagellum
2749 4213 3130 4294 cupiditatum
3156 4213 3281 4292 jam
3314 4230 3434 4274 non
3463 4231 3564 4295 ap-

1923 4307 2347 4389 propinquabit
2375 4306 2755 4367 tabernaculo
2782 4311 2902 4375 tuo,
2939 4301 3145 4383 sicque
3174 4301 3234 4362 in
3261 4301 3458 4362 medio
3479 4302 3561 4363 vi-

1921 4415 2065 4458 vens
2095 4397 2315 4457 mundo
2346 4406 2402 4459 et
2434 4393 2671 4467 saeculo,
2696 4392 2817 4455 eris
2845 4399 3118 4472 tanquam
3148 4389 3211 4452 in
3241 4389 3563 4454 solitudine

1923 4488 2148 4564 degens
2180 4485 2603 4564 hominemque
2633 4501 2749 4544 non
2793 4480 3025 4543 videns.
3062 4478 3121 4543 Si
3152 4486 3350 4541 autem
3381 4479 3560 4542 istum

1925 4592 2043 4634 non
2093 4573 2174 4634 ita
2221 4573 2440 4652 fugeris
2496 4571 2809 4651 mundum,
2849 4568 3005 4630 solas
3055 4566 3306 4629 visibilis
3352 4568 3563 4630 mundi

1923 4661 2057 4739 fuga
2086 4661 2233 4721 nihil
2268 4662 2374 4722 tibi
2414 4659 2679 4741 proderit
2704 4659 2778 4720 ad
2807 4658 3088 4720 virtutum
3131 4655 3560 4738 perfectionem

1925 4760 1985 4814 et
2016 4769 2151 4813 cum
2177 4749 2295 4812 Deo
2326 4749 2831 4831 conjunctionem.

2010 4930 2105 4992 '76.
2140 4927 2488 4992 Monachum
2539 4926 2691 5002 ﬁeri,
2739 4946 2859 4990 non
2906 4933 2996 4990 est
3032 4944 3102 4989 ex
3132 4923 3477 4988 hominibus
3504 4932 3567 4988 et

1927 5019 2148 5081 mundo
2178 5020 2364 5100 exire,
2397 5019 2499 5079 sed
2525 5034 2769 5080 manere
2786 5017 3043 5080 alienum
3074 5034 3109 5078 a
3135 5015 3331 5078 carnis
3348 5014 3561 5100 volun-

1927 5107 2168 5181 tatibus,
2221 5119 2280 5168 et
2330 5099 2499 5168 abire
2567 5107 2870 5168 desertum
2920 5102 3332 5185 cupiditatum.
3392 5099 3561 5174 Quod

1928 5198 2086 5259 enim
2118 5196 2342 5259 dictum
2374 5214 2585 5274 magno
2614 5195 2702 5257 illi
2734 5194 2912 5257 Viro:
2944 5214 2973 5252 α
3001 5195 3162 5273 Fuge
3183 5189 3481 5267 homines,
3505 5197 3566 5254 et

1928 5287 2126 5348 salvus
2175 5286 2317 5361 eris,
2355 5310 2382 5342 ω
2419 5286 2531 5347 hoc
2578 5285 2640 5345 in
2688 5292 2889 5346 nostro
2935 5299 3117 5346 sensu
3166 5281 3395 5344 dictum
3426 5286 3559 5343 est:

1925 5373 2217 5456 siquidem
2265 5381 2569 5454 postquam
2595 5372 2693 5434 ille
2749 5370 2918 5454 fugit,
2978 5369 3371 5435 nihilominus
3408 5368 3567 5434 inter

1928 5461 2202 5525 homines
2230 5462 2595 5539 versabatur,
2617 5460 2678 5523 in
2703 5469 2980 5542 terraque
2997 5459 3252 5541 degebat
3277 5458 3561 5539 habitata,
