4050 6124
419 149 556 246 887'
1738 183 2043 247 meam
2085 181 2513 246 PECTORATI
3711 175 3810 242 888

421 324 482 377 et
515 335 648 376 cum
680 315 991 398 discipulis
1021 317 1348 386 victitabat,
1371 317 1474 380 sled
1503 316 1864 379 conversain
1889 317 2085 394 fugam

2181 311 2430 388 ηὒλίζετο,
2483 317 2572 372 καὶ
2631 315 2685 371 ἐν
2742 316 3070 392 οἰκουμέναις
3127 315 3374 392 ἐνδημῶν
3430 313 3523 384 ἧν,
3583 313 3671 368 καὶ
3723 333 3807 387 μα-

424 403 798 484 Spiritualem
834 425 938 466 sua
970 405 1386 478 sensibilitate,
1423 405 1650 466 nullum
1678 425 1742 465 ex
1770 405 2076 466 hominum

2181 413 2352 470 Ιητατῐς
2396 405 2581 478 συνέζη
2617 423 2636 442 ⁸
2681 406 2816 462 ἀλλὰ
2863 407 2962 474 τὴν
3017 407 3212 474 νοητὴν
3269 406 3453 488 φυγὴν
3511 403 3568 458 ἐν
3610 409 3676 478 τῇ
3731 402 3807 456 αἷ-

425 494 794 554 commercio
827 494 1164 574 patiebatur
1185 494 1629 554 detrimentum.
1657 495 1823 555 Alius
1847 509 2082 574 quoque

2181 495 2337 570 τθητῇ
2369 493 2661 560 σπουδαίως
2705 497 2906 575 φυγὼν,
2957 494 3103 554 οὐδὲν
3159 496 3300 575 παρὰ
3357 499 3466 562 τῆς
3497 494 3603 548 τῶν
3633 492 3809 572 ἀνθρώ-

426 581 528 642 vir
563 602 827 662 magnus.
868 603 900 644 e
931 583 1130 664 synaxi
1162 583 1500 663 egrediens,
1532 587 1820 644 clamabat.
1854 604 1867 646 :
1899 605 1927 643 ‹
1966 581 2078 642 Fu-

425 669 569 748 gite.
611 671 851 747 fratres,
888 693 916 732 3
951 671 1053 734 sed
1106 691 1172 733 os
1225 671 1591 734 monstrabat
1637 670 2077 734 sciscitantibus

427 776 692 819 causam.

509 937 611 998 77.
642 933 708 997 In
739 955 917 998 unam
951 935 1194 997 domum
1237 937 1615 1015 congregatio
1651 936 1832 997 tutior
1862 943 1952 996 est
1978 955 2078 996 so-

430 1024 707 1086 litudine.
730 1023 1152 1086 Necessitatem
1183 1024 1342 1084 enim
1391 1025 1774 1086 habitationis
1803 1025 1864 1086 in
1895 1043 2079 1086 unum

431 1121 684 1174 testatur
712 1133 942 1174 sacrum
968 1113 1202 1174 Domini
1237 1113 1374 1176 Jesu
1396 1115 1641 1174 verbum
1675 1135 1688 1176 :
1733 1140 1750 1168 ι
1781 1111 1893 1175 Ubi
1920 1114 2078 1174 enim

429 1211 565 1262 sunt
597 1203 711 1263 duo
742 1213 840 1263 aut
873 1212 991 1263 tres
1023 1203 1363 1280 congregati
1407 1205 1467 1263 in
1519 1203 1759 1264 nomine
1807 1223 1959 1276 meo,
1996 1199 2078 1263 ibi

430 1309 559 1350 sum
593 1291 652 1350 in
685 1291 882 1350 medio
915 1310 1116 1350 eorum
1146 1292 1223 1352 ‘8.
1256 1316 1280 1345 «
1315 1295 1392 1352 l)e
1427 1292 1688 1369 periculo
1722 1300 1918 1352 autem
1941 1291 2072 1352 soli-

433 1379 654 1439 tudinis
700 1379 977 1440 Salomon
1032 1379 1150 1439 ait:
1184 1405 1208 1434 η
1243 1381 1338 1440 \‘ze
1380 1379 1514 1448 soli.
1549 1380 1686 1459 quia
1730 1399 1863 1440 cum
1915 1381 2078 1442 ceci-

433 1465 607 1538 derit,
627 1485 742 1527 non
771 1468 950 1528 habet
971 1467 1379 1528 sublevantem
1403 1486 1466 1529 se
1497 1468 1570 1522 19.
1601 1493 1625 1522 n
1649 1467 1838 1548 Atque
1863 1487 1964 1528 eos
1979 1467 2080 1548 qui

2162 603 2278 638 πων
2334 587 2607 648 συνουσίας
2669 581 2980 646 ἐϐλάπτετο.
3042 592 3208 643 Τοῦτο
3250 581 3306 639 δὲ
3351 583 3448 639 καὶ
3505 579 3667 643 ἄλλος
3719 585 3810 636 τῶν

2161 669 2408 748 μεγάλων
2437 669 2583 752 ἐϐόα,
2643 677 2740 740 τῆς
2783 671 3040 738 συνάξεως
3097 671 3454 752 ἐξερχόμενος
3491 685 3508 699 ⁹
3573 668 3808 748 Φεύγετε,

2164 756 2400 839 ἀδελφοὶ,
2433 758 2570 816 ἀλλὰ
2597 762 2658 816 τὸ
2715 761 2887 836 στόμα
2941 758 3216 836 ἐδείκνυεν,
3275 759 3699 840 ἐπερωτώμενος
3724 757 3810 823 τὴν

2165 848 2360 908 αἰτίαν.

2247 927 2348 1009 σ’ς’,
2385 929 2446 994 Ἠ
2479 937 2564 993 ἐπὶ
2610 939 2672 993 τὸ
2715 939 2840 994 αὖτὸ
2897 937 2952 995 ἐν
3007 936 3266 1002 συνοδίαις
3319 936 3668 1008 κατοίκησις,
3727 938 3814 1001 τῆς

2167 1025 2447 1101 μονώσεως
2477 1023 2859 1106 ἀσφαλεστέρα.
2911 1028 3032 1106 Περὶ
3090 1026 3186 1102 μὲν
3228 1026 3328 1104 γὰρ
3381 1031 3482 1080 τοῦ
3539 1023 3814 1102 ἀναγκαίου

2162 1121 2259 1182 τῆς
2299 1115 2384 1172 ἐπὶ
2441 1117 2502 1171 τὸ
2545 1115 2672 1174 αὒτὸ
2715 1117 3009 1189 κατοικίας,
3067 1117 3262 1193 μάρτυς
3309 1117 3338 1170 6
3369 1115 3516 1192 ἱερὸς
3546 1111 3705 1190 λόγος
3732 1117 3814 1168 τοῦ

2161 1203 2342 1270 Ἰησοῦ
2369 1205 2457 1260 καὶ
2501 1211 2632 1262 Θεοῦ
2661 1218 2675 1232 ⁸
2735 1225 2763 1258 α
2817 1205 2888 1260 0'5
2933 1205 3032 1282 γάρ
3080 1205 3176 1259 εἶσι
3225 1201 3329 1259 δύω
3372 1202 3412 1271 ἢ
3442 1214 3595 1280 τρεῖς
3638 1222 3818 1277 συνηγ-

2163 1293 2335 1368 μένοι,
2370 1295 2551 1372 φησὶν,
2602 1291 2656 1348 ἐν
2696 1299 2774 1366 τῷ
2802 1292 2917 1368 ἐμῷ
2958 1292 3200 1368 ὀνόματι,
3248 1291 3364 1348 ἐκεῖ
3423 1293 3538 1366 εἶμι
3599 1290 3653 1346 ἐν
3682 1289 3817 1364 μέσω

2431 1383 2548 1460 περὶ
2588 1379 2644 1436 δὲ
2688 1387 2780 1438 τοῦ
2830 1379 3147 1460 ἐπισφαλοῦς
3175 1385 3272 1447 τῆς
3301 1380 3601 1456 μονώσεως
3660 1381 3687 1434 6
3729 1384 3820 1432 Σο-

2162 1469 2343 1546 λομὼν
2379 1491 2394 1505 ο
2433 1493 2459 1524 ιι
2497 1471 2622 1528 Οὒαὶ
2663 1477 2740 1544 τῷ
2787 1470 2883 1543 ἑνὶ,
2941 1471 3124 1550 φησὶν,
3184 1467 3264 1525 ὅτι
3309 1467 3440 1524 ὅταν
3500 1466 3666 1544 πέσῃ,
3731 1469 3816 1522 οὒκ

2163 1385 2333 1440 αὐτῶν
2370 1399 2384 1414 ·

432 1553 492 1615 in
525 1555 810 1617 charitate
835 1567 889 1617 et
915 1557 1237 1617 concordia
1269 1557 1452 1617 Deum
1487 1557 1936 1629 concelebrant,
1959 1561 2081 1636 ipse

2181 1557 2306 1615 ἔστιν
2336 1561 2364 1615 ὁ
2393 1559 2607 1638 ἐγείρων
2639 1561 2797 1618 αὐτὸν
2825 1575 2838 1588 ⁸
2908 1579 2936 1612 ι
2999 1559 3098 1615 Καὶ
3147 1559 3247 1637 γὰρ
3275 1561 3397 1621 τοὺς
3431 1556 3491 1613 ἐν
3522 1556 3710 1634 ἆγαπῃ
3736 1556 3816 1610 καὶ

431 1643 612 1707 David
674 1645 990 1717 beatilicat,
1044 1647 1427 1706 exclamans:
1477 1670 1498 1700 σι
1559 1649 1772 1708 Beatus
1834 1647 2085 1726 populus

2181 1648 2384 1722 ὀμονοίᾳ
2415 1649 2505 1702 τὸν
2539 1648 2668 1702 Θεὸν
2723 1646 3012 1721 ὑμνοῦντας
3064 1648 3153 1702 καὶ
3208 1649 3236 1702 6
3283 1642 3447 1703 Δαϐὶδ
3495 1644 3766 1722 μακαρίζει
3799 1658 3810 1672 ’

433 1733 532 1814 qui
567 1734 676 1794 scit
710 1735 1124 1812 jubilationem
1174 1735 1258 1796 ‘20.
1307 1735 1375 1795 Et
1421 1734 1480 1795 in
1526 1753 1707 1794 unum
1762 1735 2083 1795 habitatio-

2181 1757 2196 1790 tt
2235 1735 2524 1813 Μακάριος,
2559 1735 2722 1810 βοῶν,
2756 1737 2784 1791 6
2808 1733 2936 1798 λαὸς
2963 1738 2990 1791 6
3013 1733 3624 1812 γινώπωνάλαλαγμόν
3678 1755 3702 1788 ι
3727 1732 3816 1790 Καὶ

437 1841 570 1882 nem
606 1823 803 1883 laudat
833 1823 1038 1886 dicens
1069 1841 1082 1884 :
1125 1849 1148 1878 ‹‹
1187 1823 1338 1884 Ecce
1372 1823 1511 1902 quid
1551 1823 1769 1882 bonum
1802 1833 1900 1883 aut
1943 1823 2082 1904 quid

2181 1825 2266 1892 τὴν
2308 1823 2392 1880 ἐπὶ
2421 1826 2482 1882 τὸ
2513 1824 2639 1880 αὐτὸ
2668 1825 2936 1879 κατοικίαν
2987 1823 3196 1881 ἐπαινεῖ
3254 1821 3430 1900 λέγων
3465 1841 3480 1854 ⁶
3538 1845 3562 1878 ι
3601 1819 3728 1880 Ἰδοὺ
3756 1817 3816 1887 δὴ

428 1910 786 1990 jucundum,
829 1913 941 1972 nisi
995 1911 1261 1974 habitare
1295 1913 1505 1972 fratres
1536 1912 1594 1971 in
1631 1930 1810 1970 unum
1830 1911 1928 1970 21‘?
1955 1936 1976 1968 υ
2005 1912 2088 1972 Ac

437 2000 510 2060 de
541 2000 848 2080 discipulis
906 2001 1138 2060 Domini
1191 2000 1412 2060 dicitur
1445 2017 1459 2061 :
1503 2025 1528 2053 εί
1561 2003 1774 2062 Eorum
1827 2013 1954 2059 erat
1984 2018 2090 2060 cor

437 2107 618 2147 unum
654 2099 712 2148 et
741 2090 939 2148 anima
973 2107 1088 2148 una
1109 2088 1192 2145 “3‘2.
1235 2113 1256 2144 ι
1295 2087 1548 2165 Insuper
1579 2086 1732 2146 Deus
1752 2087 1823 2147 ad
1857 2106 1965 2148 nos
1989 2087 2092 2148 dc-

437 2175 692 2256 scendit,
722 2195 838 2237 non
873 2180 926 2237 in
957 2177 1364 2250 solitudinem,
1401 2177 1504 2236 sed
1531 2176 1587 2234 in
1623 2187 1840 2236 terram
1867 2175 2090 2236 habita-

442 2277 582 2338 tam,
618 2273 674 2325 et
705 2264 763 2324 in
789 2265 1014 2326 medios
1041 2265 1316 2326 homines
1343 2256 1709 2344 peccatores.
1743 2263 2094 2326 Necessaiia

442 2353 622 2432 igitur
649 2355 968 2415 concordia
1016 2355 1148 2414 vitae
1198 2354 1552 2427 communis,
1589 2353 1816 2415 lubrica
1867 2371 2002 2414 vero
2037 2362 2094 2414 et

445 2442 774 2522 periculosa
795 2443 1077 2506 solitudo.

527 2531 630 2593 78.
669 2556 694 2585 «
728 2530 981 2592 Necesse
1031 2540 1120 2592 est
1169 2539 1234 2591 ut
1279 2531 1516 2592 veniant
1563 2531 1862 2606 scandala,
1910 2532 2100 2612 inquit

451 2618 764 2698 Dominus,
797 2628 1200 2681 verumtamen
1252 2639 1334 2680 va:
1388 2620 1614 2680 homini
1665 2621 1746 2680 ili
1785 2640 1888 2700 per
1919 2639 2097 2694 quem

449 2708 796 2768 scandalum
827 2710 986 2768 venit
1012 2709 1091 2768 25,
1133 2735 1158 2763 »
1197 2707 1308 2781 Qui
1351 2727 1490 2784 ergo
1546 2710 1822 2789 pietatem
1876 2709 2093 2790 amisit,

2171 1913 2220 1968 τί
2248 1911 2410 1968 καλὸν
2435 1913 2470 1980 ἢ
2499 1914 2549 1968 τί
2589 1913 2833 1990 τερπνὸν,
2868 1910 2988 1967 ἀλλ’
3045 1911 3080 1980 ἢ
3123 1913 3182 1968 τὸ
3238 1924 3521 1968 κατοικεῖν
3567 1909 3815 1989 ἀδελφοὺς

2172 2001 2323 2079 ἄμας
2361 2024 2388 2056 n
2423 2002 2520 2058 Καὶ
2548 1999 2756 2056 ἐπὶτῶν
2800 2003 3050 2076 μαθητῶν
3092 2007 3185 2056 τοῦ
3217 2001 3423 2080 Κυρίου,
3472 2024 3497 2054 ιι
3546 2000 3653 2055 Μία
3678 1999 3741 2066 ἦν
3767 1997 3816 2054 ἐν

2172 2089 2356 2152 αὗτοῖς
2386 2091 2420 2158 ἡ
2453 2089 2630 2168 ψυχὴ,
2662 2089 2752 2145 καὶ
2778 2091 2813 2156 ἦ
2842 2086 3046 2168 καρδία.
3095 2085 3259 2146 Ἀλλὰ
3306 2089 3392 2144 καὶ
3439 2090 3475 2156 ἡ
3507 2089 3640 2166 πρὸς
3681 2088 3814 2161 ἡμᾶς

2171 2185 2264 2234 τοῦ
2293 2185 2423 2235 Θεοῦ
2447 2175 2690 2250 κάθοδος,
2725 2179 2820 2234 οὐκ
2849 2177 2903 2232 ἐν
2934 2176 3126 2256 ἐρημίᾳ
3149 2176 3387 2257 γέγονεν,
3418 2174 3540 2232 ἀλλ’
3573 2176 3626 2232 ἐν
3657 2177 3814 2232 οἳκου-

2175 2267 2381 2342 μέναις,
2415 2268 2502 2322 καὶ
2544 2267 2599 2322 ἐν
2630 2266 2778 2342 μέσῳ
2807 2266 3092 2345 ἀνθρώπων
3119 2265 3472 2346 ἁμαρτωλῶν.
3500 2265 3812 2342 Ἀναγκαῖον

2175 2355 2263 2412 οὖν
2305 2358 2340 2424 ἡ
2374 2357 2593 2431 ὁμόνοια
2639 2360 2738 2422 τῆς
2796 2355 2883 2411 ἐπὶ
2924 2357 2984 2412 τὸ
3040 2355 3166 2412 αὒτδ
3221 2355 3388 2435 ζωῆς,
3441 2353 3674 2434 σφαλερὰ
3701 2351 3809 2420 δὲὴ

2179 2445 2408 2520 μόνωσις
2437 2447 2526 2501 καὶ
2571 2441 2913 2507 ἐπικίνδυνος.

2262 2524 2372 2600 οη’,
2413 2557 2439 2588 σ
2471 2532 2701 2612 Ἀνάγκη
2723 2531 2894 2590 ἐλθεῖν
2912 2533 2978 2588 τὰ
3000 2529 3286 2610 σκάνδαλα,
3317 2552 3341 2587 ι
3369 2532 3526 2610 φησὶν
3547 2533 3575 2587 6
3609 2531 3807 2608 Κύριος,

2188 2647 2213 2677 α
2249 2623 2368 2679 ἀλλ’
2398 2623 2513 2679 οὒαὶ
2555 2610 2622 2678 διἱ
2680 2643 2739 2678 ου
2781 2624 2841 2678 τὸ
2895 2619 3184 2677 σκάνδαλον
3239 2621 3459 2698 γίνεται.
3511 2643 3538 2674 ι»
3595 2610 3649 2678 (Ο
3691 2625 3806 2697 γοῦν

2182 2713 2280 2778 τὴν
2357 2709 2626 2770 εὐλάϐειαν
2711 2709 3090 2784 ἀπολωλεκὼς,
3164 2711 3252 2765 καὶ
3321 2708 3375 2764 ἐν
3443 2709 3804 2788 καταφρονήσει

449 2802 626 2874 atque
657 2799 843 2858 Deum
881 2797 1222 2876 despiciens
1249 2806 1305 2856 et
1334 2815 1452 2856 non
1479 2796 1712 2872 timens,
1748 2797 1808 2857 in
1843 2799 2085 2859 mediarr

2183 2803 2270 2856 καὶ
2313 2799 2531 2882 ἀφοϐείᾳ
2579 2805 2733 2868 Θεοῦ,
2787 2799 2947 2874 μέσον
3004 2800 3314 2878 ὁμηγόρεως
3373 2797 3620 2878 ἀδελφῶν,
3678 2795 3804 2852 ἂνα-

449 2883 692 2945 fratrum
727 2886 1246 2964 congregationem
1278 2887 1616 2958 revertitur,
1652 2886 1852 2946 multis
1877 2887 2085 2966 simpli-

2183 2889 2556 2969 στρεφόμενος,
2589 2886 2812 2953 πολλοῖς
2864 2893 2968 2944 τῶν
3021 2885 3386 2966 ἁπλουστέρων
3438 2883 3597 2942 δίδωσι
3645 2886 3798 2939 σκάνο

451 2973 619 3034 cibus
648 2975 820 3034 alfert
848 2975 1148 3044 scandala,
1185 2974 1360 3035 modo
1389 2993 1494 3052 per
1515 2993 1716 3054 opera,
1747 2975 2085 3055 habitusque

2183 2976 2336 3038 δαλα.
2373 2983 2538 3034 Τοῦτο
2569 2977 2666 3052 μὲν
2689 2973 2755 3032 δι’
2789 2975 2980 3055 ἔργων,
3030 2979 3117 3033 καὶ
3167 2976 3479 3055 σχημάτων,
3527 2973 3607 3027 καὶ
3661 2992 3790 3050 φαυ-

453 3069 514 3123 et
557 3080 763 3142 pravos
813 3081 1033 3135 mores,
1089 3064 1262 3123 modo
1319 3081 1424 3141 per
1471 3062 1650 3124 verba
1701 3071 1760 3123 et
1796 3073 2085 3144 corrupto:

2185 3065 2420 3122 λοτάτων
2487 3065 2650 3140 ἠθῶν,
2722 3074 2877 3124 τοῦτο
2946 3062 3000 3120 δὲ
3069 3062 3152 3120 διὰ
3209 3065 3399 3142 λόγων,
3456 3063 3536 3116 καὶ
3589 3058 3789 3134 ὁμιλίας

453 3165 784 3225 sermones,
820 3159 996 3232 atque
1023 3153 1354 3233 corrumpit
1379 3154 1606 3212 animas
1639 3171 1954 3233 moresque
1991 3153 2085 3215 b0-

2186 3152 2588 3234 διεφθαρμένης,
2618 3155 2706 3210 καὶ
2735 3151 3010 3232 διαφθείρει
3070 3153 3273 3232 ψυχὰς,
3332 3151 3434 3219 ἤθη
3463 3171 3515 3206 τε
3541 3148 3704 3226 ἆταθᾶ
3723 3147 3808 3202 καὶ

455 3257 564 3300 nos
595 3248 653 3300 et
679 3240 982 3303 honestos.

2187 3243 2420 3322 χρηστά.

539 3331 640 3392 79.
673 3329 788 3401 Qui
818 3336 1008 3391 servat
1036 3329 1144 3393 Dei
1177 3328 1476 3402 mandata,
1504 3348 1620 3390 non
1643 3337 1807 3408 petra
1841 3331 2078 3393 scandal

2271 3321 2368 3389 σθ’.
2427 3321 2484 3387 Ὀ
2539 3335 2713 3410 τηρῶν
2769 3331 2864 3394 τὰς
2920 3329 3134 3394 ἐντολὰς
3188 3336 3280 3386 τοῦ
3336 3335 3490 3404 Θεοῦ,
3554 3331 3611 3386 οὗ
3663 3323 3812 3404 πέτρα

457 3421 523 3481 ﬁt
552 3417 917 3494 hominibus,
953 3419 1090 3498 quia
1141 3438 1258 3478 non
1305 3426 1393 3478 est
1441 3419 1784 3480 scandalum
1829 3419 1888 3480 in
1930 3420 2058 3500 ipso

2189 3417 2481 3477 σκανδάλου
2511 3421 2707 3497 γίνεται
2749 3433 2866 3484 τοῖς
2916 3419 3228 3498 ἀνθρώποις,
3275 3415 3460 3484 ἐπειδῆ
3519 3413 3631 3475 οὗδέ
3673 3415 3813 3470 σκάν-

453 3507 628 3588 (Nam
681 3529 704 3562 α
743 3526 852 3588 pax
903 3507 1085 3568 multa
1135 3507 1524 3585 diligentibus
1573 3508 1763 3586 legem
1818 3518 1997 3581 luam,
2051 3529 2082 3570 e

2190 3507 2346 3565 δαλόν
2402 3508 2542 3564 ἐστιν
2585 3507 2638 3564 ἐν
2683 3509 2846 3582 αὐτῷ,
2901 3509 3098 3586 Εἰρήνη
3159 3509 3258 3587 γαρ
3306 3504 3483 3573 πολλῆ
3527 3518 3642 3568 τοῖς
3683 3503 3810 3580 ἀγα-

460 3616 578 3658 non
629 3603 719 3657 est
765 3595 885 3656 illis
931 3595 1275 3657 scandalum
1312 3595 1393 3671 24,
1445 3597 1503 3674 υ)
1532 3597 1634 3656 sed
1670 3598 1787 3671 lux,
1819 3605 1879 3658 et
1909 3597 2016 3671 sal,
2053 3615 2083 3656 e

2191 3604 2329 3654 πῶσι
2379 3598 2468 3653 τὸν
2525 3599 2686 3672 νόμον
2730 3619 2844 3676 σου,
2904 3599 2990 3654 καὶ
3035 3601 3128 3656 οὒκ
3171 3595 3309 3652 ἔστιν
3363 3597 3548 3658 αὒτοτς
3603 3590 3812 3650 σκάνδα-

464 3686 604 3758 vita,
624 3684 1038 3764 juxtaDomini
1061 3702 1306 3746 vocem:
1341 3709 1367 3739 «
1393 3685 1513 3744 Vos
1538 3685 1793 3745 estislux
1821 3685 2084 3745 mundi‘lii

2191 3685 2281 3742 λον
2313 3703 2328 3716 ⁶
2372 3683 2508 3744 ἀλλὰ
2550 3691 2686 3765 φῶς,
2731 3687 2818 3742 καὶ
2863 3684 3017 3757 ἅλας,
3072 3686 3313 3756 καῖ’ζωη
3351 3703 3364 3716 ³
3411 3684 3549 3740 κατὰ
3589 3683 3685 3749 τὴν
3736 3684 3816 3735 τοῦ

459 3783 513 3837 et
537 3775 620 3834 sal
649 3786 821 3834 terra
839 3772 898 3821 2ϐ
922 3799 948 3828 ι)
989 3792 1003 3836 :
1033 3777 1159 3836 Lux
1190 3773 1435 3853 quidem
1454 3780 1563 3844 ett,
1589 3781 1791 3852 utpote
1821 3773 1880 3834 in
1918 3773 2085 3835 virtu~

2198 3773 2382 3852 Κυρίου
2423 3764 2604 3853 φωνήν
2637 3793 2651 3808 ·
2692 3796 2720 3827 α
2773 3764 2958 3848 Ὑμεῖς
3015 3771 3134 3828 ἐστε
3189 3774 3252 3828 τὸ
3311 3774 3423 3850 φῶς
3472 3777 3566 3826 τοῦ
3609 3769 3814 3843 κόσμου,

461 3871 583 3924 tute
605 3861 834 3940 vivens,
859 3862 1210 3942 rationeque
1253 3861 1533 3941 fulgidus,
1573 3870 1632 3922 et
1666 3862 1968 3923 intellectu
2011 3880 2085 3924 sat

2193 3863 2367 3918 καὶτὸ
2396 3861 2528 3926 ἇίλας
2569 3866 2667 3928 τῆς
2714 3861 2816 3939 γῆς
2851 3880 2867 3896 ·
2917 3883 2942 3919 ι
3004 3867 3114 3940 φῶς
3171 3861 3292 3938 μὲν,
3352 3861 3427 3922 ὡς
3455 3860 3551 3915 τὸν
3578 3859 3688 3934 βίον
3717 3855 3821 3912 ἐνά-

460 3953 662 4032 piens;
705 3949 792 4010 sal
827 3968 988 4026 vero,
1042 3958 1108 4010 ut
1155 3950 1216 4011 in
1267 3951 1519 4011 scientia
1555 3949 1752 4010 divina
1782 3951 2022 4023 multus,
2055 3969 2085 4010 e

2195 3973 2367 4029 ρετος,
2401 3951 2488 4006 καὶ
2529 3949 2772 4028 λαμπρὸς
2820 3953 2910 4006 τὸν
2967 3949 3150 4028 λόγον,
3209 3950 3297 4004 καὶ
3352 3950 3515 4028 σοφὸς
3565 3949 3662 4014 τὴν
3715 3943 3820 4000 διά-

461 4047 675 4120 potens
705 4039 766 4099 in
798 4039 1091 4118 sapientia
1119 4039 1262 4114 Dei;
1293 4040 1409 4100 vita
1439 4039 1720 4119 denique,
1772 4048 1834 4099 ut
1877 4057 2085 4100 sermo

2195 4061 2338 4096 νοιαν
2375 4057 2388 4071 ⁶
2435 4037 2565 4101 ἅλας
2595 4037 2671 4108 δὲ,
2706 4040 2780 4102 ὡς
2832 4039 2930 4106 τὴν
2987 4045 3181 4116 γνῶσιν
3237 4037 3336 4104 τὴν
3364 4039 3504 4092 θείαν
3534 4033 3721 4110 πολὺς,
3748 4033 3826 4089 καὶ

462 4114 639 4189 bibus
669 4129 796 4188 suis
825 4114 1128 4190 viviﬁcans
1146 4137 1391 4190 enectos
1413 4114 1861 4206 cupiditatibus,
1893 4147 2085 4210 eosqui

2194 4127 2406 4192 δυνατὸς
2432 4129 2528 4194 τὴν
2560 4127 2744 4206 σοφίαν
2802 4127 2932 4184 Θεοῦ
2966 4114 3140 4198 (ζωὴ
3195 4123 3274 4198 δὲ,
3337 4125 3410 4187 ὡς
3462 4137 3582 4188 τοῖς
3640 4125 3824 4202 ῥήμασι

462 4215 826 4278 resuscitans
857 4236 924 4276 ex
957 4217 1193 4278 inferno
1226 4216 1704 4295 desperationis:
1731 4223 1790 4276 et
1819 4217 1952 4276 luce
1973 4216 2085 4296 qui-

2193 4217 2286 4284 τῆς
2369 4214 2579 4291 ὁμιλίας
2655 4220 2812 4274 αὐτοῦ
2881 4220 3158 4294 ζωογονῶν
3237 4213 3654 4292 νενεκρωμένους
3725 4223 3828 4274 τοῖς

465 4303 600 4364 dem
635 4303 1140 4382 operumjnstitize
1161 4303 1394 4382 fulgens
1409 4323 1606 4365 coram
1632 4303 2079 4378 hominibus,eo

2194 4307 2402 4375 πάθεσι,
2461 4306 2548 4360 καὶ
2605 4305 2818 4368 τούτους
2874 4304 2925 4370 ἐξ
2983 4303 3106 4362 ἅδου
3161 4302 3388 4358 ἆνιστῶν
3435 4301 3782 4380 ἀπογνώσεως
3813 4313 3825 4326 ⁸

469 4389 808 4464 illuminat;
835 4391 1121 4469 jucundis
1143 4401 1342 4453 autem
1375 4392 1554 4452 simul
1586 4403 1642 4452 et
1663 4392 1899 4452 acribus
1920 4391 2080 4452 verbi

2198 4397 2286 4450 καὶ
2315 4401 2391 4468 τῷ
2421 4393 2517 4468 μὲν
2575 4395 2707 4472 φωτὶ
2764 4398 2868 4450 τῶν
2926 4391 3093 4472 ἔργων
3152 4393 3309 4450 αὐτοῦ
3366 4395 3464 4458 τῆς
3507 4387 3829 4453 δικαιοσύνης

466 4477 820 4540 constrictos
863 4497 898 4538 a
936 4479 1325 4540 dissolutione
1367 4479 1634 4554 retrahit,
1695 4480 2025 4560 liberatque
2083 4523 2085 4532 ‹

2201 4481 2428 4557 λάμπων
2485 4481 2777 4561 ἔμπροσθεν
2845 4488 2953 4538 τῶν
3008 4480 3321 4560 ἀνθρώπων,
3393 4480 3482 4535 καὶ
3537 4477 3832 4558 καταφωτί-

465 4563 858 4644 cupiditatum
894 4566 1228 4645 putredine;
1271 4568 1516 4630 viviﬁcis
1547 4569 1789 4630 demum
1818 4569 2082 4630 sermoni

2202 4579 2306 4642 ζων
2357 4571 2542 4632 αὐτούς
2579 4586 2592 4600 ⁸
2656 4576 2727 4643 τῷ
2793 4567 2848 4626 δὲ
2904 4567 3026 4638 ἡδεῖ
3067 4571 3154 4625 καὶ
3209 4568 3452 4648 στύφοντι
3521 4573 3630 4623 τῶν
3676 4565 3834 4645 λόγων

465 4651 576 4716 bus
606 4653 784 4715 vitam
813 4655 1014 4719 reddit
1042 4658 1270 4718 enectis
1297 4668 1541 4738 peccato
1572 4657 1806 4720 animis.

2204 4659 2504 4738 συσφίγγων
2566 4659 2750 4721 αὐτοὺς
2806 4659 2912 4714 ἀπὸ
2967 4663 3064 4726 τῆς
3123 4656 3479 4738 χαυνότητος,
3523 4657 3612 4712 καὶ
3667 4652 3834 4712 ἀπαλ-

2205 4747 2412 4804 λάττων
2453 4752 2550 4814 τῆς
2593 4748 2808 4821 σήψεως
2851 4754 2957 4804 τῶν
3009 4750 3192 4804 παθῶν
3227 4763 3242 4779 ⁸
3287 4749 3356 4820 τῇ
3384 4741 3438 4800 δὲ
3467 4749 3579 4820 ζωῇ
3607 4749 3716 4801 τῶν
3743 4745 3834 4822 ῥηο

2204 4838 2386 4912 μάτων
2417 4839 2597 4915 αὐτοῦ,
2628 4837 2771 4906 ζωὴν
2803 4833 2972 4900 διδοὺς
3014 4849 3136 4900 ταῖς
3180 4831 3589 4910 νενεκρωμέναις
3618 4833 3724 4890 ὑπό
3750 4836 3836 4898 τῆς

2203 4925 2455 5003 ἁμαρτίας
2485 4929 2715 5004 ψυχαῖς.

550 5013 648 5076 80.
685 5011 884 5074 Inanis
913 5012 1117 5093 gloriae
1143 5014 1348 5076 vilium
1370 5023 1458 5077 est
1485 5015 1666 5077 telum
1693 5014 1911 5094 triplici
1931 5032 2085 5076 arma

2283 5005 2366 5076 π’.
2429 5015 2500 5072 Τὸ
2565 5018 2664 5080 τῆς
2718 5010 3011 5078 κενοδοξίας
3072 5013 3236 5076 πάθος
3278 5010 3514 5091 τρίϐολόν
3559 5011 3698 5092 ἐστι,
3767 5007 3840 5064 διὰ

472 5109 595 5164 tum
620 5102 891 5184 cuspide,
933 5103 1035 5184 qui
1064 5114 1151 5164 est
1181 5104 1375 5166 inanis
1408 5105 1617 5184 gloria,
1655 5104 2034 5184 praesumptio
2065 5123 2085 5166 ε

2201 5101 2496 5168 κενοδοξίας
2554 5104 2643 5159 καὶ
2715 5104 2936 5172 οἰήςεως
3005 5103 3093 5158 καὶ
3148 5101 3530 5181 ὑπερηφανίας,
3587 5101 3693 5156 ὑπὸ
3747 5104 3838 5156 τῶν

471 5191 774 5272 superbia,
807 5203 986 5272 atque
1015 5209 1049 5254 a
1079 5192 1450 5255 daemonibus
1506 5213 1572 5254 ex
1623 5193 1759 5271 igne
1793 5201 1847 5253 et
1877 5211 1994 5254 aere
2025 5194 2080 5256 fa

2203 5194 2465 5270 δαιμόνων
2507 5192 2828 5271 πυρούμενόν
2875 5211 2933 5246 τε
2987 5191 3074 5247 καὶ
3128 5187 3523 5270 χαλκευόμενον
3559 5207 3573 5222 ·
3633 5187 3754 5246 ἀλλ’
3795 5187 3840 5242 ἐν

551 5390 614 5470 18
643 5392 848 5454 Matth.
881 5407 1044 5467 xvm,
1078 5395 1177 5457 20.
1264 5394 1320 5445 ¹9
1366 5393 1562 5458 Eccle.
1597 5412 1680 5470 ιν,
1715 5394 1812 5458 10.
1897 5393 1960 5446 20
2011 5395 2162 5458 Psal.
2199 5409 2472 5469 cxxxvm,
2509 5393 2608 5456 16.
2691 5395 2745 5445 21
2801 5393 2952 5456 Psal.
2985 5407 3205 5466 cxxxu,
3247 5397 3298 5455 1.

551 5390 614 5441 18
643 5392 848 5454 Matth.
881 5407 1044 5467 xvm,
1078 5395 1177 5457 20.
1264 5394 1320 5445 ¹9
1366 5393 1562 5458 Eccle.
1597 5412 1680 5470 ιν,
1715 5394 1812 5458 10.
1897 5393 1960 5446 20
2011 5395 2085 5458 Ps

469 5468 534 5521 25
559 5467 762 5535 Matth.
794 5489 959 5547 xvm,
991 5473 1056 5537 7.
1137 5473 1203 5526 ει
1229 5473 1383 5536 Psal.
1413 5492 1603 5538 cxvm.
1635 5476 1774 5540 165.
1859 5476 1919 5528 ξς
1947 5479 2085 5540 Matt

2199 5409 2472 5469 Lxxxvm,
2509 5393 2608 5456 16.
2691 5395 2745 5445 21
2801 5393 2952 5456 Psal.
2985 5407 3205 5466 cxxxu,
3247 5397 3298 5455 1.
3383 5388 3444 5440 93
3470 5387 3602 5452 Act.
3638 5407 3720 5470 IV,
3753 5389 3840 5454 26.

2186 5473 2378 5552 v,14.
2459 5471 2524 5524 ΞΒ
2555 5469 2708 5534 Ibid.
2749 5475 2841 5538 13.
