4050 6124
348 203 470 270 889

1320 200 1856 270 PRAGTICORUM
1898 192 2237 268 CAPITUM
2280 198 2671 270 CENTURIA
2712 208 2739 269 Ι

3600 170 3718 265 890

346 354 468 406 τοῖς
526 342 885 419 ανὶιλιζομένοις
957 342 1011 399 ὲν
1053 341 1227 419 σκέπῃ
1282 350 1376 401 τοῦ
1432 349 1562 401 Θεοῦ
1617 346 1711 398 τοῦ
1782 337 1998 419 οὐρανοῦ

2104 337 2367 398 nricatum
2404 358 2421 416 ;
2452 339 2557 401 sed
2590 337 3093 403 commorantibus
3120 339 3181 400 in
3211 339 3321 404 Dei
3352 338 3721 420 protectione

347 430 650 512 εύφώρατον
721 433 945 511 γίνεται,
1003 432 1092 488 καὶ
1140 431 1207 491 τὰ
1262 430 1449 509 κέντρα
1495 430 1682 487 τούτου
1725 427 1994 485 συνθλῶν-

2104 428 2141 488 it
2169 435 2338 507 captu
2364 426 2559 501 facile,
2593 429 2843 509 ejusque
2875 428 3152 509 cuspides
3180 428 3552 504 habetantur,
3582 427 3720 510 quia

345 540 458 591 ται,
525 519 964 600 ὁπεριπταμένοις
1029 517 1273 586 δηλονότι
1328 519 1527 575 τούτων
1581 515 1667 573 διὰ
1743 536 1996 573 ταπεινο-

346 609 610 690 φροσύνης,
706 611 796 665 καὶ
865 611 939 671 εἷς
996 611 1057 665 τὸ
1122 609 1282 689 φυτὸν
1372 613 1472 673 τῆς
1551 612 1694 678 ζωῆς
1765 606 1999 684 ἐγκατα-

347 717 609 753 παυουσιν
620 745 634 758 ,

433 775 540 844 οα’.
605 776 831 844 Ὀπόταν
877 789 906 843 ὁ
947 785 1236 864 ἀκάθαρτος
1311 786 1461 847 οὗτος
1517 784 1604 840 καὶ
1660 780 1992 862 πολυμήχα-

347 896 439 939 νος
491 872 693 950 δαίμων
742 871 1052 954 προσϐάλλῃ
1096 895 1179 930 σοι
1222 874 1495 953 προκοπὰς
1545 871 1847 946 ποιουμένῳ
1875 867 1994 927 κατ’

348 962 564 1041 ἀρετὴν,
612 964 703 1019 καὶ
755 963 1076 1039 μαντεύηται
1117 983 1201 1019 σοι
1248 961 1447 1040 θρόνων
1501 959 1661 1034 ὕψος,
1719 972 1840 1022 ταῖς
1885 957 1999 1014 ἐπι-

347 1052 540 1124 νοίαις,
601 1053 704 1107 ὑπὸ
756 1053 819 1107 τὸ
862 1051 1286 1127 μνημονευτικὸν
1342 1048 1551 1127 ἀνάγων
1628 1049 1717 1105 καὶ
1772 1047 1997 1124 ἐπαίρων

348 1160 445 1195 σου
511 1140 611 1206 τὴν
661 1138 931 1219 ἐργασίαν,
989 1141 1063 1204 ὡς
1128 1136 1512 1214 ὑπερκειμένην
1595 1142 1699 1194 τῶν
1775 1135 1994 1193 λοιπῶν

349 1225 489 1282 ἀλλὰ
543 1228 630 1282 καὶ
689 1228 869 1308 ψυχὰς
923 1226 1070 1306 ἄγειν
1124 1228 1302 1283 ἱκανὸν
1352 1246 1410 1282 σε
1463 1227 1756 1282 ὑποτίθεται
1800 1226 1942 1280 εἶναι
1979 1242 1994 1257 ⁸

347 1317 644 1395 κατασχὼν
703 1316 860 1373 αὐτὸν
910 1321 1129 1395 νοερῶς,
1194 1316 1271 1391 μὴ
1315 1315 1452 1395 ἀφῇς
1507 1312 1818 1393 ἀποδράσαι,
1886 1311 2001 1391 εἴγε

347 1402 569 1478 δύναμιν
622 1403 807 1468 ἔλαϐες
859 1403 912 1471 ἐξ
965 1404 1154 1484 ὕψους,
1207 1404 1346 1461 οὕτω
1394 1416 1573 1460 ποιεῖν
1607 1418 1622 1433 ⁸
1653 1404 1743 1459 καὶ
1795 1399 1997 1481 λαϐὼν,

348 1492 543 1551 ἄπελθε
600 1499 668 1570 τῇ
709 1492 911 1567 διανοίᾳ
965 1493 1020 1550 ἐν
1060 1501 1138 1569 τῷ
1195 1492 1395 1573 δοκεῖν,
1445 1493 1575 1572 πρός
1619 1493 1669 1549 τί
1711 1514 1841 1549 ποτε
1896 1512 2000 1549 πε-

2080 534 2296 595 neinpe
2326 516 2412 578 illi
2441 517 2553 578 ista
2606 518 2987 599 supervolant
3025 517 3137 579 alis
3168 516 3536 595 humilitatis,
3571 526 3630 579 et
3657 518 3719 579 in

2082 604 2240 685 ligno
2273 606 2400 667 vitae
2428 606 2834 688 requiescunt.

2157 783 2254 843 8|.
2293 782 2732 865 Cumimpurus
2775 785 2888 849 iste
2920 784 3459 866 callidissimusque
3490 785 3720 849 daemon

2079 872 2308 934 accedit
2334 865 2406 934 ad
2440 880 2495 935 te
2524 873 2584 933 in
2615 874 2825 935 virtute
2854 874 3285 954 proﬁcientem,
3312 865 3379 937 et
3401 873 3597 936 animo
3624 882 3723 936 tuo

2081 962 2329 1023 thronos
2356 961 2670 1042 pollicetur
2698 962 3004 1040 sublimes,
3055 963 3116 1025 in
3165 963 3517 1026 memoriam
3547 981 3721 1026 revo-

2081 1068 2223 1111 cans
2253 1058 2311 1110 et
2340 1050 2628 1112 extollens
2678 1058 2775 1112 tua
2823 1070 3003 1132 opera
3050 1060 3323 1132 tanquam
3355 1051 3486 1114 aliis
3519 1052 3723 1115 excel-

2081 1138 2355 1220 luntiora,
2387 1148 2561 1220 atque
2619 1140 2794 1201 etiam
2852 1142 3128 1222 supponit
3175 1150 3232 1203 te
3278 1141 3558 1203 idoneum
3591 1159 3727 1204 esse

2081 1229 2152 1289 ad
2186 1229 2516 1290 animarum
2550 1229 2977 1305 directionem;
3013 1230 3728 1311 tunc,eumspiritualitcr

2083 1317 2321 1385 sistens.
2345 1336 2422 1379 ne
2445 1317 2605 1379 sinas
2625 1318 2814 1397 abire,
2840 1319 3133 1401 siquidem
3155 1321 3413 1400 desuper
3442 1320 3722 1400 accepisti

2085 1414 2436 1488 potestatem
2477 1407 2535 1469 id
2555 1408 2808 1470 faciendi
2836 1429 2851 1490 ;
2894 1410 3113 1491 illoque
3134 1416 3460 1490 assumpto,
3491 1408 3588 1471 abi
3620 1427 3728 1489 per

2087 1496 2305 1557 mentis
2336 1495 2814 1575 imaginationem
2866 1498 2939 1559 ad
2989 1499 3224 1580 aliquod
3273 1508 3575 1579 peccatum
3606 1506 3726 1559 ate

347 1581 656 1661 πραγμένον
685 1605 770 1640 σοι
798 1581 996 1662 φαῦλον
1030 1596 1046 1613 ⁸
1077 1584 1166 1639 καὶ
1218 1591 1375 1641 τοῦτο
1421 1579 1540 1637 κατ’
1603 1580 1826 1638 ἐνώπιον
1870 1580 1999 1637 ἀπο·

2104 1585 2224 1674 >lim
2259 1585 2666 1656 commissum.
2718 1593 2776 1647 et
2826 1587 2940 1648 hoc
2991 1579 3371 1649 manifestans
3401 1604 3597 1650 coram
3630 1605 3725 1665 eo,

354 1669 641 1746 γυμνώσας
685 1672 862 1744 αὐτοῦ,
913 1671 1029 1727 εἰπὲ
1088 1671 1222 1749 πρὸς
1265 1670 1421 1728 αὐτόν
1454 1687 1470 1703 ⁸
1504 1670 1564 1726 Εἰ
1593 1673 1640 1725 οἱ
1683 1670 1750 1725 τὰ
1789 1679 2003 1727 τοιαῦτα

2104 1673 2185 1735 lic
2215 1674 2307 1736 ei:
2343 1696 2371 1735 ε
2408 1674 2497 1737 An
2530 1675 2629 1755 qui
2689 1675 2824 1736 talia
2879 1676 3120 1749 faciunt,
3155 1675 3319 1753 digni
3354 1683 3490 1736 sunt
3519 1673 3618 1756 qui
3651 1674 3724 1735 ad

350 1757 675 1836 πράσσοντες
714 1757 845 1824 ἄξιοί
901 1760 1028 1815 εἰσιν
1097 1761 1171 1821 εἰς
1224 1764 1463 1815 τοιοῦτον
1558 1756 1796 1815 ἀνελθεῖν
1840 1778 2006 1837 προε-

353 1844 500 1926 δρίας
569 1845 725 1923 ὕψος,
798 1849 886 1904 καὶ
942 1849 1110 1904 ἱκανοί
1161 1868 1243 1904 σοι
1315 1844 1554 1903 δοκοῦσιν
1611 1845 1758 1924 ἄγειν
1802 1847 2004 1926 ψυχὰς,

356 1938 448 1993 καὶ
502 1937 788 2016 προσάγειν
846 1935 1182 2012 σεσωσμένας
1255 1941 1508 2014 Χριστῷ;
1571 1936 1643 1990 Σὺ
1702 1933 1764 1991 ἂν
1819 1933 2004 2010 εἴπῃς,

355 2024 467 2102 ἐγὼ
492 2025 592 2103 γὰρ
645 2027 857 2085 σιωπῶ.
908 2025 998 2090 Μὴ
1060 2023 1205 2105 ’έχων
1262 2024 1351 2081 οῦν
1407 2024 1610 2086 ἐκεῖνος
1665 2023 2011 2103 ἀποκριθῆναί

356 2113 443 2170 σοί
482 2134 555 2183 τι,
588 2115 659 2177 ὡς
706 2115 910 2177 καπνὸς
958 2114 1061 2169 ὑπὸ
1115 2114 1374 2192 αἰσχύνης
1425 2113 1703 2192 οἰχήσεται
1737 2127 1752 2144 ⁸
1798 2112 1887 2168 καὶ
1917 2114 2011 2168 οὒκ

356 2201 434 2258 ἔτι
463 2202 599 2276 μετά
647 2199 917 2273 δυνάμεως
969 2200 1198 2281 ὀχλήσει
1241 2222 1348 2263 σοι,
1402 2203 1462 2258 Εἰ
1509 2198 1564 2256 δέ
1610 2223 1662 2257 τι
1693 2201 2009 2280 πεπραγμέ-

356 2312 471 2370 νον,
534 2290 570 2355 ἢ
605 2308 621 2324 ⁸
680 2289 997 2369 λελεγμένον
1026 2295 1129 2346 τῶν
1173 2289 1386 2371 φαύλων
1435 2294 1525 2349 οὒκ
1577 2289 1688 2346 ’ἐστι
1745 2311 1852 2364 σοι,
1909 2294 2008 2356 τῆς

358 2378 714 2457 ὑπερκοσμίου
769 2383 913 2449 ζωῆς
983 2400 1101 2458 σου,
1161 2378 1259 2433 κᾶν
1317 2390 1442 2442 ταῖς
1498 2377 1743 2441 ἐντολαῖς
1799 2379 2008 2456 ἑαυτὸν,

357 2468 449 2523 καὶ
506 2479 625 2530 τοϊς
680 2466 912 2533 πάθησιν
955 2466 1302 2544 ἀντιπαράθες
1353 2473 1446 2523 τοῦ
1502 2467 1689 2544 Κυρίου
1721 2483 1734 2497 ⁸
1769 2468 1857 2524 καὶ
1916 2488 2010 2523 το·

361 2561 548 2612 σοῦτον
610 2555 796 2611 ἑαυτὸν
853 2556 1092 2634 εὑρήσεις
1147 2560 1240 2610 τοῦ
1295 2552 1495 2610 τελείου
1563 2554 2009 2629 ἀπολειπόμενον,

359 2642 473 2716 ὅσῳ
566 2641 934 2722 κολυμϐήθραν
1015 2641 1216 2701 ὑδάτων
1301 2643 1731 2719 ἀπολειπομένην
1807 2642 2006 2703 θαλάσ-

362 2753 485 2797 σης.
556 2723 617 2788 Ἠ
660 2734 759 2812 γὰρ
831 2730 1135 2799 δικαιοσύνη
1222 2738 1327 2788 τῶν
1419 2732 1702 2812 ἀνθρώπων
1781 2732 2015 2804 τοσούτῳ

362 2823 465 2886 της
524 2817 860 2889 δικαιοσύνης
942 2820 1285 2878 ἀπολείπεται
1367 2828 1458 2877 τοῦ
1533 2828 1684 2892 Θεοῦ,
1768 2819 1893 2877 ὅσον
1944 2821 2015 2883 εἷς

364 2908 590 3005 μέγεθρς
619 2911 654 2977 ἡ
698 2915 769 2987 γῆ
801 2919 896 2969 τοῦ
937 2910 1178 2989 οὗρανοῦ,
1228 2911 1318 2966 καὶ
1349 2912 1377 2966 ὁ
1411 2909 1608 2984 κώνωψ
1650 2915 1742 2966 τοῦ
1781 2907 2017 2973 λέοντος.

365 3094 528 3158 Θεοῦ,
603 3085 1032 3162 ἀπολειπομένην
1103 3085 1220 3160 ἕψει
1276 3090 1374 3154 τῆς
1426 3086 1720 3165 προθέσεως
1776 3088 1875 3153 τὴν
1930 3092 2023 3141 τοῦ

362 3174 615 3249 σώματος
691 3171 935 3250 δύναμιν.
1006 3174 1076 3232 Οὐ
1153 3175 1253 3254 γὰρ
1309 3172 1424 3231 ’ἐστι
1492 3175 1647 3253 κόρος
1717 3179 1785 3251 τῇ
1838 3174 2023 3230 τούτου

365 3261 611 3341 προθέσει
656 3261 711 3318 ἐν
751 3264 934 3326 πόνοις
987 3265 1076 3319 καὶ
1129 3260 1334 3341 ἱδρῶσιν
1393 3261 1669 3331 ἀσκήσεως
1705 3276 1718 3291 ⁸
1752 3261 1890 3318 κατά
1926 3260 2025 3339 γὰρ

365 3353 491 3414 τοὺς
534 3350 646 3408 λίαν
716 3350 981 3427 διψῶντας
1051 3350 1404 3427 διακείμενος,
1449 3351 1511 3407 τὸ
1552 3347 1765 3414 διακαὲς
1832 3349 2022 3428 αὖτῆς,

368 3444 468 3498 οὒκ
495 3438 604 3497 ἔστι
632 3442 694 3496 τὸ
749 3444 1035 3518 θεραπεῦον
1092 3442 1166 3504 εἰς
1221 3440 1377 3519 κόρον
1424 3455 1438 3469 ⁸
1500 3436 1637 3494 ἀλλά
1708 3435 1793 3496 διὰ
1844 3437 2024 3504 πάσης

366 3527 576 3607 ἡμέρας
619 3550 676 3584 τε
730 3530 819 3585 καὶ
868 3530 1051 3593 νυκτὸς
1098 3526 1225 3603 διψᾷ
1271 3529 1333 3584 τὸ
1376 3540 1586 3606 πονεῖν,
1646 3528 1734 3584 καὶ
1778 3532 1847 3602 τῃ
1876 3523 2027 3581 δυνά-

369 3638 461 3692 μει
488 3623 582 3673 τοῦ
606 3616 854 3691 σώματος
909 3616 1152 3685 ἥττηται.
1187 3617 1357 3691 Οἶμαι
1413 3615 1468 3673 δέ
1538 3615 1618 3672 ὅτι
1660 3623 1737 3691 τῷ
1775 3616 2027 3694 ὑπερφυεῖ

369 3705 544 3779 τούτῳ
605 3706 758 3763 πάθει
818 3708 905 3763 καὶ
975 3709 1023 3762 οἱ
1063 3714 1157 3764 τοῦ
1212 3712 1438 3785 Χριστοῦ
1507 3705 1762 3784 μάρτυρες
1818 3725 2027 3782 κρατη-

366 3794 568 3866 θέντες,
638 3800 745 3851 τῶν
813 3795 1055 3871 βασάνων
1111 3796 1204 3851 οὒκ
1261 3794 1619 3872 ἐπῇσθάνοντο
1661 3810 1675 3824 ⁶
1725 3793 1813 3848 καὶ
1869 3791 2026 3870 κόρον

408 3887 424 3909 9
796 3883 808 3904 ο
1294 3890 1313 3899 ν
1473 3899 1486 3912 ,
1536 3883 1550 3902 ν
1631 3879 1646 3901 v
1975 3879 1994 3915 ,ν

372 3906 470 3942 ουκ
497 3884 660 3962 εἶχον
712 3904 930 3946 ταυταις
994 3881 1437 3963 προσομιλουντες
1527 3880 1627 3937 αλλ
1689 3880 1872 3937 ἐνίκων
1943 3902 2031 3936 aa-

373 3974 457 4029 τοὶ
513 3970 727 4036 ἑαυτοὺς
784 3978 862 4047 τῷ
916 3969 1126 4029 διακαετ
1180 3973 1310 4052 πρὸς
1369 3973 1498 4028 Θεὸν
1551 3968 1729 4048 ἔρωτι,
1801 3969 1889 4024 καὶ
1949 3968 2030 4024 ἀεὶ

374 4057 831 4133 ἀπολειπομένους
889 4059 1084 4138 ἐώρουν
1128 4064 1224 4127 τῆς
1281 4061 1412 4139 πρὸς
1444 4059 1504 4115 τὸ
1563 4059 1752 4113 παθεῖν
1800 4053 2030 4133 ἐμπύρου

376 4148 675 4227 προθέσεως
686 4192 699 4205 .

2091 1770 2316 1824 tantum
2344 1763 3458 1843 praeminentizelastigiumeleventur,
3483 1783 3556 1825 an
3589 1763 3724 1824 ido-

2091 1852 2189 1915 nei
2219 1851 2326 1913 tibi
2358 1851 2632 1913 viden'ur
2673 1853 2744 1912 ad
2799 1852 3174 1931 dirigentium
3226 1855 3477 1932 animas,
3509 1869 3728 1931 easque

2092 1941 2281 2003 salvas
2311 1940 2726 2003 adducendum
2759 1941 2991 2004 Christo
3022 1941 3047 2002 ἲ
3075 1940 3162 2003 Tu
3193 1942 3310 2010 dic,
3346 1941 3620 2022 equidem
3655 1941 3731 2001 si-

2093 2032 2208 2092 leo.
2255 2054 2278 2084 »
2317 2029 2473 2090 Nihil
2501 2028 2726 2090 habens
2783 2029 2882 2090 ille
2928 2031 3086 2110 quod
3118 2029 3221 2091 tibi
3252 2029 3633 2110 respondeat,
3666 2035 3733 2090 ut

2090 2119 2285 2180 fumus
2306 2136 2440 2179 cum
2476 2117 2701 2197 pudore
2725 2126 3060 2195 evanescet,
3091 2137 3201 2180 nec
3231 2117 3486 2198 amplius
3518 2129 3574 2179 te
3605 2118 3728 2179 for-

2094 2206 2229 2268 titer
2245 2205 2521 2267 turbabit.
2546 2204 2711 2277 Quod
2733 2206 2781 2266 si
2804 2207 2949 2267 nihil
2992 2208 3129 2268 mali
3156 2207 3367 2269 feceris
3383 2215 3482 2267 aut
3509 2205 3729 2267 dixeris

2092 2295 2152 2356 in
2183 2294 2297 2355 vita
2327 2302 2421 2354 tua
2453 2310 2594 2358 vere
2624 2294 2870 2370 cwlesti,
2894 2294 3280 2356 nihilominus
3306 2294 3558 2375 teipsum
3589 2313 3733 2356 con.

2093 2384 2180 2445 fer
2202 2381 2512 2463 praeceptis
2534 2389 2591 2442 et
2614 2382 2987 2462 passionibus
3005 2382 3264 2457 Domini,
3283 2381 3736 2464 tequeinvenies

2097 2481 2253 2534 tanto
2284 2490 2318 2533 a
2352 2470 2715 2552 perfectione
2764 2472 3169 2552 deficientem,
3204 2482 3420 2553 quanto
3451 2489 3733 2552 aquarum

2097 2561 2324 2642 piscina
2351 2559 2648 2640 discrepat
2675 2579 2709 2621 a
2736 2561 2881 2621 mari
2911 2580 2924 2624 :
2979 2560 3210 2642 justitia
3239 2561 3400 2623 enim
3429 2560 3734 2622 hominum

2096 2657 2316 2712 tantum
2348 2647 2527 2710 diStat
2557 2667 2590 2709 a
2613 2649 2844 2728 justitia
2877 2649 3001 2722 Dei,
3028 2659 3312 2731 quantum
3331 2649 3737 2730 magnitudine

2097 2739 2295 2800 diti‘ert
2326 2744 2480 2798 terra
2503 2755 2537 2797 a
2565 2737 2714 2798 caelo
2745 2747 2805 2801 et
2837 2757 3034 2800 musca
3062 2758 3096 2801 a
3125 2740 3315 2802 leone.

623 2995 683 3055 Ὀ
714 2983 814 3062 ἐἰς
873 2983 1030 3075 βάθος
1082 2999 1299 3077 τρωθεὶς
1353 2999 1454 3054 ὑπὸ
1510 2983 1609 3065 τῆς
1661 2998 1873 3076 ἀγάπης
1930 3004 2016 3054 τοῦ

2183 2998 2283 3060 8'2.
2309 2997 2420 3072 Qui
2439 2997 2675 3081 penitus
2695 2996 3035 3059 vulneratus
3059 3007 3147 3059 est
3180 3016 3381 3060 amore
3403 2996 3534 3071 Dei,
3558 2994 3742 3057 animi

2104 3087 2404 3150 voluntate
2436 3087 2698 3149 minores
2756 3086 2933 3148 habet
2988 3088 3254 3168 corporis
3310 3087 3484 3148 vires.
3544 3082 3609 3146 In
3640 3102 3746 3145 sua

2107 3176 2264 3238 enim
2289 3176 2586 3238 voluntate
2609 3175 2786 3237 nullis
2807 3176 2971 3238 satia'
2987 3195 3055 3237 ur
3077 3174 3378 3237 laboribus
3401 3172 3747 3236 sudoribus-

2107 3281 2222 3344 que
2252 3264 2475 3327 ascesis
2505 3283 2519 3327 :
2583 3264 2877 3345 siquidem
2910 3264 3125 3326 similis
3156 3272 3245 3325 est
3274 3280 3480 3324 eorum
3510 3261 3613 3342 qui
3641 3277 3743 3321 ve—

2108 3353 2372 3415 hementi
2400 3361 2649 3415 aestuant
2677 3353 2799 3425 siti,
2832 3353 3230 3434 ardoremque
3250 3351 3567 3414 voluntatis
3596 3348 3751 3411 nihil

2107 3443 2480 3519 exstinguere
2504 3450 2697 3521 potest
2716 3441 2786 3502 ad
2809 3443 3161 3507 satietatem.
3185 3440 3289 3503 sed
3322 3439 3421 3501 diu
3452 3444 3750 3519 noctuque

2107 3529 2234 3592 sitit
2266 3530 2553 3610 laborem,
2589 3540 2646 3591 et
2677 3530 2896 3591 viribus
2926 3530 3192 3611 corporis
3220 3527 3436 3591 deﬁcit.
3475 3526 3753 3588 Arbitror

2108 3626 2302 3680 autem
2337 3637 2461 3699 sup:
2488 3619 2847 3680 rnaturalem
2900 3621 3048 3680 hanc
3096 3619 3430 3699 passionem
3465 3622 3753 3693 martyres

2112 3706 2329 3769 Christi
2358 3707 2718 3768 dominatam
2780 3708 2979 3780 fuisse,
3043 3706 3276 3787 quando
3309 3709 3601 3767 cruciatus
3633 3722 3751 3764 non

2109 3794 2466 3868 sentiebant,
2495 3813 2605 3856 nec
2627 3794 2825 3857 satiari
2846 3804 3113 3875 poterant
3138 3795 3211 3855 iis
3232 3794 3624 3867 adhaerentes,
3644 3790 3746 3853 sed

2111 3885 2344 3965 seipsos
2375 3883 2687 3946 vincebant
2712 3884 2959 3946 ardente
2988 3883 3047 3944 in
3084 3886 3266 3946 Deum
3299 3901 3526 3956 amore,
3561 3900 3751 3962 seque

2113 3991 2354 4053 semper
2382 3971 2759 4034 inveniebant
2785 3972 3044 4052 impares
3070 3970 3429 4034 voluntatiin
3455 3970 3754 4034 cruciatus

2114 4061 2380 4140 ﬂagranti
2395 4112 2402 4118 .

458 4226 577 4315 πγ’,
627 4228 685 4294 Ὀ
736 4238 945 4316 ἐαυτὸν,
1002 4236 1113 4294 καθ’
1178 4241 1296 4294 οἷον
1351 4233 1415 4304 δή
1471 4257 1589 4292 τινα
1644 4235 1860 4312 τρόπον,
1927 4234 2016 4288 τινῖ

2195 4228 2294 4292 83'.
2331 4229 2443 4302 Qui
2498 4229 2758 4310 seipsum
2812 4249 3189 4310 quorumque
3246 4228 3422 4290 modo
3449 4234 3757 4308 comparat

374 4329 732 4404 παραμετρῶν
841 4328 947 4379 τῶν
1056 4322 1490 4399 συνασκουμένων
1525 4370 1538 4397 ,
1640 4321 1677 4389 ἢ
1771 4320 2031 4383 συνόντων

379 4414 528 4487 αὐτῷ
609 4410 870 4493 ἀδελφῶν,

376 4499 533 4568 ξένην
565 4507 694 4557 Θεοῦ
723 4498 965 4577 βαδίζων,
1013 4498 1153 4559 ὁδόν.
1231 4507 1275 4557 H
1327 4501 1425 4579 γὰρ
1470 4500 1654 4555 ἑαυτὸν
1713 4500 1741 4554 ὂ
1797 4503 2033 4561 τοιοῦεος

378 4594 477 4648 οῦκ
525 4587 681 4667 ἔγνω,
725 4590 762 4656 ἦ
818 4595 916 4657 τῆς
975 4591 1233 4670 φερούσης
1292 4588 1604 4668 παρετράπη
1676 4588 1807 4665 πρὸς
1872 4590 2032 4665 οὐρα·-

382 4679 526 4751 νοὺς,
583 4678 649 4745 ἣν
732 4681 779 4735 οἱ
849 4676 1126 4734 σπουδαῖοι
1211 4674 1661 4751 καταϐεϐλημένν
1735 4675 2033 4755 φρονήματι

380 4764 663 4845 τρϐχουσι,
741 4768 830 4823 καὶ
893 4762 959 4821 δι’
1008 4767 1075 4832 ἧς
1150 4771 1257 4821 τῶν
1334 4762 1567 4842 παγίδων
1625 4763 2035 4842 ὑπεριπτάμενοι

379 4857 479 4911 τοῦ
508 4856 700 4935 ἐχθροῦ
755 4856 827 4918 εἷς
887 4856 1077 4922 νοητὸν
1136 4853 1264 4934 ἀέρα
1318 4850 1557 4931 πτέρυξιν
1604 4850 1854 4915 ἀπαθείας
1911 4872 2035 4931 χω-

383 4953 556 5025 ροῦσι,
588 4944 678 5000 καὶ
705 4942 761 5000 ἐν
805 4957 1084 5024 φωτεινοτς
1132 4942 1444 5022 ἐνεαρίζουσι
1490 4942 1674 5003 τόποις
1719 4960 2036 5019 μετριοφρο-

391 5033 555 5099 σύνης
582 5032 980 5108 κεκοσμημένοι
991 5084 1003 5093 ,

471 5110 583 5183 τιὸ..
641 5110 694 5179 Ὀ
755 5120 1154 5198 πεφυσιωμένος
1196 5120 1283 5177 καὶ
1328 5121 1496 5190 οἰήσει
1544 5119 1638 5182 τὰς
1690 5115 1881 5198 φρένας
1911 5116 2036 5183 ἐξα-

388 5209 728 5284 πατώμενος,
785 5205 976 5266 οὸποτε
1026 5207 1394 5271 ταπεινώσεως
1451 5206 1508 5263 ἐν
1549 5207 1683 5286 φωτὶ
1710 5205 2037 5272 κατανύξεως

388 5296 708 5364 ἐπιτεύξεται
767 5300 1013 5380 χάριτος,
1061 5296 1129 5354 δι’
1175 5300 1241 5365 ἦς
1311 5293 1704 5375 ἑπιϐραϐεύεται
1773 5301 1885 5375 φῶς
1938 5318 2038 5353 σο-

968 4410 1158 4479 λέΑηθε
1216 4417 1592 4498 *φρεναπατών
1680 4410 1885 4480 ἑαυτὸν,
1945 4409 2034 4464 καὶ

2116 4319 2291 4381 alicui
2323 4319 2568 4379 fratrum
2628 4319 2727 4398 qui
2778 4338 2977 4380 secum
3038 4326 3460 4381 conversautur
3507 4317 3757 4378 vitamve

2117 4415 2297 4484 agunt
2325 4406 2670 4479 asceticam,
2708 4406 2969 4468 animum
3021 4426 3191 4467 suum
3249 4407 3471 4468 inscius
3499 4404 3662 4475 fallit,
3699 4414 3761 4466 et

2117 4495 2373 4557 alienam
2405 4513 2439 4556 a
2471 4494 2593 4556 Deo
2627 4496 2922 4574 percurrit
2976 4495 3150 4555 viam.
3214 4494 3318 4556 Vel
3354 4495 3513 4556 enim
3547 4495 3756 4574 hujus-

2088 4580 2279 4645 ‘modi
2311 4581 2398 4643 vir
2439 4602 2504 4644 se
2562 4602 2679 4644 non
2737 4602 2955 4663 cognos
2993 4584 3058 4658 it,
3121 4585 3209 4647 vel
3270 4582 3761 4646 (lccliuavitavia

2116 4671 2373 4733 ducente
2416 4670 2488 4732 ad
2534 4672 2772 4743 ccelum,
2836 4692 3010 4752 quam
3069 4673 3366 4735 fetventes
3419 4671 3761 4733 conculcata

2118 4760 2396 4841 superbia
2424 4783 2434 4827 ι
2463 4770 2797 4835 ercurrunt,
2832 4770 2891 4822 et
2920 4781 3026 4842 per
3054 4781 3231 4841 quam
3259 4761 3504 4822 insidias
3533 4757 3760 4820 inimici

2119 4853 2560 4930 supervofantes
2590 4849 2729 4921 alis,
2751 4850 3244 4930 impaseibitntatis
3300 4849 3360 4909 in
3391 4846 3759 4928 spiritualem

2119 4956 2322 5000 aerem
2354 4937 2655 5016 festinant,
2690 4947 2748 5000 et
2777 4939 2835 4999 in
2868 4939 3080 5001 lucidis
3109 4944 3355 5000 vernant
3383 4936 3527 4998 locis
3549 4935 3761 4995 mode-

2118 5028 2228 5088 stia
2261 5029 2479 5091 ornati.

2202 5118 2303 5181 84.
2337 5117 2448 5191 Qui
2483 5125 2667 5179 tumet
2694 5134 2763 5178 ac
2812 5118 3274 5197 prwsumptione
3306 5121 3566 5176 mentem
3596 5130 3763 5175 suam

2120 5207 2292 5288 fallit,
2318 5225 2618 5287 nunquam
2647 5204 2990 5267 humilitatis
3029 5206 3088 5266 in
3115 5208 3242 5268 luce
3265 5203 3512 5282 gratiam
3546 5220 3762 5264 conse-

2123 5304 2339 5377 quetur
2390 5293 2886 5374 compunctionis,
2948 5312 3053 5375 per
3083 5306 3257 5375 quam
3319 5290 3643 5374 acquiritur
3672 5289 3768 5351 lux

388 5387 511 5466 φίας
570 5394 702 5445 Θεοῦ
748 5401 867 5451 τοῖς
922 5389 1020 5455 τὴν
1078 5383 1289 5464 καρδίαν
1348 5383 1832 5465 συντετριμμένοις,
1904 5387 2016 5442 κατέ

2123 5383 2430 5466 sapientiae
2454 5382 2720 5445 contritis
2737 5382 2940 5458 corde,
2974 5383 3133 5446 sicut
3155 5381 3444 5464 scriptum
3480 5387 3604 5443 est:
3644 5400 3673 5439 α
3704 5380 3770 5441 lu

390 5475 452 5530 τὸ
482 5475 849 5554 γεγραμμένον
896 5492 910 5505 ⁸
947 5494 978 5535 (
1024 5472 1115 5533 Ἐν
1162 5481 1239 5548 τῷ
1263 5474 1398 5553 φωτί
1426 5495 1518 5532 σου
1547 5473 1784 5549 ὀψόμεθα
1814 5478 1925 5554 φῶς
1960 5490 1974 5505 ⁸
2007 5498 2036 5530 ι

474 5631 532 5683 '7
561 5631 716 5697 Psal.
753 5650 930 5711 xxxv,
974 5632 1068 5696 10.

2123 5472 2353 5536 lumine
2385 5479 2481 5533 tuo
2512 5468 2847 5532 videbimus
2879 5471 3077 5535 lumen
3106 5471 3169 5522 27
3200 5492 3228 5531 i
3274 5490 3290 5547 ;
3320 5470 3425 5535 sed
3457 5488 3570 5531 nox
3599 5468 3767 5537 illum
