4050 6124
374 209 498 276 893

1358 208 1900 274 PRACTICORUM
1944 206 2283 270 CAPITUM
2325 204 2720 269 CENTURIA
2763 205 2790 266 Ι

3637 190 3755 257 894

372 342 415 412 ἢ
471 345 602 424 πρὸς
658 342 981 424 ἀδδηφαγίαν
1047 345 1136 401 καὶ
1208 343 1362 424 κόρον
1429 340 1762 408 ἐκκλίναντος
1818 343 1908 415 τὸν
1965 346 2007 398 τί

2116 337 2484 401 saturitatem
2501 337 2743 399 inclinat
2765 352 2978 417 corpus
2996 331 3348 424 naturaliter
3356 327 3527 424 nobis
3541 324 3753 424 inimi-

375 431 528 511 φύσει
557 430 836 508 πολέμιον.
861 430 1183 510 Ἀναγκαῖον
1239 430 1329 488 οὖν
1376 443 1496 496 τοῖς
1555 452 1617 486 ττ
1675 432 1806 511 πρὸς
1835 431 2028 511 ἀρετὴν

375 522 757 600 εἷσαγωγικοϊς
810 522 845 588 ἦ
891 520 1189 599 ἐγκράτεια,
1242 521 1330 577 καὶ
1384 520 1508 586 τοῖς
1564 520 1693 598 ὑπὲρ
1749 520 1809 576 τὸ
1866 519 2027 596 μέσον

374 610 501 673 τοὺς
570 609 779 688 ἀγῶνας
837 607 1207 685 μεταθεμένοις
1270 609 1345 673 εἷς
1408 609 1507 677 τὴν
1562 608 1861 687 ἀκροτάτην
1928 614 2026 677 τῆς

370 697 594 777 θεωρίας
647 692 908 754 ἐπίϐασιν.
983 696 1163 772 Μὲτηρ
1221 697 1322 776 γὰρ
1410 696 1586 775 ὑγείας
1660 696 1818 771 αὕτη,
1899 697 2025 776 φίλη

372 790 476 852 τῆς
506 785 738 866 ἁγνείας,
768 786 857 842 καὶ
883 786 1366 866 ταπεινοφροσύνης
1396 784 1568 863 ἀγαθὴ
1597 786 1860 851 σύνευνος.

457 863 568 935 πθ’.
607 874 799 941 Διττὴν
844 874 985 930 εἶναι
1035 873 1134 941 τὴν
1181 872 1435 931 ἀπάθειαν
1477 871 1611 949 ἴσθι,
1641 875 1728 931 καὶ
1758 873 1944 938 διττῶς
1971 874 2023 931 ἐν

373 966 494 1027 τοῖς
552 961 849 1026 σπουδαίοις
905 960 1137 1038 μάλιστα
1196 963 1449 1040 γίνεσθαι,
1521 963 1619 1020 Καὶ
1665 968 1873 1042 πρῶτον
1925 963 2025 1038 μὲν

372 1051 482 1108 ἀπὸ
509 1057 604 1109 τοῦ
650 1049 834 1115 τέλους
897 1055 996 1117 τῆς
1037 1049 1342 1129 ὲμπράκτου
1386 1049 1695 1132 φιλοσοφίας
1741 1053 1776 1119 ἡ
1807 1052 2022 1131 πρώντη

373 1141 575 1218 γίνεται
644 1152 762 1203 τοῖς
824 1137 1121 1202 σπουδαίοις
1196 1138 1444 1206 ἀπάθεια,
1512 1138 1631 1207 ἥτις
1687 1139 1749 1196 ἑκ
1801 1141 2024 1217 νομίμου

374 1227 652 1298 ἀθλήσεως
736 1239 856 1291 τοῖς
975 1226 1158 1291 πόνοις
1258 1224 1605 1306 πολυτρόπως
1685 1228 2020 1307 προκόψασα,

373 1323 590 1397 νεκροῦν
646 1315 743 1393 μὲν
800 1313 945 1372 οἶδεν
1000 1317 1186 1372 αὔτικα
1236 1316 1303 1371 τὰ
1340 1316 1507 1390 πάθη,
1567 1317 1654 1372 καὶ
1715 1317 1810 1383 τὰς
1856 1318 2020 1397 ὁρμὰς

370 1410 473 1473 τῆς
556 1407 748 1485 σαρκὸς
804 1405 1102 1484 ἀπράκτους
1159 1407 1304 1477 ίστᾷν
1335 1420 1352 1437 ⁸
1383 1408 1642 1462 κινεῖσθαι
1697 1403 1754 1461 δὲ
1801 1408 1931 1485 πρὸς
1959 1409 2021 1463 τὸ

370 1495 510 1551 κατά
539 1495 690 1575 φύσιν
732 1494 828 1557 τὰς
854 1498 954 1562 τῆς
1000 1497 1185 1574 ψυχῆς
1241 1491 1485 1569 δυνάμεις
1538 1507 1687 1552 ποιεῖ
1738 1513 1752 1530 ⁸
1801 1497 1890 1554 καὶ
1929 1497 2019 1553 τὸν

372 1591 495 1660 νοῦν
525 1582 579 1640 ἐν
610 1581 808 1660 μελέτῃ
838 1589 946 1640 τῶν
997 1584 1147 1641 θείων
1178 1584 1315 1660 μετὰ
1362 1583 1620 1649 συνέσεως
1666 1584 2014 1659 ἀποκαθιστᾷ,

2110 444 2272 487 cum.
2298 425 2648 488 Necessaria
2667 424 2842 503 igitur
2859 414 3252 503 temperantia
3265 414 3755 480 etinchoantibus

2110 514 2260 577 viam
2310 515 2540 577 virtutis
2570 523 2627 576 et
2656 515 2730 575 iis
2761 511 2861 594 qui
2901 512 3025 592 jam
3057 509 3231 570 stadii
3263 506 3520 594 medium
3554 512 3752 594 trans-

2108 605 2295 681 gressi
2311 604 2638 667 tenduntad
2661 591 2955 662 summum
2971 592 3484 677 contemplationis
3497 591 3747 681 apicem.

2110 679 2213 753 illa
2269 692 2429 754 enim
2489 702 2579 754 est
2626 700 2814 754 mater
2852 687 3142 763 sanitatis,
3196 682 3484 748 castitatis
3531 679 3742 754 amica,

2108 784 2331 865 optima
2362 785 2711 848 humilitatis
2736 779 3196 846 contubernalis.

2186 873 2285 935 89.
2306 875 2610 954 Duplicem
2625 871 3307 953 esseimpassibilitatem
3322 864 3751 954 scito,eamque

2107 959 2329 1042 duplici
2361 950 2684 1043 praesertim
2717 950 2893 1025 modo
2924 983 2959 1022 a
2991 958 3358 1023 ferventibus
3386 950 3650 1043 acquiri._
3676 951 3752 1043 Et

2107 1039 2300 1131 primo
2330 1039 2572 1130 quidem
2593 1071 2627 1113 a
2661 1051 3025 1132 perfectione
3064 1046 3338 1129 practica:
3360 1039 3751 1124 philosophiae

2108 1137 2298 1216 prima
2325 1140 2443 1200 feri
2462 1140 2697 1202 entibus
2727 1141 2980 1202 inoritur
3008 1132 3482 1216 impassibilitas,
3516 1147 3647 1210 quae
3679 1146 3748 1189 ex

2104 1225 2366 1306 legitima
2395 1228 2550 1290 lucta
2578 1230 2779 1290 multis
2827 1226 3130 1289 laboribus
3182 1239 3516 1305 progressa,
3549 1217 3746 1278 statim

2104 1316 2457 1395 cupiditates
2473 1319 2693 1398 optime
2718 1317 3053 1388 mortificat,
3073 1316 3331 1395 impetus
3342 1308 3537 1398 carnis
3552 1306 3752 1369 reddit

2103 1402 2464 1480 inefﬁcaces,
2496 1397 2801 1468 facultates
2829 1422 3043 1467 animae
3092 1411 3157 1463 ut
3206 1397 3532 1462 secundum
3565 1401 3744 1456 natu-

2101 1510 2227 1554 ram
2287 1502 2640 1556 moveantur
2690 1494 2892 1570 efﬁcit,
2981 1500 3360 1571 mentemque
3413 1485 3484 1548 ad
3543 1501 3743 1545 rerum

2103 1580 2435 1644 divinarum
2470 1584 2914 1645 meditationem
2947 1579 3229 1645 restituit.
3283 1576 3511 1640 Deinde
3538 1572 3612 1635 ab
3643 1572 3742 1633 in-

373 1653 744 1729 VEﬂEttavéﬂb
783 1653 910 1739 ’τῆς
977 1653 1191 1752 ἀρχῆς,
1224 1678 1324 1739 τῆς
1408 1678 1634 1754 φυσικῆς
1687 1673 1927 1753 θεωρίας,
1973 1653 2007 1730 ’ὖ

2103 1670 2416 1733 choatione
2446 1673 2729 1734 naturalis
2759 1672 3003 1734 theoritn
3030 1667 3291 1731 secunda
3342 1674 3399 1726 et
3424 1660 3745 1745 perfectior

370 1761 586 1841 δευτέρα
664 1762 753 1819 καὶ
838 1761 1134 1841 τελειοτέρα
1220 1768 1396 1842 σοφῶς
1462 1764 1646 1826 αὐτοῖς
1703 1761 2009 1842 ἐπιγίνεται,

376 1847 494 1916 ἥτις
546 1849 608 1907 ἐκ
649 1856 831 1931 νοερᾶς
886 1851 1116 1930 ἡσυχίας
1185 1856 1291 1907 τῶν
1332 1849 1628 1928 λογισμῶν,
1687 1856 1760 1916 είς
1816 1854 2017 1932 εἰρηνι-

368 1939 473 2006 κὴν
527 1945 622 1996 τοῦ
661 1940 782 2002 νοὸς
831 1939 1170 2014 ἀνυψωθεῖσα
1228 1940 1571 2012 κατάστασιν,
1632 1938 2015 2021 διορατικώτα-

2104 1758 2225 1820 illis
2256 1770 2692 1842 peropportune
2723 1760 3064 1841 supervenit
3110 1753 3575 1838 impassibilitas,
3611 1768 3741 1831 qua;

2105 1866 2138 1909 e
2158 1848 2450 1939 spirituali
2474 1850 2890 1928 cogitationum
2911 1848 3183 1939 quietcad
3208 1844 3515 1939 pacificum
3538 1848 3739 1939 evecta

2103 1936 2322 1998 mentis
2353 1947 2590 2020 statum,
2623 1940 2774 2000 hanc
2831 1936 3403 2019 perspicacissimam
3435 1950 3504 2020 ac
3536 1936 3735 2020 provi-

367 2029 461 2084 τὸν
502 2049 560 2084 τε
615 2028 704 2085 καὶ
756 2027 1250 2107 προορατικώτατον
1291 2026 1407 2086 οἶδε
1460 2030 1549 2086 τὸν
1618 2016 1737 2087 νοῦν
1777 2030 2007 2110 ἀπεργά-

2099 2024 2503 2087 dentissimam
2551 2016 2662 2089 scit
2708 2016 3006 2090 reddere:
3068 2018 3642 2107 perspicacissimam
3676 2016 3738 2076 in

368 2119 544 2188 ζεσθαι
618 2133 634 2149 ⁸
694 2114 1137 2196 διορατικώτατον
1206 2117 1322 2193 μὲν,
1394 2117 1450 2174 ἐν
1505 2120 1776 2199 πράγμασι
1831 2122 2007 2197 θείοις,

2098 2113 2276 2175 rebus
2295 2115 2532 2186 divinis,
2553 2116 2694 2177 etin
2721 2116 2973 2177 videndo
2995 2114 3149 2196 quod
3178 2113 3396 2174 bonum
3423 2116 3534 2199 est,
3557 2115 3736 2199 atque

368 2203 424 2261 ἔν
469 2225 528 2262 τε
582 2194 857 2269 ὀπτασίαις
925 2213 1017 2263 του
1084 2207 1402 2288 κρείττονος,
1448 2206 1503 2264 ἕν
1543 2194 1601 2264 τε
1625 2194 2007 2285 ’ἀποκαλύψεσι

2103 2203 2162 2264 in
2185 2204 2639 2267 revelationibus
2669 2194 3076 2287 mysteriorum
3105 2202 3245 2278 Dci;
3285 2194 3736 2288 providentissi-

366 2294 672 2373 μυστηρίων
743 2302 874 2356 Θεοῦ
908 2310 922 2324 ’
971 2284 1463 2375 προορατικώτατον
1513 2294 1589 2372 δὲ,
1659 2297 1712 2355 ἐν
1766 2284 2007 2378 πράγμα-

2102 2310 2255 2353 mam
2290 2312 2427 2355 vero
2460 2297 2517 2356 in
2576 2284 2755 2356 rebus
2810 2294 3086 2356 humanis
3143 2304 3346 2372 pOStea
3375 2284 3583 2349 futuris
3617 2290 3737 2378 et‘a

363 2404 450 2440 σιν
509 2383 876 2462 ἀνθρωπίνοις,
939 2373 1196 2464 μακρόθεν
1253 2383 1565 2464 ἐρχομένοις
1619 2387 1707 2443 καὶ
1763 2373 2007 2460 μέλλουσι

2098 2382 2269 2461 longe
2293 2382 2687 2446 venientibus.
2713 2383 2895 2445 Inilla
2916 2390 3109 2445 autem
3141 2379 3361 2461 duplici
3393 2373 3734 2456 impassibi-

363 2472 595 2550 γίνεσθαι
628 2489 644 2507 °
678 2470 731 2529 ἐν
759 2476 854 2536 αἷς
899 2471 954 2528 ἓν
1001 2474 1089 2529 καὶ
1144 2474 1207 2531 τὸ
1259 2475 1387 2531 αὐτὸ
1436 2483 1641 2549 πνεῦμα
1669 2476 1732 2531 τὸ
1773 2476 2007 2556 ἐνεργοῦν

2098 2469 2253 2532 litate
2274 2490 2426 2533 unus
2449 2480 2507 2533 et
2525 2472 2682 2534 idem
2707 2481 2990 2553 operatur
3015 2471 3280 2552 spiritus,
3313 2468 3413 2549 qui
3442 2469 3503 2527 in
3536 2464 3733 2556 priore

363 2560 500 2635 ἐστι,
544 2562 605 2617 τὸ
648 2568 869 2641 κρατοῦν
926 2562 1023 2637 μὲν
1064 2563 1153 2619 καὶ
1205 2561 1427 2642 συνέχον
1481 2564 1618 2619 κατὰ
1665 2564 1762 2632 τὴν
1792 2553 2007 2644 πρώτην

2098 2559 2433 2620 moderatur
2462 2569 2522 2621 et
2573 2561 2864 2641 reprimit.
2924 2561 2984 2621 in
3046 2558 3378 2637 posteriore
3403 2573 3540 2617 vero
3574 2553 3734 2614 laxas

362 2648 640 2721 ἀπάθειαν,
686 2648 916 2707 ἀπολύον
958 2648 1040 2730 δὲ,
1096 2650 1231 2707 κατὰ
1272 2651 1371 2719 τὴν
1414 2648 1673 2731 δευτέραν,
1726 2655 1813 2710 καὶ
1854 2654 2005 2712 ἐλευ-

2098 2649 2186 2710 dat
2217 2648 2482 2712 habenas
2513 2657 2572 2712 et
2600 2651 2935 2712 libertatem
2971 2659 3209 2711 aeternae
3240 2648 3392 2722 vitae,
3427 2655 3491 2707 ut
3523 2645 3733 2705 Paulus

358 2738 532 2820 θερίαν
559 2738 768 2820 αἰωνίου
794 2743 963 2811 ζωῆς,
996 2741 1069 2803 ὥς
1100 2741 1128 2795 6
1159 2738 1366 2803 Παῦλος
1396 2761 1549 2820 φησι.

2098 2732 2350 2819 loquitur
2378 2738 2463 2798 50.

446 2815 531 2902 4’,
579 2817 636 2885 Ὀ
678 2831 778 2894 τῆς
820 2826 1072 2890 ἀπαθείας
1119 2815 1423 2894 πλησιάσας
1472 2842 1589 2893 τοῖς
1633 2828 1799 2908 ὅροις,
1852 2833 2004 2912 ὀρθὰς

2167 2815 2268 2907 90,
2303 2825 2412 2899 Qui
2446 2826 2936 2908 impassibilitatis
2969 2824 3185 2889 ﬁnibus
3214 2821 3728 2912 appropinquavit,

358 2914 458 2990 μὲν
500 2916 617 2994 περὶ
676 2916 808 2973 Θεὸν
862 2915 951 2971 καὶ
989 2915 1085 2979 τὰς
1142 2915 1319 2996 φύσεις
1376 2921 1485 2972 τῶν
1536 2915 1700 2974 ὄντων
1756 2920 2005 2997 ποιούμέο

2098 2923 2285 2977 rectos
2315 2914 2385 2977 ad
2415 2918 2598 2980 Deum
2626 2923 2981 2997 naturasque
3005 2933 3204 2977 rerum
3230 2913 3479 2975 tendens
3505 2911 3728 2983 oculos,

357 3025 449 3067 νος
515 3005 612 3068 τὰς
684 3004 915 3083 ὁράσεις,
974 3003 1034 3060 ὲκ
1075 3008 1172 3071 τῆς
1227 3002 1492 3071 καλλονῆς
1534 3006 1638 3062 τῶν
1703 3010 2007 3085 κτισμάτων

2098 3011 2538 3066 acreaturarum
2564 3005 3003 3086 pulchritudine
3026 3004 3101 3065 ob
3123 3022 3288 3066 suam
3316 3002 3625 3084 puritatem
3656 2998 3728 3062 ad

359 3089 638 3171 ἀναλόγως
680 3094 781 3159 τῆς
843 3097 1001 3152 αὐτοῦ
1042 3092 1396 3173 καθαρότητος
1438 3094 1570 3172 πρὸς
1624 3097 1714 3152 τὸν
1771 3100 2007 3167 Ποιητην

2098 3094 2430 3156 Creatorem
2463 3112 2800 3172 assurgens,
2824 3094 3036 3173 recipit
3060 3091 3524 3154 il'uminationes
3547 3089 3730 3170 spiri-

357 3181 693 3262 ἀνατρέχων,
765 3179 979 3262 δέχεται
1091 3182 1187 3245 τὰς
1271 3184 1608 3263 φωτοχυσίας
1677 3192 1770 3243 τοῦ
1839 3194 2003 3246 Πνευ-

357 3290 526 3344 ματος
562 3285 576 3299 ⁶
623 3270 822 3348 ἀγαθὰς
877 3268 933 3326 δὲ
996 3272 1090 3333 τὰς
1134 3269 1429 3347 ὑπολήψεις
1475 3270 1620 3353 ἔχων
1688 3276 1820 3352 πρὸς
1863 3278 2004 3334 πάν..

354 3379 474 3438 τας,
545 3358 626 3415 ἀεί
671 3357 935 3438 λογίζεται
1003 3361 1122 3440 περὶ
1174 3360 1386 3419 πάντων
1455 3363 1594 3419 καλά
1647 3380 1667 3399 ⁸
1714 3365 1892 3443 ἁγίους
1946 3389 2003 3424 τε

354 3447 557 3511 πάντας
628 3448 723 3526 ὁρᾷ
789 3449 878 3505 καὶ
928 3449 1139 3527 ἁγνοὺς,
1212 3451 1299 3506 καὶ
1354 3452 1471 3530 περὶ
1536 3452 1688 3509 θείων
1757 3456 1844 3511 καὶ
1902 3455 2002 3514 ἀν-

354 3536 626 3615 θρωπίνων
682 3537 1011 3623 πραγμάτων
1067 3538 1166 3605 τὴν
1216 3539 1383 3618 κρίσιν
1438 3541 1594 3619 ὀρθὴν
1646 3540 1949 3623 ἐπιφέρεται
1982 3566 1997 3582 ’

353 3625 443 3681 καὶ
483 3623 597 3702 ἐρᾷ,
660 3625 757 3700 μὲν
826 3622 1031 3690 οὕδενὸς
1087 3632 1194 3682 τῶν
1255 3628 1374 3707 περὶ
1444 3629 1545 3696 τὴν
1591 3628 1724 3696 ὕλην
1765 3640 1859 3690 τοῦ
1912 3633 2002 3690 κό-

354 3734 514 3789 σμου,
573 3716 661 3770 καὶ
728 3727 847 3777 τοῖς
904 3714 1195 3794 ἀνθρώποις
1241 3714 1674 3793 σπουδαζομένων
1706 3736 1718 3750 ⁸
1752 3717 1901 3785 ἐκδὺς
1944 3718 1999 3777 δὲ

350 3808 430 3877 τῷ
484 3808 557 3876 νῷ
610 3806 710 3869 τῆς
765 3805 1098 3880 παγκοσμίου
1158 3805 1477 3885 αἰσθήσεως,
1546 3808 1676 3884 πρὸς
1748 3811 1997 3886 οὐρανοὺς

351 3891 441 3946 καὶ
472 3892 599 3947 Θεὸν
659 3890 940 3970 ἀνατρέχει
989 3894 1211 3969 καθαρὸς
1270 3893 1447 3961 πάσης
1505 3893 1668 3973 ἰλύος,
1703 3897 1791 3951 καὶ
1818 3896 1998 3964 πάσης

348 3976 584 4043 δουλείας
634 3977 919 4059 ἐλεύθερος,
977 3981 1064 4037 καὶ
1095 3979 1219 4044 ὅλος
1248 3983 1446 4060 γίνεται
1488 3987 1595 4039 τῶν
1652 3989 1857 4050 νοητῶν
1910 3992 2002 4042 τοῦ

350 4074 485 4124 Θεοῦ
540 4066 749 4145 ἀγαθῶν
802 4066 857 4123 ἐν
918 4068 1065 4144 μόνῳ
1118 4070 1195 4144 τῷ
1262 4071 1538 4142 πνεύματι,
1589 4074 1676 4128 καὶ
1743 4074 1806 4128 τὸ
1861 4076 2009 4139 θεῖον

349 4153 545 4218 κάλλος
590 4157 707 4235 ὁρᾷ,
765 4157 852 4213 καὶ
900 4159 1204 4237 θεοπρεπῶς
1262 4157 1632 4239 ἐμφιλοχωρεϊ
1684 4174 1802 4224 τοῖς
1844 4163 1998 4227 θείοις

346 4243 557 4317 τόποις,
618 4248 717 4311 τῆς
763 4246 1020 4323 μακαρίας
1078 4252 1208 4305 Θεοῦ
1262 4245 1441 4319 δόξης,
1500 4248 1552 4304 ἐν
1609 4247 1819 4327 ἀῤῥάτιρ
1872 4257 1999 4330 σιγῇ

344 4332 435 4388 καὶ
476 4337 645 4411 χαρᾷ,
717 4334 806 4390 καὶ
864 4334 956 4397 τὰς
1009 4334 1276 4404 αἰσθήσεις
1332 4337 1504 4401 πάσας
1561 4335 1887 4411 ἀλλοιωθεὶς,
1921 4343 1996 4406 ὡς

345 4417 574 4499 ἄγγελος
630 4420 684 4477 ἐν
770 4419 936 4497 ὑλικῷ
1009 4423 1243 4498 σώματι,
1318 4421 1473 4489 ἅϋλος
1534 4439 1651 4490 τοῖς
1703 4426 1995 4506 ἀνθρώποις

346 4508 822 4591 συναναστρέφεται
833 4553 847 4569 .

430 4588 548 4673 4α’.
597 4588 873 4670 Αἷσθήσεις
931 4597 1075 4657 οἶδεν
1106 4602 1135 4657 6
1163 4599 1321 4680 λόγος
1365 4603 1521 4660 πέντε
1550 4606 1638 4661 καὶ
1688 4607 1786 4672 τῆς
1817 4607 1991 4677 ἀσκή-

343 4709 482 4752 σεως
505 4709 530 4778 γ’
579 4688 892 4770 ἀγρυπνίαν,
937 4689 1189 4767 μελέτην,
1262 4693 1452 4774 εὐχὴν,
1520 4694 1849 4778 ἐγκράτειαν,
1907 4707 1997 4762 καὶ

340 4777 576 4858 ἡσυχίαν
622 4795 638 4811 ⁶
671 4780 882 4844 ταύταις
949 4783 978 4837 6
1026 4782 1120 4845 τὰς
1178 4781 1365 4841 ἑαυτοῦ
1421 4784 1685 4854 αἰσθήσεις
1743 4785 1995 4843 ἐπισυνά-

341 4870 474 4940 ψας,
520 4868 610 4923 καὶ
661 4867 760 4935 τὴν
820 4869 915 4944 μὲν
974 4867 1155 4946 ὅρασιν
1199 4875 1268 4946 τῇ
1325 4870 1603 4948 ἀγρυπνίᾳ,
1677 4874 1773 4942 τὴν
1828 4875 1995 4944 ἀκοὴν

339 4952 395 5010 δὲ
425 4961 496 5031 τῇ
544 4954 767 5034 μελετῃ,
830 4957 927 5025 τὴν
976 4956 1229 5037 ὄσφρησιν
1268 4964 1337 5036 τῇ
1385 4964 1547 5042 εὐχῇ,
1596 4965 1695 5030 τὴν
1723 4964 1898 5042 γεῦσιν
1925 4972 1994 5043 τῇ

340 5040 642 5131 ἐγκρατείᾳ,
700 5045 789 5100 καὶ
842 5045 943 5113 τὴν
1012 5046 1153 5126 ἁφὴν
1207 5040 1481 5117 συζεύξας
1518 5055 1587 5125 τῇ
1643 5040 1859 5131 ἡσυχίᾳ,
1892 5040 1993 5109 ταζ

339 5127 756 5216 χὲωςῗκαθαίρει
785 5133 876 5189 τὸν
919 5139 1037 5190 νοῦν
1084 5138 1184 5200 τῆς
1242 5131 1378 5197 ἵδίας
1438 5140 1648 5216 ψυχῆς,
1678 5127 1996 5196 καίνλεπτύ⁴

337 5238 432 5281 νας
495 5215 581 5275 διὰ
622 5222 822 5279 τούτων
882 5221 1062 5302 αὐτὸν,
1136 5222 1312 5291 ἀπαθῆ
1363 5226 1450 5281 καὶ
1505 5215 1797 5305 διορατικὺν
1840 5228 1996 5285 αὐτὸν

334 5303 715 5386 ἀπεργάζεται.

411 5521 476 5574 ιο
502 5518 529 5586 1
556 5523 698 5588 Cor.
730 5477 839 5602 in,
873 5523 965 5589 tt.

2093 3188 2208 3257 tus,
2237 3182 2640 3261 optimamque
2671 3182 2898 3244 habens
2944 3182 3289 3261 opinionem
3323 3181 3398 3243 de
3429 3178 3727 3254 omnibus,

2091 3269 2166 3330 de
2182 3270 2461 3333 omnibus
2480 3289 2719 3352 semper
2735 3270 2889 3334 bene
2915 3272 3154 3352 rogitat,
3176 3288 3387 3333 omnes
3409 3277 3468 3330 ut
3492 3276 3731 3330 sanctos

2087 3357 2267 3421 habet
2294 3377 2361 3421 ac
2408 3368 2666 3434 sanctos,
2724 3359 2800 3422 de
2853 3360 3069 3421 divinis
3128 3359 3522 3439 humanisque
3550 3356 3730 3418 rebus

2085 3456 2311 3509 rectum
2329 3449 2439 3510 fert
2449 3449 2739 3530 iudicium
2767 3472 2782 3524 ς
2818 3449 2966 3510 nihil
2996 3457 3153 3509 amat
3181 3447 3576 3510 materialium
3608 3464 3724 3509 saa-

2087 3536 2204 3598 culi
2260 3556 2457 3600 rerum
2520 3558 2667 3619 quos
2720 3538 2996 3600 homines
3046 3538 3313 3599 studiose
3386 3542 3719 3616 appetunt;

2087 3633 2286 3687 mente
2323 3645 2500 3689 sensu
2533 3626 2831 3687 mundano
2862 3635 3055 3701 exuta,
3101 3626 3174 3687 ad
3208 3627 3388 3687 C(BIOS
3416 3627 3725 3704 Deumque

2083 3714 2268 3776 currit
2331 3734 2511 3795 purus
2541 3715 2613 3776 ab
2666 3716 2827 3774 omni
2874 3715 2996 3776 luto
3045 3723 3100 3775 et
3148 3714 3220 3775 ab
3251 3712 3412 3774 omni
3443 3712 3727 3775 servitute

2084 3802 2257 3877 liber,
2292 3813 2447 3866 totus
2504 3812 2593 3865 est
2638 3801 3046 3882 spiritualibus
3097 3802 3202 3864 Dei
3257 3801 3429 3862 bonis
3486 3801 3544 3861 in
3597 3803 3724 3862 solo

2086 3891 2318 3972 spiritu,
2379 3893 2754 3973 divinamque
2825 3893 2986 3953 videt
3066 3890 3593 3973 pulchritudinem.
3656 3909 3725 3951 ac

2088 3980 2286 4042 divine
2317 3980 2532 4043 divinis
2563 3980 2851 4041 inhabitat
2882 3980 3025 4042 locis
3054 3979 3152 4040 ubi
3185 3978 3405 4042 residet
3430 3978 3602 4040 beata
3618 3978 3723 4041 Dei

2091 4071 2299 4149 gloria,
2336 4060 2467 4133 cum
2524 4070 2806 4132 ineffabili
2856 4069 3091 4131 silentio
3142 4078 3199 4131 et
3228 4069 3449 4145 laetitia,
3484 4077 3542 4130 et
3569 4088 3722 4130 cun—

2094 4160 2203 4221 ctis
2231 4159 2507 4221 sensibus
2537 4160 3009 4232 transformatus,
3044 4169 3107 4219 ut
3161 4160 3408 4236 angelus
3438 4159 3497 4220 in
3533 4168 3722 4220 matc-

2082 4248 2210 4308 riaii
2243 4267 2516 4329 corpore,
2549 4248 2955 4310 immaterialis
2986 4247 3141 4310 inter
3172 4249 3440 4313 homines
3471 4268 3721 4311 conver-

2082 4346 2263 4401 satur.

2157 4606 2257 4665 91.
2293 4604 2461 4667 Ratio
2516 4605 2778 4685 quinque
2829 4608 3133 4685 C(tgttOStll
3187 4606 3412 4667 εει-θεαῖς
3461 4623 3718 4667 sensus:

2081 4692 2361 4769 vigiliam,
2397 4694 2869 4769 meditationem,
2888 4696 3242 4773 orationem,
3270 4695 3720 4774 temperantiam

2079 4790 2135 4842 et
2175 4781 2454 4862 quietem.
2508 4782 2612 4846 His
2653 4785 2754 4863 qui
2795 4802 3007 4847 sensus
3037 4784 3431 4853 acommodat,
3497 4782 3582 4844 sci
3608 4783 3718 4843 iret

2076 4870 2791 4950 visumvigilireauditum
2823 4872 3215 4946 meditationi,
3249 4871 3560 4932 odoratum
3591 4889 3720 4931 ora-

2080 4958 2249 5033 tioni,
2284 4968 2517 5039 gustum
2573 4963 3000 5041 temperantiae,
3059 4969 3117 5021 et
3177 4968 3390 5020 tactum
3442 4969 3721 5040 coaptans

2079 5046 2291 5129 quieti,
2311 5048 2473 5110 brevi
2489 5050 3026 5130 puriﬁcatmeutem
3044 5067 3165 5111 sum
3180 5047 3413 5127 animm,
3438 5047 3718 5130 illamque

2077 5137 2164 5198 sic
2194 5155 2520 5210 exacuens,
2577 5138 3000 5220 impassibilcm
3060 5136 3254 5199 reddit
3312 5145 3368 5197 et
3409 5135 3716 5218 perspica-

2079 5245 2231 5288 cem.
