4050 6124
347 137 467 202 893

345 363 533 424 victor
564 365 949 444 cupiditatum
1005 375 1063 428 et
1111 370 1382 448 superior
1437 371 1669 431 tristitia
1701 380 1758 434 et
1792 373 1987 432 laztitia

347 452 533 513 factus
591 463 700 516 est.
765 455 873 526 Qui
929 477 1122 537 neque
1178 459 1483 519 doloribus
1541 478 1612 522 ex
1669 461 1986 539 impetibus

345 542 558 602 anima:
587 543 813 605 obortis
864 543 1164 623 dejicitur,
1217 565 1409 626 neque
1454 549 1648 608 lzetitia
1677 568 1744 609 ex
1775 550 1988 610 anima:

348 630 544 710 quiete
575 640 853 710 percepta
893 634 1244 714 inebriatur,
1280 637 1381 697 sed
1428 637 1486 696 in
1516 638 1989 700 tribulationibus

347 718 582 796 gaudet,
609 728 665 778 et
690 719 749 780 in
778 723 1263 803 prosperitatibus
1302 733 1660 805 temperatur
1695 746 1804 787 nec
1839 728 1990 788 ultra

351 807 588 868 modum
621 809 882 869 effertur.

429 895 527 985 93.
567 899 804 974 Magnus
837 906 927 959 est
955 898 1288 961 daemonum
1322 901 1486 962 furor
1516 903 1574 964 in
1601 921 1703 964 eos
1729 903 1826 984 qui
1854 922 1986 985 pro-

349 984 552 1045 ﬁciunt
583 1004 767 1066 usque
796 987 866 1047 ad
929 988 1238 1049 theoriam.
1309 990 1666 1053 lnsidiantur
1700 984 1867 1053 enim,
1893 993 1985 1055 eis

349 1072 452 1133 diu
483 1081 816 1153 noctuque:
863 1085 1036 1156 atque
1088 1086 1208 1138 tum
1244 1097 1349 1158 per
1380 1099 1582 1140 eorum
1617 1081 1811 1142 socios
1844 1101 1980 1162 pro-

351 1160 618 1222 bationes
647 1163 882 1224 sibimet
915 1165 1152 1226 nocivas
1185 1167 1462 1242 excitant,
1486 1176 1604 1229 tum
1625 1189 1729 1250 per
1748 1160 1984 1245 seipsos

347 1250 608 1327 fragores
633 1251 790 1312 cient
819 1253 888 1312 ad
921 1257 1370 1318 eosterrendos.
1402 1259 1522 1318 lmo
1547 1258 1984 1321 dormientibus

1648 149 1949 212 NICETA'}
1992 150 2421 213 PECTORATI

425 273 524 337 92.
553 275 799 339 Animus
854 278 1237 358 impassibilis
1278 281 1375 342 ille
1426 290 1533 343 est.
1598 283 1698 362 qui
1751 289 2054 344 suarumA

3608 153 3740 218 896

2317 287 2448 344 Νοῦς
2496 280 2700 350 ἀπαθής
2746 281 2908 354 ἐστιν,
2975 286 3004 338 ὁ
3059 290 3163 338 τῶν
3223 284 3407 340 ἑαυτοῦ
3459 288 3735 362 κρατήσας

2068 372 2269 439 παθῶν,
2343 373 2430 425 καὶ
2514 371 2755 448 ὑπεράνω
2812 369 2982 437 λύπης
3038 373 3124 426 καὶ
3194 378 3367 450 χαρᾶς
3431 375 3665 450 γεγονώς
3709 393 3726 407 ⁸

2069 461 2124 523 ὃς
2157 459 2272 516 οὔτε
2321 474 2442 524 ταῖς
2494 458 2544 524 ἐξ
2601 460 2863 538 ἐπιφορῶν
2920 461 3108 523 λύπαις
3167 462 3551 539 ἐπιστυγνάζει,
3603 463 3725 519 οὔτε

2067 553 2134 622 τῇ
2203 547 2253 612 ἐξ
2305 549 2546 622 εὖθδμίας
2608 545 2878 627 διαχεῖται
2961 556 3128 629 χαρᾷ,
3175 548 3292 605 ἀλλ’
3341 550 3393 606 ἐν
3453 553 3553 626 μὲν
3595 567 3721 616 ταῖς

2066 634 2295 709 θλίψεσι,
2349 635 2676 714 χαιῳμένην
2724 637 3097 715 ἐπιφερόμενος
3147 638 3246 703 τὴν
3302 639 3512 716 ψυχὴν,
3557 639 3613 694 ἐν
3660 638 3724 695 δὲ

2068 737 2189 786 ταῖς
2220 726 2506 802 εὖθδμίαις,
2579 723 3053 801 ἐγκρατευομένην,
3110 726 3304 800 καὶμὴ
3365 735 3458 783 τοῦ
3526 729 3724 806 μέτρου

2069 812 2364 890 φερομένην
2403 813 2553 876 ἐκτός
2565 859 2579 873 .

2149 891 2267 977 4γ’.
2301 900 2480 967 Πολλὴ
2510 903 2644 957 κατά
2685 909 2791 957 τῶν
2836 903 2907 964 εἰς
2957 905 3176 980 θεωριαν
3231 905 3505 982 προκοπὰς
3534 926 3729 960 ποιω-

2067 988 2238 1063 μὲνων
2269 991 2302 1056 ἡ
2384 992 2486 1044 τῶν
2545 988 2807 1064 δαιμόνων
2872 991 3054 1064 μανία.
3158 989 3518 1071 Ἐφεδρεύουσι
3619 994 3728 1071 γὰρ

2066 1074 2184 1132 κατ’
2257 1077 2427 1132 αὖτῶν
2478 1078 2635 1133 νύκτα
2697 1081 2783 1134 καὶ
2836 1075 2952 1152 μεθ’
3007 1079 3211 1157 ἡμέραν
3258 1100 3274 1115 ο
3339 1081 3426 1136 καὶ
3481 1077 3566 1135 διὰ
3623 1083 3725 1155 μὲν

2065 1172 2170 1220 τῶν
2225 1166 2481 1221 συνόντων
2577 1169 2900 1246 πειρασμοὺς
2964 1165 3236 1245 χαλεποὺς
3320 1170 3531 1233 ἑαυτοῖς
3589 1169 3724 1225 ἐπε-

2067 1254 2291 1331 γείρουσι
2325 1269 2338 1282 ⁸
2388 1251 2453 1308 δι’
2508 1255 2706 1311 ἑαυτῶν
2751 1255 2804 1310 δὲ
2853 1256 3080 1317 κτύπους
3136 1262 3374 1312 ποιοῦσιν
3427 1259 3499 1321 εἷς
3533 1256 3721 1336 φόϐον.

2384 992 2486 1044 τῶν
2545 987 2807 1064 δαιμόνων
2872 991 3031 1064 μανία
3041 1037 3054 1051 .

349 1338 586 1412 instant,
625 1357 830 1400 eorum
864 1341 1046 1422 quieti
1079 1344 1430 1414 invidentes,
1459 1347 1774 1427 multisque
1792 1349 1984 1408 modis

2076 1345 2166 1399 Καὶ
2213 1345 2457 1401 ὑπνοῦσιν
2528 1342 2838 1400 ἐπιτίθενται
2921 1345 3148 1414 τούτοις,
3235 1350 3302 1419 τῇ
3357 1345 3531 1401 ἀνέσει
3593 1349 3719 1425 φθο-

348 1435 558 1488 vexant
583 1428 736 1508 illos,
763 1431 1030 1509 quamvis
1058 1451 1273 1492 nocere
1299 1445 1592 1514 nequeant
1616 1436 1707 1496 his
1731 1437 1829 1516 qui
1863 1436 1982 1498 Deo

2076 1438 2270 1494 νοῦντες
2329 1433 2518 1512 αὒτῶν,
2581 1434 2669 1488 καὶ
2749 1431 3000 1493 ποικίλως
3074 1432 3322 1491 λυποῦσιν
3382 1435 3593 1507 αὖτοὺς,
3668 1437 3716 1490 εἰ

347 1534 410 1576 se
439 1527 881 1580 consacrarunt.
916 1518 978 1578 Et
1014 1522 1124 1580 nisi
1157 1523 1399 1600 angelus
1444 1523 1674 1586 Domini
1704 1526 1981 1604 omnipo-

2076 1522 2152 1575 ιαὶ
2207 1521 2284 1594 μὴ
2339 1518 2580 1576 δύνανται
2637 1519 2884 1587 ἀδικῆσαι
2952 1523 3074 1582 τοὺς
3127 1521 3503 1595 ἀνακειμένους
3578 1531 3713 1594 Θεῳ.

347 1603 525 1665 tentis
556 1605 714 1684 ipsos
757 1608 1104 1683 custodiret,
1125 1610 1447 1672 diabolicas
1469 1613 1714 1674 insidias
1741 1603 1984 1677 mortis-

2076 1611 2166 1666 Καὶ
2195 1611 2238 1664 εἰ
2286 1611 2362 1683 μὴ
2412 1608 2637 1686 ἅγγελος
2691 1611 2877 1686 Κυρίου
2945 1611 3366 1689 παντοκράτορος
3437 1614 3466 1668 ὁ
3509 1611 3713 1691 φυλάσ-

346 1711 461 1772 que
490 1693 732 1774 laqueos
770 1714 884 1756 non
911 1698 1262 1774 effugerent.

423 1870 521 1934 91.
557 1873 830 1960 Armatus
861 1893 964 1954 pro
998 1877 1253 1954 practica
1303 1879 1532 1940 virtutis
1581 1879 1982 1960 philosophia,

346 1974 481 2018 cave
537 1959 854 2038 diligenter
900 1981 934 2022 a
992 1963 1284 2025 lethiferis
1333 1965 1665 2026 dmmonum
1724 1959 1980 2028 insidiis.

343 2043 633 2116 Quantum
661 2049 816 2109 enim
843 2052 1211 2112 ascensionis
1235 2073 1608 2133 progressum
1638 2056 1695 2116 in
1722 2057 1984 2118 excelsas

341 2133 584 2196 virtutes
614 2136 900 2217 disponis,
965 2149 1021 2200 et
1079 2141 1277 2202 divina
1329 2147 1424 2204 lux
1487 2143 1591 2203 tibi
1644 2147 1981 2220 augeturin

341 2223 724 2294 orationibus.
763 2235 939 2305 atque
965 2229 1035 2287 ad
1069 2231 1458 2292 revelationes
1491 2234 1764 2311 pervenis
1799 2234 1979 2293 visio-

342 2312 933 2391 nesqueinell'abiles,
979 2317 1291 2396 adjuvante
1333 2317 1579 2398 Spiritu,
1617 2331 1838 2381 tautum
1872 2322 1979 2398 illi,

339 2411 674 2479 surgentem
695 2413 749 2464 te
775 2405 846 2464 ad
873 2407 1086 2467 ccelum
1111 2407 1400 2482 vid-otes,
1419 2410 1979 2483 stridentdentibus,

340 2496 397 2548 et
428 2491 778 2570 multiplicia
806 2495 1083 2573 nequitia:
1109 2515 1228 2556 sua:
1252 2497 1398 2558 retia
1431 2497 1488 2557 in
1522 2499 1815 2578 Spiritmli
1847 2519 1983 2560 aere

344 2577 942 2653 diligentertendunt.
965 2582 1089 2643 Non
1108 2589 1293 2644 so‘um
1313 2585 1467 2645 enim
1486 2577 1986 2666 conCnpiscentize

345 2664 564 2746 iraeque
582 2670 835 2729 carnalia
859 2680 912 2731 el
936 2671 1200 2732 bestialia
1225 2685 1428 2734 contra
1453 2684 1506 2734 te
1531 2664 1839 2755 Spira‘bunt
1869 2678 1984 2738 dae-

349 2755 568 2831 monia,
591 2757 691 2817 sed
729 2759 903 2819 etiam
923 2759 1222 2822 daemones
1250 2762 1630 2842 blasphemia:
1659 2784 1857 2825 amara
1888 2769 1980 2824 in-

347 2841 503 2902 vidia
533 2843 592 2904 in
627 2853 680 2906 te
721 2845 1049 2923 insurgent.
1107 2841 1413 2925 Praeterea,
1447 2852 1767 2913 visibiliter
1797 2862 1856 2917 et
1886 2855 1981 2914 in-

2067 1718 2172 1753 σων
2217 1700 2400 1760 αὖτοὺς
2430 1699 2512 1772 ἧν,
2567 1701 2660 1754 οὒκ
2712 1698 2774 1754 ἂν
2804 1705 2902 1764 τῆς
2947 1702 3115 1756 αύτῶν
3174 1697 3458 1766 ἐπιϐουλῆς
3508 1702 3597 1758 καὶ
3627 1707 3717 1757 τοῦ

2065 1787 2288 1842 θανάτου
2318 1786 2435 1850 τοῦς
2478 1787 2707 1865 βρόχους
2738 1786 3006 1867 ἐξέφυγον.

2152 1866 2263 1950 ,ίδ’.
2319 1873 2648 1952 Ἐναγωνίως
2699 1866 2844 1954 ἔχων
2912 1878 3029 1954 περὶ
3084 1876 3182 1942 τὴν
3240 1875 3544 1955 ἔμπρακτον
3575 1876 3720 1956 φιλο-

2068 1964 2251 2041 σοφίαν
2294 1968 2392 2029 τῆς
2445 1964 2660 2042 ἀρετῆς,
2715 1965 2950 2042 πρόσεχε
3004 1961 3232 2037 ἀκριϐῶς
3281 1979 3402 2026 ταῖς
3447 1973 3555 2022 τῶν
3585 1964 3713 2022 ὁλα-

2064 2053 2215 2129 θρίων
2292 2049 2555 2126 δαιμόνων
2611 2051 2942 2114 ἐπιϐουλαῖς.
3078 2062 3201 2124 Οσῳ
3283 2055 3383 2131 γαρ
3441 2052 3719 2116 ἀναϐάσεις

3144 2138 3190 2195 δι
3199 2143 3451 2216 ατίθεσαι,
3507 2145 3596 2199 καὶ
3662 2145 3720 2198 τὸ

2066 2235 2176 2308 φῶς
2234 2227 2503 2292 αὒξάνεταί
2583 2250 2665 2285 σοι
2736 2231 2798 2284 τὸ
2850 2232 2994 2285 θεῖον
3082 2229 3136 2284 ἐν
3201 2245 3561 2309 προσευχαῖς,
3635 2235 3719 2288 καὶ

2065 2321 2195 2397 πρὸς
2295 2318 2655 2392 ἀποκαλύψεις
2740 2319 2876 2397 ἕρχῇ
2955 2321 3043 2374 καὶ
3125 2321 3379 2383 ὀπτασίας
3465 2319 3718 2398 ἀῤῥήτους

2066 2406 2149 2462 διὰ
2193 2414 2283 2462 τοῦ
2327 2409 2654 2486 ΙΙνεύματος,
2700 2416 2945 2464 τοσουτον
3015 2407 3211 2463 ἐκεῖνοι
3268 2408 3630 2488 ἀνερχόμενόν
3661 2431 3717 2466 σε

2067 2499 2287 2573 ὁρῶντες
2348 2499 2476 2572 πρὸς
2535 2498 2776 2574 ούρανὸν,
2847 2497 3081 2574 τρύζουσι
3152 2498 3272 2559 τους
3361 2497 3578 2562 ὀδόντας
3632 2503 3716 2556 καὶ

2067 2587 2132 2640 τὰ
2201 2590 2298 2650 τῆς
2380 2586 2569 2648 κακίας
2627 2585 2796 2640 αὐτῶν
2865 2583 3175 2642 πολύπλοκα
3236 2583 3414 2641 δίκτδα
3486 2587 3571 2642 ἐπὶ
3629 2591 3714 2645 τὸν

2068 2675 2257 2738 νοητὸν
2310 2673 2435 2751 ἀέρα
2490 2671 2780 2735 σπουδαίως
2856 2672 3189 2732 ἐκτείνουσιν,
3272 2677 3346 2732 Οὔ
3403 2674 3561 2747 μόνον
3618 2679 3714 2755 γάρ

2069 2763 2114 2817 οἰ
2170 2767 2267 2828 τῆς
2326 2761 2598 2835 ἐπιθυμίας
2655 2763 2744 2818 καὶ
2796 2772 2888 2820 τοῦ
2943 2765 3109 2836 θυμοῦ
3158 2760 3467 2840 φιλόσαρκοί
3523 2785 3578 2818 τε
3628 2767 3712 2820 καὶ

2063 2847 2336 2928 θηριώδεις
2390 2851 2525 2905 κατά
2581 2851 2672 2906 τοῦ
2747 2851 3024 2908 πνεύσουσι
3103 2849 3370 2925 δαίμονες,
3427 2850 3555 2906 ἀλλά
3621 2855 3706 2907 καί

2066 2145 2348 2217 προκοπῶν
2411 2141 2482 2203 εἷς
2577 2141 2785 2214 ὑψηλὰς
2873 2141 3060 2219 ἀρετὰς

345 2930 657 2993 visibiliter
684 2953 882 2994 aerem
917 2937 1395 3019 principatusque
1427 2959 1493 3001 ac
1528 2951 1844 3020 potestates
1874 2943 1984 3003 cir-

2076 2941 2114 2994 οἱ
2170 2943 2266 3004 τῆς
2327 2937 2664 3018 βλασφημίας
2697 2939 2870 3017 φθόνῳ
2933 2945 3106 3015 πικρῷ
3162 2960 3243 2994 σοι
3316 2939 3698 3006 ἐπαναστήσον-

347 3021 700 3095 cumvolant,
765 3023 822 3083 in
904 3043 1068 3086 mera
1148 3029 1348 3107 specie
1417 3029 1527 3089 sub
1585 3030 1984 3108 singularibus

344 3107 757 3195 horriﬁcisque
819 3113 1022 3175 l‘ormis
1078 3125 1453 3195 apparentes,
1513 3118 1584 3178 ad
1651 3107 1983 3180 uoci-udum

348 3194 451 3255 tibi
484 3206 763 3276 quantum
799 3201 855 3261 in
907 3221 970 3263 se
1017 3194 1129 3276 est,
1160 3194 1568 3281 ievigilabuut,
1604 3208 1704 3268 sed
1743 3209 1984 3269 mentali

345 3285 595 3346 orationi
627 3290 908 3350 exercitio
941 3292 1173 3370 vigilem
1238 3297 1454 3355 menlis
1511 3296 1750 3356 oculum
1783 3297 1983 3357 inten-

345 3373 514 3466 dens,
548 3376 863 3458 animoque
895 3390 1117 3442 natura:
1176 3385 1658 3463 contemplationi
1690 3386 1984 3466 applicato

343 3460 446 3523 Dei
477 3483 656 3544 opera
688 3468 1000 3542 meditans,
1035 3490 1149 3530 non
1178 3460 1505 3533 timebisvab
1538 3460 1744 3533 eorum
1772 3460 1984 3553 sagitta

347 3553 575 3615 volante
605 3555 662 3616 in
691 3555 810 3635 die,
846 3578 1037 3638 neque
1067 3560 1226 3620 enim
1256 3562 1742 3641 appropinquare
1776 3565 1979 3625 taber-

349 3641 556 3702 naculo
591 3651 686 3704 tuo
745 3646 1041 3718 valebunt,
1103 3667 1137 3708 a
1190 3649 1412 3710 lumine
1474 3649 1577 3710 tibi
1610 3653 1782 3711 insito
1814 3654 1983 3733 quasi

345 3728 530 3808 caligo
561 3733 809 3814 repulsi,
844 3754 911 3795 ac
935 3735 1136 3795 divino
1174 3737 1304 3815 igne
1343 3738 1658 3798 combusti.

425 4085 524 4145 95.
557 4084 812 4165 Spiritus
842 4090 1027 4150 sancti
1059 4091 1303 4170 gratiam
1335 4093 1501 4153 valde
1527 4091 1984 4154 formidantma-

347 4173 487 4251 ligni
519 4175 781 4253 spiritus,
817 4196 882 4238 ac
917 4180 1241 4258 praesertim
1276 4201 1408 4242 cum
1442 4181 1751 4242 abundans
1781 4181 1980 4242 infun-

2076 4177 2261 4257 σφόδρα
2329 4184 2428 4244 τῆς
2483 4180 2735 4257 πονηρίας
2795 4181 2858 4235 τὰ
2932 4180 3206 4254 πνεύματα
3262 4197 3276 4211 ⁸

345 4261 526 4335 ditur,
559 4263 648 4322 vel
702 4265 872 4325 nobis
930 4269 1248 4345 puriliat‘s
1309 4269 1692 4330 meditatione
1725 4289 1984 4350 puraque

343 4354 634 4414 oratione.
664 4355 788 4416 Non
803 4359 1096 4418 ausienim
1115 4362 1984 4442 appropinquaretabernaculo

343 4461 549 4503 eorum
584 4444 682 4524 qui
717 4444 788 4504 ab
820 4445 918 4506 illa
971 4448 1407 4524 illuminantur,
1459 4451 1600 4510 solis
1633 4450 1987 4528 imaginibus

347 4531 756 4612 horrilicisque
807 4535 1139 4610 fragoribus
1187 4551 1240 4598 et
1293 4539 1568 4599 obscuris
1616 4539 1856 4600 vocibus
1888 4561 1989 4601 eos

345 4628 568 4681 terrere
600 4639 668 4682 ac
721 4623 1069 4702 perturbare
1130 4635 1441 4701 conantur,
1501 4635 1558 4688 et
1606 4646 1885 4690 revocare
1914 4629 1986 4690 ab

345 4709 628 4770 exercitio
661 4712 873 4788 vigilia:
904 4725 960 4774 et
1010 4715 1297 4775 orationis
1333 4736 1346 4776 :
1408 4717 1526 4777 imo
1580 4726 1638 4777 et
1689 4737 1789 4777 eos
1821 4719 1984 4778 humi

344 4797 712 4861 dormientes
731 4803 890 4861 nullo
921 4822 1034 4863 non
1054 4804 1404 4866 adoriuntur
1424 4805 1672 4866 artiﬁcio
1701 4827 1716 4876 ;
1749 4817 1801 4866 at
1831 4807 1984 4867 invi-

343 4887 552 4948 dentes
580 4889 668 4950 vel
703 4889 1063 4952 brevissima:
1094 4911 1296 4952 eorum
1358 4912 1389 4954 a
1450 4893 1748 4954 laboribus
1779 4894 1983 4974 quieti,

344 4977 716 5049 insidiantur,
744 4992 796 5039 et
823 4981 1311 5043 convulsionibus
1338 4982 1689 5062 quibusdam
1714 4983 1987 5046 auferunt

343 5084 615 5128 somnum
648 5067 720 5128 ab
753 5069 1019 5148 ipsorum
1055 5073 1267 5143 oculis,
1305 5081 1366 5132 ut
1389 5071 1833 5133 laboriosiorcm
1860 5073 1985 5134 illo-

343 5173 474 5215 rum
509 5155 683 5217 vitam
713 5177 780 5219 ac
813 5159 1019 5222 dolore
1056 5161 1288 5238 plenam
1337 5179 1439 5242 per
1468 5159 1800 5221 istiusmodi
1827 5169 1987 5222 artes

343 5244 620 5306 elliciant.

427 5424 524 5486 96.
563 5430 820 5505 Corpore
863 5427 1063 5489 subtili
1090 5429 1279 5494 induti
1312 5429 1582 5492 videntur
1613 5429 1990 5491 tenebrarum

2063 3047 2173 3086 ται.
2222 3028 2319 3084 Καὶ
2389 3029 2518 3104 πρὸς
2587 3028 2810 3100 τούτοις,
2887 3032 3121 3105 φανερῶς
3180 3048 3237 3083 τε
3289 3029 3372 3082 καὶ
3419 3027 3621 3106 ἀφανῶς
3653 3031 3702 3084 οἱ

2064 3117 2181 3192 περὶ
2237 3118 2326 3171 τὸν
2378 3115 2526 3194 ἀέρα,
2587 3118 2672 3170 καὶ
2730 3116 2825 3178 τὰς
2910 3117 3106 3194 ἀρχὰς,
3183 3117 3271 3170 καὶ
3341 3118 3430 3179 τας
3484 3116 3707 3181 ἐξουσίας

2066 3205 2368 3280 ἱπτάμενοι,
2427 3205 2562 3259 κατᾶ
2617 3206 2908 3284 φαντασίαν
2961 3205 3166 3281 γυμνὴν
3220 3205 3275 3259 ἐν
3332 3203 3491 3269 ἰδέαις
3549 3204 3713 3271 ξέναις

2067 3294 2155 3347 καὶ
2212 3306 2457 3371 φρικταῖς
2523 3291 2954 3372 μεμορφωμένοι,
3027 3294 3100 3354 είς
3157 3293 3386 3350 κάκωσίν
3445 3316 3539 3352 σου
3598 3296 3716 3354 ὅσον

2065 3382 2127 3434 τὸ
2181 3379 2268 3436 ἐπ’
2324 3383 2504 3444 αὐτοῖς
2549 3381 2918 3458 ἐγερθήσονται
2955 3396 2969 3408 ·
3003 3380 3139 3436 ἀλλὰ
3190 3387 3258 3456 τῇ
3315 3389 3470 3460 νοερᾷ
3500 3383 3716 3461 ἐργασίᾳ

2067 3473 2163 3537 τῆς
2194 3471 2498 3548 προσευχῆς
2527 3466 2728 3544 ὄμματι
2760 3470 2878 3532 νοὸς
2910 3469 3186 3547 ἐγρηγόρῳ
3217 3468 3516 3549 ἐνασχολού
3533 3493 3715 3546 μενος,

2066 3561 2153 3613 καὶ
2181 3571 2301 3621 ταῖς
2332 3557 2550 3619 ἐννοίαις
2610 3559 2703 3622 τής
2760 3564 2985 3636 φυσικῆς
3021 3561 3236 3635 θεωρίας
3295 3557 3347 3614 ἐν
3402 3573 3522 3622 τοῖς
3553 3565 3718 3630 ποιη-

2069 3669 2226 3720 μασιν
2294 3645 2599 3720 ἐμμελετῶν
2671 3654 2763 3702 του
2821 3654 2972 3721 Θεοῦ,
3021 3649 3079 3703 ού
3147 3645 3427 3726 φοϐηθήσῃ
3492 3650 3599 3706 ἀπὸ
3629 3661 3719 3710 τοῦ

2066 3735 2250 3811 βέλους
2310 3737 2476 3792 αὗτῶν
2547 3746 2639 3794 τοῦ
2714 3737 3022 3810 πετωμὲνου
3096 3736 3297 3815 ἡμέρας
3375 3753 3387 3766 ⁸
3451 3737 3566 3797 ὠδέ
3621 3741 3718 3818 γὰρ

2065 3831 2143 3898 τῷ
2183 3825 2490 3900 σκηνώματι
2525 3846 2616 3880 σου
2669 3823 2961 3890 πλησιάσαι
3005 3826 3333 3905 ἰσχύσουσιν,
3391 3829 3492 3882 ὑπὸ
3542 3836 3634 3885 τοῦ
3662 3830 3716 3884 ἐν

2067 3914 2146 3969 σοὶ
2176 3915 2348 3994 φωτὸς
2381 3917 2472 3970 οἶα
2504 3913 2689 3976 σκότος
2736 3911 3132 3988 ἐκδιωκόμενοι,
3183 3916 3271 3970 καὶ
3327 3918 3428 3972 ὑπὸ
3458 3927 3552 3976 τοῦ
3580 3918 3716 3974 θείου

2069 4004 2228 4078 πυρὸς
2258 4002 2644 4081 ἐμπιπράμενοι
2657 4047 2671 4062 .

2151 4081 2260 4166 μ’.
2322 4092 2428 4158 Τὴν
2488 4100 2581 4150 τοῦ
2626 4091 2761 4147 θείου
2819 4092 3123 4166 Πνεύματος
3181 4092 3341 4171 χάριν
3397 4091 3713 4153 δεδίττονται

3352 4181 3439 4236 καὶ
3510 4181 3712 4256 μᾶλλον

2067 4267 2192 4323 ὅταν
2250 4267 2512 4332 πλουσίως
2563 4269 2970 4348 ἐπιφοιτήσασα,
3043 4268 3072 4335 ii
3133 4271 3526 4348 καθαιρομένοις
3582 4274 3718 4346 ἡμῖν

2069 4357 2128 4412 ἐκ
2185 4355 2411 4431 μελέτης
2478 4360 2566 4414 καὶ
2618 4361 2846 4437 καθαρᾶς
2905 4365 3237 4438 προσευχῆς,
3309 4363 3396 4427 Μὴ
3437 4359 3717 4436 τολμῶντα

2070 4448 2168 4524 γὰρ
2225 4444 2514 4512 πλησιάσαι
2559 4454 2636 4522 τῷ
2690 4448 3000 4522 σκηνώματι
3056 4455 3160 4504 τῶν
3217 4447 3713 4525 καταλαμπομένων

2070 4535 2292 4609 ἐκε”’θεν,
2345 4536 2530 4610 μόναις
2601 4550 2722 4601 ταῖς
2780 4537 3086 4616 φαντασίαις
3143 4539 3230 4592 καὶ
3298 4550 3415 4600 τοῖς
3469 4537 3714 4618 φοῖεροῒς

2069 4625 2310 4696 κτύποις,
2354 4627 2440 4680 καὶ
2498 4640 2617 4690 ταῖς
2667 4627 2894 4700 ἀσήμοις
2954 4639 3157 4706 φωναῖς
3212 4623 3458 4705 ἐκφοϐεῖν
3512 4631 3600 4683 καὶ
3628 4650 3720 4684 τα-

2069 4713 2275 4791 ράσσειν
2353 4714 2701 4794 ἐπιχειροῦσι,
2762 4717 2850 4770 καὶ
2923 4715 3013 4772 τού
3102 4713 3255 4793 ἔργον
3335 4716 3558 4794 ἀπάγειν
3616 4722 3714 4782 τῆς

2069 4802 2350 4881 ἀγρυπνίας
2407 4807 2494 4860 καὶ
2549 4810 2852 4884 προσευχῆς
2901 4822 2914 4834 ⁸
2983 4803 3118 4860 ἀλλὰ
3191 4806 3276 4859 καὶ
3347 4806 3717 4880 κατεψευσμέ-

2070 4913 2156 4946 νον
2187 4913 2236 4946 τι
2267 4893 2563 4948 ὕπνούντων
2607 4893 2777 4949 αύτῶν
2821 4892 2906 4948 ἐπὶ
2957 4895 3082 4971 γῆς,
3146 4893 3204 4948 ού
3255 4891 3538 4973 φείδονται.
3572 4898 3718 4950 Φθο-

2071 4980 2276 5043 νοῦντες
2327 4979 2379 5034 δὲ
2423 4989 2488 5056 τῇ
2536 4982 2844 5060 βραχυτάτῃ
2888 4989 2990 5036 τῶν
3047 4981 3221 5037 πόνων
3274 4985 3445 5039 αὖτῶν
3475 4982 3718 5037 ἀναπαύ-

2071 5093 2170 5145 σει,
2245 5068 2591 5149 ἐφεδρεύουσι,
2663 5073 2750 5126 καὶ
2825 5083 3095 5144 σπασμοϊς
3172 5091 3306 5126 τισιν
3363 5069 3570 5148 αἴρουσι
3627 5073 3718 5126 τὸν

2068 5160 2228 5216 ὕπνον
2299 5160 2402 5214 ἀπό
2478 5166 2583 5215 τῶν
2666 5159 2939 5239 βλεφάρων
3029 5161 3224 5238 αέτῶν,
3326 5160 3719 5240 ἐπιπονωτέραν

2073 5251 2266 5305 τούτων
2309 5251 2404 5316 τήν
2448 5249 2590 5318 ζωὴν
2638 5250 2725 5304 καὶ
2781 5247 2964 5314 ὀδύνης
3024 5249 3224 5322 μεστὴν
3279 5262 3458 5306 ποιεῖν
3505 5247 3589 5306 διὰ
3614 5256 3720 5305 τὼν

2075 5338 2326 5395 τοιούτων
2357 5337 2764 5412 ἐπινοουμένων,

2159 5417 2304 5503 ζξλ
2357 5425 3082 5502 Ἐνσίι›ματοῦσθαι·δοκοῦσι
3141 5426 3438 5492 λεπτόν-τως
3498 5430 3564 5484 τὰ
3633 5436 3724 5484 τοῦ
