4050 6124
349 292 486 358 έεθν

1360 289 1902 357 PRACTICORUM
1946 289 2284 356 CAPITUM
2330 293 2722 358 CENTURIA
2765 291 2788 356 Ι

3613 292 3752 360 ⁴898

363 427 589 490 σκότους
646 429 941 503 πνεύματα,
988 430 1062 492 ὡς
1125 431 1153 484 6
1209 426 1367 504 λόγος
1424 425 1483 482 ἐκ
1547 427 1728 504 πείρας
1778 427 2023 482 ὑπονοεῖν

2120 423 2433 506 ιωιιιοιιθε,
2458 433 2520 487 ιιι
2540 425 2694 488 ratio
2717 425 2790 487 de
2812 426 3178 507 experientia
3197 429 3499 508 conjicere
3533 437 3747 509 potest,

366 512 578 572 δίδωσιν
627 533 640 546 ⁸
703 517 815 572 εἴτε
893 525 1046 577 τοῦτο
1123 516 1474 596 φαντάζοντα,
1563 516 1664 581 τῆς
1733 517 2022 585 αἰσθήσεως

364 603 867 680 ὑποκλεπτομένης,
938 603 1049 660 εἴτε
1132 606 1218 660 καὶ
1277 607 1348 668 εἰς
1417 613 1570 663 τοῦτο
1652 603 2025 682 κατακριθέντι

369 693 478 749 ἀπὸ
537 695 634 760 τῆς
708 693 873 750 πάλαι
933 693 1268 758 ἐκπτώσεως.
1317 692 1463 760 Πλὴν
1526 691 1672 767 ὅμως
1720 692 2021 767 συμπλέκε-

373 785 492 838 σθαι
557 787 628 858 τῇ
696 782 964 860 ἐναγωνίῳ
1065 783 1332 861 ὲφορμῶσι
1432 787 1610 861 ψυχῇ,
1704 780 2022 860 τρεπομένου

369 872 536 948 αὐτῇς
566 873 697 951 πρὸς
744 871 904 928 ὕπνον
953 881 1043 931 τοῦ
1093 870 1276 930 δούλου
1318 873 1562 947 σώματος
1611 888 1624 902 ⁸
1659 870 1687 925 3
1714 872 1802 927 καὶ
1830 868 2022 945 δοκιμή

367 981 451 1022 τις
483 961 624 1017 εἶναί
697 983 784 1036 μοι
828 960 975 1018 δοκεῖ
1023 965 1231 1040 ψυχῆς,
1287 959 1401 1040 ἄρτι
1460 959 1742 1038 γινομένης
1783 961 2023 1037 ὑπεράνω

367 1050 472 1114 τῆς
520 1058 613 1108 τοῦ
669 1049 913 1124 σώματος
979 1049 1348 1111 ταπεινώτεως
1383 1068 1396 1081 ο
1430 1050 1504 1110 ὡς
1548 1047 1608 1103 ἄν
1655 1048 1718 1102 τὸ
1757 1044 2021 1122 θυμοειδὲς

372 1140 538 1204 αὐτῆς
581 1140 668 1194 καὶ
710 1135 971 1215 ἀνδρεῖον,
1024 1135 1168 1200 ὅπως
1224 1136 1343 1216 ἔχοι
1397 1138 1532 1192 κατὰ
1599 1143 1706 1192 τῶν
1773 1137 2021 1192 τοιούτων

373 1223 698 1306 ἀποδειχθῇ,
782 1224 1134 1282 απειλούντων
1194 1229 1327 1302 αὐτῇ
1383 1227 1447 1282 τὰ
1500 1225 1708 1304 φρικτὰ,
1778 1223 1831 1279 ἐν
1879 1227 2025 1298 θυμῷ

375 1315 464 1369 καὶ
517 1315 678 1389 μανίᾳ
724 1313 899 1390 πολλῇ
933 1331 947 1346 ⁸
995 1317 1135 1382 οἷ’ςὴ
1177 1314 1330 1394 ’έρωτι
1376 1314 1680 1393 τετρωμένη
1730 1321 1880 1386 Θεοῦ,
1937 1320 2024 1374 καὶ

378 1415 505 1466 ταῖς
551 1417 790 1481 γενικαῖς
831 1403 1046 1482 ἀρεταῖς
1104 1402 1491 1478 πεπυκνωμένη
1531 1407 1706 1482 ψυχὴ,
1751 1402 1810 1457 οὔ
1865 1402 2023 1477 μόνον

2107 513 2229 576 sive
2247 533 2470 576 meram
2491 515 2810 576 exhibeant
2824 515 3086 595 speciem
3103 517 3375 579 sensibus
3395 518 3603 582 illusis.
3630 517 3752 580 sive

2105 602 2178 664 ad
2211 605 2324 666 hoc
2345 604 2564 667 fuerint
2593 604 2854 666 damnati
2889 613 3128 684 propter
3151 607 3457 687 antiquum
3487 608 3748 684 lapsum.

2107 691 2403 772 Quidquid
2439 691 2538 762 sit,
2572 709 2708 753 cum
2742 692 2934 753 anima
2987 713 3238 773 pugnam
3267 714 3585 757 conserere
3603 696 3750 756 ado-

2105 781 2358 853 riuntur,
2393 799 2562 842 verso
2607 781 2682 842 ad
2720 800 2995 842 somnum
3047 782 3269 845 famulo
3303 785 3431 863 ejus
3460 803 3748 863 corpore:

2105 867 2284 949 idque
2305 869 2453 929 mihi
2475 869 2708 930 videtur
2733 888 2865 930 esse
2908 870 3186 951 probatio
3209 871 3442 952 animae,
3478 890 3755 935 recemer

2104 976 2284 1037 supra
2310 958 2578 1038 corporis
2609 958 2890 1019 vilitatem
2923 959 3112 1034 elataa,
3139 969 3198 1021 ut
3242 969 3437 1042 pateat
3460 962 3650 1042 qualis
3681 964 3756 1025 sit

2105 1046 2231 1125 ejus
2251 1046 2526 1106 fortitudo
2542 1053 2600 1107 et
2615 1047 2864 1108 virilitas
2880 1048 3164 1110 adversus
3177 1049 3509 1112 istiusmodi
3526 1052 3751 1131 hostes,

2103 1133 2203 1214 qui
2229 1134 2541 1196 horribilia
2600 1134 2712 1214 ipsi
2773 1136 3077 1198 minantur
3139 1157 3272 1198 cum
3325 1137 3413 1200 ira
3463 1149 3524 1202 et
3556 1141 3756 1202 furore

2109 1240 2358 1300 magno:
2394 1241 2543 1302 quos
2575 1222 2814 1303 quidem
2847 1243 3048 1286 amore
3077 1228 3346 1287 vulnerat
3371 1226 3572 1288 divino
3597 1247 3754 1309 prae-

2107 1311 2419 1391 cipuisque
2448 1321 2654 1372 ornata
2711 1311 3046 1387 virtutibus,
3097 1333 3215 1375 non
3267 1315 3459 1376 solum
3492 1335 3754 1396 congruo

2111 1407 2326 1478 pugnat
2357 1401 2576 1474 animo,
2600 1399 2704 1460 sed
2727 1401 2902 1460 etiam
2925 1402 3198 1481 percutit,
3228 1403 3276 1464 si
3294 1403 3427 1484 quis
3447 1405 3521 1465 sit
3545 1424 3756 1467 sensus

377 1499 457 1566 τῷ
535 1491 719 1564 δικαίῳ
805 1493 954 1567 θυμῷ
1026 1491 1414 1564 ἀντιτάσσεται,
1490 1490 1624 1546 ἀλλὰ
1679 1493 1765 1546 καὶ
1846 1491 2026 1546 τύπτει

2120 1489 2170 1548 in
2194 1489 2308 1550 eis:
2330 1488 2549 1569 quippe
2573 1491 3235 1569 quosimmisericorsin
3258 1494 3458 1574 specie
3477 1495 3759 1556 severitas

379 1580 623 1658 τούτους,
669 1579 722 1635 εἴ
753 1602 834 1644 τις
867 1579 919 1636 ἐν
947 1581 1129 1643 αὐτοῖς
1162 1579 1407 1646 αἴσθησις
1452 1579 1506 1636 ἐν
1563 1582 1639 1653 τῷ
1666 1577 1840 1635 δοκεῖν
1870 1578 2027 1659 ἀφει-

2120 1577 2186 1638 ob
2217 1577 2443 1659 lapsum
2479 1579 2757 1658 repulita
2808 1579 3086 1660 primaevo
3136 1581 3456 1664 divinoque
3504 1583 3756 1646 lumine.

377 1665 482 1731 δῶς
531 1669 885 1746 ἀπογεωθεῖσι
930 1675 998 1745 τῇ
1043 1668 1298 1725 ἐκπτώσει
1347 1677 1441 1727 τοῦ
1485 1668 1693 1747 πρώτου
1737 1671 1825 1724 καὶ
1893 1667 2092 1758 θείουΒ

377 1757 576 1836 φωτός.

461 1835 606 1922 4ς’.
644 1848 749 1926 Πρὸ
773 1852 873 1914 τῆς
924 1845 1232 1922 συμπλοκῆς
1285 1847 1373 1902 καὶ
1427 1850 1526 1913 τῆς
1569 1845 1736 1912 ἥττης
1767 1843 2022 1908 πολλάκις

376 1937 424 1990 οἱ
455 1932 696 2010 δαίμονες
765 1939 864 2004 την
921 1935 1167 2003 αἴσθησιν
1239 1941 1336 2002 τῆς
1378 1939 1560 2014 ψυχῆς
1629 1933 2024 2013 ἐκταράττουσι,

381 2025 472 2079 καὶ
515 2025 606 2080 τὸν
655 2023 817 2082 ὕπνον
859 2024 964 2081 ἀπὸ
1004 2030 1111 2080 τῶν
1156 2023 1427 2103 βλεφάρων
1478 2024 1816 2102 ἁρπάζουσιν.
1861 2020 2027 2079 Ἀλλᾶ

377 2113 602 2192 θάρσους
661 2115 747 2169 καὶ
844 2111 1076 2192 ἀνδρείας
1137 2115 1172 2182 ἡ
1246 2113 1348 2170 ὐπὸ
1427 2119 1518 2169 τοῦ
1576 2113 1876 2188 Πνεύματος
1933 2118 2025 2167 τοῦ

381 2202 531 2279 ἁγίου
603 2200 997 2281 πεπληρωμένη
1054 2203 1231 2282 ψυχὴ,
1293 2201 1482 2280 ἀλογεῖ
1516 2201 1611 2276 μὲν
1677 2205 1776 2269 τῆς
1831 2201 2026 2257 τούτων

379 2288 567 2371 ἐφόδου
595 2293 682 2348 καὶ
710 2298 898 2368 πικρᾶς
958 2292 1171 2366 μανίας,
1243 2291 1296 2347 ἐν
1352 2288 1406 2346 δὲ
1461 2297 1538 2364 τῷ
1583 2296 1826 2364 ζωοποιῷ
1883 2289 2028 2365 μόνῳ

379 2381 551 2455 τύπῳ,
597 2381 685 2436 καὶ
713 2386 780 2456 τῇ
829 2379 1102 2450 ἐπικλήσει
1155 2386 1248 2436 τοῦ
1295 2379 1469 2446 Ἰησοῦ
1512 2381 1598 2434 καὶ
1654 2386 1804 2458 Θεου,
1857 2379 1951 2441 τάς
1972 2400 2029 2434 τε

383 2468 669 2549 φαντασίας
727 2472 897 2528 αὗτῶν
954 2465 1171 2548 διαλύει,
1230 2469 1317 2526 καὶ
1368 2469 1580 2530 τούτους
1636 2466 1746 2542 ἅμα
1801 2465 2030 2547 φυγάδας

381 2556 660 2614 ἀποτελεῖ.

470 2635 592 2720 4ἠ’.
669 2647 726 2702 Εἰ
781 2647 845 2701 τὰ
916 2645 1080 2702 σκύλα
1156 2655 1505 2725 προνομεῦσαι
1576 2651 1682 2701 τῶν
1762 2641 2028 2718 πολεμίων

383 2735 720 2809 πνευμάτων,
781 2734 842 2789 ἐκ
898 2739 1192 2814 πρακτικῆς
1251 2733 1460 2800 ἐξῆλθες
1531 2733 1861 2814 φιλοσοφίας,
1935 2732 2030 2811 ὅρα

2193 1846 2292 1909 97.
2326 1845 2478 1907 Ante
2502 1863 2888 1924 congressum
2915 1853 2975 1908 et
3004 1846 3235 1908 cladem
3275 1866 3432 1928 saepe
3463 1847 3756 1911 daemonia

2110 1953 2322 1998 sensus
2352 1933 2566 1995 animae
2594 1933 2853 2007 turbant,
2909 1942 2968 1996 et
3013 1955 3285 1996 somnum
3331 1936 3405 1998 ab
3434 1936 3623 1999 oculis
3652 1955 3753 1998 ra-

2111 2025 2303 2106 piunt,
2363 2021 2478 2084 Sed
2529 2023 2891 2084 confidentia
2939 2032 2999 2084 et
3044 2023 3390 2087 fortitudine
3446 2044 3480 2086 a
3529 2022 3756 2106 Spiritu

2107 2122 2307 2176 sancto
2349 2112 2578 2193 repleta
2609 2113 2829 2192 anima,
2874 2111 3126 2191 despicit.
3172 2114 3418 2174 istorum
3449 2114 3752 2176 incursum

2106 2201 2505 2282 acerbumque
2534 2201 2818 2274 furorem,
2851 2201 2913 2262 in
2951 2202 3202 2282 soloque
3234 2203 3463 2265 vivifico
3493 2203 3660 2284 signo
3691 2212 3752 2266 et

2111 2292 2482 2354 invocatione
2511 2290 2746 2352 Domini
2774 2289 2914 2352 Jesu
2949 2293 3350 2372 phantasmata
3383 2311 3586 2354 eorum
3618 2293 3746 2355 dis-

2111 2381 2266 2462 sipat.
2295 2399 2516 2461 eosque
2545 2381 2720 2442 simul
2753 2381 2813 2441 in
2845 2381 3038 2459 fugam
3071 2384 3384 2444 convertit.

2189 2642 2290 2704 98.
2323 2640 2385 2703 Si
2415 2640 2605 2720 spolia
2653 2639 3016 2720 praedaturus
3066 2638 3538 2701 adversariorum
3571 2639 3749 2720 spiri-

2115 2739 2275 2791 tuum
2309 2749 2341 2790 e
2373 2729 2628 2810 practica
2658 2727 2876 2790 exieris
2911 2727 3305 2808 philosophia,
3334 2727 3470 2788 vide
3500 2736 3558 2789 et
3581 2747 3746 2806 cave,

384 2824 472 2879 καὶ
515 2825 747 2904 πρόσεχε
805 2837 920 2888 τοῖς
973 2823 1157 2888 ὅπλοις
1205 2825 1387 2881 ἑαυτὸν
1439 2823 1687 2880 πάντοθεν
1738 2829 1830 2880 τοῦ
1861 2823 2029 2878 Πνεύ-

2120 2838 2246 2880 cum
2281 2829 2340 2881 te
2372 2827 2554 2879 totum
2607 2817 2790 2879 armis
2843 2815 3098 2896 Spiritus
3155 2817 3340 2878 sancti
3397 2815 3747 2878 accinxeris.

387 2935 552 2989 ματος
583 2903 926 2977 καθοπλίσας.
986 2911 1150 2977 Οἶδας
1207 2914 1306 2993 γὰρ
1373 2914 1528 2968 τίνων
1584 2915 1649 2968 τὰ
1714 2913 1874 2978 σκεύη
1931 2912 2029 2989 ἀρ-

2120 2905 2350 2967 Etenim
2394 2905 2511 2966 scis
2561 2922 2814 2985 quorum
2859 2921 2997 2964 vasa
3045 2903 3310 2984 diripere
3359 2903 3584 2984 cupias,
3620 2923 3753 2966 nam

387 3002 554 3057 πάσαι
625 3002 991 3080 προεθυμήθης
1049 3017 1062 3030 ⁸
1129 2992 1398 3077 πολεμίων
1473 3000 1570 3076 μὲν
1626 2998 1761 3056 ἀλλὰ
1830 3005 2029 3066 νοητῶν

2120 3003 2322 3056 contra
2352 2995 2551 3064 hostes
2581 2993 2846 3074 quidem,
2877 2992 2986 3054 sed
3018 2992 3355 3072 spirituales
3385 3001 3443 3054 et
3483 2993 3754 3071 incorpo-

382 3091 472 3146 καὶ
525 3089 788 3170 ἀσάρκων,
851 3093 878 3146 ὁ
935 3091 1066 3164 μετὰ
1122 3091 1368 3165 σώματος
1418 3088 1493 3145 ἔτι
1545 3096 1621 3170 τῄῷ
1677 3088 1887 3165 βασιλεῖ
1927 3094 2029 3144 τῶν

2120 3102 2272 3164 reos,
2308 3092 2367 3144 tu
2398 3083 2593 3144 adhuc
2614 3101 2861 3163 corpore
2883 3081 3126 3144 indutus
3147 3082 3255 3144 sub
3278 3101 3420 3162 rege
3440 3081 3754 3162 spirituum

383 3157 697 3252 πνευμάτων
754 3157 842 3234 καὶ
899 3179 1013 3252 Θεῷ
1056 3179 1482 3258 στρατευόμενος.
1560 3157 1688 3235 ιἸσθι
1775 3179 1876 3257 γὰρ
1955 3179 2028 3238 ὡς

2120 3181 2174 3234 et
2203 3157 2326 3236 Deo
2356 3171 2597 3234 militas.
2631 3157 2794 3234 Scito
2826 3171 2987 3232 enim
3019 3189 3122 3232 eos
3149 3157 3558 3251 acrius'quam
3585 3179 3758 3232 antea

385 3268 694 3346 πικρότερον
749 3266 785 3333 ἢ
855 3266 1105 3346 πρότερον
1183 3267 1610 3346 ἐκστρατεύσουσι
1693 3267 1828 3322 κατὰ
1911 3272 2024 3344 σοῦ,

2120 3268 2319 3322 contra
2348 3269 2404 3322 te
2430 3269 2813 3342 pugnaturos,
2873 3260 3152 3341 variaque
3199 3259 3628 3337 excogitaturos
3657 3259 3758 3320 ad-

387 3356 476 3412 καὶ
533 3353 721 3413 πολλοὶ
777 3368 898 3419 ταῖς
957 3357 1091 3412 κατὰ
1170 3363 1265 3413 σοῦ
1336 3357 1648 3434 γενήσονται
1699 3370 1976 3435 μηχαναῖς
2011 3374 2028 3390 ·

2120 3367 2316 3412 versus
2347 3358 2406 3412 te
2434 3357 2869 3430 strategemate,
2903 3349 3096 3410 donec
3143 3351 3234 3412 vel
3279 3347 3467 3430 spolia
3498 3366 3755 3428 recupe-

389 3442 491 3506 ἕως
523 3444 557 3512 ἢ
608 3443 852 3509 λαθόντες
897 3444 950 3500 Ev
994 3451 1071 3519 τῷ
1119 3445 1184 3500 τὰ
1239 3443 1402 3501 σκύλα
1457 3442 1863 3524 προσαπολύειν.
1901 3445 2029 3519 μετὰ

2120 3439 2306 3503 rando
2338 3439 2590 3501 inscium
2623 3447 2678 3500 te
2695 3439 2869 3501 simul
2893 3458 3027 3501 cum
3061 3439 3151 3500 his
3176 3438 3467 3519 captivum
3500 3438 3755 3517 rapiant,

385 3534 586 3590 τούτων
618 3555 676 3589 σε
733 3533 1057 3613 δορυάλωτον
1114 3533 1483 3613 ἀφαρπάσωσι,
1543 3535 1632 3590 κκὶ
1687 3531 1890 3599 πολλῆς
1939 3555 2029 3589 πι-

2120 3527 2420 3608 multaque
2449 3527 2842 3589 amaritudine
2871 3528 3129 3588 animam
3160 3536 3316 3588 tuam
3347 3525 3640 3605 repleant,
3667 3525 3756 3613 vel

385 3623 534 3701 κρίας
591 3623 686 3690 τὴν
735 3612 919 3703 ψυχήν
966 3645 1058 3679 σου
1115 3612 1491 3702 πληρώσωσιν,
1544 3620 1580 3688 ἥ
1636 3635 1825 3687 κακοῖς
1854 3643 1912 3678 σε
1953 3619 2029 3678 καῖ

2123 3617 2292 3678 malis
2323 3627 2378 3678 te
2444 3616 2797 3697 molestique
2853 3617 3137 3697 dejiciant
3194 3614 3638 3703 tentationibus,
3683 3612 3758 3676 ad

389 3711 667 3790 ὁδυνηροῖς
737 3701 1172 3768 καθυποϐάλλωσι
1235 3701 1584 3790 πειρασμοῖς,
1658 3712 1728 3774 εἰς
1780 3710 2029 3766 σκώλοπι

2121 3706 2536 3786 ﬂagellandam
2568 3725 2808 3768 carnem
2839 3713 2994 3766 tuam
3027 3705 3202 3785 eique
3230 3701 3592 3765 nocendum.

386 3799 486 3866 τῆς
517 3801 708 3878 σαρκὸς
737 3821 830 3856 σου
853 3802 939 3856 καὶ
968 3801 1222 3859 κάκωσιν.

474 3879 587 3965 46’.
622 3890 693 3946 Ού
747 3886 957 3944 δύναται
1013 3889 1166 3966 πηγὴ
1223 3888 1392 3966 ἀγαθὴ
1451 3887 1657 3962 νάματα
1714 3885 1918 3964 θολερὰ]
1947 3889 2029 3942 καὶ

2195 3883 2292 3946 99.
2330 3886 2462 3947 Νοη
2489 3891 2676 3963 potest
2702 3885 2826 3944 fons
2856 3883 3048 3944 bonus
3095 3881 3252 3943 rivos
3288 3879 3560 3944 emittere
3593 3882 3757 3943 luto-

391 3975 564 4049 ὀξώδη
622 3977 903 4056 πηγάζειν,
961 3976 1092 4043 ὕλης
1135 3976 1395 4052 κοσμικῆς
1467 3975 1796 4032 ἀποπνέοντα
1845 3991 1857 4004 ⁸
1915 3972 2029 4030 οόδέ

2120 3989 2210 4033 sos
2239 3972 2568 4052 fetidosque
2599 3986 2658 4034 et
2693 3973 2898 4034 mundi
2939 3973 3139 4033 faecem
3193 3970 3534 4051 spirantes;
3564 3989 3760 4051 neque

389 4064 572 4144 καρδία
601 4065 752 4129 ἐκτὸς
781 4071 875 4132 τῆς
922 4065 1189 4142 βασιλείας
1234 4066 1360 4120 οὖσα
1416 4069 1528 4120 τῶν
1572 4064 1820 4144 οὖρανῶν,
1853 4065 2029 4142 ῥεῖθρα

2120 4060 2618 4140 animusaregno
2673 4063 2956 4123 ccelorum
3007 4061 3282 4122 exsulans
3337 4068 3565 4122 scatere
3629 4061 3760 4122 vitae

390 4161 534 4226 ζωῆς
587 4176 717 4212 ποτε
760 4157 895 4221 θείας
953 4151 1237 4233 ἐκϐλύζειν,
1317 4152 1532 4210 εύωδίαν
1605 4155 1766 4232 μύρου
1843 4160 2029 4219 νοητοῦ

2120 4149 2327 4211 divinae
2358 4151 2596 4211 ﬂuentis
2655 4169 2891 4212 suavem
2935 4149 3325 4230 spiritualium
3358 4148 3606 4210 odorum
3635 4148 3758 4210 fra-

391 4243 795 4319 ἀναπέμποντα.
856 4245 996 4313 Μήτι
1065 4243 1186 4322 γὰρ,
1262 4244 1443 4323 φησὶν,
1501 4244 1536 4310 ἡ
1594 4242 1748 4319 πηγὴ
1813 4240 1877 4296 ἐκ
1933 4245 2029 4309 τῆς

2120 4237 2404 4317 grantiam
2439 4239 2800 4300 balantibus.
2837 4243 3011 4314 Nam,
3044 4250 3107 4302 ut
3142 4238 3365 4299 dictum
3395 4248 3503 4319 est,
3545 4261 3567 4296 ιι
3595 4257 3762 4300 num-

392 4334 554 4399 αὐτῆς
598 4333 734 4400 ὀπῆς
764 4332 904 4411 βρύει
934 4333 994 4387 τὸ
1037 4330 1201 4409 γλυκὺ
1257 4333 1346 4388 καὶ
1393 4333 1452 4387 τὸ
1483 4332 1668 4410 πικρὸν
1697 4351 1712 4410 ;
1762 4331 1850 4398 Μὴ
1879 4329 2029 4387 δύνα-

2122 4327 2260 4408 quid
2292 4327 2423 4388 fons
2449 4328 2524 4389 de
2553 4329 2762 4390 eodem
2793 4328 3081 4390 foramine
3133 4345 3404 4389 emanam
3432 4327 3669 4389 dulcem
3699 4337 3761 4391 et

391 4443 479 4476 ται
522 4421 680 4498 βάτος
751 4419 927 4483 ἐλαίας
984 4419 1223 4493 ποιησαι,
1273 4420 1308 4487 ἢ
1359 4418 1616 4496 βαλάνους
1673 4419 1863 4499 ἐλαία;
1930 4417 2029 4476 06'-

2121 4434 2380 4476 amaram
2413 4417 2684 4497 aquam?)l
2709 4417 2740 4477 ‘?
2771 4443 2795 4472 ιι
2831 4415 3126 4498 Numquid
3154 4425 3350 4498 potest
3379 4415 3561 4478 rubus
3579 4416 3761 4478 olivas

393 4533 499 4574 τως
530 4509 644 4568 οὖδὲ
691 4509 845 4586 πηγὴ
893 4509 988 4584 μία
1037 4505 1270 4587 καρδίας,
1323 4511 1551 4586 πονηρὸν
1597 4511 1687 4564 καὶ
1735 4509 1923 4587 ἀγαθὸν
1955 4507 2039 4564 ἐπὶ

391 4601 455 4655 τὸ
486 4597 610 4656 αὖτὸ
657 4611 834 4654 τεκεῖν
880 4598 1057 4672 νόημα
1089 4616 1104 4630 °
1151 4593 1271 4651 ἀλλ’
1303 4599 1332 4652 6
1376 4596 1471 4672 μὲν
1525 4596 1716 4674 ἀγαθὸς
1770 4596 2038 4674 ἄνθρωπος

394 4688 455 4743 ἐκ
507 4694 598 4743 τοῦ
639 4687 833 4766 ἀγαθοῦ
876 4689 1134 4760 θησαυροῦ
1184 4691 1283 4752 τῆς
1351 4683 1562 4764 καρδίας
1621 4685 1776 4741 αὐτοῦ
1833 4684 2033 4765 ἐκφέρει

393 4778 460 4832 τὰ
518 4776 686 4854 ἀγαθά
719 4795 734 4811 ⁸
769 4779 796 4832 6
837 4773 892 4831 δὲ
949 4776 1178 4853 πονηρὸς
1235 4773 1296 4829 ἐκ
1345 4781 1438 4830 τοῦ
1489 4783 1721 4853 πονηροῦ
1776 4777 2036 4853 θησαυροῦ

393 4870 494 4931 τῆς
521 4862 730 4943 καρδίας
792 4864 946 4920 αὐτοῦ
998 4863 1200 4942 ἐκφέρει
1238 4864 1304 4918 τὰ
1358 4864 1588 4944 πονηρὰ,
1648 4863 1922 4944 κατᾶθτην
1948 4870 2040 4920 τοῦ

397 4954 581 5033 Κυρίον
593 4955 813 5033 Δφωνήν.

476 5024 548 5120 ρ’,
592 5024 793 5120 Ὥσπερ
823 5040 1069 5098 ἀδύνατον
1109 5039 1282 5100 ἐλαίου
1332 5041 1419 5097 καὶ
1476 5043 1636 5119 πυρὸς
1695 5040 1814 5097 ἄνευ
1843 5039 2039 5121 λύχνου

397 5132 656 5212 καίεσθαι,
687 5133 775 5186 καὶ
829 5132 1026 5211 φαίνειν
1070 5144 1188 5194 τοῖς
1240 5130 1292 5188 ἐν
1334 5137 1402 5208 τῇ
1447 5131 1603 5210 οἰκίᾳ,
1651 5131 1786 5187 οὕτω
1825 5132 1913 5187 καὶ
1942 5135 2038 5206 ψυ-

399 5223 512 5302 χὴν
559 5221 843 5302 ἀμήχανον
901 5219 1021 5278 ἄνευ
1064 5223 1200 5278 θείου
1243 5222 1544 5296 Πνεύματος
1589 5223 1677 5278 καὶ
1730 5224 1912 5296 πυρὸς,
1972 5223 2038 5278 τὰ

399 5314 518 5367 θεῖα
589 5310 895 5389 τρανότερον
977 5309 1310 5391 φθέγγεσθαι,
1357 5311 1444 5365 καὶ
1513 5309 1752 5388 φωτίζειν
1831 5311 2038 5390 ἀνθρώ-

398 5421 554 5465 πους,
602 5405 710 5456 Πᾶν
739 5400 838 5476 γὰρ
865 5395 1087 5478 δώρημα
1145 5396 1366 5474 τέλειον,
1421 5395 1614 5454 ἄνωθέν
1662 5397 1803 5454 ἐστιν
1845 5398 1904 5456 ἐκ
1945 5406 2038 5456 τοῦ

480 5581 530 5624 δι
562 5582 684 5646 Jac.
719 5597 809 5658 ιιι,
841 5581 938 5643 Η.
1024 5579 1078 5624 ³2
1103 5578 1304 5644 Matth.
1336 5594 1444 5657 xu,
1469 5581 1508 5641 3
1539 5579 1620 5654 5;
1654 5581 1800 5644 Luc.
1832 5595 1914 5662 vr,
1945 5580 2050 5644 45.

2119 4505 2338 4585 facere,
2362 4505 2715 4583 autglandes
2732 4507 2928 4569 oliva?
2950 4509 3034 4569 lta
3067 4523 3175 4569 nec
3207 4525 3360 4568 unus
3390 4506 3522 4568 fons
3565 4505 3762 4568 cordis

2118 4592 2308 4654 bonas
2333 4602 2391 4655 et
2419 4595 2600 4655 malas
2631 4594 2788 4656 circa
2823 4595 2980 4659 idem
3013 4595 3342 4676 producere
3377 4603 3569 4675 potest
3597 4594 3759 4674 cogi-

2118 4682 2371 4743 tationes
2399 4682 2540 4754 ;sed
2579 4708 2604 4739 α
2631 4683 2821 4745 bonus
2839 4685 3016 4746 homo
3039 4684 3113 4746 de
3136 4684 3288 4745 bono
3321 4685 3601 4745 thesauro
3633 4701 3760 4745 cor-

2121 4771 2213 4833 dis
2244 4771 2334 4832 sui
2386 4773 2606 4852 profert
2658 4772 2835 4848 bona,
2897 4781 2953 4835 et
3013 4773 3202 4835 malus
3259 4773 3435 4833 homo
3484 4772 3557 4833 de
3603 4772 3759 4833 malo

2124 4861 2400 4922 thesauro
2432 4861 2628 4923 cordis
2657 4863 2746 4924 sui
2781 4862 3004 4943 profert
3030 4863 3222 4944 ‘mala,
3263 4886 3289 4918 »
3320 4861 3495 4941 juxta
3526 4859 3762 4922 Domini

2120 4967 2331 5010 vocem
2351 4949 2435 5012 53.

2203 5039 2338 5102 100.
2387 5039 2553 5100 Sicut
2582 5058 2698 5101 non
2731 5047 2921 5121 potest
2951 5039 3082 5101 sine
3105 5039 3236 5101 oleo
3269 5047 3326 5100 et
3356 5037 3490 5116 igne
3519 5036 3765 5100 lucerna

2122 5128 2390 5204 accendi,
2427 5137 2484 5190 et
2513 5128 2758 5190 illucere
2783 5128 2856 5189 iis
2904 5128 3002 5209 qui
3027 5136 3164 5190 sunt
3193 5129 3252 5189 in
3293 5127 3493 5199 domo,
3527 5126 3614 5187 sic
3644 5145 3764 5187 non

2123 5228 2313 5301 potest
2341 5221 2539 5281 anima
2589 5220 2720 5282 sine
2765 5220 2962 5283 divino
3009 5221 3232 5302 Spiritu
3276 5227 3334 5281 et
3387 5219 3522 5297 igne
3568 5219 3764 5280 divina

2121 5309 2279 5371 clare
2299 5327 2365 5371 ex
2375 5309 2598 5390 plicare
2610 5309 2975 5371 etillustrare
2989 5307 3525 5372 homines.Etenim
3546 5329 3575 5367 ι
3589 5325 3766 5369 omne

2121 5398 2340 5461 donum
2360 5398 2683 5480 perfectum
2703 5398 3014 5460 desursum
3029 5406 3139 5474 est,
3154 5396 3527 5462 descendens
3543 5415 3576 5458 a
3593 5399 3765 5460 Patre
