4050 6124
357 285 477 349 899
1659 278 1960 348 ΝΙΟΕΤᾹΞ

2062 283 2430 346 ECTORATI

358 419 647 482 luminum
680 417 756 497 (in
780 415 1118 479 mercedem
1153 416 1366 477 animae
1405 415 1590 478 Deum
1628 415 1952 499 diligentis)

2062 426 2188 476 ,τῶν
2244 421 2433 500 φώτων
2499 420 2722 495 Πατρὸς,
2785 413 3251 494 ἐπιϐραϐευόμενον
3315 412 3463 485 πάσῃ
3521 404 3784 500 (pix-00"?

356 509 511 590 apud
546 527 720 590 quem
741 526 857 568 non
885 515 975 566 est
999 505 1183 584 (juxta
1201 523 1432 566 sacrum
1456 505 1784 584 oraculum)
1802 516 1998 568 trans-

358 598 603 658 mutatio
637 616 746 658 nec
777 593 1196 656 vicissitudinis
1215 593 1622 657 obrumliratio
1641 596 1726 656 55.
1766 620 1792 652 ι

1137 781 1184 788 -
1204 781 1496 790 ._-.—-—————.-.

2083 493 2293 588 ψυχῂ”
2328 505 2452 586 παρ’
2494 511 2540 582 ᾦ
2579 493 2677 562 οὒκ
2723 505 2818 581 ἔνι,
2869 493 3004 561 κατὰ
3058 507 3120 560 τὸ
3175 503 3381 580 λόγιον,
3413 493 3774 575 παραλλαγῆ

2080 604 2168 653 καὶ
2199 598 2397 676 τροπῆς
2428 597 2766 670 ἀποσκίασμα
2778 639 2791 653 .

1533 924 1880 1054 ΤΟΥ
1980 922 2561 1055 ΑΥΤΟΥ

760 1195 1258 1279 ΔΕΥΤΕΡΑ
1347 1195 1835 1277 ΦΥΣΙΚΩΝ
1929 1195 2572 1281 ΚΕΦΑΛΑΙΩΝ

2662 1191 3321 1278 ΕΚΑΤΟΝΤΑΣ

1446 1404 1592 1456 ΠΕΡΙ
1638 1403 1769 1454 ΤΗΣ
1816 1404 1941 1453 ΤΟΥ
1986 1403 2160 1454 ΝΟΟΣ
2209 1406 2630 1460 ΚΑΘᾹΡΣΕΩΣ.

1732 1788 2354 1898 EJUSDEM

769 2032 1488 2116 PHYSICORUM
1581 2031 2068 2114 CAPITUM
2139 2030 2700 2115 CENTURIA
2788 2027 3290 2114 SECUNDA

1580 2219 1676 2278 DE
1721 2216 2214 2279 PURGATIONE
2257 2216 2482 2279 ANIMI

416 2587 474 2646 l.
499 2583 864 2664 Principium
898 2582 1114 2643 amoris
1146 2581 1249 2643 Dei
1298 2590 1388 2642 est
1417 2581 1734 2643 visibilium
1769 2584 1982 2644 huma-
2010 2593 2045 2640 Β

335 2691 661 2752 narumque
680 2690 880 2732 rerum
903 2672 1216 2751 despectus
1243 2690 1258 2745 ;
1288 2671 1549 2732 medium
1576 2690 1736 2745 vero,
1772 2672 1972 2733 cordis

334 2769 392 2825 et
422 2762 607 2823 animi
639 2759 928 2840 purgatio.
958 2777 1024 2820 ex
1047 2778 1160 2838 qua
1184 2760 1514 2838 procedunt
1535 2761 1858 2840 spiritualis
1890 2759 1980 2820 in.

335 2849 756 2914 tellectualium
787 2849 1097 2910 oculorum
1123 2848 1375 2928 apertio.
1404 2847 1810 2910 etabsconditi
1830 2849 1984 2909 intra

332 2957 440 2999 nos
465 2938 634 3016 regni
666 2939 767 2998 Dei
819 2935 1075 3014 cognitio
1108 2956 1122 3010 ;
1155 2935 1287 2996 linis
1320 2935 1598 3016 denique,
1657 2938 1981 2998 vehemens

331 3025 698 3088 desiderium
731 3025 1265 3105 supernaturalium
1298 3025 1404 3086 Dei
1433 3026 1750 3098 donorum,
1781 3035 1838 3087 et
1870 3046 1975 3088 na-

334 3116 539 3177 turalis
559 3113 850 3196 appetitus
871 3113 1168 3175 societatis
1202 3132 1336 3175 cum
1371 3117 1516 3190 Deo,
1541 3133 1670 3194 qua:
1691 3122 1780 3175 est
1814 3114 1977 3195 ipsa-

339 3213 464 3266 met
493 3204 550 3264 in
585 3222 652 3263 eo
679 3203 869 3283 quies.

410 3293 470 3355 2.
494 3291 605 3354 Ubi
629 3311 796 3352 amor
820 3290 922 3352 Dei
947 3302 1006 3352 et
1025 3291 1420 3371 spiritualium
1444 3309 1644 3353 rerum
1679 3291 1972 3372 operatio,

329 3389 387 3444 et
416 3380 846 3442 inaccessibilis
877 3380 1025 3441 lucis
1049 3379 1444 3460 participatio,
1472 3381 1554 3441 ibi
1579 3380 1972 3460 potentiarum

328 3471 542 3532 anima:
593 3489 722 3549 pax,
774 3469 1107 3549 mentisque
1160 3469 1452 3549 purgatio,
1512 3479 1570 3530 et
1625 3470 1974 3531 inhabitatio

327 3566 550 3620 sancta;
579 3557 908 3619 Trinitatis.
961 3557 1194 3618 Etenim
1231 3582 1255 3612 «
1293 3557 1392 3638 qui
1445 3557 1632 3636 diligit
1666 3576 1781 3627 me,
1809 3557 1974 3620 Chri-

323 3657 446 3709 stus
475 3647 686 3727 inquit,
730 3665 1071 3708 sermonem
1122 3664 1318 3708 meum
1374 3647 1656 3721 servabit,
1715 3655 1772 3707 et
1802 3645 1976 3708 Pater

326 3754 492 3797 meus
510 3735 884 3814 diligeteum,
909 3744 966 3796 et
1014 3736 1085 3796 ad
1118 3753 1251 3796 eum
1272 3733 1601 3810 veniemus,
1629 3743 1687 3795 et
1705 3735 1970 3796 mansio-

325 3843 460 3886 nem
493 3826 646 3905 apud
681 3843 816 3886 eum
854 3824 1238 3886 faciemus“.
1279 3852 1301 3881 ο

402 3915 462 3975 3.
494 3915 641 3975 Tres
674 3913 831 3974 novit
860 3913 1008 3974 ratio
1053 3921 1239 3974 status
1286 3913 1438 3988 vitae,
1475 3913 1799 3988 carnalem,
1831 3914 1962 3976 ani-

324 4002 536 4062 malem
571 4009 628 4062 et
656 4002 1051 4082 spiritualem.
1106 4001 1329 4062 llurum
1378 4004 1789 4084 unusquisque
1822 4022 1964 4083 pro-

323 4091 516 4169 prium
551 4089 724 4152 habet
754 4090 1077 4152 exsistendi
1113 4091 1426 4152 modumin
1449 4110 1512 4153 se
1537 4091 1877 4152 distinctum
1911 4099 1969 4153 et

319 4178 393 4239 ab
422 4178 554 4240 aliis
584 4179 962 4240 dissimiiem.

400 4269 460 4329 4.
494 4267 758 4330 Carnalis
780 4267 911 4328 vitae
933 4276 1118 4329 status
1143 4275 1295 4328 totus
1320 4268 1714 4348 voluptatibus
1735 4276 1796 4331 et
1828 4287 1970 4349 praa-
2001 4341 2006 4346 Α

321 4355 506 4416 sentis
536 4354 670 4415 νίιω
699 4356 931 4416 deliciis
961 4356 1199 4416 deditus
1221 4364 1330 4430 est,
1359 4356 1505 4416 nihil
1539 4357 1810 4418 animalis
1839 4358 1967 4437 spi-

321 4443 672 4522 ritualisque
706 4453 891 4506 status
922 4444 981 4504 in
1009 4462 1071 4505 se
1091 4443 1339 4516 habens,
1365 4446 1794 4526 autacquirere
1827 4447 1969 4506 ulla-

322 4539 494 4592 tenus
521 4535 744 4596 volens.
778 4532 1091 4614 Animalis,
1116 4533 1285 4612 quasi
1333 4533 1534 4593 vitium
1586 4548 1650 4596 et
1691 4535 1966 4596 virtutem

316 4619 698 4699 interjacens,
744 4619 815 4682 ad
872 4639 1071 4682 curam
1126 4620 1558 4701 sanitatemque
1608 4622 1873 4702 corporis
1903 4631 1962 4686 et

316 4710 389 4770 ad
413 4710 644 4771 laudem
677 4710 992 4770 humanam
1023 4709 1299 4788 intendit,
1333 4712 1553 4788 pariter
1581 4711 1814 4772 labores
1836 4711 1958 4772 vir-

316 4798 454 4858 tutis
513 4801 843 4870 excutiens,
897 4808 956 4860 et
1006 4816 1186 4879 Opera
1233 4797 1462 4876 fugiens
1513 4799 1732 4872 carnis,
1766 4820 1959 4881 neque

310 4885 533 4961 virtuti,
570 4905 762 4967 neque
791 4887 928 4948 vitio
963 4886 1336 4964 incumbens,
1391 4895 1632 4965 propter
1661 4891 1960 4968 oppositas

312 4974 427 5034 sibi
460 4975 711 5036 invicem
747 4993 955 5036 causas
991 4995 1152 5047 ;non
1201 4975 1420 5047 virtuti,
1459 4983 1698 5055 propter
1725 4977 1956 5056 asperi-

317 5071 495 5124 tatem
526 5065 656 5144 ejus
713 5064 888 5125 simul
938 5073 995 5125 et
1038 5064 1479 5140 difﬁcultatem;
1537 5082 1654 5124 non
1685 5065 1847 5145 vitio,
1883 5085 1957 5127 ne

2148 2573 2223 2644 α’.
2259 2581 2431 2661 Ἀρχή
2491 2583 2601 2656 μὴν
2657 2581 2870 2659 ἀγάπης
2922 2588 3076 2659 Θεοῦ,
3147 2585 3252 2634 τῶν
3301 2578 3586 2657 ὁρωμένων
3630 2601 3693 2633 κα

2057 2672 2386 2750 ἀνθρωπίνων
2457 2669 2780 2748 πραγμάτων
2832 2671 2864 2736 ἡ
2912 2669 3296 2748 καταφρόνησις
3370 2686 3382 2699 ”
3458 2667 3703 2742 μεσότηςὶ

2063 2763 2142 2837 δὲ,
2203 2762 2416 2843 καρδίας
2473 2764 2560 2819 καὶ
2622 2765 2740 2825 νοὸς
2782 2763 3050 2840 κάθαρσις,
3080 2761 3130 2826 ἐξ
3197 2763 3263 2827 ἧς
3301 2764 3337 2829 ἡ
3395 2762 3547 2839 νοερὰ
3601 2766 3700 2814 τῶν

2067 2860 2273 2920 νοητῶν
2329 2851 2611 2933 ὀφθαλμῶν
2681 2849 3034 2930 ἀποκάλυψις,
3077 2853 3164 2906 καὶ
3205 2851 3239 2917 ἡ
3297 2850 3569 2926 ἐπίγνωσις
3601 2848 3692 2915 τῆς

2061 2941 2429 3022 κεκρυμμένης
2473 2940 2526 2996 ἐν
2567 2942 2703 3014 ἡμῖν
2750 2940 2856 2996 τῶν
2917 2944 3146 3018 οὐρανῶν
3202 2937 3459 3014 βασιλείας
3494 2954 3506 2966 ·
3537 2935 3680 3022 τέλος

2060 3029 2136 3110 δὲ,
2164 3020 2169 3022 ⁷
2197 3031 2559 3110 ἀκατάσχετος
2604 3028 2734 3108 ’ἐρως
2795 3029 2898 3084 τῶν
2930 3029 3060 3106 ὑπὲρ
3108 3028 3258 3107 φύσιν
3304 3034 3389 3082 τοῦ
3422 3030 3544 3081 Θεοῦ
3571 3020 3674 3080 δω-

2059 3127 2213 3199 ρεῶν,
2285 3123 2371 3176 καὶ
2413 3119 2606 3200 φυσικῆ
2677 3119 2918 3192 ἐπιθυμία
2979 3118 3074 3185 τῆς
3155 3118 3288 3192 μετὰ
3345 3123 3468 3174 Θεοῦ
3525 3134 3678 3169 συνα-

2060 3210 2207 3288 φείας
2251 3209 2409 3288 οςότῆς
2440 3214 2537 3275 τῆς
2585 3207 2637 3264 ἐν
2670 3207 2810 3280 αὒτῷ
2838 3206 3240 3268 καταπαύσεως,

2137 3288 2211 3374 β’.
2263 3279 2421 3356 τὃπου
2471 3295 2598 3375 ἔρως
2645 3305 2800 3369 Θεοῦ,
2856 3297 2941 3350 καὶ
2991 3301 3098 3350 τῶν
3127 3301 3330 3360 νοητῶν
3375 3292 3690 3371 πραγμάτων

2056 3388 2091 3454 ἡ
2159 3387 2393 3465 ἐργασία,
2455 3387 2542 3442 καὶ
2609 3388 2644 3453 ἠ
2717 3386 2961 3460 μετουσία
3020 3390 3113 3439 τοῦ
3167 3383 3448 3460 ἀπροσίτου
3499 3381 3690 3460 φωτός²

2057 3476 2170 3532 ἐκεῖ
2229 3482 2334 3532 τῶν
2419 3475 2688 3550 δυνάμεων
2756 3479 2854 3540 τῆς
2899 3473 3079 3552 ψυχῆς
3155 3473 3360 3550 εἰρήνη,
3413 3473 3504 3527 καὶ
3575 3473 3690 3552 νοὸς

2055 3566 2325 3643 κάθαρσις,
2373 3567 2460 3618 καὶ
2512 3567 2548 3632 ἡ
2621 3562 2882 3630 ἐνοίκησις
3080 3561 3228 3638 ἁγίας
3285 3557 3527 3640 Τριάδος.
3580 3583 3606 3613 α
3645 3551 3695 3616 ’0

2055 3653 2155 3732 γὰρ
2184 3653 2404 3730 ἀγαπῶν
2448 3673 2534 3726 με,
2599 3654 2751 3732 φησὶ,
2785 3654 2874 3708 τὸν
2921 3649 3076 3728 λόγον
3134 3672 3234 3725 μου
3275 3649 3524 3728 τηρήσει,
3556 3649 3695 3704 καὶὸ

2057 3744 2238 3822 Πατήρ
2284 3763 2383 3816 μου
2431 3741 2698 3818 ἀγαπήσει
2757 3743 2934 3810 αὒτὸν,
2971 3741 3056 3794 καὶ
3097 3741 3227 3817 πρὸς
3272 3740 3426 3794 αὐτὸν
3481 3736 3692 3792 ἐλευσό-

1989 3841 2029 3889 C
2054 3835 2208 3906 μεθα,
2253 3832 2342 3886 καὶ
2371 3831 2539 3905 μονὴν
2567 3827 2691 3908 παρ’
2722 3834 2862 3904 αὐτῷ
2902 3831 3222 3902 ποιήσομεν.
3279 3851 3302 3883 ι

2175 3911 2185 3927 .
2267 3911 2280 3930 .
2545 3916 2568 3936 ρ,
3200 3917 3210 3936 .
3448 3923 3471 3932 -

2129 3944 2205 3998 γ.
2285 3929 2438 3998 Τρεῖς
2483 3935 2624 3974 ο”οεν
2681 3921 2708 3974 ὁ
2763 3917 2920 3995 λόγος
2979 3937 3328 3978 καταστασεις
3383 3937 3476 3972 του
3527 3916 3638 3991 βίου
3672 3935 3683 3946 ’

2050 4011 2325 4089 σαρκικῆν,
2374 4008 2636 4086 ψυχικὴν,
2693 4009 2781 4063 καὶ
2811 4008 3196 4080 πνευματικήν.
3257 4005 3464 4063 Τούτων
3495 4004 3686 4069 ἑκάστη

2049 4100 2148 4165 τὴν
2207 4099 2397 4154 οἰκείαν
2457 4096 2573 4177 ἔχει
2631 4093 2854 4152 διάθεσιν
2909 4100 3007 4162 τῆς
3089 4095 3233 4166 ζωῆς
3290 4092 3684 4172 διακεκριμένην

2049 4189 2177 4266 πρὸς
2207 4187 2418 4261 ἑαυτὴν,
2449 4188 2536 4242 καὶ
2565 4191 2669 4241 τῶν
2694 4184 2866 4246 ἄλλων
2896 4185 3169 4259 ἀνόμοιον.

2128 4266 2196 4334 δ’.
2247 4267 2307 4331 ’Π
2364 4275 2620 4353 σαρκικην
2646 4281 2738 4329 τοῦ
2793 4274 2904 4349 βίου
2959 4273 3278 4336 κατάστασις
3337 4271 3438 4338 ὅλη
3468 4269 3682 4326 καθόλου

2047 4366 2175 4444 πρὸς
2248 4363 2436 4432 ἡδονὰς
2505 4364 2592 4418 καὶ
2675 4360 2989 4424 ἀπολαύσεις
3041 4361 3136 4428 τῆς
3226 4362 3493 4440 παρούσης
3547 4358 3680 4430 ζωῆς

2052 4453 2406 4532 καταγίνεται,
2471 4450 2636 4527 μηδὲν
2690 4451 2726 4517 ἢ
2785 4450 2887 4505 ἀπὸ
2943 4449 3037 4516 τῆς
3095 4455 3334 4530 ψυχικῆς
3415 4447 3679 4506 καταστά-

2051 4564 2207 4622 σεως,
2241 4542 2276 4610 ἢ
2338 4542 2443 4598 ἀπὸ
2497 4547 2594 4608 τῆς
2639 4544 2998 4615 πνευματικῆς
3041 4561 3170 4617 προς
3227 4541 3417 4606 ἑαυτὴν
3462 4537 3676 4616 ἔχουσα,

2049 4631 2084 4698 ἢ
2177 4630 2274 4685 κᾶν
2343 4629 2478 4694 ὅλως
2577 4627 2870 4706 βουλομένη
2958 4631 3408 4707 προσκτήσασθαι.
3514 4622 3575 4683 Ἠ
3629 4624 3680 4681 δὲ

2042 4721 2273 4800 ψυχικὴ,
2350 4720 2588 4798 μεθόριός
2658 4741 2739 4780 τις
2843 4719 2971 4774 οὖσα
3067 4720 3252 4780 κακίας
3319 4719 3406 4773 καὶ
3467 4718 3678 4796 ἀρετῆς,

2040 4813 2170 4889 πρὸς
2240 4810 2338 4876 τὴν
2435 4815 2526 4865 τοῦ
2618 4808 2864 4882 σώματος
2961 4806 3265 4881 ἐπιμέλειαν
3363 4808 3450 4862 καὶ
3527 4807 3678 4884 ῥὼσιν

2041 4901 2157 4976 ὁρᾷ,
2204 4899 2291 4954 καὶ
2347 4900 2476 4977 πρὸς
2532 4899 2622 4952 τὸν
2680 4895 2892 4952 ἔπαινον
2943 4897 3047 4952 τῶν
3105 4895 3386 4974 ἀνθρώπων
3423 4912 3436 4925 '
3498 4895 3677 4959 ἐπίσης

2039 4989 2158 5049 τούς
2213 5007 2269 5042 τε
2327 4988 2518 5049 πόνους
2577 4984 2934 5059 ἆποσειομὲνη
2995 4990 3093 5051 τῆς
3135 4984 3350 5062 ἀρετῆς,
3424 4986 3510 5040 καὶ
3589 4983 3678 5042 τὰς

2039 5075 2248 5154 πράξεις
2309 5076 2568 5155 φεύγουσα
2613 5081 2712 5141 τῆς
2764 5074 2954 5152 σαρκός
2992 5089 3003 5102 ⁸
3040 5075 3116 5148 μὴ
3169 5073 3524 5152 προσκειμένη
3580 5094 3676 5127 κα-

309 5153 620 5214 amittatur
677 5154 980 5214 hominum
1041 5153 1420 5216 existimatio.
1477 5151 1810 5232 Spiritualis
1849 5155 1956 5216 de-

2062 5165 2146 5236 ιία,
2193 5163 2228 5231 ἢ
2273 5164 2458 5242 ἀρετῇ,
2510 5161 2592 5218 διὰ
2647 5165 2740 5226 τὰς
2799 5163 2852 5218 ἐν
2911 5164 3094 5227 αὐταῖς
3153 5161 3446 5226 ἀντιθέτους
3491 5163 3674 5228 αἰτίας,

310 5261 469 5302 mum
501 5243 634 5305 vitae
690 5251 874 5304 status
923 5244 1174 5304 duorum
1235 5243 1499 5323 priorum
1559 5242 1708 5304 nihil
1739 5243 1957 5307 habere

307 5331 450 5404 vult,
486 5340 544 5392 et
573 5332 781 5394 ambos
803 5332 883 5393 ita
905 5333 1092 5394 malos
1116 5333 1360 5395 minime
1385 5331 1631 5412 appetit,
1666 5334 1770 5394 sed
1803 5343 1958 5397 totus

307 5417 380 5480 ab
411 5429 660 5502 utroque
707 5438 954 5503 prorsus
1005 5422 1178 5500 liber,
1240 5419 1643 5499 deargentatis
1695 5423 1953 5487 Charita-

386 5585 439 5628 ³³
469 5586 592 5650 Jac.
627 5606 668 5665 ι,
703 5589 800 5650 17.
889 5589 942 5630 ³4
968 5588 1140 5652 Joan.
1170 5605 1292 5666 xxv,
1324 5588 1425 5653 23.

2040 5253 2222 5331 ἀρετῇ,
2286 5253 2405 5331 μὲν,
2464 5251 2548 5308 διὰ
2594 5253 2655 5307 τὸ
2707 5253 2878 5331 τραχὺ
2934 5252 3128 5318 ταύτης
3189 5254 3321 5326 ὁμοῦ
3362 5252 3450 5306 καὶ
3490 5249 3675 5306 ἐπίπο-

2041 5363 2126 5398 νον
2158 5357 2175 5375 ⁶
2209 5343 2367 5413 κακίᾳ
2423 5340 2500 5413 δὲ,
2561 5338 2643 5396 διὰ
2700 5343 2760 5396 τὸ
2819 5341 2896 5416 μὴ
2953 5337 3345 5418 προσαπολέσαι
3415 5341 3537 5404 τοὺς
3578 5339 3678 5396 τῶν

2047 5430 2332 5509 ἀνθρώπων
2404 5431 2667 5494 ἐπαίνους,
2736 5421 2796 5484 Ἠ
2883 5427 2937 5485 δὲ
3001 5429 3332 5504 πνευματικὴ
3413 5436 3504 5485 τοῦ
3573 5429 3679 5504 βίου

3657 264 3789 328 900

3977 5491 3986 5788 ἱ

3977 5821 3988 6011 ι
