4050 6124
338 290 453 355 901

1326 289 1813 357 PHYSICORUM
1853 282 2188 355 CAPITUM
2226 289 2614 357 CENTUBIA
2659 295 2714 356 II

3586 289 3706 357 902

332 428 659 492 κατάστασις
713 428 911 486 τούτων
967 430 1065 505 μὲν
1150 428 1294 487 οὐδὲν
1350 430 1467 487 οὸτε
1539 427 1687 509 ’ἐχειν
1755 432 1979 508 αἱρεῖται

2081 425 2138 485 is
2188 424 2796 508 impassibilitatisque
2824 427 3034 507 pennis
3079 428 3289 490 ambos
3339 426 3700 508 supervolat,

334 517 454 574 οὔτε
510 518 640 596 πρὸς
697 515 832 598 οὕτω
872 519 1011 575 κακὰ
1081 519 1447 596 καταγίνεσθαι
1512 518 1579 575 τὰ
1652 518 1924 598 ἀμφότερα
1971 541 1983 552 ·

340 602 464 662 ἀλλ’
496 604 598 673 ὅλη
657 597 730 662 δι’
782 605 910 664 ὅλου
971 607 1237 688 ἐλεύθερός
1306 607 1417 664 ἐστι
1475 607 1673 676 ταῦτης
1714 597 1987 684 κάκείνης,

336 694 550 775 πτέρυξι
660 697 1130 777 περιηργυρωμένη
1228 697 1442 775 ἀγάπης
1550 699 1637 754 καὶ
1714 698 1986 768 ἀπαθείας,

341 784 739 865 ὓπεριπταμένη
829 793 935 843 τῶν
1040 786 1372 866 ἀμφοτέρων,
1479 789 1616 863 μήτε
1690 787 1988 866 πράττουσα

341 894 394 928 τι
419 878 525 929 τῶν
573 873 1041 953 ἀπηγορευμένων,
1094 876 1181 932 καὶ
1235 875 1334 942 τὴν
1377 873 1560 954 ἀργίαν
1616 875 1986 955 ἀποφεύγουσα

342 983 450 1017 των
478 983 661 1019 κακων
669 1009 684 1024 .

423 1040 471 1106 ε’
498 1053 559 1108 Οἱ
586 1058 848 1131 σαρκικῶς
894 1059 1111 1125 ζῶντες,
1160 1055 1249 1110 καὶ
1303 1051 1439 1110 πολὺ
1507 1056 1569 1110 τὸ
1621 1060 1720 1121 τῆς
1792 1056 1982 1134 σαρκὸς

341 1139 587 1224 φρόνημα
661 1139 990 1217 ἐπικείμενον
1073 1141 1128 1197 ἐν
1200 1143 1412 1206 ἑαυτοῖς
1479 1141 1717 1224 ἔχοντες,
1790 1145 1979 1223 σάρκες

338 1220 663 1309 αὒτόχρημα
690 1227 861 1310 ὄντες,
894 1234 954 1289 οῦ
996 1228 1235 1289 δύνανται
1286 1231 1469 1310 ἀρέσαι
1513 1238 1629 1307 Θεῷ
1664 1252 1676 1265 ⁸
1704 1220 1983 1290 ⁷σκοτεινοὶ

340 1318 442 1397 γάρ
471 1320 570 1374 εἰσι
624 1332 741 1382 τοῖς
797 1320 1121 1400 φρονήμασι,
1163 1323 1252 1377 καὶ
1292 1326 1400 1379 τῶν
1454 1321 1677 1378 ἀκτίνων
1727 1330 1821 1380 τοῦ
1846 1322 1983 1379 θείου

342 1408 518 1485 φωτὸς
548 1407 761 1463 πάντων
816 1406 1102 1489 ἀμέτοχοι.
1148 1411 1224 1467 Τὰ
1271 1411 1371 1489 γὰρ
1409 1410 1820 1490 ἐπιπροσθοῦντα
1850 1411 1981 1490 νέφη

341 1501 451 1552 τῶν
528 1499 732 1573 παθῶν,
812 1497 990 1577 ὥσπερ
1069 1497 1250 1573 ὑψηλά
1340 1517 1498 1579 τείχη
1582 1499 1988 1580 ἀποτειχίζοντα

344 1582 565 1665 ἔχοντες
623 1587 716 1650 τὰς
773 1584 1116 1662 λαμπηδόνας
1175 1595 1267 1645 τοῦ
1319 1589 1638 1665 πνεύματος,
1700 1589 1987 1670 ἀφώτιστοι

344 1673 668 1748 διαμένουσι.
719 1674 886 1753 Πηροὶ
941 1673 996 1731 δὲ
1052 1677 1145 1740 τὰς
1206 1678 1468 1747 αἰσθήσεις
1516 1676 1658 1743 ὄντες
1713 1683 1818 1735 τῶν
1848 1676 1987 1735 ἰδίων

2073 514 2220 575 nihil
2278 514 2438 577 vetiti
2484 515 2598 579 sibi
2646 514 2954 597 permittit,
3003 524 3062 578 et
3108 517 3381 579 inertiam
3438 517 3583 596 fugit
3610 517 3702 578 vi-

2071 602 2310 667 tiorum.

2147 1049 2206 1111 5.
2239 1047 2349 1120 Qui
2374 1049 2927 1122 carnalitervivunt,
2971 1067 3212 1111 sensum
3258 1050 3561 1113 carnalem
3588 1051 3707 1114 im-

2068 1145 2404 1198 manentem
2429 1137 2488 1199 in
2511 1137 2727 1219 seipsis
2750 1138 3056 1204 babentes.
3082 1157 3217 1201 cum
3237 1140 3355 1201 sint
3378 1157 3517 1202 vere
3545 1159 3705 1215 caro,

2067 1223 2302 1304 placere
2331 1228 2457 1289 Deo
2487 1237 2789 1307 nequeunt
2812 1244 2826 1289 :
2849 1227 3161 1289 tenebrosi
3181 1228 3343 1289 enim
3373 1237 3512 1290 sunt
3539 1229 3705 1308 cogi-

2066 1312 2407 1388 tationibus,
2442 1322 2502 1377 et
2528 1315 2806 1376 omnibus
2836 1316 3018 1377 divini
3073 1317 3315 1378 luminis
3367 1318 3554 1380 radiis
3583 1318 3708 1399 pri-

2067 1401 2202 1462 vati.
2228 1400 2506 1482 Objectas
2528 1402 2686 1465 enim
2719 1404 3106 1483 cupiditatum
3133 1404 3400 1487 nebulas,
3425 1406 3583 1469 velut
3599 1425 3706 1470 ex-

2071 1490 2233 1552 celsa
2261 1492 2960 1555 mmniailluminationes
2988 1493 3241 1575 Spiritus
3271 1495 3709 1577 intercipientia

2070 1580 2382 1662 habentes,
2441 1581 2573 1643 sine
2629 1581 2855 1642 lumine
2902 1593 3235 1646 remanent.
3300 1589 3492 1665 Atque
3520 1585 3712 1649 orbati

2071 1668 2325 1749 propriae
2355 1669 2569 1731 animae
2595 1670 2893 1751 sensibus,
2946 1690 3065 1733 non
3099 1680 3345 1752 possunt
3372 1673 3712 1754 spirituales

346 1766 561 1842 ψυχῶν.
608 1765 669 1822 οὐ
722 1758 962 1819 δύνανται
1006 1764 1137 1843 πρὸς
1194 1765 1261 1821 τὰ
1310 1766 1475 1832 νοητὰ
1522 1764 1697 1833 κάλλη
1738 1772 1830 1823 τοῦ
1860 1766 1990 1823 Θεοῦ

2081 1756 2179 1819 Dei
2202 1758 2674 1839 pulchritudines
2698 1757 2989 1840 aspicere,
3017 1770 3076 1820 et
3102 1760 3303 1822 lumen
3325 1760 3528 1824 videre
3557 1781 3712 1826 verae

345 1850 649 1932 ἀνανεῦσαι,
723 1852 811 1909 καὶ
852 1853 914 1908 τὸ
943 1859 1055 1932 φῶς
1104 1851 1234 1911 ἰδεῖν
1302 1859 1401 1919 τῆς
1450 1853 1704 1923 ἀληθινῆς
1745 1862 1822 1930 τῷ
1877 1854 1987 1912 ὄντι

344 1940 505 2013 ζωῆς,
580 1942 669 1997 καὶ
734 1942 978 2021 ὑπεράνω
1064 1942 1303 2021 γενέσθαι
1336 1968 1337 1973 η
1376 1950 1481 2002 τῶν
1561 1944 1842 2024 ὑρωμένων
1890 1946 1988 2012 τῆς

341 2029 734 2096 ταπεινώσεως.
792 2028 943 2087 Ἀλλ’
1019 2035 1138 2089 οἷον
1191 2032 1649 2100 ἀποκτηνωθέντες
1716 2035 1805 2090 καὶ
1887 2032 1984 2090 αἴ-

345 2123 530 2187 σθησις
586 2121 862 2201 γεγονότες
918 2128 1011 2180 τοῦ
1103 2123 1326 2199 κόσμου,
1398 2136 1514 2189 τοῖς
1568 2125 1840 2191 αἰσθητοῖς
1900 2127 1988 2181 καὶ

347 2209 690 2289 ἀνθρωπίνοις
777 2212 1071 2291 πράγμασι,
1158 2214 1220 2267 τὸ
1305 2218 1398 2268 τοῦ
1466 2211 1627 2290 λόγου
1711 2211 1987 2289 δεσμοῦσιν

345 2295 572 2374 ἀξίωμα,
642 2301 730 2356 καὶ
788 2302 878 2358 τὸν
940 2301 1122 2381 ἀγῶνα
1193 2303 1365 2358 πάντα
1442 2303 1571 2381 πρὸς
1626 2303 1695 2359 τά
1748 2303 1989 2381 ὁρώμενα

347 2388 439 2444 καὶ
490 2387 801 2468 φθειρόμενα
860 2387 1098 2469 ἔχουσιν,
1153 2388 1407 2461 ἀλλήλοις
1461 2388 1543 2446 διὰ
1599 2398 1762 2447 ταῦτα
1802 2392 1989 2472 μαχό-

2073 1845 2270 1923 magni
2298 1846 2464 1908 Entis
2483 1847 2636 1928 vitae,
2654 1866 2723 1908 ac
2742 1848 3194 1928 supereminere
3227 1849 3548 1913 visibilium
3572 1852 3709 1914 vili-

2071 1934 2195 1999 tati.
2231 1941 2304 1997 At
2333 1936 2513 1999 veluti
2527 1936 2823 2017 jumentis
2842 1936 3179 2011 assimilati,
3199 1955 3500 2018 sensuque
3532 1959 3709 2004 mun-

2071 2023 2260 2086 danus
2272 2025 2489 2099 effecti,
2503 2024 2894 2088 sensibilibus
2913 2026 3306 2108 humanisque
3326 2027 3708 2110 rebusdigni-

2072 2120 2250 2175 tatem
2285 2113 2535 2175 rationis
2562 2113 2877 2195 captivant,
2902 2126 2962 2176 et
2991 2115 3155 2176 omni
3186 2115 3342 2178 lucta
3370 2118 3625 2182 visibilia
3656 2129 3717 2184 et

2070 2201 2451 2282 coruptibilia
2477 2210 2784 2283 appetunt,
2814 2222 3018 2266 secum
3069 2202 3324 2267 invicem
3357 2207 3429 2268 ad
3463 2225 3534 2269 ea
3564 2227 3714 2271 con-

2072 2289 2375 2371 sequanda
2394 2300 2740 2371 pugnantes,
2778 2299 2836 2351 et
2865 2310 2970 2372 pro
2993 2291 3088 2355 his
3109 2292 3427 2374 aliquando
3450 2301 3719 2377 proprias

2075 2379 2304 2440 animas
2344 2388 2658 2460 ponentes,
2711 2379 3085 2443 adhaerentes
3136 2382 3379 2464 divitiis,
3429 2384 3633 2464 gloriae
3661 2394 3720 2451 et

352 2467 527 2556 μενοι,
574 2478 660 2534 καὶ
700 2478 830 2557 ὑπὲρ
880 2467 985 2536 τῶν
1041 2481 1291 2537 τοιούτων
1346 2476 1452 2536 ἔσθ’
1497 2478 1585 2536 ὅτε
1615 2481 1703 2537 καὶ
1735 2482 1828 2546 τὰς
1870 2479 1994 2546 ἰδίας

2081 2467 2275 2557 carnis
2303 2467 2731 2557 voluptatibus,
2749 2476 2804 2529 et
2827 2486 3105 2557 magnum
3126 2469 3407 2533 damnum
3434 2472 3722 2537 habentes

352 2555 534 2645 ψυχὰς
589 2555 832 2642 τιθέντες,
881 2568 1232 2649 ἀντεχόμενοι
1287 2569 1609 2648 χρημάτων,
1657 2567 1834 2643 δόξης,
1909 2571 1994 2626 καὶ

2081 2556 2281 2618 talium
2311 2574 2511 2619 rerum
2530 2555 2940 2619 amissionem.
2964 2555 3088 2618 Hos
3107 2558 3558 2642 convenienter,
3583 2568 3718 2624 tan-

349 2652 557 2723 ἦδονῶν
611 2656 709 2723 τῆς
770 2658 982 2737 σαρκὸς,
1011 2645 1127 2713 ’καὶ
1178 2645 1372 2732 ζημίαν
1445 2645 1687 2736 μεγάλην
1735 2659 1834 2724 τὴν
1888 2664 1994 2714 τῶν

2081 2664 2252 2727 quam
2283 2666 2358 2737 e_x_
2376 2663 2628 2727 persona
2641 2645 2772 2737 Dei,
2789 2647 3113 2737 prophetas
3134 2647 3227 2709 his
3247 2649 3566 2737 alloquitur
3584 2670 3717 2714 ver-

350 2745 599 2801 τοιούτων
648 2732 948 2826 ἀποτυχίαν
966 2732 1296 2825 ’ἡγούμενομ
1358 2747 1493 2823 Πρὸς
1530 2732 1609 2802 οὐ
1662 2746 1879 2810 εἰκότως
1924 2749 1994 2813 ὡς

2081 2734 2211 2796 bis:
2252 2760 2275 2791 α
2311 2733 2442 2797 Non
2473 2743 2672 2797 manet
2700 2732 2957 2815 Spiritus
2987 2754 3154 2798 meus
3181 2737 3243 2799 in
3277 2736 3386 2815 eis,
3416 2741 3556 2820 quia
3580 2760 3717 2804 caro

351 2832 413 2888 ἐκ
440 2832 724 2912 προσώπου
771 2840 864 2891 τοῦ
910 2842 1042 2894 Θεοῦ
1095 2835 1157 2890 τὸ
1199 2836 1528 2915 προφητικὸν
1583 2833 1759 2892 ἐκεῖνο
1816 2834 1996 2914 λόγιον
2080 2836 2220 2890 sunt
2242 2830 2327 2891 35.
2364 2853 2392 2885 ι

357 2918 592 2999 λέγεται,
670 2944 696 2979 ί
731 2924 804 2982 Ob
854 2923 933 2999 μὴ
1005 2923 1169 2998 μείνει
1238 2924 1300 2979 τὸ
1343 2923 1555 2999 Πνεῦμά
1610 2946 1709 3000 μου
1775 2923 1829 2981 ἒν
1883 2938 2001 2990 τοῖς

350 3009 644 3088 ἀνθρώποις
670 3012 897 3092 τούτοις,
931 3010 1014 3068 διὰ
1042 3013 1099 3068 τὸ
1132 3013 1273 3070 εἶναι
1307 3013 1492 3075 αὐτοὺς
1520 3012 1739 3092 σάρκας,
1776 3036 1804 3069 ι

431 3089 537 3173 ς’,
570 3102 631 3157 Οἱ
689 3089 934 3182 ψυχικῶς
962 3108 1181 3176 ζῶντες,
1239 3104 1327 3158 καὶ
1368 3099 1452 3159 διὰ
1479 3089 1632 3159 τοῦτο
1680 3102 1994 3179 καλούμενοι

2087 3180 2099 3182 A
2166 3094 2226 3156 6.
2259 3092 2371 3167 Qui
2393 3094 2566 3157 vitam
2590 3096 2816 3159 ducunt
2837 3097 3176 3172 animalem,
3203 3097 3456 3180 ideoque
3484 3100 3715 3163 anima-

357 3192 606 3268 ψυγιχοὶ,
687 3172 954 3267 ημίμωροί
1038 3172 1193 3271 τίνες,
1257 3193 1343 3247 καὶ
1422 3193 1494 3257 ὡς
1574 3172 1881 3270 παρειμένδι
1937 3172 1994 3253 τᾶ

2085 3180 2174 3271 les
2195 3182 2494 3253 dicuntur.
2529 3186 2841 3250 suntvelut
2860 3187 3101 3268 quidam
3123 3172 3414 3250 semifathi
3439 3198 3498 3251 et
3526 3209 3719 3252 mem-

354 3278 499 3355 μέλη
557 3279 900 3358 τυγχάνουσι,
987 3281 1125 3356 μήτε
1167 3270 1385 3338 πονέσαι
1458 3279 1589 3337 ποτὲ
1628 3282 1757 3360 ὑπὲρ
1803 3283 1994 3360 ἡρετῆς

2084 3270 2208 3333 bris
2238 3271 2489 3354 debiles,
2523 3277 2647 3354 qui,
2679 3282 2743 3336 ut
2774 3275 3012 3338 labores
3034 3294 3137 3356 pro
3154 3276 3366 3339 virtute
3392 3286 3451 3339 et
3481 3280 3720 3341 manda-

355 3368 444 3423 καὶ
514 3365 731 3434 ἐντολῆς
789 3373 919 3424 Θεοῦ
987 3368 1457 3446 προνθυμούμενοι,
1539 3370 1626 3424 καὶ
1666 3371 1758 3436 τὰς
1810 3370 1994 3446 ἐπιψό-

2081 3368 2273 3422 torum
2307 3362 2719 3426 observatione
2749 3383 2866 3426 non
2889 3365 3203 3441 sustinent,
3229 3366 3319 3427 sic
3348 3371 3722 3447 reprehensi-

354 3478 484 3535 γους
539 3453 749 3536 πράξεις
789 3454 873 3512 διὰ
923 3456 1022 3523 τὴν
1090 3463 1195 3514 τῶν
1279 3456 1563 3536 ἀνθρώπων
1607 3456 1756 3525 δόξαν
1814 3459 1995 3542 ἐκφεύ-

354 3565 541 3625 γοντες
575 3565 588 3577 ’
611 3543 854 3625 φιλαυτία
910 3542 965 3600 δὲ
1021 3550 1089 3621 τῇ
1155 3552 1331 3626 τροφῷ
1385 3551 1490 3601 τῶν
1542 3545 1786 3625 ὀλεθρίων
1814 3553 1995 3605 παθῶν

351 3635 855 3713 κατακρατούμενοι,
934 3634 1110 3700 πάσης
1183 3633 1480 3714 θεραπείας,
1548 3632 1633 3692 διὰ
1673 3636 1772 3704 τὴν
1820 3638 1994 3715 ὑγείαν

352 3723 444 3778 καὶ
470 3721 759 3779 ἀπόλαυσιν
815 3722 910 3789 τῆς
960 3724 1177 3803 σαρκὸς,
1225 3722 1613 3783 ἀντιποιοῦνται
1658 3741 1673 3756 ·
1706 3727 1793 3782 καὶ
1821 3732 1994 3783 πᾶσαν

351 3809 553 3891 θλίψιν,
624 3813 713 3868 καὶ
802 3810 974 3868 πάντα
1038 3811 1219 3886 πόνον,
1283 3812 1373 3868 καὶ
1420 3818 1592 3868 πᾶσαν
1647 3814 1996 3871 κακοπάθειαν

352 3900 485 3979 ὑπὲρ
542 3900 752 3979 ἀρετῆς,
825 3899 1181 3979 ἀποσείονται,
1264 3902 1325 3956 τὸ
1395 3899 1650 3975 πολέμιον
1709 3901 1843 3981 πέρα
1907 3909 1998 3960 τοῦ

353 3987 562 4054 δέοντος
627 3986 1001 4051 ἐπιθλλποντες
1060 3994 1241 4064 σῶμα.
1300 3987 1451 4046 Οὕτω
1497 3986 1552 4044 δὲ
1578 3989 1692 4065 βίου
1717 3992 1805 4047 καὶ
1846 3990 1998 4069 ἀγω-

354 4079 461 4155 γῆς
506 4074 743 4157 ἔχοντες,
841 4076 1186 4155 ἀπογεοῦνται
1268 4078 1358 4133 τὸν
1429 4085 1571 4157 νοῦν,
1640 4092 1756 4144 τοῖς
1813 4079 1997 4136 πάθεσι

358 4164 717 4247 παχυνθέντα,
749 4166 837 4223 καὶ
883 4164 1231 4243 ἀπαράδεκτοί
1298 4168 1394 4223 είσι
1450 4172 1555 4223 τῶν
1612 4172 1838 4241 νοητῶν,
1913 4170 2001 4225 καὶ

2080 3448 2229 3512 biles
2260 3459 2428 3513 actus
2483 3460 2724 3532 propter
2777 3454 3084 3515 hominum
3143 3454 3393 3532 gloriam
3443 3457 3719 3534 fugiunt;

2078 3555 2283 3600 amore
2311 3549 2506 3601 autem
2527 3540 2766 3621 proprio
2786 3559 3091 3620 pravarum
3111 3542 3315 3607 fomite
3338 3543 3723 3621 cupiditatum

2078 3625 2237 3700 victi,
2263 3646 2499 3688 omnem
2516 3646 2715 3690 curam
2737 3629 3129 3692 adsauitatem
3148 3631 3722 3715 delectationemque

2078 3713 2276 3777 carnis
2309 3715 2688 3794 impendunt,
2716 3725 2776 3779 et
2804 3735 3041 3778 omnem
3097 3717 3556 3796 tribulationem,
3587 3713 3722 3782 om-

2082 3823 2219 3866 nem
2253 3803 2539 3877 laborem,
2576 3823 2755 3867 omne
2794 3814 3153 3867 tormentum
3191 3825 3297 3887 pro
3363 3807 3573 3870 virtute
3603 3810 3723 3890 pati

2080 3900 2360 3964 renuunt,
2421 3892 2726 3954 inimicum
2780 3894 2910 3973 plus
2953 3912 3121 3974 aequo
3168 3896 3432 3957 foventes
3480 3915 3720 3978 corpus.

2081 3981 2283 4043 Talem
2313 3982 2486 4042 vitam
2510 3988 2567 4043 et
2586 3981 2800 4060 agendi
2823 3981 3111 4043 rationem
3140 3982 3453 4065 habentes,
3486 3985 3721 4048 demer-

2082 4080 2228 4149 gunt
2254 4069 2315 4131 in
2344 4080 2561 4133 terram
2585 4072 2845 4133 animum
2869 4070 3290 4151 cupiditatibus
3310 4073 3722 4151 incrassatum,

2084 4169 2143 4221 et
2168 4175 2382 4239 capere
2409 4166 2712 4241 nequeunt
2741 4159 3036 4239 spiritales
3066 4160 3414 4242 divinasque
3444 4181 3560 4227 res.
3587 4163 3724 4245 qui-

354 4246 510 4312 θείων
538 4254 887 4335 πραγμάτων,
945 4252 1030 4335 ὑφ’
1087 4256 1160 4311 ὧν
1215 4256 1251 4323 ἡ
1306 4256 1458 4335 ψυχή
1512 4257 1611 4323 τῆς
1663 4254 1794 4323 ὕλης
1823 4257 1994 4336 ἁρπά-

2085 4246 2195 4309 bus
2224 4247 2422 4311 anima
2452 4267 2520 4311 ex
2552 4249 2796 4309 materia
2830 4249 3101 4330 eripitur,
3131 4268 3201 4312 ac
3235 4259 3356 4313 toto
3384 4251 3729 4335 intelligibi-

358 4351 529 4418 ζεται,
560 4344 650 4400 καὶ
715 4341 817 4410 ὅλη
871 4345 1001 4421 πρὸς
1072 4344 1292 4410 νοητοὺς
1343 4343 1693 4424 ἐμπεριπολεϊ
1734 4346 1997 4426 οὐρανούς.

360 4441 528 4491 Τοῦτο
569 4430 623 4488 δὲ
667 4432 987 4512 πασχουσιν,
1037 4433 1139 4489 ὑπὸ
1192 4439 1285 4489 τοῦ
1340 4431 1521 4491 ὑλικοῦ
1575 4432 1651 4490 ἔτι
1695 4435 2003 4515 κατεχόμε-

361 4545 447 4581 νοι
517 4522 837 4602 πνεύματος,
884 4523 958 4584 ὡς
1009 4522 1106 4586 τὰς
1158 4519 1289 4585 ἰδίας
1347 4521 1616 4601 φιλοῦντες
1673 4523 1874 4605 ψυχάς,
1921 4528 2011 4584 καί

359 4623 542 4672 ποιεῖν
608 4611 674 4667 τὰ
736 4609 1010 4687 θελήματα
1082 4609 1252 4666 αὒτῶν
1319 4613 1719 4691 προαιρούμενοι
1786 4629 1800 4644 ⁸
1861 4609 2006 4672 κενοί

364 4702 468 4779 γὰρ
524 4697 670 4764 ὄντες
716 4704 1054 4791 Πνεύματοςή
1101 4700 1273 4778 ἁγίου,
1333 4697 1541 4780 ἄμοιροί
1602 4704 1700 4759 εἱσι
1755 4704 1842 4759 καὶ
1898 4710 2002 4761 τῶν

366 4788 718 4870 χαρισμάτων
770 4790 952 4851 αὐτοῦ.
1030 4786 1173 4846 Ὀθεν
1246 4786 1362 4846 οὐδὲ
1437 4792 1638 4870 καρπὸν
1706 4789 1817 4847 ἔστι
1858 4796 2003 4850 θετον

362 4876 504 4935 ίδαϊν
531 4876 584 4933 ἐν
624 4877 830 4951 αὒτοτς,
862 4877 1076 4955 ἀγάπην
1131 4879 1201 4943 εἰς
1244 4880 1375 4934 Θεὸν
1429 4880 1516 4935 καὶ
1569 4880 1660 4935 τὸν
1689 4878 1936 4955 πλησίον,
1968 4881 2005 4949 ἢ

367 4967 542 5049 χαρὰν
600 4964 655 5021 ἐν
711 4968 954 5047 πτωχείᾳ
1004 4968 1093 5024 καὶ
1147 4966 1405 5048 θλίψεσιν,
1462 4967 1500 5036 ἢ
1558 4969 1738 5048 ψυχῆς
1793 4970 2008 5050 εἰρήνην

369 5055 660 5114 ἐνδιάθετον
727 5057 925 5130 πίστιν,
983 5055 1020 5123 ἢ
1074 5056 1410 5134 περιεκτικὴν
1478 5056 1784 5136 ἐγκράτειαν
1837 5079 1848 5090 ·
1888 5056 2006 5115 ἀλλ’

369 5144 486 5204 οὐδὲ
541 5143 837 5222 κατὶνυξιν,
901 5146 937 5213 ἢ
1005 5144 1247 5224 δάκρυον,
1304 5145 1641 5225 ταπείνωσιν,
1711 5149 1799 5203 καὶ
1880 5169 2009 5224 συμ-

367 5238 584 5293 πάθειαν
621 5256 635 5270 '
695 5237 868 5293 πάντα
916 5232 971 5290 δὲ
1029 5231 1187 5311 ὄγκου
1214 5234 1302 5290 καὶ
1357 5234 1708 5316 ὑπερηφανίας
1771 5237 1939 5311 μεστά
1987 5256 2001 5271 ·

368 5325 510 5383 ἔνθεν
538 5346 619 5381 τοι
662 5327 749 5381 καὶ
762 5368 775 5399 γ
808 5321 1110 5400 ἐμϐαθύνειν
1154 5323 1225 5387 εἰς
1269 5321 1337 5378 τὰ
1388 5321 1524 5399 βάθη
1566 5333 1658 5383 τοῦ
1710 5324 2006 5400 πνεύματος

366 5414 580 5472 οἴκοθεν
642 5413 910 5489 δυνάμεως
991 5412 1297 5490 ἀποροῦσιν.
1355 5408 1510 5468 Οὐδὲν
1603 5413 1703 5493 γὰρ
1758 5414 1898 5470 ἐστιν
1954 5415 2006 5473 ἰν

450 5595 517 5647 55
543 5595 691 5660 Gen.
723 5610 786 5654 v1
814 5590 871 5655 3.

2084 4337 2173 4399 les
2205 4337 2494 4400 inhabitat
2543 4338 2749 4401 caelos.
2792 4337 2918 4399 Hoc
2973 4347 3171 4400 autem
3232 4339 3559 4418 patiuntur,
3588 4342 3731 4423 quia

2089 4427 2587 4489 malerialiadhuc
2609 4427 2950 4489 detinentur
2968 4427 3202 4508 spiritu,
3226 4438 3288 4490 ut
3310 4440 3441 4511 pote
3464 4432 3730 4513 proprias

2088 4524 2355 4578 amantes
2379 4516 2634 4593 animas,
2665 4525 2726 4578 et
2782 4516 3082 4598 prepriam
3132 4516 3490 4580 voluntatem
3534 4516 3730 4582 iacere

2090 4607 2329 4670 volunt:
2365 4626 2488 4668 non
2539 4606 2829 4669 habentes
2876 4607 3035 4668 enim
3086 4604 3371 4687 Spiritum
3428 4619 3726 4684 sanctum,

2086 4695 2389 4776 privantur
2417 4695 2599 4757 etiam
2649 4695 2840 4777 ipsius
2892 4695 3366 4757 charismatibus.
3417 4694 3588 4759 Unde
3613 4715 3727 4760 non

2086 4782 2288 4846 videre
2320 4790 2410 4845 est
2436 4784 2497 4844 in
2527 4783 2615 4845 eis
2667 4783 2899 4845 divinos
2944 4782 3195 4856 fructus,
3240 4802 3501 4844 amorem
3532 4782 3641 4845 Dei
3673 4794 3733 4846 et

2089 4871 2366 4954 proximi,
2399 4872 2488 4934 vel
2516 4873 2793 4952 gaudium
2828 4872 2886 4933 in
2923 4879 3266 4952 paupertate
3299 4878 3357 4932 et
3387 4870 3730 4934 tribulatio-

2092 4958 2289 5033 nibus,
2323 4960 2411 5022 vel
2439 4961 2654 5022 animae
2682 4979 2910 5041 pacem,
2944 4960 3034 5021 vel
3076 4959 3369 5019 sinceram
3406 4959 3606 5033 ﬁdem,
3641 4957 3733 5022 vel

2090 5048 2485 5111 universatem
2525 5049 2992 5123 continentiam;
3041 5046 3146 5107 sed
3196 5064 3393 5126 neque
3441 5064 3735 5127 compun-

2091 5142 2375 5218 ctionem,
2408 5140 2494 5203 vel
2527 5142 2838 5222 lacrymas,
2865 5140 2955 5200 vel
2988 5137 3404 5213 humilitatem,
3437 5139 3527 5200 vel
3560 5159 3731 5201 com-

2090 5230 2426 5313 passionem
2457 5250 2472 5303 ;
2496 5232 2698 5292 omnia
2731 5238 2931 5291 autem
2955 5236 3186 5287 tumore
3215 5234 3275 5287 et
3297 5226 3574 5306 superbia
3595 5236 3738 5290 sunt

2089 5320 2304 5402 plena:
2340 5319 2499 5382 unde
2523 5318 2582 5380 in
2606 5319 2899 5400 profunda
2924 5314 3194 5402 Spiritus
3232 5332 3297 5402 se
3326 5316 3636 5395 mergendi
3666 5335 3736 5378 ex

2090 5401 2304 5493 seipsis
2331 5407 2450 5471 vim
2480 5426 2600 5469 non
2630 5406 2870 5470 habent.
2907 5403 3079 5467 Nulla
3102 5401 3264 5464 enim
3285 5401 3432 5484 ipsis
3452 5404 3610 5466 inest
3638 5404 3735 5465 lux
