4050 6124
410 265 536 333 903
1718 260 2025 337 ΝῙΩΕΤίΕ
2068 263 2491 337 ΡΕΟΤΘΒΑΤΙ
3748 274 3862 339 994

429 423 561 486 qua:
576 410 680 466 eos
693 404 872 467 ducat
888 411 1266 482 mentemque
1287 401 1516 481 aperiat
1530 401 1607 464 ad
1630 401 2045 482 Scripturarun

2154 399 2335 462 αὐτοῖς
2392 400 2454 457 τὸ
2506 399 2728 479 ὁδηγοῦν
2759 408 2894 483 φῶς,
2952 407 3039 461 καὶ
3096 404 3364 487 διανοῖγον
3423 410 3544 467 τὸν
3601 416 3737 466 νοῦν
3787 410 3859 470 εἷς

422 492 904 572 intelligentiam.
931 489 1080 565 Quin
1113 489 1287 551 etiam
1327 489 1399 553 ab
1432 490 1551 551 illis
1578 489 1830 552 ducibus
1859 509 1924 553 se
1954 509 2045 557 au-

2147 488 2208 543 τὸ
2265 487 2490 545 συνιέναι
2562 491 2656 554 τὰς
2720 493 2954 573 Γραφάς.
3041 492 3206 552 ’Λλλα
3275 498 3375 577 γὰρ
3432 496 3587 554 οὐδὲ
3668 496 3851 555 ἄλλων

422 582 552 643 dire
585 601 697 642 nou
759 579 1086 662 patiuntur.
1129 577 1300 641 Unde
1355 580 1779 641 convenienter
1806 579 1881 640 de
1937 577 2045 639 isti:

2147 573 2507 654 διηγουμένων
2555 578 2773 639 ἀκοῦσαι
2828 588 2993 639 ταῦτα
3044 573 3356 665 ἀνέχονταιξ
3415 587 3700 650 Εἰκότως
3764 586 3849 643 οὖν

422 673 739 755 Apostolus
769 672 955 735 dixit:
995 697 1018 727 (ι
1055 670 1345 732 Animalis
1369 672 1544 733 homo
1576 692 1692 733 non
1725 671 2045 754 percipite:

2146 665 2233 720 καὶ
2286 667 2401 744 περὶ
2469 673 2577 723 τῶν
2642 669 2891 726 τοίουτων
2934 673 2962 727 ὁ
3032 670 3358 737 Ἀπόστολος
3417 675 3781 754 ἀπεφήνατο
3828 690 3841 702 ⁸

422 750 552 845 quae
584 771 720 823 sunt
749 759 1003 841 Spiritus
1062 760 1207 823 Dei:
1243 760 1486 821 stultitia
1533 760 1691 822 enim
1726 750 1833 823 Vest
1860 750 1969 834 illi,
2005 779 2045 822 ei

2232 774 2255 806 σ
2294 755 2538 832 Ψυχικὸς
2567 750 2837 833 ἅνθρωπος
2868 757 2926 813 οὔ
2954 755 3169 837 δὲχεται
3227 762 3293 816 τὰ
3346 768 3441 818 τοῦ
3471 750 3836 835 Πνεύματος,

420 870 536 913 non
570 859 761 931 potest
790 850 1151 929 intelligere,
1185 848 1323 929 quia
1380 849 1471 911 lex
1501 850 1832 930 spiritualis
1862 860 1971 927 est,
2005 859 2064 913 et

422 940 813 1020 spiritualiter
841 938 1209 1000 examinatur
1225 937 1309 1000 53.

496 1032 556 1092 7.
589 1027 699 1100 Qui
728 1026 942 1108 spiritu
962 1026 1290 1102 adhaerent,
1315 1035 1374 1089 et
1394 1027 1638 1090 numine
1692 1027 2061 1109 spiritualem

416 1117 861 1197 eliguntvitam,
896 1116 1131 1197 placent
1185 1118 1333 1189 Deo,
1386 1116 1480 1178 cui
1524 1126 1588 1183 ut
1642 1115 1899 1179 Νυκτιτωί
1928 1131 2066 1184 sunt

414 1206 744 1269 consecrati
778 1223 792 1267 :
829 1223 1068 1285 semper
1086 1203 1243 1266 enim
1267 1204 1721 1267 laboribussnas
1752 1206 2065 1285 puriﬁcant

2144 839 2317 916 μωρία
2367 844 2466 920 γὰρ
2522 842 2663 917 αὐτῷ
2718 845 2839 925 εἰσι,
2898 848 2985 903 καὶ
3054 849 3149 905 οὐκ
3206 847 3351 906 οἶδεν
3408 848 3499 907 ὅτι
3572 852 3608 906 ὁ
3672 851 3838 925 νόμος

2143 931 2495 1017 πνευματικός
2523 929 2631 987 ἐστι
2671 934 2757 988 καὶ
2787 942 3154 1009 πνευματικῶς
3185 936 3559 1017 ἀνακρίνεται.
3604 957 3641 998 ι

2222 1006 2292 1087 ζ’.
2325 1020 2385 1074 Ol
2428 1020 2687 1095 πνεύματι
2747 1031 3088 1102 στοιχοῦντες
3129 1027 3218 1082 καὶ
3258 1028 3359 1094 τὴν
3426 1027 3832 1103 πνευματικὴν

2144 1103 2532 1183 ἐπανῃρημένοι
2563 1105 2628 1164 δι’
2663 1107 2788 1165 ὅλου
2829 1113 2994 1188 ζωὴν,
3042 1112 3308 1190 εὒάρεστοι
3341 1131 3357 1147 ⁶
3405 1117 3509 1171 εἰσι
3544 1115 3635 1189 τῷ
3684 1117 3825 1190 Θεῷ,

2145 1193 2288 1268 αὒτῷ
2361 1196 2434 1258 ὡς
2503 1204 2777 1276 Ναζιρατοι
2840 1203 3307 1279 προσανακείμενοι
3342 1221 3358 1235 ·
3405 1204 3488 1261 ἀεὶ
3556 1206 3674 1282 γὰρ
3718 1204 3827 1258 πό-

414 1295 666 1371 animas,
691 1303 750 1357 et
773 1284 1063 1375 praecepta
1091 1293 1324 1357 Domini
1342 1295 1704 1356 custodiunt.
1721 1284 2045 1358 Fundente:

2143 1304 2249 1346 νοις
2282 1284 2481 1343 ἑαυτῶν
2532 1288 2858 1365 καθεαίρουσι
2904 1291 2999 1352 τάς
3049 1292 3252 1371 ψυχὰς,
3303 1294 3393 1349 καὶ
3436 1294 3541 1356 τάς
3591 1290 3823 1354 ἐντολὰς

415 1402 587 1453 suum
620 1374 969 1461 sanguinem
993 1381 1069 1444 ob
1086 1400 1347 1444 amorem
1374 1383 1555 1457 illius,
1578 1401 1816 1446 carnem
1844 1401 2045 1445 emun‘

2140 1380 2234 1429 τοῦ
2304 1374 2488 1452 Κυρίου
2542 1383 2783 1454 τηροῦσι.
2869 1386 3149 1444 Κενοῦντες
3209 1382 3407 1438 ἑαυτῶν
3468 1383 3540 1438 τά
3602 1379 3822 1456 αἵματα

415 1475 556 1539 dant
578 1460 832 1553 jejuniis
856 1480 914 1533 ct
944 1470 1175 1550 vigiliis,
1212 1470 1485 1551 lacrymis
1535 1491 1637 1534 cor
1666 1474 2045 1535 incrassatum

2135 1460 2265 1540 ὑπὲρ
2328 1467 2426 1528 τῆς
2470 1462 2688 1540 ἀγάπης
2746 1467 2924 1546 αὐτοῦ,
2984 1470 3282 1546 καθαίρουσι
3339 1470 3436 1537 τὴν
3488 1470 3680 1548 σάρκα
3724 1491 3817 1534 νη-

408 1551 734 1636 attenuant,
794 1560 1063 1622 membra
1121 1560 1478 1624 inortilicant
1532 1561 2045 1636 inacerationibus,

2139 1551 2333 1612 στείαις
2389 1553 2487 1606 καὶ
2560 1552 2893 1631 ἀγρυπνίαις,
2960 1552 3172 1634 δάκρυσι
3242 1560 3305 1614 τὸ
3360 1558 3547 1638 πάχος
3601 1557 3814 1617 λεπτύ-

413 1650 694 1714 orationis
726 1657 784 1711 et
812 1648 1214 1712 meditationis
1244 1668 1355 1730 ope
1404 1658 1663 1719 mentem
1694 1650 1920 1712 lumine
1953 1669 2045 1712 re-

2139 1659 2281 1697 νουσι
2336 1643 2437 1705 τῆς
2497 1639 2729 1721 καρδίας,
2794 1645 3166 1709 κακοπαθείαις
3221 1653 3459 1725 νεκρουσι
3518 1650 3592 1705 τά
3634 1645 3805 1722 μέλη.

2138 1733 2418 1815 προσευχῇ
2458 1730 2546 1785 καὶ
2615 1728 2813 1805 μελέτῃ
2868 1734 2959 1787 τὸν
3009 1743 3126 1791 νοῦν
3181 1733 3440 1813 πληροῦσι
3499 1740 3691 1815 φωτὸς
3723 1737 3810 1793 καὶ

2138 1813 2380 1895 λαμπρὸν
2461 1819 2614 1875 αὐτὸν
2701 1818 3109 1897 ἀπεργάζονται,
3182 1829 3252 1899 τῇ
3332 1813 3643 1904 ἀπαρνησει
3703 1830 3810 1879 τῶν

2139 1904 2454 1982 θελημάτων
2499 1910 2781 1988 χωρίζουσι
2837 1913 2931 1976 τὰς
2989 1910 3115 1977 ἱδίας
3170 1915 3348 1993 ψυχὰς
3417 1915 3525 1973 ἀπὸ
3554 1922 3667 1983 τῆς
3694 1916 3809 1994 ,τοῦ

2139 1996 2383 2070 σώματος
2439 1999 2810 2076 προσπαθείας,
2871 2003 2959 2056 καὶ
3008 2000 3121 2058 ὅλοι
3179 2004 3343 2077 μόνου
3394 2014 3487 2064 τοῦ
3542 2007 3802 2081 πνεύμα-

2137 2106 2225 2150 τος
2281 2087 2512 2162 γίνονται
2565 2106 2578 2119 ·
2640 2085 2720 2144 διὸ
2780 2091 2868 2145 καὶ
2923 2094 3268 2166 πνευματικοὶ
3307 2092 3367 2148 οὗ
3418 2094 3583 2169 μόνον
3648 2116 3797 2173 γνω-

2136 2175 2382 2251 ρίζονται,
2439 2173 2575 2231 ἀλλά
2612 2179 2699 2232 καὶ
2741 2177 3023 2235 καλοῦνται
3075 2181 3215 2259 παρά
3282 2182 3495 2237 πάντων
3545 2184 3794 2247 εἰκότως.

2137 2265 2290 2319 Οὗτοι
2346 2265 2474 2341 πρὸς
2526 2264 2779 2322 ἀπάθειαν
2842 2269 2928 2322 καὶ
2993 2267 3209 2346 ἀγάπην
3277 2267 3591 2350 ἐρχόμενοι,
3664 2273 3794 2351 πρὸς

2135 2351 2349 2429 θεωρίαν
2420 2360 2728 2431 πτεροῦνται
2806 2360 2905 2421 τῆς
2998 2358 3236 2422 κτίσεως.
3314 2360 3413 2415 Καὶ
3482 2360 3583 2427 τὴν
3643 2367 3787 2439 γνῶ-

408 2437 523 2512 tam
557 2451 658 2531 qui
687 2449 1032 2528 superiores
1085 2448 1277 2510 ell‘ecti
1328 2457 1467 2511 sunt
1506 2437 1775 2529 corporis
1803 2448 2045 2511 vilitate.

2137 2460 2219 2493 σιν
2276 2437 2477 2495 ἐκεῖθεν
2526 2442 2631 2497 τῶν
2688 2442 2853 2500 ὄντων
2925 2442 3009 2500 διά
3080 2445 3262 2526 σοφίας
3318 2437 3663 2523 λαμϐάνουσιν
3691 2454 3787 2516 τῆς

410 2526 663 2603 Omnem
701 2526 880 2618 igitur
907 2537 1112 2599 mundi
1160 2556 1401 2600 sensum
1452 2526 1826 2616 transgressi,
1859 2544 1918 2598 et
1946 2537 2040 2598 in-

2136 2526 2611 2618 ἀποκεκρυμμένης
2686 2537 2825 2606 Θεῷ,
2886 2534 2973 2588 καὶ
3042 2532 3221 2608 μόνοις
3321 2532 3597 2611 διδομένης
3663 2538 3784 2601 τοῖς

408 2629 645 2690 tellectu
677 2614 1009 2691 illuminato
1039 2629 1115 2689 ad
1162 2648 1232 2690 ea
1279 2647 1413 2708 qua;
1467 2614 1710 2690 sensum
1766 2614 2045 2707 superant

2131 2614 2367 2693 ὑπεράνω
2455 2617 2754 2696 φινομένοις
2837 2625 2933 2686 τῆς
3007 2628 3097 2677 τοῦ
3182 2621 3429 2698 σώματος
3513 2627 3774 2684 ταπεινώ-

406 2716 641 2791 clevati,
667 2719 959 2778 rationem
990 2707 1334 2788 clariﬁcant,
1369 2725 1428 2777 et
1457 2716 1515 2777 in
1542 2716 1736 2781 medio
1767 2715 2045 2778 Ecclesia:

2131 2724 2285 2767 σεως.
2371 2707 2547 2762 Τοίνον
2630 2707 2717 2762 καὶ
2812 2714 2986 2765 πᾶσαν
3064 2709 3160 2776 τὴν
3238 2710 3487 2779 αἴσθησιν
3536 2723 3626 2770 τοῦ
3675 2716 3769 2771 κό-

404 2805 510 2867 Dei
543 2815 600 2867 et
627 2790 865 2867 concilii
900 2806 1071 2866 multi
1102 2805 1362 2866 ﬁdelium
1419 2804 1608 2865 bonos
1644 2822 1954 2866 sermones
1976 2823 2045 2866 ex

2131 2814 2265 2868 σμου
2336 2790 2766 2874 διαπεράσαντες,
2857 2798 2946 2854 καὶ
3018 2795 3219 2871 διανοίᾳ
3262 2803 3628 2881 πεφωτιςμένῃ
3691 2806 3765 2866 εἰς

407 2912 554 2974 puro
584 2894 764 2955 corde
796 2895 1126 2975 proferunt,
1150 2892 1846 2973 atqueﬁuntbominibus
1875 2893 1959 2955 sal
1992 2901 2045 2954 et

2136 2883 2203 2937 τά
2259 2883 2387 2961 ὑπὲρ
2444 2882 2693 2951 αἴσθησιν
2777 2888 3079 2964 γεγονότες,
3161 2897 3464 2967 τρανούνται
3530 2895 3614 2947 τὸν
3663 2891 3758 2948 λό-

405 2959 527 3055 lux,
552 2982 740 3062 juxta,
784 2959 1028 3044 verbum
1070 2959 1185 3062 quo
1216 2959 1504 3045 flaminus
1559 2999 1663 3043 eos
1691 2981 2045 3063 alloquitur:

2137 2993 2253 3063 γον,
2300 2959 2387 3027 καὶ
2442 2971 2495 3029 ὲν
2567 2973 2714 3049 μέσῳ
2782 2959 3104 3042 ίΕκκλησίας
3153 2959 3288 3038 Θεοῦ
3336 2981 3414 3035 καὶ
3457 2985 3744 3057 συναγωγῆς

413 3090 442 3130 ‹
472 3058 593 3133 Vos
619 3072 761 3134 estis
790 3072 888 3133 lux
918 3058 1125 3137 mundi
1153 3079 1213 3133 et
1241 3069 1328 3131 sal
1363 3080 1536 3132 terrae
1553 3071 1636 3133 37.
1683 3095 1708 3129 ι
1828 3058 1846 3063 ’

2131 3058 2339 3127 πολλῆς
2381 3066 2488 3118 τῶν
2530 3070 2732 3120 πιστῶν
2772 3062 2957 3143 λόγους
3014 3067 3240 3144 ἀγαθοὺς
3290 3068 3348 3124 ὲκ
3383 3070 3595 3146 καθαρᾶς
3619 3090 3743 3147 καρ-

2130 3147 2239 3214 δίας
2296 3150 2594 3231 ἐρεύγονται
2630 3171 2644 3185 ⁶
2679 3156 2768 3211 καὶ
2822 3160 3054 3233 γίνονται
3096 3170 3218 3219 τοῖς
3284 3159 3564 3237 ἀνθρώποις
3631 3157 3748 3221 ἃλας

2125 3240 2214 3296 καὶ
2269 3246 2404 3320 φῶς,
2465 3242 2597 3300 καθά
2649 3245 2791 3299 καὶὸ
2836 3245 3023 3325 Κύριος
3095 3248 3225 3325 πρὸς
3272 3248 3459 3310 αὐτοὺς
3515 3246 3759 3328 ἀποφθέγ-

2126 3349 2275 3406 γεται
2310 3344 2323 3358 ⁸
2366 3348 2394 3388 ι
2427 3338 2594 3407 Υμετς
2635 3331 2756 3388 ἐστε
2784 3333 2846 3390 τό
2888 3341 2997 3412 φῶς
3039 3346 3132 3394 τοῦ
3177 3335 3383 3411 κόσμου
3422 3338 3512 3392 καὶ
3539 3340 3598 3393 τὸ
3638 3336 3757 3402 ἅλας

2124 3421 2224 3484 τῆς
2252 3421 2383 3516 γῆς.
2419 3441 2445 3473 u

412 1739 1016 1823 plentl'ulgidumque
1040 1738 1287 1814 faciunt,
1320 1739 1632 1805 voluntatis
1663 1738 2059 1818 abnegatione

413 1828 684 1911 praprias
698 1828 933 1901 animas
950 1836 1262 1906 segregant
1281 1846 1314 1889 a
1334 1828 1600 1908 corporis
1612 1828 2051 1908 cupiditatibus,

409 1936 476 1981 ac
509 1919 613 1979 toti
643 1916 822 1978 unius
850 1916 1002 1977 ﬁunt
1030 1915 1312 1996 spiritus:
1339 1915 1537 1996 itaque
1569 1915 1905 1995 spirituales
1934 1933 2053 1976 non

408 2005 600 2069 solum
632 2005 932 2084 videntur,
959 2004 1064 2066 sed
1100 2012 1159 2065 et
1203 2014 1486 2066 vocantur
1527 2003 1953 2065 convenienter
1977 2003 2054 2066 ab

406 2093 706 2159 omnibus.
740 2092 925 2155 Iidem
953 2092 1024 2153 ad
1052 2091 1587 2172 impassibilitatem
1620 2102 1680 2153 et
1705 2092 2053 2155 cbaritatem

407 2182 845 2265 pervenientes,
908 2180 981 2242 ad
1037 2188 1440 2265 creaturarum
1488 2180 2051 2260 contemplationem

402 2272 700 2337 advolant.
764 2271 909 2334 Inde
966 2269 1273 2331 scientiam
1335 2272 1559 2332 entium
1617 2270 1919 2348 accipiunt
1949 2288 2056 2350 per

404 2359 757 2442 sapientiam
789 2360 849 2421 in
882 2360 1007 2422 Deo
1037 2357 1410 2433 absconsam,
1464 2359 1669 2438 bisque
1703 2367 1926 2420 tantum
1957 2360 2057 2423 da-

484 3518 545 3580 8.
567 3515 848 3598 «Vacate,
870 3524 927 3578 et
945 3515 1141 3579 videte
1154 3515 1436 3596 quoniam
1455 3534 1562 3596 ego
1576 3535 1705 3578 sum
1730 3520 1888 3582 Deus
1906 3519 1992 3593 38,
2017 3543 2045 3576 ι

404 3607 533 3675 haec
562 3615 654 3668 est
685 3604 867 3668 Verbi
893 3604 1080 3667 divini
1108 3624 1239 3681 vox,
1258 3624 1390 3686 quae
1410 3606 1483 3667 ad
1518 3606 1743 3686 praxim
1775 3626 1810 3669 a
1835 3608 2044 3671 volen-

400 3695 558 3757 tibus
586 3695 908 3757 reducitur.
947 3695 1152 3757 Refert
1181 3694 1360 3770 igitur
1388 3697 1516 3773 ejus
1534 3695 1636 3776 qui
1658 3697 1845 3759 semel
1882 3697 2043 3759 vale-

399 3784 544 3874 dixit
568 3782 1094 3874 sollicitudinibus,
1118 3782 1398 3874 periculis
1441 3784 1865 3874 etvanitatibus
1893 3786 2046 3874 vita},

399 3872 583 3934 multa
605 3871 901 3949 vigilantia
930 3871 1197 3951 etquiete
1218 3870 1531 3947 diligenter
1558 3871 1898 3935 examinare
1951 3870 2046 3937 in;

398 3967 600 4023 ternos
628 3967 796 4022 actus
846 3978 1005 4034 suos,
1053 3967 1111 4021 et
1152 3959 1336 4022 Deum
1368 3959 1430 4020 in
1486 3960 1684 4042 seipso
1714 3962 2042 4044 inquirere,

313 4055 316 4059 ’
401 4069 534 4111 cum
563 4049 718 4110 intra
746 4067 854 4110 nos
885 4049 1230 4126 sitregnum
1254 4050 1380 4112 Dei.
1406 4048 1513 4112 Vix
1538 4051 1695 4112 enim
1726 4053 1940 4133 aliquic
1963 4052 2044 4114 ita

396 4157 598 4218 agens,
637 4157 741 4219 per
761 4137 999 4218 longum
1028 4138 1314 4219 temporis
1336 4138 1588 4219 spatium
1621 4140 1803 4203 malas
1828 4140 2043 4205 animae

2205 3505 2289 3572 η’.
2362 3505 2699 3588 Σχολάσατε,
2757 3511 2846 3566 καὶ
2888 3517 3082 3591 γνῶτε,
3128 3511 3207 3568 ὅτι
3238 3513 3346 3592 ἐγώ
3402 3516 3510 3590 εἰμι
3566 3517 3595 3571 ὁ
3616 3516 3756 3580 Θεός.

2126 3602 2229 3682 Τοῦ
2250 3596 2387 3653 θείου
2416 3595 2576 3676 λόγου
2617 3605 2771 3656 τοῦτο
2821 3601 2996 3681 φωνὴ,
3031 3603 3118 3657 καὶ
3163 3604 3469 3682 πρακτικῶς
3518 3604 3760 3682 τοῖςβου⁹

2125 3681 2370 3760 λομὲνοις
2425 3685 2856 3764 ἐπιγινώσκεται.
2907 3690 3177 3771 Συμφὲρον
3209 3681 3325 3747 οὖν
3379 3693 3493 3750 ἐστι
3522 3701 3598 3768 τῷ
3635 3681 3757 3760 άπαξ

2130 3772 2512 3850 ἀποταξαμένῳ
2598 3781 2667 3844 τῆ
2731 3778 3088 3859 πολυταράχῳ
3161 3787 3255 3837 τοῦ
3328 3781 3443 3857 βίου
3499 3785 3584 3838 καὶ
3626 3781 3757 3859 δεινῇ

2130 3864 2468 3938 ματαιότητι,
2528 3863 2612 3922 διὰ
2668 3875 2943 3949 προσοχῆς
3001 3867 3199 3936 πολλῆς
3257 3872 3443 3928 ἑαυτὸν
3486 3873 3575 3928 καὶ
3629 3875 3753 3941 ἡσυ-

2128 3952 2277 4032 χίας,
2349 3960 2452 4011 τῶν
2505 3953 2611 4012 ἔσω
2696 3959 3043 4036 πραγμάτων,
3139 3958 3404 4035 ἐπιμελῶς
3453 3960 3753 4018 ἐπισκέπτε-

2125 4044 2267 4114 σθαι,
2313 4044 2399 4098 καὶ
2440 4044 2531 4099 τὸν
2563 4047 2692 4102 Θεὸν
2721 4046 2774 4104 ἐν
2804 4048 2973 4122 ἐαυτῷ
3026 4054 3209 4119 ζητεῖν
3257 4048 3542 4127 ἐπιγνῶναι
3577 4069 3593 4086 ·
3619 4051 3751 4114 ἐντός

2122 4130 2277 4204 ἡμῶν
2325 4131 2486 4199 οὔσης
2529 4139 2626 4201 τῆς
2677 4134 2943 4210 βασιλείας
2993 4136 3173 4198 αὐτοῦ.
3224 4136 3389 4202 Μόλις
3440 4140 3542 4218 γὰρ
3569 4137 3748 4197 ἀνοῧτω

396 4227 824 4308 impressiones
856 4227 1111 4289 evadere
1144 4237 1361 4308 posset,
1404 4237 1461 4290 et
1509 4229 1824 4310 pristinum
1857 4230 2040 4295 decus

2131 4224 2291 4276 ποιῶν
2351 4242 2455 4301 τις,
2506 4221 2591 4279 διά
2657 4223 2870 4282 πολλῶν
2918 4224 3174 4305 περιόδων
3223 4237 3316 4286 τοῦ
3366 4229 3584 4308 χρόνω,
3638 4230 3742 4295 τοὺς

396 4319 450 4379 ei
472 4317 572 4397 qui
603 4315 792 4397 dedit,
820 4317 1112 4396 integrum
1147 4336 1409 4379 servare.

472 4584 535 4648 8.
558 4586 904 4664 Depositum
937 4583 996 4645 in
1028 4582 1201 4646 nobis
1224 4583 1360 4647 mali
1381 4602 1695 4661 venenum,
1718 4604 1851 4647 cum
1879 4586 2036 4650 mul-

392 4681 521 4736 tum
555 4673 653 4749 sit,
690 4673 939 4735 multum
967 4672 1214 4754 proinde
1235 4673 1492 4753 suppetit
1511 4673 1713 4750 ignem
1735 4673 1837 4754 qui
1868 4675 2035 4755 puri-

395 4761 534 4824 licet
564 4781 668 4842 per
699 4762 984 4843 lacrymas
1018 4761 1383 4841 paenitentia:
1405 4770 1463 4823 et
1491 4762 1849 4824 voluntarios
1863 4782 2033 4826 asce-

375 4850 476 4917 .sis
498 4851 749 4914 labores.
787 4850 1093 4932 Siquidem
1124 4852 1215 4913 vel
1278 4869 1387 4930 per
1416 4851 1773 4913 voluntarios
1803 4850 2037 4916 labores

392 4940 483 5002 vel
517 4960 622 5021 per
652 4940 1081 5003 involuntarias
1112 4940 1472 5002 calamitates
1502 4959 1534 5002 a
1557 4940 1832 5002 sordibus
1872 4942 2032 5021 puri-

394 5030 643 5092 ﬁcamur
672 5038 1072 5112 peccatorum.
1094 5031 1153 5093 Si
1175 5029 1335 5092 enim
1356 5028 1690 5110 praecedant
1707 5029 2031 5093 voluntaria

390 5138 508 5181 non
541 5119 985 5200 subsequuntur
1013 5118 1444 5194 involuntaria;
1492 5117 1542 5178 si
1564 5128 1755 5180 autem
1788 5118 1890 5181 illa
1910 5138 2027 5182 non

379 5206 851 5285 ,mundantquod
885 5206 1043 5269 intus
1073 5220 1163 5269 est
1188 5205 1393 5268 calicis
1421 5213 1478 5267 et
1508 5206 1864 5288 paropsidis,
1906 5207 2032 5270 haec

387 5295 750 5358 elﬁcacimus
795 5314 903 5358 nos
931 5295 1003 5358 ad
1029 5295 1341 5377 pristinum
1397 5304 1610 5358 statum
1664 5304 2023 5376 restaurant,

382 5383 629 5465 speciali
656 5385 956 5449 Creatoris
981 5385 1332 5449 oeconomia.

2061 4306 2103 4356 D
2124 4308 2315 4371 τόπους
2372 4315 2467 4377 τῆς
2523 4313 2708 4376 κακίας
2763 4313 3010 4380 ἀποξέσαι
3066 4319 3165 4381 τῆς
3235 4306 3421 4395 ψυχῆς
3501 4315 3739 4392 δυνηθείη,

2123 4400 2209 4455 καὶ
2271 4401 2332 4456 τὸ
2375 4400 2608 4480 ἀρχαῖον
2670 4401 2866 4467 κάλλος
2931 4411 3007 4478 τῷ
3052 4401 3203 4460 ίδόντι
3256 4409 3496 4484 καθαρῶς
3553 4406 3744 4465 ἀνασώ-

2122 4491 2329 4547 σασθαι.

2199 4567 2269 4637 θ’.
2322 4570 2380 4636 Ὀ
2431 4583 2807 4659 προαποτεθεὶς
2849 4585 2924 4650 ἰὸς
2978 4584 3031 4641 ἐν
3088 4585 3224 4659 ἡμῖν
3279 4589 3376 4651 τῆς
3431 4586 3630 4660 κακίας,
3657 4609 3734 4644 πο-

2120 4664 2212 4728 λὺς
2268 4666 2364 4748 ὤν,
2440 4668 2575 4726 πολὺ
2630 4674 2716 4728 καὶ
2758 4674 2820 4728 τὸ
2872 4680 2972 4754 πῦρ
3037 4673 3135 4753 ἄρα
3193 4676 3253 4730 τὸ
3309 4677 3616 4754 καθαρτικὸν
3666 4674 3740 4733 διά

2119 4752 2348 4834 δακρύων
2408 4758 2597 4837 χρῄζει
2666 4766 2765 4828 τῆς
2838 4752 3142 4840 μετανοίας,
3201 4765 3290 4821 καὶ
3512 4765 3739 4822 ἑκουσίων

2117 4848 2216 4910 τῆς
2247 4844 2526 4917 ἀσκήσεως
2576 4849 2773 4910 πόνων.
2818 4850 3037 4919 Ἐπειδὴ
3088 4853 3125 4919 ἣ
3172 4850 3238 4909 δι’
3283 4853 3530 4911 ἐκουσίῶν
3583 4855 3741 4915 πόνων

2116 4934 2467 5012 καθαιρόμεθα
2535 4944 2640 4995 τῶν
2713 4940 2998 5017 μολυσμῶν
3070 4946 3169 5008 τῆς
3239 4945 3516 5022 ἁμαρτιας,
3586 4944 3618 5011 ἢ
3677 4941 3736 4998 δι’

2115 5023 2374 5113 ἀκουσίων
2444 5025 2709 5108 ἐπιφορῶν
2764 5048 2777 5060 ·
2837 5038 2943 5088 τῶν
3020 5033 3121 5110 γὰρ
3178 5031 3429 5091 ἑκουσίων
3486 5055 3736 5113 προηγω-

2114 5111 2308 5193 μὲνων,
2367 5114 2471 5195 οὔχ
2541 5119 2745 5191 ὑπαντᾷ
2812 5131 2878 5176 τὰ
2941 5121 3161 5178 ἀκούσια
3220 5140 3236 5156 ⁸
3295 5111 3535 5180 ἐκείνων*
3567 5121 3615 5178 δε
3666 5123 3734 5198 μὴ

2114 5198 2461 5291 ἐνεργούντων
2518 5206 2616 5273 τὴν
2676 5208 2922 5288 κάθαρσιν
2995 5217 3088 5268 τοῦ
3141 5209 3288 5274 ἐντὸς
3344 5220 3439 5270 τοῦ
3506 5213 3734 5291 ποτηρίου

2112 5290 2200 5345 καὶ
2254 5296 2355 5380 τῆς
2412 5293 2724 5372 παροψίδος,
2781 5308 2945 5358 ταῦτα
2995 5297 3342 5380 σφοδρότερον
3398 5300 3600 5380 ἐνεργεῖ
3644 5290 3733 5369 τὴν

2113 5379 2374 5459 ἡμετέραν
2425 5384 2556 5461 πρὸς
2617 5389 2678 5442 τὸ
2719 5386 2949 5468 ἀρχαῖον
2995 5379 3444 5466 ἀποκατάστασιν,
3488 5379 3619 5452 οὕτω
3653 5395 3735 5446 τοῦ

2103 5470 2347 5549 τεχνίτου
2380 5472 2849 5548 οἶκονομήσαντο,,

465 5636 519 5681 ³⁸
544 5637 729 5703 ICor.
765 5657 828 5720 ιι,
856 5648 921 5709 4.
1004 5642 1060 5687 ³³⁷
1086 5642 1290 5707 Matth.
1321 5660 1383 5720 ν,
1422 5645 1517 5721 13,
1551 5645 1648 5711 14.
1736 5643 1791 5689 ³⁸
1817 5645 1975 5709 Psal.
2005 5662 2139 5725 xcv,
2174 5649 2273 5714 11.
