4050 6124
522 240 638 311 907
1799 247 1851 309 Ν
1858 246 2101 311 ΙΟΕΤᾸΞ
2140 246 2148 310 ἒ

2234 246 2570 311 monui
3779 256 3865 321 903

523 380 854 452 remittens,
873 379 1294 455 inindecentes
1304 380 1691 461 impurosque
1711 387 1903 443 motus
1925 380 2148 457 incidit,

2244 379 2297 438 δέ
2324 402 2385 458 γε
2416 388 2534 445 νοῦς
2560 385 2659 448 τῆς
2714 380 2799 438 ἰπὶ
2842 383 2907 439 τὰ
2962 380 3073 441 ἅνω
3128 387 3389 456 κινήσεως
3438 390 3767 469 περικοπεὶς,
3813 392 3865 451 εἰς

520 479 579 533 et
606 470 693 533 sic
712 469 1050 532 inordinate
1079 470 1389 549 insurgere
1419 469 1699 532 adversus
1721 470 1998 551 spiritum
2024 488 2148 532 carc

2243 470 2507 549 ἀπρεπεῖς
2590 472 2827 541 κινήσεις
2903 474 2991 529 καὶ
3048 474 3382 554 πεφυρμένας
3462 475 3730 553 ἐκπίπτει,
3802 481 3866 535 καὶ

516 558 751 640 incipit,
802 558 1239 621 titillationibus
1286 560 1550 622 animum
1608 558 2037 640 ardoribusque
2066 570 2159 620 at-

522 649 786 725 trahens,
818 648 970 710 etin
1024 648 1311 729 abyssum
1366 647 1677 728 voluptatis
1731 666 1868 709 eum
1896 646 2161 727 dejicere

519 737 792 819 cupiens.
844 736 915 799 Et
966 736 1085 799 nisi
1136 737 1426 801 Dominus
1476 736 1732 800 Sabaoth
1761 735 2161 798 abbreviasset

517 826 649 889 dies
681 825 837 901 illos,
870 844 937 889 ac
968 827 1240 891 virtutem
1290 826 1740 909 perseverantia
1769 825 2003 888 famulis
2033 825 2157 888 suis

519 913 913 992 retribuisset,
947 934 1066 979 non
1095 916 1303 981 fuisset
1328 916 1493 980 salva
1523 914 1718 978 omnis
1747 933 1885 977 caro
1906 916 1991 977 39.

604 1184 700 1246 16.
733 1180 1166 1245 Fornicationis
1193 1181 1449 1263 damon,
1508 1182 1569 1242 in
1627 1180 1854 1242 artibus
1883 1181 2156 1259 dolisque

518 1272 764 1350 multus,
797 1272 929 1333 aliis
977 1272 1042 1334 ﬁt
1091 1272 1511 1334 oﬂ‘endiculum
1568 1278 1627 1333 et
1650 1270 1813 1332 lacus
1854 1287 2149 1345 canosus,

2241 558 2407 623 οὕτως
2492 558 2735 623 ἀτάκτως
2816 562 2851 628 ἡ
2937 562 3065 640 σὰρζ
3147 563 3534 622 ἐπανίστασθαι
3614 568 3741 622 κατὰ
3798 574 3867 623 τοῦ

2239 648 2537 722 πνεύματος
2585 645 2831 728 ἄρχεται,
2887 648 3281 727 γαργαλισμοῖς
3338 656 3434 709 τὸν
3486 663 3610 713 νοῦν
3666 656 3749 710 καὶ
3796 678 3867 710 πυ-

2239 736 2459 814 ρώσεσιν
2488 742 2838 818 κατασπῶσα,
2866 740 2955 795 καὶ
2983 741 3116 817 πρὸς
3143 741 3329 820 βόθρον
3356 740 3566 809 ἡδονῆς
3589 748 3868 823 καταχῶσαι

2237 830 2421 883 τοῦτον
2462 823 2804 901 ἐπιθυμοῦσα,
2841 828 2939 885 Καὶ
2986 828 3030 884 εί
3076 828 3155 904 μὴ
3204 830 3392 909 Κύριος
3452 828 3686 887 Σαϐαὼθ
3710 830 3867 889 ἐκολό-

2237 908 2377 969 ϐωσε
2424 913 2519 978 τὰς
2569 914 2770 994 ἡμέρας
2814 914 3040 991 ἐκείνας,
3100 918 3187 974 καὶ
3214 908 3436 995 δύναμιν
3473 921 3751 995 ὑπομονῆς
3778 934 3869 985 τοῖς

2240 1002 2423 1060 ἑαυτοῦ
2492 1000 2838 1080 ἐπεϐράϐευσε
2908 1001 3135 1082 δούλοις,
3196 1010 3291 1067 οῦκ
3358 1007 3425 1064 ἂν
3502 1007 3682 1076 ἐσώθη
3749 1017 3867 1067 πᾶσι

2238 1089 2384 1169 σάρξ.

2318 1179 2398 1252 ις
2410 1168 2438 1237 ’.
2476 1169 2534 1237 Ὀ
2585 1184 2683 1248 τῆς
2734 1181 2975 1259 πορνείας
3024 1179 3340 1261 πολύπειρος
3382 1186 3477 1239 καὶ
3537 1184 3867 1261 πολυμὲθοδος

2235 1265 2436 1343 δαίμων
2476 1282 2594 1332 τοῖς
2642 1269 2739 1344 μὲν
2786 1270 2986 1333 πτῶσις
3043 1271 3130 1326 καὶ
3187 1268 3384 1335 λάκκος
3444 1271 3710 1352 βορϐόρου
3748 1275 3867 1352 γίνε-

2234 1377 2321 1411 ται
2354 1362 2371 1390 ⁶
2402 1370 2518 1419 τοῖς
2549 1355 2626 1437 δὲ,
2655 1356 2843 1432 μάστιξ
2871 1360 2958 1414 καὶ
2985 1355 3171 1435 ῥάϐδος
3199 1356 3370 1416 δικαία
3405 1381 3422 1396 ·
3470 1375 3599 1424 τοῖς
3631 1360 3710 1443 δὲ,
3732 1376 3867 1440 πεῖρα

514 1360 647 1423 aliis
676 1361 980 1440 ﬂagellum
1030 1368 1089 1423 et
1141 1360 1303 1440 virga
1360 1360 1597 1435 vindex,
1655 1359 1787 1421 aliis
1822 1360 2067 1421 tentatio
2096 1367 2157 1420 et

2234 1445 2322 1499 καὶ
2364 1449 2547 1524 ψυχῆς
2577 1446 2828 1522 βάσανος.
2863 1447 3071 1504 Τούτων
3119 1449 3180 1503 τὸ
3242 1448 3362 1523 μὲν,
3414 1451 3542 1528 περὶ
3573 1452 3697 1514 τοὺς
3740 1452 3865 1508 εἰσα-

510 1450 723 1512 anima
756 1458 1136 1511 tormentum.
1167 1449 1388 1512 Horum
1421 1449 1675 1530 primum
1700 1455 1923 1528 spectat
1950 1449 2021 1509 ad
2055 1448 2151 1507 in--

512 1540 806 1633 choantes
835 1538 1187 1633 quiascesis
1202 1539 1409 1633 jugum
1471 1538 1853 1633 negligenter
1869 1538 2062 1633 adhuc
2093 1544 2148 1598 et

2234 1536 2493 1633 γωγικοὺς
2525 1533 2599 1633 ἔτι
2630 1536 2718 1590 τὸν
2747 1537 2903 1613 ζυγὸν
2945 1533 3195 1633 ἕλκοντας
3252 1542 3351 1604 τῆς
3401 1538 3713 1614 ἀσκήσεως,
3745 1542 3866 1619 χαύ-

510 1627 812 1689 incuriose
844 1626 1121 1702 trahunt;
1171 1627 1499 1690 secundum
1528 1630 1600 1688 ad
1627 1646 1729 1688 eos
1758 1626 1857 1706 qui
1890 1626 2148 1688 medium

2234 1643 2335 1684 νως
2358 1624 2446 1679 καὶ
2465 1621 2677 1699 ἀμελῶς
2698 1627 2974 1702 θεωρεῖται
2994 1640 3008 1654 ⁸
3055 1627 3117 1682 τὸ
3141 1623 3221 1701 δὲ,
3244 1628 3361 1705 περὶ
3381 1632 3508 1691 τοῦς
3541 1628 3706 1703 μέσον
3731 1628 3864 1709 ἔχον-

514 1723 721 1778 tenent
743 1715 849 1777 via
869 1715 942 1777 ad
983 1716 1260 1778 virtutem
1298 1716 1755 1797 progredientis,
1788 1714 1895 1777 sed
1926 1714 2148 1776 tardius

2234 1731 2324 1772 τας
2355 1712 2631 1789 προκοπῆς
2668 1713 2742 1775 εἰς
2789 1713 2890 1779 τῆν
2937 1712 3152 1792 ἀρετὴν,
3186 1717 3274 1770 καὶ
3326 1714 3715 1796 σχολαιότερον
3755 1718 3863 1793 πρὸς

510 1803 584 1865 ad
616 1822 749 1866 eam
783 1804 1034 1868 tendunt
1072 1826 1085 1864 :
1144 1805 1381 1867 tertium
1425 1805 1682 1885 denique
1709 1804 1783 1865 ad
1814 1822 1914 1866 eos
1943 1802 2044 1884 qui
2073 1802 2148 1867 ad

2234 1802 2395 1866 αὐτὴν
2424 1798 2884 1875 ἐπεκτεινομένους
2918 1816 2933 1830 ⁶
2994 1804 3055 1857 τὸ
3105 1799 3186 1881 δὲ,
3242 1804 3360 1882 περὶ
3416 1805 3545 1869 τοὺς
3605 1804 3707 1872 ἤδη
3751 1807 3861 1884 πρὸς

507 1892 796 1955 theoriam
822 1894 935 1956 alis
962 1892 1145 1956 animi
1178 1894 1463 1970 extensis,
1501 1911 1695 1973 nuper
1721 1892 1797 1955 ad
1827 1892 2148 1973 perfectio-

2234 1889 2446 1966 θεωρίαν
2483 1889 2543 1945 τὸ
2604 1890 2795 1968 πτερὸν
2856 1889 3185 1953 πετάσαντας
3262 1894 3349 1948 τοῦ
3415 1895 3566 1973 νοὸς,
3627 1896 3712 1951 καὶ
3763 1895 3859 1974 ἄρτι

502 1999 631 2043 rem
654 1990 1119 2063 properaverunt
1138 1982 1675 2064 impassibilitatem
1703 2001 1717 2042 :
1746 1990 1805 2043 et
1827 1982 1911 2044 sic
1941 2000 2148 2044 unum-

2234 1974 2406 2040 καλῶς
2464 1976 2753 2041 ἐλάσαντας
2825 1980 2957 2057 πρὸς
3034 1980 3133 2047 τῆν
3192 1979 3515 2059 τελεωτέραν
3574 1982 3856 2039 ἀπάθειαν

504 2070 780 2151 quodque
806 2079 881 2133 ad
913 2070 1226 2134 utilitatem
1257 2070 1878 2152 caelituadisponitur.

2234 2064 2456 2152 ἑκάστου
2501 2067 2632 2144 πρὸς
2697 2069 2759 2123 τὸ
2816 2066 3077 2147 συμφέρον
3128 2066 3372 2136 δηλονότι
3433 2071 3856 2147 οίκονομουμένου

2228 2150 2445 2213 ἄνωθεν.

586 2248 685 2313 17,
714 2244 1150 2312 Oﬂ‘eudiculum
1175 2258 1234 2311 et
1255 2248 1418 2311 lacus
1443 2266 1716 2311 canosus
1738 2248 1812 2311 iis
1837 2249 1936 2329 qui
1966 2265 2143 2329 pror-

2310 2230 2399 2311 ιζ’.
2434 2241 2639 2307 Πτῶσις
2680 2244 2768 2299 καὶ
2817 2241 3013 2306 λάκκος
3067 2241 3320 2324 βορϐόρου
3358 2258 3476 2310 τοῖς
3519 2246 3576 2303 ἐν
3605 2244 3852 2326 ἀδιαφορία

503 2353 605 2397 sus
632 2337 1041 2401 indiﬂ'erentes
1061 2337 1388 2401 solitariam
1419 2346 1596 2418 agunt
1629 2338 1831 2418 vitam,
1856 2328 1923 2398 fit
1951 2328 2143 2400 forni-

2234 2328 2373 2418 πάσῃ
2425 2331 2518 2418 τὸν
2586 2332 2795 2410 μονήρη
2864 2330 3125 2391 διανύουσι
3179 2334 3315 2415 βίον,
3389 2337 3418 2392 ὁ
3473 2340 3575 2403 τῆς
3630 2334 3850 2414 πορνείας

502 2426 751 2488 cationis
780 2427 1035 2509 damon,
1069 2429 1340 2490 membra
1367 2415 1574 2489 eorum
1604 2415 1856 2508 impuris
1887 2425 2146 2488 ﬂammis

2234 2416 2423 2509 γίνεται
2480 2415 2727 2509 δαίμων)
2788 2420 2856 2477 τὰ
2898 2419 3035 2497 μέλη
3078 2422 3300 2497 τούτων,
3344 2428 3444 2490 τῆς
3501 2425 3738 2503 πορνείας
3787 2428 3845 2499 τῇ

499 2532 569 2575 ac
625 2515 939 2579 desideriis
994 2504 1276 2589 adurens,
1343 2516 1584 2597 viasque
1638 2504 1711 2577 iis
1768 2515 2041 2597 prabens
2070 2514 2144 2576 ad

2234 2504 2382 2597 φλογὶ
2438 2508 2525 2563 καὶ
2566 2513 2635 2585 τῇ
2689 2507 2957 2591 ἐπιθυμίᾳ,
3012 2512 3417 2590 κατεμπιπρῶν,
3477 2516 3563 2570 καὶ
3615 2510 3842 2589 μεθόδους

502 2602 835 2667 faciendam
887 2606 1083 2668 carnis
1129 2596 1515 2683 voluntatem,
1572 2596 1932 2668 etiam’sine
1988 2622 2145 2667 com-

2234 2596 2478 2676 παρέχων
2510 2598 2689 2663 αὐτοῖς
2718 2601 2790 2663 είς
2821 2602 2881 2655 τὸ
2924 2613 3104 2657 ποιεῖν
3145 2602 3207 2657 τὸ
3260 2607 3357 2669 τῆς
3417 2605 3604 2680 σαρκὸς
3632 2600 3836 2678 θέλημα,

500 2691 724 2755 mercio
769 2694 990 2756 aterius
1038 2693 1254 2758 carnis.
1308 2694 1393 2756 De
1450 2692 1663 2775 quibus
1722 2707 1892 2773 turpe
1953 2700 2043 2754 est
2087 2699 2148 2754 et

2234 2688 2312 2775 καὶ
2365 2684 2485 2746 ἄνευ
2539 2689 2748 2765 ὁμιλίας
2807 2690 2989 2769 ἐτέρας
3042 2692 3261 2771 σαρκός.
3320 2695 3446 2773 Περὶ
3502 2698 3570 2751 ὧν
3642 2693 3836 2772 αἰσχρόν

501 2779 704 2843 dicere
733 2790 792 2844 et
839 2784 1121 2863 cogitare.
1171 2782 1273 2844 Isti
1328 2774 1567 2846 carnem
1627 2790 1713 2863 (ut
1767 2782 1849 2843 ait
1876 2780 2140 2861 quidam)

2234 2774 2335 2832 ἱστι
2364 2778 2451 2833 καὶ
2500 2776 2698 2857 λέγειν,
2757 2781 2845 2837 καὶ
2897 2779 3121 2843 ἐννοεῖν.
3184 2784 3336 2840 Οὗτοι
3396 2783 3557 2860 σάρκα
3609 2802 3687 2861 τε,
3717 2780 3834 2839 κατᾶ

501 2871 820 2946 maculant,
866 2882 925 2934 et
953 2872 1175 2934 fructus
1209 2873 1531 2934 comedunt
1568 2888 1771 2934 amare
1801 2869 2139 2950 voluptatis,

499 2964 560 3018 et
586 2959 792 3022 oculos
812 2959 1031 3022 habent
1051 2960 1304 3039 caligine
1326 2960 1555 3039 plenos,
1580 2978 1649 3021 ac
1680 2958 1890 3021 merito
1921 2975 1957 3019 a
1985 2956 2142 3017 bono

498 3045 850 3128 deﬂectunt,
881 3048 1095 3130 quibus
1144 3048 1478 3110 volentibus
1525 3048 1757 3110 medela
1806 3046 1918 3109 erit
1947 3044 2139 3127 pani-

500 3136 700 3199 tentia
720 3137 936 3214 fervor,
970 3146 1029 3200 et
1058 3138 1273 3200 exinde
1306 3137 1697 3218 lacrymarum
1728 3135 2143 3222 compunctio;

502 3243 633 3306 qua
661 3227 880 3288 malum
914 3230 1095 3307 fugat,
1148 3234 1207 3289 et
1252 3226 1511 3288 animam
1543 3236 1752 3307 purgat
1778 3246 1813 3289 a
1838 3228 2139 3305 sordibus,

500 3332 753 3396 eamque
807 3316 944 3379 facit
1000 3316 1215 3379 divina
1257 3316 1683 3378 misericordia
1739 3317 2139 3399 participem;

498 3423 673 3487 quam
723 3424 985 3485 congrue
1035 3407 1228 3468 innuit
1267 3406 1509 3486 sapiens
1537 3407 1839 3480 Salomon,
1874 3408 2085 3470 dicens
2120 3428 2134 3471 :

506 3514 530 3549 ιι
568 3494 805 3557 Curatio
834 3495 1010 3558 faciet
1039 3514 1273 3559 cessare
1300 3503 1542 3575 peccata
1568 3496 1822 3558 maxima
1848 3496 1932 3560 40.
1974 3521 1995 3553 ι

2223 2866 2316 2921 τὸν
2372 2865 2639 2946 εἱρηκότα,
2690 2867 2978 2949 μιαίνουσι,
3034 2870 3124 2925 καὶ
3179 2870 3301 2933 τοὺς
3358 2872 3577 2950 καρποὺς
3627 2868 3831 2927 Micam

2224 2958 2321 3021 τῆς
2353 2952 2586 3034 ἁλμυρᾶς
2621 2953 2842 3037 ἡδονῆς,
2903 2959 2990 3014 καὶ
3045 2960 3205 3038 ζόφου
3260 2959 3355 3023 τὰς
3408 2957 3546 3033 ἅψεις
3571 2955 3819 3041 πληροῦν-

2226 3064 2336 3118 ται,
2407 3046 2494 3099 καὶ
2559 3044 2665 3100 τῶν
2738 3046 3049 3123 κρειττόνων
3125 3043 3337 3111 ἐνδίκως
3394 3043 3814 3122 ἐξαμαρτάνωσιν,

2226 3136 2312 3197 οἷς
2342 3132 2481 3209 ἴαμα
2536 3131 2875 3210 βουλομένοις
2930 3134 3073 3191 ἔσται
3130 3136 3225 3203 τῆς
3280 3134 3548 3210 μετανοίας
3586 3131 3825 3210 ῆθέρμη,

2224 3222 2312 3277 καὶ
2357 3224 2393 3289 ἡ
2443 3221 2504 3277 ὲκ
2551 3222 2745 3290 ταύτης
2793 3224 2899 3280 τῶν
2956 3221 3187 3303 δακρύων
3240 3224 3513 3291 κατάωξις
3541 3240 3557 3261 '
3607 3220 3717 3288 ῆτις
3752 3220 3833 3276 καὶ

2222 3309 2320 3376 τὴν
2375 3309 2654 3389 ἀποφυγὴν
2704 3318 2795 3368 τοῦ
2858 3319 3022 3370 κακοῦ
3070 3325 3325 3392 ποιεῖται,
3384 3314 3475 3369 καὶ
3526 3310 3617 3378 τὴν
3668 3308 3831 3387 ψυχὴν

2218 3398 2448 3477 καθαίρει
2502 3400 2607 3455 τῶν
2661 3399 2973 3481 μολυσμῶν,
3037 3404 3125 3459 καὶ
3179 3400 3512 3479 κληρονόμον
3568 3399 3717 3465 αὐτὴν
3753 3403 3830 3455 τοῦ

2217 3485 2413 3587 ἐλέους.
2452 3497 2584 3548 Θεοῦ
2636 3489 2985 3587 ἀπεργάζεται
3022 3507 3037 3522 ⁸
3096 3492 3163 3558 ἦν
3185 3492 3433 3587 ..εἰκότως
3489 3491 3582 3587 καί
3624 3490 3653 3545 ὁ
3688 3488 3829 3587 σοφὸς

2216 3577 2574 3653 αἰνιττόμενος
2603 3577 2883 3657 Σολομὼν²
2941 3577 3120 3661 Ἰαμα,
3185 3578 3307 3661 ἔφη,
3340 3578 3632 3636 καταπαύει
3678 3577 3830 3655 ἀμαρ-

2214 3666 2328 3731 τίσις
2376 3666 2632 3745 μεγάλας.

584 3762 677 3826 18.
709 3761 1034 3840 Flagellum
1069 3771 1127 3826 et
1154 3762 1318 3842 virga
1348 3761 1557 3825 merito
1588 3762 1652 3823 fit
1702 3761 1861 3825 idem
1892 3761 2134 3843 spiritus

2297 3745 2398 3822 ιη’,
2456 3755 2656 3823 Μάστιξ
2708 3758 2797 3814 καὶ
2854 3754 3040 3835 ῥάϐδος
3096 3756 3293 3835 γίνεται
3348 3754 3560 3823 δικαίως
3602 3764 3745 3816 τοῦτο
3779 3755 3828 3812 τὸ

496 3850 590 3912 his
613 3852 713 3932 qui
739 3852 800 3913 in
835 3854 1024 3934 prima
1054 3850 1529 3932 impassibilitate
1560 3850 1805 3931 perfecti
1862 3859 1997 3912 sunt
2029 3868 2136 3931 per

2234 3852 2442 3934 ιξνεῦμα,
2486 3860 2604 3910 τοῖς
2660 3847 2777 3925 περὶ
2826 3848 2925 3915 τὴν
2966 3846 3185 3926 πρώτην
3246 3846 3498 3904 ἀπάθειαν
3545 3843 3829 3921 τελειουμέ-

492 3940 809 4019 practicam
837 3932 1302 4023 philos0phiam,
1361 3958 1429 4002 ac
1487 3949 1769 4002 recenter
1823 3941 1896 4001 ad
1932 3939 2133 4020 perfe-

2234 3956 2320 3998 νοις
2385 3932 2470 3990 διὰ
2526 3940 2624 4001 τῆς
2683 3935 2987 4015 ἐμπράκτου
3043 3934 3380 4017 φιλοσοφίας,
3437 3937 3526 3993 καὶ
3581 3934 3829 4015 προκοπὰς

494 4028 681 4107 ctiora
700 4022 883 4094 novos
904 4022 1124 4093 faciunt
1149 4048 1521 4112 progressus.
1556 4027 1788 4090 Etenim
1820 4038 2131 4109 postquam

2234 4022 2326 4102 ἱρτι
2403 4023 2741 4099 ποιουμένοις
2812 4025 2898 4082 ἐπὶ
2977 4026 3045 4082 τὰ
3114 4025 3297 4103 πρόσω
3380 4026 3467 4080 καὶ
3534 4023 3830 4104 τελεώτερα.

492 4134 528 4178 a
558 4102 688 4179 vita
714 4118 985 4182 ascetica
1013 4102 1227 4181 robore
1259 4102 1377 4200 pra
1404 4128 1645 4199 torpore
1672 4102 2038 4190 defecerunt,
2073 4124 2133 4177 et

2235 4113 2473 4179 Οπηνίκα
2521 4114 2619 4191 γὰρ
2666 4115 2757 4171 τὸν
2813 4114 2964 4171 τόνον
3006 4117 3103 4183 τῆς
3148 4102 3418 4193 ἐχομένης
3462 4113 3738 4184 ἀσκήσεως
3761 4102 3833 4167 διὰ

495 4205 569 4266 ad
590 4205 1087 4270 inconsideratam
1109 4198 1320 4270 sensus
1348 4198 1633 4269 mundani
1664 4204 1953 4267 visionem
1984 4223 2131 4285 pau-

2234 4199 2461 4277 lqﬁuplac
2542 4200 2844 4283 ἐνδώσουσι,
2901 4203 2990 4259 καὶ
3068 4204 3198 4281 πρὸς
3274 4201 3571 4282 ἀφύλακτον
3638 4202 3831 4279 θεωρίαν

495 4293 685 4355 lulum
716 4295 1181 4373 declinaverunt,
1212 4305 1385 4377 atque
1416 4296 1476 4357 in
1506 4313 1706 4357 rerum
1739 4273 2131 4355 humanarum

2234 4292 2312 4357 τῆς
2340 4273 2446 4349 *τοῦ
2492 4291 2691 4367 κόσμου
2747 4273 3036 4361 αἰσθήσεως
3092 4273 3275 4370 μικρὸν
3320 4273 3707 4365 “’ὑπεκκλίνωσι,
3739 4273 3835 4345 ’καὶ

499 4384 1042 4465 concupiscentiam
1060 4386 1422 4447 devenerunt
1451 4402 1468 4459 ;
1493 4384 1689 4447 statim
1712 4382 2013 4460 ﬂagellans
2033 4381 2134 4445 ille

2234 4379 2317 4434 τῶν
2375 4378 2707 4457 ἀνθρωπίνων
2773 4381 3101 4460 πραγμάτων
3159 4378 3211 4436 ὲν
3269 4378 3515 4455 ἐπιθυμίᾳ
3569 4378 3833 4458 γένωνται,

501 4478 709 4533 contra
738 4490 840 4534 eos
870 4472 1229 4554 immittitur,
1259 4492 1295 4535 a
1333 4473 1563 4551 fastigio
1591 4471 1775 4533 divini
1805 4489 1942 4551 erga
1974 4470 2134 4552 ipsos

2234 4474 2503 4533 ςηνικαῦτα
2558 4471 2644 4525 καὶ
2699 4472 2730 4525 ὁ
2787 4469 3047 4544 μαστίζων
3116 4471 3269 4533 οὗτος
3338 4465 3460 4526 κατ’
3516 4468 3692 4526 αὔτῶν
3748 4466 3834 4524 ἐπ-

497 4560 741 4643 amoris,
774 4579 1099 4643 eorumque
1148 4566 1414 4625 animum
1473 4560 1791 4625 verberare
1831 4558 2136 4640 cogitatio-

2234 4558 2442 4636 ιφίεται,
2496 4555 2548 4624 ἐξ
2603 4556 2762 4638 ἄκρας
2818 4564 2917 4626 τῆς
2960 4567 3053 4617 τοῦ
3108 4564 3240 4616 Θεοῦ
3292 4559 3423 4635 πρὸς
3478 4557 3669 4620 αὐτοὺς
3717 4556 3839 4635 ἁγα-

496 4646 677 4711 nibus
697 4650 1195 4732 concupiscentia
1214 4649 1469 4714 carnalis
1493 4650 1736 4731 incipit:
1763 4657 1822 4711 ut
1844 4650 1957 4711 hoc
1975 4648 2134 4711 ferre

2234 4646 2457 4721 ldmtoc,
2508 4648 2595 4705 καὶ
2640 4650 2847 4706 τύπτειν
2892 4649 2984 4704 τὸν
3038 4645 3378 4727 λογιζόμενον
3438 4652 3620 4703 τοῦτον
3682 4643 3837 4725 ἄρχε-

498 4755 619 4800 non
644 4740 935 4815 valentes,
967 4741 1038 4802 ad
1070 4740 1369 4822 propriam
1407 4758 1629 4816 arcem,
1684 4738 1907 4801 assidui
1962 4736 2132 4799 vide-

2234 4758 2325 4816 εαι,
2353 4735 2634 4817 λογισμοῖς
2677 4738 2948 4815 ἐπιθυμίας
2992 4739 3185 4817 σαρκός
3220 4756 3236 4771 ⁸
3293 4739 3367 4801 ὡς
3424 4736 3487 4792 ἂν
3528 4737 3608 4812 μῆ
3662 4738 3837 4816 φέρον-

498 4828 640 4890 licet
666 4828 885 4892 laboris
915 4838 975 4892 et
1001 4829 1365 4907 attentionis,
1397 4828 1680 4891 velociter
1706 4835 2039 4901 recurrant,
2075 4834 2135 4888 et

2234 4847 2326 4899 τες,
2395 4827 2480 4884 ἐπὶ
2534 4829 2596 4884 τὸ
2664 4830 2863 4886 οἰκεῖον
2932 4829 3172 4908 φρούριον
3240 4825 3384 4891 αὖθις
3438 4822 3835 4905 ἀπαναδράμωσι

498 4915 843 4997 diligentius
887 4938 1071 4999 opera
1118 4919 1234 4981 sibi
1287 4919 1596 4981 salutifera
1640 4934 1745 4998 per
1773 4914 2133 4977 laboriosio-

2234 4913 2505 4983 mou81lw:
2556 4922 2653 4982 τῆς
2712 4918 2921 4976 εὐτόνου
2963 4917 3204 4997 ἐργασίας
3247 4916 3334 4972 καὶ
3374 4918 3655 4992 προσοχῆς
3692 4930 3709 4946 ⁶
3765 4913 3837 4969 καὶ

494 5024 622 5069 rem
681 5008 895 5087 agendi
936 5009 1224 5071 rationem
1280 5007 1570 5071 factitent.
1622 5009 1753 5068 Non
1799 5006 1921 5066 vult
1968 5008 2128 5068 enim

2234 5005 2597 5084 προθυμότερον
2645 5007 2751 5065 τῶν
2798 5008 3073 5078 σωζόντων
3129 5005 3313 5068 αὐτοὺς
3369 5002 3558 5082 ἔργων,
3614 5000 3687 5059 δι’
3741 5003 3837 5060 ἐπι·

496 5094 656 5158 Deus
683 5105 886 5177 utpote
916 5096 1126 5175 bonus,
1175 5098 1291 5159 huc
1346 5114 1533 5178 usque
1588 5112 1960 5177 progressam
1990 5093 2126 5155 ani-

2234 5093 2509 5175 εονωτέρας
2563 5096 2783 5175 ἀγωγῆς
2839 5094 3145 5175 δράξωνται.
3202 5096 3276 5152 Οὐ
3356 5090 3603 5169 βούλεται
3670 5094 3767 5172 γὰρ
3814 5094 3837 5146 ὁ

498 5202 653 5247 mam
710 5185 954 5250 omnino
1007 5187 1081 5250 ad
1133 5187 1344 5251 mundi
1398 5205 1638 5250 sensum
1696 5184 1985 5259 converti,
2021 5183 2125 5247 sed

2234 5186 2338 5248 νεὸς
2369 5184 2655 5265 φιλάγαθος
2696 5184 2795 5267 ὢν,
2848 5187 2947 5254 τῆν
3004 5187 3076 5250 είς
3128 5192 3283 5243 τοῦτο
3340 5182 3611 5261 φθάσασαν
3669 5183 3836 5265 ψυχὴν

499 5290 737 5356 semper
762 5278 1045 5358 progredi
1086 5287 1146 5343 et
1192 5279 1642 5361 perfectioribus
1680 5276 1959 5359 operibus
1983 5277 2122 5341 dili-

2237 5275 2346 5338 λως
2402 5274 2533 5353 πρὸς
2582 5275 2681 5343 τὴν
2728 5282 2820 5332 τοῦ
2868 5275 3071 5351 κόσμου
3125 5274 3372 5341 αἴσθησιν
3429 5268 3835 5354 ἔπιστρέφεσθαι,

578 5446 643 5496 ³ο
670 5446 878 5511 Matth.
911 5463 1074 5523 xxxv,
1104 5447 1205 5513 22.
1290 5450 1353 5501 ιο
1378 5449 1579 5516 Eccle.
1610 5469 1671 5529 x,
1705 5453 1763 5515 4.
