4050 6124
147 266 276 331 909

1159 268 1652 334 PHYSICORUM
1697 262 2036 330 CAPITUM
2081 239 2472 334 CENTUBIA
2521 268 2575 330 II

3399 263 3519 336 910

139 402 284 459 ἀλλὰ
312 404 509 480 βαίνειν
553 403 638 460 ἐπὶ
665 404 730 460 τὰ
777 403 961 482 πρόσω
1012 402 1114 478 ἀεὶ,
1159 405 1247 460 καὶ
1295 403 1399 460 τῶν
1455 401 1792 480 τελειοτέρων

1882 405 2086 476 genter
2114 399 2420 480 applicari,
2455 420 2530 462 ne
2562 401 2702 463 mali
2752 401 3049 481 ﬂagellum
3080 403 3208 482 ejus
3239 405 3519 467 taberna-

140 491 318 571 ἔργων
345 489 636 556 σπουδαίως
667 492 987 550 ἐπάπτεσθαι
1021 511 1038 529 ο
1094 492 1187 548 ’ίνα
1233 492 1311 567 μὴ
1366 488 1553 567 μάστιξ
1601 490 1789 552 κακίας

137 589 224 655 τῷ
251 581 450 648 ταύτης
482 580 666 660 ἐγγίση
709 581 1042 656 σκηνώματι,

230 660 322 732 ιθ’,
356 677 543 750 Πεῖρα,
577 672 664 726 καὶ
713 669 956 751 σκόλωψ,
1010 672 1099 730 καὶ
1155 671 1382 748 βάσανος
1435 667 1553 726 κατ’
1582 671 1791 727 οἰκονο-

138 762 274 836 μίαν
330 759 549 823 ἐκείνοις
605 766 760 816 τοῦτο
815 761 876 815 τὸ
948 766 1154 836 πνεῦμα
1229 760 1453 838 γίνεται,
1527 757 1680 822 ὅσους
1756 760 1791 826 ἡ

138 849 336 927 πρώτη
378 849 508 928 πρὸς
578 845 820 927 δευτέραν
873 847 1126 906 ἀπάθειαν
1167 844 1362 915 ἤλασεν
1396 862 1410 877 ⁶
1457 848 1530 912 ὡς
1576 847 1636 905 ἂν
1693 849 1792 904 ὑπὸ

135 938 346 1005 ταύτης
377 936 722 1018 ὀχλούμενοι,
767 943 864 1005 τῆς
919 943 1142 1018 φυσικῆς
1174 938 1470 1015 μέμνηνται
1498 937 1788 1012 ἀσθενείας,

137 1029 234 1084 καὶ
283 1029 362 1102 μὴ
409 1033 478 1103 τῇ
519 1023 784 1105 ὑπερϐολῇ
826 1030 931 1083 τῶν
988 1027 1048 1084 ἐκ
1096 1033 1197 1096 τῆς
1251 1029 1471 1108 θεωρίας
1515 1026 1789 1083 ἀποκαλύ-

140 1119 321 1196 ψεων,
351 1116 486 1170 κατὰ
538 1116 601 1170 τὸ
645 1113 848 1193 λόγιον,
906 1115 1304 1195 ὑπεραίρωνται,
1363 1115 1500 1173 ἀλλᾶ
1555 1117 1647 1172 τὸν
1691 1115 1788 1170 ἆν-

138 1203 616 1284 τιστρατευόμενον
658 1211 735 1278 τῷ
778 1204 925 1280 νόμῳ
968 1203 1252 1281 βλέποντες
1295 1214 1388 1264 τοῦ
1426 1206 1546 1268 νοὸς
1593 1208 1789 1284 αὐτῶν,

137 1295 237 1350 καὶ
264 1293 366 1360 τὴν
423 1292 588 1368 ψιλὴν
641 1292 1022 1350 ἆποσείσωνται
1081 1295 1301 1370 μνήμην
1356 1298 1454 1360 τῆς
1485 1293 1740 1372 ἁμαρτίας
1777 1313 1787 1325 ·

140 1378 296 1462 ῳοϐῳ
325 1388 418 1437 τοῦ
449 1381 527 1457 μὴ
556 1378 738 1438 λαϐεῖν
781 1380 1032 1449 αἴσθησιν
1081 1387 1178 1448 τῆς
1211 1382 1579 1458 ἐπιχεομένης
1618 1380 1792 1457 λύμης

141 1471 256 1528 ἀπὸ
285 1474 386 1537 τῆς
421 1470 641 1546 μνήμης
669 1471 856 1547 αὐτῆς,
889 1472 977 1527 καὶ
1005 1477 1095 1527 τοῦ
1123 1470 1284 1546 ὕψους
1327 1475 1427 1538 τῆς
1469 1471 1684 1550 θεωρίας
1714 1469 1792 1545 μὴ

141 1558 433 1641 χαλάσωσι
460 1561 522 1615 τὸ
551 1559 768 1616 ὀπτικὸν
796 1569 889 1618 τοῦ
916 1561 1036 1624 νοὸς
1062 1559 1253 1621 αὐτῶν,

227 1639 305 1706 κ’.
343 1647 508 1704 Μόνοι
537 1648 624 1704 καὶ
664 1653 762 1715 τῆς
807 1647 972 1724 ψιλῆς
1015 1650 1234 1724 μνήμης
1263 1653 1361 1714 τῆς
1404 1648 1659 1728 ἁμαρτίας
1701 1648 1791 1704 τὸν
1814 1679 1853 1728 Β

143 1740 351 1794 ἑαυτῶν
407 1737 524 1794 νοῦν
577 1735 940 1817 ἄνενόχλητον
996 1735 1311 1814 διατηρῆσαι
1367 1735 1624 1816 ἴσχυσαν,
1679 1734 1791 1793 ὅσοι

145 1827 248 1894 τὴν
305 1827 560 1897 ζωοποιὸν
615 1833 707 1883 τοῦ
771 1829 951 1904 Κυρίω
1013 1826 1263 1905 νέκρωσιν
1321 1826 1372 1882 ἐν
1429 1839 1545 1889 τοῖς
1597 1825 1795 1880 ἑαυτῶν

149 1914 335 1991 μέλεσι
391 1915 482 1972 καὶ
522 1916 782 1990 νοήμασιν
833 1913 1025 1974 ἄνωθεν
1084 1913 1270 1972 λαϐεῖν
1326 1912 1410 1972 διὰ
1476 1923 1569 1973 τοῦ
1625 1913 1794 1970 [Ινεύ-

149 2025 322 2080 ματος
391 2001 716 2078 ἠξιώθησαν,
773 2006 862 2060 καὶ
929 2009 1028 2072 τὴν
1084 2005 1181 2079 μὲν
1251 2004 1416 2082 σάρκα
1480 2003 1665 2080 νεκρὰν
1725 2007 1795 2078 τῇ

151 2093 382 2172 ἁμαρτίᾳ
451 2091 809 2172 περιφέρουσι,
882 2093 944 2148 τὸ
998 2090 1052 2148 δὲ
1107 2091 1312 2167 πνεῦμα
1368 2091 1512 2162 ζωὴν
1576 2088 1661 2147 διὰ
1715 2088 1792 2146 δι-

150 2181 435 2247 καιοσύνην
512 2181 611 2247 τὴν
688 2177 742 2234 ἐν
812 2187 1020 2260 Χριστῷ
1096 2178 1272 2247 Ἰησοῦ
1338 2177 1792 2246 κατεπλούτησαν,

156 2271 253 2327 Καὶ
283 2268 428 2333 ὅσοις
459 2271 488 2326 ὁ
517 2268 637 2333 νοῦς
667 2266 820 2335 ἐδόθη
851 2276 1072 2348 Χριστοῦ
1101 2268 1154 2325 ἐν
1179 2267 1326 2346 λόγῳ
1355 2268 1562 2347 σοφίας,
1593 2268 1794 2330 τούτοις

154 2360 241 2414 καὶ
281 2359 317 2426 ἡ
347 2355 711 2436 ἂνενόχλητος
754 2361 1012 2428 ζωοποιὸς
1044 2356 1295 2437 νέκρωσις
1325 2356 1381 2414 ἐν
1400 2357 1591 2437 γνώσει
1613 2356 1792 2435 εὑρέθη

155 2454 307 2505 Θεοῦ.

236 2558 306 2592 κα
319 2527 348 2594 ’.
406 2545 539 2600 Ταῖς
592 2533 992 2615 καθαιρομέναις
1046 2533 1162 2614 ἄρτι
1220 2539 1427 2614 ψυχαῖς
1486 2534 1644 2592 εἴωθέ
1679 2556 1794 2598 πως

153 2627 219 2681 τὸ
288 2630 386 2691 τῆς
445 2623 718 2699 ἐπιθυμίας
775 2625 862 2699 καὶ
905 2631 998 2680 τοῦ
1037 2626 1201 2699 θυμοῦ
1255 2621 1588 2699 ἐπεμϐαίνειν
1631 2633 1794 2684 πνεῦ-

158 2736 260 2790 μα.
311 2715 436 2771 Τίνα
482 2694 724 2793 τρόπονς
789 2694 889 2770 εἱνα
943 2714 1064 2776 τοὺς
1099 2694 1662 2791 ⁷καραιτούς-τατασείσ-(λ
1704 2719 1795 2770 τοῦ

156 2801 464 2876 Πνεύματος
548 2808 642 2858 τοῦ
716 2802 863 2880 ἁγίου
945 2797 1301 2879 ἐπιϐρίθοντας
1381 2802 1455 2865 εἰς
1538 2801 1726 2864 ἑαυτάς
1775 2816 1788 2830 ⁸

155 2887 341 2958 ἐπειδὴ
371 2887 426 2946 δὲ
481 2891 568 2947 καὶ
619 2892 654 2958 ἡ
706 2891 849 2970 χαρὰ
889 2894 988 2956 τῆς
1044 2889 1332 2968 ἐλευθερίας
1389 2887 1626 2969 διάχυσίν
1678 2911 1793 2947 τινα

1875 486 2004 547 culo
2036 489 2492 570 appropinquet.

1956 665 2052 727 19.
2097 664 2395 738 I’robatio,
2429 687 2570 729 crux
2603 677 2660 730 et
2691 677 3076 747 tormentum,
3137 674 3256 734 Deo
3288 674 3364 737 ita
3396 676 3510 738 dis-

1875 763 2154 847 ponente,
2189 755 2349 847 idem
2387 760 2630 839 spiritus
2667 761 2728 822 ﬁt
2759 761 2876 821 illis
2905 780 3058 840 quos
3090 763 3278 843 prima
3301 765 3515 847 impas-

1875 842 2125 905 sibilitas
2154 845 2226 905 ad
2260 848 2588 909 secundum
2643 851 2867 911 evexit:
2931 859 2995 911 ut
3051 842 3161 914 hac
3191 842 3520 919 tentati—one

1877 932 2112 1004 turbati,
2145 935 2427 997 naturalis
2479 937 2862 999 meminerint
2911 938 3294 1020 inﬁrmitatis,
3348 953 3407 1008 et
3438 964 3517 1006 ne

1873 1021 2273 1098 magnitudine
2306 1024 2734 1087 revelationum
2765 1037 2823 1088 et
2867 1026 3186 1102 visionum,
3215 1031 3385 1110 juxta
3412 1052 3516 1095 sa-

1872 1126 2036 1169 crum
2070 1111 2329 1186 eﬁ‘atum,
2364 1113 2739 1188 extollantur,
2769 1116 2872 1176 sed
2922 1135 3056 1177 eum
3116 1117 3384 1182 videntes
3415 1122 3516 1202 qui

1874 1197 2216 1260 adversatur
2246 1200 2358 1279 legi
2392 1201 2632 1281 Spiritus
2665 1207 2950 1284 ipsorum,
2979 1205 3070 1267 vel
3107 1207 3294 1270 levem
3329 1197 3513 1272 exc-u-

1877 1286 2021 1346 tiant
2053 1289 2278 1366 peccati
2307 1290 2677 1365 memoriam,
2741 1293 2908 1354 veriti
2957 1312 3031 1356 ne
3059 1294 3136 1356 ab
3167 1297 3277 1359 hac
3309 1315 3514 1361 recor-

1877 1371 2114 1436 datione
2169 1375 2588 1440 detrimentum
2645 1381 2959 1460 patiantur,
3023 1392 3080 1445 et
3135 1404 3210 1447 ne
3266 1385 3341 1448 ab
3400 1389 3512 1450 alta

1876 1464 2377 1544 contemplatione
2404 1468 2708 1530 remittant
2739 1471 2954 1532 mentis
2985 1490 3107 1534 suae
3133 1475 3392 1540 oculum.

1957 1640 2054 1703 ‘20.
2092 1641 2181 1704 llli
2213 1651 2437 1705 tantum
2471 1647 2557 1706 vel
2593 1647 2752 1707 tenui
2818 1657 3196 1728 peccatorum
3227 1655 3514 1716 recorda-

1877 1728 2038 1791 tione
2085 1731 2572 1810 imperturbatam
2624 1744 2881 1797 mentem
2941 1758 3106 1799 suam
3165 1759 3516 1806 conservare

1879 1827 2146 1897 possunt,
2206 1819 2307 1900 qui
2368 1820 2655 1885 viviﬁcam
2715 1823 2823 1886 Dei
2879 1828 3392 1892 mortiﬁcationem
3450 1833 3513 1894 in

1880 1907 2165 1969 membris
2196 1907 2319 1969 suis
2351 1917 2408 1970 et
2437 1911 2894 1990 cogitationibus
2945 1916 3204 1990 desuper
3231 1937 3266 1979 a
3293 1920 3516 2000 Spiritu

1879 2005 2082 2057 sancto
2115 1996 2422 2077 suscipere
2455 2011 2822 2076 meruerunt,
2883 2013 2942 2064 et
2995 2022 3236 2067 carnem
3272 1996 3513 2086 peccato

1881 2085 2416 2174 mortuamiferunt,
2439 2096 2613 2169 atque
2643 2091 2852 2171 spiritu
2897 2092 3049 2154 vitali
3097 2113 3201 2173 per
3221 2085 3512 2174 justitiam

1879 2191 2011 2263 quae
2039 2183 2129 2236 est
2181 2173 2244 2235 in
2301 2174 2536 2237 Christo
2593 2178 2732 2241 Jesu
2793 2179 2956 2241 ditati
3015 2189 3171 2242 sunt.
3207 2173 3277 2246 Et
3301 2184 3517 2263 quibus

1879 2261 2048 2322 datus
2076 2272 2166 2325 est
2219 2281 2430 2324 sensus
2485 2263 2707 2329 Ghristi
2763 2269 2824 2330 in
2876 2287 3154 2332 sermone
3183 2261 3511 2356 sapientiae,

1877 2349 1968 2410 his
2000 2350 2426 2432 imperturbata
2468 2352 2625 2417 inest
2681 2356 2981 2420 viviﬁcans
3017 2358 3079 2420 in
3130 2349 3380 2423 scientia
3407 2349 3516 2425 Dei

1880 2440 2275 2504 mortiﬁcatio.

1959 2530 2055 2588 ‘21.
2083 2528 2146 2619 In
2167 2533 2395 2594 animas
2415 2543 2689 2598 recenter
2713 2535 3021 2597 mundatas
3035 2536 3191 2600 solet
3220 2538 3511 2619 quodam-

1881 2616 2054 2677 modo
2087 2617 2453 2683 descendere
2483 2623 2982 2703 concupiscentiae
3001 2624 3220 2700 iraeque
3240 2616 3511 2706 'spiritus.

1877 2707 1957 2766 At
1985 2708 2278 2786 quomodo
2310 2708 2335 2771 ἲ
2388 2709 2461 2772 Ut
2503 2711 2728 2772 fructus
2759 2712 3016 2773 decutiat
3041 2713 3297 2793 Spiritus
3327 2718 3517 2778 sancti

1877 2793 1996 2854 illis
2023 2796 2465 2874 impendentes.
2503 2799 2646 2862 Cum
2683 2807 2877 2862 autem
2918 2803 3196 2880 gaudium
3232 2804 3517 2868 libertatis

1876 2881 1936 2942 in
1970 2883 2305 2963 hujusmodi
2335 2890 2562 2949 animas
2592 2891 2759 2969 quasi
2807 2889 3179 2965 diffunditur,
3213 2893 3414 2954 omnia
3442 2895 3515 2957 ad

155 2979 428 3058 ἐργάζεται
471 2979 544 3043 εἷς
609 2965 748 3042 τὰς-⁷
774 2965 1016 3041 τοιαύτας
1089 2965 1294 3058 ψυχας,
1363 2980 1399 3046 ἡ
1456 2965 1628 3035 παντα
1662 2980 1792 3058 πρὸς

1882 2970 2190 3034 utilitatem
2220 2973 2545 3056 disponens
2574 2965 2886 3057 sapientia,
2946 2977 3147 3040 volens
3177 2997 3415 3062 semper
3443 2984 3517 3044 ad

155 3067 419 3148 συμφέρον
473 3069 819 3142 οἱκονομοῦσα
862 3067 1037 3147 σοφία,
1097 3070 1226 3146 πρὸς
1284 3067 1473 3133 ἑαυτὴν
1532 3067 1613 3124 ἀεὶ
1667 3068 1794 3144 βου-

154 3156 360 3232 λομένη
401 3153 485 3212 διὰ
511 3161 618 3212 τῶν
647 3160 809 3222 αὐτῆς
868 3155 1213 3234 χαρισμάτων
1269 3153 1440 3211 ἕλκειν
1483 3155 1656 3213 αὐτῶν
1697 3156 1796 3224 τὴν

156 3244 410 3319 διάνοιαν,
472 3246 560 3302 καὶ
619 3243 794 3320 μένειν
839 3245 996 3309 αὐτὰς
1038 3244 1093 3300 ἐν
1135 3244 1588 3324 ταπειναφροσύνῃ
1646 3244 1795 3300 ἀσεί-

155 3360 338 3414 στους,
383 3337 476 3393 ’ίνα
535 3336 613 3412 μὴ
785 3334 961 3413 πολλῇ
1017 3335 1275 3416 ἐλευθερίᾳ
1332 3337 1422 3392 καὶ
1478 3342 1555 3410 τῷ
1587 3334 1798 3412 πλούτῷ

153 3434 261 3485 τῶν
333 3426 682 3506 χαρισμάτων
737 3431 843 3482 τῶν
910 3423 1088 3482 ἄλλων
1140 3428 1556 3504 κατεπαρθῶσιν,
1615 3425 1652 3494 ἢ
1712 3427 1799 3481 καὶ

156 3516 428 3591 οίηθῶσιν,
475 3513 528 3578 ἐξ
568 3511 698 3578 ἰδίας
754 3511 1023 3589 δυνάμεως
1064 3515 1152 3570 καὶ
1206 3512 1485 3587 συνέσεως,
1541 3515 1601 3571 τὸ
1658 3514 1797 3594 μέγα

155 3606 450 3675 κτήσασθαι
537 3611 692 3662 τοῦτο
780 3600 1038 3660 παλάτιον
1112 3607 1215 3670 ,τῆς
1299 3603 1533 3681 εἰρήνης,
1622 3600 1795 3659 δίδωσι

154 3694 361 3757 τούτοις
428 3691 610 3773 χώραν
661 3704 779 3756 τοῖς
822 3691 1112 3766 πνεύμασιν
1155 3688 1415 3764 ἐπιπηδᾷν
1472 3691 1682 3770 αὐταῖς,
1743 3691 1798 3746 ἐν

155 3781 390 3857 συστολῇ
443 3781 606 3848 αὐτῆς
643 3799 657 3814 ο
705 3782 779 3844 ὡς
835 3778 898 3835 ἂν
951 3777 1100 3861 φόϐῳ
1151 3779 1474 3857 βαλλόμεναι
1515 3781 1792 3855 πτώσεως,

155 3873 244 3929 ἐπὶ
272 3870 372 3938 τὴν
416 3867 546 3926 ἰδίαν
588 3868 834 3925 ’ίστανται
883 3866 1123 3948 φυλακὴν
1162 3873 1261 3936 τῆς
1321 3867 1579 3947 μακαρίας
1606 3887 1798 3924 ταπει-

153 3960 485 4040 νοφρόσύνης
521 3974 538 3989 ’
584 3959 672 4016 καὶ
723 3955 816 4013 ’ίνα
862 3959 1116 4032 μαθοῦσαι
1172 3955 1253 4012 ὅτι
1304 3957 1456 4036 σαρκὶ
1489 3956 1579 4012 καὶ
1606 3955 1796 4031 α’ίματι

151 4047 409 4123 δέδενται,
441 4048 728 4119 ἐπιζητῶσι
780 4050 1011 4125 φυσικῶς
1064 4047 1126 4102 τὸ
1177 4046 1371 4102 οἰκεῖον
1421 4047 1685 4124 φρούριον,
1741 4042 1796 4099 ἐν

151 4142 203 4212 ᾧ
243 4133 496 4200 ἀϐλαϐεῖς
537 4134 775 4193 δύνανται
825 4132 1264 4214 διαφυλαχθῆναι,
1309 4139 1378 4212 τῇ
1434 4132 1648 4207 δυνάμει
1700 4138 1794 4189 τοῦ

152 4228 478 4302 πνεύματος.

235 4315 344 4390 κβ.
397 4314 544 4374 Κατὰ
611 4313 708 4380 τὴν
765 4310 1143 4390 ἐπικρατοῦσαν
1197 4317 1304 4368 τῶν
1372 4315 1552 4368 παθῶν
1615 4309 1788 4389 ἀῤῥω-

147 4406 302 4461 στίαν
330 4405 418 4460 καὶ
458 4404 558 4470 τὴν
609 4400 920 4480 ἐγκειμένην
977 4399 1032 4455 ἐν
1073 4401 1209 4474 ἡμῖν
1265 4403 1429 4475 σῆψιν
1463 4404 1561 4467 τῆς
1612 4401 1790 4478 ἁμαρ-

146 4493 290 4567 τίας,
368 4497 474 4548 τῶν
531 4495 837 4569 πειρασμῶν
906 4491 942 4557 ἡ
995 4488 1216 4568 ἐπιφορὰ
1269 4489 1467 4567 γίνεται
1501 4507 1519 4525 ο
1575 4490 1664 4545 καὶ
1731 4489 1791 4544 τὸ

147 4583 407 4660 ποτήριον
435 4582 534 4648 τῆς
586 4579 800 4654 ἀψίνθου
845 4583 952 4635 τῶν
1005 4578 1276 4657 κριμάτων
1319 4584 1471 4657 Θεοῦ,
1525 4576 1562 4645 ἢ
1604 4575 1790 4657 δριμύ-

147 4692 302 4750 τερον
329 4675 568 4748 κιρνᾶται
617 4670 778 4744 ἡμῖν,
836 4666 873 4734 ἢ
928 4665 1373 4744 συμπαθέστερον,
1432 4667 1491 4723 Ei
1547 4665 1643 4742 μὲν
1694 4667 1792 4745 γὰρ

142 4759 362 4834 ἰάσιμός
430 4779 512 4823 τις
569 4755 660 4823 εἴη
716 4757 804 4812 καὶ
872 4755 1241 4834 εὖθεράπευτος
1310 4756 1346 4823 ἡ
1401 4753 1682 4832 ἐγκειμένη
1736 4755 1789 4811 ἐν

144 4852 287 4924 ἡμῖν
313 4846 416 4914 ὕλη
462 4847 560 4914 τῆς
616 4847 873 4924 ἁμαρτίας
910 4844 1016 4900 ἀπὸ
1072 4843 1343 4922 λογισμῶν
1391 4842 1593 4910 δηλαδή
1622 4842 1783 4924 φιλη-

145 4936 316 4994 δόνων
375 4936 412 5005 ἢ
481 4933 778 5016 φιλοζώων,
849 4933 1166 5014 κεκραμένον
1219 4935 1510 5009 συμπαθεία
1563 4935 1625 4990 τὸ
1681 4955 1787 4989 πο-

144 5028 346 5105 τήριων
375 5026 480 5083 τῶν
532 5029 838 5103 πειρασμῶν
893 5024 1035 5101 παρὰ
1089 5029 1180 5078 τοῦ
1221 5024 1396 5102 ἰατροῦ
1447 5021 1554 5078 τῶν
1598 5023 1786 5102 ψυχῶν

143 5114 305 5191 ᾐμῶν
372 5113 590 5188 δίδοται,
679 5115 753 5177 ὡς
845 5110 900 5170 ἐν
978 5112 1316 5190 ἀνθρωπίνοις
1399 5109 1787 5186 ἐξεταζομένοις

145 5205 380 5279 νοήμασι
433 5202 515 5284 [ἐν
570 5199 692 5264 ἄλλ.
751 5201 1068 5280 νοσήμασι],
1113 5202 1200 5258 καὶ
1250 5199 1325 5257 ἔτι
1373 5201 1440 5257 τὰ
1491 5200 1786 5279 ἀνθρώπινα

145 5291 449 5372 πάσχουσιν
479 5308 494 5322 ⁶
556 5293 600 5347 εἰ
643 5289 698 5347 δὲ
753 5288 988 5353 δυσίατός
1040 5312 1122 5353 τις
1167 5289 1258 5357 εἴη
1287 5292 1375 5347 καὶ
1403 5289 1683 5369 ἐγκειμένη
1712 5291 1784 5353 είς

147 5381 330 5456 βάθος,
390 5381 478 5437 καὶ
527 5379 625 5446 τὴν
692 5381 822 5458 πρὸς
885 5379 1105 5436 θάνατον
1161 5381 1532 5459 κατεργάζεται
1593 5383 1779 5455 σῆψιν,

148 5468 258 5524 ἀπὸ
299 5467 572 5548 λογισμῶν
613 5467 916 5539 ἀλαζονείας
963 5469 1050 5523 καὶ
1105 5469 1460 5550 ὑπερηφανίας
1519 5469 1777 5550 ἐσχάτης,

149 5556 374 5634 ἄκρατον
424 5558 477 5613 ἐν
534 5555 804 5635 δριμύτητι
847 5559 1008 5630 θυμοῦ
1049 5555 1238 5614 δίδοται
1275 5580 1288 5593 '
1337 5562 1409 5623 ὡς
1451 5557 1513 5615 ἂν
1555 5563 1632 5636 τῷ
1661 5564 1779 5639 πυρὶ

1877 3059 2132 3140 seipsam
2162 3081 2270 3142 per
2296 3082 2400 3126 sua
2428 3065 2784 3126 charismata
2807 3066 3046 3126 allicere
3076 3059 3326 3129 illarum
3345 3071 3511 3148 cogi-

1881 3148 2152 3230 tationes,
2187 3160 2244 3212 et
2274 3153 2514 3214 easdem
2547 3172 2849 3233 permane:
2871 3173 2902 3214 e
2956 3154 3016 3214 in
3049 3155 3382 3220 humilitate
3413 3159 3513 3220 in.

1881 3253 2216 3313 concussas,
2282 3259 2357 3302 ne
2414 3241 2604 3304 multa
2660 3241 2931 3303 libertate
2988 3251 3046 3304 et
3095 3245 3514 3310 charismatum

1879 3324 2241 3390 abundantia
2289 3348 2421 3392 sese
2466 3331 2598 3392 aliis
2647 3331 2980 3411 praeferant,
3038 3333 3126 3393 vel
3158 3334 3522 3399 arbitrentur

1882 3416 2121 3504 propria
2149 3435 2211 3477 se
2259 3419 2476 3481 virtute
2524 3419 2737 3500 potitos
2785 3421 2968 3482 tuisse
3020 3421 3133 3482 hoc
3163 3429 3321 3484 tanto
3354 3425 3516 3504 pacis

1882 3503 2118 3595 palatio,
2152 3505 2269 3568 illis
2319 3507 2611 3586 permittit
2651 3508 2955 3588 Spiritibus
2999 3516 3060 3570 ut
3107 3527 3237 3570 eam
3266 3503 3514 3595 irruant,

1880 3589 2186 3672 ipsamque
2217 3595 2370 3656 hanc
2403 3614 2610 3675 pacem
2659 3596 2928 3670 retrahit,
2982 3606 3046 3658 ut
3078 3597 3288 3659 timore
3317 3589 3518 3680 lapsus

1881 3685 2168 3760 perculsae
2195 3686 2268 3745 ad
2301 3686 2534 3749 felicem
2579 3686 2972 3749 humilitatem
3003 3686 3120 3748 sibi
3147 3707 3511 3752 conservan-

1881 3769 2014 3829 dam
2047 3770 2376 3850 invigilent,
2436 3783 2614 3854 utque
2666 3772 2926 3835 scientes
2975 3791 3041 3836 se
3091 3776 3256 3836 carni
3285 3784 3345 3838 et
3372 3792 3516 3840 san-

1879 3857 2042 3935 guini
2063 3878 2191 3920 esse
2215 3860 2502 3939 alligatas,
2529 3862 2876 3924 naturaliter
2895 3861 3196 3942 inquirant
3211 3866 3511 3945 propriam

1878 3964 2099 4023 arcem,
2135 3948 2236 4009 ubi
2265 3948 2619 4012 innocentes
2655 3951 2868 4011 virtute
2897 3949 3142 4029 spiritus
3171 3955 3515 4016 conservari

1878 4045 2146 4116 possunt.

1953 4306 2049 4368 22.
2084 4304 2260 4367 Prout
2289 4303 2512 4366 inﬁrmi
2543 4322 2747 4366 sumus
2789 4313 2848 4366 et
2896 4303 3068 4366 nobis
3094 4305 3250 4368 inest
3282 4312 3511 4388 peccati

1873 4400 2195 4475 corruptio,
2217 4391 2932 4474 tribulationumimpetus
2949 4393 3016 4456 ﬁt
3038 4403 3096 4456 et
3117 4395 3513 4460 absinthiatus

1865 4484 2230 4566 judiciorum
2261 4482 2572 4574 Dei‘calix
2627 4483 2903 4574 acerbior
2959 4483 3048 4545 vel
3108 4485 3508 4574 mitior-nobis

1876 4571 2182 4635 miscetur.
2213 4570 2277 4632 Si
2306 4569 2464 4632 enim
2495 4570 2900 4632 remediabilis
2927 4579 2985 4632 et
3015 4572 3298 4636 curabilis
3324 4569 3400 4636 sit
3423 4576 3511 4637 in-

1875 4661 2004 4724 fusa
2058 4660 2230 4721 nobis
2287 4659 2533 4721 materia
2589 4659 2834 4739 peccati,
2903 4678 2938 4720 a
2992 4659 3178 4722 nimio
3235 4662 3512 4726 videlicet

1871 4750 2231 4830 voluptatum
2260 4747 2507 4828 vitaeque
2536 4765 2738 4808 amore
2795 4754 3021 4821 exorta,
3058 4748 3505 4813 tribulationum

1870 4857 1904 4901 a
1934 4837 2165 4900 medico
2207 4836 2538 4898 animarum
2573 4835 2733 4896 mitis
2767 4835 3050 4898 miscetur
3079 4835 3273 4912 nobis,
3307 4847 3511 4918 utpote

1869 4928 2062 4989 adhuc
2093 4925 2495 4987 laborantibus
2553 4924 2828 4985 humanis
2879 4923 3101 4984 morbis
3136 4925 3249 5004 (vel
3279 4927 3505 5002 cogita-

1870 5015 2180 5096 tionibus),
2215 5015 2486 5076 etadhuc
2511 5031 2640 5093 quae
2670 5023 2804 5075 sunt
2839 5011 3098 5074 hominis
3129 5013 3503 5092 patientibus.

1869 5105 1932 5168 Si
1960 5112 2154 5166 autem
2183 5102 2642 5165 irremediabilis
2655 5101 2730 5161 sit
2753 5111 2814 5162 et
2837 5100 2896 5160 in
2914 5099 3188 5180 abyssum
3209 5100 3504 5176 demersa,

1870 5204 1928 5258 et
1950 5196 2387 5274 corruptionem
2414 5190 2696 5273 producat
2722 5191 2894 5250 morti
2916 5189 3246 5268 proximam
3261 5190 3511 5254 materia

1869 5285 2117 5366 peccati,
2152 5301 2186 5342 a
2239 5279 2692 5360 cogitationibus
2745 5279 3096 5355 arrogantiae
3140 5286 3199 5338 et
3227 5285 3508 5341 extremae

1866 5373 2163 5454 superbia:
2215 5369 2590 5453 proveniens,
2653 5374 2790 5428 tunc
2849 5366 3279 5447 intemperatus
3334 5365 3508 5430 nobis

1865 5463 2015 5525 calix
2048 5461 2107 5522 in
2138 5456 2529 5521 amaritudine
2559 5455 2758 5517 cordis
2810 5454 3002 5532 datur,
3059 5463 3120 5516 ut
3161 5454 3305 5536 igne
3331 5456 3509 5524 alter.-

1864 5569 2073 5621 narum
2134 5549 2518 5610 tentationum
2593 5543 2939 5604 imminutus
3005 5553 3508 5628 consumptusque
