4050 6124
543 234 657 301 911
1832 238 2138 306 ΝΙΟΕΤιΕ
2180 238 2187 300 ἶ

2279 238 2622 305 CTORATI
3820 234 3923 299 912

546 369 788 433 morbus
815 385 925 450 per
967 366 1392 445 humilitatem,
1451 368 1694 431 recedat
1745 368 1819 431 ab
1869 368 2186 432 animabus

2279 374 2372 427 τῶν
2426 372 2849 445 αλλεπαλλήλων
2921 376 3055 449 ὁμοῦ
3123 377 3439 455 πειρασμῶν
3497 374 3799 430 έκτακεῐσα
3850 373 3925 425 καὶ

547 459 788 539 nostris,
808 474 1158 535 amarasque
1182 456 1568 535 cogitationes
1590 458 2187 538 lacrymisabluamus

2279 461 2614 519 λεπτυνθετσα
2655 465 2691 532 ἡ
2721 464 2872 528 νόσος
2911 461 2996 522 διὰ
3025 464 3421 537 ταπεινώσεως,
3458 461 3807 539 ἀπογένηται
3832 459 3923 513 ἀπὸ

548 550 662 632 (vel
691 545 1052 627 lugeamus),
1089 564 1158 607 ac
1188 545 1320 625 puri
1372 545 1685 609 videamur
1733 551 1789 609 in
1838 547 2189 610 humilitatis

546 638 770 702 lumine
797 654 913 716 quo
943 635 1155 697 animae
1184 641 1403 696 nostrae
1432 644 1734 711 sanantur,

627 903 730 968 23.
758 903 1075 966 Luctantes
1122 899 1327 980 fugere
1379 919 1498 963 non
1556 909 1803 982 possunt
1829 902 2193 965 successivas

548 992 924 1064 tentationes,
952 988 1072 1052 nisi
1095 989 1388 1071 propriam
1412 998 1738 1070 agnoscant
1757 989 2190 1068 inﬁrmitatem,

549 1092 607 1147 et
636 1081 867 1146 alienos
914 1078 987 1141 ab
1044 1078 1206 1141 omni
1255 1078 1487 1157 justitia
1543 1098 1675 1142 sese
1721 1079 2106 1153 arbitrentur,
2136 1086 2196 1141 et

547 1171 713 1234 omni
742 1168 1019 1251 indignos
1042 1167 1277 1244 solatio,
1300 1167 1464 1229 omni
1492 1169 1747 1243 honore,
1774 1168 1935 1230 omni
1969 1168 2191 1249 quiete.

549 1259 690 1323 Vult
737 1255 895 1321 enim
955 1255 1225 1318 medicus
1254 1256 1586 1319 animarum
1647 1265 1986 1319 noslrarum
2039 1260 2195 1318 Deus

549 1367 659 1413 nos
689 1345 946 1409 humiles
977 1362 1110 1406 esse
1140 1362 1381 1425 semper
1438 1352 1496 1407 et
1542 1344 1870 1421 modestos,
1902 1364 1935 1407 a
1964 1345 2196 1407 cunctis

550 1442 894 1517 segregatos
941 1431 1307 1505 hominibus,
1366 1439 1425 1494 et
1481 1434 1821 1513 passionum
1869 1451 2016 1513 quas
2063 1433 2193 1513 ipse

549 1523 793 1607 pertulit
820 1521 1170 1583 imitatores.
1233 1519 1391 1584 Mitis
1448 1521 1608 1583 enim
1658 1533 1785 1583 erat
1834 1530 1893 1582 et
1950 1521 2193 1583 humilis

2267 551 2374 607 τῶν
2418 553 2608 632 ψυχῶν
2636 553 2813 628 ἡμῶν,
2844 554 2933 609 καὶ
2960 554 3082 617 τοὺς
3113 552 3377 632 ἁλμυροὺς
3405 550 3519 609 τῶν
3550 548 3832 628 λογισμῶν
3855 545 3927 602 διὰ
3988 550 3989 559 “

2269 637 2501 718 δακρύων
2532 639 2948 716 ἀποκλυσώμεθα
2997 639 3079 720 [ἐν
3123 640 3247 701 ἀλλ.
3293 635 3824 715 ἀποκλαυσώμεθα],
3853 633 3927 691 καὶ

2269 730 2486 807 καθαροὶ
2513 728 2823 811 ἐποφθῶμεν
2865 730 2921 786 ἐν
2952 732 3084 810 φωτὶ
3112 731 3488 795 ταπεινώσεως
3532 736 3618 803 τῷ
3647 726 3926 803 largiri”

2274 820 2462 897 ψυχῶν
2492 820 2671 893 ἡμῶν·

2354 896 2465 984 ἦγ’.
2513 911 2620 966 Οὗκ
2675 907 2817 965 ἔστιν
2857 905 3031 973 ἄλλως
3075 910 3198 972 τοὺς
3254 907 3692 986 ἀγωνιζομένους
3752 916 3926 984 φυγεῖν

2274 996 2336 1052 τὸ
2379 994 2785 1064 ἀλλεπάλληλον
2836 999 2942 1053 τῶν
2982 999 3308 1077 πειρασμῶν,
3364 998 3409 1052 εἰ
3466 997 3546 1072 μή
3596 999 3707 1063 τὴν
3737 994 3928 1050 ἑαυτῶν

2275 1083 2543 1142 ἀσθένειαν
2608 1085 2880 1163 ἔπιγνῶσι,
2956 1089 3044 1143 καὶ
3112 1084 3283 1152 ξένους
3350 1086 3530 1151 πάσης
3587 1083 3926 1148 δικαιοσύνης

2278 1173 2491 1238 ἑαυτοὺς
2540 1176 2859 1252 ἡγήσονται,
2916 1177 3097 1243 πάσης
3146 1197 3203 1231 τε
3246 1172 3630 1252 παρακλήσεως
3664 1172 3924 1245 ἆναὲους,

2274 1263 2451 1330 πάσης
2496 1268 2685 1339 τιμῆς,
2736 1265 2912 1332 πάσης
2960 1265 3331 1327 ἀναπαύσεως.
3390 1264 3606 1326 Σκοπὸς
3664 1264 3775 1341 γὰρ
3821 1270 3927 1335 Θεῷ

2272 1353 2531 1431 τῷίατρῷ
2583 1355 2688 1410 τῶν
2717 1357 2906 1433 ψυχῶν
2962 1352 3115 1428 ἡμῶν
3170 1353 3250 1408 ἀεὶ
3302 1353 3585 1415 ταπεινοὺς
3627 1354 3785 1427 ἡμᾶς
3845 1354 3929 1407 εἶ-

2273 1462 2357 1496 ναι
2384 1443 2473 1497 καὶ
2518 1454 2805 1521 κατηφεῖς,
2862 1439 3034 1506 ξένους
3092 1441 3197 1497 ἀπὸ
3252 1442 3448 1505 παντὸς
3500 1441 3817 1519 ἀνθρώπου,
3852 1443 3929 1498 καὶ

2275 1530 2512 1605 μιμητὰς
2552 1533 2658 1586 τῶν
2712 1530 2870 1587 αὑτοῦ
2920 1531 3247 1605 παθημάτων
3304 1535 3476 1606 Πρᾶος
3530 1531 3635 1609 γὰρ
3701 1530 3795 1604 ἧν,
3850 1540 3929 1591 καὶ

549 1614 754 1694 corde,
814 1619 874 1674 et
923 1610 985 1672 in
1036 1609 1492 1673 mansuetudine
1531 1619 1601 1699 Aet
1630 1609 1961 1672 humilitate
1991 1610 2187 1672 cordis

2279 1621 2517 1682 ταπεινὸς
2566 1624 2637 1695 τῇ
2686 1616 2893 1699 καρδίᾳ,
2947 1620 3036 1676 καὶ
3090 1618 3145 1674 ἐν
3188 1618 3446 1696 πραότητι
3504 1620 3596 1675 καὶ
3647 1619 3925 1675 ταπεινὼ-

548 1702 672 1769 vult
697 1719 806 1763 nos
836 1716 1189 1782 percurrere
1217 1715 1462 1761 suorum
1492 1697 1645 1760 viam
1674 1699 2108 1761 mandatorum.

629 1878 730 1943 24.
762 1874 1077 1939 Humilitas
1106 1893 1224 1937 non
1253 1874 1314 1937 in
1346 1874 1598 1937 cervicis
1625 1875 2039 1956 depressione,
2073 1894 2194 1938 non

549 1968 611 2031 in
642 1964 911 2029 crinibus
939 1964 1204 2039 hirsutis,
1231 1982 1350 2025 non
1381 1963 1443 2025 in
1458 1973 1624 2028 veste
1641 1965 1930 2043 neglecta,
1959 1965 2192 2028 brevis-

550 2057 773 2121 simave
800 2061 903 2116 aut
938 2052 1227 2114 maculata
1254 2052 1549 2126 consistit,
1582 2054 1643 2115 in
1674 2053 1891 2135 quibus
1924 2054 2195 2117 nonnulli

552 2153 735 2209 totam
760 2140 1260 2205 circumscribunt
1276 2140 1578 2217 virtutem,
1604 2142 1709 2204 sed
1739 2144 1801 2205 in
1829 2143 2006 2206 corde
2039 2162 2190 2205 con-

552 2234 690 2298 trito
713 2243 774 2295 et
801 2232 864 2293 in
894 2230 1104 2312 spiritu
1125 2229 1498 2306 humilitatis,
1530 2231 1695 2294 utait
1727 2233 1908 2297 David
1937 2255 1952 2294 :
1990 2258 2017 2289 α
2052 2231 2193 2313 Spi-

551 2327 729 2390 ritum
754 2323 1236 2403 contribulatum,
1260 2340 1367 2386 cor
1380 2324 1701 2386 contritum
1730 2331 1788 2387 et
1816 2325 2193 2388 humiliatum

550 2415 710 2480 Deus
738 2432 858 2477 non
888 2412 1178 2495 despiciet
1206 2413 1284 2476 ιί.
1322 2431 1351 2471 ι

634 2593 735 2656 25.
767 2589 945 2653 Aliud
974 2590 1278 2652 humilitas
1307 2589 1650 2667 verborum,
1699 2592 1857 2655 aliud
1891 2591 2192 2654 humilitas

549 2673 864 2754 factorum,
892 2685 952 2740 et
980 2676 1142 2739 aliud
1165 2677 1468 2739 humilitas
1496 2679 1944 2758 cogitationum.
1975 2678 2189 2742 Humi-

550 2770 685 2832 litas
712 2766 1031 2829 verborum
1062 2773 1121 2827 et
1149 2764 1436 2828 factorum
1470 2786 1577 2847 per
1606 2787 1843 2830 omnem
1861 2769 2191 2832 cruciatum

552 2866 612 2922 et
642 2855 934 2919 exteriora
962 2854 1193 2917 virtutis
1225 2855 1508 2916 exercitia
1535 2857 1861 2937 acquiritur
1888 2876 1921 2918 a
1960 2858 2193 2921 luctan-

2274 1727 2353 1763 σει
2407 1704 2623 1771 κακδίας
2677 1705 2920 1784 βούλεται
2974 1709 3120 1783 ἡμᾶς
3161 1707 3371 1787 τρέχειν
3431 1708 3522 1764 τὸν
3580 1704 3782 1786 δρόμον
3827 1713 3931 1762 τῶν

2274 1799 2431 1854 αὺτοῦ
2459 1794 2711 1859 ἐντολῶν,

2354 1875 2457 1947 κδ’.
2508 1875 2570 1943 Ἠ
2626 1886 2967 1964 ταπείνωσις,
3030 1885 3124 1940 οὒκ
3177 1883 3239 1939 ἐκ
3286 1883 3515 1962 τρίψεως
3572 1883 3838 1963 ασῖιχένος,
3898 1887 3934 1952 ἢ

2275 1975 2560 2053 αὐχμηρᾶς
2589 1973 2789 2053 κόμης,
2822 1974 2859 2041 ἢ
2903 1979 3135 2053 χιτῶνος
3175 1970 3517 2047 ἠμελημένοι)
3570 1973 3662 2028 καὶ
3719 1995 3935 2053 τραχυ-

2273 2061 2431 2118 τάτου
2474 2063 2560 2119 καὶ
2588 2068 2807 2141 πιναροῦ
2862 2065 3223 2141 κατορθοῦται,
3284 2061 3338 2117 ἐν
3394 2064 3483 2124 οἷς
3526 2063 3575 2116 οἱ
3633 2060 3831 2118 πολλοὶ
3876 2066 3936 2119 τὸ

2273 2158 2379 2209 πᾶν
2443 2155 2543 2219 τῆς
2612 2151 2804 2230 ἀρετῆς
2860 2150 3253 2231 ἐπιγράφουσιν,
3312 2147 3431 2206 ἀλλ’
3487 2148 3554 2205 ἐκ
3604 2173 3932 2230 συντετριμ-

2275 2239 2438 2317 μένης
2524 2236 2759 2320 καρδίας,
2842 2240 2933 2295 καὶ
2998 2239 3255 2314 πνεύματι
3326 2239 3729 2320 ταπεινώσεως,
3788 2243 3930 2297 κατὰ

2273 2331 2363 2387 τὸν
2394 2329 2610 2385 εἰπόντα
2660 2325 2819 2384 male
2851 2346 2865 2361 ·
2922 2346 2953 2388 (
2996 2333 3207 2401 Πνεῦμα
3262 2326 3731 2408 συντετριμμένον,
3791 2352 3930 2410 κιρ-

2274 2417 2385 2474 δίαν
2416 2415 2863 2497 συντετριμμένην
2902 2417 2991 2473 καὶ
3045 2414 3507 2491 τεταπεινωμένην
3551 2419 3580 2472 ὁ
3640 2419 3775 2482 Θεὸς
3834 2421 3929 2476 οὔκ

2274 2505 2626 2574 ἐξουδενώσει.
2664 2529 2692 2562 ι

2352 2587 2456 2657 κε’.
2500 2577 2662 2654 ’Άλλο
2686 2593 3080 2672 ταπεινο>.ογία,
3123 2594 3211 2650 καὶ
3262 2592 3394 2651 ἄλλο
3450 2595 3793 2669 ταπείνωσις,
3835 2600 3925 2653 καὶ

2272 2684 2404 2743 ἄλλο
2458 2684 2933 2764 ταπεινοφροσύνη.
2999 2675 3059 2740 Ἠ
3115 2683 3210 2758 μὲν
3276 2678 3377 2762 γὰρ
3418 2683 3796 2763 ταπεινολογία
3834 2688 3923 2742 καὶ

2272 2777 2308 2843 ἡ
2350 2774 2689 2852 ταπείνωσις,
2744 2770 2828 2828 διὰ
2884 2772 3063 2839 πάσης
3123 2775 3475 2837 κακοπαθείας
3517 2775 3603 2829 καὶ
3646 2780 3756 2829 τῶν
3787 2774 3918 2841 ἕξω-

2273 2868 2360 2921 θεν
2402 2864 2578 2921 πόνων
2622 2866 2723 2929 τῆς
2777 2861 2992 2941 ἀρετῆς,
3054 2863 3420 2939 κατορθοῦνται
3474 2874 3590 2923 τοῖς
3643 2861 3919 2937 ἀγωνιζο-

551 2946 734 3023 tibus,
758 2945 858 3026 qui
880 2953 1034 3006 totas
1049 2943 1207 3005 vires
1225 2944 1298 3005 ad
1339 2944 1494 3006 solas
1528 2945 1794 3026 corporis
1817 2947 2187 3025 operationes

2279 2951 2483 3032 μένοις,
2552 2951 2669 3030 περὶ
2734 2950 2904 3025 μόνην
2967 2948 3065 3015 τὴν
3137 2949 3441 3023 σωματικὴν
3510 2947 3759 3026 ἐργασίαν
3818 2954 3916 3007 καὶ

553 3043 612 3098 et
623 3032 1080 3097 exercitationes
1094 3032 1427 3121 coadunant
1440 3055 1453 3091 :
1468 3033 1726 3114 ideoque
1747 3034 1893 3097 horu
1904 3054 1957 3096 m
1971 3036 2187 3110 anima,

2279 3042 2562 3121 γυμνασίαν
2590 3042 2652 3096 τὸ
2684 3039 3035 3117 συναγόμενον
3067 3035 3296 3117 ἔχουσαι
3328 3054 3342 3067 ·
3389 3034 3462 3091 διὸ
3485 3037 3573 3091 καὶ
3612 3036 3694 3111 μὴ
3738 3037 3915 3106 οὔσης

552 3141 688 3187 cum
737 3121 950 3201 saepius
983 3138 1102 3209 non
1133 3120 1489 3209 sititirmiter
1533 3121 1812 3199 stabilita,
1843 3124 2187 3187 adveniente

2279 3120 2373 3198 τῆς
2403 3134 2588 3209 ψυχῆς
2617 3126 2875 3192 πολλάκις
2935 3126 2991 3182 ἐν
3031 3127 3375 3205 καταστάσει,
3407 3132 3693 3204 πειρασμοῦ
3739 3129 3923 3185 δίκαν-

550 3210 877 3276 teuiatione
890 3208 1187 3272 turbatur.
1203 3208 1516 3271 Humilitas
1527 3220 1722 3273 autem
1745 3212 2187 3291 cogitationum,

2279 3208 2558 3293 τήσαντος,
2590 3216 2964 3295 ὲκταράσσεται
2990 3233 3009 3252 ο
3052 3217 3088 3282 ἡ
3119 3212 3173 3270 δὲ
3201 3213 3654 3293 ταπεινοφροσύνη
3679 3219 3834 3274 θεῖόν
3872 3241 3921 3274 τι

550 3318 684 3363 cum
707 3299 784 3361 sit
809 3297 1030 3380 aliquid
1055 3297 1316 3387 divinum
1340 3316 1410 3360 ac
1440 3298 1715 3376 sublime,
1749 3300 1809 3360 in
1842 3302 1935 3363 his
1964 3310 2187 3364 tantum

2279 3314 2493 3387 πρᾶγμα
2535 3306 2662 3364 οὖσα
2704 3307 2792 3361 καὶ
2837 3302 3067 3384 ὑψηλὸν,
3119 3302 3174 3359 ἐν
3217 3303 3397 3379 μόνοις
3456 3302 3750 3380 ἐπιγίνεται
3807 3321 3921 3372 τοῖς

547 3388 848 3452 invenitur
875 3387 976 3468 qui
1010 3386 1269 3448 medium
1303 3387 1417 3450 iter
1454 3388 1790 3452 transiliere
1813 3409 1920 3470 per
1944 3388 2187 3470 gratiam

2279 3386 2335 3453 rb
2363 3396 2521 3473 μέσον
2542 3390 2941 3474 ὒπερπηδήσασι
2985 3389 3071 3448 διὰ
3109 3397 3206 3459 τῆς
3247 3402 3341 3451 τοῦ
3361 3391 3718 3470 Παρακλήτου
3733 3394 3921 3463 ἐπιδη-

551 3476 828 3558 Spiritus,
863 3477 922 3538 id
954 3483 1065 3549 est,
1100 3476 1405 3557 progressi
1430 3484 1569 3539 sunt
1597 3496 1701 3558 per
1732 3498 1970 3542 omnem
2004 3479 2191 3545 humi-

550 3567 776 3633 litatem
806 3566 868 3627 in
897 3564 988 3626 via
1018 3564 1255 3627 virtutis
1286 3565 1658 3629 brevissima.

629 3655 729 3719 26.
785 3653 1101 3716 Humilitas
1146 3653 1594 3731 cogitationum,
1643 3655 1823 3717 imam
1874 3666 2194 3736 penetrans

548 3745 804 3809 animam
836 3752 1014 3824 atque
1042 3748 1108 3803 ut
1160 3743 1308 3823 lapis
1367 3743 1559 3821 gravis
1613 3744 1674 3805 in
1730 3763 1860 3807 eam
1890 3746 2187 3828 incidens,

551 3842 708 3896 tanta
733 3833 789 3893 vi
809 3831 969 3893 illam
996 3831 1213 3910 premit
1240 3850 1309 3894 ac
1339 3833 1593 3909 triturat,
1638 3842 1707 3895 ut
1732 3844 1975 3898 evacuet
2002 3845 2189 3898 totum

549 3923 680 4003 ejus
710 3920 894 3983 robur
920 3919 985 3981 in
1040 3920 1203 3982 ﬂuxu
1262 3922 1645 4002 lacrymarum
1700 3922 2079 3995 inexhausta,
2113 3923 2188 3985 ab

548 4009 830 4090 omnique
860 4011 1090 4071 macula
1122 4010 1467 4089 puriﬁcetur
1512 4012 1766 4083 animus,
1813 4021 1874 4074 et
1901 4012 1974 4074 ad
2002 4013 2187 4074 visio-

547 4119 688 4162 nem
721 4096 850 4168 Dei,
876 4098 1046 4178 juxta
1074 4098 1311 4175 Ιεείεηι,
1349 4100 1674 4180 perveniat,
1726 4113 1905 4182 atque
1934 4101 2043 4162 sub
2075 4102 2189 4163 hoc

548 4186 832 4249 instinctu
884 4186 1042 4248 dicat
1094 4199 1154 4247 et
1200 4186 1365 4267 ipse:
1429 4212 1452 4243 (ι
1507 4186 1610 4250 Vae
1644 4188 1814 4270 mihi,
1864 4190 2001 4270 quia
2030 4207 2188 4253 com-

544 4281 808 4354 punctus
833 4292 970 4336 sum
990 4274 1069 4354 Β,
1101 4274 1240 4353 quia
1268 4275 1357 4339 vir
1387 4275 1646 4355 pollutus
1675 4276 1848 4340 labiis
1878 4296 1984 4356 ego
2030 4296 2186 4353 sum,
2211 4287 2361 4357 Dxaz
2416 4286 2573 4344 αὐτὸν
2609 4302 2621 4318 ·

547 4361 706 4424 etin
754 4361 952 4433 medio
1012 4362 1212 4442 populi
1270 4362 1424 4425 labia
1479 4365 1701 4445 polluta
1759 4364 2031 4427 habentis
2081 4386 2190 4446 ego

548 4448 788 4588 habiti,3
807 4456 868 4511 et
893 4467 1096 4529 regem
1112 4452 1433 4514 Dominum
1458 4453 1823 4516 exercituum
1854 4453 1972 4515 vidi
2002 4455 2191 4517 oculis

549 4555 700 4602 meis
794 4582 811 4600 .
840 4561 870 4596 ι

627 4714 727 4778 27.
761 4715 910 4780 Cum
938 4713 1255 4777 verborum
1308 4717 1612 4780 humilitas
1670 4727 1728 4781 te
1760 4721 2182 4800 penetraverit,

547 4814 689 4868 tunc
725 4803 985 4885 superba
1010 4803 1245 4884 eloquia
1273 4805 1383 4866 tibi
1430 4806 1707 4869 desinent
1736 4808 1855 4888 (vel
1884 4810 2183 4892 exspolia-

546 4894 817 4973 buntur).
856 4894 1004 4957 Cum
1033 4892 1334 4957 humilitas
1362 4895 1647 4960 factorum
1683 4901 1742 4958 in
1778 4897 1986 4964 intimo
2001 4900 2181 4963 corde

548 4991 645 5045 tuo
673 4982 933 5045 radicata
961 4982 1163 5065 fuerit,
1223 4991 1361 5045 tunc
1417 4984 1542 5047 sive
1595 4987 2028 5066 superﬁcialem
2058 4989 2183 5051 sive

547 5071 899 5153 profundam
931 5071 1169 5150 rejicies
1215 5073 1530 5135 verborum
1587 5073 2002 5141 humilitatem.
2035 5077 2178 5140 Cum

545 5159 804 5240 denique
833 5177 1092 5242 superna
1145 5160 1569 5241 cogitationum
1619 5164 1951 5228 humilitate
1995 5166 2183 5228 fueris

548 5248 785 5329 dilatus,
816 5255 959 5313 tunc
987 5258 1050 5313 et
1075 5251 1431 5315 exteriorem
1487 5253 1790 5317 humilitas
1819 5273 2090 5338 operum,
2124 5267 2185 5321 et

2274 3486 2398 3562 μίας
2421 3505 2433 3518 ·
2467 3481 2807 3564 προϐαδίσασι
2834 3478 3079 3548 δηλονότι
3108 3478 3193 3537 διὰ
3220 3482 3596 3547 ταπεινώσεως
3620 3483 3802 3549 πάσας
3827 3492 3920 3553 τὴν

2277 3573 2395 3632 ὁδὸν
2436 3574 2538 3641 τὴν
2566 3571 2907 3653 τραχυτάτην
2947 3576 3046 3638 τῆς
3087 3570 3302 3649 ἀρετῆς,

2353 3653 2493 3739 κζ’.
2528 3656 2595 3721 Ἦ.
2644 3661 3092 3740 ταπεινοφροσύνη
3148 3661 3221 3724 εἰς
3277 3660 3413 3736 βάθη
3470 3664 3662 3740 ψυχῆς
3693 3660 3917 3740 εἰσ-δῦσα,

2272 3755 2362 3813 καὶ
2442 3753 2567 3810 ὡσεὶ
2634 3749 2774 3815 λίθος
2845 3750 3005 3829 βαρὺς
3076 3748 3400 3808 ἐπιπεσοῦσα
3456 3751 3614 3825 αὐτῇ,
3692 3755 3924 3828 τοσούτῳ

2271 3843 2467 3909 ταύτην
2529 3837 2751 3899 ἐκθλίϐει
2805 3841 2893 3896 καὶ
2949 3838 3175 3910 ἐκπιέζει
3238 3834 3475 3914 δυνάμει,
3532 3839 3609 3901 ὼς
3680 3845 3920 3909 κενωθῆ-

2271 3954 2356 3990 ναι
2385 3937 2562 3989 πᾶσαν
2589 3931 2753 3997 αὐτῆς
2805 3928 2904 3996 τὴν
2960 3929 3116 4007 ἰσχὺν
3170 3927 3226 3983 ἐν
3280 3933 3348 4003 τῇ
3405 3927 3765 4008 ἀκατασχέτφ
3797 3938 3926 4010 φορᾷ

2270 4021 2372 4078 τῶν
2401 4018 2659 4099 δακρύων,
2692 4019 2783 4076 καὶ
2829 4015 3052 4085 κηλῖδος
3099 4017 3279 4083 πάσης
3332 4020 3439 4072 τῶν
3494 4014 3775 4093 λογισμῶν
3834 4042 3926 4076 ια-

2268 4112 2518 4187 θαρθῆναι
2588 4109 2677 4163 τὸν
2739 4106 2880 4183 νοῦν,
2924 4106 3013 4162 καὶ
3071 4104 3124 4162 ἐν
3180 4104 3403 4177 ὀπτασίᾳ
3456 4106 3727 4183 γενέσθαι,
3784 4110 3922 4167 κατὰ

2269 4198 2359 4254 τὸν
2422 4188 2672 4270 Ἡσαΐαν,
2696 4202 2897 4286 ἏΘεοῦ,
2956 4194 3045 4250 καὶ
3108 4192 3276 4256 οὕτως
3332 4194 3503 4249 εἰπεῖν
3545 4193 3925 4273 ἐνεργούμενον

2709 4280 2753 4338 Ω
2805 4281 2971 4345 τάλας
3021 4280 3147 4360 ἐγὼ,
3224 4280 3306 4338 ὅτι
3363 4281 3779 4361 κατανένυγμαι,
3845 4284 3923 4341 ὅτι

2272 4370 2540 4452 ἅνθρωπος
2610 4372 2705 4443 ὢν,
2761 4373 2850 4429 καὶ
2905 4372 3170 4448 ἀκάθαρτα
3225 4369 3388 4450 χείλη
3446 4369 3615 4449 ἔχων,
3675 4373 3730 4427 ἑν
3776 4375 3928 4449 μέσῳ

2270 4462 2400 4522 λαοῦ
2452 4463 2720 4542 ἀκάθαρτα
2792 4460 2954 4541 χείλη
3011 4458 3258 4538 ἔχοντος,
3333 4459 3442 4537 ἐγὼ
3497 4461 3649 4542 οἰκῶ,
3701 4465 3794 4518 καὶ
3838 4465 3927 4520 τὸν

2268 4550 2488 4628 βασιλέα
2575 4552 2760 4630 Κύριον
2841 4545 3066 4606 Σαϐαὼθ
3171 4545 3320 4605 εἶδον
3422 4562 3539 4611 τοῖς
3621 4548 3925 4630 ὀφθαλμοῖς

2311 4662 2390 4703 ου,

2311 4663 2390 4703 ου,

2267 4663 2308 4716 μ
2346 4718 2452 4800 κζ’.
2492 4711 2643 4787 εὅταν
2674 4729 2747 4790 εἷς
2777 4727 2935 4804 βάθος
2977 4727 3039 4782 τὸ
3081 4723 3488 4804 ταπεινολογεϊν
3538 4748 3622 4784 σοι
3680 4730 3924 4808 προσγέ-

2267 4839 2446 4899 νηται,
2503 4816 2624 4874 τότε
2702 4817 2764 4873 τὸ
2817 4817 3113 4894 ὕψηγορεϊν
3169 4814 3599 4885 ἀποστηθήσεταί
3652 4837 3738 4872 σοι
3804 4818 3921 4897 [ἴσ.

2263 4904 2714 4984 ἀποκτηθήσεται]
2751 4924 2765 4938 °
2840 4904 2966 4961 ὅταν
3035 4901 3090 4959 δὲ
3155 4904 3229 4967 εἰς
3284 4904 3442 4980 βάθος
3512 4905 3547 4972 ἡ
3598 4906 3924 4971 ταπείνωσις

2264 4993 2663 5073 ὲρῥιζωθήσεται
2695 4999 2795 5062 τῆς
2851 4990 3064 5073 καρδίας
3125 5013 3241 5066 σου,
3300 4992 3420 5049 τότε
3461 4995 3551 5050 καὶ
3592 4996 3661 5051 τὸ
3720 4996 3925 5055 ἐπιπο-

2264 5083 2450 5157 λαίως,
2496 5083 2533 5153 ἢ
2591 5085 2728 5141 κατὰ
2796 5084 2952 5160 βάθος
2996 5078 3424 5159 ταπεινολογεϊν,
3483 5080 3924 5154 ἀποϐληθήσεταί

2264 5195 2370 5233 σοι.
2408 5165 2669 5239 ²Οπηνίκα
2709 5170 2763 5228 δὲ
2805 5168 3002 5228 ἄνωθεν
3055 5171 3157 5237 τὴν
3211 5172 3696 5251 ταπεινοφροσύνην
3746 5195 3920 5231 κατα..

2263 5259 2596 5341 πλουτήσῃς,
2656 5267 2950 5328 τηνικαῦτα
3002 5257 3136 5328 αὐτή
3194 5279 3252 5315 τε
3309 5260 3345 5327 ἡ
3407 5257 3596 5325 ἔξωθεν
3653 5264 3921 5322 ταπείνω-

621 5480 676 5531 ﬂ
707 5478 867 5545 Psal.
896 5495 957 5552 ι,
993 5480 1087 5544 19.
1173 5480 1237 5535 4'
1258 5483 1373 5550 Isa.
1407 5505 1488 5566 γι,
1518 5487 1582 5552 5.
1664 5487 1733 5551 In
1762 5485 2011 5567 Vulgata
2033 5488 2290 5555 habetur
2317 5514 2333 5553 :
2371 5492 2535 5571 Quia
2564 5496 2751 5556 tacui.
2835 5492 2901 5544 ὧ
2926 5489 3087 5555 Ibid.
3122 5492 3183 5554 6.
