4050 6124
153 235 312 298 913
1213 238 1706 302 PHYSIGOBUM
1748 236 2091 301 CAPITUM
2136 236 2531 303 CENTUBIA
2557 240 2616 303 II
3448 238 3565 304 914

156 391 297 444 mc,
364 371 456 426 καὶ
510 371 545 438 ἡ
601 372 698 439 τῆς
753 372 996 451 γλώττης
1065 371 1459 452 ταπεινολογία,
1519 371 1700 429 τέλεόν
1763 391 1844 426 σοι

1940 367 2149 447 linguae
2168 367 2475 430 humilitas
2494 366 2600 431 tibi
2641 369 2904 451 perfecte
2924 370 3386 453 evacuabuutur,
3404 371 3572 452 juxta

165 460 693 554 καταργηθήσεται,
761 462 895 517 κατὰ
953 462 1044 517 τὸν
1116 459 1251 517 οὕτω
1306 459 1530 540 λέγοντα
1596 457 1803 518 Παῦλον
1832 474 1847 490 ⁸

1940 458 2178 554 Paulum
2209 458 2510 521 dicentem
2546 479 2561 522 :
2625 478 2669 554 ¢_
2698 457 2854 554 -Cum
2911 466 3107 554 autem
3157 460 3387 522 venerit
3412 459 3572 554 quod

176 568 215 601 ιι
283 546 450 605 Ὀταν
492 546 548 604 δὲ
578 547 701 626 ἔλθῃ
731 550 793 605 τὸ
837 548 1060 629 τέλειον,
1120 551 1181 606 τὸ
1223 549 1284 606 ἐκ
1339 548 1526 629 μέρους
1579 570 1847 628 καταργη-

169 636 451 691 θήσεται-
487 660 516 691 π

1940 547 2261 628 perfectum
2294 554 2402 624 est,
2437 547 2814 610 evacuabitur
2840 548 3000 630 quod
3030 567 3100 610 ex
3130 555 3294 630 parte
3323 556 3413 612 est
3429 549 3514 609 44.
3540 569 3567 609 ο

243 656 451 705 λσεται.
487 660 516 692 ι)

274 747 362 792 κη
376 714 408 787 ’.
474 726 707 784 Καθόσον
777 726 1066 807 ἀπέχουσιν
1127 726 1377 786 ἀνατολαὶ
1443 727 1549 783 ἀπὸ
1618 724 1853 801 δυσμῶν,

174 814 347 871 κατὰ
403 822 653 873 τοσοῦτον
706 815 901 895 ἀπέχει
956 819 991 884 ἡ
1061 813 1264 884 ἀληθὴς
1321 814 1693 894 ταπεινολογία
1752 819 1850 881 τῆς

181 900 471 971 ἀληθινῆς
516 904 885 968 ταπεινώσεως
919 924 934 939 ⁶
994 905 1214 963 καθόσον
1257 903 1311 961 δὲ
1365 907 1556 981 μείζων
1610 908 1712 983 γῆς
1754 902 1851 960 οὑ-

182 993 393 1069 ρανὸς,
451 994 538 1049 καὶ
594 993 749 1073 ψυχὴ
805 995 1075 1070 σώματος,
1141 994 1278 1054 κατά
1345 1000 1593 1051 τοσοῦτον
1664 994 1699 1060 ἡ
1769 990 1853 1048 διὰ

184 1081 516 1157 Πνεύματος
570 1084 721 1160 ἁγίου
774 1081 1019 1159 διδομένη
1074 1097 1193 1148 τοῖς
1248 1084 1468 1150 τελείοις
1498 1104 1849 1164 ταπεινοφρο-

183 1168 367 1245 σύνη,
400 1173 489 1227 καὶ
543 1169 865 1252 τελεωτέρα,
919 1174 1007 1229 καὶ
1062 1174 1255 1249 μείζων
1305 1178 1407 1241 τῆς
1448 1171 1705 1240 ἀληθινῆς
1758 1193 1853 1228 τα-

182 1278 263 1313 πε
270 1279 514 1324 ινωσεως
525 1306 537 1319 .

277 1350 350 1403 κθ
363 1337 393 1409 ’.
440 1350 589 1420 Μήτε
648 1351 740 1407 τὸν
804 1351 1027 1410 ταπεινὰ
1087 1351 1443 1432 φθεγγόμενον
1497 1348 1553 1405 ἐν
1607 1351 1851 1429 σχήματι

185 1437 290 1492 καὶ
373 1437 680 1515 καταστολῇ
754 1439 1144 1514 ταπεινώσεως,
1218 1441 1462 1496 ταπεινὸν
1528 1439 1669 1496 εἶναι
1752 1437 1851 1504 τὴν

184 1523 422 1604 καρδίαν
495 1525 764 1604 ὑπολάϐῃς
838 1528 1092 1605 εὒκόλως,
1178 1530 1315 1605 μήτε
1396 1529 1458 1584 τὸ
1527 1525 1709 1603 ὑψηλὰ
1762 1527 1851 1582 καὶ

185 1613 474 1695 μετέωρα,
531 1614 836 1687 ἀλαζονείας
893 1619 980 1674 καὶ
1048 1617 1208 1698 τύφου
1265 1618 1483 1697 μεστὸν,
1541 1616 1692 1680 ἐκτὸς
1746 1619 1847 1682 τῆς

2017 724 2114 788 28.
2141 724 2432 798 Quantum
2466 724 2644 788 distat
2672 732 2835 788 ortus
2860 725 2933 788 ab
2979 724 3312 801 occidente,
3344 733 3570 792 tantum

1935 812 2108 875 distat
2138 832 2275 875 vera
2304 813 2620 876 verbOrum
2672 814 2975 878 humilitas
3029 833 3064 875 a
3117 832 3253 878 vera
3281 814 3571 879 factorum

1934 902 2265 964 humilitate
2293 919 2309 977 ;
2369 911 2426 965 ct
2453 911 2672 984 quanto
2704 903 3112 983 magnitudine
3144 912 3378 984 praestat
3400 913 3577 968 terra;

1935 990 2144 1051 cwlum
2166 998 2221 1052 et
2243 992 2475 1071 corpori
2498 992 2718 1073 anima,
2747 1000 2904 1054 tanto
2921 992 3338 1072 cogitationum
3371 993 3574 1055 humi-

1933 1077 2068 1140 litas
2090 1099 2193 1160 per
2213 1080 2497 1161 Spiritum
2520 1089 2790 1143 sanctum
2814 1081 2948 1143 data
2959 1080 3240 1162 perfectis
3255 1082 3576 1161 perfectior

1935 1176 2045 1243 est,
2080 1177 2137 1230 et
2165 1171 2438 1250 superior
2465 1187 2602 1232 vera
2625 1169 2914 1233 factorum
2946 1170 3303 1233 humilitate.

2014 1346 2112 1409 29.
2144 1345 2350 1427 Neque
2379 1365 2512 1408 eum
2545 1347 2646 1428 qui
2681 1347 2985 1409 humiliter
3017 1348 3277 1430 loquitur
3305 1356 3365 1411 et
3393 1349 3571 1412 habi-

1934 1439 2055 1493 tum
2087 1434 2560 1516 modestiamque
2591 1435 2941 1497 humilitatis
2970 1454 3095 1517 pra;
3122 1455 3188 1500 se
3220 1438 3356 1512 fert,
3390 1438 3574 1501 corde

1930 1520 2215 1584 humilem
2232 1542 2360 1585 esse
2371 1518 2541 1585 facile
2554 1525 2763 1586 credas
2787 1545 2802 1601 ;
2828 1543 3022 1606 neque
3037 1544 3170 1587 eum
3185 1526 3574 1608 quisublimia

1930 1618 1988 1671 et
2018 1612 2167 1673 elata
2183 1613 2460 1694 loquitur,
2482 1614 2745 1677 vanitate
2765 1622 2824 1674 et
2845 1612 3126 1695 superbia
3144 1634 3278 1678 esse
3299 1616 3566 1697 plenum,

187 1701 285 1759 ἐπὶ
331 1705 541 1769 τούτοις
570 1706 797 1782 βασάνου
832 1724 846 1739 ⁸
904 1705 964 1762 ἐκ
1019 1704 1074 1762 δὲ
1100 1712 1206 1763 τῶν
1233 1712 1452 1786 καρπῶν
1494 1704 1666 1761 αὑτῶν
1720 1703 1845 1761 ἐπι-

1940 1698 2044 1761 nisi
2076 1701 2189 1763 hoc
2218 1700 2499 1763 habueris
2527 1700 3013 1782 comprobatum;
3059 1722 3094 1765 a
3139 1703 3429 1769 fructibus
3458 1723 3570 1766 au-

190 1792 390 1870 γνώσῃ
419 1796 629 1858 αὐτούς.

284 1872 365 1944 λ’.
439 1873 495 1941 Ὀ
576 1886 776 1964 καρπὸς
844 1892 937 1943 τοῦ
992 1885 1292 1960 Πνεῦματος
1359 1889 1451 1940 τοῦ
1506 1885 1656 1962 ἁγίου
1711 1882 1848 1939 ἐστὶν

193 1972 417 2050 ἀγάπη,
513 1974 678 2052 χαρὰ,
779 1974 984 2052 εἰρήνη,
1069 1972 1404 2050 ἀγαθωσύνη,
1498 1971 1845 2053 μακροθυμία,

193 2061 541 2138 χρηστότης,
588 2063 785 2140 πίστις,
850 2060 1112 2140 πραότης,
1183 2059 1462 2138 ἐγκράτεια
1495 2078 1512 2096 ο
1574 2062 1602 2116 ὁ
1657 2058 1713 2115 δὲ
1754 2064 1847 2116 τοῦ

194 2147 443 2205 ἐναντίου
522 2148 822 2224 πνεύματος
903 2149 1102 2229 καρπός
1185 2148 1294 2205 ἐστι
1378 2161 1562 2223 μῖσος,
1658 2147 1847 2222 ἀθυμία

195 2236 468 2311 κοσμικὴ,
568 2237 927 2294 ἀκαταστασία
1023 2241 1230 2317 ψυχῆς,
1313 2238 1528 2316 ταραχὴ
1609 2233 1843 2314 καρδίας,

196 2325 456 2405 πονηρία,
523 2325 796 2405 περίεργον
852 2325 1120 2406 φρόνημα,
1181 2323 1455 2404 ὀλιγωρία,
1510 2325 1667 2404 ὀργὴ,
1712 2323 1844 2380 ἀπι-

200 2413 344 2488 στία,
421 2414 632 2494 φθόνος,
695 2414 981 2494 ἀδηφαγία,
1047 2413 1201 2490 μέθη,
1262 2411 1513 2493 λοιδορία,
1584 2413 1844 2492 κατάκρι-

200 2524 310 2582 σις,
380 2502 624 2579 ἐπιθυμία
684 2509 789 2559 τῶν
846 2502 1152 2584 ὀφθαλμῶν,
1224 2509 1382 2583 τῦφος
1435 2504 1523 2559 καὶ
1575 2501 1850 2573 ἀλαζονεία

200 2596 417 2671 ψυχῆς.
450 2589 548 2648 Ἐκ
600 2598 725 2671 γοῦν
765 2597 869 2649 τῶν
926 2593 1179 2649 τοιούτων
1238 2591 1454 2670 καρπῶν
1527 2592 1590 2648 τὸ
1643 2588 1848 2667 δένδρον

201 2678 347 2737 ἔστω
397 2703 479 2738 σοι
533 2681 818 2759 γνώριμον,
892 2681 981 2737 καὶ
1062 2678 1199 2737 οὕτω
1264 2680 1476 2742 πάντως
1546 2676 1693 2743 εἰδὼς
1750 2676 1847 2754 ἔσῃ

202 2768 361 2825 ποίου
413 2770 707 2843 πνεύματος
763 2768 994 2847 ὑπάρχει
1048 2770 1077 2824 ὁ
1134 2767 1468 2848 ἐντυγχάνων
1512 2788 1618 2828 σοι.
1682 2775 1846 2847 Εχεις

204 2858 312 2935 γὰρ
351 2858 418 2913 τὰ
458 2871 659 2934 σημεῖα
698 2858 895 2914 τούτων
937 2859 1031 2914 καὶ
1067 2857 1172 2913 ἀπὸ
1199 2861 1298 2924 τῆς
1330 2862 1421 2912 τοῦ
1448 2855 1634 2935 Κυρίου
1661 2858 1843 2936 φωνῆς

201 2943 548 3025 ἐκδηλότερον
579 2965 593 2980 ο
655 2968 680 3006 ς
749 2937 806 3003 Ὀ
850 2945 1069 3024 ἀγαθὸς,
1122 2945 1302 3025 φησὶν,
1336 2942 1603 3022 ἄνθρωπος
1645 2943 1707 2999 ἐκ
1753 2948 1846 2998 τοῦ

1932 1795 2049 1850 tem
2083 1808 2287 1853 eorum
2321 1809 2646 1870 cognosces
2676 1809 2800 1854 eos.

2013 1877 2108 1943 30.
2143 1879 2395 1941 Fructus
2426 1879 2680 1960 Spiritus
2711 1880 2898 1942 sancti
2926 1890 3065 1943 sunt
3111 1880 3569 1961 charitas,,gau-

1930 1965 2118 2039 dium,
2140 1986 2272 2048 pax,
2297 1967 2550 2042 bonitas,
2568 1967 3006 2050 longanimitas,
3026 1969 3378 2048 benignitas,
3394 1969 3564 2051 ﬁdes,

1929 2056 2342 2132 mansuetudo,
2380 2056 2766 2120 continentia.
2822 2058 3072 2119 Fructus
3099 2067 3294 2120 autem
3327 2057 3570 2138 maligni

1928 2145 2169 2225 spiritus
2197 2154 2333 2207 sunt
2390 2146 2615 2221 odium,
2680 2145 2856 2207 timor
2910 2147 3264 2223 mundanus,
3299 2146 3566 2210 confusio

1927 2234 2163 2298 animai.
2199 2234 2563 2313 perturbatio
2594 2232 2812 2307 cordis,
2852 2234 3207 2312 malignitas,
3231 2234 3565 2317 curiositas,

1927 2321 3563 2403 incuria.ira,iuﬁdelitas,homicidium,comessationes,
3660 2390 3663 2393 _

1933 2411 2270 2484 ebrietates,
2299 2411 2583 2492 convivia,
2611 2410 3050 2484 condemnatio,
3079 2412 3569 2493 concupiscentia

1934 2501 2264 2572 oculorum,
2292 2502 2485 2561 tumor
2506 2508 2564 2559 et
2582 2499 2859 2580 superbia
2881 2498 3112 2561 animae.
3129 2498 3565 2581 Exhujusmodi

1929 2588 2109 2668 igitur
2138 2588 2426 2650 fructibus
2455 2588 2726 2649 arborem
2761 2605 3077 2666 cognosce,
3112 2596 3172 2649 et
3193 2588 3279 2651 sic
3309 2590 3569 2670 perfecte

1928 2679 2080 2739 scies
2112 2680 2279 2756 cujus
2311 2677 2556 2758 spiritus
2604 2676 2680 2738 sit
2733 2682 3076 2758 quicunque
3134 2676 3241 2738 tibi
3269 2687 3563 2742 occurret.

1928 2766 2322 2828 Manifestiora
2372 2767 2550 2846 hujus
2578 2764 2667 2827 rei
2696 2764 2917 2828 indicia
2944 2765 3168 2847 prabet
3195 2784 3301 2827 vox
3329 2765 3570 2829 Domini

1927 2854 2219 2918 dicentis:
2259 2879 2285 2910 α
2325 2856 2525 2917 Bonus
2564 2854 2742 2918 homo
2770 2855 2847 2916 de
2875 2855 3031 2918 bono
3062 2855 3339 2918 thesauro
3370 2856 3569 2919 cordis

1927 2943 2016 3003 sui
2041 2943 2260 3021 profert
2282 2942 2457 3018 bona,
2483 2951 2541 3005 et
2563 2943 2751 3004 malus
2772 2943 2950 3005 homo
2992 2943 3067 3005 de
3099 2943 3258 3005 malo
3290 2944 3566 3007 thesauro

200 3034 400 3112 ἀγαθοῦ
425 3019 688 3114 θησαυροῦ
715 3039 813 3102 τῆς
841 3019 1066 3113 καρδίας-
1084 3019 1242 3090 αὑτοῦ
1269 3019 1511 3089 ἐκϐάλλει
1540 3033 1606 3088 τὰ
1633 3031 1803 3110 ἀγαθά
1826 3046 1841 3060 ⁹

1940 3019 2129 3091 cordis
2159 3031 2248 3092 sui
2280 3030 2503 3111 profert
2534 3030 2689 3092 mala
2715 3031 2818 3109 ‘5;
2874 3055 2897 3086 η
2951 3031 3141 3113 qualis
3172 3030 3333 3093 enim
3361 3031 3563 3109 arbor,

202 3125 232 3179 ὁ
263 3120 317 3178 δὲ
337 3124 566 3203 πονηρὸς
588 3123 649 3179 ἐκ
675 3129 768 3180 τοῦ
787 3132 1017 3202 πονηροῦ
1042 3126 1301 3201 θησαυροῦ
1328 3121 1425 3188 τῆς
1453 3118 1663 3200 καρδίας
1693 3121 1850 3177 αὑτοῦ

203 3209 450 3268 ἐκϐάλλει
480 3214 545 3268 τὰ
574 3212 782 3290 πονηρά
817 3230 831 3246 ·
880 3230 910 3271 »
966 3208 1149 3279 ἐπειδὴ
1181 3211 1315 3266 κατὰ
1354 3210 1418 3266 τὸ
1462 3207 1667 3289 δένδρον
1707 3209 1794 3265 καὶ
1820 3210 1850 3265 ὁ

201 3301 402 3379 καρπὸς
434 3302 615 3362 αὑτοῦ.

286 3380 395 3452 λα’,
440 3389 533 3447 Ἐν
591 3393 675 3452 οἷς
732 3388 820 3445 οὖν
873 3389 970 3445 εἶσὶ
1024 3389 1114 3444 καὶ
1168 3388 1580 3465 ἀναθεωροῦνται
1634 3386 1702 3443 τὰ
1754 3394 1850 3445 τοῦ

206 3479 353 3557 ἁγίου
396 3480 722 3559 Πνεύματος,
794 3477 847 3534 ἐν
902 3477 1084 3540 αὑτοῖς
1140 3477 1249 3533 ἐστι
1300 3478 1389 3533 καὶ
1443 3478 1479 3544 ἡ
1538 3476 1845 3542 κατοίκησις

205 3576 301 3625 τοῦ
359 3576 488 3626 Θεοῦ
522 3588 536 3603 ·
608 3567 668 3623 ἐκ
729 3567 925 3624 τούτων
986 3566 1076 3623 καὶ
1134 3568 1168 3635 ἡ
1211 3564 1477 3628 ἀθόλωτος
1533 3567 1685 3644 πηγὴ
1754 3571 1847 3621 τοῦ

208 3658 368 3736 λόγου
410 3658 545 3734 μετὰ
586 3656 769 3736 σοφίας
817 3657 905 3711 καὶ
946 3655 1218 3734 γνώσεως,
1274 3653 1372 3710 κᾶν
1413 3675 1471 3710 τε
1524 3653 1844 3711 ταπεινολο-

209 3754 418 3827 γοῦντες
443 3746 759 3819 ἀκούωνται,
790 3740 888 3801 κὲέν
916 3766 975 3800 τε
1021 3743 1201 3819 ὑψηλᾶ
1225 3741 1470 3821 λέγοντες
1497 3760 1513 3778 ⁶
1567 3743 1620 3799 ἐν
1678 3747 1761 3807 οἷς
1791 3740 1845 3797 δὲ

211 3841 307 3896 οὒκ
375 3836 784 3915 ἀναθεωροῦνται
864 3836 911 3889 οἱ
986 3835 1176 3912 καρποὶ
1245 3834 1332 3888 καὶ
1407 3832 1473 3888 τὰ
1538 3833 1845 3910 χαρίσματα

210 3927 410 3997 τούτου,
444 3922 580 3981 ἀλλὰ
606 3932 700 3981 τοῦ
728 3921 961 3978 ἐναντίου
1004 3922 1324 3996 πνεύματος,
1367 3919 1420 3974 ὲν
1448 3923 1630 3982 αὐτοῖς
1658 3919 1846 3982 σκότος

214 3999 359 4071 ἐστὶν.
375 4014 636 4091 ἀγνωσίας
666 4018 820 4090 Θεοῦ,
852 4009 1013 4086 ἐσμός
1061 4030 1118 4065 τε
1164 4011 1368 4088 παθῶν,
1421 4009 1509 4063 καὶ
1538 4008 1844 4073 κατοίκησις

1929 3119 2063 3180 talis
2092 3118 2341 3183 fructus.

2012 3385 2110 3450 31.
2142 3384 2208 3447 In
2254 3385 2468 3466 quibus
2522 3383 2703 3465 igitur
2756 3392 2898 3448 sunt
2952 3392 3014 3448 et
3040 3383 3321 3447 videntur
3345 3387 3571 3451 fructus

1931 3473 2183 3555 Spiritus
2207 3475 2418 3546 sancti,
2445 3474 2506 3535 iu
2530 3473 2617 3536 eis
2638 3475 2796 3537 Deus
2834 3472 3144 3550 inhabitat,
3182 3492 3255 3537 ex
3273 3473 3360 3537 eis
3386 3483 3574 3539 scatet

1928 3564 2060 3626 fons
2089 3563 2375 3643 limpidus
2403 3561 2697 3624 sermonis
2726 3561 3031 3642 sapientia
3054 3570 3114 3624 et
3136 3562 3422 3645 scientiae,
3445 3564 3572 3628 sive

1927 3652 2175 3714 humilia
2203 3652 2471 3713 dicentes
2498 3650 2834 3725 audiantur,
2889 3649 3012 3712 sive
3069 3650 3246 3714 etiam
3296 3652 3469 3715 elata.
3502 3651 3569 3715 In

1927 3742 2140 3823 quibus
2170 3750 2364 3803 autem
2397 3760 2512 3801 nou
2546 3739 2819 3801 videntur
2854 3739 3079 3801 fructus
3108 3749 3168 3803 et
3195 3740 3354 3803 dona
3380 3740 3563 3819 illius,

1928 3830 2031 3891 sed
2057 3830 2296 3908 maligni
2317 3829 2582 3909 spiritus,
2604 3827 2664 3889 iu
2687 3827 2815 3890 istis
2859 3827 3119 3891 teuebm
3142 3837 3281 3891 sunt
3306 3838 3367 3892 et
3393 3830 3570 3911 igno-

1926 3918 2120 3979 rantia
2144 3919 2268 3991 Dei,
2288 3917 2671 3998 cupiditatum
2697 3935 2969 3992 examen,
2996 3925 3055 3978 et
3073 3916 3425 3981 inhabitatio
3452 3918 3572 4000 spis

1926 4007 2142 4068 rituum
2177 4006 2587 4085 malignorum,
2623 4005 2745 4067 sive
2767 4005 3014 4067 humilia
3036 4005 3234 4067 dii-aut
3263 4014 3321 4068 et
3349 4007 3566 4083 ferant,

214 4101 474 4177 πολεμίων
503 4099 840 4176 πνευμάτων,
875 4097 987 4154 εἴτε
1018 4097 1238 4155 ταπεινά
1265 4095 1610 4177 φθεγγόμενοι
1638 4097 1726 4152 καὶ
1753 4117 1845 4175 φο-

1940 4097 2048 4157 ;ive
2077 4094 2339 4174 superba
2364 4113 2498 4156 cum
2528 4092 2791 4156 vestibus
2850 4093 3262 4156 transmarinis
3292 4102 3352 4157 et
3376 4111 3565 4178 appa-

216 4201 416 4272 ροῧντες
447 4192 696 4269 ὁρῶνται,
742 4188 853 4243 εἴτε
892 4187 1075 4262 ὑψηλά
1128 4185 1264 4262 μετὰ
1307 4183 1501 4252 στολῆς
1531 4182 1715 4251 ἐξάλου
1756 4185 1844 4241 καὶ

1940 4193 2094 4246 rente
2124 4185 2461 4264 majestate.

166 4294 169 4297 ’
216 4285 311 4347 τῆς
337 4277 657 4356 φαινομένης
689 4281 1036 4352 σεμνότητος.

294 4360 397 4445 λβ’,
430 4368 503 4426 Οὑ
530 4364 857 4444 προσώποις,
903 4364 940 4434 ἢ
992 4365 1293 4444 σχήμασιν,
1340 4363 1376 4432 ἢ
1434 4361 1612 4441 λόγοις
1668 4382 1848 4441 χαρα-

219 4458 505 4535 κτηρίζεται
560 4456 595 4521 ἡ
664 4452 906 4529 ἀλήθεια,
984 4451 1099 4510 οὑδὲ
1155 4452 1208 4508 ἐν
1264 4453 1473 4516 τούτοϊς
1534 4451 1663 4514 Θεὸς
1717 4449 1849 4506 ἀνα-

219 4548 452 4625 παύεται,
542 4539 660 4598 ἀλλ⁹
745 4541 800 4597 ἐν
881 4539 1113 4621 καρδίαις
1197 4539 1679 4620 συντετριμμέναις,
1761 4539 1849 4594 καὶ

222 4635 466 4709 πνεύμασι
520 4632 917 4702 ταπεινώσεως,
988 4631 1076 4686 καὶ
1149 4634 1356 4710 ψυχαῖς
1423 4627 1848 4709 πεφωτισμέναις

220 4726 315 4780 ὑπὸ
359 4727 455 4789 της
501 4721 746 4800 γνώσεως
805 4727 896 4775 τοῦ
952 4724 1105 4777 Θεοῦ.
1171 4727 1297 4775 Εστι
1354 4718 1455 4796 γὰρ
1509 4715 1598 4772 ὅτε
1662 4715 1848 4771 ὑποπί-

223 4812 407 4870 πτοντά
460 4832 578 4867 τινα
633 4808 812 4887 λόγοις
881 4810 1087 4888 ὁρῶμεν
1166 4806 1340 4883 ἐκτὸς,
1415 4808 1504 4862 καὶ
1571 4817 1846 4868 ταπεινοῖς

222 4907 344 4983 πρὸς
396 4900 568 4958 πάντα
622 4900 903 4978 ’χρώμενον
972 4895 1195 4975 ῥήμασι,
1253 4897 1343 4952 τὸν
1402 4894 1615 4952 ἔπαινον
1641 4892 1846 4983 *θηρώ-

227 4981 369 5069 μενον
436 4995 542 5046 τῶν
596 4988 881 5067 ἀνθρώπων
913 5001 929 5016 '
1002 4986 1150 5048 ἐντὸς
1208 4983 1263 5041 δὲ
1313 4984 1537 5053 οἰήσεως
1591 4981 1844 5059 γέμοντα,

225 5079 387 5160 δόλου,
416 5080 505 5135 καὶ
531 5077 839 5154 βασκανίας,
871 5076 960 5132 καὶ
1001 5075 1133 5153 πρὸς
1180 5074 1272 5129 τὸν
1327 5070 1550 5140 πλησίον
1579 5091 1846 5160 μνησικα-

228 5171 333 5232 κίας
365 5159 379 5202 έ
425 5168 512 5224 καὶ
554 5165 694 5222 ἔστιν
737 5163 824 5222 ὅτε
880 5161 964 5219 διὰ
1018 5161 1348 5229 δικαιοσύνην
1391 5159 1703 5240 μαχόμενόν
1730 5180 1847 5215 τινα

229 5258 393 5337 λόγοις
440 5254 675 5331 ὑψηλοῖς
719 5253 901 5332 σοφίας
953 5253 1162 5330 ὁρῶμεν
1204 5249 1378 5325 ἐκτὸς,
1424 5249 1515 5337 καὶ,
1566 5246 1701 5305 κατὰ
1755 5254 1849 5337 τοῦ

231 5344 457 5423 ψεύδους,
489 5344 527 5413 ἢ
556 5349 654 5411 τῆς
708 5337 1054 5421 παραϐάσεως
1094 5344 1202 5396 τῶν
1255 5340 1407 5396 θείων
1463 5336 1642 5414 νόμων
1693 5336 1848 5394 ἱστά-

306 5561 418 5628 441
448 5563 589 5627 Cor.
621 5577 748 5635 xm,
786 5560 884 5622 t0.
970 5560 1033 5613 45
1058 5557 1265 5622 Matth.
1292 5573 1400 5633 xu,
1434 5554 1534 5620 35.

2011 4359 2109 4425 32.
2137 4362 2265 4424 Non
2290 4361 2482 4434 vultu,
2515 4379 2630 4422 non
2656 4360 2880 4433 habitu,
2916 4377 3034 4421 nou
3059 4358 3255 4422 verbis
3280 4358 3567 4440 exprimi-

1931 4459 2027 4513 tur
2049 4450 2285 4530 veritas,
2308 4468 2418 4511 nec
2449 4449 2510 4510 iu
2542 4450 2616 4511 iis
2635 4449 2956 4530 requiescit
2985 4448 3168 4525 Deus,
3201 4447 3307 4510 sed
3339 4448 3400 4510 in
3429 4465 3568 4511 cor-

1882 4548 1901 4557 ’
1931 4540 2104 4603 dibus
2128 4537 2397 4600 contritis
2409 4537 2832 4620 spiritibusque
2845 4537 3172 4600 humilibus
3187 4556 3256 4600 ac
3269 4536 3569 4600 mentibus

1930 4627 2176 4689 scientia
2205 4626 2311 4688 Dei
2338 4626 2667 4689 illusuatis.
2719 4626 3054 4707 Aliquando
3110 4625 3269 4687 enim
3299 4624 3571 4687 videmus

1929 4716 2186 4797 aliquem
2221 4715 2418 4776 verbis
2449 4715 2709 4777 exterius
2737 4734 2803 4777 se
2833 4715 3298 4796 deprimentem,
3332 4712 3571 4775 humili-

1931 4804 2163 4881 busque
2183 4822 2423 4884 semper
2448 4812 2711 4867 utentem
2734 4803 3109 4866 sermonibus
3124 4803 3197 4864 ad
3211 4801 3447 4864 laudem
3464 4802 3570 4863 ho-

1932 4893 2157 4993 minum
2191 4893 2571 4993 captaqdam,
2604 4893 3078 4993 interius-autem
3112 4888 3572 4993 praesumptione

1933 4982 2198 5062 plenum,
2227 4977 2577 5062 astutiaque,
2612 5001 2680 5045 ac
2709 4983 2956 5064 invidia,
2987 4989 3048 5043 et
3078 4977 3330 5042 memori
3357 4978 3571 5040 adver-

1929 5088 2035 5131 sus
2059 5069 2391 5150 proximum
2414 5071 2524 5133 ira.
2559 5071 2895 5152 Aliquando
2925 5080 3135 5132 contra
3163 5065 3433 5129 videmus
3453 5066 3567 5129 ali-

1929 5178 2103 5240 quem
2132 5159 2390 5221 exterius
2422 5177 2525 5241 pro
2550 5160 2781 5240 justitia
2795 5166 3121 5222 certantem
3146 5153 3318 5219 elatis
3336 5155 3571 5236 sapien-

1927 5247 2026 5309 tia:
2053 5246 2271 5319 verbis,
2304 5255 2365 5310 et
2392 5248 2702 5310 mendacio
2732 5248 3137 5310 divinarumve
3167 5244 3365 5323 legum
3383 5254 3572 5305 trans-

1928 5334 2223 5415 gressioni
2251 5334 2661 5412 obsistentem,
2695 5345 2873 5418 atque
2901 5333 3090 5398 solam
3131 5332 3436 5395 veritatem
3466 5348 3568 5395 re-
