4050 6124
505 207 624 273 915

1793 205 2095 268 ΝΙΕΕΤΕ
2138 203 2563 266 ΡΕΟΤΟΗΑΤΙ

3764 195 3867 258 915

505 338 881 420 spicientem,
916 341 1167 402 interius
1186 359 1325 403 vero
1354 341 1595 420 plenum
1619 338 1926 417 modestia,
1952 337 2114 398 humi
2138 375 2143 386 ι

2239 358 2417 411 μενον,
2449 339 2537 393 καὶ
2565 341 2693 416 πρὸς
2739 340 2907 414 μόνην
2951 341 3152 416 ὁρῶντα
3202 337 3408 406 δηλαδὴ
3467 338 3572 403 τὴν
3617 335 3874 408 ἀλήθειαν,

508 427 689 507 litate,
755 435 814 490 et
876 429 1162 490 charitate
1221 448 1359 508 erga
1407 427 1762 509 proximum.
1826 426 2143 506 Aliquand<

2245 425 2332 480 καὶ
2363 424 2508 487 ἐντὸς
2550 427 2726 492 πάσης
2783 424 2906 483 ὄντα
2955 427 3423 507 μετριοφροσύνης,
3488 420 3878 486 ταπεινώσεως,

508 516 687 578 etiam
735 518 992 598 aliquem
1049 518 1319 579 videmus
1370 517 1721 598 gloriantem
1770 517 1828 576 in
1879 515 2154 592 Domino,

507 605 669 667 Pauli
719 607 906 669 instar
961 608 1020 668 in
1079 607 1332 670 Domino
1389 607 1719 687 gloriantis,
1753 624 1821 667 ac
1852 607 2151 670 dicentis:

520 721 545 750 ε
583 694 897 758 Gloriabor
925 696 985 757 in
1009 697 1452 759 infirmitatibus
1479 697 1627 758 meis
1654 696 1734 754 46.
1778 722 1800 751 ι

585 963 685 1022 33.
721 959 848 1022 Non
880 961 1232 1023 exteriorem
1269 980 1471 1021 eorum
1503 980 1634 1042 qua:
1653 961 1908 1022 dicimus
1935 964 2023 1023 vel
2056 964 2142 1022 f4-

503 1050 716 1124 cimus,
749 1049 1032 1110 corticem
1066 1049 1312 1129 respicit
1347 1054 1518 1120 Deus,
1580 1051 1682 1109 sed
1729 1049 2148 1129 dispositiones

501 1139 860 1218 animarum,
887 1146 947 1199 et
971 1137 1360 1199 intentionem
1404 1157 1518 1218 qua
1544 1137 1631 1198 vel
1655 1138 1902 1200 facimus
1927 1139 1978 1199 al
2007 1139 2145 1219 quid

502 1227 934 1308 apparentium,
997 1227 1086 1287 vel
1145 1227 1402 1287 dicimus
1460 1226 1679 1306 aliquid
1731 1227 2140 1304 cogitatorum.

505 1320 693 1396 Atque
723 1315 876 1376 sicut
903 1315 975 1377 ad
1008 1315 1322 1376 verborum
1356 1315 1467 1375 vim
1496 1323 1556 1376 et
1579 1314 1758 1374 finem
1785 1334 2030 1394 operum
2058 1327 2145 1377 at-

503 1407 756 1466 tendunt
789 1405 830 1466 ii
858 1405 958 1484 qui
1022 1404 1414 1482 intelligentia
1474 1405 1701 1464 ueteris
1758 1416 2055 1482 prastant,
2091 1415 2149 1466 et

502 1502 662 1555 certa
695 1495 773 1556 de
803 1494 921 1554 illis
951 1493 1146 1554 ferunt
1169 1493 1433 1572 judicia:
1491 1496 1575 1553 sic
1635 1517 1659 1546 α
1698 1494 1874 1554 homo
1906 1495 2145 1575 quidem

507 1581 742 1663 faciem,
773 1581 930 1644 Deus
958 1589 1155 1642 autem
1191 1600 1293 1642 cur
1323 1583 1582 1643 intuetur
1611 1582 1692 1640 Π.
1731 1608 1754 1638 ι

579 1760 678 1820 34.
709 1760 812 1821 Dei
834 1759 1073 1821 decreto
1101 1767 1380 1822 statutum
1423 1769 1512 1820 est
1537 1768 1597 1819 ut
1618 1761 1676 1819 in
1700 1762 2146 1838 generationem

501 1855 556 1906 et
579 1847 1020 1926 generationem
1049 1868 1165 1910 non
1194 1849 1543 1911 desinerent
1564 1849 1866 1928 propheta:
1892 1860 1948 1911 et
1973 1851 2146 1911 amici

502 1936 632 2014 ejus
657 1937 975 2016 praeparari
996 1956 1029 1999 a
1056 1936 1277 2018 Spiritu
1307 1945 1534 2011 sancto,
1559 1937 1633 1998 ad
1658 1939 2145 2002 restaurationem

500 2024 785 2086 Ecclesiae
810 2026 1019 2106 ipsius.
1051 2026 1112 2088 Si
1151 2029 1307 2088 enim
1341 2026 1618 2105 antiquus
1647 2025 1825 2087 draco
1854 2046 1971 2088 non
2003 2028 2144 2090 des-

504 2113 623 2175 titit
663 2131 903 2176 vomere
939 2116 998 2176 in
1022 2134 1197 2176 aures
1228 2113 1532 2176 hominum
1569 2116 1790 2193 peccati
1823 2134 2138 2192 venenum,

505 2220 622 2282 quo
655 2202 850 2264 anima
881 2204 1055 2264 morti
1086 2204 1378 2277 redditur,
1405 2203 1704 2283 quomodo
1732 2205 1830 2284 qui
1863 2205 2029 2267 ﬁnxit
2058 2208 2142 2268 si-

500 2289 748 2366 gillatim
782 2291 962 2352 corda
994 2309 1222 2366 eorum,
1246 2311 1362 2352 non
1386 2291 1692 2352 suscitabit
1721 2311 1754 2353 a
1782 2301 1934 2354 terra
1959 2295 2148 2355 humi-

501 2378 679 2441 litatis
710 2382 977 2461 inopem,
1029 2389 1088 2442 et
1135 2398 1168 2443 a
1226 2381 1612 2461 cupiditatum
1668 2389 1931 2445 stercore
1963 2383 2146 2463 eriget

502 2484 851 2549 pauperem,
877 2469 1074 2530 ferens
1092 2469 1347 2547 gladium
1361 2469 1624 2547 spiritus.
1653 2470 1754 2549 qui
1782 2480 1870 2532 est
1899 2473 2024 2534 verl
2045 2493 2141 2534 um

507 2555 610 2616 Dei
633 2557 715 2629 ιε,
737 2557 1162 2636 inadjutorium
1185 2558 1542 2618 hwredilatis
1564 2561 1734 2620 sum?
1764 2557 2142 2624 Convenien-

507 2652 596 2704 ter
626 2643 802 2722 igitur
859 2646 931 2706 ab
992 2645 1323 2708 humilitate
1383 2646 1740 2727 incipientes
1788 2650 1889 2729 qui
1917 2651 2145 2730 seipsos

503 2731 891 2814 abnegarunt,
923 2733 994 2794 ad
1049 2735 1340 2813 fastigium
1391 2735 1654 2797 scientiae
1713 2749 2052 2816 properant,
2087 2751 2142 2801 et

505 2817 676 2880 datur
695 2821 782 2883 eis
800 2823 1060 2902 desuper
1080 2824 1320 2883 verbum
1346 2823 1673 2902 sapientiai,
1700 2825 1914 2886 virtute
1940 2828 2063 2894 Dei.
2085 2837 2145 2888 ut

503 2909 1038 2988 evangelizantibus
1061 2911 1306 2973 salutem
1341 2911 1620 2974 Ecclesiae
1651 2915 1800 2993 ejus.

583 3084 678 3149 35.
722 3108 751 3145 ‹
781 3086 970 3148 Nosce
1001 3087 1282 3168 teipsum,
1320 3113 1344 3143 ιο
1410 3090 1534 3150 haec
1578 3098 1668 3150 est
1719 3108 1852 3152 vera
1885 3101 1938 3152 et
1972 3093 2148 3153 realis

503 3171 790 3235 factorum
819 3175 1137 3250 humilitas,
1181 3195 1312 3256 quae
1349 3176 1524 3238 docet
1565 3178 1951 3240 humilitatem
1985 3180 2145 3258 cogi-

506 3260 816 3344 tationum,
851 3281 956 3323 cor
997 3263 1384 3336 conterenda,
1421 3273 1480 3326 et
1509 3266 1781 3326 eamdem
1815 3267 2144 3346 producere

502 3349 614 3411 scit
635 3357 693 3410 et
708 3368 1081 3413 conservare.
1104 3350 1165 3414 Si
1188 3370 1331 3413 vero
1366 3353 1629 3414 nondum
1665 3355 1914 3434 teipsum
1950 3375 2139 3416 nove-

502 3439 606 3511 ris,
634 3457 829 3520 neque
849 3439 971 3501 scis
990 3439 1128 3521 quid
1157 3440 1231 3501 sit
1255 3440 1583 3516 humilitas,
1608 3460 1716 3503 nec
1728 3445 2046 3523 pervenisti
2070 3446 2141 3505 ad

500 3546 698 3589 veram
721 3529 851 3608 ejus
871 3529 1344 3610 operationemet
1359 3531 1685 3592 custodiam
1706 3532 1963 3606 ;namsei
1974 3551 2139 3613 psum

501 3635 862 3695 cognoscere
891 3625 980 3679 est
1011 3618 1294 3698 perfectio
1324 3618 1685 3699 operationis
1710 3619 2017 3682 virtutum.

583 3707 682 3770 36.
735 3705 843 3778 Qui
896 3724 1004 3786 per
1063 3707 1375 3786 puritatem
1429 3708 1502 3769 ad
1561 3707 1865 3769 scientiam
1919 3710 2142 3771 entium

498 3795 787 3870 ascendit,
818 3796 1078 3876 seipsum
1106 3797 1285 3869 novit,
1310 3809 1483 3876 prout
1504 3796 1728 3857 dictum
1755 3806 1882 3859 est:
1917 3798 2146 3860 «Nosce

500 3885 778 3964 teipsum.
817 3909 845 3940 ι
881 3883 991 3957 Qui
1021 3897 1218 3946 autem
1252 3885 1514 3946 nondum
1547 3887 1906 3947 ascenditall
1941 3889 2143 3949 scien-

498 3972 638 4034 tiam
671 3981 729 4035 et
755 3973 1050 4036 rationum
1082 3975 1398 4035 creationis
1451 3986 1508 4037 et
1567 3974 1896 4036 divinarum
1932 3979 2141 4038 huma-

498 4079 826 4142 narumque
855 4081 1079 4142 rerum,
1111 4063 1270 4123 novit
1301 4063 1544 4142 quidem
1576 4082 1704 4142 qua:
1734 4073 1870 4124 sunt
1901 4065 2059 4125 circa
2081 4084 2146 4127 se

499 4157 556 4210 et
585 4167 716 4230 quae
743 4157 903 4211 extra
935 4169 1024 4230 se,
1058 4150 1320 4230 seipsum
1351 4160 1548 4212 autem
1583 4152 1941 4213 nullatenus.

2243 515 2330 569 καὶ
2358 513 2574 591 ἀγάπης
2598 517 2729 593 πρὸς
2757 517 2848 571 τὸν
2876 514 3103 581 πλησίον
3135 532 3149 547 ⁶
3211 513 3312 571 ἔσθ’
3362 513 3451 569 ὅτε
3479 513 3572 567 καὶ
3601 507 3883 587 καυχώμε-

2241 625 2331 658 νον
2360 602 2412 658 ἐν
2445 605 2636 682 Κυρίῳ,
2671 606 2806 661 κατὰ
2835 605 2926 660 τὸν
2949 603 3085 661 οὕτω
3111 603 3335 682 λέγοντα
3378 600 3588 660 Παῦλον
3653 599 3741 654 καὶ
3771 618 3884 651 καυ-

2238 691 2483 770 χώμενον
2528 692 2582 747 ἐν
2616 694 2804 772 Κυρίῳ,
2838 694 2972 749 κατά
2999 694 3087 750 τὸν
3117 694 3253 750 οῦτω
3280 691 3506 771 λέγοντα
3535 687 3778 764 Παῦλον,

2234 781 2590 860 καυχώμενον
2635 781 2690 837 ἐν
2721 782 2892 860 Κυρίῳ
2924 800 2939 817 ο
2991 804 3016 838 ι
3065 783 3420 861 Καυχήσομαι
3470 778 3526 834 ἐν
3567 789 3697 838 ταῖς
3726 774 3880 829 ἀσθε-

2235 873 2392 932 νείαις
2438 891 2562 943 μου,
2601 892 2628 922 ι

2311 946 2418 1033 λγ’.
2467 958 2540 1014 Οὗ
2589 964 2694 1014 τῶν
2722 957 2850 1036 παρ’
2902 960 3055 1034 ἡμῶν
3101 957 3425 1038 λεγομένων,
3471 958 3508 1025 ἢ
3566 951 3879 1034 πραττόμέ-

2230 1065 2332 1098 νων
2358 1045 2456 1110 τὴν
2512 1044 2816 1125 ἐπιφάνειαν
2873 1049 2968 1125 ὁρᾷ
3010 1049 3038 1103 6
3093 1049 3247 1122 Θεὸς,
3290 1045 3426 1103 ἀλλά
3476 1047 3572 1108 τὰς
3617 1042 3876 1101 διαθέσεις

2229 1137 2332 1186 τῶν
2364 1137 2578 1212 ψυχῶν,
2625 1135 2712 1190 καὶ
2758 1136 2850 1191 τὸν
2907 1137 3107 1192 σκοπὸν
3162 1133 3228 1191 δι’
3283 1137 3341 1191 ὃν
3389 1135 3424 1202 ἢ
3466 1131 3775 1212 πράττομέν
3828 1151 3875 1183 τι

2228 1224 2334 1274 τῶν
2376 1221 2682 1298 ὁρωμένων,
2742 1223 2778 1290 ἢ
2826 1222 3051 1300 λέγομέν
3081 1246 3130 1280 τι
3162 1230 3266 1279 τῶν
3293 1222 3588 1298 νοουμένων
3618 1240 3637 1254 ⁶
3697 1220 3877 1294 ὥσπερ

2228 1306 2293 1374 δὴ
2321 1310 2409 1365 καὶ
2444 1311 2537 1372 τὰς
2568 1308 2812 1386 δυιιάμεις
2840 1317 2946 1367 τῶν
2975 1311 3175 1390 λόγων,
3205 1312 3377 1370 καὶτᾶ
3398 1310 3526 1378 τέλη
3547 1317 3654 1367 τῶν
3678 1309 3881 1386 ἔργων,

2231 1399 2276 1453 οἱ
2306 1397 2506 1454 συνέσει
2536 1405 2640 1456 τῶν
2684 1399 2885 1456 λοιπῶν
2914 1399 3299 1480 διαφέρουντες,
3332 1403 3491 1479 ὁρῶσι
3523 1397 3755 1474 μᾶλλον,
3793 1397 3882 1451 iui

2229 1488 2321 1550 τὰς
2350 1488 2544 1566 κρίσεις
2598 1490 2793 1546 τούτων
2837 1498 3071 1547 ποιοῦσιν
3127 1489 3503 1570 ἀνεπισφαλεϊς
3539 1508 3552 1521 ·
3601 1489 3745 1544 κατά
3794 1487 3884 1540 καὶ

2233 1573 2499 1654 ἅνθρωπος
2543 1578 2638 1652 μὲν
2692 1580 2763 1641 εἷς
2819 1582 3123 1659 πρόσωπον,
3179 1581 3208 1636 6
3264 1578 3319 1634 δὲ
3374 1581 3502 1642 Θεὸς
3531 1579 3608 1640 εἷς
3657 1573 3880 1653 καρδίαν

2232 1667 2347 1741 δρᾷ.

2313 1753 2375 1810 λδ
2386 1745 2415 1816 ’.
2449 1757 2522 1812 0-5
2561 1755 2673 1813 δεῖν
2731 1757 2907 1836 ἐκρίθη
2960 1764 3075 1831 Θεῷ
3116 1757 3194 1831 μὴ
3250 1756 3384 1812 κατὰ
3440 1755 3626 1832 γενεὰς
3654 1755 3746 1809 καὶ
3775 1773 3880 1828 γτ-

2233 1844 2377 1917 νεᾶς,
2451 1846 2726 1924 προφήτας
2781 1845 2937 1902 αὒτοῦ
2992 1847 3080 1902 καὶ
3147 1843 3324 1924 φίλους
3395 1843 3879 1912 κατασκευάζεσθαι

2231 1931 2313 1988 διὰ
2381 1935 2706 2010 Πνεύματος,
2794 1937 2866 2000 εἷς
2935 1937 3289 2013 καταρτισμὸν
3371 1938 3468 1999 τῆς
3544 1931 3882 2000 Ἐκκλησίας

2227 2021 2404 2083 αὖτοῦ.
2442 2024 2498 2079 Εἰ
2543 2024 2643 2102 γὰρ
2693 2026 2721 2079 6
2777 2024 3003 2087 παλαιὸς
3060 2022 3260 2101 δράκων
3306 2024 3408 2101 οὔχ
3460 2024 3662 2102 ὑφῆκεν
3721 2021 3878 2095 ἐμεῖν

2225 2112 2315 2166 τὸν
2345 2112 2423 2166 ἰὸν
2454 2113 2553 2176 τῆς
2584 2113 2840 2191 ἁμαρτίας
2887 2113 2941 2170 ἐν
2989 2127 3110 2178 ταῖς
3162 2113 3351 2174 ἀκοαῖς
3398 2116 3505 2166 τῶν
3556 2110 3876 2181 ἀνθρώπων,

2226 2196 2293 2254 δι’
2323 2201 2382 2254 οῦ
2407 2198 2567 2256 πάλιν
2597 2203 2625 2256 6
2653 2206 2750 2267 τῆς
2809 2206 2993 2281 ψυχῆς
3051 2200 3336 2278 ἐπιγίνεται
3397 2199 3640 2278 ὄλεθρος,
3699 2199 3815 2260 πῶς
3849 2201 3878 2253 6

2225 2286 2432 2351 πλάσας
2487 2290 2622 2344 κατὰ
2679 2292 2845 2364 μόνας
2913 2292 3008 2353 τὰς
3065 2288 3274 2369 καρδίας
3323 2290 3502 2363 ἡμῶν,
3556 2289 3617 2345 οῦ
3669 2288 3878 2354 πένητα

2226 2377 2332 2433 ἀπὸ
2402 2382 2503 2456 γῆς
2560 2380 2928 2444 ταπεινώσεως
2983 2380 3267 2450 ἀναστήσει
3301 2396 3316 2412 °
3362 2380 3450 2435 καὶ
3491 2378 3599 2434 ἀπὸ
3653 2379 3874 2456 κοπρίας

2227 2466 2406 2522 παθῶν
2463 2467 2647 2545 ἐγείρει
2703 2472 2947 2548 πτωχὸν,
3008 2470 3107 2536 τὴν
3161 2476 3251 2526 τοῦ
3322 2468 3620 2542 πνεύματος
3675 2466 3866 2546 ἐπιφε-

2227 2554 2442 2632 ρόμενος
2512 2558 2802 2636 μάχαιραν,
2862 2557 2890 2612 ὅ
2948 2556 3056 2613 ἐστι
3111 2559 3255 2633 ῥῆμα
3307 2564 3460 2628 Θεοῦ,
3507 2557 3576 2621 εἰς
3618 2557 3865 2631 βοήθειαν

2225 2644 2323 2708 τῆς
2383 2641 2733 2721 κληρονομίας
2791 2650 2994 2725 αὐτοῦ,
3056 2647 3283 2710 Εἰκότως
3339 2645 3426 2702 οὖν
3483 2644 3543 2701 ἐκ
3596 2645 3862 2700 ταπεινώ-

2227 2751 2358 2796 σεως
2454 2733 2743 2812 ἀρχόμενοι
2836 2737 2883 2791 οἱ
2972 2735 3181 2800 ἑαυτοὺς
3249 2735 3654 2814 ἀπαρνούμενοι,
3734 2736 3860 2812 πρὸς

2225 2819 2356 2894 ὕψος
2410 2819 2758 2902 ἀνατρέχουσι
2805 2824 3077 2899 γνώσεως,
3128 2825 3215 2879 καὶ
3262 2821 3450 2879 δίδοται
3506 2825 3682 2887 autat;
3721 2823 3860 2879 ἄνω-

2229 2911 2312 2964 θεν
2341 2907 2486 2984 ῥῆμα
2515 2911 2722 2990 σοφίας,
2774 2908 2987 2985 δτνάμει
3044 2918 3198 2986 Θεοῦ,
3257 2914 3328 2977 ὡς
3383 2908 3850 2986 εῦαγγελιξομένοις

2231 2997 2490 3074 σωτηρίαν
2535 3004 2602 3073 τῇ
2634 2998 2924 3066 Ἐκκλησία
2954 2999 3129 3060 αὐτοῦ.

2309 3077 2412 3147 λε’.
2463 3107 2486 3142 α
2540 3089 2702 3143 Γνῶθι
2747 3088 2935 3144 σαυτόν
2970 3103 2983 3117 ·
3025 3111 3049 3142 ιι
3083 3089 3171 3144 καὶ
3212 3089 3365 3144 τοῦτό
3392 3087 3516 3143 ἐστιν
3544 3086 3580 3152 ἦ
3620 3082 3855 3150 ἀληθινὴ

2229 3181 2306 3248 τῷ
2347 3174 2457 3232 ὄντι
2511 3177 2842 3251 ταπείνωσις,
2888 3179 2922 3245 ἡ
2979 3183 3410 3256 ταπεινοφρονεῦν
3469 3171 3860 3251 ἒκδιόάσκσυσα,

2227 3264 2261 3330 ἡ
2314 3264 2652 3342 συντρίβουσα
2693 3265 2791 3326 τὴν
2848 3264 3080 3344 καρδίαν,
3139 3267 3225 3320 καὶ
3281 3264 3407 3320 αὐτὸ
3457 3273 3607 3322 τοῦτο
3655 3261 3861 3341 ἐργάζε-

2226 3355 2399 3422 ζεσθαι
2455 3353 2544 3408 καὶ
2599 3351 2908 3433 φυλάσσειν.
2967 3356 3024 3411 Εἰ
3082 3352 3136 3408 δὲ
3193 3355 3358 3428 μήπω
3428 3351 3591 3430 ἔγνως
3651 3353 3860 3420 σαυτὸν,

2227 3438 2342 3497 οὔτε
2383 3443 2432 3496 τί
2481 3439 2588 3498 ἐστι
2647 3443 2959 3508 ταπείνωσις
3002 3440 3174 3513 οἶδας,
3235 3442 3350 3497 οὔτε
3405 3440 3536 3516 ἥψω
3577 3462 3676 3506 της
3731 3439 3859 3505 ἀλη-

2223 3532 2339 3594 θοῦς
2367 3529 2607 3608 ἐργασίας
2636 3531 2722 3586 καὶ
2751 3530 2983 3610 φυλακῆς
3020 3548 3034 3562 ·
3084 3533 3145 3586 τὸ
3176 3531 3274 3607 γὰρ
3316 3531 3498 3586 ἑαυτὸν
3543 3528 3855 3608 ἐπεγνῶναι,

2224 3617 2371 3683 τέλος
2412 3620 2514 3699 τῆς.
2535 3625 2641 3674 τῶν
2668 3619 2866 3697 ἀρετῶν
2911 3618 3172 3699 ἐργασίας,

2306 3696 2442 3779 λς’.
2503 3697 2560 3763 (Ο
2618 3707 2678 3762 ἐκ
2707 3696 3087 3786 καθαρότητος
3146 3711 3216 3773 είς
3285 3715 3476 3786 γνῶσιν
3534 3729 3640 3763 των
3700 3706 3859 3763 ὄντων

2228 3793 2438 3867 ἐλάσας,
2486 3793 2622 3872 ἔγνω
2661 3796 2868 3868 ἑαυτὸν,
2929 3797 3065 3851 κατά
3115 3799 3175 3851 τὸ
3239 3797 3510 3875 εἰρημένον
3545 3813 3558 3825 '
3622 3819 3644 3846 ι
3708 3799 3863 3851 Γνῶθι

2227 3883 2415 3938 σαυτόν
2449 3900 2464 3917 ⁶
2533 3905 2554 3939 ι
2606 3886 2633 3939 6
2690 3881 2742 3939 δὲ
2776 3885 2942 3958 μήπω
2970 3886 3040 3948 εἰς
3070 3886 3262 3962 γνῶσιν
3291 3886 3570 3964 πεφθακὼς
3613 3888 3784 3942 αὖτῶν
3813 3905 3865 3938 τε

2227 3978 2332 4025 τῶν
2361 3970 2536 4049 λόγων
2563 3973 2659 4039 τῆς
2717 3973 2957 4045 κτίσεως,
3020 3975 3106 4029 καὶ
3165 3979 3269 4028 τῶν
3318 3975 3468 4028 θείων
3528 3975 3616 4029 καὶ
3673 3974 3866 4051 ἀνθρω-

2227 4062 2390 4114 πίνων
2437 4061 2787 4139 πραγμάτων,
2836 4061 2972 4138 ἕγνω
3019 4063 3116 4126 μὲν
3171 4063 3235 4117 τὰ
3288 4063 3404 4138 περὶ
3463 4063 3618 4120 αὺτὸν
3662 4063 3748 4117 καὶ
3805 4062 3868 4115 τὰ

2229 4148 2376 4213 ἐκτὸς
2406 4152 2584 4228 αὐτοῦ,
2625 4151 2810 4206 ἑαυτὸν
2853 4148 2907 4206 δὲ
2939 4147 3198 4225 οὐδαμῶς.

580 4225 680 4298 57.
713 4236 840 4299 Non
870 4225 1028 4299 idem
1060 4225 1167 4317 ego
1198 4247 1254 4298 et
1285 4258 1414 4318 quae
1469 4248 1604 4300 sunt
1635 4242 1962 4302 secundum
1999 4260 2092 4303 me
2127 4263 2142 4318 ;

2307 4227 2409 4307 λζ’.
2472 4237 2578 4294 Οὔκ
2633 4238 2687 4294 εἶ’
2741 4261 2791 4294 τι
2854 4239 2984 4317 ἐγὼ,
3028 4246 3183 4297 τοῦτο
3223 4240 3432 4304 πάντως
3489 4242 3576 4296 καὶ
3630 4241 3696 4294 τὰ
3750 4237 3868 4294 κατ’

499 4343 613 4386 nec
639 4325 794 4386 idem
816 4345 945 4406 qua;
967 4335 1102 4387 sunt
1130 4329 1459 4388 secundum
1484 4347 1579 4388 me
1611 4338 1668 4390 et
1690 4340 1966 4411 quaesunt
1991 4332 2148 4391 circa

499 4431 629 4484 me;
666 4431 774 4473 nec
797 4414 958 4474 idem
986 4434 1116 4495 quae
1137 4425 1272 4477 sunt
1297 4415 1456 4477 circa
1477 4437 1570 4478 me
1593 4425 1649 4478 et
1670 4436 1799 4498 quae
1822 4427 1980 4478 extra
2013 4438 2142 4494 me;

495 4501 600 4563 sed
631 4500 790 4562 aliud
824 4503 970 4576 haec,
1005 4503 1162 4564 aliud
1196 4505 1320 4575 illa,
1374 4505 1531 4566 aliud
1567 4515 1800 4566 caetera.
1835 4506 1953 4584 Ego
1987 4509 2143 4569 enim

494 4589 736 4671 quidem
760 4590 953 4670 imago
977 4609 1107 4652 sum
1131 4591 1264 4667 Dei,
1293 4593 1351 4653 in
1373 4593 1568 4654 anima
1591 4595 2002 4669 intellectuali,
2025 4597 2142 4656 im-

496 4677 730 4739 mortali
752 4686 811 4741 et
840 4679 1110 4740 rationali
1153 4689 1478 4761 spectatus,
1531 4691 1732 4760 utpote
1775 4684 2139 4746 intellectum

496 4766 720 4830 habens
742 4767 905 4829 verbi
931 4779 1182 4847 patrem,
1211 4778 1268 4830 et
1297 4769 1369 4830 ab
1400 4771 1596 4831 anima
1629 4771 1943 4832 intlivisum
1965 4772 2140 4853 eique

492 4857 1082 4921 consubstantialem.
1116 4857 1256 4930 Quae
1285 4866 1481 4918 autem
1515 4868 1846 4939 suntpenes
1871 4872 2142 4928 me,sunt

490 4945 654 5025 regia
685 4945 960 5025 dignitas,
1000 4947 1391 5027 principatus,
1425 4947 1574 5008 ratio
1605 4956 1662 5008 et
1693 4948 1945 5010 liberum
1977 4949 2137 5012 arbi-

490 5033 690 5096 trium.
729 5034 871 5108 Quze
902 5054 1039 5096 vero
1063 5035 1223 5097 circa
1248 5054 1365 5110 me,
1395 5045 1530 5095 sunt
1557 5037 1842 5116 quidquid
1867 5038 2143 5102 facultate

491 5122 882 5201 electivaeligi
897 5132 1326 5205 potest,utesse
1338 5123 2138 5202 agricolam,negotiatorem,

2228 4325 2322 4400 ἐμέ
2355 4343 2370 4359 ⁵
2419 4323 2531 4384 οὐδέ
2561 4326 2615 4382 εἴ
2644 4350 2692 4382 τι
2723 4328 2788 4386 τὰ
2817 4327 2938 4384 κατ’
2971 4328 3087 4402 ἐμὲ,
3123 4338 3274 4386 τοῦτο
3320 4330 3407 4384 καὶ
3449 4329 3514 4384 τὰ
3561 4331 3677 4406 περὶ
3719 4327 3816 4402 ἐμέ
3849 4343 3864 4358 ⁸

2227 4413 2342 4471 οὐδὲ
2386 4415 2438 4472 εἴ
2481 4438 2530 4470 τι
2563 4419 2628 4474 τὰ
2683 4418 2800 4495 περὶ
2850 4416 2970 4492 ἐμὲ,
3020 4426 3174 4474 τοῦτο
3228 4418 3316 4472 καὶ
3373 4419 3439 4472 τὰ
3481 4415 3630 4481 ἐκτὸς
3686 4415 3820 4489 ἐμοῦ
3850 4436 3866 4453 ⁶

2226 4502 2347 4559 ἀλλ’
2377 4502 2506 4560 ἄλλο
2534 4511 2720 4576 ταῦτα,
2752 4507 2840 4562 καὶ
2870 4503 3000 4561 ἄλλο
3030 4505 3233 4579 ἐκεῖνα,
3293 4507 3380 4560 καὶ
3428 4503 3560 4560 ἄλλο
3589 4506 3652 4560 τὰ
3681 4503 3818 4562 ἄλλα
3853 4523 3866 4537 ·

2226 4593 2333 4670 ἐγὼ
2375 4594 2472 4668 μὲν
2502 4595 2602 4672 γὰρ
2645 4594 2798 4650 εἰκών
2855 4595 2961 4670 εἰμι
2995 4601 3149 4673 Θεοῦ,
3201 4592 3255 4648 ἐν
3299 4597 3451 4672 ψυχῇ
3496 4599 3650 4669 νοερᾷ
3695 4614 3753 4648 τε
3784 4599 3870 4651 καὶ

2223 4681 2463 4756 ἀθανάτῳ
2527 4684 2616 4738 καὶ
2683 4681 2876 4760 λογικῇ
2942 4683 3318 4761 θεωρούμενος,
3390 4682 3462 4745 ὡς
3537 4689 3656 4736 νοῦν
3718 4679 3869 4760 ἔχων

2222 4777 2314 4826 τοῦ
2340 4768 2502 4848 λόγου
2551 4771 2777 4851 πατέρα,
2832 4773 2920 4827 καὶ
2976 4770 3072 4837 τῆς
3128 4769 3308 4850 ψυχῆς
3357 4766 3646 4847 ἀδιαίρετόν
3698 4791 3755 4824 τε
3785 4774 3872 4825 καὶ

2225 4860 2504 4933 ὁμοούσιον
2537 4874 2553 4891 ⁸
2612 4861 2678 4916 τὰ
2729 4857 2784 4916 δέ
2831 4880 2892 4938 γε
2921 4859 3038 4915 κατ’
3068 4858 3188 4933 ἐμὲ,
3218 4860 3281 4914 τὸ
3308 4855 3580 4934 βασιλικόν
3626 4857 3760 4938 ἐστι,
3809 4862 3870 4916 τὸ

2224 4947 2470 5028 ἀρχικὸν,
2503 4951 2565 5004 τὸ
2608 4948 2820 5026 λογίκόν
2861 4969 2918 5004 τε
2967 4948 3054 5004 καὶ
3111 4944 3436 5012 αὒτεξούσιον
3472 4963 3486 4977 ·
3535 4949 3601 5003 τὰ
3657 4945 3713 5002 δὲ
3754 4951 3872 5026 περὶ

2225 5035 2342 5115 ἐμὲ,
2415 5036 2515 5093 ὅσα
2567 5038 2628 5094 ἐκ
2691 5037 3043 5116 προαιρέσεως
3099 5036 3327 5115 αἱρετέα,
3392 5038 3453 5091 τὸ
3507 5038 3738 5115 γεωργὸν
3792 5053 3871 5093 εῖ-

2223 5147 2328 5197 vm’
2365 5127 2401 5194 ἢ
2432 5126 2690 5206 ἔμπορον,
2723 5126 2759 5194 ἢ
2792 5126 3188 5200 μαθηματικὸν,
3235 5127 3269 5191 ἢ
3323 5122 3612 5204 φιλόσοφον
3646 5142 3660 5154 '
3719 5128 3783 5180 τὰ

491 5212 1954 5295 mathematicumvelphiloSOphum.Quaulemum
1975 5223 2138 5277 extra
2220 5213 2368 5280 ἐκτὸς
2399 5214 2548 5290 ἐμοῦ,
2607 5214 2708 5270 ὅσα
2749 5235 2806 5270 τε
2861 5214 2978 5292 περὶ
3039 5215 3100 5269 τὸ
3152 5212 3432 5291 φιλότιμον
3494 5219 3587 5269 τοῦ
3641 5215 3752 5288 βίου
3782 5225 3870 5277 καὶ

487 5318 605 5376 me,
631 5300 918 5382 quidquid
931 5302 1140 5364 attinet
1156 5301 1228 5363 ad
1242 5301 1612 5362 saecularium
1633 5302 1926 5364 honorum
1959 5321 2130 5366 amo-

2235 5302 2313 5368 τὴν
2343 5304 2490 5360 κάτω
2545 5302 2832 5380 εὐγένειαν,
2891 5300 3138 5376 πλοῦτος,
3196 5300 3340 5372 δόξα,
3398 5300 3560 5380 τιμὴ,
3613 5305 3870 5380 εὑημερία

560 5512 624 5563 46
651 5512 676 5574 Ι
701 5513 838 5575 Cor.
871 5530 974 5575 xu.
1009 5514 1072 5575 9.
1157 5516 1216 5565 47
1247 5515 1269 5577 Ι
1300 5515 1442 5592 Reg.
1481 5533 1605 5592 xw,
1641 5515 1710 5589 7;
1746 5515 1902 5579 Psal.
1936 5533 2036 5597 vn,
2077 5517 2143 5578 10

2263 5519 2324 5570 48
2354 5516 2573 5598 Ephes.
2610 5533 2688 5598 v1,
2725 5518 2819 5580 l7.
