4050 6124
267 213 397 280 917

1253 229 1746 297 PHYSICORUM
1787 226 2129 295 CAPITUM
2171 229 2564 296 CENTURIA
2608 235 2664 295 II

3536 215 3655 282 918

267 353 368 450 καὶ
406 355 540 450 ῦψος
594 361 929 448 ἀξιωμάτων,
989 370 1025 437 ἢ
1082 371 1143 426 τὸ
1185 366 1472 450 ἀνάπαλιν,
1516 368 1690 445 πενία,
1725 365 1922 441 ἀδοξία,

2021 379 2137 427 rem
2171 373 2460 449 terraeque
2507 367 2686 447 hujus
2733 366 3128 442 nobilitatem,
3163 363 3404 440 divitia,
3436 360 3648 440 gloria,

268 440 486 522 ἀτιμία,
531 450 620 506 καὶ
659 440 942 535 δυστυχία..

361 618 431 689 λη
447 612 476 686 ’.
509 632 622 693 Πᾶς
650 632 679 686 6
707 631 890 689 ἑαυτὸν
931 632 1201 714 ὶπιγνοὺς,
1253 637 1581 694 κατέπαυσεν
1637 635 1746 693 ἀπὸ
1789 635 1930 692 πάν·

276 727 390 800 των
420 718 526 769 τῶν
567 715 737 798 ἔργων
784 721 943 780 αὑτοῦ
990 729 1098 781 τῶν
1159 725 1296 782 κατά
1350 726 1504 800 Θεὸν,
1563 725 1653 782 καὶ
1695 722 1932 792 εἰσῆλθεν

275 797 358 862 εἷς
413 802 475 858 τὸ
505 805 861 894 Δὰγιαστήριον
914 821 1028 872 τοῦ
1064 820 1218 894 Θεοῦ,
1261 814 1359 882 τὴν
1402 797 1586 894 νοεράν
1625 819 1717 871 τοῦ
1759 811 1930 870 Πνεύ-

270 907 445 979 ματος
503 889 851 977 λειτουργίαν,
911 902 998 957 καὶ
1055 903 1128 966 είς
1180 889 1372 979 λιμένα
1425 889 1570 960 θεῒον
1627 906 1725 970 τῆς
1781 900 1930 958 ἀπα..

261 976 414 1039 θείας
457 982 544 1038 καὶ
586 976 956 1053 ταπεινώσεως
987 1004 1000 1020 ⁸
1065 993 1092 1046 6
1147 988 1202 1048 δὲ
1239 976 1428 1068 -μήπω
1471 992 1654 1049 ἑαυτὸν
1711 989 1795 1047 διὰ
1837 1012 1927 1046 ται

261 1072 685 1169 ξειωςξροσύνης
776 1079 864 1169 καί
1257 1079 1526 1160 ἐπιγνοὺς,
1597 1079 1652 1136 ἓν
1735 1080 1929 1160 μόχθῳ

265 1156 466 1249 att-mi
491 1156 696 1249 Δίδρῶτι
744 1166 881 1222 κατὰ
928 1167 1021 1222 τὸν
1073 1167 1188 1243 βίον
1247 1156 1548 1249 πορεύεταί.
1604 1173 1768 1226 Τοῦτο
1812 1156 1924 1244 *γὰρ

270 1240 373 1334 καὶ.
403 1241 568 1334 Δαϐὶδ
618 1250 976 1327 αἰνιττόμενος
1021 1240 1169 1334 ἔλεγε
1202 1273 1221 1292 ο
1273 1240 1331 1311 α’
1359 1263 1523 1315 Τοῦτο
1569 1255 1736 1320 κόπος
1787 1240 1926 1310 ἐστὶν

275 1323 508 1470 ἒώπιόν
551 1355 675 1412 μου,
708 1323 894 1403 ἕως-οὗ
944 1323 1159 1400 εἰσέλθω
1213 1345 1286 1408 εἰς
1342 1346 1402 1400 τὸ
1445 1343 1785 1422 ἀγιαστήριον
1834 1346 1926 1398 τοῦ

329 1435 438 1470 εου.
480 1439 506 1470 ι

329 1435 438 1474 εου.
480 1439 506 1474 1

287 1587 312 1608 κ
349 1493 472 1608 ἐλθί
782 1514 1089 1608 ἐπιγνῷ-τις
1144 1520 1329 1577 ἑαυτόν
1361 1535 1375 1550 ⁸
1428 1529 1582 1579 τοῦτο
1625 1517 1679 1576 δε
1721 1517 1928 1584 πολλης

281 1599 456 1689 δεῖται
499 1601 598 1664 τῆς
643 1599 828 1666 ἔξωθεν
876 1605 1139 1689 φυλακῆς,
1196 1611 1284 1666 καὶ
1323 1614 1424 1676 τῆς
1466 1609 1572 1665 ἀπὸ
1600 1613 1705 1664 τῶν
1731 1629 1928 1684 κοσμι-

277 1686 392 1787 κων
450 1690 779 1787 πραγμάτων
822 1686 1056 1778 σχολῆς,
1101 1686 1189 1754 xi;
1231 1698 1396 1766 αὐτῆς
1449 1701 1546 1767 τῆς
1607 1704 1699 1753 τοῦ
1752 1717 1928 1753 amab

280 1769 437 1867 δότος
492 1772 705 1867 ἐρεύνης
740 1798 760 1816 ⁸
831 1769 1015 1843 αῡύτίκα
1039 1769 1158 1844 ’καὶ
1237 1787 1348 1844 θεία
1401 1810 1482 1853 τις
1541 1783 1790 1867 αἰφνίδιον
1860 1791 1929 1862 τῇ

282 1861 441 1955 ticali)
497 1866 838 1955 fat-traheam;
924 1873 1052 1943 ὑπὲρ
1125 1873 1286 1955 λόγον
1340 1861 1621 1952 ἐπιδημεῖ,
1676 1861 1929 1953 συντριμὲ

282 1948 388 2044 μδ]
445 1949 671 2030 φέρουσα
740 1965 808 2036 τῇ
865 1960 1048 2041 καρδίᾳ
1101 1948 1216 2021 καὶ⁷
1246 1962 1440 2044 δάκρυα
1501 1948 1700 2044 θερμῆς
1755 1948 1926 2020 κατα-

282 2035 502 2132 γύξεωςι
589 2044 663 2108 ὡς
748 2058 1037 2115 τηνικαῦτα
1101 2051 1391 2132 λογίζεσθαι
1472 2055 1562 2110 τὸν
1617 2050 1702 2109 ὑπ’
1763 2055 1928 2118 αὐτῆς

281 2123 678 2208 ἐνεργούμενον,
739 2142 841 2214 γῆν
897 2139 1101 2215 ἑαυτὸν,
1292 2139 1509 2215 σποδὸν,
1562 2143 1652 2199 καὶ
1706 2139 1928 2207 σκώλη-

282 2234 390 2310 κῇ
412 2217 499 2272 καὶ
553 2222 645 2310 οὐκ
700 2221 992 2304 ἄνθρωπον,
1050 2232 1138 2286 καὶ
1179 2230 1392 2310 προσέτι
1450 2228 1585 2306 μηδὲ
1640 2234 1739 2298 τῆς
1787 2252 1928 2296 κτη-

279 2300 478 2398 νώδους
536 2309 730 2377 ταύτης
777 2300 921 2384 ζωῆς
973 2300 1146 2398 ἀξιον,
1205 2300 1290 2377 διὰ
1341 2321 1404 2376 τὸ
1451 2300 1782 2398 ’ὑπερϐάλλον
1828 2323 1928 2384 τῆς

282 2390 707 2498 δωρεᾶς
759 2411 852 2498 τοῦ
907 2415 1058 2484 Θεοῦ,
1107 2390 1162 2465 ἐν
1210 2411 1247 2476 ἧ
1306 2410 1334 2466 6
1388 2390 1629 2488 χρονίσαι
1667 2406 1924 2480 ἀξιωθεὶς,

286 2485 476 2578 μέθης⁸
511 2485 681 2578 ἄλλης
749 2492 975 2572 ἀρρήτου
1030 2495 1348 2578 πληροῦται,
1577 2495 1926 2575 κατανύξεως,

285 2572 378 2667 καί
436 2574 510 2667 εἰς
551 2577 642 2667 τὸν
695 2580 850 2656 βυθὸν
891 2589 990 2652 τῆς
1045 2572 1526 2667 ταπεινοφροσύνης
1585 2572 1925 2666 είσέρχεται⁸

285 2661 378 2754 καὶ
433 2659 621 2728 ἐκστὰς
664 2667 870 2746 ἑαυτοῦ,
921 2673 1134 2730 πάντων
1189 2659 1379 2754 ἀλόγεϊ
1417 2679 1524 2731 τῶν
1577 2659 1763 2737 ἐκτδςη
1783 2673 1929 2751 βρω-

289 2749 509 2842 μάτιον,
552 2756 782 2834 πόσεως,
826 2763 913 2818 καὶ
968 2766 1360 2840 σκεπασμάτων
1401 2769 1494 2820 τοῦ
1537 2761 1805 2842 σώματος,
1853 2761 1930 2836 μὴ

289 2835 609 2930 ῦπερῦαίνων
664 2845 764 2912 τὴν
823 2850 1030 2930 χρείαν,
1103 2835 1190 2916 ὡς’
1237 2850 1539 2914 ἀλλοιωθεὶς
1607 2835 1707 2918 "ﬁt"
1761 2835 1932 2917 έαλῆν

287 2923 570 3024 ἀλλοίωσιν
596 2937 696 3001 τῆς
741 2923 907 3003 δεξιάς
936 2923 1029 2996 τοῦ
1063 2931 1330 3016 Ὑψίστου.

372 3037 412 3088 μ
439 3060 456 3077 .
500 3025 707 3108 ,Χρῆμα
777 3025 1026 3104 μέγιστον
1077 3028 1133 3084 ἐν
1190 3029 1405 3108 ἀρεταῖς
1461 3029 1497 3097 ἡ
1564 3028 1875 3090 ταπείνωσις
1907 3043 1925 3060 ⁸

281 3101 424 3171 αὕτη
454 3107 554 3187 γὰρ
595 3109 650 3166 ἐν
679 3116 765 3178 οἷς
818 3101 878 3170 ἂν
931 3101 1274 3196 ἐμφυτευθείη
1333 3116 1418 3174 διὰ
1460 3118 1739 3193 μετανοίας
1795 3114 1928 3172 εἱλι-

279 3205 492 3285 κρινοῡς
511 3282 527 3285 Α
549 3199 636 3256 καὶ
685 3202 784 3269 τὴν
842 3203 1010 3284 εὐχὴν
1066 3205 1393 3285 συνέμπορον
1435 3207 1570 3282 μετὰ
1625 3203 1928 3285 ἐγκρατείας

280 3281 675 3362 προσλάϐηται,
734 3281 940 3347 παθῶν*
971 3293 1070 3366 μὲν
1145 3281 1330 3352 αὐτίκα
1408 3281 1677 3358 δουλείας⁷
1721 3281 1932 3350 ἐλευθέ-

281 3392 409 3448 ρους
464 3376 645 3463 αὐτοὺς
699 3379 1070 3459 ἀπεργάζεται,
1133 3384 1346 3463 εἰρήνην
1402 3381 1457 3440 δὲ
1523 3396 1649 3447 ταῖς
1702 3380 1931 3458 δυνάμε-

284 3481 374 3552 σιν
424 3462 616 3552 Δαὐτῶν
685 3466 1004 3549 ἐμπαρέχει,
1077 3462 1188 3528 καὶγ
1242 3473 1342 3540 τὴν
1407 3469 1618 3552 καρδίαν
1701 3472 1933 3550 καθαίρει

287 3545 378 3639 διὰ
418 3548 674 3631 δακρύων,
719 3559 806 3614 καὶ
834 3545 1038 3638 πληροῖ
1085 3559 1325 3639 γαλήνης
1375 3545 1536 3629 αὐτην
1593 3561 1647 3617 ἐν
1701 3566 1771 3637 τῇ
1821 3545 1936 3617 ἐπι-

287 3636 458 3716 δημίᾳ
497 3653 592 3702 τοῦ
639 3646 942 3722 Πνεύματος
975 3663 991 3680 ⁸
1039 3648 1175 3706 οὕτω
1217 3647 1272 3706 δὲ
1320 3651 1516 3707 τούτων
1570 3647 1930 3722 διατεθέντων,

287 3725 652 3809 διατρανοῦται
709 3737 738 3791 ὁ
789 3733 948 3814 λόγος
991 3737 1224 3797 ἐντεῦθεν
1287 3741 1472 3801 αὐτοῖς
1528 3743 1627 3806 τῆς
1683 3737 1932 3815 γνώσεως

285 3815 384 3872 τοῦ
439 3827 590 3894 Θεοῦ,
659 3825 745 3878 καὶ
801 3823 853 3878 ἐν
917 3827 1105 3905 θεωρίᾳ
1161 3825 1409 3906 ἔρχονται
1466 3831 1570 3882 τῶν
1634 3826 1932 3903 μυστηρίων

283 3909 388 3971 τῆς
443 3907 713 3984 βασιλείας
774 3918 879 3968 τῶν
949 3917 1204 3992 οὐρανῶν,
1265 3916 1352 3971 καὶ
1396 3916 1565 3970 αὖτῶν
1607 3916 1712 3969 τῶν
1760 3911 1932 3989 λόγων

284 3997 387 4058 τῆς
439 3995 659 4059 κτίσεως
694 4017 712 4034 ⁸
778 4000 1000 4057 καθόσον
1042 3999 1095 4057 δὲ
1152 4003 1226 4065 εἰς
1279 4002 1343 4058 τά
1386 4002 1523 4078 βάθη
1571 4006 1664 4056 τοῦ
1697 4000 1937 4074 [Ινεύμαο

285 4103 381 4145 τος
411 4082 767 4163 ἐμϐαθύνουσι,
824 4090 960 4145 κατά
1013 4097 1264 4146 τοσοῦτον
1305 4092 1393 4146 καὶ
1448 4091 1522 4154 εἷς
1581 4110 1936 4169 ταπεινοφρο-

289 4170 456 4238 σύνης
514 4174 667 4249 βυθὸν
723 4175 1092 4238 καταδύονται.
1150 4176 1246 4235 Ἐκ
1303 4176 1358 4234 δὲ
1427 4179 1614 4236 τούτου
1669 4175 1938 4243 αὐξάνεται

294 4259 479 4326 αὖτοτς
533 4265 569 4332 ἡ
626 4263 906 4344 ἐπίγνωσις
961 4271 1068 4322 τῶν
1111 4267 1315 4323 οίκείων
1359 4267 1586 4347 μέτρων,
1634 4267 1939 4346 γνωρίζεται

293 4352 332 4417 ἡ
363 4351 602 4408 ἀσθένεια
628 4359 728 4421 τῆς
756 4355 1086 4434 ἀνθρωπίνης
1114 4356 1346 4435 φύσεως,
1375 4356 1462 4412 καὶ
1517 4358 1554 4424 ἡ
1605 4355 1793 4434 ἀγάπη
1848 4359 1942 4412 τοῦ

295 4445 430 4494 Θεοῦ
472 4444 558 4497 καὶ
602 4447 707 4498 τῶν
737 4442 962 4511 πλησίον
1005 4443 1346 4519 πληθύνεται,
1381 4446 1456 4508 ὡς
1485 4445 1747 4523 ἀγιασμὸν
1776 4445 1941 4522 ἡγεῖ-

294 4531 412 4584 σθαι
456 4529 643 4594 αὖτοὺς
673 4533 990 4611 ἀπαρύεσθαι
1034 4533 1094 4588 ἐκ
1149 4533 1313 4604 μόνου
1367 4541 1461 4591 τοῦ
1516 4532 1821 4608 ἀσπασμοῦ,
1852 4533 1942 4588 καὶ

290 4620 391 4682 τῆς
433 4617 538 4700 τζὸν
581 4619 1145 4700 συναναστρεφομένων
1189 4620 1502 4699 ἐγγύτητος.

378 4695 495 4780 μα’.
555 4705 712 4765 Οὐδὲν
783 4695 950 4772 οὕτως
1002 4707 1177 4788 ἕτερον
1232 4695 1367 4787 πρὸς
1437 4707 1606 4788 ἔρωτα
1663 4714 1794 4764 Θεοῦ
1847 4709 1936 4763 καὶ

295 4793 510 4870 ἀγάπην
553 4795 839 4876 ἀνθρώπων
895 4810 1085 4876 πτεροτ
1141 4798 1239 4865 τὴν
1300 4797 1509 4878 ψυχὴν,
1566 4799 1640 4878 ᾡς
1695 4817 1939 4854 ταπεινο-

297 4884 556 4963 φροσύνη,
615 4885 913 4957 κατάνυξις,
965 4887 1053 4942 καὶ
1109 4885 1248 4965 εὖχὴ
1303 4876 1523 4965 καθαρά.
1582 4876 1644 4942 Ἠ
1703 4885 1798 4960 μὲν
1841 4886 1940 4965 γὰρ

300 4970 556 5051 συντρίϐει
611 4975 674 5030 τὸ
727 4985 957 5050 πνεῦμα,
1015 4971 1248 5052 δακρύων
1302 4994 1360 5029 τε
1414 4973 1643 5052 πηγάζει
1699 4970 1941 5053 λιϐάδας,

301 5063 391 5118 καὶ
442 5061 544 5129 τὴν
612 5063 936 5143 ἀνθρωπίνην
1019 5059 1104 5119 ἐπ’
1182 5060 1302 5137 ὄψει
1353 5062 1666 5142 βραχύτητα
1719 5061 1944 5142 φέρουσα

300 5157 409 5206 τῶν
471 5152 675 5208 οἰκείων
745 5153 949 5231 μέτρων
1019 5149 1208 5207 εἰδέναι
1258 5151 1356 5218 τὴν
1411 5149 1676 5207 ἀσθένειαν
1735 5148 1944 5206 ἐκδιδά-

301 5258 418 5295 σκει
448 5253 464 5270 ⁸
523 5241 558 5306 ἡ
598 5237 653 5296 δὲ
695 5243 926 5319 καθαίρει
983 5241 1080 5307 τῆς
1136 5237 1268 5306 ὅλης
1296 5239 1388 5294 τὸν
1417 5244 1562 5317 νοῦν,
1607 5239 1693 5293 καὶ
1735 5239 1944 5319 φωτίζει

379 5469 628 5534 49Psal.
663 5487 845 5545 Lxxu,
885 5471 980 5546 16,
1027 5469 1124 5533 t7.

2009 453 2223 533 honor,
2272 457 2632 538 prosperitas
2685 463 2745 520 et
2801 454 3150 535 dignitatum
3203 470 3369 534 apex,
3398 451 3492 513 vel
3521 450 3651 514 vice

2009 560 2179 604 versa
2189 541 3216 626 paupertas,obscuritas,ignominia
3230 547 3288 602 et
3301 538 3646 602 adversitas.

2095 631 2192 696 38.
2227 631 2577 715 Quicunque
2605 635 2864 714 seipsum
2893 630 3072 706 novit,
3094 627 3414 711 requiescit
3431 626 3504 689 ab
3527 645 3649 690 om-

2015 719 2190 783 nibus
2237 722 2523 803 operibus
2573 721 2696 783 suis
2746 721 2985 784 fuerunt
3027 717 3357 782 secundum
3416 716 3645 792 Deum,

2003 808 2250 892 jamque
2280 811 2581 891 ingressus
2613 818 2701 873 est
2729 810 2832 872 Dei
2865 807 3295 882 sanctuarium,
3321 805 3382 868 id
3405 815 3516 881 est,
3549 805 3648 866 in-

2010 899 2346 963 tellectuale
2376 900 2620 981 spiritus
2650 899 3026 972 sacriﬁcium,
3055 905 3116 960 et
3147 899 3207 959 in
3241 904 3474 977 portum
3505 894 3651 956 divi-

2009 1006 2150 1050 num
2179 988 2664 1069 impassibilitatis
2694 995 2751 1051 et
2783 987 3154 1050 humilitatis.
3183 984 3295 1059 Qui
3324 1001 3462 1047 vero
3494 1003 3650 1046 non-

2009 1074 2146 1137 dum
2181 1077 2440 1156 seipsum
2483 1095 2587 1157 per
2616 1075 3010 1140 humilitatem
3031 1093 3100 1137 ac
3129 1073 3441 1136 scientiam
3468 1071 3647 1149 novit,

2007 1163 2067 1225 in
2100 1163 2301 1226 labore
2328 1166 2522 1228 adhuc
2553 1174 2612 1227 et
2639 1166 2857 1227 sudore
2895 1163 3071 1226 vitam
3107 1161 3423 1244 percurrit.
3455 1160 3520 1226 Id
3551 1160 3649 1223 in-

2006 1253 2227 1316 nuebat
2271 1254 2451 1316 David
2501 1253 2746 1316 dicens:
2791 1275 2814 1310 c
2849 1252 2974 1315 Hoc
3021 1251 3190 1314 labor
3219 1257 3310 1313 est
3336 1257 3479 1314 ante
3530 1268 3649 1327 me,

2007 1341 2201 1403 donec
2233 1342 2448 1405 intrem
2480 1342 2539 1404 in
2573 1341 2979 1404 sanctuarium
3012 1340 3218 1404 θείω.
3256 1361 3286 1401 ›

2093 1518 2189 1581 39.
2215 1519 2358 1585 Cum
2383 1519 2513 1600 quis
2532 1519 2795 1600 seipsum
2819 1519 2977 1581 novit
3000 1519 3094 1596 (ad
3117 1517 3175 1580 id
3200 1523 3396 1580 autem
3417 1523 3654 1598 oportet

2011 1606 2084 1670 ab
2106 1607 2368 1682 externis
2389 1608 2950 1686 diligentercavere,
2967 1625 3003 1668 a
3025 1605 3458 1687 mundanisque
3473 1605 3654 1668 rebus

2011 1696 2333 1772 abstinere,
2364 1703 2421 1758 et
2450 1697 2637 1776 ipsam
2662 1695 3022 1777 perscrutari
3047 1693 3652 1773 conscientiam),sta-

2013 1788 2115 1848 tim
2166 1785 2364 1848 divina
2400 1786 2668 1867 quaedam
2701 1785 3002 1848 humilitas
3044 1782 3429 1847 inenarrabili
3475 1782 3653 1845 modo

2011 1873 2267 1936 animam
2295 1883 2780 1956 occupat,secum
2804 1875 3002 1936 ferens
3023 1872 3438 1936 contritionem
3457 1870 3654 1933 cordis

2013 1963 2368 2044 fervidaaque
2389 1962 2673 2042 lacrymas
2685 1960 3269 2044 compunctionis,ita
3288 1966 3350 2021 ut
3369 1959 3472 2041 qui
3494 1959 3654 2020 illius

2010 2051 2296 2114 instinctu
2319 2053 2531 2131 agitur,
2552 2070 2618 2113 se
2641 2059 2779 2113 tunc
2801 2057 3034 2132 reputet
3061 2048 3231 2128 quasi
3261 2048 3476 2123 lutum,
3497 2047 3658 2111 cine-

2009 2158 2162 2219 rem,
2192 2159 2455 2202 vermem
2475 2149 2534 2203 et
2567 2159 2684 2202 non
2717 2139 3045 2204 hominem.
3073 2137 3214 2220 quin
3237 2137 3414 2200 etiam
3435 2135 3654 2199 animal

2014 2230 2128 2290 hac
2157 2229 2273 2290 vita
2323 2229 2679 2308 indignum:
2739 2247 2928 2310 usque
2979 2227 3126 2289 adeo
3175 2225 3656 2308 superexcellens

2013 2327 2104 2379 est
2133 2317 2276 2378 illud
2309 2317 2413 2378 Dei
2444 2320 2690 2385 donum.
2715 2321 2874 2399 quod
2897 2333 3250 2378 conservare
3280 2313 3382 2396 qui
3411 2311 3648 2389 meruit,

2013 2405 2126 2467 alia
2154 2405 2441 2467 ineffabili
2471 2405 2738 2484 repletur
2766 2405 3056 2467 ebrietate
3085 2402 3582 2484 compunctionis,
3596 2409 3656 2465 et

2012 2495 2071 2556 in
2119 2493 2475 2575 profundum
2534 2492 2886 2555 humilitatis
2938 2491 3334 2572 immergitur,
3395 2499 3655 2572 tuncque

2013 2581 2103 2645 sui
2159 2581 2374 2663 impos,
2429 2601 2639 2644 omnes
2695 2580 3025 2644 exteriores
3083 2579 3315 2660 spernit
3371 2578 3560 2652 cibos,
3595 2585 3656 2640 et

2014 2678 2207 2750 potus,
2241 2677 2300 2731 et
2327 2669 2592 2750 corporis
2637 2668 3015 2748 indumenta,
3060 2667 3281 2728 limites
3323 2684 3442 2729 non
3474 2683 3656 2730 exce-

2015 2759 2163 2820 dens
2192 2757 2584 2832 necessitatis,
2609 2765 2884 2840 tanquam
2909 2765 3167 2820 mutatus
3187 2755 3436 2837 pulchra
3461 2762 3653 2818 muta-

2014 2850 2182 2913 tione
2213 2867 2342 2931 quzn
2372 2857 2462 2912 est
2488 2848 2748 2911 dexterae
2777 2847 3028 2910 Excelsi.

2089 3025 2188 3090 40.
2222 3025 2294 3088 Ει
2321 3025 2463 3107 quid
2505 3025 2824 3087 maximum
2861 3025 2923 3086 in
2961 3024 3274 3087 virtutibus
3315 3023 3644 3088 humilitas.

2009 3113 2153 3177 Nam
2188 3115 2248 3176 in
2279 3114 2497 3196 quibus
2528 3114 2654 3176 haec
2684 3132 2790 3195 per
2809 3113 3108 3177 sinceram
3140 3111 3544 3193 paenitentiam
3562 3111 3656 3173 in-

2011 3204 2122 3266 sita
2149 3212 2259 3277 est,
2311 3213 2370 3266 et
2417 3202 2744 3266 orationem
2773 3203 2950 3264 simul
2996 3221 3130 3265 cum
3159 3200 3509 3283 temporalia
3538 3199 3656 3262 sibi

2015 3291 2339 3364 consociat,
2369 3291 2502 3354 illos
2531 3290 2728 3354 statim
2759 3309 2794 3352 a
2825 3291 3219 3373 cupiditatum
3261 3289 3546 3353 servitute
3575 3287 3651 3350 li-

2016 3381 2191 3443 beros
2222 3380 2426 3456 efficit,
2458 3397 2788 3462 pacemque
2833 3379 3215 3444 facultatibus
3244 3396 3449 3440 eorum
3479 3395 3655 3460 pres-

2015 3479 2118 3545 tat,
2149 3477 2206 3532 et
2233 3489 2336 3532 cor
2363 3469 2646 3548 lacrymis
2676 3469 3025 3531 mundatum
3057 3469 3267 3549 implet.
3316 3465 3652 3547 tranquilli-

2016 3566 2132 3624 tale
2165 3577 2271 3638 per
2299 3558 2548 3635 gratiam
2580 3556 2840 3638 Spiritus
2861 3558 3072 3620 sancti.
3100 3556 3204 3618 His
3225 3562 3419 3617 autem
3437 3553 3515 3616 ita
3535 3553 3655 3615 dis-

2016 3646 2246 3729 positis,
2279 3647 2626 3725 explanatur
2653 3663 2852 3707 sermo
2883 3645 3148 3708 scientiae
3177 3643 3306 3717 Dei,
3331 3651 3390 3706 et
3409 3642 3482 3705 ad
3505 3660 3652 3702 con-

2015 3735 2459 3815 templationem
2493 3733 2908 3814 mysteriorum
2939 3734 3108 3814 regni
3139 3733 3247 3796 Dei
3279 3730 3654 3811 perveniunt,

2013 3825 2395 3905 ipsarumque
2438 3821 2756 3884 creationis
2787 3821 3082 3884 rationum
3116 3843 3130 3883 :
3181 3828 3462 3902 quantum
3515 3837 3654 3882 vero

2016 3918 2326 3992 penetrant
2357 3909 2649 3990 profunda
2671 3909 2933 3990 spiritus,
2959 3918 3184 3972 tantum
3205 3908 3267 3970 in
3291 3906 3650 3989 profundum

2019 3997 2366 4061 humilitatis
2403 3997 2857 4076 immerguntur.
2895 3997 2964 4059 Et
2993 3997 3206 4060 exinde
3235 3997 3295 4058 in
3326 3995 3414 4058 eis
3441 3993 3658 4057 crescit

2021 4086 2278 4166 cognitio
2326 4086 2581 4167 propriae
2627 4086 2964 4161 inﬁrmatis,
3016 4085 3338 4147 innotescit
3386 4085 3662 4146 humana:

2023 4175 2298 4238 debilitas
2329 4183 2570 4246 natum,
2607 4183 2664 4236 et
2694 4193 2863 4237 amor
2894 4175 2997 4238 Dei
3027 4181 3086 4236 et
3115 4173 3368 4255 proximi
3389 4179 3661 4252 augetur,

2025 4265 2105 4326 ita
2134 4271 2196 4325 ut
2223 4263 2752 4325 sanctiﬁcationem
2787 4261 3144 4325 arbitrentur
3179 4280 3246 4325 se
3302 4259 3541 4324 haurire
3592 4277 3664 4322 ex

2025 4353 2150 4415 solo
2179 4351 2453 4433 amplexu
2485 4359 2542 4413 et
2573 4352 2844 4432 praesenti
2898 4369 3104 4414 eorum
3138 4349 3491 4432 quibuscum
3521 4365 3660 4410 ver-

2024 4449 2246 4504 santur.

2101 4708 2200 4769 41.
2233 4705 2391 4768 Nihil
2442 4706 2600 4768 aliud
2657 4709 2730 4770 ad
2775 4725 3039 4771 amorem
3090 4706 3197 4771 Dei
3229 4713 3288 4767 et
3315 4704 3664 4767 charitatem

2025 4795 2271 4874 proximi
2307 4803 2422 4856 tam
2453 4795 2568 4859 cito
2597 4797 2856 4859 animam
2888 4797 3102 4872 elevat,
3130 4811 3311 4876 quam
3332 4791 3665 4871 humilitas,

2023 4883 2398 4966 compunctio
2431 4891 2489 4945 et
2519 4884 2707 4947 oratio
2743 4903 2906 4966 pura.
2944 4883 3262 4946 Humilitas
3277 4883 3437 4944 enim
3458 4887 3666 4942 conte-

2027 4974 2104 5035 rit
2131 4972 2428 5054 spiritum,
2464 4971 2658 5036 fontes
2687 4974 3075 5055 lacrymarum
3105 4970 3316 5053 aperit,
3354 4976 3412 5031 et
3453 4969 3669 5030 huma-

2030 5081 2162 5124 nam
2189 5061 2513 5123 vitilitatem
2535 5070 2670 5124 ante
2688 5064 2897 5126 oculos
2917 5061 3166 5141 habens,
3189 5057 3398 5120 virium
3430 5073 3668 5120 suarum

2028 5151 2396 5213 debilitatem
2429 5169 2749 5230 agnoscere
2779 5151 2924 5212 dicit
2945 5173 2963 5222 ;
2983 5147 3361 5230 compunctio
3401 5155 3611 5227 purgat
3639 5162 3675 5206 a

2029 5237 2414 5320 corruptione
2441 5238 2728 5313 animum,
2764 5239 3084 5319 oculosque
3112 5235 3308 5298 cordis
3352 5233 3672 5315 illuminat,
