4050 6124
449 232 569 298 919

1720 230 2026 301 NICETE
2097 226 2529 298 PECTORATI

3709 228 3832 295 91’0

437 385 508 455 ac
536 376 717 449 totam
746 366 1005 449 lucidam
1033 369 1231 433 reddit
1257 368 1556 445 animam;
1586 377 1645 430 et
1674 369 1863 432 oratio
1897 377 2080 431 totum

2178 372 2258 439 τῆς
2290 372 2503 452 καρδίας
2534 377 2596 432 τὸ
2628 376 2800 456 ὄμμα,
2830 378 2918 432 καὶ
2973 375 3257 452 ὁλολαμπῆ
3290 377 3391 443 τὴν
3424 376 3618 454 ψυχὴν
3661 373 3833 450 ἀπερ-

438 446 745 519 ιὶοηιίιιεω
786 446 915 519 ’ῡεο
966 456 1306 539 conjungit,
1357 476 1494 520 eum
1541 457 1683 519 facit
1739 460 2084 537 angelorum

439 547 769 621 convivam,
816 545 915 607 dat
964 544 1018 608 ei
1072 546 1394 626 gustandas
1437 554 1722 609 aeternum
1756 545 1861 609 Dei
1890 546 2083 608 bono-

441 650 573 694 rum
604 630 873 708 delicias,
907 632 1216 695 thesauros
1247 633 1360 715 ipsi
1381 633 1841 714 aperilaltorum
1875 643 2085 715 myste-

441 719 688 793 riorum,
722 719 899 801 eique
930 721 1215 784 charitate
1245 741 1497 784 accenso
1532 722 1847 802 persuadet
1876 731 1940 783 ut
1972 742 2081 802 po-

440 826 586 873 nere
627 808 845 871 audeat
890 810 1187 891 propriam
1226 811 1484 872 animam
1526 828 1629 891 pro
1683 810 1805 871 suis
1850 811 2081 886 amicis,

444 904 721 979 tanquam
754 915 1053 980 corporea
1082 897 1324 963 vilitatis
1354 898 1575 959 limites
1606 908 1997 977 trangressus.

523 1073 622 1139 42.
658 1072 861 1149 Serva,
887 1094 1109 1158 quaeso,
1133 1076 1457 1158 pretiosum
1483 1075 1722 1138 ditantis
1752 1075 2085 1158 depositum

443 1161 888 1243 humilitatis,in
909 1183 1027 1247 quo
1051 1180 1182 1226 sum
1215 1164 1473 1226 thesauri
1503 1164 1807 1225 cbaritalis
1836 1165 2089 1227 abscon-

444 1250 574 1327 diti,
605 1251 664 1313 in
688 1271 805 1333 quo
822 1261 1198 1316 asservantnr
1226 1253 1698 1334 compunctionis
1731 1255 2079 1334 margaritae.

444 1349 610 1403 etrex
642 1340 906 1403 Christus
937 1341 1090 1403 Deus
1120 1342 1277 1404 velut
1306 1360 1486 1423 super
1516 1344 1728 1404 throno
1769 1343 2087 1423 requiescit

2168 462 2382 539 γέζεται
2416 479 2430 493 ⁸
2487 466 2522 532 ἡ
2580 463 2634 520 δὲ
2705 466 2952 523 συνάπτει
3035 466 3124 521 τὸν
3207 464 3481 544 ἄνθρωπον
3554 462 3679 518 ὅλον
3746 468 3831 534 τῷ

2169 552 2306 627 Θεῷ,
2338 555 2426 609 καὶ
2468 564 2652 614 τοῦτον
2681 554 2928 634 ἀγγέλοι.⁵
2979 569 3127 612 ποιεῖ
3155 553 3476 634 ὁμοδίαινον,
3508 555 3599 609 καὶ
3630 550 3827 629 γλυκῦ-

2165 662 2327 707 τητος
2354 647 2461 699 τῶν
2505 644 2731 700 αἰωνίων
2752 650 2845 700 τοῦ
2873 652 3004 702 Θεοῦ
3050 643 3260 722 ἀγαθῶν
3282 642 3559 721 ἀπογεύει,
3590 642 3683 696 καὶ
3724 643 3828 706 Θη-

2166 730 2385 810 σαυροὺς
2407 733 2549 807 αὐτῷ
2569 730 2742 788 δίδωσι
2759 733 3058 812 μυστηρίων
3075 731 3345 810 μεγάλων,
3365 732 3453 787 καὶ
3473 728 3824 809 πυρπολοῦσι

2166 822 2233 893 τῇ
2261 817 2467 899 ἀγάπῃ,
2500 819 2700 895 τολμᾷν
2729 820 2925 878 τιθέναι
2959 821 3113 878 αὒτὸν
3141 822 3305 877 πείθει
3334 820 3433 887 τὴν
3463 817 3595 875 ἰδίαν
3627 818 3823 897 ψυχὴν

2166 906 2295 985 ὑπὲρ
2322 914 2426 964 τῶν
2469 908 2633 988 φίλων
2663 913 2845 980 αὐτοῦ,
2875 911 2948 973 ὡς
2979 908 3220 988 ὑπεράνω
3250 906 3508 988 γεγονότα
3536 912 3645 962 τῶν
3677 904 3821 984 ὅρων

2168 1000 2265 1063 τῆς
2294 1002 2388 1053 τοῦ
2429 996 2675 1073 σώματος
2719 997 3113 1061 ταπεινώσεως,

2250 1074 2366 1161 μβ’,
2399 1084 2642 1143 Φύλασσέ
2694 1109 2783 1162 μοι
2824 1088 2923 1155 τὴν
2981 1085 3153 1154 καλὴν
3210 1085 3661 1165 παρακαταθήκην
3713 1086 3820 1148 τῆς

2169 1171 2522 1231 πλουτοποιοῦ
2563 1175 2955 1250 ταπεινώσεως,
3006 1175 3060 1231 έν
3188 1179 3287 1254 τῆς
3335 1173 3548 1253 ἀγάπης
3578 1175 3625 1228 οἱ
3669 1171 3817 1227 ἀπό-

2170 1282 2354 1340 κρυφοι
2407 1265 2658 1343 θησαυροὶ
2712 1264 3109 1340 ἀναπόκεινται,
3154 1263 3209 1319 ἐν
3252 1265 3288 1340 ᾗ
3343 1267 3439 1330 τῆς
3485 1258 3821 1325 κατανύξεως

2173 1352 2219 1406 οἱ
2264 1364 2584 1430 μαργαρῖται
2641 1350 3035 1432 φυλάττονται·
3082 1354 3171 1408 καὶ
3226 1353 3254 1407 ὁ
3309 1349 3551 1428 βασιλεὺς
3588 1350 3819 1428 Χριστὸς

444 1428 751 1513 deaurato,
776 1429 933 1492 dona
954 1430 1143 1492 sancti
1165 1429 1256 1492 sui
1274 1429 1529 1511 Spiritus
1552 1430 1913 1492 distribuens
1931 1431 2084 1493 illius

2178 1441 2200 1494 ὁ
2253 1440 2379 1504 Θεὸς
2421 1428 2493 1503 ὥς
2551 1442 2625 1504 είς
2655 1428 2861 1520 ’θρόνον
2921 1441 3310 1498 ἐπαναπαύεται
3352 1437 3814 1521 χρυσοκόλλητον,

442 1517 722 1596 alumnis,
757 1527 816 1581 et
845 1535 1055 1599 magna
1084 1518 1176 1581 his
1202 1520 1459 1598 largiens
1488 1537 1595 1580 sua
1639 1520 1901 1598 praemia.
1954 1538 2084 1582 ser-

2178 1527 2265 1591 τάς
2317 1524 2512 1607 δωρεὰς
2567 1517 2828 1605 διανέμων
2898 1539 2992 1589 τοῦ
3060 1530 3210 1608 ἁγίου
3268 1517 3426 1597 αἶ)τοῦ
3482 1528 3811 1602 Ilva-39.1104,

445 1625 683 1669 monem
716 1607 979 1671 scientiae
1006 1626 1150 1682 suae,
1173 1627 1277 1689 sap
1303 1608 1522 1670 entiam
1572 1626 1736 1669 suam
1770 1617 2084 1684 sacretam,

2178 1627 2290 1678 τοῖς
2319 1615 2588 1696 τροφίμοις
2646 1620 2808 1684 αὒτῆς
2843 1634 2859 1651 ’
2917 1620 3007 1675 καὶ
3049 1619 3115 1687 τᾶι
3171 1616 3379 1697 μεγάλα
3421 1617 3623 1680 τούτοις
3654 1615 3816 1670 αὺτοῦ

442 1713 641 1784 rerum
664 1695 993 1761 divinarum
1017 1697 1523 1779 perspicientiam,
1554 1698 1944 1760 vivificantem
1980 1701 2082 1760 im-

2178 1695 2494 1782 δωρούμενος
2548 1704 2847 1782 ἀξιώματα,
2905 1709 2997 1763 τὸν
3050 1711 3150 1774 τῆς
3210 1695 3458 1784 γνώσεως
3507 1710 3665 1765 αὖτοῦ
3711 1701 3813 1758 λό-

447 1783 847 1874 passibilitatis
895 1804 1008 1867 ope
1065 1787 1605 1866 mmtiﬁcationem,
1667 1794 1726 1847 ιι
1781 1807 1913 1847 cum
1956 1788 2083 1866 ipso

2178 1814 2283 1869 γον,
2327 1794 2426 1861 τὴν
2448 1795 2631 1874 σοφίαν
2674 1799 2834 1854 αὐτοῦ
2874 1796 2973 1865 τὴν
3020 1783 3339 1873 ἀπύρῥητον,
3396 1793 3498 1861 τὴν
3530 1799 3635 1849 τῶν
3661 1791 3817 1847 θείων

442 1872 949 1954 conjunctionem,
980 1874 1054 1937 ad
1095 1875 1538 1952 coregnandum
1590 1894 1723 1936 cum
1769 1895 1837 1937 eo
1886 1877 1946 1936 in
1982 1877 2084 1937 Dei

2178 1882 2496 1960 πραγμάτων
2525 1872 2781 1962 διόρασιν,
2813 1884 2913 1951 τὴν
2958 1890 3066 1939 τῶν
3122 1872 3456 1959 ἀνθρωπίνων
3486 1880 3813 1961 πραγμάτων

447 1962 638 2050 Patris
659 1980 865 2041 regno,
891 1972 952 2024 ut
976 1966 1100 2045 ipse
1128 1965 1284 2025 hunc
1317 1983 1422 2044 pro
1445 1963 1618 2025 nobis
1639 1973 1803 2043 rogat
1832 1964 2038 2026 dicens
2065 1985 2080 2027 :

2178 1970 2476 2050 προόρασιν,
2529 1971 2629 2038 τὴν
2659 1969 2744 2027 διὰ
2776 1977 2876 2039 τῆς
2936 1971 3187 2035 ἀπαθείας
3239 1971 3503 2042 ζωοποιὸν
3531 1969 3809 2046 νέκρωσιν,

453 2074 478 2141 _¢
507 2049 700 2141 Pater,
731 2070 884 2141 quos
914 2051 1128 2114 dedisti
1159 2052 1328 2134 mihi,
1360 2052 1490 2115 volo
1518 2060 1584 2115 ut
1606 2051 1853 2114 ubisum
1879 2072 2011 2133 ego,
2032 2062 2084 2115 et

2178 2058 2259 2113 καὶ
2287 2057 2384 2125 τὴν
2438 2049 2555 2133 μετ’
2607 2061 2764 2118 αὐτοῦ
2816 2061 3117 2141 συνάφειαν,
3181 2060 3251 2125 εἷς
3294 2059 3356 2115 τὸ
3410 2054 3812 2132 συμϐασιλεύειν

448 2138 562 2219 ipsi
590 2136 707 2201 sint
732 2140 814 2199 ὅθ.
851 2165 875 2196 ο
2172 2147 2314 2220 αὐτῷ
2333 2145 2386 2203 ἒν
2416 2153 2484 2223 τῇ
2510 2154 2603 2203 τοῦ
2633 2150 2837 2228 Πατρὸς
2867 2136 2971 2204 καὶ-
2986 2154 3119 2206 Θεοῦ
3161 2145 3425 2225 βασιλείᾳ,
3455 2147 3629 2207 καθὼς
3659 2143 3811 2204 αὐτὸς

2174 2236 2303 2311 πρὸς
2346 2235 2503 2294 αὐτὸν
2531 2235 2628 2303 τὴν
2659 2234 2993 2316 παράκλησιν
3022 2248 3255 2293 ποιεῖται
3283 2232 3455 2312 λέγων
3482 2233 3613 2311 ὑπὲρ
3630 2233 3809 2306 ἡμῶν⁸

533 2494 632 2558 43.
665 2492 808 2558 Cum
855 2495 1012 2576 quis,
1070 2513 1176 2576 per
1224 2497 1451 2576 praxim
1504 2496 1780 2559 laborans
1809 2498 1885 2560 ad
1916 2515 2089 2560 exse-

452 2582 686 2664 quenda
715 2583 1009 2657 mandata,
1037 2583 1232 2645 subito
1265 2584 1554 2647 ineffabili
1577 2594 1634 2647 et
1653 2594 1883 2647 secreto
1901 2586 2091 2665 reple-

452 2681 550 2734 tur
578 2670 816 2751 gaudio,
846 2672 925 2734 ita
957 2681 1018 2733 ut
1048 2673 1424 2753 singulariter
1470 2683 1531 2737 et
1578 2693 1755 2755 supra
1785 2675 1939 2756 quod
1973 2675 2091 2737 dici

453 2767 646 2841 potest
671 2761 1113 2837 tranformetur,
1150 2770 1207 2823 et
1239 2761 1453 2824 molem
1500 2762 1759 2843 deponat
1796 2762 2087 2843 corporis,

457 2856 518 2910 et
550 2848 938 2913 obliviscatur
968 2849 1465 2931 ciborum,somni
1483 2860 1539 2911 et
1566 2850 1813 2911 aliarum
1846 2851 1975 2912 vitae
1998 2870 2091 2913 ne-

2177 2343 2207 2383 ι
2242 2323 2434 2403 Πάτερ,
2468 2325 2553 2390 οὓς
2582 2322 2811 2389 δέδωκάς
2848 2347 2963 2407 μοι,
2994 2322 3132 2382 θέλω
3158 2323 3252 2380 ἵνα
3280 2322 3414 2379 ὅπου
3444 2323 3551 2397 εἰμὶ
3572 2322 3702 2399 ἐγὼ,
3723 2319 3810 2375 καὶ

2175 2412 2319 2468 αὐτοὶ
2342 2412 2493 2470 ὦσιν,
2532 2435 2560 2467 ι

2253 2490 2371 2580 μγ’.
2421 2484 2574 2559 οὈτειν
2601 2508 2904 2580 πρακτικῶς
2958 2507 3160 2560 κοπιῶν
3206 2523 3285 2566 τις
3328 2502 3447 2579 περὶ
3498 2500 3598 2567 τὴν
3645 2497 3806 2577 ἐργα-

2176 2590 2290 2646 σίαν
2318 2596 2423 2647 τῶν
2473 2589 2720 2665 ἐντολῶν,
2779 2591 2977 2673 αἴφνης
3028 2592 3083 2647 ἐν
3138 2588 3484 2661 ἀνεκλαλήτῳ
3524 2590 3613 2645 καὶ
3642 2586 3806 2667 ἆῤῥή-

2173 2699 2250 2750 τιμ
2303 2684 2447 2758 χαρᾷ
2496 2677 2739 2757 γένηται,
2783 2681 2856 2744 ὡς
2912 2677 3264 2745 ἀλλοιωθῆναι
3318 2678 3474 2736 αὐτὸν
3530 2675 3678 2742 ξένην
3721 2674 3807 2731 καὶ

2172 2765 2300 2845 ὑπὲρ
2343 2765 2501 2846 λόγον
2550 2766 2855 2848 ἀλλοίωσιν,
2898 2769 2986 2824 καὶ
3039 2769 3101 2824 τὸ
3156 2767 3257 2842 μὲν
3312 2767 3474 2845 βάρος
3527 2763 3803 2821 ἀποθέσθαι

2177 2865 2271 2913 τοῦ
2312 2855 2583 2932 σώματος,
2641 2856 2972 2914 ἐπιλαθέσθαι
3029 2854 3083 2912 δὲ
3150 2856 3423 2936 βρώσεως,
3480 2853 3653 2926 ὅπνω,
3709 2852 3797 2905 καὶ

452 2937 792 3000 cessitatum
822 2958 837 2999 :
873 2938 1022 3001 sciat
1039 2938 1119 2999 ita
1140 2938 1500 2999 manifestari
1524 2938 1583 2999 in
1608 2958 1671 2999 se
1694 2939 1937 3018 gratiam
1962 2939 2084 3020 Dei,

2178 2950 2282 3001 τῶν
2332 2941 2505 3001 ἄλλων
2563 2949 2662 3012 τῆς
2718 2946 2920 3025 φύσεῶς
2963 2944 3231 3024 ἀναγκῶν,
3283 2941 3569 3021 γινωσκέτω
3595 2939 3785 3002 ταύτην

452 3025 660 3105 quaein
681 3025 1040 3088 luctantibus
1069 3025 1338 3108 producit
1366 3026 1651 3088 viviﬁcam
1683 3027 2090 3089 mortificatio-

454 3131 614 3185 nem,
646 3113 852 3196 eisque
883 3113 980 3176 dat
1009 3113 1223 3176 exinde
1258 3113 1745 3196 incorporeorum
1798 3127 2088 3177 naturam.

453 3201 669 3265 Felicis
696 3209 891 3265 autem
924 3202 1098 3282 hujus
1125 3201 1258 3264 vitae
1286 3220 1463 3264 causa
1494 3209 1583 3264 est
1612 3202 1908 3264 humilitas
1941 3225 1956 3277 ;
1989 3224 2094 3266 nu-

454 3288 564 3350 trix
594 3296 654 3351 et
684 3298 891 3362 mater,
923 3298 1125 3352 sancta
1153 3289 1495 3371 compuntio
1525 3310 1542 3367 ;
1572 3288 1763 3351 amica
1793 3299 1852 3353 et
1896 3309 2088 3366 soror,

452 3382 638 3446 divini
683 3383 925 3446 luminis
972 3381 1160 3459 visio;
1203 3384 1476 3457 thronus,
1511 3381 1999 3462 impassibilitas;
2033 3392 2092 3447 et

452 3472 761 3554 perfectio,
794 3491 965 3536 sacra
994 3480 1053 3536 et
1079 3471 1278 3535 divina
1307 3472 1590 3537 Trinitas.

530 3652 630 3715 44.
664 3648 776 3724 Qui
807 3650 962 3713 hanc
989 3651 1239 3732 adeptus
1260 3655 1352 3713 est
1376 3668 1596 3725 arcem,
1619 3670 1738 3713 non
1770 3659 1962 3733 potest
1992 3652 2095 3713 «te-

452 3739 628 3802 tineri
666 3738 877 3801 viculis
933 3758 1147 3802 sensus
1203 3738 1511 3813 mundani,
1570 3758 1780 3801 omnes
1836 3739 2096 3819 despicit

448 3829 582 3910 vita:
608 3826 878 3903 delicias,
912 3846 1030 3890 non
1061 3827 1311 3890 discenit
1344 3827 1501 3888 inter
1529 3829 1690 3909 pium
1716 3834 1776 3888 et
1816 3827 2089 3907 impium,

448 3918 552 3989 sed
595 3916 747 3979 sicut
768 3915 932 3978 Deus
979 3934 1146 3997 aeque
1196 3916 1343 3996 pluit
1386 3923 1445 3978 et
1501 3915 1688 3977 solem
1750 3935 1920 3977 suum
1949 3916 2089 3977 oriri

448 4006 588 4085 facit
625 4022 804 4083 super
840 4006 1034 4085 justos
1062 4013 1120 4067 et
1148 4005 1426 4085 injustos,
1479 4010 1536 4065 et
1578 4021 1757 4084 super
1801 4003 1989 4064 bonos
2035 4012 2094 4065 et

451 4096 639 4158 malos
665 4094 746 4174 5‘,
778 4093 866 4156 sic
914 4100 973 4155 et
1020 4092 1149 4174 ipse
1197 4111 1378 4174 super
1421 4110 1629 4153 omnes
1682 4092 1907 4171 pariter
1948 4091 2091 4153 oriri

428 4185 586 4259 facit
612 4191 668 4244 et
699 4180 953 4263 explicat
982 4180 1286 4245 charitatis
1324 4180 1546 4252 radios,
1594 4187 1652 4241 et
1701 4179 1926 4241 viscera
1969 4198 2088 4240 non

449 4360 775 4440 augustiam
803 4369 864 4421 et
891 4357 1007 4419 vim
1040 4358 1259 4438 patitur
1282 4357 1332 4418 si
1351 4376 1464 4419 non
1490 4356 1785 4418 benefacit
1806 4365 2085 4436 quantum

448 4449 595 4510 vult.
626 4446 710 4508 Ex
756 4445 882 4520 illo,
917 4444 1078 4506 velut
1108 4464 1178 4506 ex
1218 4444 1406 4506 altero
1436 4443 1627 4520 Eden,
1678 4445 1806 4506 fons
1844 4444 2083 4525 quidam

450 4543 646 4598 manat
695 4532 1193 4613 compunctionis,
1242 4532 1463 4595 divisus
1492 4533 1552 4594 in
1585 4543 1841 4610 quatuor
1867 4535 2083 4610 capita,

448 4625 678 4697 scilicet
704 4622 766 4685 in
798 4621 1220 4695 humilitatem,
1256 4623 1310 4682 in
1342 4621 1696 4697 castitatem,
1731 4621 1791 4681 in
1816 4621 2088 4701 impassi«

449 4714 763 4785 hilitatem,
796 4718 853 4772 et
901 4709 964 4770 in
1011 4707 1425 4770 sublimitatem
1465 4709 1750 4771 orationis
1779 4709 2081 4770 distratio-

449 4797 949 4881 numexpertis,et
971 4796 1177 4876 irrigat
1207 4796 1415 4858 faciem
1444 4798 1639 4859 omnis
1665 4797 2086 4859 intellectualis

447 4897 732 4955 creaturae
760 4887 891 4953 Dei.

529 4981 626 5055 45.
652 4978 765 5052 Qui
786 4976 1165 5039 dulcedinem
1188 4973 1662 5052 compunctionis
1691 4973 2080 5052 lacrymarum

449 5087 568 5132 non
596 5074 995 5149 gustaverunt,
1028 5083 1138 5127 nec
1167 5065 1365 5127 sciunt
1391 5081 1524 5144 qua:
1551 5063 1627 5125 sit
1665 5061 1842 5142 hujus
1878 5062 2075 5124 suavi-

450 5165 537 5229 tas
566 5165 625 5220 et
655 5155 934 5238 potentia,
969 5155 1078 5217 has
1117 5153 1407 5234 lacrymas
1439 5150 1585 5212 nihil
1616 5150 1854 5211 differre
1881 5158 2086 5230 putant

447 5264 485 5310 a
510 5244 783 5327 lacrymis
811 5262 993 5325 super
1020 5250 1285 5305 mortuos
1331 5240 1554 5312 effusis,
1590 5238 1703 5302 sibi
1740 5239 2087 5319 efﬁngentes

449 5335 664 5399 multas
691 5332 837 5396 alias
882 5331 1151 5395 inanium
1188 5338 1577 5413 praetextuum
1615 5330 1873 5410 species,
1906 5335 1966 5391 et
1989 5327 2090 5390 in-

523 5557 594 5613 υο
617 5554 794 5622 Joan.
823 5570 967 5638 xm,
993 5556 1098 5622 24.
1180 5556 1235 5611 δι
1268 5553 1471 5621 Matth.
1500 5570 1562 5630 v,
1593 5553 1694 5622 45.

2176 3033 2318 3089 εἶναι
2351 3035 2481 3090 Θεοῦ
2509 3031 2790 3110 ἐπιδημίαν
2819 3036 2948 3114 πρὸς
2979 3035 3158 3108 αὐτὸν,
3203 3033 3300 3101 τὴν
3331 3037 3558 3089 ποιοῦσαν
3586 3028 3638 3083 ἐν
3668 3039 3784 3088 τοῖς

2174 3118 2582 3199 ἀγωνιζομένοις
2624 3122 2724 3189 τὴν
2745 3122 3025 3193 ’ζωοποιὸν
3055 3123 3330 3201 νέκρωσιν,
3366 3120 3450 3175 καὶ
3472 3114 3794 3196 δωρουμένην

2175 3208 2358 3273 αὐτοῖς
2406 3209 2635 3267 ἐντεῦθεν
2690 3206 2792 3277 ἤδη
2834 3211 2934 3278 τὴν
2961 3215 3067 3266 τῶν
3098 3209 3398 3286 ἀσωμάτων
3438 3206 3750 3263 κατάστασιν
3783 3218 3797 3232 ·

2173 3298 2367 3365 ταύτης
2395 3297 2491 3365 τῆς
2522 3300 2782 3378 μακαρίας
2838 3299 2979 3369 ζωῆς
3028 3296 3301 3377 πρόξενος,
3351 3298 3386 3364 ἡ
3442 3295 3750 3356 τκπείνωσις
3785 3312 3800 3328 '

2173 3388 2362 3467 τροφὸς
2397 3385 2566 3444 δὲκαὶ
2599 3389 2801 3467 μήτηρ,
2833 3390 2869 3457 ἡ
2912 3389 3034 3466 ἁγία
3077 3386 3349 3452 κατάνυξις
3384 3403 3397 3416 '
3456 3383 3583 3465 φίλη
3629 3381 3685 3438 δὲ
3723 3383 3806 3438 καὶ

2175 3474 2398 3556 ἀδελφὴ,
2429 3478 2465 3544 ἡ
2493 3483 2586 3534 τοῦ
2614 3478 2751 3535 θείου
2779 3479 2954 3557 φωτὸς
2983 3478 3170 3556 θεωρία
3204 3493 3218 3507 ⁸
3252 3477 3432 3556 θρόνος
3464 3476 3499 3542 ἡ
3530 3471 3755 3528 ἀπάθεια
3784 3487 3798 3501 ·

2173 3567 2261 3621 καὶ
2288 3564 2440 3645 τέλος
2467 3567 2503 3634 ἡ
2532 3566 2655 3644 ἀγία
2685 3568 2840 3645 Τριάς
2886 3568 2915 3622 ὁ
2945 3565 3099 3629 Θεός.

2255 3642 2366 3729 μδ’.
2416 3645 2474 3711 Ὀ
2528 3642 2738 3722 ταύτην
2782 3652 3097 3712 καταλαϐὼν
3150 3653 3249 3720 τὴν
3305 3650 3611 3731 ἀκρόπολιν,
3645 3649 3704 3705 οὗ
3733 3648 3811 3705 δύ-

2174 3764 2325 3800 ναται
2367 3742 2468 3798 ὑπὸ
2496 3742 2563 3798 τὰ
2608 3742 2774 3819 δεσμά
2814 3747 3122 3822 κρατεῖσθαι
3178 3742 3274 3809 τῆς
3322 3747 3427 3796 τῶν
3458 3739 3598 3796 ὅλων
3627 3740 3807 3808 αἰσθή-

2176 3850 2334 3899 σεως,
2367 3830 2471 3909 οὐχ
2513 3831 2607 3908 ὁρᾷ
2637 3852 2687 3885 τι
2716 3835 2819 3887 τῶν
2877 3839 2971 3889 τοῦ
3023 3831 3135 3907 βίου
3190 3834 3445 3908 τερπνῶν,
3479 3831 3540 3886 0-3
3567 3825 3808 3905 διακρίνει

2174 3922 2265 3973 τοῦ
2290 3917 2495 3976 ἀνοσίου
2547 3918 2639 3973 τὸν
2696 3916 2840 3974 ὅσιον
2873 3934 2887 3948 ·
2940 3916 3058 3974 ἀλλ’
3118 3917 3296 3995 ὥσπερ
3353 3918 3380 3972 ὁ
3437 3916 3567 3979 Θεὸς
3626 3913 3807 3980 ἐπίσης

2173 4004 2356 4085 βρέχει
2412 4007 2499 4061 καὶ
2568 4005 2841 4062 ἀνατέλλει
2913 4009 3005 4063 τὸν
3076 4004 3229 4073 ἥλιον
3286 4004 3374 4061 ἐπὶ
3438 4001 3668 4066 δικαίους
3724 4004 3807 4058 καὶ

2174 4092 2403 4172 ἀδίκους,
2474 4096 2735 4173 πονηρούς
2804 4116 2862 4151 τε
2926 4096 3013 4151 καὶ
3081 4094 3328 4171 ἀγαθοὺς,
3383 4091 3549 4155 οὕτως
3620 4090 3803 4158 ἐπίσης

2171 4185 2259 4239 καὶ
2314 4185 2471 4247 αὐτὸς
2552 4184 2646 4246 τὰς
2714 4183 2810 4251 τῆς
2868 4183 3083 4262 ἀγάπης
3156 4180 3428 4239 ἀνατέλλει
3499 4182 3585 4237 καὶ
3643 4177 3805 4235 ἁπλοῖ

447 4242 793 4351 νοεὶνὴιείι,ι
816 4288 998 4350 super
1025 4288 1232 4332 omnes
1273 4242 1619 4331 diffundens
1646 4287 1934 4340 amorem,
1982 4268 2084 4329 sed

2178 4273 2301 4351 πρὸς
2369 4272 2574 4336 πάντας
2644 4271 2883 4347 ἑκτΐνας,
2916 4242 2929 4262 ⁸
2972 4274 3060 4327 καὶ
3130 4270 3189 4328 ού
3271 4282 3685 4350 στενοχωρεϊται
3740 4268 3804 4323 τὰ

2171 4357 2476 4439 σπλάγχνα,
2511 4359 2720 4416 πάντων
2750 4360 3052 4437 ἐγκυμονῶν
3106 4358 3206 4425 τὴν
3236 4357 3475 4436 ἀγάπην,
3508 4358 3596 4413 καὶ
3625 4378 3803 4412 στενο-

2169 4461 2429 4528 χωρετται
2482 4450 2569 4505 καὶ
2628 4450 2886 4525 βιάζεται,
2937 4457 3015 4525 μὴ
3044 4449 3325 4526 εὐεργετῶν
3355 4446 3475 4502 ὅσον
3517 4444 3752 4521 βούλεται
3786 4460 3801 4474 ⁸

2167 4537 2227 4593 ἐκ
2256 4537 2439 4593 τούτου
2480 4538 2633 4616 πηγή
2676 4560 2782 4617 τις,
2832 4539 2904 4600 ὡς
2962 4534 3013 4602 ἐξ
3074 4534 3256 4611 Ἐδὲμ,
3303 4533 3440 4602 ὂῖλλη
3472 4533 3800 4613 ἐκπορεύεται

2169 4623 2517 4693 κατανύξεως,
2552 4627 2624 4690 εἰς
2664 4625 2920 4705 τέσσαρας
2964 4623 3299 4705 διαιρουμένη
3329 4625 3501 4704 ἀρχάς
3532 4642 3544 4655 ·
3607 4625 3678 4685 εἷς
3707 4644 3801 4678 τα-

2168 4715 2599 4794 πεινοφροσύνην,
2634 4716 2707 4777 είς
2748 4712 2980 4793 ἄγνείαν,
3014 4716 3087 4779 εἰς
3118 4714 3394 4786 ἀπάθειαν,
3441 4714 3528 4769 καὶ
3557 4714 3630 4777 εἰς
3676 4711 3802 4787 ὕψος

2168 4803 2559 4882 ἀπερισπάστου
2588 4803 2781 4884 εύχῆς,
2840 4804 2930 4860 καὶ
2979 4803 3178 4873 ποτίζει
3232 4803 3294 4858 τὸ
3323 4801 3606 4881 πρόσωπον
3635 4801 3804 4866 πάσης

2166 4891 2262 4959 τῆς
2305 4892 2500 4958 νοητῆς
2534 4892 2754 4956 κτίσεως
2785 4901 2878 4951 τοῦ
2909 4899 3063 4950 Θεοῦ.

2245 4978 2356 5054 με’.
2414 4982 2472 5037 Οἱ
2516 4980 2593 5055 μὴ
2653 4979 2752 5047 τῆς
2800 4978 3126 5059 γλυκύτητος
3176 4985 3282 5036 τῶν
3341 4978 3437 5046 τῆς
3486 4976 3802 5047 κατανύξεως

2163 5065 2401 5147 δακρύων
2446 5069 2784 5146 γευσάμενοι,
2838 5066 2975 5144 μηδὲ
3025 5066 3216 5130 εἰδότες
3263 5089 3343 5129 τις
3386 5068 3421 5134 ἡ
3451 5067 3609 5147 χάρις
3651 5067 3801 5133 αὒτῆς

2164 5156 2253 5213 καὶ
2280 5156 2359 5220 τίς
2394 5157 2430 5224 ἦ
2466 5156 2722 5237 ἐνέργεια,
2754 5154 2903 5214 οὒδὲν
2945 5162 3050 5214 τῶν
3081 5157 3152 5219 εἷς
3197 5159 3483 5217 τεθνεῶτας
3536 5154 3801 5235 χεομένων

2166 5242 2423 5324 δακρύων,
2508 5254 2672 5304 ταῦτα
2753 5243 3011 5326 διαφέρειν
3088 5242 3317 5325 οἴονται,
3399 5241 3802 5323 προσαναπλάτ-

2168 5351 2351 5397 τοντες
2401 5332 2641 5412 ἑαυτοῖς,
2700 5330 2819 5390 ἀλλ’
2890 5331 3024 5390 ἄττα
3079 5331 3202 5400 εἴδη
3255 5337 3425 5389 κενῶν
3497 5330 3801 5410 προφάσεων
