4050 6124
292 249 409 314 921

291 381 493 458 πολλὰ,
554 384 643 439 καὶ
691 383 909 462 ἀπορίας
958 382 1340 463 συλλογισμούς

289 471 434 546 ἡμῖν
485 470 836 554 ἐμπεφύκασι,
894 474 983 530 καὶ
1049 473 1204 542 ἡνῖκα
1245 472 1305 527 τὸ
1373 468 1652 549 ἀγέρωχον
1708 465 1822 547 ἄρτι
1851 470 1944 554 τοῦ

290 561 420 623 νοὸς
475 562 606 639 πρὸς
638 552 1000 635 ταπείνωσιν,
1061 559 1215 637 κλίνη
1273 560 1416 636 μύση
1473 555 1528 613 δὲ
1597 556 1745 624 καίὴ
1789 552 1944 633 ψυχὴ

290 648 393 713 τὰς
447 651 653 729 ὁράσεις
710 653 873 718 αὐτῆς
929 651 1036 708 ἀπὸ
1076 654 1178 717 τῆς
1233 648 1444 715 ἀπάτης
1503 652 1610 704 τῶν
1639 643 1942 726 ὁρωμένων,

294 739 390 794 καὶ
446 739 638 802 ταύτας
693 740 823 817 πρὸς
880 739 1050 815 μόνην
1104 740 1204 799 τὴν
1243 736 1458 814 θεωρίαν
1512 744 1607 794 τοῦ
1660 733 1818 790 ἀύλου
1860 737 1947 793 καὶ

291 826 508 905 πρώτου
577 828 751 907 φωτὸς
807 826 1100 907 ἐκπετάσῃ,
1158 831 1332 882 πᾶσαν
1401 821 1799 898 ἀποσεισαμένη
1855 827 1948 878 τοῦ

291 912 502 989 κόσμου
569 915 671 983 τὴν
739 913 1013 988 αἴσθησιν,
1060 915 1149 971 καὶ
1214 913 1359 992 τύχη
1446 917 1546 978 τῆς
1603 909 1797 967 ἄνωθεν
1853 915 1946 967 τοῦ

293 1003 595 1079 πνεύματος
682 1003 1068 1084 παρακλήσεως
1154 1001 1338 1058 αότίκα
1445 1000 1512 1057 τά
1589 998 1782 1079 δάκρυα
1870 1001 1944 1062 ὡς

292 1088 461 1148 ὕδατα
539 1097 725 1171 πηγῆς
808 1091 1140 1164 ἐκϐλύζουσιν
1232 1089 1282 1156 ἐξ
1387 1092 1572 1165 αὐτῆς,
1687 1089 1775 1144 καὶ
1880 1087 1947 1143 τὰ

294 1180 612 1260 αἰσθητήρια
699 1181 895 1248 ταύτης
992 1177 1489 1258 καταγλυκαὶνυυσι,
1578 1178 1754 1244 πάσης
1864 1176 1948 1232 εύ-

294 1270 564 1348 φροσύνης
619 1269 971 1346 ἐμπιπλῶντα
1026 1271 1189 1336 αὐτῆς
1233 1269 1331 1334 τὴν
1372 1265 1602 1324 διάνοιαν
1656 1268 1745 1323 καὶ
1812 1267 1948 1323 θείου

292 1358 472 1436 φωτὸς
504 1376 523 1394 ⁸
556 1361 617 1416 οὒ
643 1359 776 1435 μὴν,
821 1356 987 1415 ἀλλάπ
1003 1359 1104 1437 γὰρ
1158 1359 1247 1414 καὶ
1294 1352 1613 1435 συντρίϐουσι
1666 1356 1766 1423 τὴν
1808 1377 1946 1434 καρ-

290 1443 431 1526 δίαν,
491 1450 580 1504 καὶ
631 1449 722 1504 τὸν
803 1454 923 1504 νοῦν
999 1445 1383 1526 ταπεινόφρονα
1453 1444 1506 1501 ἐν
1576 1445 1800 1518 ὀπτασίᾳ
1855 1451 1947 1501 τοῦ

289 1537 593 1613 κρείττονος
668 1536 1076 1616 ἀμεργάζονται,
1159 1533 1193 1591 ἃ
1247 1533 1486 1613 γενέσθαι
1565 1531 1815 1591 ἀδύνατον
1891 1534 1945 1589 ἐν

290 1637 416 1689 τοῖς
438 1622 613 1705 ἄλλως
640 1628 886 1705 θρηνοῦσι
929 1626 1019 1680 καὶ
1047 1625 1422 1700 κοπτομὲνοις.

381 1703 525 1789 pg“.
577 1703 854 1771 Ἀδύνατον
900 1711 1076 1777 ἄλλως
1144 1713 1243 1780 τὴν
1310 1712 1496 1791 πηγὴν
1549 1718 1656 1770 τῶν
1710 1711 1943 1792 δακρύων

293 1803 675 1878 ἀναστομῶσαι
744 1824 884 1877 τινα,
969 1801 1091 1859 ἄνευ
1159 1802 1456 1879 βαθυτάτης
1537 1803 1944 1883 ταπεινοφροσύ-

294 1914 422 1971 νης,
482 1891 599 1948 οὔτε
652 1889 814 1947 πάλιν
841 1891 1225 1972 ταπεινόφρονα
1268 1892 1434 1965 εῖναι,
1506 1889 1627 1947 ἄνευ
1677 1896 1775 1959 τῆς
1804 1891 1947 1971 ἐγγι-

295 1981 540 2057 νομήνης
577 1980 683 2036 ἀπὸ
734 1984 832 2047 τῆς
885 1977 1168 2055 ἐπιδημίας
1223 1987 1315 2037 τοῦ
1368 1981 1662 2050 πνεύματος
1709 1981 1942 2038 κατανύ-

297 2069 432 2136 ξεως
461 2087 476 2102 ⁸
534 2068 635 2136 τὴν
681 2069 781 2148 γὰρ
822 2067 1095 2136 κατάνυξιν
1137 2071 1173 2137 ἡ
1212 2070 1688 2149 ταπεινοφροσύνη,
1733 2072 1821 2126 καὶ
1848 2070 1943 2139 τὴν

294 2158 784 2238 ταπεινοφροσύνην
846 2159 882 2226 ἡ
938 2155 1233 2230 κατάνυξις,
1292 2156 1377 2214 διὰ
1448 2164 1540 2214 τοῦ
1599 2157 1748 2236 ἁγίου
1800 2159 1938 2214 ἀπο-

295 2253 460 2327 γεννᾷ
489 2247 791 2322 Πνεύματος
826 2261 841 2276 ⁶
873 2260 945 2310 ως
976 2245 1031 2301 εἴ
1068 2268 1147 2311 τις
1219 2246 1319 2326 γὰρ
1360 2246 1508 2326 σειρά
1558 2245 1814 2304 ἀλλώλων
1841 2248 1941 2303 αὑ-

292 2359 388 2393 ται
419 2335 696 2416 ἐχόμεναι,
752 2335 842 2392 καί
882 2335 937 2391 ἐν
993 2340 1090 2411 μιᾷ
1144 2335 1325 2415 χάριτι
1369 2334 1727 2416 συνδεόμεναι,
1773 2334 1942 2415 appu-

293 2448 426 2483 κτον
458 2427 551 2481 τὸν
581 2421 864 2500 σύνδεσμον
891 2429 984 2480 τοῦ
1024 2424 1322 2500 πνεύματος
1352 2422 1560 2504 ἔχουσι,

383 2502 527 2590 μς’.
560 2514 633 2571 Τὸ
659 2513 762 2569 ὑπὸ
788 2518 881 2569 τοῦ
926 2511 1064 2568 θείου
1104 2502 1420 2586 Πνεύματος
1465 2512 1803 2591 ἐγγινόμενον
1832 2520 1945 2595 φῶς

295 2608 372 2679 τῇ
442 2605 618 2681 ψυχῇ,
694 2601 1073 2680 ὑπαναχωρετν
1146 2598 1332 2657 εἴωθεν
1417 2599 1478 2657 ἐκ
1531 2602 1803 2682 ῥᾳθυμίας,
1859 2605 1949 2660 καὶ

298 2690 578 2761 ἀπελείας,
607 2690 696 2746 καὶ
738 2687 790 2754 ἐξ
845 2686 1176 2769 ἀδιαφορίας,
1221 2692 1320 2755 τῆς
1369 2687 1422 2745 ἐν
1479 2689 1658 2769 λόγοις
1688 2693 1774 2747 καὶ
1801 2691 1946 2769 βρώ-

303 2801 468 2856 μασιν
502 2795 517 2809 ⁸
574 2775 612 2844 ἥ
654 2799 714 2834 τε
765 2777 865 2856 γὰρ
912 2781 1020 2832 τῶν
1064 2776 1360 2856 βρωμάτων
1413 2774 1709 2859 ἀδιαφορία,
1761 2781 1850 2836 καὶ
1889 2782 1950 2836 τὸ

300 2870 462 2948 ὑγρὸν
502 2871 600 2934 τῆς
628 2864 853 2939 διαίτης,
888 2864 1015 2922 αὐτό
1063 2887 1121 2921 τε
1152 2866 1215 2921 τὸ
1280 2866 1505 2944 ἀκρατὲς
1553 2867 1649 2935 τῆς
1679 2866 1946 2949 γλώττης,

1264 247 1759 311 PHYSIGORUM
1802 240 2143 306 GAPITUM
2193 243 2585 306 CENTURIA
2630 246 2688 306 II

1396 396 1410 411 '
1473 382 1539 437 τὰ
1591 378 1647 435 δὲ
1711 381 1941 459 φυσικῶς

2039 373 2234 436 tricata
2258 380 2627 453 argumenta.
2653 377 2902 456 Verum,
2924 376 3042 437 illae
3088 375 3259 438 nobis
3279 385 3487 441 natura
3504 379 3666 442 inse-

3547 243 3664 308 922

2025 470 2257 537 runtur,
2291 470 2511 524 etcum
2570 461 2850 544 superbia
2895 465 3112 525 mentis
3159 464 3230 525 ad
3280 467 3666 531 humilitatem

2026 569 2271 631 vergere
2299 551 2530 633 incipit,
2570 560 2628 613 et
2645 552 2844 613 anima
2871 553 3076 614 oculos
3122 553 3340 616 claudit
3369 575 3445 617 ne
3470 559 3670 620 videat

2026 639 2316 702 fallaciam
2346 641 2695 715 visibilium,
2747 660 2970 720 eosque
3014 641 3086 702 ad
3134 642 3319 704 solam
3351 645 3551 722 dirigit
3579 647 3670 708 vi-

2029 729 2256 791 sionem
2305 729 2712 792 immeterialis
2771 739 2829 792 et
2884 730 3059 811 primi
3116 731 3379 814 luminis,
3430 753 3670 798 omnem

2030 817 2312 898 rejiciens
2344 818 2548 880 mundi
2590 837 2854 899 sensum,
2890 838 2961 881 ac
2995 838 3253 900 superna
3288 822 3500 902 accipit
3529 823 3667 905 Spi-

2028 907 2181 967 ritus
2231 906 2720 987 consolationem,
2778 907 2975 968 statim
3058 908 3330 989 lacrymae
3384 920 3446 971 ut
3499 930 3667 992 aqua:

2025 994 2203 1056 fontis
2229 997 2442 1071 ﬂuunt,
2476 1014 2546 1057 ex
2606 997 2793 1057 oculis
2841 998 2991 1076 ejus,
3038 1004 3095 1057 et
3122 1016 3334 1060 sensus
3363 1001 3493 1079 ejus
3516 1001 3669 1063 deli-

2027 1084 2220 1164 niunt,
2255 1086 2383 1165 ejus
2412 1085 2776 1146 intellectum
2822 1086 2985 1147 omni
3030 1086 3231 1148 laetitia
3257 1096 3315 1149 et
3351 1089 3553 1152 divino
3581 1109 3673 1154 re-

2029 1173 2260 1253 plentes
2278 1172 2502 1235 lumine
2526 1195 2542 1250 ;
2564 1173 2705 1253 quin
2728 1173 2847 1234 imo
2861 1182 3306 1252 cereonterunt,
3328 1183 3386 1256 et
3410 1188 3667 1241 mentem

2024 1262 2284 1323 reddunt
2308 1261 2592 1324 humilem
2628 1262 2688 1323 in
2745 1262 2972 1323 visione
3024 1264 3328 1327 melioris:
3391 1286 3522 1347 quae
3544 1269 3671 1349 qui-

2029 1350 2164 1411 dem
2195 1351 2414 1414 babere
2442 1370 2561 1413 non
2594 1358 2839 1433 possunt
2866 1351 2967 1432 qui
2997 1352 3169 1414 aliter
3184 1354 3387 1432 lugent
3415 1364 3474 1416 et
3496 1357 3668 1439 plan-

2030 1448 2192 1519 gunt.

2106 1706 2202 1770 46.
2221 1705 2595 1788 lmpossibile
2612 1715 2698 1769 est
2713 1708 2937 1769 fontem
2951 1707 3668 1792 lacrymarumadaperire

2025 1794 2155 1856 sine
2183 1794 2644 1876 profundissima
2685 1796 3034 1870 humilitate,
3097 1806 3157 1858 et
3205 1798 3334 1861 vice
3362 1818 3530 1860 versa
3557 1802 3662 1863 hu-

2027 1884 2229 1944 milem
2251 1902 2384 1945 esse
2413 1884 2633 1965 absque
2683 1885 3141 1965 compunctione
3188 1906 3360 1967 quam
3395 1890 3668 1968 producit

2027 1972 2210 2050 gratia
2240 1971 2495 2053 Spiritus
2530 1992 2544 2037 :
2599 1974 3119 2054 compunclionem
3173 1976 3330 2037 enim
3363 1978 3665 2042 humilitas

2028 2070 2085 2123 et
2115 2062 2503 2124 humilitatem
2525 2065 2902 2143 compunctio
2919 2074 3159 2143 generat
3191 2082 3206 2140 ;
3233 2083 3302 2128 ac
3316 2067 3491 2128 veluti
3515 2088 3664 2149 qua-

2027 2151 2164 2211 dam
2220 2159 2429 2213 catena
2475 2151 2590 2214 sibi
2631 2153 2880 2214 invicem
2956 2154 3260 2233 colligataa,
3318 2164 3377 2217 et
3432 2156 3494 2218 in
3550 2177 3667 2220 una

2027 2240 2309 2302 charitate
2337 2242 2692 2322 conjunctae,
2724 2243 2916 2324 rumpi
2973 2243 3173 2305 nescio
3227 2243 3479 2327 Spiritus
3506 2264 3660 2311 nexu

2026 2328 2463 2391 devinciuntur.

2106 2508 2204 2569 47.
2241 2504 2361 2570 Lux
2394 2526 2526 2589 quae
2577 2526 2684 2588 per
2727 2507 3009 2590 Spiritum
3062 2520 3332 2574 sanctum
3392 2512 3674 2575 inseritur

2029 2596 2266 2670 animae,
2299 2598 2448 2659 solet
2479 2597 2758 2676 paulatim
2789 2599 3011 2679 expelli
3068 2600 3337 2682 mollitie,
3374 2601 3673 2681 negligen-

2031 2685 2227 2766 tiaque
2254 2694 2315 2748 et
2345 2686 2741 2749 indifferentia
2777 2688 2835 2748 in
2867 2687 3062 2750 verbis
3093 2698 3149 2750 et
3179 2689 3329 2751 cibis
3355 2707 3368 2752 :
3404 2690 3670 2752 ciborum

2032 2774 2186 2836 enim
2215 2774 2613 2837 indifferentia
2642 2783 2699 2837 et
2726 2774 2857 2837 vitae
2888 2777 3189 2851 mollities,
3217 2796 3449 2841 necnon
3484 2778 3676 2860 impo-

2033 2863 2273 2925 tentiam
2308 2864 2522 2942 linguae
2552 2873 2609 2926 et
2656 2866 2962 2927 oculorum
3018 2866 3445 2929 incontinentia
3476 2868 3670 2931 lucem

298 2956 395 3012 καὶ
448 2957 552 3010 τῶν
618 2950 906 3031 ὀφθαλμῶν
994 2952 1055 3007 τὸ
1128 2950 1452 3033 ἀφύλακτον,
1537 2952 1745 3010 διώκειν
1799 2962 1951 3012 τοῦτο

2039 2953 2195 3014 illam
2222 2954 2463 3032 expellit
2484 2971 2555 3014 ex
2576 2953 2795 3028 anima,
2820 2963 2877 3016 et
2901 2955 3177 3017 tenebras
3197 2956 3370 3017 nobis
3387 2957 3669 3020 oﬁ'undit:

278 3043 533 3125 ’πέφυκεν
584 3040 636 3106 ἒξ
692 3040 880 3120 αὐτῆς,
958 3041 1047 3097 καὶ
1114 3042 1410 3104 σκοτεινοὺς
1475 3044 1620 3119 ἡμᾶς
1675 3043 1945 3124 ἀπεργάζ-

298 3136 444 3194 σθαι,
517 3129 734 3193 σκότους
826 3126 883 3184 δὲ
954 3126 1337 3207 πληρωθέντων
1378 3131 1597 3206 -ἡμῶν,
1680 3133 1745 3191 τὰ
1794 3132 1947 3212 θηρία

298 3222 477 3280 πάντα
503 3218 597 3277 τοῦ
652 3218 816 3297 ἀγροῦ
861 3222 958 3284 τῆς
1003 3215 1216 3296 καρδίας
1284 3219 1462 3294 ἡμῶν,
1513 3220 1602 3275 καὶ
1657 3222 1702 3276 οἱ
1730 3222 1946 3296 σκύμνοι

298 3309 553 3389 λογισμοὶ
630 3312 737 3363 τῶν
805 3308 984 3364 παθῶν
1042 3307 1225 3364 αὐτίκα
1298 3304 1595 3386 διέρχονται
1665 3308 1952 3387 ὠρυόμενοι

302 3400 363 3457 ἐν
433 3397 588 3473 αὐτῇ,
643 3401 922 3479 ζητοῦντες
983 3395 1178 3472 βρῶσιν
1222 3392 1533 3471 ἒμπαθείας,
1578 3397 1666 3453 καὶ
1706 3404 1799 3454 τοῦ
1853 3399 1953 3478 ἆρ-

299 3489 472 3548 πάσαι
500 3487 592 3541 τὸν
639 3481 964 3539 ἀποτεθέντα
1020 3482 1074 3539 ἐν
1128 3484 1268 3558 ἡμῖν
1323 3484 1466 3562 παρά
1502 3492 1594 3542 τοῦ
1650 3487 1953 3562 Πνεύματος

301 3574 566 3654 θησαυρόν
611 3588 627 3604 ⁸
664 3568 784 3627 ἀλλ’
853 3573 903 3639 ἡ,
960 3570 1087 3652 φίλη
1154 3579 1230 3647 τῷ
1285 3572 1395 3629 ὄντι
1452 3572 1752 3653 ἐγκράτεια,
1800 3576 1888 3632 καὶ
1917 3577 1953 3644 ἡ

303 3662 658 3743 ἀγγελοποιὸς
700 3659 1003 3740 προσευχὴ,
1036 3662 1097 3717 ού
1147 3661 1308 3736 μόνον
1365 3659 1511 3719 οῦδὲν
1567 3666 1672 3719 τῶν
1698 3664 1955 3721 τοιούτων

305 3764 586 3832 συγχωρεῖ
640 3751 757 3827 περί
825 3748 926 3815 τὴν
998 3750 1183 3829 ψυχὴν
1254 3747 1502 3823 διελθεῖν,
1561 3751 1699 3807 ἀλλὰ
1752 3754 1840 3809 καὶ
1893 3754 1955 3808 τὸ

303 3842 504 3924 φέγγος
561 3836 814 3897 ἄσϐεστον
854 3847 949 3897 τοῦ
995 3839 1298 3914 Πνεύματος
1348 3840 1466 3918 περὶ
1519 3840 1612 3895 τὸν
1671 3849 1789 3897 νοῦν
1844 3837 1954 3895 δια-

304 3944 486 4011 τηρεῖ,
516 3931 606 3987 καὶ⁵
655 3929 755 3996 τὴν
811 3926 1025 4007 καρδίαν
1080 3926 1281 4007 ἤρεμον
1338 3926 1611 4002 ἀποτελεῖ,
1672 3930 1759 3984 καὶ
1788 3928 1955 4006 ἁγνὴν

304 4021 535 4099 πηγάζει
581 4018 682 4085 τὴν
736 4017 876 4073 θείαν
958 4015 1254 4091 κατάνυξιν,
1326 4019 1414 4073 καὶ
1477 4017 1576 4083 τὴν
1646 4018 1829 4097 ψυχὴν
1884 4019 1956 4082 είς

305 4110 524 4187 ἀγάπην
565 4105 817 4163 πλατύνει
848 4111 1002 4178 θεοῦ,
1035 4107 1123 4161 καὶ
1165 4104 1331 4172 αὒτὴν
1374 4103 1506 4171 ὅλην
1535 4103 1644 4178 ὅλῳ
1671 4103 1736 4160 δι’
1767 4105 1959 4186 εὖφρο-

305 4198 469 4265 σύνης
496 4196 586 4253 καὶ
615 4194 891 4273 παρθενίας
920 4192 1170 4249 συνάπτει
1198 4200 1429 4271 Χριστῷ.

391 4262 512 4361 μὴ’,
586 4262 743 4341 Οὐδέν
797 4280 965 4345 οὕτως
1008 4281 1184 4361 ἕτερον
1246 4262 1462 4338 ὀὶκείῐον
1534 4289 1612 4357 τῷ
1682 4280 1846 4360 λόγῳ,
1878 4303 1951 4345 ως
1978 4262 2013 4296 Γ

304 4375 489 4453 ἁγνεία
547 4373 634 4429 καὶ
691 4366 999 4449 σωφροσύνη
1052 4375 1236 4450 ψυχῆς
1268 4387 1286 4406 ⁹
1341 4371 1541 4428 τούτων
1601 4369 1656 4426 δὲ
1709 4372 1888 4450 μήτηρ
1918 4373 1953 4439 ἡ

303 4461 614 4544 περιεκτικὴ
668 4461 756 4516 καὶ
806 4458 932 4540 φῖλη
1003 4458 1284 4538 ἐγκράτεια
1317 4473 1331 4487 ⁸
1380 4465 1477 4526 τῆς
1543 4457 1597 4515 δὲ
1653 4460 1851 4538 πατὴρ,
1926 4462 1955 4516 ὁ

304 4550 473 4633 φόϐας
509 4567 524 4581 ⁸
557 4550 708 4610 οὗτος
734 4546 789 4603 δὲ
819 4548 893 4611 εἷς
930 4547 1088 4604 πόθον
1132 4548 1374 4625 τραπεὶς,
1399 4549 1487 4604 καὶ
1528 4554 1597 4625 τῇ
1648 4547 1819 4628 ἐφέσει
1849 4552 1956 4615 τῷν

304 4640 457 4699 θείων
525 4638 795 4717 συναφθεὶς
897 4636 1246 4715 πραγμάτων,
1334 4633 1531 4716 ἄφοϐον
1601 4636 1954 4715 ἀπεργάζεται

303 4731 409 4798 τὴν
439 4727 623 4808 ψυχὴν
679 4728 767 4783 καὶ
813 4725 995 4805 πλήρη
1053 4725 1267 4806 ἀγάπης
1325 4734 1477 4801 Θεοῦ,
1548 4728 1636 4784 καὶ
1676 4733 1768 4783 τοῦ
1821 4727 1959 4783 θείου

304 4818 471 4897 λόγου
500 4818 831 4897 γεννήτριαν.

393 4897 503 4976 μθ’,
564 4902 739 4969 Φόϐος
825 4902 923 4979 μὲν
991 4903 1243 4983 πρότερον
1319 4905 1587 4985 συναφθεὶς
1646 4910 1714 4982 τῇ
1778 4908 1956 4984 ψυχῇ,

307 4997 577 5076 ἐγκύμονα
621 5002 714 5053 τοῦ
767 4991 928 5071 λόγου
981 4997 1080 5059 τῆς
1147 4992 1366 5070 κρίσεως
1418 4994 1581 5060 αὐτὴν
1650 4990 1734 5049 διὰ
1789 5015 1959 5069 μετα·-

306 5085 453 5149 νοίας
509 5096 681 5161 ποιεῖ,
743 5080 804 5148 ἱίν
862 5079 1052 5144 ὠδῖνες
1096 5078 1222 5153 ᾇδου
1262 5087 1370 5137 τῶν
1426 5079 1696 5139 κολάσεων
1743 5103 1960 5161 περικυ-

304 5171 522 5231 κλοῦσιν
576 5174 788 5246 αὔτικα,
834 5170 1120 5248 στεναγμοί
1188 5190 1244 5225 νε
1312 5171 1401 5226 καὶ
1448 5171 1600 5227 πόνοι
1642 5170 1697 5227 ἐν
1753 5176 1959 5250 συνοχῇ

305 5263 696 5342 κατατρύχουσι
795 5264 894 5326 τῆς
987 5256 1225 5338 καρδὶας,
1328 5257 1780 5337 ἀναλογιζομένην
1861 5261 1959 5327 τὴν

306 5349 603 5429 μέλλουσαν
632 5350 718 5407 ἐπὶ
772 5362 961 5411 καλοῖς
1031 5345 1398 5407 ἀνταπόδοσιν.
1460 5349 1594 5405 hit:
1632 5346 1715 5404 διὰ
1747 5347 1958 5405 πολλῦν

303 5438 543 5519 δακρύων
589 5441 677 5496 καὶ
719 5438 893 5495 πόνων
940 5435 1072 5503 αύτη
1121 5436 1173 5492 ὲν
1217 5437 1402 5514 γαστρὶ
1466 5433 1695 5501 διανοίας
1738 5440 1799 5493 τὸ
1836 5437 1958 5495 συλο

303 5527 505 5608 ληφθὲν
559 5528 910 5607 ἀπαρτίσασα,
970 5531 1176 5601 πνεῦμα
1244 5524 1509 5602 σωτηρίας
1568 5524 1656 5581 ἐπὶ
1695 5525 1795 5593 τὴν
1853 5531 1954 5603 γῆν

2029 3042 2198 3103 nobis
2229 3051 2424 3103 autem
2451 3042 2700 3121 caligine
2748 3042 2976 3123 obsitis,
3026 3063 3232 3105 omnes
3289 3044 3493 3107 bestiae
3523 3046 3671 3125 agri,

2028 3131 2087 3192 id
2119 3138 2230 3206 est,
2291 3130 2491 3192 cordis
2544 3131 2756 3212 nostri,
2808 3141 2865 3193 et
2919 3132 3092 3193 catuli
3151 3133 3415 3206 leonum,
3467 3133 3525 3194 id
3559 3141 3672 3208 est,

2035 3218 2420 3300 cupiditatum
2451 3218 2858 3297 cogitationes,
2894 3220 2951 3282 in
2984 3222 3085 3282 illa
3107 3231 3350 3283 currunt
3371 3223 3678 3302 rugientes

2037 3317 2094 3370 et
2117 3316 2449 3390 quaerentes
2478 3327 2643 3370 suam
2675 3310 2886 3371 satiare
2917 3310 3295 3390 cupiditatem
3320 3331 3387 3373 ac
3416 3312 3679 3392 diripere

2035 3399 2376 3460 thesaurum
2435 3397 2497 3459 in
2550 3398 2723 3459 nobis
2776 3418 2810 3460 a
2863 3400 3088 3480 Spiritu
3147 3400 3501 3480 depositum.
3562 3399 3677 3462 Sed

2035 3486 2222 3548 amica
2254 3488 2376 3548 Deo
2408 3486 2816 3566 temperantia,
2851 3496 2908 3547 et
2965 3487 3150 3548 oratio
3182 3488 3421 3566 angelos
3451 3486 3676 3565 germi-

2035 3594 2204 3650 nans,
2240 3593 2356 3636 non
2390 3574 2581 3635 solum
2642 3575 2786 3636 nihil
2837 3576 3045 3636 horum
3091 3577 3370 3637 invadere
3417 3577 3673 3636 animum

2035 3665 2259 3737 sinunt,
2294 3662 2397 3724 sed
2432 3665 2607 3724 etiam
2640 3664 2839 3724 lumen
2882 3665 3134 3743 Spiritus
3164 3664 3224 3724 in
3257 3663 3675 3725 inexstinctum

2034 3754 2309 3814 servatin
2370 3760 2591 3826 mente,
2652 3772 2758 3814 cor
2802 3753 2947 3814 fecit
3005 3753 3409 3833 tranquillum,
3445 3752 3679 3830 limpidi

2036 3842 2222 3902 instar
2250 3840 2427 3902 fontis
2456 3841 2709 3902 divinam
2744 3842 2990 3903 eﬂ‘undit
3044 3841 3587 3921 compunclionem,
3615 3841 3676 3902 in

2039 3929 2235 3992 anima
2264 3938 2433 4008 auget
2461 3948 2725 3991 amorem
2763 3932 2891 3999 Dei.
2947 3949 3195 4010 eamque
3227 3938 3406 3992 totam
3437 3929 3538 3990 toti
3574 3948 3680 4011 per

2039 4017 2317 4097 gaudium
2349 4026 2406 4079 et
2436 4017 2826 4095 virginitatem
2858 4019 3164 4098 conjungit
3192 4018 3447 4082 Christo.

2117 4280 2217 4343 48.
2263 4277 2419 4340 Nihil
2470 4287 2586 4338 tam
2648 4276 3042 4358 propinquum
3104 4286 3191 4339 est
3248 4276 3468 4352 Verbo,
3503 4296 3678 4359 quam

2035 4368 2272 4431 castitas
2297 4376 2356 4429 et
2382 4367 2745 4429 continentia
2774 4366 3009 4428 animae.
3043 4366 3253 4428 I-laram
3319 4376 3515 4429 autem
3548 4386 3676 4428 ma-

2037 4467 2128 4520 ter
2160 4467 2217 4520 et
2260 4459 2453 4519 amica
2510 4465 2568 4518 et
2614 4455 2964 4517 universalis
3020 4457 3412 4536 temperantia
3447 4476 3460 4517 :
3497 4455 3675 4537 hujus

2037 4565 2174 4608 vero
2208 4555 2394 4627 pater,
2431 4545 2630 4624 timor,
2664 4544 3023 4625 quiqritlem
3056 4545 3114 4605 in
3139 4544 3498 4606 desiderium
3530 4565 3679 4605 con—

2037 4653 2263 4708 versus,
2296 4652 2617 4713 rerumque
2648 4632 2976 4693 divinarum
3001 4632 3679 4713 conjunctusappetitui,

2040 4724 2393 4805 impavidam
2419 4722 2616 4784 reddat
2637 4723 2915 4797 animam,
2943 4725 3298 4803 plenamque
3320 4722 3423 4783 Dei
3453 4739 3677 4795 amore,

2042 4820 2099 4873 et
2136 4811 2312 4873 Verbi
2340 4811 2522 4873 divini
2549 4810 2920 4887 genitricem.

2119 4902 2220 4965 49.
2255 4900 2461 4961 Timor
2502 4918 2638 4961 cum
2688 4901 2886 4961 anima
2929 4899 3255 4980 (epulatus,
3307 4897 3497 4977 primo
3547 4914 3678 4958 eam

2042 4993 2222 5052 verbo
2249 4989 2776 5070 judiciigravidam
2802 4988 2998 5051 reddit
3031 5007 3137 5067 per
3152 4986 3586 5068 paenitentiam,
3621 4995 3686 5049 et

2042 5080 2236 5141 statim
2269 5077 2511 5138 dolores
2539 5078 2758 5138 inferni
2786 5096 3090 5156 pmnarum
3121 5076 3494 5137 circumdant
3521 5091 3679 5152 eam,

2041 5167 2395 5248 genitusque
2425 5175 2483 5229 et
2532 5166 2764 5227 labores
2821 5166 2881 5226 in
2925 5164 3192 5243 angustia
3247 5163 3445 5224 cordis
3490 5162 3679 5244 ipsam

2042 5257 2387 5336 defatigant,
2421 5255 2777 5334 cogitantem
2827 5254 2901 5315 de
2947 5254 3136 5315 futera
3181 5253 3467 5313 malorum
3501 5252 3683 5313 retri-

2044 5346 2307 5408 butione.
2334 5344 2583 5413 Deinde,
2605 5362 2739 5404 cum
2765 5342 2964 5422 multis
2985 5341 3258 5422 lacrymis
3279 5360 3345 5403 ac
3374 5340 3686 5404 doloribus

2037 5435 2097 5497 in
2130 5442 2302 5496 utero
2333 5424 3127 5512 intelligentiaeiedrrceptum
3152 5431 3443 5510 disposuit
3471 5430 3681 5507 fetum,

2035 5523 2311 5606 spiritum
2343 5520 2550 5585 salutis
2609 5520 2760 5601 parit
2804 5520 2863 5582 in
2916 5527 3074 5583 terra
3113 5520 3312 5583 cordis
3359 5519 3475 5597 sui,
3506 5528 3685 5617 atque
