4050 6124
377 235 496 308 925

1340 249 1829 312 PHYSICORUM
1873 246 2212 309 CAPITUM
2257 245 2650 309 CENTURIA
2695 245 2750 306 II

3631 229 3751 298 926

379 363 611 457 ἐπίγειος
658 381 744 436 καὶ
798 380 1034 460 οὐράνιος
1116 379 1386 460 ἄνθρωπος
1454 379 1840 456 ἀποτελεσθεὶς,
1913 377 2009 436 ἐδό·

2105 377 2429 454 terrestris,
2489 383 2549 438 et
2592 374 2851 438 caelestis
2904 377 3081 438 homo
3134 376 3350 449 factus,
3401 368 3752 453 gloriﬁcavit

332 463 499 530 ’ξασε
565 470 656 526 τὸν
715 470 844 527 Θεὸν
920 469 976 526 ἐν
1032 470 1224 546 ἐαυτῷ,
1283 470 1427 526 καὶὸ
1493 471 1622 534 Θεὸς
1669 467 1872 535 δοξάσει
1922 471 2009 527 αὖ·

2104 465 2292 528 Deum
2313 467 2374 528 in
2403 464 2625 547 seipso,
2651 471 2708 526 et
2737 463 2810 526 ab
2844 482 2916 528 eo
2944 464 3304 544 gloriﬁcatus
3333 471 3444 527 est.

372 556 489 618 τόν.

455 635 560 721 νβ’.
620 647 818 726 Εἰρήνη
873 645 1048 717 πολλὴ
1090 660 1209 711 τοῖς
1279 646 1524 725 ἀγαπῶσι
1579 648 1671 703 τὸν
1727 647 1887 723 νόμον
1929 654 2023 705 τοῦ

375 738 531 808 Θεοῦ,
589 736 678 792 καὶ
721 738 814 793 οῦκ
870 734 1011 794 ἔστιν
1066 739 1249 800 αὐτοῖς
1307 733 1596 792 σκάνδαλον
1645 734 1878 804 ’ἐπειδὴ
1919 736 2023 816 οὔχ

372 821 476 878 όσα
524 821 623 897 μὲν
677 824 884 904 ἀρέσκει
944 838 1063 889 τοῖς
1122 825 1436 904 ἀνθρώποις,
1505 830 1666 881 ταῦτα
1735 825 1824 881 καὶ
1881 832 2018 900 θεῷ’

2183 642 2281 705 52.
2306 642 2422 705 Pax
2444 642 2627 704 multa
2642 641 3024 721 diligentibus
3045 641 3238 721 legem
3277 639 3384 702 Dei
3404 641 3490 709 55,
3523 645 3585 700 et
3626 656 3744 700 non

2107 741 2197 795 est
2226 733 2342 794 illis
2371 732 2754 796 scandalum:
2809 731 3030 794 etenim
3061 749 3178 793 non
3213 748 3343 811 qua:
3381 725 3742 803 hominibus,

2104 822 2206 884 illa
2234 831 2293 885 et
2312 820 2435 884 Deo
2455 821 2710 902 placent,
2733 821 2838 884 sed
2862 838 2992 902 qua;
3012 819 3285 882 videnlur
3304 816 3546 898 quidem
3569 815 3744 888 mala,

371 908 492 967 ἀλλ’
523 910 620 968 ὅσα
649 911 797 971 δοκεῖ
825 914 922 990 μὲν
953 916 1012 972 οὗ
1059 912 1220 988 καλὰ,
1270 915 1368 971 εἶσι
1415 911 1471 970 δὲ
1539 914 1626 970 καὶ
1681 911 1796 969 λίαν
1823 920 1892 991 τῇ
1921 915 2009 994 φύ-

2105 920 2240 974 sunt
2269 919 2466 972 autem
2499 916 2709 972 natura
2739 928 2846 972 sua
2903 909 3072 972 valde
3121 907 3277 970 bona
3314 924 3512 969 coram
3543 923 3614 966 eo
3643 905 3744 983 qui

371 1020 452 1056 σει
483 999 624 1058 καλὰ
650 1008 728 1078 τῷ
763 1001 918 1060 εἰδότι
979 1004 1099 1068 τοὺς
1130 1002 1317 1082 λόγους
1374 1009 1479 1060 τῶν
1535 1000 1702 1058 ὄντων
1757 1004 1845 1060 καὶ
1871 1024 2024 1082 γεγο-

371 1087 561 1153 νότων,

450 1166 556 1255 νγ’.
616 1177 792 1238 Καλὸν
842 1181 904 1236 τὸ
953 1183 1132 1238 θανεῖν
1203 1186 1280 1254 τῷ
1364 1179 1573 1260 κόσμῳ,
1628 1184 1784 1250 ζῆσαι
1840 1177 1894 1235 δὲ
1941 1187 2018 1255 τῷ

369 1271 579 1345 Χριστῷ
624 1284 642 1302 ·
687 1265 861 1332 ἄλλως
905 1270 1005 1349 γὰρ
1072 1272 1134 1328 οὗ
1181 1266 1392 1325 δύναταί
1445 1290 1525 1332 τις
1585 1264 1778 1326 ἄνωθεν
1820 1288 2017 1346 γεννη-

366 1357 544 1428 θῆναι,
603 1357 738 1412 κατὰ
806 1357 905 1424 τὴν
971 1366 1065 1417 τοῦ
1123 1359 1310 1437 Κυρίου
1396 1358 1576 1436 φωνήν
1623 1376 1637 1390 ·
1712 1356 1800 1414 ἐὰν
1842 1355 1896 1413 δὲ
1940 1358 2014 1434 μὲι

367 1438 564 1500 ἄνωθεν
610 1447 862 1522 γεννηθῇ,
909 1443 1023 1502 οὐδὲ
1075 1446 1148 1510 εὶς
1196 1445 1296 1512 τὴν
1343 1443 1614 1523 βασιλείαν
1671 1443 1881 1502 δύναται
1911 1448 2017 1502 τῶν

367 1531 597 1610 οὖρανῶν
626 1531 878 1590 εἰσελθεῖν
923 1550 944 1571 ⁶
971 1532 1103 1600 αὕτη
1161 1531 1216 1588 δὲ
1267 1535 1302 1602 ἡ
1359 1533 1630 1612 γέννησις,
1662 1531 1714 1600 ἐξ
1742 1535 2015 1613 ὑποταγῆς

2104 999 2214 1061 scit
2241 999 2506 1063 rationes
2534 998 2798 1061 omnium
2825 1017 2956 1080 qua:
2983 1006 3123 1060 sunt
3151 1004 3212 1059 et
3238 996 3396 1058 facta
3424 1001 3584 1057 sunt.

2183 1175 2254 1241 53
2268 1176 2620 1240 .Pulchrum
2653 1184 2712 1239 et
2748 1183 3043 1240 mortuum
3089 1193 3224 1238 esse
3273 1171 3519 1248 mundo,
3549 1171 3746 1234 vivere

2101 1273 2299 1327 autem
2330 1265 2592 1329 Christo:
2627 1265 2743 1327 alia
2772 1265 2931 1327 enim
2963 1282 3141 1326 nemo
3178 1271 3372 1344 potest
3404 1261 3600 1324 denuo
3639 1278 3746 1322 re-

2103 1355 2286 1430 nasci,
2314 1355 2482 1434 juxta
2511 1353 2755 1416 verbum
2789 1352 3061 1417 Domini:
3115 1375 3138 1410 α
3175 1351 3299 1414 Nisi
3341 1350 3474 1432 quis
3503 1357 3744 1412 renatus

2099 1445 2176 1506 tua
2198 1442 2277 1504 rit
2320 1443 2539 1517 denuo,
2623 1462 2742 1504 non
2813 1450 3004 1524 potest
3066 1442 3314 1504 introire
3384 1440 3447 1501 in
3494 1457 3741 1519 regnum

2099 1531 2304 1596 Dei56.
2330 1556 2356 1588 ι
2383 1531 2523 1594 Haec
2543 1539 2740 1594 autem
2769 1531 3138 1610 regeneratio
3197 1549 3267 1592 ex
3299 1527 3615 1592 obedentia
3645 1547 3743 1610 pa-

366 1618 613 1714 Πατέρων
672 1626 1042 1698 πνευματικῶν
1103 1621 1332 1699 γίνεσθαι
1388 1621 1638 1701 πέφυκεν.
1685 1624 1759 1714 ΔΕί
1809 1624 1886 1699 μὴ
1916 1625 2009 1703 γὰρ

2104 1619 2289 1683 tribus
2319 1620 2727 1714 spiritualibus
2776 1622 2985 1714 oritur.
3017 1619 3148 1684 Nisi
3193 1619 3352 1714 enim
3385 1621 3549 1700 prius
3577 1616 3742 1714 verbi

364 1707 618 1786 πρότερον
646 1709 738 1765 τὸν
791 1719 887 1768 τοῦ
928 1709 1089 1790 λόγου
1145 1711 1342 1790 σπόρον
1397 1708 1482 1766 διὰ
1535 1710 1633 1778 τῆς
1680 1707 2013 1776 διδασκαλίας

363 1800 470 1852 τῶν
529 1795 762 1876 Πατέρον
830 1797 1276 1875 ἐγκυμονήσωμεν
1330 1800 1420 1856 καὶ
1488 1801 1876 1875 υίοποιηθῶμεν
1939 1806 2015 1875 τῷ

364 1889 482 1958 Θεῷ
544 1880 612 1939 δι’
675 1886 870 1962 αὐτῶν,
964 1889 1024 1943 οὒ
1081 1884 1338 1963 δυνάμεθα
1405 1884 1601 1944 ἄνωθεν
1643 1893 1958 1967 γεννηθῆναι
1994 1905 2008 1920 ⁸

364 1970 507 2029 οὕτω
533 1972 634 2052 γὰρ
664 1975 711 2029 oi
767 1975 868 2050 μὲν
924 1972 1123 2031 δώδεκα
1179 1973 1232 2041 ἐξ
1287 1977 1403 2040 ἐνὸς
1457 1986 1550 2036 τοῦ
1601 1984 1848 2056 Χριστοῦ,
1882 1981 1930 2035 οἱ
1957 1977 2012 2034 δὲ

361 2057 730 2136 ἐϐδομήκοντα
773 2061 833 2120 ἐκ
890 2068 996 2120 τῶν
1052 2061 1252 2120 δώδεκα
1327 2064 1705 2144 ἐγεννήθησαν,
1757 2068 1846 2123 καὶ
1896 2069 2012 2124 υἱο-

357 2150 658 2218 ποιήθησαν
684 2157 763 2234 τῶ
791 2151 906 2226 Θεῷ
946 2153 1034 2209 καὶ
1084 2154 1247 2232 Πατρὶ
1299 2155 1436 2212 κατὰ
1494 2156 1556 2211 τὸ
1610 2154 1882 2234 εἰρημένον
1912 2157 2014 2212 ὑπὸ

361 2238 550 2316 Κυρίου
579 2256 595 2272 ·
654 2261 684 2293 α
718 2229 904 2315 ’Υμεϊς
945 2240 1080 2323 ..ἐστε
1134 2229 1234 2298 υἱοὶ
1281 2251 1376 2301 τοῦ
1434 2229 1667 2323 ΠατρὸςΙ
1711 2229 1812 2318 μου
1840 2250 1933 2301 τοῦ
1961 2243 2015 2300 ἐν

357 2312 481 2390 τοὶς
531 2312 797 2406 οὖρανοῒς,
849 2352 878 2384 ι
945 2312 1087 2388 εὈθεν
1169 2330 1258 2386 καὶ
1321 2332 1452 2410 πρὸς
1519 2312 1664 2407 ημᾶς
1712 2312 1762 2388 ’ὁ
1809 2330 2014 2396 Παῦλός

359 2435 522 2492 φησιν
557 2433 576 2452 ο
613 2435 638 2472 α
666 2417 724 2473 Ei
756 2417 855 2495 γὰρ
874 2419 962 2474 καὶ
992 2417 1205 2497 μυρίους
1269 2417 1639 2499 παιδαγωγοὺς
1669 2418 1847 2500 ἔχετε,
1893 2419 2013 2477 ἀλλ’

360 2503 426 2558 οὗ
451 2501 680 2569 πολλοὺς
731 2506 970 2584 πατάρας
1018 2522 1033 2539 ⁸
1101 2506 1210 2585 ἐγὼ
1263 2509 1398 2583 ὑμᾶς
1455 2507 1737 2588 ἐγέννησα,
1786 2521 2015 2585 μιμηταί

362 2612 469 2665 μου
504 2593 726 2668 γίνεσθε.
758 2616 786 2649 ι

440 2668 538 2743 νδ’.
585 2681 656 2739 Τό
714 2683 792 2758 μὴ
842 2683 1170 2763 ὑποταγῆναι
1229 2685 1389 2764 Πατρὶ
1472 2689 1811 2761 πνευματικῴ
1878 2687 2012 2747 κατὰ

362 2767 586 2843 μίμησιν
636 2778 730 2827 τοῦ
785 2771 948 2853 μέχρι
1003 2773 1228 2833 θανάτου
1285 2775 1372 2830 καὶ
1461 2782 1684 2854 σταυροῦ
1724 2774 2012 2854 ὑποταγέν-

358 2877 451 2920 τος
481 2858 601 2916 Υίοῦ
628 2867 705 2935 τῷ
733 2863 919 2941 Πατρὶ,
949 2863 1011 2918 τὸ
1065 2861 1144 2938 μὴ
1213 2861 1530 2939 γεννηθῆναι
1587 2861 1792 2931 ἄνωθέη
1822 2863 1962 2920 ἐστιν
1990 2881 2004 2894 ·

2097 1727 2304 1772 semen
2331 1728 2439 1790 per
2463 1709 2789 1774 doctrinam
2824 1707 3528 1789 Patrum‘concipiamus,
3581 1713 3636 1767 et
3667 1704 3741 1766 ab

2095 1797 2243 1878 ipsis
2282 1797 2608 1861 efﬁciamur
2650 1799 2755 1859 ﬁlii
2809 1797 2938 1873 Dei,
3001 1816 3119 1858 non
3164 1812 3481 1876 possumus
3508 1793 3742 1856 renasci

2095 1886 2317 1953 denuo.
2351 1887 2448 1950 Sic
2479 1885 2792 1948 duodecim
2825 1905 2895 1949 ex
2954 1905 3071 1947 uno
3122 1885 3377 1955 Christo,
3411 1891 3469 1945 et
3497 1891 3740 1963 septua-

2093 1976 2255 2053 ginta
2275 1996 2342 2039 ex
2376 1976 2695 2040 duodecim
2741 1985 2879 2038 suut
2928 1975 3144 2048 renati,
3193 1982 3252 2036 et
3299 1973 3402 2035 ﬁlii
3432 1972 3568 2034 facti
3599 1980 3740 2034 sunt

2096 2063 2203 2126 Dei
2225 2064 2438 2138 Patris,
2468 2065 2634 2145 juxta
2663 2064 2904 2127 verbum
2936 2063 3174 2125 Domini
3200 2084 3213 2123 :
3247 2085 3270 2119 α
3317 2061 3437 2124 Vos
3458 2061 3603 2124 estis
3632 2061 3738 2122 ﬁlii

2101 2153 2287 2215 Patris
2319 2151 2436 2214 mei
2466 2152 2567 2234 qui
2597 2153 2658 2214 in
2718 2152 2881 2214 ccelis
2929 2152 3118 2214 est57.
3159 2177 3184 2206 ι
3221 2150 3390 2215 Unde
3439 2158 3496 2211 et
3525 2149 3738 2211 Paulus

2098 2240 2271 2302 nobis
2302 2241 2480 2303 dicit:
2515 2266 2541 2298 α
2572 2241 2633 2304 Si
2655 2241 2814 2304 enim
2840 2243 3045 2303 decem
3071 2239 3732 2320 milliapaadagogorum

2097 2329 2388 2410 habeatis,
2421 2329 2526 2392 sed
2561 2349 2676 2392 non
2711 2329 2928 2391 multos
2984 2341 3217 2412 patres:
3246 2348 3354 2407 ego
3403 2346 3503 2390 vos
3533 2327 3735 2408 genui,

2096 2418 2424 2483 imitatores
2454 2419 2572 2482 mei
2595 2427 2786 2483 estote
2809 2421 2895 2483 53.
2933 2443 2962 2476 ι

2177 2686 2268 2748 54.
2298 2685 2426 2746 Non
2459 2685 2706 2746 obedire
2731 2685 2880 2766 patri
2935 2685 3248 2766 spirituali,
3281 2685 3354 2747 ab
3384 2680 3736 2746 imitandum

2092 2770 2310 2834 Filium
2341 2773 2441 2854 qui
2467 2772 2626 2834 Patri
2647 2772 2933 2836 obediens
2978 2773 3088 2834 fuit
3116 2793 3304 2856 usque
3346 2773 3420 2834 ad
3457 2778 3732 2842 mortem,

2093 2868 2342 2922 mortem
2375 2869 2572 2923 autem
2605 2862 2800 2924 crucis
2819 2863 2904 2936 59,
2937 2881 3054 2923 non
3116 2871 3209 2924 est
3253 2862 3448 2924 denuo
3477 2859 3732 2922 renasci.

356 2947 386 3000 ὁ
447 2943 502 3002 δὲ
563 2948 640 3023 μὴ
714 2951 948 3029 γεγονὼς
1024 2952 1134 3014 υἱὸς
1204 2951 1485 3031 ἀγαπητὸς
1545 2953 1742 3030 πατρὸς
1798 2952 2004 3031 ἐγαθοῦ,

2104 2948 2204 3021 Qui
2233 2957 2432 3011 autem
2483 2969 2602 3011 non
2651 2950 2837 3012 factus
2893 2960 2984 3012 est
3035 2952 3190 3013 ﬁlius
3247 2951 3500 3012 dilectus
3553 2948 3738 3029 patris

352 3041 472 3098 πῶς
529 3037 708 3116 πατὴρ
764 3037 886 3118 ἄρα,
939 3038 1017 3115 μὴ
1073 3038 1222 3118 λόγῳ
1287 3041 1376 3096 καὶ
1419 3041 1672 3117 πνεύματι
1742 3043 2006 3120 γεννηθεὶς

354 3122 574 3200 ἄνωθεν,
654 3128 780 3182 υἱῶν
861 3129 1069 3206 ἀγαθῶν
1151 3130 1240 3186 καὶ
1322 3131 1477 3192 «ora:
1517 3130 1736 3207 γένηται
1785 3132 2004 3209 ἀγαθὸς,

354 3214 535 3290 πατήρ
570 3229 585 3243 ⁸
618 3216 708 3271 καὶ
774 3215 946 3294 ἀγαθὰ
998 3214 1200 3283 τέξεται
1273 3217 1458 3292 τέκνα,
1522 3220 1620 3284 τῆς
1681 3219 2005 3297 ἆγαθότητος

352 3307 450 3357 τοῦ
477 3303 674 3381 πατρὸς
729 3302 898 3359 αὒτῶν
953 3306 1234 3386 σύμμορφα
1267 3323 1284 3381 ;
1341 3308 1399 3363 Εἰ
1455 3303 1510 3362 δὲ
1539 3307 1618 3382 μὴ
1646 3305 1837 3380 οὕτως,
1869 3309 2007 3366 κατᾶ

354 3391 419 3445 τὸ
443 3387 645 3474 δένδρον
677 3392 912 3466 πάντως,
946 3394 1034 3449 καὶ
1065 3395 1093 3450 ὁ
1123 3395 1327 3474 καρπὸς
1353 3397 1536 3457 αὐτοῦ.
1815 3451 1819 3454 .

440 3467 773 3540 νεῖ-Κακὸν
828 3481 862 3547 ἠ
890 3479 1131 3556 ἀπιστία,
1196 3467 1301 3549 τῆς
1363 3489 1600 3562 πονηρᾶς
1667 3483 2004 3565 φιλαργυρίας

355 3568 445 3624 καὶ
472 3573 564 3624 τοῦ
618 3567 806 3646 φθόνου
860 3571 921 3624 τὸ
989 3570 1349 3649 πονηρότατον
1404 3572 1588 3647 κύημα
1621 3591 1638 3610 ο
1673 3574 1717 3628 εἰ
1785 3570 1840 3629 δὲ
1870 3572 2004 3640 αὕτη

355 3658 541 3729 κακὸν,
578 3657 729 3729 πόσῳ
783 3655 986 3732 μᾶλλον
1013 3659 1048 3726 ἡ
1106 3659 1401 3740 τίκτουσα;
1461 3657 1585 3717 ὅσον
1640 3660 1720 3717 ὅτι
1775 3661 1875 3730 τὴν
1912 3668 2007 3718 τοῦ

356 3750 558 3825 χρυσοῦ
616 3742 792 3825 φιλίαν
846 3745 942 3813 τῆς
1000 3753 1227 3825 Χριστοῦ
1277 3746 1450 3828 φιλίας
1520 3750 1902 3828 προτιμοτέραν
1949 3748 2005 3805 ἐν

354 3845 474 3895 τοῖς
506 3834 641 3896 υἱοῖς
671 3838 778 3888 τῶν
805 3832 1098 3913 ἂνγρώπων
1155 3835 1449 3914 ἐργάζεται,
1507 3837 1595 3892 καὶ
1625 3839 1714 3894 τὸν
1744 3835 2002 3916 δημιουρ-

2094 3036 2236 3098 boni
2265 3038 2561 3119 quomodo
2594 3039 2794 3116 igitur,
2849 3059 2964 3102 non
3017 3039 3215 3103 Verbo
3273 3048 3331 3102 et
3361 3035 3605 3120 Spiritui
3632 3055 3734 3098 re-

2093 3133 2263 3187 natus
2289 3126 2508 3202 denuo,
2526 3128 2806 3207 ,ﬁliorum
2847 3128 3144 3191 bonorum
3175 3137 3232 3190 et
3258 3129 3386 3209 ipse
3415 3129 3518 3188 tiet
3545 3125 3737 3188 bonus

2091 3221 2280 3295 pater,
2345 3224 2403 3277 et
2457 3215 2675 3278 bonam
2728 3219 3065 3298 procreabit
3128 3217 3417 3288 sobolem,
3479 3222 3739 3296 paterna:

2092 3302 2336 3365 bonitati
2382 3303 2803 3366 conformem‘?
2861 3304 2964 3368 Sin
3019 3312 3240 3381 autem,
3293 3303 3484 3386 qualis
3532 3302 3734 3383 arbor,

2092 3391 2223 3454 talis
2250 3393 2494 3455 omnino
2525 3393 2643 3457 erit
2674 3395 2899 3456 fructus
2927 3395 3079 3475 ejus.

2169 3481 2270 3544 55.
2304 3481 2566 3563 Nequam
2596 3491 2684 3543 est
2716 3483 2983 3562 perﬁdia,
3018 3501 3210 3563 pravae
3257 3481 3512 3544 avaritiae
3544 3490 3605 3544 et
3626 3481 3736 3544 zeli

2094 3569 2387 3649 pessimus
2417 3572 2529 3632 iste
2560 3572 2736 3633 fetus.
2779 3571 2843 3634 Si
2889 3581 3083 3634 autem
3133 3573 3260 3652 ipsa
3313 3581 3402 3633 est
3457 3589 3732 3650 nequam,

2091 3667 2310 3735 quanto
2345 3659 2532 3736 magis
2558 3659 2690 3739 ejus
2722 3667 2912 3722 mater
2941 3661 2953 3718 !
2990 3663 3179 3724 Tanto
3214 3659 3400 3738 magis
3430 3659 3587 3740 quod
3627 3676 3733 3736 pe-

2089 3747 2280 3808 cuniae
2307 3767 2572 3809 amorem
2606 3767 2809 3811 amore
2838 3749 3056 3812 Christi
3115 3749 3526 3830 pretiosiorem
3559 3749 3736 3811 efficit

2086 3836 2240 3912 apud
2276 3837 2431 3898 ﬁlios
2481 3837 2810 3910 hominum,
2863 3847 2921 3898 et
2967 3838 3230 3901 materiae
3275 3837 3612 3901 Creatorem
3665 3857 3736 3900 ea

355 3923 448 3999 γὸν
503 3922 600 3987 τῆς
685 3919 814 3986 ὕλης
879 3922 1068 3991 ἑαυτῆς
1149 3923 1404 3982 ἐλάττονα
1472 3925 1688 3999 τίθεται,
1741 3928 1830 3980 καὶ
1871 3926 2004 4001 αὖτῇ

2111 3943 2215 4004 psa
2243 3924 2535 3988 minorem
2587 3925 2788 4002 habet,
2839 3935 3019 4008 utque
3060 3928 3212 3988 hanc
3254 3928 3502 3988 adorent
3554 3928 3735 4008 magis

356 4008 621 4088 λατρεύειν
661 4007 885 4084 μᾶλλον,
940 4010 976 4079 ἢ
1031 4018 1108 4086 τῷ
1153 4018 1268 4086 Θεῷ
1315 4013 1509 4089 πείθει,
1569 4015 1688 4079 τοὺς
1738 4020 1808 4090 τῇ
1838 4014 2006 4070 κτίσει

2104 4031 2263 4094 quam
2296 4013 2480 4077 Deum
2517 4014 2834 4092 persuadet
2862 4007 2937 4076 iis
2965 4015 3065 4095 qui
3117 4024 3426 4088 creaturae,
3464 4015 3732 4093 neglecto

355 4098 498 4176 παρὰ
541 4099 630 4154 τὸν
685 4098 932 4154 κτίσαντα
1000 4100 1098 4168 τὴν
1168 4094 1408 4178 λατρείαν
1479 4101 1893 4182 προσνέμοντας,
1920 4094 2007 4157 καὶ

2104 4104 2395 4177 δτεοιοτε,
2412 4103 2633 4165 cultum
2654 4101 2958 4178 exhibent,
2981 4094 3732 4168 etcommutantveritatem

354 4187 454 4252 τὴν
483 4192 574 4242 τοῦ
603 4192 733 4242 Θεοῦ
787 4185 1035 4256 ἀλήθειαν
1094 4187 1557 4264 μεταλλάσσοντας
1616 4189 1668 4247 ἐν
1696 4197 1773 4265 τῷ
1803 4188 2003 4266 ψεύδει.

2104 4191 2198 4255 Dei
2229 4194 2286 4254 in
2317 4191 2720 4252 mendacium.
2757 4190 2821 4253 Si
2859 4201 3059 4254 autem
3091 4192 3204 4255 iste
3234 4192 3476 4254 morbus
3507 4201 3733 4255 tantum

358 4277 417 4332 Εί
444 4273 500 4330 δὲ
530 4284 780 4333 τοσοῦτον
833 4277 869 4342 ἡ
929 4277 1080 4343 νόσος
1123 4281 1306 4351 κακὸν,
1359 4280 1430 4344 ὡς
1480 4281 1569 4335 καὶ
1623 4277 1864 4359 δευτέρας
1907 4281 2004 4336 αὖ·

2104 4288 2180 4342 ast
2209 4280 2450 4360 malum,
2487 4288 2548 4340 ut
2575 4279 2821 4340 alterius
2850 4279 3142 4341 idolorum
3191 4279 3489 4341 servitutis
3518 4300 3734 4342 nomen

355 4365 455 4432 τὴν
507 4361 937 4443 εἷδωλολατρείας
1018 4365 1390 4444 κληρώσασθαι
1443 4367 1635 4448 ὄνομα,
1706 4369 1859 4434 ποίας
1903 4371 2006 4450 οὐχ

2104 4369 2162 4430 sit
2199 4367 2460 4443 sortitus,
2487 4377 2706 4448 quanto
2731 4377 2966 4449 superat
2990 4368 3230 4430 malitiae
3260 4368 3564 4431 cumulum
3595 4371 3730 4431 ani—

356 4450 652 4532 ὒπερϐαίνει
749 4453 934 4518 κακίας
1028 4454 1324 4534 ὑπερϐολὴν
1405 4457 1440 4524 ἡ
1521 4465 1742 4514 νοσοῦσα
1810 4461 2005 4525 ταῦτην

354 4540 658 4620 ἐθελουσίων
684 4542 837 4620 ψυχή
875 4559 892 4620 ς

435 4619 565 4704 νζ’,
602 4631 660 4687 Εἰ
691 4619 797 4705 μὲν
817 4619 909 4686 τοῦ
937 4637 1162 4710 Χριστοῦ
1207 4631 1355 4714 φίλος
1386 4634 1529 4690 εἶναι
1588 4633 1786 4716 φιλεῖς,
1833 4640 2004 4712 μισή-

355 4738 464 4783 σεις
518 4717 618 4797 ἄρα
675 4719 900 4798 χρυσὸν,
972 4721 1062 4776 καὶ
1104 4743 1202 4782 την
1247 4723 1435 4782 τούτου
1486 4721 1672 4803 λίχνον
1708 4723 1906 4804 φιλίαν,
1929 4729 2004 4791 ὡς

354 4807 454 4872 τὴν
501 4804 734 4862 διάνοιαν
794 4806 1114 4886 στρέφουσαν
1160 4811 1291 4889 πρὸς
1339 4811 1532 4879 ἑαυτὴν
1586 4818 1679 4868 τοῦ
1707 4812 2002 4897 φιλοῦντος,

356 4896 442 4951 καὶ
488 4895 812 4952 ἀποσπῶσαν
865 4895 1027 4964 αὐτὴν
1090 4897 1195 4954 ἀπὸ
1249 4899 1344 4968 τῆς
1408 4898 1742 4978 γλυκυτάτης
1795 4895 2007 4980 ἀγάπης

353 4993 445 5043 τοῦ
475 4983 648 5051 Ἰησοῦ
705 5002 720 5020 ⁶
775 4981 884 5050 ἥτις
936 4987 1030 5042 οὒκ
1081 4986 1142 5044 ἐκ
1201 4986 1330 5044 εἴδει
1385 4987 1548 5067 λόγου
1615 4991 1880 5069 φαίνεσθαι
1915 5016 2005 5069 μοι

353 5074 526 5148 δοκεῖ,
556 5069 675 5129 ἀλλ’
719 5072 774 5128 ἐν
835 5070 966 5129 εἴδει
1005 5075 1239 5156 πράξεως
1295 5085 1402 5135 τῶν
1447 5080 1604 5137 αὐτοῦ
1659 5077 1904 5140 ἐντολῶν.
1945 5091 2001 5147 Et

352 5163 407 5220 δέ
461 5170 553 5221 τοῦ
607 5169 807 5244 χρυσοῦ
863 5162 1159 5247 ἐπιθυμεῖς,
1190 5167 1326 5248 φεῦὲ
1389 5167 1656 5247 κερδήσεις
1728 5170 1824 5245 μὲν
1873 5195 2000 5230 κατ-

350 5254 579 5332 ορύττων
608 5255 761 5310 αὖτὸν
812 5251 936 5330 τόγε
993 5257 1080 5310 νῦν
1136 5255 1287 5338 ἔχον,
1347 5258 1397 5314 εἶ
1447 5279 1508 5337 γε
1579 5256 1756 5338 κέρδος
1810 5263 1898 5317 καὶ
1941 5265 2001 5320 οὐ

349 5343 544 5416 ζημίαν
597 5341 835 5421 ἐσχάτην
888 5339 1030 5421 ἔχεις
1086 5346 1242 5406 αὗεοῦ
1297 5348 1394 5415 τὴν
1458 5345 1654 5427 φιλία’),
1729 5357 2000 5426 προτιμῶν

2091 4476 2185 4520 ma
2214 4459 2325 4519 hoc
2356 4456 2563 4518 morbo
2595 4465 2804 4538 sponte
2833 4457 3110 4520 laborans
3137 4458 3150 4521 Ξ

2167 4635 2267 4699 56.
2304 4633 2364 4698 Si
2391 4633 2606 4698 Christi
2651 4634 2877 4698 amicus
2926 4654 3058 4698 esse
3101 4655 3284 4712 amas,
3316 4635 3454 4698 odio
3486 4637 3734 4698 habebis

2089 4741 2321 4797 aurum,
2372 4722 2726 4804 avidumque
2774 4724 2948 4804 hujus
2999 4743 3288 4795 amorem,
3341 4734 3542 4806 utpote
3597 4743 3732 4788 ver-

2091 4821 2316 4874 tentem
2342 4812 2414 4872 ad
2445 4830 2510 4872 se
2539 4812 2792 4873 amantis
2821 4822 3102 4884 mentem,
3164 4833 3413 4894 eamque
3442 4833 3476 4874 a
3505 4813 3732 4875 dulcis-

2089 4902 2240 4964 sima
2289 4901 2691 4962 retraltentem
2734 4903 2870 4964 Jesu
2936 4903 3266 4964 charitate:
3314 4920 3443 4982 qua;
3490 4902 3730 4984 quidem

2089 5010 2206 5053 non
2237 4989 2418 5052 meris
2459 4988 2605 5051 mihi
2658 4989 2890 5050 videtur
2938 4989 3298 5052 manifestari
3358 4989 3576 5062 veubis,
3627 4991 3734 5051 sed

2088 5079 2250 5161 praxi
2287 5079 2696 5140 mandatorum
2729 5077 2936 5158 ipsius.
2971 5078 3033 5140 Si
3063 5088 3263 5141 autem
3301 5096 3509 5139 aurum
3541 5079 3732 5158 ctipis,

2086 5172 2223 5244 heu,
2282 5167 2610 5230 lucraberis
2655 5167 2896 5248 quidem
2956 5168 3184 5229 fodiens
3243 5168 3734 5229 melaflumistud

2085 5277 2244 5321 nunc
2271 5256 2588 5338 exsistens,
2622 5256 2918 5338 siquidem
2950 5259 3179 5319 lucrum
3229 5265 3288 5319 et
3316 5276 3434 5318 non
3460 5257 3732 5320 ultimum

2084 5351 2364 5414 damnum
2425 5346 2609 5408 habes
2663 5345 2841 5425 hujus
2899 5365 3194 5420 amorem,
3265 5365 3444 5429 quem
3499 5346 3733 5409 Christo

430 5522 495 5573 55
525 5522 683 5584 Psal.
719 5536 922 5598 cxvm,
963 5523 1096 5586 165.
1180 5522 1432 5588 5610an.
1469 5521 1556 5601 m,
1584 5527 1644 5587 3.
1729 5525 1797 5578 57
1824 5527 2009 5595 Matth

2104 5547 2134 5608 ν,
2169 5526 2267 5591 45.
2351 5525 2464 5587 581
2493 5526 2632 5587 Cor.
2667 5541 2752 5607 ιν,
2785 5525 2884 5600 15,
2924 5525 3018 5588 l6.
3104 5527 3169 5578 59
3199 5527 3452 5612 Philipp.
3490 5542 3558 5606 ιι,
3591 5527 3650 5590 8.
