4050 6124
363 244 486 312 929
1338 252 1828 317 PHYSICORUM
1868 253 2208 319 CAPITUM
2251 255 2643 322 GENTURIA
2685 258 2743 321 II
3630 258 3751 324 930

368 385 509 441 κατὰ
563 385 777 461 πάνταμ
805 390 894 445 καὶ
950 394 1134 447 τοῦτον
1221 389 1541 469 εἰσπράττει²
1584 391 1674 449 καὶ
1742 386 2046 456 πλεονάζτι.

2134 386 2325 475 usuris,
2356 398 2415 451 et
2449 391 2505 451 in
2538 391 2846 452 thesauros
2889 409 3040 454 nova
3091 410 3329 473 semper
3379 392 3646 475 deponit;
3693 403 3753 456 et

374 490 495 542 τοῖς
546 478 747 555 τόκοις,
815 482 903 536 καὶ
969 482 1043 545 εἷς
1113 482 1403 559 θησαυροὺς
1428 481 1754 555 ἀποτίθεται,
1813 481 1900 536 καὶ
1954 479 2027 539 ὼς

2134 474 2275 537 relut
2319 477 2749 540 immisericors
2781 479 3105 558 judicatur.
3138 481 3202 542 Si
3232 501 3368 543 vero
3400 482 3746 545 iracundam

374 566 690 642 ἀσυμπαθὴς
757 572 1148 649 κατακρίνεται.
1208 572 1267 627 Εἰ
1315 568 1371 626 δὲ
1425 568 1639 646 θυμώδη
1708 571 1796 626 καὶ
1832 568 2031 646 βάσκα-

2134 572 2170 624 2t
2202 564 2485 640 invidam,
2519 566 2660 629 feris
2693 575 2750 627 et
2778 568 3090 630 veneuosis
3122 578 3362 646 urgetur
3390 571 3702 650 reptilibus
3732 592 3748 648 ;

378 677 491 730 νον,
529 656 728 735 θηρίοις
785 660 875 716 καὶ
933 657 1160 721 ἶοϐόλοις
1205 657 1450 716 διώκεται
1502 660 1769 736 ἑρπετοῖς,
1829 657 1917 713 καὶ
1940 653 2033 736 φό-

2134 671 2181 713 ιο
2215 655 2543 717 terroribus
2587 663 2644 715 et
2688 655 3006 718 formidine
3053 657 3351 736 dijicitur;
3387 659 3438 720 si
3467 661 3751 722 tumidam

377 741 494 808 ϐοις
544 748 632 802 καὶ
688 744 851 820 δειλίᾳ
907 746 1352 806 δαθυποϐάλλεται
1389 768 1402 782 ·
1478 751 1522 805 εἰ
1575 746 1631 804 δὲ
1686 742 2032 827 πεφυσιωμέ-

2140 742 2278 803 uani
2324 744 2533 825 gloria,
2567 743 2780 805 bonam
2826 744 3065 819 famam,
3117 755 3500 809 occurrentes
3548 750 3755 829 populi

384 855 480 899 νην
553 840 623 911 τῇ
681 841 809 903 κενῆ
880 834 1027 913 δόξῃ,
1089 837 1349 918 εὐφημίας
1420 840 1508 893 καὶ
1574 835 2033 917 προσυμαντήσεις

2134 830 2340 905 .urbas,
2375 833 2621 893 thronos
2651 833 2890 912 imperii
2906 841 2964 898 et
2986 833 3350 914 principatus
3372 835 3486 896 sibi
3504 836 3751 916 eﬂingit,

381 922 539 995 λαοῦ,
598 924 811 1000 θρόνους
860 925 1039 1006 ἀρχῆς
1094 928 1183 983 καὶ
1236 928 1524 1004 ἡγεμονίας
1575 925 1909 1007 φαντάζεται,
1948 929 2037 983 καὶ

2134 926 2177 980 at
2207 939 2276 982 ea
2307 939 2437 1001 qua;
2467 921 2728 983 nondum
2780 931 2935 996 sunt,
2971 934 3249 1004 tanquam
3297 924 3630 1004 praesentia,
3664 926 3755 988 vel

381 1011 501 1089 περὶ
542 1012 610 1067 τὰ
650 1014 819 1088 μήπω
864 1011 989 1071 ὄντα
1036 1014 1199 1089 αὐτῷ,
1233 1017 1306 1078 ὡς
1360 1014 1509 1089 ὄντα,
1566 1015 1601 1083 ἢ
1654 1015 1863 1075 πάντως
1911 1009 2036 1066 ἐσό-

2134 1008 2326 1070 saltem
2357 1017 2632 1090 tanquam
2665 1009 2858 1073 futura
2880 1011 3055 1073 etiam
3083 1011 3329 1089 vigilans
3357 1013 3471 1075 sibi
3491 1016 3753 1083 exhibet.

387 1119 548 1175 μενα,
612 1103 701 1158 καὶ
758 1101 1064 1183 ἐγρηγορῶν
1114 1103 1393 1161 διατίθεται
1472 1106 1529 1161 Εἰ
1598 1101 1652 1159 δὲ
1703 1103 2034 1181 ὑπερήφανον

2134 1096 2183 1159 Si
2212 1097 2469 1178 denique
2499 1098 2815 1179 superbam
2841 1109 2895 1162 et
2916 1101 3258 1179 arrogantia
3281 1102 3538 1181 plenam,
3567 1103 3758 1165 curri-

384 1189 475 1243 καὶ
505 1186 813 1260 ἀλαζονείας
872 1193 1095 1273 μεστὴν,
1145 1193 1231 1249 ἐπὶ
1277 1194 1572 1272 ὀχημά;ων
1621 1191 1859 1272 φέρεσθαι
1888 1188 2034 1262 λαμ·-

2134 1206 2230 1248 3us
2253 1188 2386 1248 vehi
2408 1187 2816 1266 fulgidissimis
2842 1189 3296 1271 snbividetur,et
3313 1191 3421 1253 alis
3441 1191 3756 1273 aliquando

384 1277 664 1354 προτάτων
723 1280 819 1358 ὁρᾷ
860 1282 1068 1355 ἑαυτὸν,
1115 1283 1204 1338 καὶ
1247 1295 1464 1361 πτεροῖς
1521 1280 1624 1338 ἔσθ’
1684 1280 1771 1336 ὅτε
1802 1280 1877 1343 οἷς
1910 1275 2037 1353 ἀέρα

2143 1295 2179 1336 n
2205 1295 2403 1338 aerem
2425 1278 2645 1351 volare,
2695 1287 2752 1340 et
2779 1297 2984 1340 omnes
3021 1279 3181 1341 videt
3211 1282 3756 1360 supereminentem

381 1366 698 1448 πετόμενον,
758 1371 846 1425 καὶ
900 1370 1100 1435 πάντας
1151 1372 1249 1438 τὴν
1298 1372 1570 1450 ὑπεροχὴν
1614 1368 1899 1449 τρέμοντας
1940 1366 2038 1430 τῆς

2134 1384 2283 1427 suam
2319 1373 2639 1428 trementes
2671 1368 3014 1447 potentiam.
3048 1367 3147 1431 Sic
3179 1370 3356 1431 homo
3392 1370 3497 1432 Dei
3527 1389 3756 1447 amans,

387 1452 618 1521 ὲξουσίοις
674 1461 876 1539 αὐτοῦ.
937 1458 1087 1516 Οὕτω
1156 1457 1221 1528 δὴ
1274 1461 1361 1515 καὶ
1432 1458 1672 1539 φιλόθεος
1740 1456 2032 1535 ἅνθρωπος,

2134 1454 2385 1516 :olendaa
2412 1455 2642 1516 virtutis
2673 1456 2995 1537 studiosus,
3018 1458 3231 1537 dignus
3255 1458 3493 1537 pietatis
3514 1460 3755 1534 athleta,

384 1539 673 1606 σπουδαῖος
734 1544 810 1601 ὢν
853 1547 925 1610 εἷς
982 1546 1228 1626 ἐργασίαν
1295 1553 1395 1615 τῆς
1449 1549 1666 1628 ἀρετῆς,
1722 1547 1809 1603 καὶ
1836 1544 2034 1606 δίκαιος

2134 1544 2519 1625 nundamque
2547 1564 2580 1604 a
2622 1546 2868 1606 materia
2918 1565 3171 1608 servans
3198 1547 3479 1623 animam,
3512 1549 3667 1611 videt
3696 1549 3760 1611 in

387 1630 460 1695 εἰς
505 1629 766 1696 εὐσεϐείας
817 1634 1051 1713 ἀγῶνας,
1095 1638 1182 1692 καὶ
1236 1637 1465 1716 καθαρὰν
1507 1642 1606 1703 τῆς
1656 1635 1787 1702 ὕλης
1845 1634 2034 1713 ἐπιφε-

2134 1632 2343 1694 ;οῐηηὶε
2394 1651 2597 1694 rerum
2663 1633 2924 1695 futuram
2997 1636 3186 1696 exitus
3243 1644 3303 1696 et
3366 1638 3758 1700 revelationes

386 1717 603 1797 ρόμενος
646 1720 741 1788 τὴν
800 1724 1005 1802 ψυχὴν,
1068 1723 1369 1799 μελλόντων
1425 1725 1751 1805 πραγμάτων
1795 1719 2036 1785 ἐκϐάσεις

2134 1722 2475 1783 ιθιτίὺὶὶὶυω
2504 1723 3000 1800 spectaculorum.
3037 1731 3097 1787 et
3132 1726 3578 1805 expergefactus
3626 1744 3760 1789 sese

387 1805 504 1862 καθ’
562 1807 750 1874 ὕπνους
822 1814 916 1890 ὁρᾷ
968 1815 1057 1869 καὶ
1113 1821 1343 1896 φρικτῶν
1414 1814 1691 1890 θεαμάτων
1757 1809 2035 1868 ἀποκαλύ-

393 1898 417 1919 .I
441 1916 456 1919 -
601 1898 615 1919 9
661 1900 674 1919 Ι
858 1906 872 1919 ς
946 1903 957 1919 1
1180 1905 1193 1919 ο
1302 1907 1315 1919 ι
1416 1905 1430 1919 1
1700 1902 1740 1919 11
1907 1902 1923 1919 \
1994 1902 2009 1919 9

2134 1809 2512 1890 ieprebendit
2539 1828 2778 1890 semper
2814 1821 3083 1875 orantem
3124 1813 3185 1874 in
3217 1815 3677 1893 rompunctione
3702 1822 3762 1877 et

390 1898 536 1976 ψεις,
592 1898 674 1954 ἀεί
726 1922 783 1956 τε
826 1903 1117 1982 εὐχόμενον
1175 1905 1358 1961 ἑαυτὸν
1413 1905 1467 1961 ἐν
1521 1902 1791 1969 κατανύξει
1837 1902 1926 1957 καὶ
1968 1902 2038 1956 εἷ-

2134 1901 2433 1980 .ranquillo
2463 1900 2730 1979 corporis
2759 1900 3087 1982 animaeque
3115 1910 3291 1978 statu,
3326 1904 3404 1964 ita
3424 1914 3490 1966 ut
3516 1904 3760 1966 suffusa:

390 1991 584 2074 ρηνικῇ
624 1990 962 2063 ναταστάσει,
1016 1997 1199 2074 ψυχῆς
1260 2015 1317 2049 τε
1371 1995 1458 2050 ιιαῖ
1510 1993 1757 2067 σώματος
1806 1991 2036 2070 ἀφυπνι’

2134 1989 2237 2049 sint
2266 1989 2432 2068 genis
2466 1990 2595 2070 ejus
2624 1989 2923 2071 lacrymae,
2955 2002 3018 2054 et
3058 1990 3227 2053 labiis
3273 1990 3404 2071 ejus
3451 2009 3762 2057 sermones

391 2073 612 2148 ζόμενος
641 2077 1056 2156 καταλαμϐάνει,
1090 2073 1164 2147 ὥς
1208 2082 1351 2139 εἶναι
1404 2086 1500 2158 μὲν
1550 2081 1636 2138 ἐπὶ
1680 2085 1786 2137 τῶν
1809 2085 2039 2159 παρειῶν
2119 2078 2193 2141 de
2222 2078 2367 2142 Deo.

392 2162 549 2252 αὐτοῦ
577 2165 643 2221 τὰ
692 2164 907 2249 δάκρυα⁷
956 2169 1040 2227 ἐπὶ
1086 2170 1141 2228 δὲ
1186 2179 1293 2229 τῶν
1337 2171 1565 2252 χειλέων
1609 2171 1708 2237 τὴν
1748 2170 1880 2248 πρὸς
1910 2168 2040 2224 Θεὸν

393 2249 626 2315 ὁπιλιαν,

475 2330 577 2431 ξας
624 2348 741 2401 Τῶν
796 2345 911 2403 καθ’
967 2346 1161 2413 ὕπνους
1203 2349 1607 2431 φανταζομένων
1662 2349 1731 2405 τὰ
1787 2346 1884 2423 μὲν
1938 2346 2040 2402 αὒ-

2202 2346 2301 2409 61.
2335 2345 2417 2408 Ex
2457 2347 2550 2409 his
2597 2367 2729 2429 quae
2773 2356 3065 2431 apparent
3102 2348 3165 2410 in
3214 2365 3445 2420 somno,
3477 2347 3591 2410 alia
3619 2358 3763 2410 sunt

393 2434 501 2485 τῶν
558 2429 697 2489 ἐστιν
751 2432 986 2518 ἐνύπνια,
1044 2438 1112 2493 τὰ
1166 2429 1227 2494 δὲῄ
1265 2439 1495 2519 ὁράσεις,
1554 2440 1619 2495 τὰ
1670 2436 1725 2493 δὲ
1777 2433 2044 2493 ἀποκαλύ-

2134 2436 2374 2513 somnia,
2408 2437 2525 2498 alia
2553 2437 2834 2519 visiones,
2855 2429 2921 2499 et
2939 2438 3051 2499 alia
3078 2437 3490 2501 revelationes.
3515 2437 3765 2499 Somnia

399 2521 540 2592 ψεις-
576 2523 675 2579 Καὶ
728 2524 794 2579 τὰ
835 2526 933 2601 μὲν
990 2525 1204 2587 ἐνύπνιά
1258 2530 1406 2602 εἰσιν,
1464 2527 1562 2584 ὅσα
1630 2526 1708 2602 μὴ
1738 2527 1884 2602 μὲνει
1926 2523 2043 2602 περὶ

2134 2535 2261 2589 sunt
2288 2545 2657 2607 quaecunque
2695 2528 2755 2588 in
2787 2536 2955 2608 parte
2990 2527 3206 2590 mentis
3238 2526 3613 2607 imaginativa
3641 2545 3765 2590 non

395 2607 461 2662 τὸ
491 2614 839 2698 φανταστικὸν
891 2624 986 2673 τοῦ
1038 2618 1157 2680 νοὸς
1210 2614 1582 2689 ἐναλλοίωντα,
1642 2613 1778 2670 ἀλλὰ
1844 2633 2042 2691 συγκε-

2134 2624 2434 2677 remanent
2463 2607 2876 2698 immutabilia,
2908 2616 3012 2677 sed
3059 2615 3335 2679 confusas
3385 2616 3767 2696 alternasque

402 2695 666 2775 χυμένην,
717 2704 806 2758 καὶ
852 2701 1273 2780 ἐλλεπάλληλον,
1345 2706 1434 2761 καὶ
1481 2709 1689 2768 πυκνῶς
1719 2700 2042 2777 ἀλλοιουμέ-

2134 2711 2185 2765 et
2201 2704 2546 2784 frequenter
2561 2722 2630 2766 ex
2657 2707 2770 2767 hoc
2791 2695 3023 2766 inillud
3049 2711 3299 2765 mutatas
3321 2695 3766 2766 exhibentima-

400 2807 499 2875 νην
548 2785 642 2844 ἀπ’
684 2787 845 2848 ἄλλου
892 2794 965 2856 εἷς
1006 2791 1136 2849 ἄλλο
1182 2793 1324 2874 φέρει
1364 2795 1462 2862 τήν
1493 2794 1776 2874 φαντασίαν
1824 2812 1837 2826 ⁸
1873 2788 1925 2856 ἐξ
1970 2792 2045 2844 ῶν

2134 2793 2296 2871 gines
2347 2810 2362 2854 :
2417 2812 2488 2855 ex
2539 2793 2752 2874 quibus
2801 2793 2962 2855 nulla
3014 2792 3342 2875 percipitur
3405 2791 3651 2868 utilitas,
3710 2799 3769 2854 et

404 2871 617 2950 οὐδεμία
672 2886 776 2936 νῶν
840 2871 1258 2963 φανταζομένωνή
1315 2871 1601 2962 ἐπιγίνεται
1656 2880 1906 2962 ὠφέλεια,
1945 2886 2046 2963 καὶ

2134 2883 2260 2963 ipsa
2331 2871 2674 2961 imaginatio
2745 2882 2924 2944 simul
2998 2871 3132 2944 cum
3180 2871 3430 2943 isomno
3511 2880 3762 2945 recedit.

399 2945 535 3032 αὐτη
621 2968 655 3035 ἡ
698 2945 954 3049 φαντάσία
997 2945 1131 3048 μετᾶ
1184 2974 1283 3040 τὴν
1338 2945 1633 3053 ἀφίλπνησιν
1679 2945 1917 3033 ὄλλυταί.
1944 2956 2045 3033 Ἠς

2134 2945 2293 3033 lianc
2314 2945 2564 3050 proinde
2584 2979 2969 3033 contemnere
2992 2970 3200 3033 fervidi
3229 2969 3470 3034 debent.
3493 2969 3772 3033 Visiones

399 3054 489 3108 καὶ
533 3073 884 3137 καταφρονεῖν
932 3064 978 3117 οἱ
1020 3060 1296 3119 σπουδαῖοι
1352 3060 1666 3141 ὀφείλουσιν,
1713 3063 1775 3117 Αἱ
1822 3058 1878 3116 δὲ
1913 3060 2044 3139 ὁρά-

2134 3067 2322 3122 autem
2354 3070 2510 3129 sunt,
2538 3079 2668 3140 qua;
2696 3060 3090 3122 immutabilia
3119 3068 3276 3135 sunt,
3310 3076 3503 3140 neque
3552 3077 3618 3121 ex
3654 3059 3771 3121 hoc

400 3163 513 3205 σεις
542 3144 691 3223 εἰσὶν,
723 3145 839 3204 ὅσαι
901 3148 1241 3207 ἀναλλοίωτοί
1286 3151 1383 3205 εἶσι
1419 3168 1430 3182 ·
1457 3150 1544 3206 καὶ
1587 3151 1683 3207 οὒκ
1737 3149 1792 3205 ἐν
1858 3149 2046 3205 τούτου

2134 3151 2188 3211 in
2239 3149 2387 3210 illud
2440 3158 2907 3224 convertuntur,
2969 3150 3076 3211 sed
3140 3158 3414 3211 remanet
3480 3148 3772 3228 impressa

401 3231 476 3295 εἷς
503 3233 679 3313 ἕτερον
725 3242 1282 3318 μετασχηματίζονται
1330 3285 1346 3315 ,
1390 3237 1526 3296 ἀλλὰ
1568 3239 1811 3315 μένουσιν
1841 3238 2045 3296 ἐντετυ-

399 3321 641 3396 πωμέναι
683 3328 761 3399 τῷ
802 3331 889 3383 vo’t;
937 3327 1021 3384 ἐπὶ
1050 3328 1249 3394 πολλὰς
1304 3326 1577 3408 περιόδους
1624 3329 1757 3385 ἐτῶν
1781 3330 1870 3384 καὶ
1909 3327 2043 3386 διλᾶ-

399 3411 551 3497 θητοι
613 3429 631 3446 ⁶
688 3414 775 3469 καὶ
846 3414 959 3473 ὅσοι
1032 3417 1335 3493 μελλόντων
1407 3419 1733 3497 πραγμάτων
1803 3414 2043 3480 ἐκϐάσεις

402 3495 712 3588 δεικνύουσι,
759 3505 847 3560 καὶ
902 3510 1085 3586 ψυχῆς
1132 3506 1390 3588 ὠφέλειαν
1441 3495 1503 3563 ἐκ
1557 3505 1881 3573 κατανύξεως
1916 3529 2044 3586 προ-

401 3584 601 3652 ξενοῦσι
659 3592 748 3647 καὶ
792 3584 1026 3674 φοϐερῶν
1065 3584 1339 3673 θεαμάτων
1383 3614 1398 3629 °
1451 3598 1663 3654 σύννουν
1701 3596 1760 3653 τέ
1812 3597 1901 3653 καὶ
1928 3584 2046 3654 σόν-

401 3698 597 3756 τρομον
624 3681 716 3735 τὸν
772 3683 974 3761 ὁρῶντα
1018 3684 1078 3741 ἐκ
1114 3687 1212 3753 τῆς
1259 3692 1364 3744 τῶν
1420 3685 1700 3766 ὁρωμένων
1753 3683 2044 3741 ἀναλλοιώ-

401 3787 494 3823 του
564 3775 786 3848 φρικτῆς
830 3774 1047 3853 θεωρίας
1089 3774 1454 3850 ἀποτελοῦσιν,
1508 3777 1583 3830 ὧν
1632 3776 1719 3831 καὶ
1748 3775 1864 3853 περὶ
1904 3772 2044 3831 πολ-

405 3854 509 3915 λοῦ.
552 3858 778 3916 τίθεσθαι
834 3863 1011 3941 χρεὼν
1068 3865 1190 3928 τοὺς
1250 3862 1556 3927 σπουδαίηυς
1622 3863 1718 3926 τὰς
1768 3862 2044 3927 ὀπτασίας.

408 3948 471 4002 Ai
500 3944 555 4002 δὲ
611 3947 974 4026 ἀποκαλύψεις
1024 3954 1172 4034 εἰσὶν,
1217 3957 1271 4010 αἱ
1310 3953 1453 4033 παρὰ
1498 3958 1671 4008 πᾶσαν
1724 3951 1825 4018 τὴν
1853 3948 2049 4017 αἴσθη-

405 4056 489 4090 σιν
548 4037 821 4114 γινόμεναι
870 4043 1078 4120 θεωρίαι
1136 4047 1234 4109 τῆς
1276 4041 1652 4120 καθαρωτάτης
1707 4041 1794 4096 καὶ
1823 4060 2051 4119 πεφωτι-

405 4124 607 4200 σμένης
680 4132 888 4208 ψυχῆς,
944 4130 1143 4195 αἵτινες
1200 4129 1357 4197 ξένων
1400 4136 1554 4186 τινῶν
1585 4129 1738 4186 θείων
1794 4129 2051 4208 πραγμάο

403 4236 507 4271 των
549 4217 636 4272 καὶ
661 4218 941 4292 νοημάτων
1000 4219 1207 4299 γέρουσι
1277 4217 1514 4294 δυνάμιν,
1573 4217 1948 4297 κεκρυμμένων
1990 4238 2047 4273 τε

2129 3238 2312 3300 menti
2335 3244 2394 3299 et
2406 3236 2703 3301 oblivione
2724 3238 3068 3300 indelebilia
3094 3256 3203 3319 per
3234 3238 3448 3299 multos
3473 3253 3766 3297 annorum

2128 3326 2438 3409 periodos;
2484 3336 2544 3388 et
2568 3347 2700 3408 qua;
2728 3346 2926 3389 rerum
2968 3327 3296 3389 futurarum
3329 3325 3523 3387 exitus
3564 3333 3770 3387 osten-

2127 3417 2295 3491 dunt,
2330 3424 2386 3479 et
2415 3416 2626 3478 animai
2652 3417 2965 3478 utilitatem
2996 3435 3102 3497 per
3129 3414 3613 3496 compuctiouem
3639 3420 3768 3474 ter-

2127 3506 2445 3586 ribiliaque
2516 3507 2853 3586 spectacuia
2935 3512 3294 3585 procurant,
3355 3510 3414 3564 et
3467 3501 3768 3563 videntem

2129 3595 2530 3657 meditativum
2560 3615 2627 3656 ac
2654 3594 2926 3655 timidum
2960 3613 3028 3656 ex
3060 3596 3170 3657 hac
3216 3589 3571 3655 immutabili
3617 3591 3767 3653 hor-

2126 3685 2448 3746 rend'orum
2484 3684 2978 3763 contemplatione
3024 3683 3304 3744 reddunt.
3336 3679 3478 3752 Quae
3521 3678 3765 3760 quidem

2129 3772 2388 3834 visiones
2416 3772 2613 3852 magni
2642 3772 2933 3834 habenda;
2947 3780 3083 3833 sunt
3100 3790 3133 3833 a
3155 3767 3542 3834 ferventibus.
3569 3770 3766 3832 Reve-

2130 3860 2379 3922 lationes
2434 3860 2692 3940 denique
2743 3869 2879 3921 sunt
2923 3861 3275 3940 superiores;
3307 3855 3583 3917 sensibus
3619 3868 3768 3919 con:-

2129 3948 2543 4028 templationes
2575 3947 2902 4029 purissima:
2933 3954 2991 4008 et
3016 3945 3362 4009 illuminatm
3381 3943 3615 4013 animas,
3639 3959 3773 4022 quae

2134 4037 2605 4100 extraordinaria
2659 4037 2979 4117 divinaque
3037 4033 3335 4116 cogitandi
3394 4042 3453 4097 et
3514 4031 3772 4095 faciendi

2136 4129 2406 4190 virtutem
2439 4128 2718 4208 afferunt,
2753 4127 3119 4189 absconditis
3166 4124 3273 4189 Dei
3311 4120 3604 4204 mysteriis
3650 4119 3785 4180 ini»

2130 4216 2299 4296 tiant,
2334 4215 2620 4278 sublimes
2670 4215 2839 4277 nobis
2889 4221 3209 4294 suggerunt
3247 4211 3594 4277 sententias.
3628 4226 3771 4270 nos-.

408 4305 692 4383 μυσνηρίον
748 4314 880 4366 Θεοῦ
978 4298 1343 4387 μυσταγωγίαν
1433 4309 1519 4363 καὶ
1569 4304 1809 4369 ἐκϐάσεις
1891 4307 2046 4384 μεγί-

2134 4313 2374 4388 trosque
2411 4323 2625 4367 sensus
2667 4305 2743 4367 de
2791 4304 3106 4367 mundanis
3153 4301 3546 4380 humanisque
3590 4298 3773 4359 rebus

404 4414 545 4449 στων
615 4396 689 4459 εἷς
748 4397 892 4472 ἡμᾶς
961 4399 1277 4471 ὑποθέσεων,
1369 4398 1457 4453 καὶ
1512 4395 1694 4462 κοινὴν
1752 4393 2046 4473 ἐναλλαγὴν

2134 4399 2371 4460 omnino
2400 4405 2652 4461 mutant.

403 4480 489 4537 ἐπὶ
517 4489 623 4565 τῶν
650 4490 920 4561 κοσμικῶν
942 4487 1030 4543 καὶ
1058 4474 1389 4565 ἀνθρωπίνων
1417 4485 1760 4563 πραγμάτων.

489 4561 590 4648 ξβὀ
633 4580 749 4631 Τῶν
783 4576 1073 4655 εἰρημένων
1125 4561 1191 4632 τὰ
1238 4575 1335 4651 μὲν
1386 4561 1512 4631 εἰσὶν
1539 4561 1761 4630 -ὓλικῶν
1823 4576 1911 4631 καὶ
1952 4598 2046 4655 φι-

2208 4577 2307 4640 62.
2345 4579 2418 4637 Ex
2449 4575 2542 4638 his
2571 4575 2646 4637 de
2678 4574 2893 4656 quibus
2934 4574 3110 4637 modo
3149 4571 3427 4646 diximus,
3460 4570 3576 4633 alia
3606 4587 3771 4631 com-

408 4660 680 4743 λοσάρκων
720 4662 938 4744 ἀνδρῶν,
999 4668 1073 4721 ὢν
1130 4668 1158 4722 ὁ
1202 4666 1331 4728 Θεὸς
1400 4666 1436 4733 ἡ
1492 4661 1664 4720 κοιλῖκ
1719 4663 1863 4731 καὶὴ
1904 4660 2046 4742 ὕϐρις

2134 4664 2689 4747 petunthominibus
2712 4662 3269 4743 materiazcarnique
3280 4659 3774 4739 deditis,quorum

403 4758 497 4808 τοῦ
537 4752 692 4832 κόρου
725 4772 743 4788 ⁸
786 4757 859 4811 ὤν
889 4756 950 4810 τὸ
999 4756 1215 4835 ζοφερὸν
1262 4759 1356 4809 τοῦ
1406 4754 1550 4832 νοὸς⁷
1603 4751 1662 4807 έκ
1688 4751 1799 4828 βίου
1827 4751 2045 4827 ἠμελη-

2134 4756 2280 4817 deus
2327 4763 2532 4816 venter
2579 4762 2668 4815 est
2711 4752 3091 4834 opprobrium
3145 4748 3489 4821 saturitatis,
3521 4762 3781 4835 quorum

405 4840 563 4917 μένου
618 4845 705 4899 καὶ
758 4833 1100 4922 τετριμμένου
1154 4855 1271 4910 τοῖς
1320 4842 1531 4921 ’πάθεσι³
1589 4841 1676 4896 καὶ
1729 4841 1815 4904 οὸς
1858 4843 2046 4921 φαντά..

2137 4843 2316 4906 menti
2330 4844 2643 4923 caliginem
2662 4833 2774 4904 vita
2787 4833 3091 4922 negligens
3109 4833 3775 4923 cupiditatibusquetrir

404 4938 549 5003 ζουσι
592 4953 651 4987 τε
721 4935 810 4989 καὶ
853 4921 1102 5005 παίζουσι
1157 4932 1398 5008 δαίμονες
1458 4950 1471 4964 ·
1548 4930 1615 4985 τὰ
1656 4927 1711 4984 δὲ
1762 4929 2046 4989 σπουδαίων

2137 4942 2192 4995 ta
2222 4921 2493 5007 offundit,
2519 4951 2668 5013 quos
2688 4921 3045 5009 imaginibus
3067 4938 3125 4991 et
3155 4925 3534 4990 illusionibus
3564 4921 3777 5013 fallunt

403 5022 494 5078 καὶ
522 5023 915 5103 καθαιρομένων
955 5025 1020 5079 τὰ
1071 5028 1174 5091 τῆς
1224 5026 1409 5102 ψυχῆς
1468 5020 1797 5100 οἷσθητήρια,
1856 5018 2046 5077 καὶδιᾶ

2136 5023 2463 5097 όωῐηοηυε;
2485 5009 2598 5083 alia
2617 5040 2753 5083 vero
2775 5020 2847 5081 iis
2868 5020 2968 5100 qui
2989 5017 3237 5080 studiosi
3268 5021 3405 5077 sunt
3420 5021 3479 5075 et
3498 5009 3775 5103 sensibus

404 5117 511 5167 τῶν
566 5112 847 5190 ὁρωμένων
918 5111 1363 5192 εὐεργετουμένων
1451 5110 1524 5172 εἰς
1602 5109 1751 5165 θείων
1808 5110 2054 5188 πραγμά-

405 5222 512 5257 των
555 5201 880 5277 κατάληψιν,
938 5203 1026 5259 καὶ
1078 5203 1150 5266 εἰς
1210 5198 1439 5257 ἐπίδοσιν
1486 5193 1788 5261 ἀναϐάσεως
1823 5214 1838 5229 ⁸
1890 5200 1955 5255 τὰ
1996 5196 2051 5254 δὲ

402 5286 641 5366 τελείων,
712 5292 801 5347 καὶ
849 5292 951 5348 ὑπὸ
1050 5291 1185 5347 θείου
1249 5285 1634 5368 ἐνεργουμένων
1723 5287 2045 5363 πνεύματος,

401 5383 490 5439 καὶ
517 5380 803 5456 ἦνωμένων
835 5384 951 5455 Θεῷ
992 5379 1051 5437 ἐκ
1079 5377 1328 5458 θεολόγου
1371 5380 1581 5455 ψυχῆς.

486 5459 589 5549 ξγ’.
624 5471 697 5527 Οὐ
750 5469 959 5529 πάντων
1013 5471 1065 5524 αἱ
1123 5466 1238 5524 καθ’
1295 5465 1485 5527 ὕπνους
1556 5461 1705 5537 ὄψεις
1762 5463 1885 5520 εἰσὶν
1917 5461 2049 5531 ἄλη-

405 5565 540 5636 θεῖς,
598 5556 715 5615 οὔδέ
762 5557 974 5614 πάντων
1041 5561 1119 5632 τῷ
1196 5557 1504 5635 ἡγεμονικῷ
1558 5558 1651 5607 τοῦ
1707 5551 1823 5615 νοὸς
1895 5550 2047 5611 ἕντο..

2132 5112 2343 5172 anima:
2389 5111 2541 5192 puri,
2580 5119 2638 5171 et
2667 5129 2773 5190 per
2799 5108 3057 5171 visibilia
3107 5105 3422 5192 proficiunt
3463 5100 3539 5163 ad
3569 5116 3772 5162 rerum

2132 5191 2457 5263 divinarum
2490 5198 2943 5279 intelligentiam
2984 5206 3040 5258 et
3082 5191 3450 5257 ascensionis
3478 5205 3772 5268 augmen-

2131 5297 2292 5362 tum;
2323 5289 2437 5350 alia
2483 5288 2739 5367 denique
2789 5284 3088 5368 perfectis,
3143 5282 3247 5364 qui
3286 5279 3485 5342 divino
3516 5283 3775 5357 aguntur

2130 5376 2374 5460 Spiritu,
2408 5377 2724 5458 animaque
2749 5375 3022 5454 theologa
3052 5373 3172 5436 Deo
3206 5378 3344 5433 sunt
3371 5368 3542 5430 uniti.

2210 5466 2310 5531 63.
2344 5466 2472 5528 Neu
2519 5465 2785 5543 omnium
2835 5464 3090 5526 visiones
3135 5478 3241 5544 per
3280 5475 3557 5522 somnum
3587 5472 3774 5545 appa-
3870 5540 3873 5545 ἥ

2128 5562 2333 5619 rentes
2357 5562 2496 5619 sunt
2520 5542 2696 5631 verm,
2731 5571 2844 5618 nec
2864 5542 3225 5617 omnium'in
3253 5545 3532 5613 rationali
3555 5542 3776 5609 mentis
