4050 6124
373 217 486 282 931

1662 215 1966 283 ΝΙΟΕΤιΕ
2013 214 2444 281 PECTORATI

3639 226 3758 292 932

371 357 535 440 parte
564 350 1008 430 imprimuntur,
1054 351 1163 440 sed
1217 349 1453 412 illorum
1506 351 1878 440 solummodo
1910 371 1983 433 qu

2095 361 2312 412 πνοῦται
2361 368 2374 382 ⁸
2409 351 2545 409 ἀλλὰ
2572 353 2748 428 μόνων
2805 356 3016 413 ἐκείνων
3061 365 3164 415 τῶν
3211 361 3625 440 κεκαθαρμένων
3666 364 3760 420 τὸν

368 436 632 500 animum
673 455 847 500 suum
889 438 1344 514 mundaverunt,
1382 457 1712 520 sensusque
1743 439 1983 502 fecerun

2096 449 2235 531 νοῦν,
2309 442 2398 531 καὶ
2452 444 2860 531 τετρανωμένων
2913 447 2979 502 τὰ
3039 449 3350 527 αἰσθητήρια
3399 436 3500 516 τῆς
3543 453 3756 531 ψυχῆς,

367 526 617 602 lucidos,
650 535 708 589 et
754 525 826 588 ad
869 528 1178 607 physicam
1235 529 1638 590 ascenderunt
1693 529 2007 603 theoriam,

365 617 578 698 quibus
609 614 767 676 nulla
805 633 947 676 cura
973 624 1065 678 est
1093 615 1168 678 de
1198 617 1379 678 rebus
1421 618 1496 679 ad
1526 617 1706 679 vitam
1745 616 2008 680 attinen-

365 705 546 778 tibus,
581 723 691 765 nec
721 703 842 766 ulla
869 704 944 766 de
983 703 1098 765 vita
1137 709 1411 786 prasenti
1463 705 1820 782 sollicitudo,
1862 726 2009 788 quos

361 795 536 872 longa
555 792 786 874 jejunia
813 792 886 854 ad
921 793 1318 857 universalem
1366 793 1740 856 deduxerunt
1772 803 2006 876 tempe-

359 884 636 954 rantiam,
667 880 883 962 quibus
910 882 1158 945 sudores
1187 883 1540 964 laboresque
1563 901 1669 965 pro
1703 885 1826 946 Deo
1851 885 2004 946 toleo

357 971 470 1034 rati
488 970 910 1033 habitationem
934 980 1292 1052 paraverunt
1334 972 1394 1033 in
1431 970 1765 1034 sanctuario
1779 971 1906 1045 Dei,
1941 971 2001 1034 id

363 1060 545 1138 est,in
571 1061 829 1122 sciencia
849 1078 1046 1122 rerum
1064 1081 1197 1122 cum
1221 1061 1840 1143 sapientiasuperiori,
1855 1081 2002 1143 quo-

359 1165 494 1210 rum
523 1151 640 1210 vita
668 1148 936 1226 angelica
967 1157 1026 1210 et
1053 1149 1398 1212 abscondita
1437 1151 1497 1211 in
1541 1153 1663 1214 Deo
1692 1158 1804 1225 est,
1839 1150 1938 1230 qui
1968 1169 2003 1213 e

357 1255 526 1300 sacra
551 1255 696 1318 pace
714 1237 1010 1318 progressi
1043 1239 1530 1301 ascenderuntad
1551 1238 1998 1300 similitudinem

355 1327 773 1408 prophetarum
796 1325 1077 1390 Ecclesia
1093 1327 1223 1403 Dei,
1240 1329 1316 1390 de
1336 1327 1551 1410 quibus
1568 1326 1628 1388 in
1644 1327 1834 1407 Moyse
1855 1327 2001 1390 dixit

355 1418 567 1480 Deus:
622 1435 651 1474 ‹
680 1414 744 1477 Si
783 1414 915 1495 quis
962 1415 1102 1478 furit
1147 1417 1307 1478 inter
1360 1435 1462 1478 vos
1521 1417 1832 1497 propheta,
1893 1435 2000 1497 per

351 1521 627 1565 somnum
658 1503 952 1584 apparebo
990 1504 1069 1579 ei,
1103 1513 1161 1566 et
1195 1505 1256 1566 in
1306 1504 1536 1567 visione
1577 1505 1785 1586 loquar
1811 1505 1883 1565 ad
1918 1504 1995 1566 il-

2093 530 2179 582 καὶ
2243 529 2374 605 πρὸς
2435 531 2660 607 φυσικὴν
2706 530 3112 611 ἆναδραμόντων
3152 538 3369 614 θεωρίαν
3407 557 3419 570 ·
3472 542 3546 594 ὧν
3601 529 3757 596 οῦδε-

2093 616 2186 689 μία
2243 619 2450 695 φροντὶς
2493 621 2821 698 πραγμάτων
2865 623 3164 705 βιωτικῶν,
3198 623 3314 684 οὖδέ
3381 649 3463 690 τις
3521 628 3756 706 μέριμνα

2091 704 2187 772 τῆς
2243 707 2515 784 παρούσης
2566 708 2709 779 ζωῆς
2743 727 2758 742 ο
2830 713 2905 765 ὡν
2964 716 3014 769 αἱ
3062 704 3255 792 μακραὶ
3298 715 3496 774 ἆσιτίαι
3525 704 3602 781 εἷς
3642 739 3750 774 πε-

2089 813 2360 870 ριεκτικην
2415 795 2722 874 ἐγκράτειαν
2808 798 3034 867 ἔστησαν
3100 820 3113 832 ·
3171 806 3258 859 καὶ
3314 807 3362 860 οἱ
3417 807 3554 862 κατὰ
3613 810 3746 863 Θεὸν

2087 878 2297 958 ἱδρῶτες
2328 885 2414 940 καὶ
2444 885 2617 956 πόνοι,
2673 888 2746 951 εἷς
2796 890 2856 944 τὸ
2912 891 3252 970 άγιαστήριον
3308 901 3399 951 τοῦ
3455 900 3588 954 Θεοῦ
3642 896 3745 963 τὴν

2086 977 2279 1046 γνῶσιν
2339 979 2445 1028 τῶν
2513 974 2680 1031 ὄντων
2731 979 2792 1033 τὸ
2848 977 3126 1054 κατάλυμα
3182 983 3327 1060 εὖρον
3358 985 3492 1057 μετα
3551 985 3744 1063 σοφίας

2083 1064 2181 1125 τῆς
2212 1063 2508 1138 κρειττονός
2569 1078 2582 1092 ⁸
2643 1067 2718 1120 ὧν
2774 1069 2802 1122 6
2844 1066 2955 1141 βίος
3031 1068 3314 1146 ἆγγελικὸς
3370 1072 3460 1127 καὶ
3513 1073 3548 1138 ἡ
3619 1073 3738 1143 ζωὴ

2083 1156 2170 1238 νὺν
2202 1155 2343 1226 παρᾶ
2393 1156 2508 1224 Θεῷ
2569 1151 2876 1230 κέκρυπται,
2938 1155 3026 1210 καί
3093 1160 3127 1224 ἡ
3170 1162 3416 1234 προκοπὴ
3470 1157 3523 1224 ἐξ
3591 1162 3738 1238 ἱερᾶς

2080 1237 2308 1316 ἡσυχίας
2353 1239 2425 1301 είς
2467 1240 2618 1314 βάσιν
2672 1247 2958 1321 προφητῶν
3013 1249 3113 1310 τῆς
3166 1253 3257 1302 τοῦ
3315 1253 3445 1303 Θεοῦ
3490 1237 3735 1314 Ἐκκλη-

2081 1325 2196 1388 σίκς
2252 1322 2416 1393 ἀνέϐη
2479 1343 2491 1355 ·
2555 1330 2672 1407 περὶ
2715 1333 2789 1384 ὡν
2847 1333 2933 1387 καὶ
3004 1331 3058 1386 ἐν
3117 1339 3314 1410 Μωυσῇ
3365 1332 3662 1403 λελάληκεν
3703 1339 3736 1392 6

2079 1412 2209 1476 Οεός
2245 1428 2259 1442 ⁸
2303 1438 2330 1468 ι
2369 1414 2493 1472 Ἐὰν
2523 1416 2738 1494 γένηται
2789 1421 3068 1499 προφήτης
3125 1421 3179 1479 ἐν
3247 1424 3400 1498 ὑμῖν,
3473 1423 3526 1479 ἐν
3581 1424 3731 1499 ὕπνῳ

2078 1500 2376 1578 ὀφθήσομαι
2435 1505 2598 1578 αύτῷ,
2656 1508 2743 1562 καὶ
2801 1506 2855 1562 ἐν
2913 1510 3135 1584 ὁράματι
3193 1509 3416 1580 λαλήσω
3466 1515 3596 1591 πρὸς
3643 1518 3732 1573 αὖ·

350 1591 586 1682 Ιιιιη-θο.
617 1617 648 1682 ,ι
680 1591 750 1654 Et
777 1592 838 1652 in
865 1591 993 1655 Joel
1027 1610 1042 1656 :
1080 1591 1148 1654 Et
1197 1593 1311 1654 erit
1362 1602 1491 1675 post
1520 1594 1646 1655 hac
1693 1593 1983 1655 eﬂ'undam

2075 1591 2189 1648 τόν.
2227 1613 2254 1644 ιι
2287 1593 2382 1648 Καὶ
2412 1590 2466 1646 ἰν
2497 1592 2656 1662 Ἰωήλ
2691 1609 2703 1621 ·
2747 1615 2770 1648 α
2823 1597 2918 1652 Καὶ
2969 1595 3112 1652 ἔσται
3167 1601 3300 1674 μετὰ
3329 1590 3517 1676 ταῦτα,
3550 1600 3726 1682 ἐκχεῶ

348 1679 426 1744 de
473 1679 694 1762 Spiritu
753 1699 886 1743 meo
931 1699 1114 1762 super
1160 1671 1399 1744 omnem
1443 1699 1710 1756 carnem,
1744 1690 1802 1744 et
1845 1700 1983 1762 pro-

2073 1675 2300 1734 ἀπὸτοῦ
2333 1680 2633 1754 ιΙνεύμάτος
2690 1703 2790 1756 μου
2849 1683 2935 1739 ἐπὶ
2987 1671 3178 1741 πᾶσαν*
3218 1689 3408 1768 σάρκα,
3466 1671 3554 1745 καὶ

349 1769 676 1850 phetabunt
705 1768 813 1830 ﬁlii
852 1770 1030 1832 vestri
1079 1779 1138 1832 et
1184 1769 1322 1832 ﬁlia
1367 1780 1599 1845 vestra,
1635 1779 1691 1832 et
1720 1777 1990 1834 seniores

345 1857 526 1920 vestri
555 1857 786 1920 somnia
816 1857 1219 1940 somniabunt,
1246 1867 1304 1920 et
1319 1859 1568 1938 juvenes
1598 1858 1777 1920 vestri
1806 1858 1985 1921 visio-

345 1964 453 2009 nes
484 1945 868 2009 vtdebuntﬁi.
900 1973 922 2000 ι

343 2035 445 2100 64.
479 2034 903 2116 Tranquillitas
934 2045 1024 2098 est
1061 2043 1222 2098 satus
1271 2035 1456 2097 animi
1499 2034 1981 2118 imperturbatus,

339 2141 620 2186 serenum
666 2123 868 2186 libera
918 2133 976 2186 et
1026 2124 1340 2187 exultantis
1367 2124 1602 2205 anima,
1634 2143 1738 2186 cor
1767 2124 1827 2186 in
1860 2127 1982 2188 Deo

340 2212 664 2275 stabilitum
712 2212 842 2275 sine
895 2212 1134 2275 turbine
1181 2233 1251 2276 ac
1299 2220 1672 2294 tempestate,
1731 2212 1983 2276 scientia

341 2301 682 2382 mysterium
726 2301 854 2376 Dei,
889 2320 1087 2364 sermo
1132 2302 1441 2383 sapientia
1470 2321 1539 2365 ex
1571 2321 1719 2383 puro
1755 2301 1976 2378 animo,

339 2388 581 2470 abyssus
610 2390 1028 2469 cogitationum
1062 2389 1190 2465 Dei,
1227 2391 1444 2454 mentis
1485 2390 1759 2467 exstasis,
1801 2391 1979 2452 fami-

337 2477 560 2542 liaritas
607 2498 742 2541 cum
786 2477 930 2552 Deo,
985 2478 1198 2541 oculus
1247 2480 1406 2560 vigil,
1441 2479 1628 2541 oratio
1679 2480 1976 2554 mentalis,

336 2583 549 2648 expers
597 2566 817 2628 laboris
847 2566 907 2627 in
939 2568 1168 2647 magnis
1216 2567 1515 2630 laboribus
1543 2566 1734 2648 quies,
1768 2585 1836 2629 ac
1865 2567 1975 2630 de-

337 2673 498 2718 mum
531 2655 674 2718 unio
699 2664 761 2716 et
789 2655 1042 2717 societas
1073 2675 1208 2718 cum
1239 2655 1383 2718 Deo.

411 2745 514 2809 65.
546 2742 818 2817 Quandiu
859 2742 1056 2806 anima
1101 2744 1286 2808 divisa
1316 2751 1407 2807 est
1434 2751 1640 2808 contra
1688 2743 1970 2826 seipsam,

2071 1766 2418 1844 φητεύσουσιν
2467 1772 2513 1855 οἱ
2571 1771 2668 1825 υἱοὶ
2737 1772 2907 1851 ὑμῶν,
2962 1774 3049 1828 καὶ
3108 1777 3159 1830 αἱ
3215 1766 3492 1855 θυγατέρες
3549 1766 3713 1852 ὑμῶν,

2071 1856 2156 1909 καὶ
2209 1857 2255 1911 οἱ
2331 1854 2668 1934 πρεσϐύτεροι
2736 1860 2882 1934 ὑμῶν
2956 1854 3480 1938 ἐνυπνιασθήσονται,
3537 1871 3622 1923 καὶ
3669 1871 3712 1922 οἱ

2069 1945 2327 2024 νεανίσκοι
2357 1947 2502 2020 ὑμῶν
2533 1947 2741 2024 ὁράσεις
2771 1946 3015 2022 ὄψονται.
3056 1974 3080 2006 ι

2147 2023 2221 2097 ξομ
2300 2023 2314 2044 ι
2433 2059 2444 2066 _
2483 2036 2494 2056 ρ
2566 2023 2573 2024 “
2683 2037 2694 2056 ι
2855 2059 2874 2070 ⁸
3062 2042 3072 2060 ,
3330 2043 3341 2054 .

2173 2051 2242 2093 0.
2318 2039 2528 2123 licuit:
2584 2035 2692 2092 ἐστι
2755 2039 2872 2101 v06.
2943 2061 3261 2105 καταστασις
3320 2043 3706 2123 ανελόχλητος,

2064 2119 2274 2213 IIl-dan
2332 2120 2619 2202 ἐλευθερίας
2688 2126 2776 2181 καὶ
2844 2125 3252 2205 ἂγαλλιωμένης
3305 2119 3519 2212 ψυχῆέί
3581 2155 3710 2213 καθ’

2063 2205 2171 2272 δίας
2202 2209 2256 2265 ἐν
2316 2214 2431 2286 Θεῴ
2488 2213 2638 2287 βάσις
2709 2214 2978 2296 ἀτάραχος
3037 2220 3123 2274 καὶ
3199 2205 3520 2302 ἀκύμαντος,
3575 2205 3707 2279 θεω-

2063 2298 2145 2390 ρία
2216 2302 2416 2379 φωτὸς,
2466 2308 2670 2390 ,γνῶσις
2725 2311 2855 2390 Θεοῦ
2924 2309 3249 2384 μυστηρίων,
3310 2305 3468 2388 λόγος
3505 2298 3705 2390 νσοφίας

2062 2383 2122 2440 ἐκ
2177 2390 2405 2466 καθαρᾶς
2460 2386 2710 2464 διανοίας,
2786 2389 3010 2457 ἄϐυσσος
3070 2383 3352 2471 νοημάτων
3389 2383 3562 2473 Θεοῦ,
3605 2383 3705 2478 αρ-

2061 2476 2210 2568 παγῂ
2230 2479 2375 2568 νοὸς,
2433 2477 2613 2568 ὁμιλία
2669 2487 2800 2536 Θεοῦ
2859 2482 3152 2558 ἀκοίμητος
3210 2485 3505 2566 ἀφθιλμὸς,
3552 2476 3706 2568 πρὸς.

2061 2564 2198 2643 ευχὴ
2228 2567 2402 2643 νοερὰ,
2456 2565 2650 2632 ἄπονος
2698 2569 2758 2625 ἀν
2802 2570 2984 2636 πόνοις
3055 2564 3310 2651 μεγάλοις
3369 2564 3650 2642 ἀνάπαυαίς
3687 2594 3700 2606 ⁸

2059 2654 2145 2708 καὶ
2173 2651 2325 2740 τέλος
2354 2653 2538 2718 ἓνωσις
2569 2657 2704 2730 μετὰ
2734 2665 2865 2713 Θεοῦ
2893 2661 2981 2715 καὶ
3011 2662 3283 2740 συνάφεια.

2139 2731 2234 2806 ξεί
2299 2742 2502 2822 Μέχρις
2558 2745 2593 2812 ἡ
2652 2746 2807 2825 ψυχή
2865 2749 3121 2826 στασιάζῃ
3151 2731 3161 2740 ’
3189 2747 3307 2806 καθ’
3337 2751 3553 2828 ἑαυτὴν,
3583 2753 3700 2810 ἑτά-

329 2831 460 2896 sine
510 2831 1018 2924 ordinemovens
1060 2851 1198 2895 suas
1243 2833 1572 2908 facultates,
1607 2833 1970 2924 etAnondum

2072 2851 2194 2893 ιτως
2236 2831 2559 2906 κινουμένων
2603 2833 2764 2901 αὐτῆς
2795 2838 2899 2891 τῶν
2939 2833 3236 2913 δυνάμεων,
3287 2841 3377 2895 καὶ
3407 2840 3548 2898 οὔπω
3574 2863 3691 2921 χω-

329 2939 511 3003 capax
559 2929 648 2984 est
694 2920 1033 2986 divinorum
1083 2922 1410 2997 radiorum,
1464 2939 1577 2984 nec
1633 2920 1969 2985 libertatem

2072 2921 2248 2986 ›ητικὴ
2307 2919 2492 2999 γέγονε
2547 2928 2652 2979 τῶν
2710 2926 2862 2980 θείων
2919 2925 3163 3002 ἀκτίνων,
3241 2926 3359 2985 ούδέ
3416 2919 3677 3007 ἐλευθερίας

328 3009 593 3074 meruita
607 3009 887 3073 servitute
908 3009 1166 3072 carnalis
1187 3028 1544 3082 sensus,nec
1565 3028 1708 3091 pace
1726 3011 1964 3088 fruitur,

323 3099 459 3181 quia
503 3105 779 3162 recenter
819 3098 881 3160 in
923 3115 994 3159 ea
1034 3098 1285 3161 cessavit
1314 3098 1637 3160 infrenium
1667 3098 1965 3180 cupidita-

325 3195 444 3250 tum
476 3204 699 3269 pugna,
729 3185 914 3248 multo
955 3185 1184 3264 indiget
1219 3186 1458 3249 silentio
1491 3186 1784 3264 laborum,
1816 3195 1880 3251 ut
1907 3196 1968 3250 et

319 3274 449 3357 ipsa
495 3276 652 3337 dicat
705 3293 839 3337 cum
888 3273 1109 3338 Davide
1143 3296 1157 3338 :
1197 3299 1225 3332 α
1258 3275 1378 3354 Ego
1433 3283 1633 3339 autem
1686 3284 1964 3357 tanquam

318 3364 533 3428 surdus
582 3383 702 3426 non
750 3363 1099 3439 audiebam,
1142 3373 1202 3426 et
1251 3373 1530 3448 tanquam
1585 3374 1784 3429 mutus
1844 3385 1964 3428 non

316 3454 590 3536 aperiens
611 3472 682 3516 os
710 3472 883 3516 suum
910 3453 989 3514 69.
1023 3478 1052 3510 ι
1084 3452 1346 3536 Semper
1373 3461 1576 3518 autem
1607 3473 1853 3518 necesse
1875 3463 1965 3518 est

317 3551 381 3604 ut
403 3543 505 3606 illa
535 3543 720 3608 tristis
747 3561 817 3605 ac
848 3551 1056 3606 masta
1103 3552 1415 3624 percurrat
1443 3543 1600 3608 viam
1650 3543 1962 3607 mandato-

313 3651 451 3696 rum
493 3632 622 3714 Dei,
658 3631 732 3693 ab
765 3631 1009 3694 inimico
1055 3631 1359 3714 tribulata,
1391 3641 1450 3695 et
1479 3642 1786 3714 exspectet
1812 3633 1959 3697 visi-

312 3723 595 3784 tationem
627 3721 934 3798 Paracleti,
966 3738 1072 3800 per
1098 3739 1276 3802 quem
1305 3729 1661 3804 compuncta
1691 3731 1753 3785 et
1779 3723 1964 3805 lacry-

311 3809 424 3874 mis
465 3810 684 3886 abluta,
717 3826 914 3874 veram
945 3819 1341 3892 consequetur
1366 3810 1716 3874 libertatem.

386 3989 487 4054 66.
517 3991 664 4054 Cum
707 3989 760 4052 is
790 3989 892 4070 qui
922 3989 983 4051 in
1024 4007 1173 4072 pace
1219 3989 1337 4052 mel
1370 3989 1655 4052 virtutum
1689 3988 1950 4065 conﬁcit,

2050 3007 2247 3099 1’15th
2306 3012 2402 3078 τῆς
2458 3008 2692 3076 δουλείας
2747 3020 2840 3071 τοῦ
2923 3017 3262 3094 φρονήματος
3332 3023 3426 3086 τῆς
3475 3021 3671 3099 σαρκὸς,

2048 3094 2165 3152 οὐδὲ
2235 3099 2448 3176 εἰρήνης
2549 3099 2878 3176 ἀπήλαυσεν,
2951 3103 3065 3183 ἄρτι
3123 3103 3382 3175 λήξαντος
3426 3094 3548 3182 αξιτῇ
3595 3094 3682 3164 τοῦ

2046 3183 2281 3262 πολέμον
2311 3188 2416 3244 τῶν
2469 3188 2771 3247 ἂκαθέκτων
2829 3195 3032 3268 παθῶν,
3104 3193 3311 3262 πολλῆς
3367 3193 3535 3252 δέεται
3562 3217 3686 3252 σιω-

2045 3278 2151 3340 πῆς
2194 3280 2299 3330 τῶν
2328 3275 2582 3356 χειλέων,
2617 3279 2688 3341 ὡς
2732 3277 2906 3358 λέγειν
2955 3283 3042 3336 καὶ
3086 3283 3250 3350 αὐτὴν
3281 3285 3417 3358 μετὰ
3459 3292 3553 3341 τοῦ
3585 3295 3690 3340 Δα-

2044 3359 2125 3417 ϐίδ
2155 3379 2170 3394 ⁸
2207 3385 2229 3418 α
2269 3361 2411 3442 Ἐγὼ
2438 3362 2492 3420 δὲ
2534 3367 2659 3422 «basi
2688 3371 2868 3448 κωφὸς
2900 3370 2997 3426 αὖκ
3037 3368 3250 3445 ἤκουον,
3282 3374 3372 3428 καί
3398 3373 3526 3430 ὤσεὶ
3556 3373 3688 3430 ἄλα-

2043 3449 2136 3516 λος
2167 3454 2260 3508 οὐκ
2300 3453 2524 3532 ἀνοίγων
2583 3458 2645 3511 τὸ
2695 3458 2867 3532 στόμα
2913 3460 3088 3517 αὒτου.
3129 3483 3154 3513 ε
3209 3459 3318 3517 ’Λεὶ
3357 3457 3413 3516 δὲ
3456 3465 3688 3542 σκυθρω-

2045 3540 2151 3614 μὴν
2181 3541 2324 3598 εἶναι
2353 3540 2461 3623 δεῖ,
2510 3545 2597 3600 καὶ
2652 3547 2878 3622 σωγνην
2947 3548 3253 3626 πορεύεσθαι
3308 3549 3408 3616 τὴν
3437 3551 3559 3608 ὁδὸν
3587 3540 3690 3608 τῶν

2043 3627 2270 3687 ἐντολῶν
2303 3640 2406 3720 τοῦ
2463 3639 2711 3712 Χριστοῦ,
2769 3633 2823 3689 ἐν
2878 3642 2955 3709 τῷ
3008 3635 3268 3694 θλίϐεσθαι
3324 3639 3424 3695 ὑπὸ
3464 3650 3555 3699 τοῦ
3581 3640 3687 3720 ἐχ-

2047 3721 2189 3806 θροῦ,
2220 3719 2310 3775 καί
2339 3719 2614 3797 ἀναμένειν
2666 3721 2765 3790 τὴν
2823 3721 3104 3801 ἐπιδημίαν
3152 3731 3247 3783 τοῦ
3290 3719 3684 3806 Παραχλήτω.

2046 3804 2114 3864 δι’
2157 3810 2218 3866 οὗ
2289 3809 2455 3885 ταύτῃ
2536 3813 2991 3894 κατανυσσομένη,
3070 3815 3157 3870 καὶ
3210 3804 3515 3894 πλυνομένη
3570 3831 3686 3882 τοῖς

2041 3893 2311 3982 δικρυσιν,
2341 3899 2378 3966 ἡ
2406 3897 2572 3965 ὅντως
2602 3899 2864 3982 ἐλευθερία
2905 3893 3321 3981 ἐπικραϐεύεται.

2119 3976 2249 4059 ξς·’.
2299 3979 2555 4056 Ὀπηνίκα
2600 3991 2628 4046 6
2670 3989 2726 4046 ἐν
2767 3976 2967 4070 ἦσυχίᾳ
3022 3976 3083 4048 τὸ
3140 3990 3262 4068 μέλι
3320 3999 3436 4050 πῶν
3484 3993 3684 4072 ἀρετῶν

302 4076 526 4142 vilitate
553 4077 750 4140 carnis
779 4079 1053 4159 superior
1081 4080 1274 4142 factus
1303 4087 1401 4141 est
1429 4097 1536 4160 per
1566 4077 1952 4160 philosophia

2072 4075 2406 4152 ογαζόμενος,
2505 4079 2747 4158 ὑπεράνω
2840 4080 2936 4148 τῆς
3028 4082 3396 4147 ταπεινώσεως
3463 4083 3679 4162 γένηται

301 4182 543 4246 agones,
575 4175 636 4230 et
663 4167 741 4228 ad
769 4167 1038 4229 ordinem
1071 4176 1296 4230 natura
1325 4186 1461 4230 suas
1484 4165 1742 4230 restituit
1757 4165 1944 4230 facul-
1971 4230 1983 4250 Ι

2072 4168 2129 4230 ἧς
2158 4167 2351 4244 σαρκὸς
2405 4165 2456 4231 ἐξ
2504 4166 2726 4243 ἀγώνων
2784 4167 3112 4250 φιλοσοφίας,
3170 4172 3258 4227 καὶ
3328 4173 3402 4236 εἷς
3456 4173 3519 4229 τὸ
3545 4175 3678 4230 κατὰ

301 4230 452 4317 tates
477 4230 700 4334 rejects
728 4253 1034 4335 superbia,
1065 4264 1125 4318 et
1153 4274 1332 4337 capax
1364 4264 1455 4318 est
1482 4255 1783 4318 radiorum
1814 4230 1983 4336 spi-l

2072 4253 2189 4340 ύσιν
2228 4230 2367 4331 ’ἔλθῃ
2414 4255 2481 4311 τά
2529 4230 2634 4313 τῶν
2677 4230 3163 4333 δυνάμενωνιαύτοῦ
3204 4262 3303 4326 τῆς
3360 4265 3545 4340 ψυχῆς
3617 4262 3677 4316 ἐκ

297 4342 470 4418 ritus,
503 4344 681 4405 corde
712 4342 989 4421 lacrymis
1027 4345 1362 4425 puriﬁcato,
1402 4353 1461 4406 et
1502 4344 1686 4406 vilica
1728 4344 1943 4407 morti-

2072 4339 2488 4418 ιταϐεϐλημένου
2528 4347 2890 4425 φρονήματος,
2948 4349 3176 4427 χωρήσῃ
3250 4369 3307 4405 τε
3374 4339 3473 4414 τὰς
3523 4350 3674 4408 ἀκτῖ-

297 4431 590 4494 ﬁcationis
643 4430 862 4493 Christi
917 4431 1429 4514 incorruptionem
1489 4431 1706 4507 induit,
1765 4440 1942 4514 atque

2072 4453 2116 4494 ις
2172 4442 2264 4490 τοῦ
2333 4434 2660 4514 ιινεύματος,
2714 4433 2926 4514 δάκρυσι
2981 4439 3249 4516 καθαρθεὶς
3307 4441 3406 4505 τὴν
3459 4436 3670 4517 καρδίαν

298 4519 690 4595 Paracletum,
741 4517 805 4580 in
851 4521 1156 4583 caenaculo
1206 4519 1651 4602 tranquillitatis
1700 4521 1939 4604 sedens,

2072 4521 2108 4575 ιὶ
2162 4525 2260 4588 τῆς
2302 4527 2564 4592 ζωοποιοῦ
2615 4525 2922 4601 νεκρώσεως
2979 4533 3072 4583 τοῦ
3143 4533 3371 4606 Χριστοῦ
3447 4528 3544 4596 τὴν
3599 4528 3665 4583 ἁ-

293 4628 430 4672 cum
456 4607 640 4689 ignita
666 4607 870 4686 lingua
891 4615 951 4670 et
970 4607 1098 4689 ipse
1129 4609 1415 4689 suscepit,
1449 4618 1590 4670 tunc
1609 4608 1771 4690 loqui
1798 4608 1942 4671 libe-

2072 4610 2266 4688 lapclav
2295 4608 2597 4693 ἐνδύσηται,
2640 4615 2728 4669 καὶ
2777 4616 2868 4670 τὸν
2917 4614 3286 4694 Παράκλητον,
3347 4615 3402 4672 ἐν
3442 4624 3520 4692 τῷ
3546 4619 3668 4673 υπε-

291 4716 359 4761 re
390 4698 678 4778 magnalia
707 4696 815 4759 Dei
857 4697 1060 4774 debet,
1108 4707 1169 4762 et
1213 4699 1275 4760 in
1320 4697 1590 4761 Ecclesia
1638 4715 1849 4776 magna
1875 4698 1940 4752 63

2072 4697 2142 4771 lith
2163 4703 2261 4766 τῆς
2341 4701 2566 4780 ἡσυχίας
2623 4702 2996 4779 καθεζόμενος,
3055 4705 3188 4780 μετᾶ
3246 4707 3461 4784 πυρίνης
3489 4705 3664 4784 γλώτο

280 4787 570 4867 justitiam
604 4787 734 4867 ejus
763 4786 1140 4864 annuntiare,
1176 4787 1425 4868 perinde
1451 4805 1520 4849 ac
1552 4786 1601 4848 si
1645 4786 1706 4848 in
1737 4787 1933 4852 medio

2072 4809 2114 4853 ις
2171 4791 2256 4846 καὶ
2336 4793 2490 4854 αὐτὸς
2570 4789 2906 4868 ὁποδέξητιι,
2984 4803 3272 4868 τηνικαῦτα
3355 4792 3542 4850 λαλεῖν
3611 4793 3662 4851 ἓν

287 4885 494 4939 ventre
541 4876 875 4957 susceperit
927 4875 1117 4954 legem
1171 4875 1468 4954 Spiritus:
1503 4883 1566 4937 ut
1604 4894 1746 4951 non,
1779 4877 1934 4940 sicut

2072 4875 2274 4956 ιῤῥησία
2338 4881 2402 4936 τὰ
2461 4879 2724 4959 μεγαλεῖα
2780 4888 2871 4938 τού
2929 4882 3060 4938 Θεοῦ
3124 4897 3414 4963 χρεωστεϊ,
3469 4885 3556 4940 καὶ
3608 4884 3659 4939 ἐν

285 4982 492 5028 servus
521 4964 622 5026 ille
653 4982 909 5045 nequam
939 4967 1039 5046 qui
1082 4964 1368 5028 talentum
1400 4964 1492 5026 sui
1523 4964 1748 5026 domini
1786 4964 1926 5028 abs-

2075 4965 2298 5040 κκλησίᾳ
2355 4967 2562 5047 μεγάλῃ
2623 4969 2722 5037 τὴν
2785 4967 3116 5039 δικαιοσύνην
3157 4962 3326 5032 αὐτοῦ
3379 4971 3655 5051 εὐαγγελί-

284 5059 591 5128 conderat,
622 5053 684 5116 in
715 5053 912 5133 ignem
945 5051 1259 5134 dejiciatur
1287 5063 1601 5116 aternum.
1629 5053 1728 5117 Sic
1765 5056 1926 5117 enim

2072 5059 2206 5132 σθαι,
2237 5059 2310 5121 ὡς
2341 5057 2394 5113 ἐν
2448 5059 2596 5133 μέσῳ
2646 5064 2744 5126 τῆς
2777 5057 2980 5124 κοιλίας
3032 5057 3310 5136 δεξάμενος
3367 5063 3456 5118 τὸν
3490 5063 3647 5136 νόμον

279 5141 411 5224 ipse
453 5141 633 5205 David
679 5160 714 5204 a
762 5149 1002 5222 peccato
1051 5142 1288 5206 ablutus
1338 5159 1444 5224 per
1492 5143 1922 5224 paenitentiam,

2072 5151 2099 5200 ῦ
2131 5146 2432 5221 [Ινεύματος
2467 5163 2481 5178 ⁶
2511 5148 2603 5204 ’ἱνα
2663 5150 2764 5228 μὴ,
2810 5151 2883 5210 ὡς
2934 5151 2962 5205 6
3016 5153 3250 5228 πονηρὸς
3311 5148 3493 5216 δοῦλος
3517 5149 3653 5207 ἐκεῖ·

278 5239 627 5312 recuperato
676 5230 1005 5312 prophetia
1034 5230 1216 5310 dono,
1248 5239 1533 5313 tanquam
1567 5249 1686 5294 non
1725 5232 1927 5296 valens

2072 5257 2118 5310 ς,
2153 5238 2181 5291 6
2206 5238 2267 5292 τὸ
2296 5235 2551 5294 τάλαντον
2596 5245 2688 5294 τοῦ
2741 5239 2931 5294 οἰκείου
2985 5241 3326 5318 κατακρύψας
3369 5237 3646 5319 δεσπότου,

280 5327 509 5384 tantum
556 5321 856 5384 occultare
900 5319 1282 5397 beneﬁcium,
1313 5319 1553 5384 dicebat
1579 5320 1654 5384 ad
1683 5319 1870 5385 Deum
1907 5339 1922 5386 :

2072 5332 2211 5404 ςπῦρ
2241 5325 2562 5402 βληθήσεται
2605 5329 2667 5384 τὸ
2715 5329 2946 5387 αίώνιον.
3021 5326 3169 5386 Οὕτω
3224 5332 3323 5409 γαρ
3375 5333 3462 5386 καὶ
3496 5328 3652 5387 Δαϐὶδ

349 5489 416 5541 οο
446 5488 621 5554 Num.
655 5504 760 5567 xu,
792 5487 854 5553 6.
937 5487 994 5538 θι
1023 5487 1154 5552 Joel
1183 5505 1248 5567 ιι,
1279 5487 1381 5554 28.
1465 5487 1532 5540 θ’
1559 5489 1719 5556 Psal.
1750 5507 1976 5575 xxxvii,

2072 5493 2112 5555 l.
2156 5573 2159 5580 η
2201 5493 2262 5544 6³
2295 5495 2449 5558 Psal.
2486 5511 2686 5570 xxxw,
2723 5494 2818 5559 18.
