4050 6124
3575 253 3692 320 934

320 245 444 312 933
1291 255 1782 324 PHYSICORUM
1827 254 2168 325 CAPITUM
2213 258 2605 328 CENTURIA
2648 264 2703 327 ΙΙ

313 380 421 448 τὴν
477 382 738 463 ἁμαρτίαν
792 387 1190 477 ἀπονιψάμενος
1253 387 1338 446 διὰ
1395 391 1700 466 μετανοίας,
1763 394 1850 449 καὶ
1904 416 1922 450 1

2011 412 2078 450 ta
2139 392 2292 456 Ecce
2342 393 2499 457 labia
2545 413 2678 457 mea
2728 413 2844 457 non
2894 395 3269 477 prohibebo:
3305 395 3575 470 Domina,
3627 403 3688 457 tu

311 474 648 563 προφητικὸν
718 473 879 532 πάλιν
951 474 1237 534 ἀπολαϐὼν
1305 479 1569 559 χάρισμα,
1642 479 1820 560 ὥσπερ
1887 503 1922 556 μ

2047 482 2236 556 scisti,
2255 483 2547 563 justitiam
2580 493 2740 546 tuam
2774 473 3206 548 non'abscondi
3235 488 3295 548 in
3327 487 3506 549 corde
3527 505 3682 561 meo,

309 553 602 634 δυνάμενος
681 563 782 630 τὴν
860 563 1156 642 εύεργεσίαν
1240 553 1512 646 κρύπτειν,
1597 566 1748 647 ἔλεγε
1794 553 1805 560 1
1830 553 1922 650 πρέ

2047 553 2358 634 veritatem
2393 580 2548 634 tuam
2583 582 2643 634 et
2670 573 2924 636 salutare
2973 581 3139 636 tuum
3190 575 3334 639 dixi.
3367 575 3497 638 Non
3539 553 3680 637 abs;

311 646 448 704 Θεόν
482 664 498 679 ⁶
552 671 579 703 α
636 647 766 708 Ἰδοὺ
809 653 875 709 τὰ
917 651 1078 733 χείλη
1129 677 1228 730 μου
1272 655 1330 712 οὐ
1359 656 1437 732 μὴ
1465 646 1737 714 κωλύσω·
1781 646 1922 738 Κύριε

2044 659 2218 720 condi
2271 661 2742 724 misericordiam
2785 670 2967 740 tuam,
2999 673 3057 726 et
3107 664 3412 726 veritatem
3462 672 3619 726 tuam
3649 682 3684 726 a

308 735 380 790 σὺ
438 734 604 811 ἔγνως
638 757 654 773 °
715 740 816 807 τὴν
872 739 1206 811 δικαιοσύνην
1263 766 1356 801 σου
1396 745 1492 802 ούκ
1533 743 1734 825 ἔκρυψα
1786 746 1840 803 ἐν
1877 770 1922 818 ⁴τ

2044 747 2297 810 concilio
2325 749 2506 812 multo
2536 749 2624 814 64.
2660 775 2687 807 ι

306 823 498 903 καρδίᾳ
539 850 640 902 μου
673 845 689 860 °
749 830 850 897 τὴν
902 830 1150 902 ἀλήθειάν
1208 856 1301 891 σου
1348 836 1436 893 καὶ
1484 837 1546 892 τὸ
1575 823 1836 916 σωτήριόν
1867 859 1961 897 σου

309 914 452 970 εἶπα
484 934 501 952 ο
557 917 653 974 οὒκ
699 917 897 997 ἔκρυψα
943 922 1005 977 τὸ
1047 920 1194 985 ἔλεός
1224 944 1318 980 σου
1343 925 1431 981 καὶ
1459 926 1560 992 τὴν
1588 923 1836 996 ἀλήθειάν
1866 947 1958 982 σου

308 1001 422 1059 ἀπὸ
448 1012 765 1086 συναγωγῆς
792 1007 1017 1076 πολλῆς.
1061 1033 1087 1066 ι»

396 1082 491 1164 εξ..
528 1082 662 1160 Νοῦς
677 1082 834 1162 ’ἰλύος
885 1099 1066 1166 πάσης
1108 1099 1462 1180 ἐκκαθαρθεὶς,
1522 1103 1736 1182 οὐρανὸς
1793 1103 1957 1159 κατά-

307 1201 497 1260 στερος
549 1183 602 1240 ἐν
657 1183 929 1265 λαμπροῖς
970 1189 1060 1269 καὶ
1114 1191 1519 1268 φωτεινοτάτοις
1577 1191 1806 1266 νόημασι
1862 1193 1950 1269 γί-

306 1290 456 1328 νεται
637 1261 823 1355 ψυχῇ,
869 1278 962 1332 τὸν
1023 1261 1202 1335 τἨλιον
1256 1283 1356 1346 τῆς
1414 1276 1749 1346 δικαιοσύνης
1807 1277 1950 1360 ἔχων

302 1355 589 1434 λάμποντα
639 1362 694 1418 ἐν
771 1365 966 1439 ἑαυτῷ,
1035 1367 1123 1422 καὶ
1170 1364 1388 1446 φαιδρὲις
1437 1369 1532 1432 τας
1589 1355 1950 1435 ἀκτῖνας

2117 1101 2219 1164 67.
2254 1102 2502 1166 Animus
2529 1104 2603 1167 ab
2634 1106 2799 1168 omni
2830 1110 3056 1171 macula
3094 1111 3430 1183 mundatus,
3457 1113 3678 1177 caalum

2035 1189 2330 1280 stellatum
2359 1191 2420 1252 in
2449 1192 2690 1272 fulgidis
2719 1203 2778 1258 et
2806 1195 3192 1261 lucidissimis
3220 1200 3678 1280 cogitationibus

2034 1277 2097 1339 ﬁt
2135 1278 2366 1340 animae.
2396 1280 2596 1343 Solem
2625 1283 2871 1362 justitiaa
2895 1284 2956 1346 in
2984 1288 3182 1368 seipso
3225 1277 3450 1351 habens
3494 1309 3676 1354 coru-

2033 1376 2297 1429 scantem
2331 1369 2795 1452 splendidosque
2817 1374 3403 1458 radiostheologiaain
3419 1382 3677 1444 mundur

301 1446 578 1526 θεολογίας
630 1453 704 1514 είς
756 1453 849 1508 τὸν
907 1454 1107 1530 κόσμον
1161 1455 1501 1550 ἐκπέμποντα
1533 1472 1548 1488 ⁶
1607 1459 1642 1550 ὁ.
1691 1454 1922 1550 λόγοςλδ

2033 1446 2623 1550 emittentem._Ratio
2646 1446 2840 1550 autem
2873 1462 2985 1542 ipsi
3015 1446 3324 1544 puriﬁcala
3357 1485 3466 1546 per
3494 1468 3671 1550 abys-

299 1537 480 1612 τούτῷ
509 1542 736 1619 καθαρὸς
792 1541 1075 1619 γενόμενος
1131 1541 1183 1610 ἐξ
1237 1541 1465 1601 ἀϐύσσου
1520 1546 1734 1625 σοφίας,
1777 1543 1920 1602 ἀπλᾶ

2032 1560 2164 1603 sum
2196 1543 2524 1624 sapientiae,
2559 1547 2863 1628 simplices
2894 1537 2952 1612 et
2981 1537 3156 1631 puras
3185 1553 3258 1616 ad
3291 1537 3456 1617 illum
3489 1537 3670 1621 addu-

297 1626 391 1681 καὶ
446 1626 662 1705 ἀμιγεῖς
741 1628 940 1686 ἐκεῖθεν
1024 1632 1206 1711 ἀνάγει
1283 1635 1414 1712 πρὸς
1486 1633 1638 1689 αὒτον
1694 1634 1788 1696 τὰς
1842 1636 1922 1690 τῶ

2031 1631 2111 1691 cit
2149 1650 2424 1695 vererum
2469 1633 2636 1697 ideas
2666 1626 2726 1696 et
2754 1626 3144 1701 revelationes
3190 1641 3668 1708 absconditorum

297 1717 635 1794 πραγμάτων
664 1716 830 1790 ἰδέας,
863 1722 1072 1786 καὶτὰς
1128 1721 1492 1799 ἀποκαλύψεις
1548 1728 1652 1779 τῶν
1707 1743 1922 1801 κεκρυμ-

2029 1729 2316 1799 patentes,
2351 1723 2423 1783 ad
2457 1723 2767 1785 sciendum
2801 1745 2932 1807 qua:
2960 1727 3035 1789 sit
3066 1729 3338 1806 latitudo,
3379 1741 3436 1796 et
3475 1735 3668 1799 subli-

299 1802 480 1902 μένων
508 1808 926 1902 τετρανωμένας,
959 1812 1032 1875 εἷς
1061 1813 1123 1869 τὸ
1177 1808 1366 1868 εἰδέναι
1421 1835 1472 1868 τι
1527 1813 1588 1868 τὸ
1630 1812 1815 1892 βάθος,
1857 1835 1922 1902 xtl

2027 1807 2200 1870 mitas
2237 1819 2307 1902 et
2368 1812 2725 1891 profundum
2787 1802 3053 1878 scientia;
3107 1816 3234 1882 Dei.
3287 1802 3484 1902 Atque
3537 1823 3670 1887 illas

297 1889 457 1966 ὕψος,
494 1896 581 1952 καὶ
610 1893 812 1963 πλάτος
852 1902 952 1966 τῆς
995 1900 1240 1977 γνώσεως
1284 1910 1376 1960 τοῦ
1433 1908 1584 1959 Θεοῦ.
1632 1889 1834 1964 Ταύτας
1889 1899 1922 1957 δῖ

2027 1889 2737 1982 ηοῑυτειὶιειδόοηῳιεκυε
2783 1905 3060 1983 animus,
3107 1908 3326 1970 revelat
3378 1889 3669 1992 profunda

295 1989 535 2060 φυσικῶς
582 1983 788 2051 ἐκεῖνος
839 1986 1342 2072 ἑγκολπωσάμενος,
1391 1987 1660 2070 διατρανοτ
1714 1993 1781 2047 τὰ
1807 1992 1922 2068 βάθτ

2024 1983 2283 2076 Spiritus
2313 2007 2421 2069 per
2457 1989 2698 2052 verbum
2747 1993 3025 2055 omnibus
3081 1996 3184 2076 qui
3243 1983 3506 2062 divinum
3554 2003 3665 2064 ha-

290 2076 392 2128 τοῦ
419 2073 723 2148 Πνεύματος
753 2073 839 2134 διὰ
865 2083 958 2134 τοῦ
984 2074 1145 2157 λόγου
1187 2085 1316 2136 πᾶσι
1367 2092 1489 2145 τοῖς
1517 2079 1702 2160 ’έχουσι
1730 2087 1942 2157 Πνεῦμα

289 2161 441 2217 θετον
469 2159 522 2218 ἐν
565 2174 683 2228 τοῖς
741 2163 1010 2242 ἰγκάτοις,
1069 2169 1157 2224 καὶ
1211 2165 1512 2245 δημοσιεύει
1543 2159 1650 2226 τῶν
1680 2167 1941 2246 δαιμόνων

287 2247 416 2310 τοὺς
460 2247 665 2325 δόλους,
711 2255 798 2309 καὶ
853 2255 919 2313 τὰ
950 2257 1213 2335 μυστήρια
1241 2254 1510 2336 διηγεῖται
1539 2263 1638 2325 τῆς
1668 2257 1938 2334 βασιλείας

285 2340 402 2392 τῶν
444 2341 700 2418 οὐρανῶν.

371 2415 481 2493 ἔνι’.
508 2415 632 2493 ’Τὰς
689 2431 787 2506 μὲν
833 2433 1141 2509 σωματικὰς
1170 2430 1363 2510 ὀρέξεις
1392 2435 1480 2492 καὶ
1509 2435 1576 2491 τὰ
1602 2437 1937 2515 σκιρτήματα

285 2519 393 2580 τῆς
433 2519 624 2596 σαρκὸς
671 2518 887 2587 ’ἵστησιν
928 2522 1196 2601 ὲγράτεια,
1227 2525 1316 2580 καὶ
1346 2527 1584 2603 νηστεία,
1615 2526 1704 2581 καὶ
1732 2524 1933 2603 ἀγῶνες

288 2607 639 2678 πνευματικοί
669 2627 686 2645 ’
717 2609 812 2674 τὰς
841 2607 896 2665 δὲ
919 2609 1222 2690 φλεγμονὰς
1251 2617 1349 2680 τῆς
1379 2615 1562 2692 ψυχῆς
1591 2615 1679 2670 καὶ
1705 2614 1771 2670 τὰ
1795 2612 1934 2686 0181‘.-

291 2713 437 2767 ματα
489 2699 587 2765 τῆς
643 2696 855 2778 καρδίας
923 2701 1224 2781 καταψύχει
1279 2707 1387 2757 τῶν
1428 2703 1578 2759 θείων
1623 2708 1842 2783 Γραφῶν
1897 2705 1932 2772 ἡ

289 2779 610 2860 ἀνάγνωσις,
653 2789 744 2843 καὶ
770 2789 1018 2846 ταπεινοῦ
1045 2791 1080 2857 ἡ
1108 2779 1324 2854 ἀένναος
1361 2791 1658 2871 προσευχὴ,
1691 2793 1779 2848 καὶ
1808 2794 1933 2849 ὡσεὶ

289 2866 445 2955 ἔλεον
467 2873 794 2955 καθιλαρύνει
824 2879 984 2942 αὐτὰς
1027 2880 1062 2947 ἡ
1091 2878 1389 2946 κατάνυξις.

2023 2073 2184 2169 bent
2219 2076 2506 2169 Spiritum
2567 2079 2628 2141 in
2684 2081 3050 2165 visceribus,
3100 2073 3177 2146 ac
3229 2087 3487 2169 divulgat
3540 2092 3667 2154 das-

2026 2163 2358 2226 moniorum
2404 2165 2596 2248 dolos,
2630 2176 2688 2230 et
2716 2169 2992 2251 mysteria
3037 2163 3242 2236 narrat
3283 2163 3451 2257 regni
3481 2180 3666 2243 coelo-

2023 2269 2179 2313 rum.

2100 2431 2201 2493 68.
2235 2432 2568 2527 Corporeos
2619 2444 2818 2527 motus
2847 2446 2906 2500 et
2935 2439 3192 2521 impetus
3233 2445 3430 2506 carnis
3467 2447 3663 2527 repri-

2019 2529 2186 2614 munt
2213 2523 2585 2605 temperatia,
2615 2525 2926 2614 jejunium
2979 2536 3037 2589 et
3076 2529 3249 2592 lucta:
3297 2523 3658 2614 spiritua'les.

2014 2607 2274 2671 Ardores
2301 2619 2500 2674 autem
2531 2613 2744 2675 animae
2773 2615 3089 2698 cordisque
3115 2607 3376 2683 tumores
3406 2623 3658 2702 refrige-

2014 2703 2104 2758 rat
2158 2698 2495 2762 divinarum
2552 2703 2994 2784 Scripturarum
3045 2707 3220 2770 lectio
3273 2719 3332 2772 et
3380 2698 3658 2777 humiliat

2014 2787 2294 2850 continua
2318 2787 2528 2878 oratio,
2553 2798 2612 2853 et
2639 2793 2791 2854 sicut
2814 2793 3190 2878 eleemosyna
3218 2799 3506 2863 exhilarat
3525 2801 3658 2865 illos

2014 2877 2419 2956 compunctio.
3086 2877 3089 2878 ⁷
3485 2893 3497 2898 ’

367 2949 464 3024 ξθ..
712 2963 890 3054 ὀὕτως
945 2966 1143 3047 ἕτερος,
1202 2969 1277 3032 ὡς
1329 2968 1469 3049 εὐχὴ
1517 2969 1719 3047 καθαρά
1759 2991 1816 3028 τε
1841 2974 1922 3028 καῖ

2012 3051 2024 3054 _
2092 2949 2170 3054 69
2226 2965 2388 3029 Nihil
2415 2967 2604 3050 aliud,
2635 2969 2788 3032 sicut
2817 2973 3005 3034 oratio
3037 2992 3184 3054 pura
3208 2983 3267 3038 et
3296 2977 3656 3042 immateria-

279 3045 468 3126 ἆθλος,
522 3051 801 3129 συνόμιλον
858 3063 936 3131 τῷ
979 3045 1095 3131 Θεῷ
1154 3058 1245 3149 τὸν
1304 3045 1577 3149 ἄνθρωπον
1628 3045 1922 3138 ἀπεργάζε-

2011 3051 2104 3149 li_s,
2128 3051 2478 3149 familiarem
2502 3045 2626 3149 Deo
2646 3058 2843 3149 reddit
2868 3045 3197 3139 hominem,
3225 3067 3385 3128 etilli
3407 3069 3651 3149 conjun-

275 3156 392 3216 ται,
451 3141 539 3197 καὶ
592 3141 740 3201 ἑνοῦν
795 3142 941 3202 οἶδεν
998 3145 1139 3221 αὐτῷ
1191 3148 1281 3203 τὸν
1324 3146 1470 3224 Λόγῳ
1519 3147 1925 3224 ἀπερισπάστως

276 3226 418 3300 μετὰ
447 3229 742 3306 πνεύματος
791 3234 1223 3314 προσευχόμενον
1254 3250 1268 3265 ·
1319 3235 1478 3303 ἡνίκα
1531 3235 1620 3292 καὶ
1661 3249 1777 3301 τοῖς
1826 3235 1922 3294 δά·-

275 3335 457 3393 κρυσιν
484 3316 952 3400 ἀποσμηχομένην
982 3321 1100 3402 ἔχει
1129 3323 1229 3390 τὴν
1256 3319 1385 3379 ἰδίαν
1431 3323 1641 3404 ψυχὴν,
1688 3331 1765 3400 τῷ
1806 3323 1928 3395 ἡδεῖ

274 3423 336 3458 τε
378 3404 936 3485 καταγλυκαινομένην
992 3417 1091 3480 τῆς
1146 3409 1501 3491 κατανύξεως,
1546 3413 1634 3470 καὶ
1675 3421 1752 3490 τῷ
1791 3421 1924 3495 φωτὶ

271 3496 778 3578 καταφωτιζομένην
808 3506 902 3557 τοῦ
932 3501 1258 3578 Πνεύματος.

361 3571 435 3641 θ’.
469 3571 628 3652 Καὶῆ
670 3587 906 3656 ποσότης
962 3589 1017 3647 ἐν
1062 3571 1186 3654 ταῖς
1241 3597 1348 3648 τῶν
1379 3596 1556 3672 εὐχῶν
1584 3591 1920 3669 ψαλμῳδίαις

281 3669 492 3750 ἀρίστη,
587 3675 743 3743 ἡνίκα
829 3680 1026 3748 ταύτης
1101 3681 1344 3761 καρτερία
1426 3669 1745 3761 προηγεῖται
1831 3686 1920 3742 καὶ

277 3764 553 3842 προσοχή.
619 3761 770 3822 Ἀλλ’
833 3767 869 3836 ἡ
937 3770 1161 3838 ποιότης
1217 3769 1326 3826 ἐστὶ
1373 3771 1434 3826 τὸ
1484 3777 1778 3848 ζωογονοῦν
1817 3772 1916 3840 τὴν

279 3849 485 3938 ψυχὴν,
530 3851 569 3917 ἦ
618 3853 706 3910 καὶ
745 3854 994 3934 πρόξενος
1041 3858 1136 3916 τοῦ
1181 3868 1407 3938 καρποῦ.
1439 3859 1666 3927 Ποιότης
1698 3857 1752 3914 δὲ
1781 3858 1918 3934 ψαλ-

276 3936 476 4012 μῳδίας
524 3941 615 3998 καὶ
660 3951 992 4026 προσευχῆς,
1047 3949 1110 4005 τὸ
1162 3936 1300 4024 μετὰ
1348 3953 1441 4005 τοῦ
1496 3949 1794 4024 πνεύματος
1836 3946 1917 4005 εὕ-

276 4031 484 4106 χεσθαι,
519 4032 607 4088 καὶ
635 4039 710 4107 τῷ
739 4036 845 4096 νοΐ.
898 4035 1128 4117 Εὔχεται
1178 4035 1233 4094 δέ
1281 4059 1363 4101 τις
1411 4043 1488 4112 τῷ
1513 4038 1623 4111 νοΐ,
1670 4035 1794 4094 ὅταν
1825 4037 1914 4094 εὖ-

273 4117 505 4196 χόμενος
552 4123 639 4178 καὶ
685 4121 928 4199 ψάλλων,
988 4126 1278 4204 ἀναθεωρετ
1319 4128 1409 4184 τὸν
1465 4131 1586 4183 νοῦν
1613 4126 1705 4181 τὸν
1733 4124 1911 4204 ἐγκεί-

274 4226 430 4295 μενον
492 4207 547 4264 iv
599 4214 669 4287 τῇ
733 4213 845 4285 θείᾳ
912 4219 1094 4295 Γραφῇ
1127 4231 1142 4246 ⁶
1212 4216 1301 4272 καὶ
1360 4211 1574 4295 δέχεται
1632 4211 1910 4279 ἀναϐάσεις

273 4293 474 4352 ἰκετθεν
521 4299 802 4373 νοημάτων
859 4300 912 4358 ἐν
958 4293 1042 4380 τῇ
1083 4301 1267 4382 καρδίᾳ
1320 4293 1478 4362 αὐτοῦ
1517 4302 1579 4359 ὲκ
1605 4306 1910 4382 Θεοπρεπῶν

273 4381 510 4467 Ξννοιῶν,
540 4385 626 4467 ὑφ’
652 4391 727 4445 ὧν
769 4390 1106 4470 ἀρπαζομένη
1150 4381 1343 4474 νοερῶς
1403 4394 1440 4462 ἡ
1498 4391 1651 4472 ψυχὴ
1681 4381 1754 4456 εἰς
1782 4391 1909 4472 ἀέρα

276 4474 471 4552 φωτὸς,
543 4474 868 4554 ἔλλάμπεται
935 4487 1164 4561 τρανῶς,
1221 4483 1311 4540 καὶ
1363 4483 1663 4561 καθαίρεται
1717 4479 1905 4557 πλέον,

274 4562 358 4650 καὶ
414 4565 544 4642 πρὸς
600 4567 847 4647 οὐρανοὺς
903 4567 1004 4637 ὅλη
1047 4570 1326 4650 μετάρσιος
1383 4570 1604 4650 γίνεται,
1659 4570 1748 4627 καὶ
1799 4576 1906 4628 τῶν

272 4649 636 4728 ἀποκειμένων
717 4670 836 4721 τοῖς
922 4659 1092 4738 ἁγίοις
1177 4649 1386 4739 ἀγαθῶν
1453 4649 1762 4716 κλτοπτεύει
1839 4660 1907 4716 τὰ

271 4738 441 4808 κάλλη
477 4757 490 4772 ⁸
539 4745 614 4799 ὧν
667 4751 735 4822 τῇ
791 4746 1036 4825 ἐπιθυμία
1088 4738 1430 4825 ἐκκαιομένη,
1459 4749 1552 4805 τὸν
1579 4748 1780 4827 καρπὸν
1811 4747 1901 4804 εύ-

270 4827 355 4890 θὺς
383 4834 483 4897 τῆς
510 4832 678 4911 εὖχῆς
736 4834 994 4910 ἐκπέμπει
1047 4835 1152 4894 ἀπὸ
1192 4842 1298 4894 τῶν
1354 4835 1656 4918 ὀφθαλμῶν,
1712 4838 1801 4893 καὶ
1841 4839 1902 4894 τὸ

270 4922 406 4992 νᾶμα
485 4925 593 4976 τῶν
676 4919 908 5003 δακρύων
979 4926 1231 5005 πηγάζει,
1318 4926 1378 4984 ὲκ
1451 4927 1549 4993 τῆς
1601 4933 1902 5005 φωτοποιοῦ

266 5003 525 5086 ἐνεργείας
596 5021 690 5071 τοῦ
770 5002 1092 5090 Πνεύματοςξ
1175 5002 1260 5071 ἶὶν
1312 5017 1348 5084 ἡ
1402 5025 1579 5095 γεῦσις
1615 5002 1626 5005 ⁷
1648 5022 1898 5074 τοσοῦτον

265 5092 442 5184 ἡδεῖα,
495 5099 569 5164 ὡς
623 5103 712 5157 καὶ
765 5109 1074 5180 σωματικῆς
1129 5110 1328 5184 τροφῆς
1386 5092 1493 5162 ἔσθ’
1543 5103 1631 5162 ὅτε
1691 5105 1781 5162 τὸν
1844 5105 1900 5162 ἐν

268 5181 462 5257 μεθέξει
559 5189 758 5246 τούτων
853 5181 1173 5269 γενόμενον-
1237 5181 1686 5256 ἓπιλανθάνεσθαι,
1801 5194 1902 5253 Καὶ

264 5275 412 5330 τοῦτό
441 5273 582 5334 ἐστιν
625 5279 654 5334 ὁ
681 5281 882 5358 καρπὸς
922 5283 1023 5348 τῆς
1078 5283 1269 5360 εὐχῆς,
1329 5283 1358 5339 ὁ
1406 5281 1466 5340 ἐκ
1492 5285 1590 5350 τῆς
1615 5284 1900 5351 ποιότητος

261 5363 355 5430 τῆς
396 5362 706 5440 ψαλμῳδίας
743 5368 1083 5447 ἇγγινόμενος
1112 5384 1238 5434 ταῖς
1277 5377 1382 5427 τῶν
1437 5371 1750 5452 εὐχομένων
1797 5377 1900 5447 ψυ-

261 5463 411 5529 χαῐς.

328 5617 393 5671 ⁸4
419 5619 580 5687 Psal.
609 5638 812 5702 mu,
843 5625 1034 5703 9,11.

2006 3141 2090 3220 git
2117 3160 2251 3205 eum
2285 3145 2453 3224 cujus
2497 3145 2557 3207 in
2609 3148 2876 3212 oratione
2907 3150 3086 3213 verba
3115 3172 3249 3216 cum
3282 3157 3495 3237 spiritu
3517 3141 3648 3220 sine

2005 3229 2391 3327 distractione
2409 3246 2783 3327 consonant,
2824 3239 3002 3327 cujus
3030 3241 3225 3306 anima
3256 3229 3530 3327 lacrymis
3561 3255 3652 3311 est

2007 3315 2228 3413 abluta,
2261 3329 2343 3413 Aet
2390 3321 2708 3413 dulcedine
2757 3315 3020 3405 mitigata
3049 3315 3548 3413 compunctmnis,
3580 3353 3650 3399 ac

2006 3405 2230 3472 lumine
2257 3408 2544 3474 illustrata
2565 3411 2846 3494 Spiritus.

2087 3585 2194 3678 70._
2213 3585 2518 3678 Quantitas
2545 3588 2607 3651 in
2638 3609 2880 3671 precum
2911 3595 3256 3674 psalmodiis
3285 3598 3508 3678 optima
3526 3609 3638 3677 est,

1999 3675 2236 3754 quando
2284 3676 2340 3738 ei
2388 3685 2603 3757 praeest
2650 3683 3090 3759 perseverantia
3120 3694 3176 3747 et
3207 3675 3478 3756 attentio.
3519 3675 3637 3754 Sed

1999 3761 2247 3856 qualitas
2271 3773 2359 3856 est
2385 3767 2546 3856 quod
2578 3768 2836 3832 animam
2866 3770 3141 3849 viviﬁcat,
3174 3777 3332 3856 quod
3383 3777 3639 3842 fructum

1998 3851 2236 3942 profertj
2273 3852 2532 3926 Qualitas
2561 3864 2756 3920 autem
2801 3867 2860 3920 et
2899 3851 3241 3942 psalmodiis
3270 3873 3327 3927 et
3354 3868 3638 3930 orationis

1997 3939 2264 4003 consistit
2289 3942 2351 4004 in
2379 3943 2603 4006 orando
2659 3946 2878 4027 spiritu
2900 3939 2975 4012 ac
3006 3959 3230 4014 mente.
3264 3952 3404 4018 Orat
3431 3963 3630 4020 autem

1997 4034 2219 4116 mente,
2248 4030 2353 4111 qui
2384 4049 2561 4095 orans
2591 4040 2650 4095 et
2677 4035 2938 4116 psallens
2983 4039 3320 4104 considerat
3367 4052 3630 4108 mentem

1991 4113 2055 4177 in
2101 4117 2300 4181 divina
2349 4117 2654 4202 Scriptura
2678 4113 2976 4202 infusam,
3008 4146 3077 4190 ac
3106 4129 3286 4210 digna
3334 4131 3456 4194 Deo
3485 4152 3630 4197 sen-

1992 4205 2169 4294 tiens,
2200 4206 2342 4270 inde
2369 4210 2754 4274 ascensiones
2783 4205 3202 4294 cogitationum
3224 4218 3286 4282 in
3313 4222 3492 4285 corde
3521 4242 3627 4288 suo

1993 4292 2274 4375 disponit,
2295 4297 2508 4378 quibus
2527 4308 2694 4381 rapta
2723 4292 3114 4382 spiri'tualiter
3131 4307 3332 4372 anima
3345 4311 3408 4372 in
3427 4331 3627 4377 aerem

1991 4383 2255 4477 luminis.
2290 4384 2450 4477 clare
2476 4387 2681 4470 fulget,
2715 4393 2968 4472 amplius
2998 4397 3362 4477 puriﬁcatur,
3393 4402 3468 4465 ad
3497 4420 3627 4466 cce-

1990 4471 2080 4534 los
2137 4480 2254 4535 tota
2311 4475 2611 4554 elevatur,
2661 4487 2721 4542 et
2769 4471 3014 4545 sanctos
3052 4471 3420 4551 manentium
3471 4492 3629 4555 videt

1990 4559 2487 4654 pulchritudinem
2535 4564 2828 4631 bonorum
2861 4589 2876 4634 :
2910 4591 3163 4654 quorum
3193 4577 3492 4642 desiderio
3519 4599 3623 4644 ac-

1989 4666 2188 4731 censa,
2213 4651 2409 4712 statim
2450 4653 2702 4717 fructum
2734 4651 3020 4724 orationis
3061 4665 3280 4729 emittit
3306 4665 3380 4728 ab
3410 4669 3618 4746 oculis,

1989 4744 2049 4838 et
2077 4739 2714 4840 lacrjmarumﬁtluento
2745 4757 2954 4826 scatet,
2987 4770 3055 4813 ex
3087 4753 3472 4818 illuminativa
3491 4739 3624 4840 Spi;

1984 4825 2133 4916 ritus
2177 4831 2410 4894 virtute.
2464 4829 2724 4904 Quorum
2773 4825 2974 4914 gustus
3011 4840 3160 4903 adeo
3190 4843 3384 4905 suavis
3413 4825 3623 4916 est..ut

1983 4913 2182 4977 cibum
2226 4917 2546 4999 aliquando
2616 4913 2987 5004 corporalem
3051 4927 3462 5007 obliviscatur,
3513 4913 3620 5016 qui

1983 5005 2278 5088 particeps
2333 5007 2573 5071 illorum
2621 5012 2807 5076 factus
2864 5027 2977 5078 est.
3034 5016 3143 5078 Hic
3197 5029 3287 5082 est
3334 5005 3619 5085 orationis

1981 5094 2244 5185 fructus,
2303 5096 2404 5179 qui
2453 5117 2524 5161 ex
2573 5101 2858 5182 qualitate
2915 5103 3257 5185 psalmodiaa
3309 5109 3618 5174 animabus

1981 5184 2276 5248 orantium
2305 5185 2652 5251 innascitur.
