4052 6134
458 195 577 260 935

542 332 611 394 7l
631 382 644 394 .
678 329 789 395 Ubi
820 332 1046 395 fructus
1077 335 1314 396 videtur
1341 334 1623 415 Spiritus,
1660 334 1742 396 ibi
1772 345 1829 399 et
1856 337 2170 417 qualitas».

454 420 766 484 orationis.
803 420 872 482 Et
904 421 1004 483 ubi
1040 423 1315 503 qualitas,
1353 424 1436 485 ibi
1467 434 1523 485 et
1553 425 1780 504 optima
1818 428 2113 505 quantitas

462 510 826 590 psalmodiis.
876 509 1092 573 Fructu
1150 521 1345 573 autem
1399 533 1517 574 non
1568 524 1916 595 apparente,
1945 516 2112 578 arida

461 607 552 660 est
576 608 635 660 et
659 599 932 676 qualitas.
968 598 1030 661 Si
1055 609 1254 661 autem
1288 605 1413 663 haec
1443 602 1601 663 sicca
1626 601 1723 676 sit,
1761 603 1944 665 multo
1978 624 2107 666 ma-

461 687 551 763 gis
582 687 874 767 quantitas
901 708 914 750 :
950 706 1102 768 quae,
1138 687 1262 749 etsi
1292 689 1559 769 corporis
1589 690 1935 753 exercitium
1967 692 2101 769 fert,

462 776 851 838 nihilominus
880 776 1081 840 multis
1112 777 1485 840 infructuosa
1513 786 1624 841 est.

547 954 641 1016 72.
671 952 927 1015 Attende
958 972 991 1015 a
1013 953 1175 1028 dolo,
1210 973 1343 1016 cum
1379 955 1551 1016 horas
1581 963 1639 1016 et
1671 960 1929 1031 psalmos
1970 978 2117 1022 can-

464 1050 551 1104 tas
591 1042 864 1104 Domino.
903 1042 1011 1106 Vel
1057 1042 1216 1103 enim
1276 1043 1389 1104 alia
1447 1062 1553 1124 pro
1604 1046 1739 1107 aliis
1791 1050 2114 1124 daemones,

460 1151 705 1194 sensum
736 1131 949 1193 animai
980 1131 1404 1213 subripientes,
1440 1132 1616 1195 nobis
1661 1135 1929 1218 deceptis
1971 1157 2112 1217 sug-

461 1231 694 1302 gerunt,
715 1221 1076 1301 psalmorum
1100 1239 1304 1283 versus
1327 1222 1386 1283 in
1410 1221 1839 1303 blasphemiam
1867 1235 2105 1289 verten-

464 1321 572 1385 tes,
606 1324 668 1371 ut
697 1329 802 1372 ore
825 1309 1078 1372 nefanda
1111 1310 1517 1390 proferamus;
1549 1313 1639 1374 vel
1667 1314 1839 1376 nobis
1872 1315 2103 1378 initium

463 1401 826 1481 psalmorum
877 1398 1316 1475 inchoantibus,
1364 1400 1542 1462 verba
1589 1411 1794 1465 nostra
1821 1405 1891 1465 ad
1926 1406 2105 1466 finem

461 1488 822 1551 transferunt
869 1507 1000 1569 qua;
1030 1496 1167 1550 sunt
1199 1489 1259 1549 in
1294 1489 1489 1550 medio
1519 1510 1553 1551 a
1585 1501 1781 1554 mente
1811 1493 2109 1574 deripien-

462 1589 586 1649 tes;
621 1578 709 1639 vel
742 1596 924 1638 unum
961 1576 1356 1658 eumdemque
1391 1597 1619 1640 versum
1648 1599 1888 1663 semper
1928 1601 2108 1662 repe-
2132 1638 2168 1685 Β

464 1675 611 1737 tunt,
660 1685 777 1728 non
808 1667 1073 1727 sinentes
1123 1684 1231 1727 nos
1261 1676 1504 1746 propter
1532 1667 1891 1732 oblivionem
1942 1671 2103 1752 quod

461 1756 723 1837 psalmus
777 1754 1041 1817 continet
1094 1755 1401 1832 invenire;
1463 1758 1551 1818 vel
1612 1757 1781 1820 nobis
1836 1761 2099 1822 medium

462 1844 671 1925 psalmi
697 1843 1111 1923 recitantibus,
1135 1844 1546 1924 cojunctorum
1569 1863 1845 1909 versuum
1879 1867 2104 1911 memo-

459 1934 608 1995 riam
641 1953 676 1997 a
721 1942 918 1994 mente
971 1933 1269 2007 auferunt,
1316 1933 1397 1994 ita
1442 1940 1503 1994 ut
1549 1954 1667 1996 non
1716 1936 2102 2000 recordemus

463 2041 615 2103 quos
662 2021 1005 2102 psalmodiaa
1050 2039 1256 2083 versus
1284 2022 1344 2082 in
1374 2040 1478 2082 ore
1522 2022 1944 2101 habuerimus,
1991 2045 2100 2089 nec

462 2111 758 2192 possimus
812 2128 916 2171 eos
971 2110 1238 2189 reperire
1285 2118 1344 2172 et
1397 2109 1610 2190 linguae
1664 2112 1939 2178 reddere.
2000 2114 2100 2178 Sic

457 2211 639 2279 agunt
669 2208 733 2261 ut
773 2217 880 2260 nos
911 2197 1192 2277 cojiciant
1234 2198 1294 2259 in
1341 2206 1672 2280 temporem
1713 2218 1773 2264 et
1801 2203 2091 2281 acediam,

460 2297 641 2371 utque
683 2289 910 2351 fructus
960 2296 1246 2349 evacuent
1290 2288 1573 2351 orationis
1606 2298 1843 2363 nostraa,
1877 2311 2103 2354 moram

457 2377 750 2457 temporis
798 2385 1228 2457 supponentes.
1276 2375 1393 2440 Sed
1434 2386 1696 2440 mentem
1751 2387 1811 2441 tu
1869 2378 2108 2443 fortiter

461 2465 715 2547 applica,
759 2473 818 2527 et
856 2464 1143 2545 psalmum
1198 2465 1414 2527 lentius
1456 2467 1664 2541 recita,
1717 2476 1780 2529 ut
1823 2468 2108 2532 orationis

462 2555 717 2617 fructum
743 2552 1077 2615 aversibus
1126 2572 1232 2634 per
1277 2557 1842 2635 contemplationem
1894 2565 2101 2632 metas,

461 2660 532 2705 ac
551 2641 756 2703 diteris
782 2640 1006 2703 lumine
1026 2639 1282 2724 Spiritus
1307 2643 1495 2705 sancti
1515 2643 1826 2706 animabus
1849 2644 2102 2706 oratium

463 2730 772 2794 illucente.

2125 2839 2164 2890 C

546 3085 642 3148 73.
674 3082 921 3157 Quando
950 3081 1174 3162 aliquid
1208 3099 1279 3145 ex
1319 3081 1502 3147 dictis
1531 3085 1751 3148 accidit
1780 3085 1889 3149 tibi
1916 3087 2104 3152 intel-

461 3173 716 3252 ligenter
764 3168 1063 3260 psallenti,
1121 3188 1198 3260 ne
1253 3170 1460 3260 acedia
1527 3189 1851 3254 torpescas,
1910 3196 2105 3260 neque

428 3312 433 3315 .
461 3261 730 3341 corporis
757 3258 1023 3340 requiem
1056 3259 1296 3320 utilitati
1321 3261 1534 3323 animae
1565 3270 1678 3325 tua:
1705 3258 2104 3344 praeferas,'de

462 3350 751 3432 temporis
803 3367 971 3410 mora
1016 3348 1298 3427 cogitans.
1360 3347 1474 3411 Sed
1530 3351 1688 3414 unde
1738 3356 1969 3434 captiva
2005 3364 2106 3418 tua

461 3459 630 3502 mens
675 3437 930 3500 abducta
974 3444 1084 3511 est,
1128 3435 1208 3497 ibi
1262 3444 1374 3512 sta,
1409 3446 1467 3499 et
1494 3439 1545 3500 si
1575 3440 1648 3501 ad
1680 3441 1858 3503 linem
1889 3443 2105 3523 psalmi

450 3531 575 3612 jam
609 3527 971 3610 perveneris,
1007 3536 1065 3589 tu
1091 3526 1166 3588 ad
1197 3526 1437 3589 initium
1468 3538 1713 3593 strenue
1743 3531 1898 3605 redi,
1922 3533 2103 3614 idque

457 3628 759 3700 repetens,
792 3618 1008 3679 iterum
1039 3615 1191 3677 viam
1241 3616 1454 3696 psalmi
1509 3637 1818 3698 percurre,
1871 3621 2105 3684 etiamsi

457 3727 614 3790 saepe
644 3712 704 3769 in
738 3724 853 3768 una
885 3706 1031 3767 hora
1060 3705 1368 3767 distractio
1391 3715 1683 3771 recursat.
1718 3706 1845 3771 Hoc
1875 3710 2035 3773 enim
2052 3711 2104 3774 si

457 3797 659 3871 facias,
694 3815 811 3858 non
845 3795 1103 3859 ferentes
1134 3797 1605 3874 permanentiam
1652 3800 2105 3878 perseverantiae

458 3893 573 3948 tuae
591 3886 893 3948 daemones
926 3892 985 3945 et
1011 3883 1128 3945 vim
1149 3882 1516 3948 fortitudinis
1547 3892 1684 3963 tum,
1719 3887 1943 3967 pudore
1969 3889 2100 3952 suf-

458 3976 575 4039 fusi
604 3994 640 4039 a
668 3982 725 4038 te
748 3972 1057 4037 recedent.

1740 202 2044 269 Nisam
2102 204 2533 291 PECTORATI

3771 197 3863 264 936

2273 330 2380 398 οα’.
2444 342 2517 398 Οὐ
2573 342 2602 397 ὁ
2672 344 2873 419 καρπὸς
2945 342 3328 423 ἀναθεωρετται
3402 347 3516 399 τοῦ
3564 340 3869 413 Haterium,

2193 428 2311 486 ἐκεῖ
2342 430 2426 485 καὶ
2454 430 2489 497 ἡ
2535 431 2758 497 ποιότης
2787 435 2885 498 τῆς
2930 436 3261 511 προσευχῆς,
3316 433 3434 490 Καὶ
3473 432 3546 486 οὗ
3577 430 3615 496 ἡ
3649 427 3870 505 ποιότης,

2192 516 2308 574 ἐκεῖ
2337 517 2522 597 ἀρίστη
2553 520 2641 575 καὶ
2692 521 2726 588 ἡ
2789 520 3026 587 ποσότης
3084 526 3182 587 τῆς
3244 517 3636 595 ψαλμῳξῖας.
3686 525 3875 594 Καρτεσῦ

2190 603 2244 661 δὲ
2287 607 2365 681 μὴ
2396 606 2734 686 φαινομένου,
2797 606 3015 682 ἄνικμος
3057 609 3145 665 καὶ
3176 610 3211 677 ἡ
3243 610 3505 674 ποιότης
3586 607 3653 663 Ei.
3680 603 3735 659 δὲ
3764 604 3875 669 αὕτη

2193 693 2347 774 ξηρὰ,
2420 698 2660 775 περιττὸν
2711 699 2745 764 ἡ
2801 697 3035 764 ποσότης
3068 716 3080 729 ⁸
3143 696 3282 774 ἥτις,
3346 698 3399 753 εἶ
3476 696 3585 752 καὶ
3646 693 3874 768 σώματος

2194 785 2486 863 γυμνασίαν
2514 784 2681 865 φέρει,
2715 783 2851 841 ἀλλὰ
2884 807 3093 865 πρντως
3121 808 3183 864 γε
3208 804 3331 849 τοῖς
3359 784 3637 848 πολλοῖς
3669 779 3875 861 impari:

2200 872 2334 936 ἐστι.

2281 952 2386 1038 οβ’,
2442 960 2612 1018 Βλέπε
2666 964 2756 1019 τὸν
2810 960 2963 1043 ξόλον
3020 964 3311 1043 εὐχόμενος
3369 965 3478 1021 καὶ
3548 960 3709 1036 ᾄδων
3776 960 3877 1020 τοὺς

2201 1033 2444 1125 ψαλμοὺς
2475 1058 2551 1125 τῷ
2595 1053 2783 1129 Κυρίῳ.
2826 1033 2885 1108 Ἡ
2935 1053 3033 1131 γὰρ
3082 1033 3226 1109 ’ἅλλα
3267 1050 3379 1109 ἀντ’
3434 1033 3649 1108 ἄλλ...
3698 1053 3748 1108 ot
3780 1047 3881 1104 διὲ-

2196 1161 2352 1214 μο-ιες
2398 1141 2494 1208 τὴν
2543 1138 2794 1207 αἴσθησιν
2841 1146 2939 1207 τῆς
2990 1145 3173 1221 ψυχῆς
3228 1140 3727 1215 ὑποχλέπτοντες,
3794 1138 3876 1193 λέ-

2192 1251 2305 1306 γειν
2373 1230 2517 1304 ἡμᾶς
2569 1228 2836 1306 ἀπατῶσι,
2907 1230 3027 1294 τοὺς
3083 1231 3298 1309 στίχους
3354 1232 3429 1296 εἷς
3516 1228 3875 1310 βλασσρημέαν

2188 1316 2463 1396 τρέποντες
2506 1323 2610 1373 τῦν
2640 1315 2893 1396 ψαλμῶν,
2942 1320 3013 1382 ὡς
3061 1320 3231 1374 εἰπεῖν
3286 1321 3429 1394 ἡμᾶς
3498 1318 3602 1375 διὰ
3672 1319 3879 1392 στόμα-

2188 1426 2273 1470 τος
2304 1406 2337 1461 ἃ
2366 1408 2441 1480 μὴ
2470 1405 2613 1480 θέμις
2647 1421 2660 1434 ⁸
2709 1406 2744 1470 ἢ
2784 1406 2879 1472 τὴν
2924 1406 3103 1485 ἀρχὴν
3145 1407 3251 1462 τῶν
3310 1407 3565 1484 ψαλμῶν
3634 1404 3876 1487 ἀρξαμέ-

2189 1515 2332 1566 νους,
2384 1494 2469 1550 ἐπὶ
2519 1496 2578 1549 τὸ
2627 1492 2772 1559 τέλος
2830 1503 3069 1551 ποιοῦσιν
3118 1496 3274 1569 ἡμῶν
3320 1498 3408 1553 τὸν
3474 1495 3703 1574 λόγον,
3735 1498 3801 1551 τα
3832 1493 3878 1547 ἐν

2192 1582 2340 1657 μέσῳ
2368 1580 2788 1653 διασκεδαζοντες
2838 1582 2944 1638 ﬁt?)
2987 1590 3078 1639 1:03
3136 1585 3254 1649 νοός
3288 1600 3301 1614 ⁸
3363 1584 3398 1652 ἢ
3462 1585 3572 1641 ἐπὶ
3636 1585 3705 1640 τὸ
3759 1582 3877 1641 uino

2189 1674 2280 1727 τὸν
2322 1672 2412 1728 ἕνα
2469 1672 2654 1751 στίχον
2710 1672 2791 1728 ἀεὶ
2847 1672 3290 1747 ἐπανακυκλοῦσι,
3359 1674 3441 1749 μὴ
3501 1679 3865 1753 συγχωρῶν

2183 1781 2267 1823 τες
2299 1756 2382 1815 διὰ
2409 1764 2504 1827 τῆς
2546 1757 2712 1829 λήθης
2761 1760 2822 1815 τὸ
2872 1759 3132 1839 ἐχόμενον
3190 1763 3359 1841 εὓρεϊν
3402 1769 3505 1819 τοῦ
3576 1760 3813 1837 ψαλμοῦ
3840 1774 3854 1787 ·

2181 1847 2218 1916 ἢ
2248 1847 2301 1904 ἐν
2333 1848 2481 1923 μέσῳ
2535 1847 2827 1926 γινομένων
2874 1850 3028 1924 ἡμῶν
3082 1857 3173 1906 τοῦ
3228 1848 3467 1926 ψαλμοῦ,
3505 1849 3737 1929 αἴφνης
3770 1848 3859 1903 αἴ-

2182 1958 2325 2016 ρουσι
2381 1944 2474 1993 τοῦ
2531 1938 2646 2002 νοὸς
2703 1937 2803 2004 τὴν
2860 1939 3079 2012 μνήμην
3136 1938 3344 1995 ἅπασαν
3400 1943 3512 1994 τῶν
3591 1940 3860 1995 ἐπισυνα-

2181 2022 2410 2104 φθέντων
2480 2026 2681 2103 στίχων
2714 2040 2728 2054 ·
2785 2027 2857 2090 ὡς
2913 2024 3049 2100 μηδέ
3106 2027 3458 2102 μνημονεύειν
3516 2029 3682 2103 ἡμᾶς
3742 2027 3861 2082 τίνα

2180 2114 2265 2170 ἐπὶ
2304 2114 2565 2189 στόματος
2598 2111 2825 2193 εἴχομεν
2867 2119 2966 2181 τῆς
3016 2113 3352 2191 ψαλμῳδίας,
3403 2114 3545 2190 μηδέ
3606 2115 3852 2190 δυναμέ-

2180 2219 2299 2267 νους
2370 2205 2539 2281 εόρεϊν
2594 2214 2757 2261 ταῦτα
2814 2205 2901 2259 καὶ
2958 2202 3311 2261 ὲπαναλαῖεῗν
3385 2204 3472 2261 ἐπὶ
3552 2204 3847 2284 γλώσσης.

2187 2302 2349 2350 Τοῦτο
2399 2290 2453 2346 δὲ
2498 2298 2759 2365 ποιοῦσιν,
2805 2290 2941 2347 ὥστε
2992 2290 3179 2368 βαλεῖν
3234 2296 3379 2368 ἡμᾶς
3422 2295 3495 2359 εἷς
3546 2293 3847 2372 ὀλιγωρίαν

2186 2383 2273 2438 καὶ
2356 2379 2576 2449 ἁκηδίαν
2613 2400 2626 2414 ·
2697 2382 2786 2438 καὶ
2853 2380 2946 2437 ἵνα
3002 2383 3409 2460 καταργήσωσιν
3480 2384 3649 2458 ἡμῶν
3723 2382 3843 2444 τοὺς

2185 2471 2418 2547 καρποὺς
2474 2472 2572 2537 τῆς
2617 2475 2948 2549 προσευχῆς,
3011 2471 3108 2538 τὴν
3172 2472 3269 2538 τῆς
3338 2472 3477 2550 ὥρας
3532 2468 3839 2551 βραδυτῆτα

2186 2558 2567 2633 ὒποτιθέμενοι.
2629 2556 2779 2614 Ἀλλ’
2851 2557 3059 2625 ἕνστηθι
3129 2561 3188 2615 σὺ
3259 2558 3515 2635 δυνατῶς,
3588 2561 3682 2617 καὶ
3750 2560 3837 2613 τὸν

2186 2646 2400 2723 ψαλμὸν
2451 2646 2829 2727 σχολαιότερον
2886 2646 3016 2728 ἔχων)
3052 2665 3066 2682 '
3113 2650 3187 2712 ὡς
3232 2646 3294 2703 ἂν
3351 2650 3451 2715 τὴν
3504 2651 3602 2716 τῆς
3663 2650 3830 2726 εὖχῆς

2184 2736 2291 2792 ἀπὸ
2344 2736 2448 2793 τῶν
2517 2737 2719 2815 στίχων
2792 2732 2877 2791 διὰ
2926 2738 3141 2816 θεωρίας
3195 2739 3468 2816 τρυγήσῃς
3540 2736 3822 2816 ὠφέλειαν,

2188 2826 2275 2880 καὶ
2326 2825 2419 2881 τὸν
2478 2825 2751 2905 φωτισμὸν
2812 2834 2904 2884 τοῦ
2959 2825 3107 2903 ἁγίου
3164 2827 3470 2901 Πνεῦματος
3524 2823 3812 2883 καταπλουο

2186 2913 2356 2989 τήσῃς
2411 2915 2502 2970 τὸν
2556 2913 2896 2991 ἐγγινόμενον
2937 2912 2991 2971 ἐν
3040 2927 3161 2980 ταῖς
3202 2915 3310 2971 τῶν
3353 2913 3641 2995 εὖχομένων
3698 2915 3802 2985 ψυ-

2188 3014 2351 3099 κατςτ
2455 3075 2482 3100 σ

2265 3087 2370 3169 ογ’.
2455 3087 2601 3150 ’ὒταν
2670 3115 2721 3150 τι
2791 3100 3029 3151 τοιοῦτον
3099 3091 3370 3170 ἐπισυμϐῇ
3434 3114 3507 3148 σοι
3558 3087 3803 3167 ψάλλοντι

2183 3187 2433 3255 συνετῶς,
2485 3182 2561 3257 μὴ
2610 3179 2943 3261 ὀλιγωρήσας
2995 3178 3290 3258 ἆκηδιάσῃς
3328 3200 3343 3217 ’
3405 3179 3538 3256 μηδέ
3590 3180 3680 3246 τὴν
3718 3180 3811 3232 τοῦ

2183 3269 2429 3345 σώματος
2460 3269 2746 3327 ἀνάπαυσιν
2794 3274 2890 3339 τῆς
2940 3275 3178 3350 ψυχικῆς
3228 3269 3485 3350 ὠφελείας
3538 3291 3625 3326 σου
3680 3288 3812 3344 προ-

2182 3359 2439 3437 τιμήσῃς,
2470 3359 2568 3426 τὴν
2623 3357 2916 3439 βραδυτῆτα
2970 3358 3067 3426 τῆς
3121 3356 3261 3436 ὥρας
3319 3364 3623 3418 κατανοῶν.
3661 3352 3819 3413 Ἀλλὰ

2186 3443 2302 3501 ἔνθα
2328 3468 2386 3502 σε
2418 3449 2452 3514 ἡ
2498 3446 2840 3527 αἰχμαλωσία
2882 3455 2977 3503 τοῦ
3016 3449 3135 3509 νοὸς
3191 3446 3591 3525 καταλήψεται,
3649 3446 3815 3512 στῆθι,

2183 3536 2271 3591 καὶ
2303 3536 2347 3591 εἰ
2374 3536 2505 3614 πρὸς
2534 3538 2595 3592 τὸ
2641 3535 2791 3600 τέλος
2849 3537 3069 3615 γένησαι
3127 3542 3219 3591 τοῦ
3274 3534 3512 3615 ψαλμοῦ,
3578 3536 3640 3591 σὺ
3697 3534 3815 3613 πρὸς

2185 3624 2284 3691 τὴν
2329 3623 2503 3703 ἀρχὴν
2551 3623 2787 3700 ἐκθύμως
2843 3622 3107 3704 ἀνέδραμε
3141 3645 3156 3661 ·
3209 3625 3295 3680 καὶ
3345 3622 3665 3701 δραξάμενος
3722 3623 3812 3679 αῦ-

2182 3717 2303 3789 τῆς,
2335 3714 2475 3777 αὖθις
2505 3712 2637 3794 ἔχου
2661 3722 2753 3771 τοῦ
2796 3712 3011 3789 ψαλμοῦ
3062 3710 3177 3770 καθ’
3233 3710 3376 3786 ὁδὸν,
3409 3710 3505 3769 κᾶν
3568 3711 3813 3771 πολλάκις

2183 3801 2236 3858 έν
2268 3808 2363 3878 μιᾷ
2387 3802 2497 3881 ὥρᾳ
2540 3805 2576 3870 ἡ
2630 3801 2975 3883 αἰχμαλωσία
3031 3803 3471 3881 προσυπαντήσῃ.
3534 3810 3699 3861 Τοῦτο
3726 3801 3815 3879 γὰρ

2183 3891 2456 3955 ποιοῦντός
2505 3912 2619 3965 σου,
2679 3892 2758 3967 μὴ
2814 3889 3057 3971 φέροντες
3108 3890 3176 3957 τὴ
3230 3889 3505 3965 ὑπομονὴν
3560 3892 3661 3957 τῆς
3728 3893 3820 3956 σῆς

2183 3979 2451 4059 καρτερίας
2484 3982 2532 4036 οἱ
2559 3976 2800 4056 δαίμονες
2829 3980 2918 4036 καὶ
2944 3981 3036 4035 τὸν
3065 3978 3217 4036 τόνον
3246 3980 3346 4046 τῆς
3378 3979 3668 4054 πῦοθυμίας
3711 4000 3814 4051 σω,

2125 4081 2168 4129 D
2187 4070 2440 4164 αἰσχῦνης
2468 4067 2855 4148 πληρωθέντες,
2893 4070 3208 4149 οἰχήσονται
3240 4067 3345 4124 ἀπὸ
3377 4074 3494 4129 σοῦ.

540 4154 640 4216 ³74.
673 4152 785 4214 Pro
815 4158 979 4214 certo
1023 4148 1173 4212 habe
1203 4149 1546 4212 continuam
1575 4151 1901 4216 orationem
1933 4152 2094 4214 illam

457 4261 612 4316 esse,
636 4260 771 4322 quae
790 4260 909 4302 non
929 4239 1157 4301 recedit
1179 4237 1252 4300 ab
1273 4242 1470 4301 anima
1492 4260 1601 4321 per
1619 4241 1913 4321 integram
1936 4241 2096 4303 diem

458 4342 517 4397 et
544 4342 801 4409 noctem,
834 4351 963 4413 quae
985 4350 1101 4392 non
1124 4329 1184 4391 in
1207 4332 1551 4394 extensione
1573 4352 1877 4410 manuum,
1911 4333 2004 4395 vel
2033 4333 2096 4395 in

459 4423 661 4487 habitu
681 4420 1064 4505 corporis,vel
1090 4421 1151 4483 in
1175 4421 1331 4484 vocis
1349 4440 1413 4484 so
1423 4425 1714 4505 no,oculis
1730 4424 2094 4486 videturcor—

458 4511 678 4594 poreis,
699 4512 803 4572 sed
830 4511 892 4573 in
916 4509 1158 4572 mentali
1178 4510 1461 4573 exercitio
1491 4512 1903 4593 Operationum
1924 4512 2102 4575 intel-

455 4600 754 4664 lectualim
792 4608 850 4663 et
884 4598 1317 4661 recordationis
1346 4601 1448 4661 Dei
1474 4617 1584 4679 per
1604 4601 1898 4663 assiduam
1932 4620 2096 4664 com-

456 4690 835 4772 punctionem
859 4687 1206 4767 intelligitur
1227 4689 1299 4750 ab
1321 4686 1395 4748 iis
1416 4687 1516 4768 qui
1536 4688 1869 4769 intelligere
1881 4690 2096 4753 sciunt.

538 4781 641 4843 75.
671 4782 872 4843 Potest
915 4776 1128 4859 aliquis
1174 4793 1413 4856 semper
1462 4777 1781 4841 intendere
1821 4779 2096 4857 orationi,

456 4889 590 4933 cum
625 4870 754 4949 ejus
775 4866 1162 4947 cogitationes
1190 4864 1263 4927 ad
1298 4866 1511 4927 mentis
1539 4866 1854 4948 imperium
1878 4887 2097 4931 conve-

454 4961 625 5021 niunt
650 4959 712 5019 in
749 4958 928 5018 multa
956 4973 1102 5037 pace
1153 4962 1210 5016 et
1253 4957 1812 5033 circumspectione,
1844 4956 2094 5035 profun-

454 5048 648 5129 daque
691 5046 798 5110 Dei
834 5051 1200 5115 scrutantur,
1248 5052 1307 5104 (ιι
1353 5052 1624 5125 quaerunt
1672 5044 1813 5107 inde
1861 5054 2096 5123 gustare

454 5136 831 5200 dulcissimos
899 5133 1417 5214 contemplationis
1488 5133 1718 5196 latices.
1779 5132 1838 5195 Si
1894 5143 2092 5197 autem

451 5225 606 5288 absit
625 5223 965 5305 hujusmodi
995 5242 1126 5303 pax,
1172 5241 1292 5283 non
1326 5231 1540 5303 potest.
1573 5221 1685 5294 Qui
1712 5221 1871 5285 enim
1903 5221 2089 5285 facul-

454 5323 603 5377 tates
632 5313 844 5376 animaa
887 5311 1111 5374 fmdere
1161 5313 1621 5393 conjunguntur,
1652 5311 1748 5374 hic
1778 5311 1855 5374 ad
1899 5311 2098 5374 conti-

455 5422 633 5467 nuam
657 5403 987 5466 orationem
1022 5400 1277 5463 feliciter
1307 5400 1603 5481 pervenit.

2257 4155 2357 4215 06'.
2421 4156 2662 4214 Ἀένναον
2718 4164 3025 4237 προσευχὴν
3109 4156 3314 4222 ἐκείνην
3393 4156 3536 4213 εἶναι
3595 4158 3813 4233 γίνωσκε

2176 4244 2447 4327 ἁσιραλῶς,
2494 4248 2593 4314 τὴν
2623 4246 2700 4321 μὴ
2729 4245 2996 4324 λήγουσαν
3052 4244 3158 4301 ἀπὸ
3201 4246 3301 4310 τῆς
3349 4248 3533 4324 ψυχῆς
3591 4242 3680 4300 διὰ
3724 4245 3821 4301 πέ-

2176 4357 2274 4401 σης
2299 4334 2497 4412 ἡμέρας
2527 4356 2584 4390 τε
2615 4335 2701 4390 καὶ
2731 4334 2916 4397 νυκτός
2950 4348 2965 4363 ⁸
3007 4331 3124 4399 ἥτις
3151 4333 3243 4389 οῦκ
3272 4332 3326 4387 ἒν
3358 4332 3566 4389 ἐκτάσει
3596 4339 3818 4413 χειρῶν,

2176 4423 2211 4491 ἢ
2253 4423 2574 4501 παραστάσει
2605 4423 2874 4503 σώματος,
2907 4422 2995 4478 καὶ
3024 4419 3267 4500 γλώττης
3300 4419 3440 4501 ἕχῳ,
3484 4433 3602 4485 τοῖς
3635 4423 3820 4500 ὁρῶσιν

2181 4513 2362 4590 ὁρᾶται
2395 4529 2409 4544 ·
2444 4507 2561 4566 ἀλλ’
2596 4510 2650 4565 ἐν
2680 4517 2834 4591 νοερᾷ
2877 4507 3086 4591 μελήτη
3130 4510 3231 4576 τῆς
3277 4516 3369 4565 τοῦ
3398 4511 3517 4571 νοὸς
3550 4508 3817 4588 ἐργασίας,

2178 4586 2265 4656 καὶ
2293 4599 2386 4667 τῆς
2413 4605 2503 4656 τοῦ
2542 4607 2671 4658 Θεοῦ
2700 4586 2918 4675 μνήμης
2948 4595 3016 4653 δι’
3066 4586 3321 4673 ἓπιμόνου
3348 4586 3676 4662 κατανύξεως
3707 4586 3820 4662 τοῖς

2181 4711 2265 4745 vos
2278 4701 2324 4744 ἵν
2357 4686 2514 4745 εἰδότι
2553 4700 2783 4749 νοεῖται.

2260 4766 2357 4836 οε’.
2433 4777 2655 4834 Δύναταί
2720 4798 2797 4842 τις
2853 4777 2933 4833 ἀεὶ
2987 4774 3342 4856 προσανέχειν
3395 4774 3561 4853 εὖχῇ,
3618 4775 3819 4833 ὁπόταν

2178 4866 2297 4929 τοὺς
2350 4866 2535 4924 ἑαυτοῦ
2580 4865 2863 4943 λογισμοὺς
2924 4864 3378 4943 ὲπισυνηγμένους
3429 4860 3536 4941 ἔχη
3580 4864 3696 4941 περὶ
3723 4864 3822 4931 τὴν

2175 4954 2459 5033 ἡγεμονίαν
2516 4961 2607 5012 τοῦ
2661 4956 2800 5031 νοὸς,
2859 4952 2913 5009 ἐν
2966 4954 3149 5031 εἰρήνῃ
3208 4954 3297 5009 καὶ
3348 4948 3592 5023 εὐλαϐείᾳ
3620 4949 3818 5029 πολλῇ,

2177 5047 2245 5102 τὰ
2288 5043 2423 5121 βάθη
2466 5050 2558 5101 τοῦ
2580 5051 2711 5102 Θεοῦ
2753 5043 3147 5121 ἀνορύττοντας,
3194 5043 3278 5120 ραὶ
3308 5048 3591 5111 ζητοῦντας
3626 5038 3826 5097 ἐκεῖθεν

2175 5134 2455 5212 γεύσασθαι
2485 5134 2544 5188 τὸ
2587 5129 2908 5209 γλυκύτατον
2938 5136 3079 5206 νᾶμα
3108 5133 3206 5198 τῆς
3235 5127 3475 5207 θεωρίας.
3510 5128 3736 5207 Εἰρήνης
3765 5126 3823 5184 δὲ

2174 5221 2418 5288 τοιαύτης
2464 5221 2724 5298 ἀπούσης,
2753 5221 2810 5277 οῦ
2838 5216 3074 5280 δύναται.
3118 5216 3185 5274 Εἴ
3233 5239 3334 5274 τινι
3364 5216 3548 5296 γὰράἱ
3602 5218 3822 5297 ψυχικαὶ

2181 5309 2423 5385 δυνάμεις
2454 5308 2536 5366 διὰ
2564 5311 2810 5388 γνὼσεως
2839 5304 3174 5387 σπένδονται,
3204 5311 3374 5379 τούτῳ
3398 5306 3489 5362 καὶ
3517 5305 3554 5373 ἡ
3581 5301 3824 5374 διηνειης

2182 5399 2460 5478 προσευχὴ
2491 5399 2834 5476 κατωρθώθη.

3971 431 3975 491 ἱ

3976 560 3981 679 l

3984 748 3987 815 l

3979 5300 3981 5307 Α

3975 5577 3978 5623 l
