4052 6134
1202 138 1209 149 1

252 197 371 261 9'69
1181 196 1720 265 GNOSTICORUM
1763 192 2098 264 CAPITUM
2141 202 2536 270 GENTURIA
2579 206 2688 271 ΠΙ.
3507 186 3631 277 οτο

243 331 530 411 ἀμήχανον
585 331 853 398 τεύξασθαι
913 335 1002 389 τὸν
1055 331 1366 406 σπουδαῖον,
1425 335 1470 389 εἰ
1526 333 1602 409 μὴ
1631 334 1879 413 πρότερον

1988 347 2056 391 us
2077 348 2325 411 capaces
2346 333 2575 414 sumus)
2599 352 2724 397 non
2752 341 2945 416 potest
2962 338 3244 420 consequi
3280 338 3371 403 vir
3398 340 3614 419 bonus,

243 423 345 484 τῆς
388 420 805 498 ἐπιπροσθούσης
834 421 938 479 τῶν
973 429 1151 479 κακῶν
1200 421 1342 487 ἰλύος
1384 420 1468 479 διά
1510 420 1742 501 δακρύων
1767 425 1890 501 θερ-

1982 421 2112 500 quin
2142 422 2303 501 prius
2333 422 2650 487 officientis
2707 425 3002 488 malorum
3034 427 3143 489 luti
3172 428 3606 495 deformitatem

245 512 362 581 μῶν
416 508 518 575 τὴν
568 508 829 589 ἀμορφιαν
885 509 1324 584 ἀποσκευάσεται,
1376 511 1465 566 γαὶ
1528 515 1628 576 τῆς
1682 513 1888 589 {spong-

245 595 365 671 γίας
395 593 587 670 ἅψεται
607 581 731 654 τῶν·
764 600 917 676 ἱερῶν
966 608 1058 657 τοῦ
1106 581 1330 677 Χριστοῦ
1371 598 1622 658 ἐντολῶν.
1682 581 1888 660 ’Ἄλλως

245 684 346 764 γὰρ
387 683 442 742 ἐν
511 688 758 761 μετουσίᾷ
812 694 918 745 τῶν
975 687 1285 767 ἀποῤῥήτων
1340 698 1434 749 τοῦ
1494 697 1626 748 Θεοῦ
1678 689 1889 767 ἀγαθῶν

246 772 485 849 γενέσθαι
528 784 734 850 τοῦτον,
780 773 1052 838 ἀδύνατον.
1114 769 1174 832 (Ω
1222 779 1328 857 γὰρ
1369 778 1635 853 ἐπιθυμιίν
1690 776 1882 854 γεύσα-

247 864 365 918 σθαι
422 868 521 929 τῆς
580 866 724 928 θειας
781 866 973 945 νοερῶς
1042 872 1149 922 τῶν
1206 872 1400 945 νοερῶν
1452 865 1777 944 γλυκύτητός
1830 886 1888 922 τε

246 951 335 1005 καὶ
362 948 582 1032 ἡδονῆς,
627 954 803 1020 πάσης
836 952 1109 1029 ἀποδημεῖ
1150 956 1248 1021 τῆς
1304 962 1395 1011 τοῦ
1437 954 1639 1029 κόσμου
1665 952 1888 1010 καθόλου

247 1039 565 1120 αἰσθήσεως,
596 1043 683 1097 καὶ
725 1047 794 1118 τῇ
846 1042 1018 1120 ἐφέσει
1047 1049 1153 1099 τῶν
1181 1043 1546 1118 ἀποκειμένων
1571 1055 1687 1105 τοῖς
1718 1043 1885 1119 ἁγίοις

248 1126 481 1205 ἀγαθῶν,
513 1128 568 1184 ἐν
596 1136 664 1207 τῇ
691 1133 880 1210 θεωρίᾳ
907 1139 1012 1189 τῶν
1041 1130 1205 1189 ὄντων
1235 1130 1629 1212 ἀδολεσχοῦσαν
1650 1129 1768 1211 ἔχει
1788 1131 1887 1198 τὴν

246 1213 376 1273 ἰδίαν
402 1218 619 1297 ψυχήν.

327 1296 429 1366 λε’.
463 1296 535 1364 Τὸ
576 1307 675 1375 τὴν
706 1306 914 1375 θεοειδῆ
943 1309 1268 1389 ἀφομοίωσιν
1293 1307 1644 1366 ἀναλλοίωτον
1673 1311 1885 1374 ἑαυτοῖς

1971 509 2178 571 calidis
2208 513 2463 573 excutiat
2494 512 2793 593 lacrymis,
2854 514 2968 595 piae
2996 515 3299 579 adhereat
3329 518 3613 583 observa-

1973 596 2119 658 tioni
2144 617 2448 661 sacrorum
2500 598 2716 663 Christi
2771 603 3207 668 mandatorum.
3262 604 3422 668 Alias
3450 606 3610 669 enim

1968 684 2031 746 in
2054 688 2589 751 communicatione
2606 689 2994 752 ineﬂ'abilium
3035 690 3145 753 Dei
3167 691 3458 756 bonorum
3478 710 3613 760 esse

1971 791 2087 862 non
2120 782 2331 853 potest.
2365 774 2477 848 Qui
2520 775 2681 838 enim
2737 777 2901 858 cupit
2956 788 3197 855 gustare
3227 779 3617 862 spiritualiter

1970 860 2360 940 spiritualium
2392 864 2772 927 dulcedinem
2799 876 2859 927 et
2884 860 3273 947 voluptatem,
3323 867 3398 930 ab
3450 870 3612 933 omni

1970 951 2230 1030 perfecte
2274 954 2523 1017 exsultat
2559 974 2738 1017 sensu
2768 956 3092 1035 mundano,
3144 976 3211 1020 ac
3258 956 3612 1024 desiderans

1970 1039 2125 1101 bona
2145 1050 2380 1104 sanctos
2404 1045 2724 1120 manentia,
2750 1044 2812 1105 in
2862 1045 3366 1127 contemplatione
3386 1048 3610 1112 entium

1969 1145 2135 1191 suam
2165 1132 2421 1194 animam
2454 1132 2667 1211 nugari
2697 1131 3043 1196 arbitratur.

2047 1304 2605 1372 35.1mmutabilem
2633 1307 2696 1371 in
2726 1326 2791 1372 se
2818 1320 3175 1373 conservare
3194 1310 3309 1375 Dei
3328 1309 3612 1375 similitu-

248 1390 586 1472 διατηρῆσαι,
617 1397 716 1462 την
754 1394 805 1460 ἐξ
834 1396 1122 1476 ἐκροτάτης
1152 1397 1527 1475 ἐπιγινομένην
1566 1401 1887 1478 καθαρσεως,

1982 1392 2195 1470 dinem,
2229 1412 2462 1457 summa
2482 1397 2829 1477 acquisitam
2848 1398 3259 1478 purificatione
3299 1418 3368 1463 ac
3400 1416 3613 1480 magno

247 1482 337 1538 καὶ
366 1482 577 1559 ἀγάπης
605 1483 812 1552 πολλῆς
842 1493 933 1542 τοῦ
964 1494 1116 1567 Θεοῦ,
1151 1487 1318 1562 μόνης
1350 1486 1458 1542 ἐστὶ
1498 1492 1599 1553 τῆς
1641 1489 1772 1565 πρὸς
1801 1488 1892 1543 τὸν

1982 1480 2080 1542 Dei
2097 1499 2299 1544 amore
2319 1484 2603 1564 competit
2622 1486 2997 1548 solummodo
3019 1487 3318 1550 continuae
3329 1487 3400 1549 ad
3423 1491 3614 1553 Deum

250 1572 382 1627 Θεὸν
427 1570 697 1638 διηνεκοῦς
740 1573 1088 1649 ἀνανεύσεως,
1148 1574 1270 1641 ἥτις
1326 1574 1645 1652 ἐπιγίνεσθαι
1692 1574 1890 1655 πέφυκε

1982 1568 2282 1630 elevationi
2313 1571 2643 1652 oculorum,
2704 1579 2763 1634 et
2819 1573 3043 1635 sedulae
3100 1574 3317 1636 mentis
3362 1574 3435 1636 ad
3467 1591 3617 1639 con-

249 1664 319 1734 τῇ
350 1662 527 1738 ψυχῇ,
577 1661 683 1717 ἀπὸ
710 1666 807 1727 τῆς
836 1662 1087 1739 ἐπιμόνου
1128 1670 1234 1720 τῶν
1277 1663 1474 1741 ἀρετῶν
1502 1664 1755 1743 ἡσυχίας,
1786 1664 1891 1720 ἀπὸ

1982 1658 2417 1737 templationem
2445 1660 2845 1740 applicationi.
2895 1679 3027 1741 quae
3047 1662 3263 1724 animm
3282 1661 3616 1726 innascitur

249 1750 350 1813 τῆς
381 1746 542 1805 ἁύλου
597 1750 684 1804 καὶ
725 1748 1056 1829 ἀρεμϐάστου
1105 1754 1194 1808 καὶ
1246 1750 1516 1819 διηνεκοῦς
1558 1758 1888 1832 προσευχῆς,

141 1838 151 1845 ’
250 1833 356 1891 ἀπὸ
383 1838 481 1924 τῆς
510 1835 735 1893 καθόλου
766 1837 1092 1922 ἐγκρατείας,
1123 1843 1210 1897 καὶ
1239 1841 1606 1920 τήςρυντόνου
1625 1841 1744 1924 τῶν,
1762 1846 1892 1920 Γρα-

249 1928 363 2002 φῶν
405 1923 775 2003 ἀναγνώσεως.

330 2090 465 2175 λς’.
512 2105 585 2160 Οῦ
626 2104 687 2159 τὸ
730 2105 804 2167 εἰς
858 2105 1070 2181 εἰρήνην
1129 2105 1288 2180 μόνον
1316 2103 1490 2163 ἐλθεῖν
1533 2110 1638 2161 τῶν
1669 2105 1722 2164 ἐν
1754 2108 1890 2182 ἡμῖν

251 2186 543 2270 δυνάμεων,
575 2189 811 2248 σπεύδειν
840 2194 950 2272 χρή
986 2212 1000 2225 ’
1037 2190 1173 2248 ἀλλὰ
1199 2195 1287 2249 καὶ
1316 2195 1378 2250 τὸ
1410 2195 1483 2258 εἷς
1515 2194 1672 2251 πόθον
1700 2196 1889 2275 φθάσαι

250 2282 348 2344 τῆς
377 2286 559 2357 νοερᾶς
589 2280 930 2345 ἀναπαύσεως
967 2296 980 2310 ⁸
1043 2278 1163 2346 ἥτις
1206 2287 1381 2338 πᾶσαν
1422 2279 1591 2355 ¹οἷδην
1622 2281 1707 2338 ἐπ’
1750 2283 1889 2362 ἀγα-

249 2370 365 2429 θοῖς
408 2367 581 2447 ἔφεσιν
611 2367 695 2425 δια
737 2369 977 2447 γαλήνης
1032 2369 1395 2426 ἀπαναπαύειν
1454 2373 1558 2426 τῶν
1588 2369 1886 2449 λογισμῶν,

248 2457 337 2512 καὶ
378 2453 460 2511 δια
501 2461 599 2525 τῆς
631 2459 904 2537 οὐρανόθεν
945 2458 1345 2538 κατερχομένης
1384 2461 1525 2522 θείας
1555 2457 1759 2538 δρόσου,
1791 2462 1889 2529 τὴν

248 2544 583 2618 τετρωμένην
650 2548 821 2604 ἰᾶσθαι
890 2548 979 2602 καὶ
1020 2547 1315 2626 ἀναψύχειν
1357 2546 1590 2627 καρδίαν,
1651 2549 1756 2606 ἀπὸ
1797 2558 1890 2609 τοῦ

249 2634 410 2710 πυρὸς
435 2641 525 2690 τοῦ
554 2634 750 2692 ἀνωθεν
777 2633 1127 2712 βαλλομένου,
1162 2636 1251 2691 καὶ
1278 2635 1643 2712 ἀναπτομὲνου
1672 2638 1773 2693 ὑπὸ
1803 2644 1895 2695 τοῦ

251 2723 578 2795 Πνεύματος.

332 2806 393 2880 λζ
406 2799 435 2869 ⁸.
511 2811 582 2867 Oi)
636 2808 845 2866 δύναται
917 2813 989 2875 εἰς
1061 2806 1218 2888 βάθος
1286 2812 1586 2891 τρωθεῖσα’“
1615 2813 1769 2893 ψυχὴ
1816 2814 1894 2888 τῷ

253 2893 407 2975 "apth
462 2906 555 2955 τοῦ
597 2904 751 2970 Θεοῦ,
812 2900 947 2973 μετά
1001 2900 1099 2966 τήν
1144 2908 1321 2977 γεῦσιν
1376 2907 1481 2957 τῶν
1537 2907 1742 2967 νοητῶν
1792 2907 1891 2967 τῆς

252 2980 575 3060 γλυκύτητος
619 2985 779 3041 αὖτοῦ
820 2983 1063 3061 δωμεῶν,
1110 2985 1248 3051 ὅλως
1298 2985 1378 3066 ἐφ’
1425 2988 1617 3054 ἑαυτὴν
1645 2987 1890 3044 ἵστασθαι

249 3069 286 3137 ἢ
322 3072 497 3147 μένειν
527 3071 612 3129 ἐπὶ
653 3076 713 3129 τὸ
763 3075 888 3130 αὐτὸ
929 3076 1018 3131 καὶ
1070 3075 1147 3149 μὴ
1194 3077 1325 3154 πρδς
1368 3075 1433 3131 τὰ
1474 3076 1657 3154 πρόσω
1685 3077 1790 3133 τῶν
1820 3077 1892 3140 εἰς

288 3161 304 3185 ,
445 3162 457 3175 .
685 3163 696 3179 ,
1240 3149 1247 3152 ’
1284 3149 1311 3172 η
1492 3149 1527 3179 ι·
1612 3168 1625 3184 κ
1834 3171 1854 3180 -

252 3179 503 3238 ουρανους
535 3158 838 3218 ἀναϐασεων
869 3162 1248 3222 ἀνατείνεσθαι.
1303 3172 1424 3237 Οσῳ
1449 3186 1548 3244 γαρ
1576 3187 1669 3228 τος
1700 3165 1892 3231 ἑαυτης

251 3247 532 3313 ἀναϐάσεις
561 3248 765 3325 ἀμείϐει
795 3248 880 3307 διὰ
904 3259 997 3309 τοῦ
1025 3252 1351 3327 Πνεύματος,
1382 3254 1470 3309 καὶ
1526 3253 1610 3309 ἐπὶ
1623 3255 1717 3328 ξτα
1757 3254 1893 3330 βάθη

252 3353 428 3417 χωρεῖ
483 3338 576 3396 τοῦ
619 3346 770 3414 Θεοῦ,
816 3343 1050 3414 τοσούτῳ
1107 3339 1305 3419 πυρπο)
1317 3353 1456 3397 εἷται
1502 3347 1580 3417 τῷ
1633 3344 1752 3421 πυρὶ
1792 3347 1890 3409 τῆς

253 3425 503 3505 ἐφέσεως,
551 3429 640 3484 καὶ
688 3431 792 3484 τῶν
840 3428 915 3484 ἔτι
943 3428 1235 3507 βαθυτέρων
1266 3432 1423 3487 αὐτοῦ
1478 3431 1776 3510 μυστηρίων
1830 3433 1891 3487 τὸ

254 3515 474 3592 μέγεθος
506 3515 707 3595 ἐρευνᾷ,
741 3517 826 3572 καὶ
855 3515 1147 3584 πλησιάσαι
1176 3523 1254 3590 τῷ
1297 3520 1540 3597 μακαρίῳ
1568 3521 1702 3599 φωτὶ
1729 3541 1892 3576 κατε-

252 3604 522 3680 πείγεται,
561 3602 679 3661 ἔνθα
698 3610 844 3660 πᾶσα
875 3608 987 3668 νοὸς
1032 3604 1241 3668 ’ἐκτασις
1282 3603 1523 3663 ἵσταται·
1556 3609 1649 3664 ’ἕνα
1668 3609 1767 3675 τὴν
1788 3612 1890 3665 τῶν

252 3689 392 3748 ἰδίων
452 3690 661 3771 δρόμων
725 3694 1051 3752 κατάπαυσιν
1111 3693 1165 3750 ἐν
1217 3696 1503 3773 εὐφροσύνῃ
1575 3696 1891 3773 καταπαύσῃ

252 3778 487 3858 καρδίας.

330 3859 448 3936 λη’.
496 3861 754 3938 Ὀπηνίκα
808 3871 1022 3949 γένηταὶ
1076 3894 1156 3937 τις
1211 3874 1266 3930 ἐν
1309 3874 1558 3949 μετουσίᾳ
1608 3880 1699 3930 τοῦ
1742 3874 1891 3951 ἁγίου

251 3958 581 4032 Πνεύματος,
653 3959 741 4014 καὶ
808 3969 906 4026 τήν
962 3959 1300 4040 ἐπιφοίτησιν
1352 3962 1535 4017 τούτου
1603 3959 1685 4017 διό
1749 3981 1891 4023 τινος

249 4046 476 4126 ἀῤῥήτου
528 4048 584 4104 ἐν
640 4049 813 4123 ἐαυτῷ
872 4057 983 4127 γνῷ
1050 4051 1308 4131 ἐνεργείας
1363 4053 1453 4109 καὶ
1517 4049 1756 4126 εάωδίας,
1818 4054 1893 4115 ὡς

256 4132 554 4217 διατρέχειν
584 4136 681 4203 τὴν
710 4135 927 4197 εὐωδίαν
957 4138 1113 4203 αὖτοῦ
1160 4143 1248 4198 καὶ
1294 4142 1431 4198 κατά
1471 4140 1569 4207 τὴν
1626 4147 1719 4197 τοῦ
1777 4141 1890 4197 σώ-

1975 1762 2009 1807 e
2038 1748 2329 1808 constanti
2373 1749 2650 1810 virtutum
2685 1749 2908 1830 quiete,
2944 1767 3016 1811 ex
3043 1749 3310 1812 oratione
3339 1750 3623 1812 continua

1974 1844 2031 1897 et
2062 1835 2240 1898 rebus
2269 1856 2387 1899 non
2416 1838 2696 1901 distracta
2724 1839 3152 1920 materialibus,
3181 1856 3251 1901 ex
3294 1837 3616 1902 universali

1972 1928 2386 2006 temperantia,
2445 1935 2503 1988 et
2558 1945 2629 1990 ex
2710 1927 2951 1990 assidua
3030 1925 3466 2009 Scripturarum
3521 1926 3613 1990 le—

1972 2013 2189 2077 ctione.

2054 2104 2153 2168 36.
2178 2106 2310 2169 Non
2340 2105 2701 2168 studendum
2732 2111 2823 2167 est
2850 2111 3076 2168 tantum
3109 2103 3419 2185 pervenire
3440 2102 3618 2167 ad‘fa-

1972 2192 2253 2255 cultatum
2307 2204 2636 2256 nostrarum
2688 2211 2914 2272 pacem,
2978 2193 3083 2255 sed
3143 2193 3322 2256 etiam
3377 2192 3618 2275 assequi

1972 2281 2295 2360 spiritualis
2324 2283 2586 2344 studium
2619 2282 2863 2363 quietis,
2917 2300 3049 2362 quae
3101 2300 3281 2345 omne
3315 2281 3606 2344 bonorum

1972 2367 2334 2430 desiderium
2357 2370 2552 2450 explet
2584 2388 2688 2449 per
2712 2369 3134 2447 cogitationum
3168 2388 3397 2450 pacem,
3430 2378 3490 2432 et
3508 2387 3619 2451 per

1975 2457 2204 2517 coalitus
2248 2457 2458 2537 pluens
2487 2458 2755 2520 divinum
2779 2476 2879 2519 ros
2910 2458 3277 2520 vulneratum
3308 2476 3413 2520 cor
3441 2466 3613 2520 sanat

1970 2552 2030 2605 et
2056 2544 2368 2624 refrigerat
2397 2545 2469 2607 ab
2497 2546 2635 2625 igne
2660 2547 2918 2627 desuper
2964 2547 3185 2610 emisso
3216 2554 3276 2610 et
3300 2563 3554 2610 accenso
3582 2565 3619 2609 a

1977 2630 2203 2713 Spiritu
2233 2641 2461 2698 sancto.

2055 2809 2154 2871 37.
2189 2809 2318 2872 Non
2377 2817 2567 2891 potest
2621 2810 2859 2891 penitus
2910 2810 3217 2874 vulnerata
3267 2810 3379 2873 Dei
3406 2826 3611 2874 amore

1973 2898 2188 2974 anima,
2250 2908 2556 2979 postquam
2616 2900 2862 2978 gustavit
2902 2900 3233 2982 spiritualia
3280 2899 3619 2962 dulcedinis

1972 2987 2107 3066 ejus
2136 2985 2315 3062 bona,
2350 2993 2592 3049 omnino
2623 2989 2931 3050 immotam
2962 2998 3142 3069 stare,
3175 2989 3265 3051 vel
3300 2987 3623 3050 manerein

1974 3076 2189 3138 eodem
2213 3085 2362 3136 statu
2394 3094 2505 3138 nec
2533 3096 2640 3157 per
2663 3096 3016 3157 progressus
3047 3086 3106 3139 et
3136 3077 3522 3139 ascensiones
3544 3075 3620 3138 ad

1975 3165 2166 3226 Deum
2204 3165 2474 3230 tendere.
2533 3164 2827 3237 Quantum
2888 3166 3047 3227 enim
3078 3181 3217 3227 suas
3244 3165 3627 3227 ascensiones

1978 3260 2268 3330 permutat
2299 3273 2403 3334 per
2437 3254 2724 3334 Spiritum
2773 3262 3065 3331 sanctum,
3127 3263 3185 3317 et
3232 3254 3294 3315 in
3327 3254 3622 3335 profunda

1974 3343 2082 3405 Dei
2113 3343 2419 3419 mergitur,
2453 3351 2678 3404 tantum
2734 3345 3083 3406 accenditur
3136 3343 3274 3423 igne
3301 3342 3633 3418 desiderii,.

1974 3444 2031 3491 et
2062 3432 2254 3492 adhuc
2282 3434 2553 3492 altiorum
2605 3431 2765 3492 illius
2813 3431 3226 3511 mysteriorum
3260 3430 3617 3508 magnitudi-

1974 3537 2110 3580 nem
2145 3529 2456 3589 scrutatur,
2514 3529 2572 3581 et
2620 3519 2892 3600 proprius
2938 3519 3226 3582 accedere
3273 3518 3511 3580 festinat
3538 3518 3613 3580 ad

1975 3606 2205 3669 beatum
2237 3608 2452 3687 lucem,
2499 3607 2601 3668 ubi
2643 3608 2840 3668 omnis
2867 3607 3052 3668 animi
3082 3615 3287 3688 raptus
3313 3605 3607 3686 consistit,

1974 3704 2039 3757 ut
2070 3695 2291 3775 proprii
2320 3713 2527 3757 cursus
2554 3696 2823 3777 requiem
2883 3697 2945 3757 in
2975 3697 3174 3758 cordis
3203 3694 3415 3775 gaudio
3445 3695 3610 3757 acci-

1976 3784 2117 3864 piat.

2054 3872 2151 3934 38.
2187 3871 2335 3934 Cum
2366 3871 2621 3951 Spiritus
2667 3872 2854 3933 sancti
2904 3873 2970 3933 ﬁt
3023 3873 3240 3954 aliquis
3290 3873 3610 3952 particeps,

1974 3963 2215 4041 ejusque
2246 3961 2617 4041 praesentiam
2641 3979 2747 4041 per
2776 3961 3032 4022 infusum
3064 3962 3125 4022 in
3156 3979 3221 4023 se
3252 3959 3613 4023 ineffabilem

1975 4049 2290 4132 quemdam
2313 4050 2571 4128 vigorem
2585 4060 2641 4111 et
2659 4049 2876 4111 bonum
2895 4048 3137 4111 odorem
3154 4049 3540 4129 agnoscit,ita
3552 4055 3618 4110 ut

1973 4138 2169 4200 suavis
2195 4138 2353 4199 illius
2383 4137 2700 4216 fragrantia
2741 4138 2929 4218 ipsam
2983 4145 3291 4218 percurrat
3345 4138 3617 4217 corporis

251 4247 418 4301 ματος
471 4224 797 4306 ἐπιφάνειαν,
869 4236 1159 4294 τηνικαῦτα
1215 4230 1391 4306 μένειν
1461 4232 1491 4286 ὁ
1544 4238 1781 4293 τοιοῦτος
1838 4228 1892 4285 ἐν

1982 4236 2257 4309 speciem,
2283 4236 2419 4288 tunc
2439 4226 2540 4288 ille
2561 4226 2818 4287 virintra
2855 4226 3075 4288 limites
3114 4234 3342 4288 natura!
3368 4244 3616 4288 manere

250 4311 395 4393 ὅροις
452 4315 656 4394 φύσεως
713 4324 805 4374 τοῦ
867 4313 1060 4373 λοιποῦ
1110 4318 1203 4375 οὒκ
1257 4318 1554 4399 ἀνέχεται·

247 4410 420 4478 καλὴν
488 4411 768 4487 ἀλλοίωσιν
827 4418 924 4480 τῆς
981 4412 1158 4479 δεξιᾶς
1204 4422 1294 4473 τοῦ
1353 4407 1601 4491 Ὑψίστου
1658 4414 1892 4473 ἀλλοιω-

248 4501 376 4579 θεὶς,
463 4498 861 4558 ἐπιλανθάνεται
942 4503 1166 4583 τροφῆς,
1250 4503 1433 4579 ὕπνου,
1518 4508 1896 4582 κατευμεγεθετ

249 4594 594 4664 σωματικῶν,
679 4595 988 4665 σωματικῆς
1071 4591 1260 4670 ἀλογεῖ
1342 4592 1683 4658 ἀναπαύσεως
1720 4610 1733 4624 ⁸
1808 4593 1896 4649 καὶ

251 4675 385 4743 ὅλην
425 4676 524 4744 τὴν
577 4678 781 4758 ἡμέραν
837 4679 891 4736 ἐν
934 4680 1120 4744 κόποις
1179 4680 1276 4762 ὢν,
1321 4684 1410 4738 καὶ
1451 4680 1661 4761 ἱδρῶσιν
1717 4683 1896 4750 ἀσκη-

252 4778 450 4846 νικοῖς,
482 4766 648 4823 κόπου
697 4770 863 4841 τινὸς,
924 4768 960 4837 ἢ
1010 4773 1235 4849 φυσικης
1292 4772 1529 4849 ἀνάγκης
1588 4773 1683 4829 οὒκ
1737 4774 1897 4829 ἐπαι-

252 4855 519 4935 σθάνεται,
579 4856 764 4923 πείνης
837 4856 874 4924 ἢ
944 4854 1128 4934 δίψης,
1186 4859 1400 4940 gmw“
1428 4863 1516 4917 καὶ
1570 4864 1672 4918 τῶν
1726 4859 1901 4917 ἄλλων

252 4948 352 5010 τῆς
408 4943 612 5024 φῦσεως
682 4944 930 5024 ἀναγκῶν
965 4964 981 4984 ο
1053 4946 1336 5027 ἐκκέχυται
1403 4950 1502 5028 γὰρ
1560 4950 1797 5029 ἀοράτως
1864 4953 1898 5019 ἦ

253 5031 440 5109 ἀγάπη
472 5038 566 5089 τοῦ
597 5040 729 5091 Θεοῦ
777 5035 913 5109 μετά
965 5041 1138 5115 χαρᾶς
1204 5035 1428 5115 ἆῤῥήτου
1486 5036 1540 5093 ἐν
1594 5044 1663 5105 τῆ
1719 5037 1902 5118 καρδίᾳ

256 5122 415 5179 αὐτοῦ
444 5136 464 5157 ⁶
549 5122 637 5177 καὶ
701 5119 833 5188 ὅλην
917 5124 1015 5191 τὴν
1090 5124 1248 5180 νύκτα
1324 5125 1379 5180 ἐν
1429 5134 1686 5207 φωτισμῷ
1739 5130 1901 5206 πυρὸς

254 5205 630 5288 διακαρτερῶν,
713 5212 813 5277 τὴν
896 5212 1077 5293 ωεράν
1156 5212 1209 5268 ἐν
1293 5205 1573 5290 σωματικῇ
1641 5205 1903 5293 γυμνασία

256 5295 501 5384 ἐργασίαν
562 5298 858 5379 ἐργάζεται,
943 5302 1030 5357 καὶ
1099 5305 1198 5368 τῆς
1272 5302 1532 5360 ἀθανάτου
1603 5310 1904 5384 κατατρυιρᾷ

256 5383 569 5449 πανδαισίας
640 5392 744 5441 τῶν
815 5387 1086 5445 ἀθανάτων
1161 5396 1255 5447 τοῦ
1334 5400 1524 5457 νοητοῦ
1591 5383 1904 5469 παραδείσου

593 5568 859 5631 ΡΑτειοι..
894 5570 1006 5632 Gn.
1055 5570 1239 5638 CXX.

1616 4317 1753 4375 ἀλλὰ
1794 4318 1891 4386 τὴν
1969 4318 2094 4397 jam
2108 4335 2223 4377 non
2239 4324 2449 4395 potest,
2465 4316 2565 4376 sed
2588 4315 2833 4394 pulchra
2852 4315 3177 4378 mutatione
3192 4333 3299 4396 per
3311 4315 3617 4377 dexteram

1976 4405 2083 4466 Dei
2105 4420 2461 4479 conversus;
2491 4401 2856 4464 obliviscitur
2881 4403 3001 4465 cibi
3034 4414 3094 4465 et
3123 4403 3343 4479 somni,
3366 4403 3622 4484 despicit

1978 4492 2329 4570 corporalia,
2354 4509 2699 4570 corpoream
2724 4490 2970 4570 negligit
2989 4491 3284 4572 requiem,
3315 4501 3622 4572 totamque

1978 4580 2136 4643 diem
2169 4580 2228 4640 in
2260 4578 2561 4640 laboribus
2615 4598 2797 4657 agens
2852 4581 3290 4660 sudoribusque
3319 4581 3617 4655 asceticis,

1979 4672 2197 4732 nullam
2230 4667 2737 4746 defatigationem,
2785 4669 3008 4730 nullam
3038 4677 3263 4730 naturae
3293 4666 3620 4729 necessita-

1980 4766 2098 4819 tem
2130 4758 2328 4831 sentit,
2364 4775 2483 4817 non
2517 4756 2757 4838 famem,
2792 4775 2913 4818 non
2944 4757 3127 4831 sitim,
3163 4774 3280 4817 non
3315 4772 3616 4829 somnum,

1982 4870 2095 4913 nec
2118 4848 2403 4931 quidquid
2427 4857 2634 4910 natura
2677 4849 2973 4930 postulat:
3019 4847 3312 4928 siquidem
3345 4846 3621 4907 invisibi-

1983 4941 2119 5002 liter
2147 4939 2357 5000 dilTusa
2387 4945 2475 4998 est
2505 4938 2762 4999 cbaritas
2792 4937 2898 4999 Dei
2924 4956 3060 4999 cum
3088 4934 3377 4997 ineffabili
3407 4935 3622 5014 gaudio

1983 5029 2046 5090 in
2077 5028 2257 5089 corde
2288 5026 2449 5086 illius
2475 5047 2492 5103 ;
2524 5044 2592 5087 ac
2622 5034 2805 5087 totam
2835 5033 3070 5087 noctem
3102 5025 3162 5084 in
3194 5023 3625 5084 illuminatione

1984 5118 2136 5197 ignis
2149 5132 2455 5196 peragens.
2473 5114 2979 5175 intellectualesin
2992 5111 3285 5192 corporali
3306 5112 3628 5174 excercitu-

1986 5208 2147 5268 tione
2168 5202 2545 5285 open-itiones
2580 5202 2718 5264 facit
2755 5210 2814 5263 et
2840 5200 3161 5262 immortali
3191 5200 3450 5279 pascitur
3476 5217 3627 5262 con-

1986 5296 2133 5356 vivio
2153 5291 2577 5353 immortalium
2596 5290 2876 5351 arborum
2895 5288 3153 5371 paradisi
3185 5288 3532 5370 spiritualis,
3564 5289 3630 5351 in

1988 5403 2165 5469 quem
2197 5383 2413 5445 Paulus
2443 5388 2644 5461 raptus
2672 5378 2862 5440 audiit
2898 5395 3116 5442 arcana
3159 5377 3346 5441 verba
3373 5394 3504 5461 qum
3531 5378 3624 5441 lo-

3238 5560 3306 5625 31
