4052 6134
449 209 558 274 971

1732 219 2038 286 ΝΙΟΕΤιΕ
2081 222 2509 286 PECTORATI

3698 221 3801 284 972

447 343 551 424 qui
579 363 698 408 non
723 345 864 410 licet
892 348 1118 410 homini
1165 366 1365 410 rerum
1391 349 1715 413 visibilium
1747 354 1950 415 sensui
1980 350 2091 415 de-

2186 359 2387 433 pw1c6v.
2421 356 2510 418 Εἰς
2539 355 2597 410 ὃν
2639 356 2726 411 καὶ
2756 352 2962 418 Παῦλος
3013 354 3206 434 ἀρθεὶς,
3238 352 3453 411 ἔκαυσεν
3497 351 3690 431 ἅρῤητα
3717 352 3799 429 ῥή-

448 436 572 499 dito
598 437 683 499 93.

532 615 632 680 39.
674 615 874 678 Semel
907 635 1124 699 corpus
1153 620 1289 699 igne
1321 623 1542 682 ascesis
1571 622 1881 684 incensum
1913 630 1972 684 et
2001 622 2090 683 la-

448 722 782 784 crymarum
803 725 955 786 aqua
975 706 1344 781 immersum,
1373 729 1491 772 non
1521 711 1828 772 laboribus
1857 728 2088 771 rursum

449 792 812 870 debilitatur,
842 814 974 855 cum
1008 797 1206 857 multis
1234 799 1548 860 sudoribus
1573 800 1747 861 ﬁnem
1779 799 2081 879 imposuit,

448 891 653 964 utpote
681 887 956 965 superius
980 888 1251 966 practica
1270 890 1656 951 sollicitudini
1679 891 1892 951 factum
1929 910 1944 970 ;
1981 889 2084 950 sed

449 973 934 1054 tranquillitatem
955 977 1537 1056 pacisquesilentium
1558 979 1713 1041 intus
1727 978 2083 1058 suspiciens,

2174 463 2336 521 ματα,
2371 443 2402 497 ἃ
2431 445 2524 500 οὒκ
2565 441 2677 508 ἐξὸν
2721 443 2977 522 ἀνθρώπῳ
3025 443 3267 518 ἀκοῦσαι,
3316 449 3385 518 τῇ
3443 443 3679 511 αἰσθήσει
3707 447 3800 494 τῶν

2174 530 2458 612 ὁρωμένων
2488 533 2893 612 προσπάσχοντι
2905 577 2917 590 .

2251 603 2352 680 λθ’,
2393 603 2552 684 Ἅπαξ
2601 622 2663 675 τὸ
2716 603 2871 694 σῶμα
2927 621 3162 699 πυρωθὲν
3205 627 3282 695 τῷ
3337 621 3458 698 πυρὶ
3506 623 3605 686 τῆς
3642 618 3801 687 ἀσκή-

2175 727 2332 780 σεως,
2363 709 2451 764 καὶ
2481 715 2558 782 τῷ
2587 707 2732 765 ὕδατι
2787 709 2949 788 βαφέν
3007 714 3112 764 τῶν
3167 706 3424 787 δακρύων,
3472 711 3568 766 οὒκ
3597 705 3672 761 ἔτι
3698 719 3801 768 τοῖς

2168 795 2346 860 πόνοις
2394 794 2716 876 ἀμϐλύτερον
2769 799 2990 875 γίνεται,
3055 797 3162 853 τῶν
3213 795 3428 854 πολλῶν
3479 800 3804 851 καταπαῦσαν

2168 882 2420 960 ἱδρώτων,
2473 888 2546 948 ὡς
2605 886 2733 963 ὑπὲρ
2797 886 2893 952 τὴν
2950 883 3250 964 ἔμπρακτον
3305 886 3594 963 γενόμενον
3653 881 3802 949 δηλοο

2171 974 2279 1027 νότι
2325 971 2553 1043 σπουδήν
2585 989 2598 1002 ⁸
2635 973 2771 1028 ἀλλά
2827 975 3067 1051 γαλήνην
3097 974 3184 1029 καὶ
3229 975 3439 1040 σιωπὴν
3472 974 3686 1050 εἰρήνης
3727 969 3804 1025 δε-

450 1061 618 1122 novis
650 1063 1094 1143 majoribusque
1123 1066 1405 1145 impletur
1451 1067 1696 1141 viribus,
1746 1087 1894 1128 nova
1919 1067 2086 1127 forti-

450 1149 680 1225 tudine,
712 1171 863 1212 novo
895 1152 1153 1232 Spiritus
1185 1154 1422 1218 robore.
1477 1156 1620 1218 Cum
1669 1164 1864 1217 autem
1892 1155 2089 1216 anima

2170 1063 2390 1139 ξάμενον
2422 1063 2646 1138 ἔνδοθεν,
2678 1064 2879 1143 πλῆρες
2939 1063 3142 1140 μᾶλλον
3197 1063 3366 1131 ἄλλης
3415 1061 3689 1138 δυνάμεως
3728 1064 3805 1139 γί-

2169 1173 2338 1226 νεται,
2389 1153 2558 1220 ἄλλης
2619 1154 2874 1226 εὖτονίας,
2911 1152 3079 1220 ἄλλης
3129 1154 3311 1233 ἰσχύος
3355 1162 3446 1211 τοῦ
3490 1153 3804 1226 Πνεύματος,

451 1256 700 1318 corpore
732 1240 813 1300 ita
845 1241 958 1300 sibi
989 1251 1349 1321 cooperante
1378 1244 1543 1305 dives
1574 1253 1686 1324 est,
1720 1254 1778 1305 et
1800 1246 1912 1306 hoc
1935 1244 2096 1304 inve—

2186 1248 2422 1299 Τοιοῦτον
2473 1240 2528 1296 δὲ
2583 1243 2645 1298 τὸ
2703 1248 2979 1322 συνεργοῦν
3049 1243 3083 1308 ἡ
3128 1241 3282 1320 ψυχὴ
3337 1239 3809 1307 καταπλουτήσασα

451 1328 539 1388 nit
568 1329 643 1389 ita
677 1328 1060 1390 constitutum
1096 1338 1158 1390 ut
1189 1332 1553 1410 corporalem
1587 1343 1829 1412 superet
1858 1331 2090 1392 exerci-

2186 1335 2357 1404 σῶμα,
2388 1331 2476 1386 καὶ
2523 1331 2652 1409 ὑπὲρ
2707 1330 2806 1395 τὴν
2861 1329 3172 1404 σωματικὴν
3215 1328 3504 1407 γυμνασίαν
3563 1325 3807 1404 εὑραμένη

453 1416 762 1486 tationem,
802 1427 942 1478 tunc
972 1417 1045 1478 ad
1077 1417 1417 1496 spirituales
1447 1419 1632 1481 luctas
1663 1420 1950 1482 convertit
1980 1438 2088 1480 na-

2186 1418 2272 1482 τὴν
2345 1419 2528 1474 τούτου
2603 1418 2950 1496 κατάστασιν,
3025 1419 3098 1480 εἰς
3169 1417 3388 1483 νοητοὺς
3459 1415 3672 1492 ἀγῶνας
3725 1414 3807 1473 τὰς

454 1509 601 1564 tura
652 1512 868 1577 motus,
900 1512 957 1564 et
985 1505 1309 1583 spiritualia
1343 1525 1524 1585 opera
1553 1507 1816 1568 studiose
1841 1507 2085 1580 faciens,

2186 1507 2392 1585 ρυοικὰς
2445 1504 2793 1580 μεταλλάττει
2838 1508 3096 1575 κινήσεις,
3147 1506 3238 1561 καὶ
3291 1505 3387 1570 τὴν
3432 1505 3615 1582 νοερὰν
3671 1502 3807 1580 ἐργα-

451 1589 875 1653 immortalium
912 1592 1203 1668 lignorum
1265 1593 1376 1654 sibi
1435 1604 1740 1656 clinservat
1775 1596 1996 1656 fructus
2031 1595 2090 1655 in

2186 1604 2288 1649 τίαν
2318 1593 2477 1658 ὀξέως
2536 1594 2884 1672 ἐργαζομένη,
2948 1592 3201 1674 φυλάσσει
3255 1593 3360 1648 τῶν
3416 1592 3688 1648 ἀθανάτων
3714 1611 3806 1668 φυ-

452 1680 742 1760 Spirituali
803 1682 1095 1761 paradiso.
1155 1681 1323 1744 Unde
1380 1683 1608 1762 piarum
1663 1684 2084 1763 cogitationum

2186 1686 2273 1763 ἰῶν
2317 1683 2478 1758 ἑαυτῇ
2532 1684 2654 1746 τοὺς
2713 1683 2970 1762 καρποὺς,
3030 1681 3082 1737 ἐν
3139 1689 3214 1756 τῷ
3260 1688 3437 1756 νοητῷ
3499 1677 3805 1759 παραδείσῳ.

449 1755 585 1831 fons
615 1770 776 1832 ﬂuvii
804 1755 994 1831 instar
1023 1780 1232 1846 scatet,
1267 1779 1327 1832 et
1370 1755 1472 1832 ubi
1503 1771 1681 1832 arbor
1701 1755 1965 1833 scientia
1984 1771 2089 1832 Dei

2186 1755 2325 1831 "005v
2353 1776 2388 1841 ἡ
2627 1779 2734 1830 τῶν
2779 1755 3082 1854 θεοπρέπῶν
3128 1755 3417 1849 νοημάτων
3464 1755 3606 1829 κατά
3653 1791 3807 1826 ποτα-

453 1861 688 1920 crescit.
725 1860 924 1920 ferens
980 1859 1206 1922 fructus
1261 1859 1589 1939 sapientia,
1651 1860 1870 1940 gaudii,
1905 1860 2088 1940 pacis,

451 1945 854 2026 benignitatis,
872 1948 1151 2009 bonitatis
1168 1949 1652 2025 longanimitatis,
1678 1949 2094 2028 charitatisque

451 2035 792 2098 ineffabilis.
823 2035 920 2099 Sic
952 2037 1272 2116 diligenter
1327 2056 1603 2116 operans,
1669 2048 1728 2098 et
1755 2039 1839 2099 sic
1870 2038 2096 2099 fructus

454 2142 828 2191 conservans.
865 2125 982 2187 exit
1010 2144 1043 2185 a
1073 2144 1323 2206 corpore
1355 2134 1411 2186 et
1439 2126 1500 2186 in
1558 2127 1834 2206 mysteria
1865 2126 2094 2187 theolo-

453 2213 779 2293 giaintrat.
805 2214 1032 2277 Deinde
1053 2213 1126 2274 ab
1158 2214 1436 2275 omnibus
1467 2216 1791 2293 egreditur,
1833 2215 1935 2295 qui
1964 2233 2092 2275 eam

453 2302 604 2364 nihil
633 2303 955 2364 visibillum
985 2303 1343 2382 dominatur,
1375 2311 1431 2364 et
1458 2305 1580 2365 Deo
1612 2304 1946 2383 conjuncta,
1981 2303 2092 2364 de-

455 2391 596 2453 sinit
626 2410 660 2453 a
688 2391 988 2454 desiderio
1017 2393 1128 2470 (at.
1159 2391 1372 2470 luctu).

532 2657 634 2721 40.
666 2657 808 2722 Utra
863 2677 1000 2738 pars
1055 2659 1266 2732 nostri,
1328 2660 1667 2724 sciscitatur
1711 2659 1882 2732 ratio,
1921 2657 2095 2720 nobis

451 2746 646 2808 virtuti
674 2748 1070 2822 studentibus,
1100 2749 1310 2809 melior
1340 2759 1429 2811 est
1455 2749 1480 2809 ἲ
1505 2767 1654 2809 eane
1686 2767 1817 2829 qua
1847 2747 2096 2810 visibilis

454 2854 534 2931 an
553 2855 622 2898 ea
643 2856 773 2916 qua
796 2836 1187 2931 intelligibilis
1207 2845 1296 2931 est
1319 2838 1343 2896 ἵ
1385 2836 1608 2931 Sipars
1636 2837 1910 2931 visibilis,
1945 2836 2093 2931 nihil
2117 2881 2156 2931 Ο

458 2924 639 3004 igitur
663 2927 1043 3005 corruptibile
1064 2945 1180 2986 non
1205 2926 1317 2986 erit
1332 2925 1504 2986 nobis
1517 2927 1910 3006 appetendum
1931 2946 1997 2987 ac
2015 2925 2099 2986 di-

453 3014 783 3093 ligendum,
820 3033 931 3075 nec
954 3015 1068 3075 erit
1094 3014 1462 3093 prastautior
1491 3033 1740 3094 corpore
1771 3014 1989 3077 anima.
2035 3015 2096 3075 Si

452 3123 592 3166 vero
615 3123 722 3184 per
760 3103 1183 3181 intelligibilis:
1225 3128 1247 3157 ιι
1305 3100 1558 3181 Spiritus
1582 3115 1670 3164 est
1693 3102 1876 3177 Deus,
1909 3114 1969 3164 et
1997 3121 2099 3164 eos

456 3195 555 3274 qui
570 3194 817 3254 adorant
831 3212 989 3268 eum,
1007 3195 1062 3255 in
1084 3193 1295 3273 spiritu
1309 3201 1366 3253 et
1386 3193 1626 3253 veritate
1643 3193 2100 3272 oportetadora-

455 3283 644 3356 re94;o
669 3282 923 3363 ideoque
943 3283 1242 3362 superflua
1264 3290 1352 3341 est
1374 3281 1700 3360 corporalis
1722 3281 2095 3355 exercitatio,

455 3373 690 3452 quando
705 3373 854 3450 viget
870 3369 1289 3434 intellectualis
1301 3369 1514 3430 anima
1531 3370 1819 3450 operatio,
1836 3388 1964 3449 qua
1979 3388 2099 3430 mo-

456 3462 572 3522 lem
607 3461 884 3521 deorsum
945 3468 1286 3537 vergentem
1343 3458 1573 3532 allevat,
1633 3477 1882 3538 eamque
1914 3466 2096 3520 totam

455 3549 654 3611 reddit
674 3548 1040 3628 spiritualem
1066 3565 1134 3608 ex
1158 3547 1379 3608 unione
1401 3565 1534 3608 cum
1550 3554 1756 3608 natura
1777 3547 2090 3627 superiori.

536 3639 636 3700 4i.
671 3637 947 3717 Triplicis
995 3634 1232 3712 generis
1289 3633 1672 3696 ascensiones
1725 3635 1881 3696 viros
1911 3636 1971 3696 in
2003 3636 2095 3697 via

459 3725 696 3788 virtutis
725 3723 1177 3805 progredientes
1223 3723 1560 3803 perﬁciunt,
1620 3723 1848 3784 scilicet
1879 3742 2092 3803 purga-

458 3815 594 3886 tiva,
628 3815 976 3887 illuminata,
1001 3820 1058 3873 et
1103 3811 1365 3891 mystica,
1415 3830 1546 3888 qua
1594 3820 1684 3872 est
1713 3812 2096 3892 perfeCIionis

457 3923 628 3984 apex.
657 3902 850 3963 Prima
885 3915 974 3962 est
1003 3899 1430 3973 inchoantium,
1451 3901 1713 3961 secunda
1736 3901 2090 3980 mediorum,

460 3992 638 4054 tertia
669 3991 1088 4069 perfectorum.
1123 3987 1354 4048 Etenim
1405 3987 1490 4047 vir
1535 3988 1790 4067 diligens
1820 3997 1939 4048 tres
1967 3989 2097 4051 illas

457 4081 586 4142 vias
615 4079 932 4140 ordinatim
969 4094 1355 4158 percurrens,
1417 4075 1632 4137 crescit
1687 4075 1747 4136 in
1795 4085 1961 4137 atate
2008 4096 2099 4138 se-

2176 1863 2307 1937 μοῦς
2365 1860 2664 1938 ἀναϐλύζει,
2728 1865 2815 1919 καὶ
2871 1863 2926 1918 ἐν
2983 1867 3030 1937 ᾧ
3082 1864 3142 1918 τὸ
3187 1864 3346 1941 φυτὸν
3389 1865 3488 1927 τῆς
3541 1866 3638 1916 τοῦ
3689 1863 3806 1914 Θεοῦ

2176 1950 2423 2026 γνώσεως
2476 1951 2717 2022 ἵσταται,
2811 1951 2966 2030 φέρον
3038 1952 3222 2031 σοφίας
3293 1949 3552 2029 καρποὺς,
3624 1954 3804 2027 χαρᾶς,

2176 2040 2412 2117 εἰρήνης,
2504 2040 2899 2119 χρηστότητος,
3002 2039 3344 2118 ἀγαθωσύνης
3436 2038 3800 2116 μακροθυμίας,

2177 2127 2264 2182 καὶ
2317 2127 2532 2205 ἀγάπης
2605 2127 2853 2206 ἀῤῥήτου.
2918 2128 3068 2186 Οὕτω
3123 2126 3177 2183 δὲ
3247 2125 3538 2192 σπουδαίως
3607 2125 3806 2204 ἐργαζο-

2179 2215 2334 2289 μένη,
2369 2218 2455 2272 καὶ
2499 2216 2634 2273 οὕτω
2665 2216 3018 2297 φυλάττουσα,
3058 2215 3284 2291 ἐκδημεῖ
3311 2223 3404 2272 τοῦ
3433 2216 3696 2291 σώματος,
3727 2213 3805 2268 καὶ

2178 2305 2251 2366 εἰς
2294 2305 2488 2384 γρόφον
2545 2303 2760 2362 εἰσδύνει
2805 2305 3103 2384 γεολογίας.
3152 2302 3446 2370 Ἐξίσταται
3475 2312 3568 2360 τοῦ
3593 2304 3800 2379 παντὸς,

2177 2395 2250 2455 ὡς
2291 2391 2384 2448 ὑω⁹
2415 2392 2620 2458 οὔδενὸς
2652 2395 2938 2474 κρατουένη
2971 2400 3074 2451 τῶν
3121 2393 3428 2473 ὁρωμένων,
3459 2395 3547 2449 καὶ
3575 2398 3687 2464 Θεῷ
3715 2413 3803 2445 συ-

2177 2484 2452 2562 ναφθεϊσα,
2500 2490 2606 2557 τῷν
2647 2482 2875 2560 ἱδρώτων
2906 2484 3127 2540 παύεται
3157 2483 3245 2538 καὶ
3273 2489 3367 2538 τοῦ
3397 2481 3560 2538 πόθου
3588 2478 3666 2558 [ἐν
3696 2475 3804 2532 ἄλλ’

2177 2579 2268 2628 τοῦ
2296 2570 2542 2650 πένθους]
2553 2619 2566 2633 ,

2259 2649 2340 2734 μ’.
2387 2660 2446 2716 Τί
2469 2649 2573 2715 τῶν
2627 2659 2680 2715 ἑν
2734 2662 2870 2736 ἡμῖν
2922 2658 3271 2740 ὑψηλότερον,
3335 2662 3362 2716 6
3419 2659 3576 2737 λόγος
3631 2657 3796 2737 φησὶν,

2175 2749 2312 2821 ἡμῒν
2353 2761 2470 2811 τοῖς
2525 2747 2849 2825 σπουδαίοις,
2901 2751 2963 2805 τὸ
3007 2749 3274 2828 ὁρώμενον
3330 2749 3366 2816 ἢ
3396 2750 3456 2804 τὸ
3487 2748 3748 2821 νοούμενον
3781 2762 3796 2822 ;

2182 2838 2240 2892 Εἰ
2311 2835 2399 2892 οὗν
2451 2838 2512 2892 τὸ
2581 2838 2868 2916 ὁρώμενον,
2930 2835 3075 2893 οὒδὲν
3127 2833 3226 2910 ἄρα
3293 2842 3400 2893 τῶν
3469 2833 3795 2916 φθειρομένων

2183 2923 2326 2980 ἔσται
2384 2928 2541 3004 ἡμῖν,
2601 2925 2637 2993 ἢ
2692 2925 3044 3004 προτιμητέον
3114 2927 3203 2982 καὶ
3257 2926 3605 3004 στεργόμενον,
3677 2918 3785 2975 οὐδὲ

2180 3013 2427 3090 κρείττων
2468 3024 2562 3072 τοῦ
2605 3017 2846 3089 σώματος
2887 3017 2921 3082 ἡ
2976 3016 3154 3093 ψυχή.
3214 3015 3274 3071 Εἰ
3325 3013 3374 3068 δὲ
3412 3014 3470 3068 τὸ
3495 3011 3779 3084 νοούμενον,

2188 3123 2211 3157 α
2263 3107 2474 3178 Πνεῦμα
2504 3105 2532 3158 ὁ
2584 3105 2733 3181 Θεὸς,
2787 3104 2874 3160 καὶ
2928 3104 3048 3167 τοὺς
3096 3108 3502 3180 προσκυνοῦντας
3552 3097 3698 3179 αὺτὸν
3737 3093 3788 3151 ἒν

2179 3191 2436 3266 πνεύματι
2486 3192 2572 3247 καὶ
2626 3190 2845 3264 ἀληθείᾳ
2900 3189 2983 3247 δεῖ
3035 3204 3375 3268 προσκυνεῖν.
3431 3213 3458 3245 ιι
3507 3189 3597 3245 Καὶ
3644 3184 3793 3257 οὕτω,

2180 3281 2420 3358 περιττὸν
2489 3281 2524 3347 ἡ
2583 3281 2865 3354 σωματικὴ
2921 3281 3202 3358 γυμνασία,
3262 3279 3459 3336 ὁπόταν
3513 3275 3718 3355 ’έῤῥωτιι
3768 3274 3800 3340 ἦ

2181 3369 2335 3446 νοερὰ
2361 3370 2457 3434 της
2487 3369 2666 3449 ψυχῆς
2692 3368 2906 3448 ἐργασία
2938 3385 2953 3402 ⁶
3011 3371 3074 3424 τὸ
3129 3368 3306 3446 βρῖθον
3336 3367 3483 3422 κάτω
3507 3364 3803 3444 κουφίζουσα

2182 3459 2269 3512 καὶ
2310 3459 2371 3512 1‘0
2415 3455 2538 3513 ὅλον
2584 3460 2740 3515 αὐτοῦ
2790 3457 3114 3537 ἐργαζομένη
3143 3458 3521 3532 πνευματικὸν,
3553 3455 3607 3511 ἐν
3634 3454 3803 3510 ὲνώσει

2177 3554 2270 3604 τοῦ
2296 3546 2591 3623 κρείττονος
2606 3595 2612 3602 .

2261 3621 2380 3708 μα’.
2415 3643 2570 3713 Τρεῖς
2600 3637 2697 3692 εἰσι
2727 3634 2896 3701 τάξεις
2926 3634 2981 3691 ἐν
3007 3649 3124 3699 τοϊς
3155 3633 3490 3710 ποιουμένοις
3514 3635 3607 3697 τὰς
3629 3652 3805 3712 προκο·

2177 3723 2280 3783 πὰς
2310 3725 2415 3778 τῶν
2445 3722 2784 3782 τελειοποιῶν
2809 3723 3136 3801 ἀναϐάσεων,
3160 3724 3472 3803 καθαρτική,
3498 3722 3805 3802 φωτιστική,

2177 3812 2428 3886 μυστικὴ,
2459 3810 2496 3878 ἥ
2525 3813 2634 3869 ἐστι
2663 3816 2751 3873 καὶ
2776 3813 3123 3878 τελειοποιός.
3181 3814 3279 3871 Καὶ
3337 3814 3372 3880 ἡ
3427 3813 3525 3886 μὲν
3577 3811 3686 3868 ἔστι
3714 3816 3809 3866 τῶν

2177 3901 2558 3977 εἰσαγωγικῶν,
2591 3903 2625 3969 ἡ
2655 3899 2708 3957 δέ
2754 3907 2859 3958 τῶν
2903 3901 3106 3977 μέσων,
3139 3903 3174 3969 ἡ
3217 3899 3272 3956 δὲ
3302 3906 3409 3956 τῶν
3434 3898 3672 3958 τελείων.
3724 3898 3811 3953 Διά

2178 3989 2277 4065 γὰρ
2306 3990 2411 4044 τῶν
2439 3992 2594 4067 τριῶν
2627 3994 2825 4046 τούτων
2853 3992 2988 4046 κατὰ
3016 3989 3159 4056 τάξιν
3209 3988 3568 4068 ἀνερχόμενος
3599 3991 3627 4044 6
3655 4009 3810 4044 σπου-

2176 4074 2349 4147 δαῖος,
2384 4076 2653 4141 αύξάνεται
2682 4079 2781 4146 τὴν
2809 4080 2944 4135 κατὰ
2989 4081 3210 4157 Χριστὸν
3239 4077 3470 4151 ἠλικίαν,
3505 4079 3596 4134 καὶ
3623 4077 3810 4153 γίνεται

461 4172 726 4231 cundum
761 4167 1079 4246 Christum,
1116 4174 1174 4226 et
1221 4189 1250 4221 α
1298 4165 1556 4226 occurrit
1583 4164 1644 4224 in
1673 4163 1861 4224 virum
1897 4167 2092 4244 perfe-

2186 4183 2209 4218 ιι
2245 4165 2318 4225 εἰς
2348 4162 2503 4244 ἄνδρα
2531 4164 2755 4240 τέλειον,
2789 4169 2862 4231 εἰς
2892 4167 3082 4247 μέτρον
3111 4165 3322 4235 ἡλικίας
3343 4172 3436 4221 τοῦ
3462 4165 3814 4244 πληρώματος

461 4265 643 4327 ctum,
671 4257 730 4316 in
756 4273 1090 4316 mensuram
1115 4253 1302 4315 atatis
1320 4252 1704 4333 plenitudinis
1729 4251 1944 4314 Christi
1962 4253 2046 4317 95.
2077 4281 2104 4310 ι

541 4344 644 4406 42.
683 4343 793 4406 Via
825 4343 1122 4423 purgativa
1153 4350 1244 4403 est
1274 4361 1478 4402 eorum
1512 4341 1613 4421 qui
1628 4360 1892 4419 agnones
1908 4363 2112 4407 sacros

465 4450 658 4511 nuper
683 4433 1053 4493 adoriuntur.
1087 4430 1398 4509 Proprium
1430 4431 1604 4509 hujus
1629 4440 1739 4503 est,
1772 4431 2110 4512 desponere

465 4523 713 4602 ﬁguram
735 4520 989 4582 carnalis
1010 4520 1294 4593 hominis,
1317 4520 1602 4580 mundare
1649 4518 1722 4580 ab
1773 4521 1934 4581 omni
1967 4522 2106 4583 vitio

464 4610 683 4690 carnis,
718 4618 778 4671 et
800 4608 1051 4669 induere
1075 4627 1288 4668 novum
1317 4607 1620 4670 huminem
1655 4626 1688 4668 a
1718 4606 1942 4688 Spiritu
1964 4629 2104 4671 san-

465 4707 558 4762 cto
589 4705 955 4760 renovatum.
989 4695 1180 4777 Opera
1211 4714 1354 4756 vero
1415 4696 1683 4775 ejusdem
1734 4706 1868 4758 sunt
1899 4698 2097 4760 odium

466 4789 752 4862 materia,
788 4786 1109 4848 maceratio
1141 4785 1358 4864 carnis,
1394 4785 1526 4862 fuga
1555 4784 1749 4846 omnis
1777 4788 2104 4849 occasionis

467 4895 600 4959 qua
629 4877 917 4938 rationem
950 4875 1020 4936 ad
1073 4873 1452 4954 cupiditatem
1487 4872 1722 4947 excitet,
1760 4875 2105 4953 poenitentia

469 4967 544 5028 de
566 4966 769 5037 factis;
804 4967 1052 5044 insuper
1082 4961 1350 5043 lacrymis
1379 4960 1622 5022 abluere
1650 4961 2104 5026 amaritudinem

471 5054 721 5136 peccati,
750 5071 948 5114 mores
978 5052 1350 5114 conformare
1379 5048 1627 5110 bonitati
1657 5050 1918 5132 spiritus,
1946 5054 2103 5133 quod

466 5143 630 5205 intus
653 5150 742 5203 est
761 5142 986 5216 calicis,
1007 5142 1064 5202 id
1090 5149 1200 5221 est,
1228 5147 1486 5200 mentem
1519 5138 1806 5200 mundare
1836 5139 1909 5200 ab
1941 5142 2103 5204 omni

466 5231 602 5294 labe
633 5231 828 5292 carnis
859 5239 916 5292 et
963 5232 1224 5312 spiritus,
1286 5227 1546 5308 indeque
1600 5228 1661 5289 in
1691 5226 1836 5289 illud
1867 5227 2103 5295 mittere

2190 4261 2282 4310 106
2314 4259 2557 4330 Χριστοῦ,
2595 4274 2626 4313 ι

2270 4335 2385 4417 μβ’.
2451 4335 2512 4398 Ἠ
2563 4345 2874 4424 καθαρτική,
2930 4350 3036 4402 τῶν
3091 4342 3194 4412 ἤδη
3236 4345 3366 4422 πρὸς
3410 4343 3624 4421 ἀγῶνας
3667 4343 3818 4422 ἱεροὺς

2190 4432 2544 4510 εἰσαγομένων
2576 4433 2706 4493 ἐστί,
2757 4435 2855 4492 Καὶ
2912 4432 3047 4491 ἴδιον
3090 4435 3186 4509 μὲν
3245 4433 3431 4512 αὐτῆς,
3493 4436 3530 4500 ἡ
3583 4433 3818 4494 ἀποθεσις

2187 4521 2282 4586 τῆς
2342 4523 2572 4602 μορφῆς,
2625 4532 2719 4581 τοῦ
2773 4524 2970 4602 χοϊκού
3024 4522 3295 4601 ἀνθρώπου
3353 4523 3388 4588 ἡ
3459 4520 3820 4601 ἀπολύτρωσις

2185 4609 2361 4677 πάσης
2405 4611 2664 4691 προσύλου
2704 4613 2914 4686 κακίας,
2960 4614 3046 4668 καὶ
3101 4614 3136 4680 ἡ
3198 4611 3450 4691 ἆμφίασις
3504 4618 3601 4668 τοῦ
3653 4617 3824 4667 καινοῦ

2183 4696 2452 4788 ἀνθρώπου
2499 4709 2590 4758 τοῦ
2646 4699 2729 4757 διὰ
2782 4702 3085 4776 Πνεύματος
3130 4698 3602 4774 ἀνακαινιζομένου
3657 4699 3818 4777 ἁγία).

2185 4771 2371 4866 Ἔργον
2403 4786 2480 4861 δὲ,
2513 4792 2575 4845 τὸ
2625 4803 2786 4865 μῖσος
2827 4771 2929 4856 τῆς
2980 4788 3134 4868 ὕλης,
3193 4791 3228 4856 ἡ
3261 4788 3408 4854 τῆξις
3438 4771 3564 4854 *τῆς
3615 4771 3820 4866 σαρκὸς,

2184 4877 2218 4942 ἡ
2249 4877 2390 4955 φυγὴ
2421 4878 2596 4944 πάσης
2627 4878 2792 4942 αἰτίας
2851 4878 3181 4957 ἐρεθιζούσης
3239 4879 3370 4956 πρὸς
3429 4877 3597 4942 πάθος
3639 4878 3701 4934 τὸ
3740 4874 3828 4933 λο-

2186 4965 2482 5042 γιζόμενον,
2557 4968 2591 5034 ἡ
2647 4967 2731 5022 ἐπὶ
2806 4981 2926 5030 τοῖς
2986 4965 3381 5045 πεπραγμένοις
3439 4965 3770 5040 μεταμέλεια
3811 4983 3824 4995 ·

2184 5056 2315 5132 πρὸς
2372 5052 2425 5110 δὲ
2478 5057 2538 5111 τὸ
2592 5070 2709 5119 τοῖς
2761 5055 3003 5135 δάκρυσιν
3058 5054 3452 5111 ἀποκλύσασθαι
3498 5054 3601 5121 τὴν
3659 5054 3826 5130 ἅλμην

2185 5147 2285 5209 τῆς
2328 5145 2582 5222 ἁμαρτίας
2614 5159 2627 5174 ⁶
2681 5146 2743 5200 16
2796 5145 2864 5200 τὰ
2918 5143 3021 5211 ἤθη
3078 5150 3146 5220 τῇ
3205 5142 3540 5222 χρηστότητι
3599 5143 3824 5220 ῥυθμίσαι

2184 5238 2276 5288 τοῦ
2305 5232 2624 5310 πνεύματος,
2657 5233 2744 5288 καὶ
2796 5233 2858 5289 τὸ
2913 5231 3058 5297 ὲντὸς
3106 5238 3197 5288 τοῦ
3237 5232 3517 5309 ποτηρίου,
3553 5228 3718 5309 ἤγουν
3745 5231 3825 5286 τὸν

550 5406 694 5471 9311
726 5406 861 5470 Cor.
895 5424 999 5488 xu,
1031 5409 1089 5471 4.
1174 5409 1240 5458 94
1265 5407 1434 5472 Joan.
1469 5424 1550 5483 ιν,
1582 5404 1684 5469 24.
1767 5405 1831 5456 95
1859 5404 2076 5488 Ephes.
2111 5424 2192 5486 iv,
2227 5408 2318 5472 13.
