4052 6134
489 228 608 292 9νό

1771 229 1822 288 Ν
1829 225 2075 291 ICETE
2116 223 2544 289 PECTORATI

3767 211 3874 274 976

487 361 842 441 conjunch
875 358 1128 423 excelsis
1149 327 1470 422 Cherubim
1493 365 1550 419 et
1572 356 1881 439 Seraphim
1902 363 2100 422 turmis

2189 361 2324 427 ιτῆν
2354 365 2614 440 μακαρίαν
2643 363 2699 418 ἕν
2743 363 2912 434 τώνῳ
2966 361 3318 431 κατάπαυσιν,
3370 354 3575 416 τέλειος
3606 354 3665 409 ἐν
3693 350 3870 441 τελείῳ

483 437 736 530 quorum
793 457 884 512 est
942 465 1138 512 sermo
1194 447 1503 529 sapientiae
1558 437 1736 509 simul
1808 456 1868 510 et
1925 449 2100 512 scient

2216 451 2353 523 Θεῴ,
2386 437 2654 530 συναφθεὶς
2685 451 2819 526 μετᾶ
2847 456 2952 507 τῶν
2979 447 3242 526 θεολόγων
3270 459 3394 508 ταῖς
3425 442 3750 530 ὒπερτάταις
3778 437 3865 495 δυο

486 538 602 602 tie.

557 715 661 778 45.
682 715 1002 778 Hominum
1019 715 1238 790 vita,cu
1238 714 1338 796 jus
1351 717 1618 777 statusad
1633 725 1758 777 tres
1771 725 2124 779 revocantur

479 804 744 880 ordines,
778 804 1062 865 dividitur
1088 805 1149 866 in
1177 804 1294 866 duo
1325 821 1566 880 genera.
1607 802 1799 867 Unum
1835 812 1923 866 est
1949 824 2120 867 com-

480 911 661 954 mune
690 901 750 955 et
778 893 1166 972 mundanum,
1199 893 1454 954 alterum
1486 911 1622 952 vero
1654 911 1771 953 non
1803 912 2118 956 commune

478 990 538 1043 et
557 981 779 1042 mundo
803 1000 871 1046 su
883 981 1104 1061 perius.
1131 981 1461 1043 Commune
1483 980 1764 1041 dividitur
1793 980 1852 1041 in
1884 989 2117 1062 tempe-

475 1071 725 1132 rantiam
757 1077 820 1132 et
847 1070 909 1131 in
941 1069 1338 1132 insatiabilem
1359 1068 1742 1148 cupiditatem
1766 1088 1781 1144 ;
1801 1072 1935 1130 "non
1957 1089 2115 1130 com-

475 1177 657 1220 mune
684 1177 846 1234 vero,
879 1159 941 1219 in
976 1156 1409 1239 philosophiam
1449 1177 1464 1229 ;
1494 1156 1556 1217 in
1588 1157 1882 1237 physicam
1914 1159 2114 1220 scien-

472 1247 639 1328 tiam,
660 1256 719 1309 et
746 1249 806 1308 in
836 1247 1352 1328 supernaturalem
1383 1246 1814 1326 operationem.
1835 1248 2008 1310 Prius
2023 1248 2116 1310 vel

463 1337 716 1427 justitiaa
736 1336 1018 1427 adhaeret,
1044 1337 1094 1397 si
1117 1353 1332 1427 nempe
1349 1334 1674 1427 secundum
1695 1345 1963 1427 naturam
1986 1356 2115 1427 mo-_-

472 1423 703 1506 veatur,
728 1425 820 1487 vel
842 1425 905 1486 in
928 1424 1282 1504 injustitiam
1315 1432 1373 1486 et
1402 1423 1772 1503 iniquitatem
1805 1423 2043 1506 labitur,
2066 1425 2116 1486 si

472 1532 689 1594 nempe
708 1533 743 1575 a
764 1513 1012 1574 naturali
1034 1521 1197 1574 motu
1213 1513 1509 1574 deﬂectat:
1531 1511 2114 1591 posteriusautem,si

2212 539 2399 612 νάμεσι
2425 529 2535 594 τῶν
2575 537 2836 616 Χερουόίμ
2861 561 2918 596 τε
2960 541 3048 594 καὶ
3097 537 3356 615 Σεραφὶμ,
3420 535 3494 589 ὧν
3525 532 3615 588 καὶ
3645 535 3678 587 6
3704 529 3860 607 λόγος

2205 627 2300 693 τῆς
2329 629 2510 706 σοφίας
2554 632 2688 704 ὁμοῦ
2729 631 2816 686 καὶ
2844 635 2939 696 τῆς
2965 627 3236 706 γνώσεως.

2284 706 2393 790 με’.
2432 718 2516 782 Εἰς
2579 715 2685 774 δύω
2727 717 3085 796 διαιρούμενος
3139 722 3243 772 τῶν
3303 713 3588 791 ἀνθρώπων
3647 715 3679 768 6
3721 711 3851 788 βίος,

2204 805 2273 868 εἰς
2333 817 2478 883 τρεῖς
2546 803 2705 872 τάξῃς
2759 805 2876 886 ἔχει
2945 808 3011 862 τὰ
3064 803 3194 870 τέλη
3249 802 3578 879 συναγόμενα
3638 802 3844 864 τούτου,

2203 894 2302 950 Καὶ
2338 895 2400 949 τὸ
2443 895 2540 967 μὲν
2604 896 2760 952 αὐτοῦ
2813 894 3118 951 κοινωνικόν
3183 892 3291 948 ἐστι
3351 893 3439 946 καὶ
3506 891 3799 968 ἐγχόσμιον
3828 907 3841 920 ’

2199 983 2260 1038 τὸ
2323 981 2399 1055 δὲ,
2471 983 2832 1050 ἀκοινώνητον
2903 985 2991 1040 καὶ
3045 983 3415 1062 ὒπερκόσμιον.
3478 981 3577 1038 Καὶ
3626 982 3694 1036 τὸ
3749 982 3844 1054 μὲν

2197 1072 2511 1126 κοικωνικὸν
2596 1073 2668 1134 εἰς
2742 1073 3089 1150 σωφροσύνην
3165 1069 3442 1148 διαιρεῖται
3510 1071 3598 1125 καὶ
3672 1068 3846 1135 ἀπλη-

2198 1159 2344 1213 στίαν
2377 1176 2390 1188 ·
2451 1160 2512 1214 τὸ
2567 1157 2621 1215 δὲ
2666 1160 3048 1233 ἀκοινώνητον,
3111 1161 3184 1223 εἰς
3241 1158 3572 1238 φιλοσοφίαν,
3633 1160 3713 1221 εἰς
3754 1182 3844 1237 φυ-

2199 1248 2354 1314 σικὴν
2423 1247 2749 1322 ἐπιστήμην,
2832 1251 2921 1305 καὶ
3000 1251 3075 1312 εἰς
3156 1249 3286 1326 ὑπὲρ
3335 1248 3485 1327 φύσιν
3551 1246 3844 1326 ἐνέργειαν.

2198 1337 2406 1392 Τούτων
2437 1338 2498 1392 τὸ
2542 1337 2638 1411 μὲν
2692 1337 2728 1404 ἢ
2771 1344 2846 1410 τῷ
2888 1335 3073 1411 δικαίῳ
3127 1337 3440 1392 συνάπτεται
3493 1336 3630 1392 κατὰ
3694 1336 3845 1412 φύσιν

2197 1423 2509 1503 ἐρχόμενον,
2557 1425 2593 1492 ἢ
2622 1431 2690 1501 τῇ
2732 1422 2904 1497 ἀδικίᾳ
2942 1427 3029 1481 καὶ
3084 1426 3156 1490 εἰς
3210 1423 3412 1480 ἀδικίαν
3456 1437 3654 1502 χωρεῖ,
3697 1423 3840 1479 ἀπο-

2195 1511 2458 1578 πλανηθὶν
2511 1516 2610 1580 τῆς
2667 1513 2803 1568 κατὰ
2856 1514 3007 1590 φύσιν
3049 1514 3309 1582 κινήσεως
3333 1527 3346 1539 ⁸
3394 1513 3457 1568 τὸ
3497 1509 3576 1583 δὲ,
3639 1513 3687 1567 εἰ
3741 1513 3840 1576 μὲν

471 1601 708 1684 quidem
725 1601 1089 1682 propositum
1106 1609 1496 1681 persequatur
1526 1601 1758 1678 regulas
1784 1600 2100 1662 observan-

2192 1601 2328 1655 κατὰ
2355 1604 2556 1657 σκοπὸν
2580 1599 2738 1676 διώξῃ
2761 1601 2838 1673 τῷ
2859 1606 3038 1661 κανόνι
3059 1601 3498 1674 ἆπευθυνόμενον,
3524 1602 3595 1665 εἰς
3619 1597 3838 1677 ἄπειρον

467 1693 569 1766 do,
594 1691 669 1752 ad
691 1689 979 1752 inﬁnitam
1008 1690 1277 1770 pervenit
1313 1697 1603 1756 naturam,
1635 1707 1811 1768 supra
1841 1697 2109 1752 naturam

473 1778 802 1860 perfectum
835 1798 851 1852 ;
903 1777 954 1838 si
998 1775 1180 1840 verbo
1207 1776 1466 1855 superbe
1488 1795 1701 1838 vacans
1721 1777 2044 1853 exercitiis,
2078 1797 2112 1839 a

465 1867 771 1948 praposito
787 1864 1444 1934 devertatur,deciditin
1457 1882 1695 1926 sensum
1715 1864 2113 1945 reprobum,et

463 1963 741 2037 tanquam
779 1953 1197 2036 imperfectum
1247 1953 1464 2016 merito
1490 1953 1761 2032 rejicitur
1794 1971 1830 2015 a
1870 1956 2109 2034 perfec-

460 2043 643 2106 tione.

537 2136 639 2198 46.
673 2133 820 2210 Lux,
855 2132 976 2193 vita
1004 2139 1061 2193 et
1091 2150 1201 2212 pax
1249 2139 1340 2194 est
1395 2129 1674 2211 Spiritus.
1734 2129 1845 2203 Qui
1896 2150 2038 2210 ergo
2067 2150 2101 2194 a

459 2223 658 2285 divino
687 2221 1056 2284 illuminatur
1112 2219 1360 2300 Spiritu,
1425 2220 1802 2300 tranquillam
1860 2221 1921 2282 in
1954 2240 2098 2302 pace

459 2312 688 2394 peragit
717 2311 920 2374 vitam.
942 2307 1086 2373 Inde
1115 2317 1310 2370 autem
1344 2308 1404 2369 in
1431 2327 1500 2370 eo
1531 2309 1782 2370 scientia
1810 2328 2009 2372 rerum
2039 2319 2097 2373 et

461 2401 752 2481 sapientia
779 2399 945 2462 verbi
975 2407 1182 2471 scatet,
1217 2416 1548 2478 sensusque
1581 2396 1795 2459 Christi
1828 2399 2094 2460 innasci-

458 2497 592 2551 tur:
627 2489 724 2550 hic
755 2487 916 2549 novit
946 2487 1115 2564 regni
1145 2485 1251 2548 Dei
1306 2485 1602 2566 mysteria,
1637 2487 1922 2566 profunda
1955 2485 2095 2568 Spi-

455 2576 606 2638 ritus
633 2583 928 2656 penetrat,
960 2594 1028 2636 ac
1059 2575 1157 2636 die
1187 2574 1308 2635 diei
1337 2583 1566 2636 eructat
1595 2578 1668 2636 de
1687 2576 1868 2635 corde
1883 2593 2096 2637 sereno

457 2672 516 2726 et
544 2665 871 2726 illuminato
898 2663 1079 2725 verba
1124 2662 1277 2737 vitae,
1339 2663 1492 2724 bona
1520 2663 1904 2739 hominibus,
1959 2665 2099 2743 quia

458 2751 650 2814 bonus
681 2761 794 2826 est,
829 2761 888 2814 et
911 2751 986 2814 de
1015 2750 1171 2814 bono
1208 2751 1487 2814 thesauro
1519 2770 1627 2813 suo
1663 2751 1843 2814 verba
1879 2752 2099 2832 profert

458 2859 609 2904 nova
637 2851 698 2905 et
725 2850 924 2903 vetera
950 2842 998 2902 ί.

534 3020 636 3082 47.
665 3017 823 3080 Deus
853 3025 942 3079 est
990 3015 1300 3096 sapientia,
1361 3024 1421 3078 et
1473 3035 1577 3078 eos
1624 3017 1727 3098 qui
1781 3017 2009 3080 ratione
2038 3027 2096 3080 et

2194 1687 2411 1760 τελευτᾷ
2439 1691 2612 1768 φύσιν,
2647 1690 2776 1767 ὑπὲρ
2831 1693 2929 1754 τὴν
2987 1690 3138 1770 φύσιν
3193 1688 3491 1749 τελειωθέν.
3524 1689 3584 1745 Εἰ
3612 1686 3669 1742 δὲ
3699 1690 3837 1744 κατᾶ

2193 1776 2493 1857 φιλοτιμίαν
2523 1777 2982 1856 ἐγγυμναζόμενον
3037 1784 3129 1833 τοῦ
3183 1786 3384 1835 σκοποῦ
3429 1777 3718 1850 ψεύσηται,
3767 1779 3839 1841 εἰς

2192 1863 2444 1941 ἀδόκιμον
2473 1865 2690 1938 τελευτᾷ
2721 1873 2861 1941 νοῦν,
2909 1868 2998 1922 καὶ
3051 1867 3124 1929 ὡς
3154 1864 3338 1927 ἀτελὲς
3397 1865 3614 1928 εἰκότως
3645 1862 3839 1922 ἀποδο-

2192 1955 2468 2028 κιμάζεται
2504 1961 2596 2012 τοῦ
2624 1953 2849 2011 τελείου.

2268 2033 2411 2117 pg".
2445 2044 2590 2122 Φῶς,
2621 2043 2708 2098 καὶ
2758 2043 2894 2114 (uti,
2941 2044 3029 2100 καὶ
3057 2045 3238 2122 εἰρήνη
3268 2045 3328 2098 τὸ
3357 2048 3592 2116 Πνεῦμα.
3657 2033 3715 2099 Ὀ
3745 2043 3835 2099 οὖν

2181 2131 2282 2186 ὑπὸ
2353 2141 2446 2190 τοῦ
2513 2133 2649 2188 θείου
2721 2131 3075 2210 φωτιζόμενος
3145 2132 3470 2206 Πνεύματος,
3536 2129 3833 2206 γαληναίαν

2182 2221 2459 2298 εἰρηνεύων
2528 2219 2721 2276 διανύει
2805 2222 2970 2291 ζωήν,
3047 2220 3309 2277 Ἐντεῦθεν
3379 2217 3434 2274 δὲ
3511 2221 3545 2286 ἡ
3631 2226 3829 2297 γνῶσις

2180 2310 2322 2383 αὖτῷ
2374 2309 2480 2366 τῶν
2531 2307 2721 2382 ὄντων,
2781 2309 2869 2363 καὶ
2925 2310 2958 2375 ἡ
3019 2311 3172 2387 σοφία
3219 2315 3311 2365 τοῦ
3365 2305 3525 2386 λόγου
3567 2310 3822 2386 πηγάζει,

2179 2398 2265 2452 καὶ
2322 2400 2351 2453 6
2409 2404 2525 2460 νοῦς
2582 2407 2675 2456 τοῦ
2730 2403 2954 2473 Χριστοῦ
2999 2397 3284 2474 ἐπιγίνεται
3317 2412 3334 2428 ⁸
3382 2399 3532 2459 οὗτος
3585 2397 3701 2454 οἶδε
3755 2401 3823 2454 τὰ

2177 2489 2276 2551 τῆς
2333 2485 2602 2561 βασιλείας
2664 2487 2948 2563 μυστήρια,
2983 2486 3052 2550 εἰς
3081 2487 3146 2544 τὰ
3173 2486 3308 2560 βάθη
3339 2498 3513 2565 χωρεῖ
3539 2492 3634 2542 τοῦ
3664 2493 3819 2562 Θεοῦ,

2177 2575 2265 2629 καὶ
2293 2573 2465 2652 ἡμέρα
2492 2581 2560 2650 τῇ
2589 2574 2763 2652 ἡμέρᾳ
2792 2574 3054 2650 ἐρεύγεται
3082 2571 3271 2650 λόγους
3298 2579 3464 2653 ζωῆς,
3494 2572 3547 2640 ἐξ
3575 2575 3822 2650 ἁκυμάν-

2177 2683 2269 2718 του
2299 2664 2384 2718 καὶ
2411 2662 2822 2742 πεφωτισμένης
2851 2659 3086 2740 καρδίας,
3104 2663 3327 2739 ἀγαθοὺς
3353 2676 3468 2727 τοῖς
3500 2664 3815 2741 ἀνθρώποις·

2179 2747 2362 2818 ἐπειδὴ
2389 2751 2579 2828 ἀγαθός
2604 2750 2735 2827 ἐστι,
2768 2753 2859 2807 τὸν
2885 2751 3080 2828 ἀγαθὸν
3111 2749 3256 2830 ἔχων
3286 2749 3544 2808 λαλοῦντα
3572 2751 3625 2806 ἐν
3647 2753 3819 2826 ἑαυτῷ

2178 2840 2334 2896 καινά
2360 2861 2417 2896 τε
2444 2843 2533 2897 καὶ
2576 2839 2802 2902 παλαιά.

2260 3007 2369 3092 μζ’.
2431 3019 2596 3098 Σοφία
2639 3019 2667 3072 ὁ
2713 3017 2862 3094 Θεὸς,
2921 3018 3009 3072 καὶ
3048 3018 3170 3080 τοὺς
3211 3017 3267 3073 ἂν
3324 3015 3456 3093 λόγῳ
3502 3016 3586 3071 καὶ
3639 3013 3802 3095 cogi;

454 3105 744 3185 sapientia
771 3105 922 3166 duce
977 3103 1304 3178 ambulant,
1363 3103 1850 3181 scientia_,rerum
1896 3105 2092 3184 (coale-

2189 3097 2610 3184 ιτεριπατοῦντας,
2665 3111 2733 3181 τῇ
2777 3105 2971 3182 γνώσει
3027 3111 3134 3162 τῶν
3175 3105 3342 3161 ὀντων
3385 3102 3491 3184 [ἴσ.
3529 3101 3805 3182 οὒρανίωνὶ

454 3193 652 3272 stium)
710 3193 1017 3266 deiﬁcans,
1061 3191 1414 3272 sibimetipsi
1447 3211 1551 3272 per
1594 3193 1795 3254 lumen
1853 3194 2000 3269 unit,
2034 3203 2093 3257 et

453 3283 640 3362 gratia
668 3282 812 3346 deos
840 3282 998 3345 facit.
1030 3280 1540 3353 Quemadmodum
1571 3290 1766 3342 autem
1793 3283 1992 3343 omnia
2021 3302 2088 3345 ex

456 3371 640 3432 nihilo
665 3370 958 3451 sapientia
981 3369 1140 3443 fecit,
1170 3377 1228 3428 et
1249 3387 1354 3449 per
1374 3368 1723 3448 sapientiam
1760 3387 1857 3430 res
1889 3373 2092 3433 mundi

454 3460 606 3539 regit
635 3466 694 3520 et
723 3459 1036 3538 gubernat,
1069 3467 1245 3538 atque
1294 3458 1542 3519 salutem
1591 3458 1857 3519 omnium
1887 3461 1987 3539 qui
2017 3461 2087 3522 ad

451 3566 518 3610 se
543 3556 969 3610 convertuntur
997 3554 1055 3608 et
1102 3547 1416 3625 accedunt,
1472 3547 1691 3626 pariter
1717 3547 1778 3608 in
1804 3548 2093 3627 sapientia

451 3653 688 3717 semper
744 3637 934 3700 facit:
999 3635 1085 3698 sic
1142 3635 1316 3697 etiam
1371 3636 1472 3696 ille
1527 3655 1703 3716 quem
1735 3655 1840 3697 sua
1870 3639 2091 3717 puritas

452 3725 695 3804 dignum
751 3726 889 3786 fecit
944 3725 1045 3806 qui
1103 3724 1404 3786 altissimae
1461 3725 1768 3804 sapientiae
1798 3727 2091 3808 particeps

453 3809 647 3884 ﬁeret,
677 3830 918 3892 semper
946 3820 1236 3892 quatenus
1271 3812 1462 3892 imago
1494 3812 1600 3874 Dei
1630 3814 1691 3874 in
1723 3815 2007 3894 sapientia
2034 3823 2094 3877 et

451 3898 581 3980 ipse
613 3900 752 3963 facit
781 3911 840 3962 et
888 3900 1096 3981 implet
1123 3901 1379 3962 divinam
1413 3902 1794 3977 voluntatem,
1827 3903 2090 3984 seipsum

451 3992 764 4052 retrahens
793 4008 826 4050 a
859 3990 1040 4052 rebus
1097 3990 1358 4052 externis
1415 3990 1475 4050 in
1535 3991 1865 4071 multasque
1899 4002 2092 4072 partes

455 4079 682 4153 divisis,
736 4078 1027 4140 rationem
1076 4098 1212 4141 vero
1243 4097 1407 4142 suam
1442 4097 1548 4158 per
1577 4079 1884 4141 scientiam
1917 4081 2089 4141 abdi-

456 4175 648 4230 torum
678 4167 980 4230 adducens
1011 4176 1070 4228 et
1113 4168 1354 4230 elevans
1383 4167 1454 4229 ad
1489 4167 1664 4229 vitam
1695 4187 1832 4229 vere
1860 4170 2092 4247 angeli-

454 4273 580 4318 cam
607 4275 623 4326 ς
647 4265 706 4316 et
728 4275 906 4316 unam
933 4257 1198 4318 efficiens
1217 4275 1320 4336 pro
1347 4255 1574 4316 viribus
1605 4274 1768 4316 suam
1796 4256 1992 4328 vitam,
2029 4276 2092 4319 se

2171 3197 2450 3269 θεοποιῶν,
2502 3195 2617 3252 ἑνοῖ
2661 3192 2745 3249 διὰ
2770 3195 2973 3272 Δφωτὸς
3029 3194 3215 3257 αὖτοὺς
3271 3195 3464 3268 ἑαυτῷ,
3527 3195 3613 3248 καὶ
3666 3192 3812 3250 θέσει

2171 3284 2315 3348 θεοὺς
2357 3265 2728 3362 ἀπεργάζεται,
2769 3265 2960 3361 Ἠσπερ
2989 3280 3046 3338 δὲ
3073 3283 3228 3346 αὐτὸς
3288 3282 3348 3339 ἐκ
3389 3265 3481 3338 τοῦ
3535 3283 3615 3358 μὴ
3657 3283 3811 3346 ὄντος

2173 3371 2327 3451 σοφίᾳ
2366 3373 2432 3428 τὰ
2486 3374 2658 3428 πάντα
2704 3373 3124 3450 κατασκευάσας,
3181 3369 3265 3427 διὰ
3318 3372 3500 3452 σοφίας
3557 3373 3624 3427 τὰ
3661 3371 3819 3450 ἐγκό-

2175 3482 2304 3534 σμια
2333 3458 2552 3538 διεξάγει
2599 3462 2688 3516 καὶ
2740 3457 2952 3532 διοικεῖ,
3011 3461 3100 3515 καὶ
3151 3460 3249 3526 τὴν
3304 3461 3570 3536 σωτηρίαν
3602 3461 3815 3518 πάντων

2172 3555 2276 3605 τῶν
2307 3548 2619 3628 ἐγγιζόντων
2661 3549 2803 3623 αύτῷ
2845 3545 2911 3604 δι’
2955 3549 3276 3628 ἐπιστροφῆς
3335 3550 3586 3615 ὡσαύτως
3640 3550 3722 3605 ἀεὶ
3764 3549 3822 3605 ἐν

2173 3640 2328 3718 σοφίᾳ
2357 3639 2651 3720 ἐργάζεται,
2706 3637 2844 3694 οὕτω
2897 3639 2986 3694 καὶ
3038 3640 3066 3693 6
3122 3636 3353 3701 ἀξιωθεὶς
3410 3642 3510 3704 τῆς
3563 3638 3823 3695 ἀνωτάτω

2173 3727 2409 3804 γενέσθαι
2436 3730 2645 3808 σοφίας,
2677 3726 2736 3784 ἐκ
2764 3727 3148 3805 καθαρότητος,
3195 3726 3457 3806 μέτοχος,
3504 3727 3585 3783 ἀεὶ
3616 3730 3690 3790 ὡς
3737 3729 3821 3782 εἰ·-

2172 3817 2280 3871 κὼν
2318 3823 2446 3872 Θεοῦ
2487 3819 2574 3872 καὶ
2605 3818 2758 3881 αὐτὸς
2789 3815 2841 3872 ἐν
2897 3816 3053 3896 σοφίᾳ
3107 3828 3256 3871 ποιεῖ
3310 3817 3398 3870 καὶ
3455 3814 3726 3893 ἐργάζεται
3755 3817 3822 3871 τὰ

2172 3910 2263 3960 τοῦ
2303 3905 2440 3963 θείου
2469 3903 2768 3980 θελήματος
2803 3920 2818 3934 ⁸
2865 3905 3102 3980 συνάγων
3162 3903 3258 3978 μὲν
3317 3904 3422 3960 ἀπὸ
3469 3910 3576 3959 τῶν
3605 3903 3706 3968 ’ἐξω
3733 3906 3824 3960 καὶ

2173 3993 2529 4070 μεριζομένων
2571 3993 2641 4057 εἰς
2688 3991 2862 4049 πολλὰ
2908 3993 3115 4066 ἑαυτὸν,
3174 3991 3383 4069 ἀνάγων
3447 3989 3501 4047 δὲ
3558 3991 3822 4070 ὁσημέραι

2172 4082 2259 4137 καὶ
2314 4081 2596 4138 ἀνατείνων
2650 4083 2711 4137 τὸ
2779 4080 3120 4159 λογιζόμενον
3203 4078 3362 4139 αὺτοῦ
3415 4077 3501 4138 διὰ
3569 4080 3822 4158 γνώσεως

2172 4173 2276 4224 τῶν
2307 4168 2640 4247 ἆποῤῥήτων,
2700 4172 2830 4248 πρὸς
2884 4167 3169 4246 ἀγγελικὰς
3217 4175 3296 4242 τῷ
3353 4165 3461 4224 ὀκτι
3507 4170 3646 4240 ζωάς
3680 4188 3700 4205 ο
3729 4169 3824 4224 καὶ

2173 4256 2397 4328 ἐνοειδῆ,
2458 4259 2591 4314 κατὰ
2639 4260 2700 4314 τὸ
2755 4258 2988 4336 ἐφικτὸν,
3046 4256 3146 4322 τὴν
3203 4259 3359 4316 αὺτοῦ
3400 4258 3540 4328 ζωὴν
3591 4256 3822 4336 ἐργαζό-

455 4346 584 4405 unit
636 4343 925 4406 caelicolis
975 4346 1364 4425 potestatibus
1420 4363 1538 4405 uno
1598 4352 1758 4405 motu
1800 4346 1871 4405 ad
1902 4345 2087 4407 Deum

2189 4368 2351 4425 ιενος,
2383 4348 2498 4404 ἑνοῖ
2525 4359 2645 4410 ταῖς
2688 4347 2797 4403 ἅνω
2827 4345 3106 4420 δυνάμεσιν
3165 4345 3374 4424 ἑαυτὸν,
3434 4359 3555 4408 ταῖς
3609 4345 3824 4407 ὲνιαίως

455 4431 860 4504 tendentibus,
894 4447 952 4495 et
986 4453 1093 4512 per
1121 4453 1220 4496 eas
1243 4434 1402 4496 velut
1423 4451 1528 4513 per
1550 4433 1804 4513 optimos
1828 4434 2009 4496 duces
2023 4437 2098 4498 ad

453 4521 711 4601 primum
743 4521 1099 4604 principium
1129 4524 1499 4604 primamque
1539 4539 1774 4585 causam
1806 4523 2095 4589 ascendit.

532 4698 635 4764 48.
699 4698 809 4773 Qui
865 4718 973 4781 per
1027 4700 1284 4763 divinam
1345 4698 1694 4780 sapientiam
1752 4719 1886 4762 sese
1914 4701 2097 4763 univit

451 4789 729 4870 supernis
775 4788 1113 4864 virtutibus,
1149 4789 1404 4869 ideoque
1435 4791 1557 4851 Deo
1584 4788 1784 4849 unitus
1816 4798 1927 4870 est,
1960 4810 2092 4851 cum

450 4876 529 4938 sit
557 4875 629 4938 ad
662 4877 1118 4940 similitudinem
1171 4879 1302 4948 Dei,
1351 4896 1486 4938 cum
1518 4876 1796 4938 omnibus
1823 4879 2004 4940 verbo
2037 4889 2095 4940 et

451 4963 746 5045 colloquio
777 4973 1079 5046 sapienter
1133 4983 1516 5044 conversans,
1582 4965 1887 5026 hominum
1924 4967 2094 5028 bonae

445 5053 762 5117 voluntatis
787 5055 1062 5116 affectum
1098 5053 1309 5115 virtute
1337 5053 1536 5115 divina
1563 5054 1810 5113 retrahit
1852 5072 1886 5113 a
1915 5055 2095 5116 rebus

450 5141 716 5204 externis
745 5151 805 5204 et
833 5142 1259 5217 divisibilibus,
1315 5159 1538 5221 eosque
1592 5148 1655 5200 ut
1705 5159 1966 5220 seipsum
2018 5144 2092 5206 ad

449 5231 695 5293 unitatis
749 5232 947 5306 vitam,
1003 5241 1208 5314 utpote
1266 5231 1373 5294 Dei
1431 5231 1710 5304 imitator,
1769 5230 1830 5292 in
1885 5232 2092 5312 Spiritu

445 5319 770 5394 attrahens,
805 5320 968 5382 ducit
999 5339 1104 5400 per
1160 5320 1510 5401 sapientiam
1572 5329 1630 5381 et
1685 5319 1994 5382 scientiam
2026 5342 2095 5385 ac

447 5407 864 5487 mysteriorum
895 5409 1348 5485 revelationem,
1411 5407 1482 5470 ad
1535 5407 2093 5488 contemplationem

528 5566 547 5607 ¹
582 5566 789 5629 Matth.
821 5583 949 5644 xm,
982 5567 1080 5631 52.

2178 4437 2293 4513 περὶ
2325 4437 2454 4491 Θεὸν
2478 4435 2808 4511 κινουμέναις
2843 4455 2857 4469 ο
2918 4436 3004 4490 καὶ
3055 4429 3121 4487 δι’
3165 4434 3335 4490 αὐτῶν
3391 4437 3520 4513 πρὸς
3545 4435 3642 4501 τὴν
3673 4437 3827 4512 πρώ-

2176 4545 2274 4589 την
2306 4523 2482 4604 ἀρχὴν
2509 4525 2596 4580 καὶ
2645 4525 2813 4583 αἰτίαν
2871 4525 2942 4587 ὡς
2996 4519 3064 4576 δι’
3107 4520 3315 4598 ἀγαθῶν
3359 4523 3636 4600 ἡγεμόνων
3680 4523 3824 4582 ἀνά-

2177 4635 2324 4692 γεται
2333 4655 2352 4672 ο

2257 4691 2376 4777 μη’.
2415 4693 2473 4758 Ὀ
2523 4699 2607 4756 διὰ
2640 4701 2823 4780 σοφίας
2880 4701 2977 4766 τῆς
3032 4700 3327 4778 κρείττονος
3381 4701 3566 4759 ἑαυτὸν
3618 4701 3825 4767 ἐνώσας

2175 4804 2298 4855 ταῖς
2346 4789 2454 4847 ἅνω
2499 4787 2767 4863 δυνάμεσι,
2817 4788 2906 4844 καὶ
2946 4786 3032 4843 διὰ
3086 4795 3240 4844 τοῦτο
3297 4795 3413 4865 Θεῷ
3469 4791 3699 4864 ένωθείς,
3745 4792 3827 4855 ὥς

2175 4879 2293 4936 καθ’
2325 4880 2575 4954 ὁμοίωσιν
2617 4877 2690 4933 ὢν
2743 4882 2836 4932 τοῦ
2879 4883 3033 4950 Θεοῦ,
3066 4883 3196 4933 πᾶσι
3239 4875 3323 4932 διὰ
3352 4876 3513 4956 λόγου
3555 4880 3643 4934 καὶ
3684 4901 3817 4934 συν-

2175 4970 2350 5031 ουσίας
2434 4965 2799 5047 ἐμφιλοσόφως
2872 4965 3269 5045 συγγινόμενος,
3340 4967 3621 5042 ἀποτέμνει
3706 4973 3821 5023 τῶν

2173 5057 2508 5134 βουλομένων
2569 5057 2680 5127 θείᾳ
2744 5051 2957 5128 δυνάμει
3026 5055 3119 5117 τὰς
3174 5053 3303 5121 ἕξεις
3360 5056 3467 5113 ἀπὸ
3534 5062 3640 5112 τῶν
3718 5055 3822 5122 ’ἐξω

2173 5148 2261 5203 καὶ
2310 5149 2591 5224 μεριστῶν,
2653 5143 2741 5198 καὶ
2782 5144 2913 5220 πρὸς
2969 5141 3171 5210 ένοειδῆ
3226 5146 3391 5219 ζωὴν,
3453 5145 3630 5224 ὥσπερ
3686 5147 3823 5202 ἑαυ-

2175 5239 2264 5293 τὸν
2309 5240 2401 5292 οἷα
2429 5233 2495 5302 δὴ
2525 5240 2655 5291 Θεοῦ
2705 5233 2947 5307 μιμητὴς
3004 5233 3094 5287 καὶ
3148 5234 3334 5298 αὐτοὺς
3389 5233 3708 5291 συνελίσσων
3765 5235 3826 5290 ἐν

2176 5326 2456 5401 πνεύματι,
2491 5324 2670 5400 ἀνάγει
2725 5319 2808 5379 διὰ
2862 5321 3046 5399 σοφίας
3099 5323 3188 5377 καὶ
3243 5324 3514 5404 γνώσεως,
3583 5325 3669 5382 καὶ
3722 5325 3824 5393 τῆς

2177 5421 2280 5471 τῶν
2338 5413 2653 5492 ἀποκρύφων
2697 5407 3037 5486 ἑλλάμψεως,
3089 5412 3218 5488 πρὸς
3259 5411 3477 5489 θεωρίαν
3520 5417 3617 5480 τῆς
3658 5410 3825 5479 δόξης
