4052 6134
253 261 369 326 977
1173 267 1722 332 GNOSTICORUM
1755 264 1883 330 CAP

1975 264 2094 326 'UM
2135 263 2526 329 CENTUMA
2568 263 2678 325 III.
3508 252 3632 322 978

251 405 348 455 τοῦ
389 401 506 463 ἐνὸς
536 402 624 456 καὶ
651 402 860 480 πρώτου
915 401 1089 480 φωτός
1122 418 1138 436 ⁸
1197 402 1286 457 καὶ
1315 401 1516 464 ἐνώσας
1545 399 1733 462 αὖτοὺς
1777 411 1883 459 ταῖς

1979 394 2184 474 gloria
2237 393 2416 455 unius
2481 392 2776 474 primique
2843 390 3133 480 luminis,
3193 397 3252 452 et
3309 395 3620 480 postquam

254 489 374 566 περὶ
408 489 538 545 Θεὸν
569 476 765 554 ὠσίαις
821 476 941 546 καὶ-
964 485 1191 563 τάξεσιν,
1253 491 1324 552 εἰς
1375 489 1474 556 τὴν
1522 488 1748 554 ἑνότητα
1775 484 1883 564 ἄγει

1977 483 2219 545 eosdem
2254 483 2442 544 univit
2489 479 3013 544 circumstantibus
3057 481 3244 542 Deum
3275 476 3624 540 substantiis

257 583 414 648 Θεοῦ,
461 575 795 652 ὁλολαμπεϊς
851 577 1136 657 γεγονότας
1190 577 1249 634 ἐκ
1303 581 1400 644 τῆς
1457 585 1548 636 τοῦ
1588 577 1883 651 Πνεύματος

1979 579 2036 634 et
2067 571 2436 645 cohortibus,
2483 571 2553 633 ad
2603 571 2892 632 unitatem
2943 568 3132 631 elevat
3178 568 3340 649 ipsos
3395 567 3624 648 fulgore

1978 659 2221 740 spiritus
2253 660 2640 722 illuminatos.

2059 750 2160 812 49.
2195 747 2458 822 Quatuor
2488 747 2859 810 naturalibus
2888 744 3410 826 cardinalibusque
3439 743 3624 807 virtu-

1984 836 2138 899 tibus
2187 845 2319 899 octo
2376 838 2592 899 adsunt
2648 835 2918 916 comites,
2979 853 3108 916 qua
3165 833 3320 896 bina
3375 833 3623 912 singulis

1982 926 2261 1007 utrinque
2307 926 2675 1006 cooriuntur,
2723 925 2807 986 ita
2850 934 2915 985 ut
2962 923 3198 986 illarum
3252 940 3623 1003 unaquaeque

1983 1013 2238 1076 Trinitas
2279 1015 2404 1077 ﬁat.
2457 1014 2555 1076 Sic
2605 1013 2937 1092 prudentia
2981 1015 3325 1074 cooriuntur
3371 1011 3622 1073 scientia

1984 1110 2042 1164 et
2094 1103 2330 1182 sapiens
2389 1102 2852 1183 contemplatio;
2892 1101 3160 1181 justitia,
3211 1099 3507 1179 judicium
3564 1107 3625 1162 et

1981 1191 2410 1268 compassionis
2460 1208 2708 1266 sensus;
2757 1188 3112 1264 fortitudini,
3173 1187 3456 1268 patientia
3511 1189 3620 1250 ﬁr-

1982 1298 2193 1360 maque
2222 1280 2586 1352 constantia;
2622 1278 3050 1354 temperantia,
3085 1278 3322 1338 castitas
3353 1285 3412 1338 et
3439 1277 3621 1356 virgi-

1983 1369 2158 1432 nitas.
2211 1371 2402 1448 Supra
2453 1368 2900 1449 quadruplicem
2953 1369 3107 1429 hanc
3150 1365 3523 1442 Trinitatem,
3557 1373 3622 1428 ut

1981 1467 2212 1518 creator
2241 1465 2297 1519 et
2326 1466 2722 1537 mystagOgus,
2756 1460 2912 1520 Deus
2943 1475 3078 1518 cum
3109 1454 3403 1534 sapientia
3453 1455 3622 1516 sedet

1979 1544 2040 1604 in
2076 1545 2289 1606 mentis
2321 1547 2560 1620 throno,
2597 1546 2670 1608 ad
2702 1544 3108 1606 informandas
3153 1545 3395 1604 virtutes
3435 1541 3617 1606 emit-

1981 1642 2110 1696 tens
2148 1635 2414 1716 Verbum
2449 1657 2462 1698 :
2496 1636 2681 1716 quod,
2730 1653 2804 1696 ex
2844 1651 3200 1714 unaquaque
3245 1631 3618 1694 subditarum

1981 1723 2095 1784 sibi
2128 1731 2480 1803 potestatum
2508 1741 2820 1785 assumens
2867 1721 3278 1802 pradictarum
3311 1720 3618 1782 materiam

1979 1811 2295 1886 virtutum,
2354 1811 2719 1892 Spiritualem
2795 1811 3031 1890 pietatis
3103 1809 3392 1870 mundum
3459 1816 3622 1872 creat

1979 1899 2214 1980 anima,
2246 1909 2420 1981 atque
2446 1909 2511 1961 ut
2537 1900 2751 1962 coelum
2783 1899 2897 1980 ipsi
2928 1897 3189 1960 extendit
3217 1897 3617 1977 prudentiam,

1981 2006 2112 2069 qua
2140 1997 2258 2050 tota
2287 1989 2478 2052 stellis
2507 2007 2709 2069 sparsa
2731 2001 2823 2050 est
2842 1989 2914 2049 ad
2935 1987 3110 2048 vitam
3139 1986 3616 2067 illuminandam,

1979 2084 2037 2136 et
2065 2077 2124 2136 in
2155 2095 2330 2156 quam
2360 2080 2522 2138 velut
2563 2077 2679 2138 duo
2723 2093 2935 2154 magna
2977 2074 3314 2153 luminaria,
3357 2074 3620 2136 divinam

1975 2164 2285 2225 scientiam
2319 2165 2738 2246 physicamque
2767 2163 3328 2244 contemplationem
3357 2163 3522 2242 ponit
3543 2163 3619 2225 ad

1979 2253 2136 2314 illam
2168 2253 2396 2332 fulgore
2427 2253 2857 2328 illustrandam;
2877 2262 3174 2314 utterram
3195 2261 3392 2314 autem
3417 2253 3614 2314 eidem

1977 2341 2178 2402 fundat
2201 2343 2516 2420 justitiam,
2559 2343 2632 2404 ad
2685 2341 3017 2404 convivium
3049 2341 3517 2422 sempiternum;
3553 2349 3618 2404 ut

1975 2448 2172 2491 aerem
2191 2430 2517 2510 explicatei
2549 2430 3017 2510 temperantiam,
3046 2431 3120 2492 ad
3149 2430 3614 2510 refrigerandam

1978 2519 2461 2600 irrorandamque
2479 2519 2857 2598 purissimam
2882 2520 3082 2588 vitam;
3101 2526 3164 2579 ut
3187 2537 3349 2580 mare
3372 2519 3613 2580 demum

1975 2606 2374 2669 fortitudinem
2427 2607 2628 2669 statuit
2668 2609 2726 2668 in
2769 2607 2988 2669 ﬁnibus
3018 2607 3340 2669 debilitatis
3364 2616 3610 2687 natura,

1972 2695 2043 2756 ad
2091 2696 2481 2758 destruendas
2537 2705 2730 2758 turres
2789 2714 3074 2776 arresque
3127 2695 3380 2756 inimici.
3440 2695 3611 2758 Hunc

1973 2784 2147 2862 igitur
2175 2785 2461 2846 mundum
2491 2786 2578 2847 sic
2607 2804 2818 2847 creans
2846 2782 3426 2859 Verbum,'animam
3465 2803 3608 2847 con-

1971 2872 2166 2933 firmat
2206 2872 2435 2952 spiritu,
2489 2873 2562 2935 ad
2616 2881 2838 2934 motum
2887 2873 3253 2953 spiritualem
3287 2891 3355 2936 ac
3385 2892 3607 2955 perpe-

1972 2970 2157 3035 tuum,
2191 2969 2250 3022 et
2277 2961 2349 3022 ad
2400 2962 2685 3024 unionem
2729 2962 3190 3042 inseparabilem
3223 2981 3291 3024 ac
3322 2981 3604 3043 perman-

256 663 605 742 ἔπιλάμψεως
615 715 628 728 ,

342 747 452 831 μθ’.
503 761 580 832 Τῇ
634 757 911 832 τετρακτύϊ
960 756 1067 812 τῶν
1117 757 1339 835 ἀρετῶν,
1394 753 1578 833 ὀγδοὰς
1630 775 1894 832 σονομαρ-

255 857 346 901 τετ
399 851 630 926 φυσικῶν
703 866 760 901 τε
818 845 904 900 καὶ
973 853 1194 924 γενικῶν
1271 844 1492 924 ἀρετῶν,
1551 850 1646 917 μιᾷ
1700 843 1899 899 τούτων

257 934 457 1008 ἑκάστῃ
505 931 557 998 ἐξ
610 932 856 1012 ἐκατέρου
915 933 1097 1012 μέρους
1153 931 1257 990 δύω
1313 930 1764 1005 ἐπανατελουσῶν,
1825 932 1897 993 ὡς

259 1023 348 1078 καὶ
392 1022 552 1089 αὐτὴν
601 1021 828 1089 ἑκάστην
873 1023 1101 1100 γίνεσθαι
1152 1019 1467 1099 εἰςΤριάδα.
1502 1025 1580 1096 Τῇ
1632 1019 1719 1075 οὖν
1775 1041 1899 1098 φρο-

257 1110 432 1182 νήσει,
494 1115 688 1186 γνῶσις
747 1109 1108 1184 ἐπανατέλλει,
1163 1111 1250 1166 καὶ
1321 1110 1458 1188 σοφὴ
1525 1110 1713 1186 θεωρία
1743 1125 1754 1140 ⁸
1830 1113 1899 1183 τῇ

257 1195 581 1272 δικαιοσύνῃ,
667 1197 944 1277 διάκρισις,
1017 1201 1105 1254 καὶ
1182 1191 1578 1274 εὐσυμπάθητος
1653 1196 1843 1272 γνώμη
1879 1211 1893 1224 ⁸

256 1291 326 1360 τῇ
354 1283 581 1364 ἀνδρείᾳ,
612 1287 856 1360 ὑπομονὴ
904 1288 991 1342 καὶ
1047 1286 1285 1350 ἔνστασις
1329 1285 1561 1363 σταθηρά
1590 1303 1604 1318 ·
1663 1291 1732 1360 τῇ
1784 1306 1897 1339 σω-

257 1374 510 1453 φροσύνῃ,
569 1375 723 1452 ἀγρία
789 1376 877 1431 καὶ
946 1376 1214 1454 παρθενία.
1270 1375 1476 1441 Ταύτης
1526 1379 1626 1440 τῆς
1695 1371 1897 1452 τριαδι-

256 1469 359 1530 κῆς
401 1460 710 1542 δωδεκάδος,
769 1462 946 1542 ὥσπερ
1001 1485 1081 1527 τις
1137 1465 1354 1530 κτίστης
1408 1464 1495 1519 καὶ
1524 1463 1896 1539 ίμυσταγωγὸς

259 1555 286 1608 6
355 1553 480 1616 Θεὸς
550 1550 602 1606 ἐν
661 1553 816 1632 σοφίᾳ
871 1553 1273 1631 ὑπερκαθέζεται
1329 1551 1382 1608 έν
1453 1557 1529 1624 τῷ
1585 1552 1703 1614 νοὸς
1773 1551 1900 1628 θρό-

256 1663 355 1720 νῳ,
423 1641 510 1697 τὸν
574 1639 742 1716 Λόγον
793 1638 1189 1728 ἐξαποστέλλων
1246 1642 1317 1705 εἰς
1390 1636 1733 1717 δημιουργίαν
1781 1644 1894 1728 ,τῶν
1919 1679 1956 1728 Β

256 1729 455 1808 ἀρετῶν
489 1744 502 1757 ⁸
575 1729 633 1790 ὃς
718 1730 803 1784 καὶ
874 1726 1158 1804 λαμϐάνων
1233 1728 1292 1785 ἐκ
1370 1735 1476 1784 τῶν
1537 1727 1896 1802 ὑποκειμένων

258 1818 443 1898 ἀρχῶν
503 1817 599 1884 τὴν
661 1815 712 1881 ἐξ
768 1817 1016 1894 ἑκατέρας
1086 1816 1218 1884 ὕλην
1267 1823 1374 1873 τῶν
1443 1816 1752 1896 εἰρημένων,
1808 1817 1900 1870 τὸν

259 1908 447 1971 νοητὸν
495 1910 593 1971 τῆς
652 1901 913 1967 εὐσεϐείας
968 1906 1166 1980 κόσμον
1223 1903 1539 1983 δημιουργεῖ
1582 1911 1650 1980 τῇ
1720 1908 1895 1982 ψυχῇ.

258 1996 360 2053 Καὶ
411 1995 485 2056 ὡς
537 1991 631 2068 μὲν
681 1993 898 2071 οὖρανὸν
976 1992 1191 2049 ἐκτείνει
1271 1994 1402 2070 αὐτῇ
1457 1995 1551 2061 τὴν
1622 1992 1893 2071 φρόνησιν,

257 2081 389 2148 ὅλην
417 2082 736 2150 κατάστερον
793 2082 866 2144 είς
923 2080 1208 2157 ὁλολαμπῆ
1266 2082 1432 2161 ζωὴν,

257 2168 518 2247 μεγάλους
549 2170 829 2248 φωστῆρας
859 2169 956 2236 τὴν
998 2171 1136 2226 θείαν
1193 2177 1408 2248 γνῶσιν,
1464 2172 1552 2226 καὶ
1608 2169 1706 2237 τὴν
1738 2189 1895 2248 φυσι-

253 2260 356 2325 κὴν
435 2259 673 2336 θεωρίαν,
761 2256 990 2333 λάμπειν
1077 2261 1164 2317 καὶ
1245 2259 1618 2338 καταφωτίζειν
1701 2259 1896 2324 ταύτην

253 2359 402 2404 ποιεῖ
435 2363 448 2376 ·
497 2348 570 2409 ὡς
601 2343 652 2402 δὲ
699 2348 800 2423 γῆν
827 2345 1068 2421 θεμελιοτ
1125 2348 1225 2414 τὴν
1271 2345 1602 2413 δικαιοσύνην
1633 2349 1790 2425 αὐτῇ,
1821 2347 1894 2408 εἰς

253 2433 559 2492 πανδαισίαν
602 2432 865 2493 ἀδάπανον
899 2455 915 2470 ’
975 2437 1048 2499 ὡς
1079 2434 1132 2491 δὲ
1174 2435 1301 2514 ἀέρα
1344 2433 1582 2514 ἀφαπλοϊ
1634 2435 1733 2502 τὴν
1776 2455 1892 2490 σω-

252 2523 537 2604 φροσύνην,
585 2524 658 2584 εἰς
727 2521 976 2598 ἀνάψυξιν
1046 2525 1132 2580 καὶ
1187 2523 1369 2602 δρόσον
1439 2524 1890 2603 ἀκραιφνέστάτης

250 2617 394 2684 ζωῆς
429 2633 441 2644 ⁸
491 2613 565 2676 ὡς
621 2608 673 2667 δὲ
730 2610 992 2668 θάλασσαν
1049 2613 1146 2680 τὴν
1200 2611 1431 2692 ἀνδρείαν
1487 2614 1640 2691 ὁρίζει
1699 2612 1753 2668 ἐν
1821 2619 1890 2688 τῇ

249 2701 490 2772 ἀσθενείᾳ
555 2705 654 2765 τῆς
719 2702 945 2780 φύσεως,
1019 2703 1088 2767 εἰς
1153 2702 1444 2780 καθαίρεσιν
1501 2701 1883 2781 ὀχυρωμάτων,

248 2792 339 2845 καὶ
393 2789 695 2863 ὕψωμάτων
744 2796 836 2845 τοῦ
893 2789 1143 2851 ἐναντίου.
1219 2798 1408 2848 Τοῦτον
1465 2790 1552 2846 οὖν
1621 2787 1758 2844 οὕτω
1798 2791 1887 2845 τὸν

248 2878 450 2951 κόσμον
505 2881 532 2933 6
579 2877 750 2954 Λόγος
807 2876 1118 2958 οἰκοδομῶν,
1178 2876 1391 2953 δύναμιν
1445 2878 1700 2944 ἐντίθησιν
1753 2879 1886 2953 αὐτῇ

244 2967 309 3020 τὸ
357 2972 565 3040 Πνεῦμα
623 2968 694 3028 εἱς
765 2967 968 3031 κίνησιν
1013 2969 1110 3042 μὲν
1152 2970 1375 3037 νοητὴν,
1420 2967 1507 3022 καὶ
1566 2966 1882 3044 ἀεικίνητον,

1490 2081 1542 2137 ἐν
1585 2085 1621 2158 ᾗ
1665 2082 1737 2142 ὡς
1795 2077 1899 2134 δύω

245 3055 317 3118 εἰς
350 3055 586 3134 συνοχὴν
617 3051 669 3109 δὲ
716 3051 1117 3112 ἀδιχσκέδαστόν
1174 3077 1231 3110 τε
1287 3057 1373 3111 καὶ
1414 3052 1621 3132 διαρκῆ,
1651 3054 1785 3110 κατά
1826 3057 1883 3109 τὸ

1975 3067 2190 3123 suram,
2217 3051 2383 3130 juxta
2407 3051 2645 3113 effatum
2679 3051 2860 3114 David
2888 3073 2901 3112 ε
2934 3077 2957 3107 ιι
2984 3049 3184 3113 Verbo
3211 3050 3450 3113 Domini
3472 3051 3607 3114 cali

244 3142 518 3221 εἰρημένον
547 3145 646 3199 ὑπὸ
680 3140 838 3198 Δαϐίδ
868 3163 884 3180 ι
939 3165 962 3197 α
1026 3150 1112 3218 Τῷ
1165 3143 1308 3222 λόγῳ
1370 3145 1551 3222 Κυρίου
1599 3146 1646 3200 οἱ
1677 3142 1880 3221 οὗρανοὶ

243 3232 656 3310 ἐστερεώθησαν,
717 3233 803 3286 καὶ
858 3232 936 3306 τῷ
986 3233 1239 3307 πνεύματι
1283 3238 1375 3288 τοῦ
1421 3232 1684 3305 στόματος
1725 3231 1880 3287 αὒτοῦ

242 3327 388 3377 πᾶσα
414 3321 451 3387 ἠ
480 3318 693 3396 δύναμις
723 3320 916 3382 αὐτῶν,
961 3344 988 3375 »

322 3399 391 3470 ν’,
455 3418 584 3472 Ταῖς
656 3423 1038 3483 πνευματικαῖς
1095 3407 1498 3484 μεθηλικιώσεσι
1559 3414 1662 3464 τῶν
1709 3429 1876 3464 σπου-

238 3494 422 3577 δαίων,
494 3495 889 3562 συναυξάνεσθαι
968 3497 1165 3578 πέφυκε
1240 3498 1326 3554 καὶ
1397 3500 1424 3552 6
1482 3499 1666 3573 Κύριος
1723 3496 1875 3571 ἡμῶν

239 3583 444 3651 Ἰησοῦς
497 3589 738 3664 Χριστός.
804 3589 902 3643 Καὶ
956 3584 1043 3641 ὅτε
1102 3585 1195 3662 μὲν
1254 3584 1432 3655 νήπιοί
1489 3586 1585 3641 εἰσι
1639 3582 1875 3659 δεόμενοι

237 3672 524 3750 γάλακτος,
581 3671 824 3744 θηλάζειν
897 3673 1106 3752 λέγεται
1163 3675 1224 3730 τὸ
1286 3672 1423 3752 γάλα
1490 3675 1594 3727 τῶν
1651 3675 1876 3750 εἰσαγω-

238 3766 404 3839 γικῶν
467 3761 666 3840 ἀρετῶν
723 3767 820 3828 τῆς
882 3763 1166 3840 γυμνασίας
1222 3773 1315 3820 τοῦ
1370 3761 1641 3840 σώματος,
1700 3763 1760 3818 οὗ
1814 3765 1876 3818 τὸ

236 3847 505 3928 ὠφέλιμον
547 3851 678 3927 πρὸς
727 3848 901 3926 ὀλίγον
955 3850 1062 3906 ἐστὶ
1114 3863 1228 3912 τοῖς
1274 3849 1542 3914 αὒξάνουσι
1586 3849 1702 3904 κατ’
1746 3850 1873 3928 ἀρε-

235 3938 336 4017 Ei”
378 3939 466 3993 καὶ
493 3940 627 3994 κατά
683 3941 869 4017 μικρὸν
911 3936 1364 4012 ἀποϐαλλομενοις
1421 3941 1517 4004 την
1549 3939 1869 4004 νηπιότητα.

243 4006 360 4083 ’ὅτε
411 4023 466 4080 δὲ
516 4028 647 4104 πρὸς
703 4027 1001 4090 νεανίσκους
1059 4025 1308 4083 ἀνέλθωσι
1353 4028 1440 4082 καὶ
1497 4027 1595 4093 τὴν
1640 4025 1876 4104 στερῤεάν

233 4113 432 4192 τροφὴν
474 4114 762 4193 τρέφωνται
803 4117 899 4181 τῆς
955 4116 1168 4193 θεωρίας
1217 4116 1320 4171 τῶν
1365 4114 1552 4195 ὄντων,
1611 4118 1684 4178 ὡς
1714 4137 1876 4193 γεγυ-

1959 3138 2194 3200 formati
2219 3146 2377 3215 sunt,
2413 3147 2470 3201 et
2501 3139 2714 3220 spiritu
2737 3143 2858 3202 oris
2881 3140 3010 3219 ejus
3039 3138 3234 3201 omnis
3281 3139 3469 3203 virtus
3495 3159 3605 3204 eo-

1959 3245 2090 3290 rum
2119 3230 2170 3291 2.
2208 3253 2236 3284 ι

2038 3407 2138 3470 50.
2175 3407 2440 3470 Fervidis
2486 3405 2873 3489 spiritualiter
2921 3405 3351 3483 crescentibus,
3387 3410 3606 3471 crescit

1963 3514 2098 3558 cum
2130 3496 2216 3556 eis
2247 3495 2531 3557 Dominus
2578 3503 2782 3556 noster
2825 3493 3001 3557 Jesus
3042 3495 3330 3557 Christus.
3364 3494 3436 3557 Et
3465 3515 3598 3558 cum

1963 3584 2187 3664 parvuli
2217 3591 2354 3645 sunt
2384 3585 2533 3646 lacte
2563 3584 2920 3661 indigentes,
2954 3601 3166 3662 sugere
3200 3583 3480 3646 dicuntur
3508 3584 3601 3647 lac

1959 3671 2250 3732 initialum
2285 3671 2562 3732 virtutum
2595 3670 2917 3750 corporalis
2945 3671 3410 3747 exercitationis,
3443 3673 3601 3753 quod

1961 3778 2164 3840 parum
2197 3760 2340 3820 utile
2372 3769 2460 3821 est
2483 3759 2556 3819 iis
2587 3759 2686 3839 qui
2719 3767 2993 3820 crescunt
3016 3759 3076 3820 in
3107 3760 3319 3821 virtute
3349 3779 3418 3822 ac
3449 3780 3600 3841 pau-

1960 3849 2142 3928 lisper
2165 3849 2464 3910 infantiam
2484 3855 2722 3909 exuunt.
2749 3850 2894 3910 Cum
2919 3856 3114 3908 autem
3146 3849 3217 3910 ad
3248 3848 3600 3912 adolescens

1959 3939 2094 3997 tiam
2129 3945 2544 4018 pervenerunt,
2574 3947 2627 3998 et
2659 3936 2849 3998 solido
2881 3937 3228 3998 nutriuntur
3271 3937 3403 3999 cibo
3446 3957 3595 4000 con-

1963 4025 2364 4103 templationis
2411 4043 2632 4100 rerum,
2667 4032 2730 4086 ut
2757 4025 3030 4085 sensibus
3080 4025 3295 4086 anima
3327 4027 3593 4104 exerciti,

1959 4133 2231 4176 crescere
2279 4114 2556 4176 dicuntur
2603 4122 2772 4174 atate
2821 4123 2879 4174 et
2927 4113 3136 4192 gratia.
3186 4113 3247 4174 in
3280 4114 3597 4196 medioque

235 4201 528 4276 μνασμένοι
555 4204 622 4258 τὰ
659 4209 758 4270 τῆς
804 4209 985 4283 ψυχῆς
1021 4206 1353 4283 αἰσθητήρια,
1409 4206 1723 4284 προκόπτειν
1779 4204 1872 4260 λέ-

1975 4203 2260 4266 seniorum
2290 4204 2524 4276 sedere,
2559 4210 2614 4263 et
2653 4203 2739 4262 eis
2786 4203 3051 4264 revelare
3099 4203 3391 4282 profunda
3423 4211 3595 4268 tene-

233 4311 384 4368 γεται
439 4290 619 4362 ἡλικίᾳ
674 4294 760 4348 καὶ
833 4295 1036 4372 χάριτι,
1125 4295 1210 4349 καὶ
1290 4294 1450 4368 μέσον
1516 4292 1872 4373 πρεσϐυτέρων

232 4378 593 4457 καθέζεσθαι,Δ
631 4382 718 4436 καὶ
776 4381 1155 4438 ἀνακαλύπτειν
1214 4386 1394 4445 αὐτοῖς
1461 4382 1525 4438 τὰ
1595 4383 1754 4457 βαθέα
1814 4383 1872 4438 έκ

232 4467 476 4529 σκότους.
569 4452 678 4525 ⁸ὸτε
747 4467 800 4523 δὲ
859 4472 988 4548 πρὸς
1046 4468 1199 4548 ἄνδρα
1241 4469 1462 4542 τέλειον,
1509 4472 1637 4547 πρὸς
1683 4471 1869 4550 μέτρον

231 4554 442 4623 ἡλικίας
499 4553 816 4612 τελειωθῷσι
877 4566 967 4614 τοῦ
1034 4558 1392 4636 πληρώματος
1462 4565 1553 4614 τοῦ
1623 4567 1867 4636 Χριστοῦ,

230 4643 511 4719 κηρύσσειν
567 4642 777 4722 λέγεται
835 4648 924 4702 τὸν
963 4647 1152 4724 -λόγον
1208 4653 1334 4702 πᾶσι
1405 4647 1500 4714 τῆς
1567 4648 1876 4721 μετανοίας,

303 4736 318 4756 ς
353 4732 375 4752 ἢ
403 4732 453 4753 κν
495 4757 504 4765 ἡ
719 4737 730 4751 ι
933 4738 945 4755 κ
1083 4739 1092 4750 ι
1262 4739 1275 4756 ι
1369 4737 1391 4747 ε·
1808 4745 1831 4754 -

230 4756 322 4790 και
347 4747 604 4792 οιοασκειν
654 4758 774 4800 τους
833 4735 988 4800 λαους
1043 4759 1108 4792 τα
1164 4759 1279 4815 περι
1332 4760 1426 4804 της
1470 4735 1736 4812 βασιλείας
1765 4761 1870 4794 των

229 4822 486 4901 οὐρανῶν,
551 4827 639 4880 καὶ
687 4826 817 4901 πρὸς
872 4827 932 4880 τὸ
986 4829 1173 4882 παθεῖν
1230 4826 1644 4902 κατεπείγεσθαι,
1707 4833 1870 4884 Τοῦτο

227 4912 334 4990 γήρ
376 4910 486 4968 ἐστι
516 4915 576 4968 τὸ
638 4913 780 4978 τέλος
825 4917 1021 4977 παντὸς
1078 4923 1169 4971 τοῦ
1211 4913 1574 4976 τελειωθέντος
1636 4915 1687 4971 ἐν
1744 4917 1870 4995 ἀρε-

226 5013 376 5080 ταῖς,
409 5000 502 5058 ἵνα
532 5003 666 5077 μετά
696 5004 756 5057 τὸ
785 5003 958 5065 πάσας
989 5001 1213 5060 διελθεῖν
1261 5004 1354 5066 τὰς
1383 5002 1591 5070 ἡλικίας
1621 5011 1864 5082 Χριστοῦ,

227 5091 304 5152 εἰς
333 5091 393 5146 τὸ
421 5091 585 5154 πάθος
614 5092 920 5167 καταντήσῃ
951 5093 1054 5148 τῶν
1083 5097 1410 5171 πειρασμῶν,
1455 5093 1590 5148 κατά
1619 5094 1708 5149 τὸν
1737 5093 1868 5150 ἐκεί-

226 5200 320 5234 νου
343 5179 608 5258 σταυρόν(

309 5257 417 5331 να’,
476 5251 625 5330 ’σΕως
654 5269 754 5324 ὑπὸ
805 5269 868 5324 τὰ
926 5282 1172 5348 στοιχεῖα
1226 5268 1322 5336 σῆς
1368 5271 1654 5346 γυμνασίας
1683 5271 1864 5348 ἐσμὲν,

309 5463 341 5516 ²
369 5463 524 5530 Psal.
559 5483 745 5541 xxxn,
777 5469 837 5530 6.
921 5469 952 5519 δ
986 5469 1202 5550 Ephes.
1238 5487 1314 5545 Iv,
1352 5468 1447 5531 t3.

1959 4292 2218 4354 brarum.
2253 4292 2396 4355 Cum
2428 4291 2685 4372 denique
2716 4291 2774 4351 in
2803 4291 2991 4352 virum
3026 4292 3353 4372 perfectum
3387 4313 3618 4372 perveo,

1957 4391 2169 4444 nerunt
2198 4390 2256 4444 et
2294 4383 2354 4443 in
2408 4399 2743 4443 mensuram
2776 4381 2963 4443 atatis
2998 4381 3386 4460 plenitudinis
3415 4382 3591 4447 Chri-

1955 4472 2029 4534 sti
2047 4473 2096 4547 5,
2135 4473 2458 4552 pradicare
2487 4470 2765 4532 dicuntur
2793 4470 3074 4532 omnibus
3107 4470 3358 4534 verbum
3393 4474 3590 4554 poeni-

1955 4561 2174 4632 tentia,
2211 4568 2266 4621 et
2297 4560 2514 4621 docere
2563 4559 2812 4640 populos
2861 4559 3137 4640 mysteria
3185 4561 3353 4639 regni
3406 4562 3590 4624 calo-

1952 4668 2106 4720 rum,
2170 4658 2226 4710 et
2271 4648 2344 4710 ad
2401 4666 2636 4710 crucem
2698 4666 3041 4728 properare.
3096 4647 3240 4710 Nam
3293 4651 3488 4711 omnis
3528 4651 3592 4713 in

1953 4737 2168 4798 virtute
2200 4737 2494 4816 perfectus
2529 4755 2600 4798 eo
2629 4736 2862 4798 tandem
2907 4736 3164 4813 devenit,
3191 4744 3252 4798 ut
3281 4746 3587 4819 postquam

1957 4826 2250 4907 percurrit
2289 4833 2490 4887 atates
2537 4824 2777 4896 Christi,
2820 4833 3094 4888 occurrat
3134 4825 3194 4886 in
3246 4825 3585 4906 passionem

1958 4913 2373 4987 tentationum,
2407 4921 2467 4974 ut
2497 4913 2598 4975 ille
2625 4913 2686 4974 in
2717 4932 2978 4976 crucem.

2026 5272 2091 5331 51
2115 5319 2126 5332 .
2149 5268 2417 5342 Quandiu
2447 5267 2558 5329 sub
2585 5268 2902 5330 elementis
2921 5267 3332 5331 execitationis
3351 5287 3578 5351 sumus,
