  <div class='ocr_page' id='page_1' title='image "/cluster/home/n/w/nwhite01/storage/ocr_20150623/120/mdp.39015008866736/495.png"; bbox 0 0 4052 6134; ppageno 0'>
   <div class='ocr_carea' id='block_1_1' title="bbox 441 245 559 310">
    <p class='ocr_par' dir='ltr' id='par_1_1' title="bbox 441 245 559 310">
     <span class='ocr_line' id='line_1_1' title="bbox 441 245 559 310; baseline 0.008 -1"><span class='ocrx_word' id='word_1_1' title='bbox 441 245 559 310; x_wconf 83' lang='lat'><strong>979</strong></span> 
     </span>
    </p>
   </div>
   <div class='ocr_carea' id='block_1_2' title="bbox 1732 250 2504 318">
    <p class='ocr_par' dir='ltr' id='par_1_2' title="bbox 1732 250 2504 318">
     <span class='ocr_line' id='line_1_2' title="bbox 1732 250 2504 318; baseline 0.006 -7"><span class='ocrx_word' id='word_1_2' title='bbox 1732 250 1785 312; x_wconf 89' lang='grc' dir='ltr'><strong>Ν</strong></span> <span class='ocrx_word' id='word_1_3' title='bbox 1790 250 2035 312; x_wconf 62' lang='grc' dir='ltr'><strong>ΙΟΕΤΑΕ</strong></span> <span class='ocrx_word' id='word_1_4' title='bbox 2075 251 2504 318; x_wconf 84' lang='lat' dir='ltr'><strong>PECTORATI</strong></span> 
     </span>
    </p>
   </div>
   <div class='ocr_carea' id='block_1_3' title="bbox 3713 252 3827 321">
    <p class='ocr_par' dir='ltr' id='par_1_3' title="bbox 3713 252 3827 321">
     <span class='ocr_line' id='line_1_3' title="bbox 3713 252 3827 321; baseline 0.009 -1"><span class='ocrx_word' id='word_1_5' title='bbox 3713 252 3827 321; x_wconf 75' lang='lat'><strong>980</strong></span> 
     </span>
    </p>
   </div>
   <div class='ocr_carea' id='block_1_4' title="bbox 439 378 2079 471">
    <p class='ocr_par' dir='ltr' id='par_1_4' title="bbox 439 378 2079 471">
     <span class='ocr_line' id='line_1_4' title="bbox 439 378 2079 471; baseline -0.001 -30"><span class='ocrx_word' id='word_1_6' title='bbox 439 385 718 471; x_wconf 81' lang='lat' dir='ltr'><strong>caventes</strong></span> <span class='ocrx_word' id='word_1_7' title='bbox 765 401 799 444; x_wconf 87' lang='lat' dir='ltr'><strong>a</strong></span> <span class='ocrx_word' id='word_1_8' title='bbox 847 385 1134 462; x_wconf 84' lang='lat' dir='ltr'><strong>gustando</strong></span> <span class='ocrx_word' id='word_1_9' title='bbox 1191 385 1502 459; x_wconf 89' lang='lat' dir='ltr'><strong>alimenta,</strong></span> <span class='ocrx_word' id='word_1_10' title='bbox 1564 383 1657 445; x_wconf 89' lang='lat' dir='ltr'><strong>vel</strong></span> <span class='ocrx_word' id='word_1_11' title='bbox 1716 401 1750 445; x_wconf 89' lang='lat' dir='ltr'><strong>a</strong></span> <span class='ocrx_word' id='word_1_12' title='bbox 1796 378 2079 471; x_wconf 70' lang='lat' dir='ltr'><strong>pulpandt</strong></span> 
     </span>
    </p>
   </div>
   <div class='ocr_carea' id='block_1_5' title="bbox 2165 378 3822 471">
    <p class='ocr_par' dir='ltr' id='par_1_5' title="bbox 2178 388 3822 471">
     <span class='ocr_line' id='line_1_5' title="bbox 2178 388 3822 471; baseline 0.012 -33"><span class='ocrx_word' id='word_1_13' title='bbox 2178 389 2639 471; x_wconf 63' lang='grc' dir='ltr'><strong>παρατηρούμενοι</strong></span> <span class='ocrx_word' id='word_1_14' title='bbox 2690 389 2941 446; x_wconf 69' lang='grc' dir='ltr'>ἅπτεσθαι</span> <span class='ocrx_word' id='word_1_15' title='bbox 2984 392 3302 470; x_wconf 80' lang='grc' dir='ltr'><strong>βρωμάτων,</strong></span> <span class='ocrx_word' id='word_1_16' title='bbox 3350 393 3385 460; x_wconf 75' lang='grc' dir='ltr'><strong>ἢ</strong></span> <span class='ocrx_word' id='word_1_17' title='bbox 3440 393 3606 471; x_wconf 80' lang='grc' dir='ltr'>θίγειν</span> <span class='ocrx_word' id='word_1_18' title='bbox 3662 388 3822 468; x_wconf 62' lang='grc' dir='ltr'><strong>ἆφῆς,</strong></span> 
     </span>
    </p>
   </div>
   <div class='ocr_carea' id='block_1_6' title="bbox 440 468 2090 553">
    <p class='ocr_par' dir='ltr' id='par_1_6' title="bbox 440 468 2090 553">
     <span class='ocr_line' id='line_1_6' title="bbox 440 468 2090 553; baseline -0.001 -24"><span class='ocrx_word' id='word_1_19' title='bbox 440 468 766 547; x_wconf 85' lang='lat' dir='ltr'><strong>tangibilia,</strong></span> <span class='ocrx_word' id='word_1_20' title='bbox 818 471 908 532; x_wconf 97' lang='lat' dir='ltr'><strong>vel</strong></span> <span class='ocrx_word' id='word_1_21' title='bbox 957 471 1030 532; x_wconf 91' lang='lat' dir='ltr'><strong>ab</strong></span> <span class='ocrx_word' id='word_1_22' title='bbox 1071 472 1443 553; x_wconf 78' lang='lat' dir='ltr'><strong>inspicienda</strong></span> <span class='ocrx_word' id='word_1_23' title='bbox 1501 471 1969 552; x_wconf 88' lang='lat' dir='ltr'><strong>pulchritudine,</strong></span> <span class='ocrx_word' id='word_1_24' title='bbox 1999 469 2090 529; x_wconf 89' lang='lat' dir='ltr'><strong>vel</strong></span> 
     </span>
    </p>
   </div>
   <div class='ocr_carea' id='block_1_7' title="bbox 439 555 2090 631">
    <p class='ocr_par' dir='ltr' id='par_1_7' title="bbox 439 555 2090 631">
     <span class='ocr_line' id='line_1_7' title="bbox 439 555 2090 631; baseline -0.001 -13"><span class='ocrx_word' id='word_1_25' title='bbox 439 555 516 619; x_wconf 92' lang='lat' dir='ltr'><strong>ab</strong></span> <span class='ocrx_word' id='word_1_26' title='bbox 545 557 859 619; x_wconf 86' lang='lat' dir='ltr'><strong>audiendis</strong></span> <span class='ocrx_word' id='word_1_27' title='bbox 887 561 1225 631; x_wconf 84' lang='lat' dir='ltr'><strong>canoribus.</strong></span> <span class='ocrx_word' id='word_1_28' title='bbox 1262 561 1350 622; x_wconf 90' lang='lat' dir='ltr'><strong>vel</strong></span> <span class='ocrx_word' id='word_1_29' title='bbox 1384 561 1457 622; x_wconf 90' lang='lat' dir='ltr'><strong>ab</strong></span> <span class='ocrx_word' id='word_1_30' title='bbox 1490 559 1779 622; x_wconf 86' lang='lat' dir='ltr'><strong>odoribus</strong></span> <span class='ocrx_word' id='word_1_31' title='bbox 1801 558 2090 621; x_wconf 85' lang='lat' dir='ltr'><strong>olfacien-</strong></span> 
     </span>
    </p>
   </div>
   <div class='ocr_carea' id='block_1_8' title="bbox 439 644 2091 724">
    <p class='ocr_par' dir='ltr' id='par_1_8' title="bbox 439 644 2091 724">
     <span class='ocr_line' id='line_1_8' title="bbox 439 644 2091 724; baseline 0.001 -19"><span class='ocrx_word' id='word_1_32' title='bbox 439 644 555 724; x_wconf 92' lang='lat' dir='ltr'><strong>dis,</strong></span> <span class='ocrx_word' id='word_1_33' title='bbox 589 645 700 707; x_wconf 90' lang='lat' dir='ltr'><strong>sub</strong></span> <span class='ocrx_word' id='word_1_34' title='bbox 740 647 1033 709; x_wconf 91' lang='lat' dir='ltr'><strong>tutoribus</strong></span> <span class='ocrx_word' id='word_1_35' title='bbox 1082 657 1142 711; x_wconf 91' lang='lat' dir='ltr'><strong>et</strong></span> <span class='ocrx_word' id='word_1_36' title='bbox 1188 648 1490 710; x_wconf 89' lang='lat' dir='ltr'><strong>actoribus</strong></span> <span class='ocrx_word' id='word_1_37' title='bbox 1539 667 1770 721; x_wconf 85' lang='lat' dir='ltr'><strong>sumus,</strong></span> <span class='ocrx_word' id='word_1_38' title='bbox 1804 655 1868 708; x_wconf 92' lang='lat' dir='ltr'><strong>ut</strong></span> <span class='ocrx_word' id='word_1_39' title='bbox 1896 647 2091 708; x_wconf 89' lang='lat' dir='ltr'><strong>adhuc</strong></span> 
     </span>
    </p>
   </div>
   <div class='ocr_carea' id='block_1_9' title="bbox 439 733 2087 814">
    <p class='ocr_par' dir='ltr' id='par_1_9' title="bbox 439 733 2087 814">
     <span class='ocr_line' id='line_1_9' title="bbox 439 733 2087 814; baseline 0 -21"><span class='ocrx_word' id='word_1_40' title='bbox 439 733 690 813; x_wconf 87' lang='lat' dir='ltr'><strong>parvuli,</strong></span> <span class='ocrx_word' id='word_1_41' title='bbox 707 736 979 814; x_wconf 85' lang='lat' dir='ltr'><strong>quamvis</strong></span> <span class='ocrx_word' id='word_1_42' title='bbox 996 737 1264 799; x_wconf 68' lang='lat' dir='ltr'><strong>llaaredes</strong></span> <span class='ocrx_word' id='word_1_43' title='bbox 1285 737 1473 800; x_wconf 91' lang='lat' dir='ltr'><strong>simus</strong></span> <span class='ocrx_word' id='word_1_44' title='bbox 1489 746 1546 798; x_wconf 92' lang='lat' dir='ltr'><strong>et</strong></span> <span class='ocrx_word' id='word_1_45' title='bbox 1563 736 1792 799; x_wconf 88' lang='lat' dir='ltr'><strong>domini</strong></span> <span class='ocrx_word' id='word_1_46' title='bbox 1821 734 2087 796; x_wconf 91' lang='lat' dir='ltr'><strong>omnium</strong></span> 
     </span>
    </p>
   </div>
   <div class='ocr_carea' id='block_1_10' title="bbox 438 821 2092 906">
    <p class='ocr_par' dir='ltr' id='par_1_10' title="bbox 438 821 2092 906">
     <span class='ocr_line' id='line_1_10' title="bbox 438 821 2092 906; baseline 0 -24"><span class='ocrx_word' id='word_1_47' title='bbox 438 821 628 882; x_wconf 86' lang='lat' dir='ltr'><strong>Patris</strong></span> <span class='ocrx_word' id='word_1_48' title='bbox 659 821 974 887; x_wconf 89' lang='lat' dir='ltr'><strong>bonorum.</strong></span> <span class='ocrx_word' id='word_1_49' title='bbox 1007 826 1082 887; x_wconf 89' lang='lat' dir='ltr'><strong>At</strong></span> <span class='ocrx_word' id='word_1_50' title='bbox 1108 825 1212 888; x_wconf 92' lang='lat' dir='ltr'><strong>ubi</strong></span> <span class='ocrx_word' id='word_1_51' title='bbox 1253 826 1413 888; x_wconf 88' lang='lat' dir='ltr'><strong>venit</strong></span> <span class='ocrx_word' id='word_1_52' title='bbox 1457 824 1761 906; x_wconf 85' lang='lat' dir='ltr'><strong>plenitudo</strong></span> <span class='ocrx_word' id='word_1_53' title='bbox 1805 821 2092 902; x_wconf 85' lang='lat' dir='ltr'><strong>temporis</strong></span> 
     </span>
    </p>
   </div>
   <div class='ocr_carea' id='block_1_11' title="bbox 436 909 2091 994">
    <p class='ocr_par' dir='ltr' id='par_1_11' title="bbox 436 909 2091 994">
     <span class='ocr_line' id='line_1_11' title="bbox 436 909 2091 994; baseline 0.001 -23"><span class='ocrx_word' id='word_1_54' title='bbox 436 909 622 991; x_wconf 91' lang='lat' dir='ltr'><strong>illius,</strong></span> <span class='ocrx_word' id='word_1_55' title='bbox 654 919 712 972; x_wconf 91' lang='lat' dir='ltr'><strong>et</strong></span> <span class='ocrx_word' id='word_1_56' title='bbox 758 931 863 993; x_wconf 87' lang='lat' dir='ltr'><strong>per</strong></span> <span class='ocrx_word' id='word_1_57' title='bbox 903 914 1444 994; x_wconf 88' lang='lat' dir='ltr'><strong>impassibilitatem</strong></span> <span class='ocrx_word' id='word_1_58' title='bbox 1499 914 1743 993; x_wconf 89' lang='lat' dir='ltr'><strong>impleta</strong></span> <span class='ocrx_word' id='word_1_59' title='bbox 1787 921 1899 983; x_wconf 90' lang='lat' dir='ltr'><strong>est,</strong></span> <span class='ocrx_word' id='word_1_60' title='bbox 1951 918 2091 972; x_wconf 92' lang='lat' dir='ltr'><strong>tunc</strong></span> 
     </span>
    </p>
   </div>
   <div class='ocr_carea' id='block_1_12' title="bbox 436 997 2087 1084">
    <p class='ocr_par' dir='ltr' id='par_1_12' title="bbox 436 997 2087 1084">
     <span class='ocr_line' id='line_1_12' title="bbox 436 997 2087 1084; baseline -0.002 -23"><span class='ocrx_word' id='word_1_61' title='bbox 436 997 701 1061; x_wconf 84' lang='lat' dir='ltr'><strong>Verbum</strong></span> <span class='ocrx_word' id='word_1_62' title='bbox 733 1001 794 1062; x_wconf 93' lang='lat' dir='ltr'><strong>in</strong></span> <span class='ocrx_word' id='word_1_63' title='bbox 828 1002 1000 1063; x_wconf 90' lang='lat' dir='ltr'><strong>nobis</strong></span> <span class='ocrx_word' id='word_1_64' title='bbox 1030 1003 1104 1065; x_wconf 92' lang='lat' dir='ltr'><strong>de</strong></span> <span class='ocrx_word' id='word_1_65' title='bbox 1127 1021 1276 1084; x_wconf 91' lang='lat' dir='ltr'><strong>puro</strong></span> <span class='ocrx_word' id='word_1_66' title='bbox 1300 1003 1483 1065; x_wconf 89' lang='lat' dir='ltr'><strong>corde</strong></span> <span class='ocrx_word' id='word_1_67' title='bbox 1511 1002 1795 1074; x_wconf 90' lang='lat' dir='ltr'><strong>nascitur,</strong></span> <span class='ocrx_word' id='word_1_68' title='bbox 1823 998 2087 1061; x_wconf 86' lang='lat' dir='ltr'><strong>etﬁtsub</strong></span> 
     </span>
    </p>
   </div>
   <div class='ocr_carea' id='block_1_13' title="bbox 438 1087 2089 1173">
    <p class='ocr_par' dir='ltr' id='par_1_13' title="bbox 438 1087 2089 1173">
     <span class='ocr_line' id='line_1_13' title="bbox 438 1087 2089 1173; baseline -0.001 -25"><span class='ocrx_word' id='word_1_69' title='bbox 438 1087 571 1166; x_wconf 86' lang='lat' dir='ltr'><strong>lege</strong></span> <span class='ocrx_word' id='word_1_70' title='bbox 601 1089 870 1171; x_wconf 83' lang='lat' dir='ltr'><strong>spiritus,</strong></span> <span class='ocrx_word' id='word_1_71' title='bbox 901 1099 963 1152; x_wconf 91' lang='lat' dir='ltr'><strong>ut</strong></span> <span class='ocrx_word' id='word_1_72' title='bbox 991 1111 1101 1154; x_wconf 90' lang='lat' dir='ltr'><strong>nos</strong></span> <span class='ocrx_word' id='word_1_73' title='bbox 1130 1093 1233 1173; x_wconf 91' lang='lat' dir='ltr'><strong>qui</strong></span> <span class='ocrx_word' id='word_1_74' title='bbox 1263 1092 1372 1154; x_wconf 87' lang='lat' dir='ltr'><strong>sub</strong></span> <span class='ocrx_word' id='word_1_75' title='bbox 1422 1093 1553 1171; x_wconf 84' lang='lat' dir='ltr'><strong>lege</strong></span> <span class='ocrx_word' id='word_1_76' title='bbox 1583 1108 1790 1151; x_wconf 87' lang='lat' dir='ltr'><strong>sumus</strong></span> <span class='ocrx_word' id='word_1_77' title='bbox 1820 1087 2089 1150; x_wconf 89' lang='lat' dir='ltr'><strong>carnales</strong></span> 
     </span>
    </p>
   </div>
   <div class='ocr_carea' id='block_1_14' title="bbox 434 1175 2090 1259">
    <p class='ocr_par' dir='ltr' id='par_1_14' title="bbox 434 1175 2090 1259">
     <span class='ocr_line' id='line_1_14' title="bbox 434 1175 2090 1259; baseline -0.001 -22"><span class='ocrx_word' id='word_1_78' title='bbox 434 1195 660 1257; x_wconf 90' lang='lat' dir='ltr'><strong>sumus,</strong></span> <span class='ocrx_word' id='word_1_79' title='bbox 710 1177 1003 1253; x_wconf 86' lang='lat' dir='ltr'><strong>redimat,</strong></span> <span class='ocrx_word' id='word_1_80' title='bbox 1051 1187 1108 1241; x_wconf 92' lang='lat' dir='ltr'><strong>et</strong></span> <span class='ocrx_word' id='word_1_81' title='bbox 1155 1180 1535 1259; x_wconf 85' lang='lat' dir='ltr'><strong>adoptionem</strong></span> <span class='ocrx_word' id='word_1_82' title='bbox 1599 1178 1855 1239; x_wconf 90' lang='lat' dir='ltr'><strong>ﬁliorum</strong></span> <span class='ocrx_word' id='word_1_83' title='bbox 1918 1175 2090 1237; x_wconf 86' lang='lat' dir='ltr'><strong>nobis</strong></span> 
     </span>
    </p>
   </div>
   <div class='ocr_carea' id='block_1_15' title="bbox 433 1263 2088 1349">
    <p class='ocr_par' dir='ltr' id='par_1_15' title="bbox 433 1263 2088 1349">
     <span class='ocr_line' id='line_1_15' title="bbox 433 1263 2088 1349; baseline -0.002 -22"><span class='ocrx_word' id='word_1_84' title='bbox 433 1265 667 1327; x_wconf 85' lang='lat' dir='ltr'><strong>reddat.</strong></span> <span class='ocrx_word' id='word_1_85' title='bbox 704 1265 829 1328; x_wconf 86' lang='lat' dir='ltr'><strong>Hoc</strong></span> <span class='ocrx_word' id='word_1_86' title='bbox 859 1277 1056 1329; x_wconf 92' lang='lat' dir='ltr'><strong>autem</strong></span> <span class='ocrx_word' id='word_1_87' title='bbox 1090 1269 1265 1342; x_wconf 85' lang='lat' dir='ltr'><strong>facto,</strong></span> <span class='ocrx_word' id='word_1_88' title='bbox 1296 1278 1435 1330; x_wconf 92' lang='lat' dir='ltr'><strong>tunc</strong></span> <span class='ocrx_word' id='word_1_89' title='bbox 1454 1267 1790 1349; x_wconf 90' lang='lat' dir='ltr'><strong>Spiritusin</strong></span> <span class='ocrx_word' id='word_1_90' title='bbox 1812 1263 2088 1327; x_wconf 74' lang='lat' dir='ltr'><strong>cordibus</strong></span> 
     </span>
    </p>
   </div>
   <div class='ocr_carea' id='block_1_16' title="bbox 433 1353 2090 1423">
    <p class='ocr_par' dir='ltr' id='par_1_16' title="bbox 433 1353 2090 1423">
     <span class='ocr_line' id='line_1_16' title="bbox 433 1353 2090 1423; baseline 0 -8"><span class='ocrx_word' id='word_1_91' title='bbox 433 1353 657 1415; x_wconf 90' lang='lat' dir='ltr'><strong>nostris</strong></span> <span class='ocrx_word' id='word_1_92' title='bbox 691 1357 909 1419; x_wconf 90' lang='lat' dir='ltr'><strong>clamat</strong></span> <span class='ocrx_word' id='word_1_93' title='bbox 949 1376 963 1416; x_wconf 92' lang='lat'><strong>:</strong></span> <span class='ocrx_word' id='word_1_94' title='bbox 1028 1381 1050 1412; x_wconf 78' lang='grc' dir='ltr'>α</span> <span class='ocrx_word' id='word_1_95' title='bbox 1088 1357 1296 1423; x_wconf 86' lang='lat' dir='ltr'><strong>Abba.</strong></span> <span class='ocrx_word' id='word_1_96' title='bbox 1351 1358 1522 1419; x_wconf 86' lang='lat' dir='ltr'><strong>Pater</strong></span> <span class='ocrx_word' id='word_1_97' title='bbox 1580 1378 1609 1416; x_wconf 70' lang='grc' dir='ltr'><strong>ι</strong></span> <span class='ocrx_word' id='word_1_98' title='bbox 1663 1354 1986 1417; x_wconf 89' lang='lat' dir='ltr'><strong>ostendens</strong></span> <span class='ocrx_word' id='word_1_99' title='bbox 2031 1361 2090 1415; x_wconf 89' lang='lat' dir='ltr'><strong>et</strong></span> 
     </span>
    </p>
   </div>
   <div class='ocr_carea' id='block_1_17' title="bbox 435 1443 2085 1519">
    <p class='ocr_par' dir='ltr' id='par_1_17' title="bbox 435 1443 2085 1519">
     <span class='ocr_line' id='line_1_17' title="bbox 435 1443 2085 1519; baseline -0.002 -14"><span class='ocrx_word' id='word_1_100' title='bbox 435 1443 817 1505; x_wconf 79' lang='lat' dir='ltr'><strong>manifestans</strong></span> <span class='ocrx_word' id='word_1_101' title='bbox 850 1444 1023 1506; x_wconf 90' lang='lat' dir='ltr'><strong>nobis</strong></span> <span class='ocrx_word' id='word_1_102' title='bbox 1052 1445 1423 1519; x_wconf 87' lang='lat' dir='ltr'><strong>ﬁliationem,</strong></span> <span class='ocrx_word' id='word_1_103' title='bbox 1452 1444 1589 1506; x_wconf 84' lang='lat' dir='ltr'><strong>etin</strong></span> <span class='ocrx_word' id='word_1_104' title='bbox 1629 1443 1815 1505; x_wconf 88' lang='lat' dir='ltr'><strong>Deum</strong></span> <span class='ocrx_word' id='word_1_105' title='bbox 1849 1445 2085 1504; x_wconf 83' lang='lat' dir='ltr'><strong>Patrem</strong></span> 
     </span>
    </p>
   </div>
   <div class='ocr_carea' id='block_1_18' title="bbox 433 1530 2080 1610">
    <p class='ocr_par' dir='ltr' id='par_1_18' title="bbox 433 1530 2080 1610">
     <span class='ocr_line' id='line_1_18' title="bbox 433 1530 2080 1610; baseline -0.003 -15"><span class='ocrx_word' id='word_1_106' title='bbox 433 1532 881 1597; x_wconf 88' lang='lat' dir='ltr'><strong>conﬁdentiam.</strong></span> <span class='ocrx_word' id='word_1_107' title='bbox 916 1532 988 1594; x_wconf 91' lang='lat' dir='ltr'><strong>Et</strong></span> <span class='ocrx_word' id='word_1_108' title='bbox 1016 1534 1325 1595; x_wconf 83' lang='lat' dir='ltr'><strong>nobiscum</strong></span> <span class='ocrx_word' id='word_1_109' title='bbox 1358 1533 1581 1594; x_wconf 87' lang='lat' dir='ltr'><strong>habitat</strong></span> <span class='ocrx_word' id='word_1_110' title='bbox 1611 1542 1669 1593; x_wconf 91' lang='lat' dir='ltr'><strong>et</strong></span> <span class='ocrx_word' id='word_1_111' title='bbox 1701 1530 2080 1610; x_wconf 79' lang='lat' dir='ltr'><strong>colloquitur,</strong></span> 
     </span>
    </p>
   </div>
   <div class='ocr_carea' id='block_1_19' title="bbox 2172 470 3821 559">
    <p class='ocr_par' dir='ltr' id='par_1_19' title="bbox 2172 470 3821 559">
     <span class='ocr_line' id='line_1_19' title="bbox 2172 470 3821 559; baseline 0.005 -32"><span class='ocrx_word' id='word_1_112' title='bbox 2172 470 2209 538; x_wconf 77' lang='grc' dir='ltr'><strong>ἢ</strong></span> <span class='ocrx_word' id='word_1_113' title='bbox 2278 472 2591 547; x_wconf 79' lang='grc' dir='ltr'>ἆνατενίζειν</span> <span class='ocrx_word' id='word_1_114' title='bbox 2663 479 3005 556; x_wconf 82' lang='grc' dir='ltr'>ὡραιότησιν,</span> <span class='ocrx_word' id='word_1_115' title='bbox 3084 480 3118 547; x_wconf 80' lang='grc' dir='ltr'><strong>ἢ</strong></span> <span class='ocrx_word' id='word_1_116' title='bbox 3177 481 3357 555; x_wconf 78' lang='grc' dir='ltr'>μελῶν</span> <span class='ocrx_word' id='word_1_117' title='bbox 3412 470 3728 559; x_wconf 76' lang='grc' dir='ltr'>ἀκροᾶσθαι,</span> <span class='ocrx_word' id='word_1_118' title='bbox 3786 478 3821 545; x_wconf 77' lang='grc' dir='ltr'><strong>ἢ</strong></span> 
     </span>
    </p>
   </div>
   <div class='ocr_carea' id='block_1_20' title="bbox 2173 560 3825 646">
    <p class='ocr_par' dir='ltr' id='par_1_20' title="bbox 2173 560 3825 646">
     <span class='ocr_line' id='line_1_20' title="bbox 2173 560 3825 646; baseline -0.002 -22"><span class='ocrx_word' id='word_1_119' title='bbox 2173 560 2352 638; x_wconf 80' lang='grc' dir='ltr'>μύρων</span> <span class='ocrx_word' id='word_1_120' title='bbox 2439 565 2822 643; x_wconf 74' lang='grc' dir='ltr'>ὀσφραίνεσθαι,</span> <span class='ocrx_word' id='word_1_121' title='bbox 2905 568 3005 622; x_wconf 76' lang='grc' dir='ltr'>ὑπὸ</span> <span class='ocrx_word' id='word_1_122' title='bbox 3096 567 3407 646; x_wconf 76' lang='grc' dir='ltr'><strong>ἐπιτρόπους</strong></span> <span class='ocrx_word' id='word_1_123' title='bbox 3503 568 3669 643; x_wconf 75' lang='grc' dir='ltr'>ἐσμὲν</span> <span class='ocrx_word' id='word_1_124' title='bbox 3739 567 3825 622; x_wconf 75' lang='grc' dir='ltr'>καὶ</span> 
     </span>
    </p>
   </div>
   <div class='ocr_carea' id='block_1_21' title="bbox 2172 649 3825 736">
    <p class='ocr_par' dir='ltr' id='par_1_21' title="bbox 2172 649 3825 736">
     <span class='ocr_line' id='line_1_21' title="bbox 2172 649 3825 736; baseline 0.004 -33"><span class='ocrx_word' id='word_1_125' title='bbox 2172 649 2503 732; x_wconf 74' lang='grc' dir='ltr'>οἰκονόμους,</span> <span class='ocrx_word' id='word_1_126' title='bbox 2548 655 2621 715; x_wconf 87' lang='grc' dir='ltr'>ὡς</span> <span class='ocrx_word' id='word_1_127' title='bbox 2651 653 2724 709; x_wconf 80' lang='grc' dir='ltr'>ἔτι</span> <span class='ocrx_word' id='word_1_128' title='bbox 2756 656 2958 727; x_wconf 90' lang='grc' dir='ltr'>νήπιοι,</span> <span class='ocrx_word' id='word_1_129' title='bbox 3008 657 3051 710; x_wconf 81' lang='grc' dir='ltr'>εἰ</span> <span class='ocrx_word' id='word_1_130' title='bbox 3105 658 3192 712; x_wconf 86' lang='grc' dir='ltr'><strong>καὶ</strong></span> <span class='ocrx_word' id='word_1_131' title='bbox 3249 656 3593 736; x_wconf 46' lang='grc' dir='ltr'>κληρονόμοι.</span> <span class='ocrx_word' id='word_1_132' title='bbox 3619 655 3825 732; x_wconf 57' lang='grc' dir='ltr'>τυγχά-</span> 
     </span>
    </p>
   </div>
   <div class='ocr_carea' id='block_1_22' title="bbox 2175 726 3824 825">
    <p class='ocr_par' dir='ltr' id='par_1_22' title="bbox 2175 726 3824 825">
     <span class='ocr_line' id='line_1_22' title="bbox 2457 726 3810 767; baseline 0.004 -4"><span class='ocrx_word' id='word_1_133' title='bbox 2457 726 2501 763; x_wconf 60' lang='grc' dir='ltr'>ι’</span> <span class='ocrx_word' id='word_1_134' title='bbox 2550 742 2562 761; x_wconf 77' lang='grc' dir='ltr'><strong>ι</strong></span> <span class='ocrx_word' id='word_1_135' title='bbox 2775 744 2785 760; x_wconf 72' lang='grc' dir='ltr'><strong>ι</strong></span> <span class='ocrx_word' id='word_1_136' title='bbox 2944 726 2949 727; x_wconf 28' lang='grc'><strong><em>⁷</em></strong></span> <span class='ocrx_word' id='word_1_137' title='bbox 3018 751 3043 760; x_wconf 84' lang='lat'><strong>~</strong></span> <span class='ocrx_word' id='word_1_138' title='bbox 3198 751 3221 761; x_wconf 75' lang='grc' dir='ltr'>-ι</span> <span class='ocrx_word' id='word_1_139' title='bbox 3359 726 3368 736; x_wconf 78' lang='grc'><em>’</em></span> <span class='ocrx_word' id='word_1_140' title='bbox 3446 726 3491 767; x_wconf 44' lang='grc' dir='ltr'>ι-</span> <span class='ocrx_word' id='word_1_141' title='bbox 3566 726 3593 751; x_wconf 54' lang='grc' dir='ltr'><strong>τ’</strong></span> <span class='ocrx_word' id='word_1_142' title='bbox 3701 726 3810 758; x_wconf 29' lang='grc' dir='ltr'><strong>’τέ’</strong></span> 
     </span>
     <span class='ocr_line' id='line_1_23' title="bbox 2175 753 3824 825; baseline 0.003 -34"><span class='ocrx_word' id='word_1_143' title='bbox 2175 758 2353 818; x_wconf 81' lang='grc' dir='ltr'>νομεν,</span> <span class='ocrx_word' id='word_1_144' title='bbox 2386 763 2474 797; x_wconf 87' lang='grc' dir='ltr'><strong>και</strong></span> <span class='ocrx_word' id='word_1_145' title='bbox 2502 763 2666 819; x_wconf 90' lang='grc' dir='ltr'>κυριοι</span> <span class='ocrx_word' id='word_1_146' title='bbox 2717 765 2927 798; x_wconf 85' lang='grc' dir='ltr'>παντων</span> <span class='ocrx_word' id='word_1_147' title='bbox 2976 766 3081 800; x_wconf 91' lang='grc' dir='ltr'><strong>των</strong></span> <span class='ocrx_word' id='word_1_148' title='bbox 3135 767 3225 801; x_wconf 84' lang='grc' dir='ltr'><strong>του</strong></span> <span class='ocrx_word' id='word_1_149' title='bbox 3283 753 3510 825; x_wconf 85' lang='grc' dir='ltr'>Πατρος,</span> <span class='ocrx_word' id='word_1_150' title='bbox 3579 754 3685 801; x_wconf 90' lang='grc' dir='ltr'><strong>Οτε</strong></span> <span class='ocrx_word' id='word_1_151' title='bbox 3743 764 3824 798; x_wconf 74' lang='lat' dir='ltr'><strong>cu</strong></span> 
     </span>
    </p>
   </div>
   <div class='ocr_carea' id='block_1_23' title="bbox 2175 821 3823 910">
    <p class='ocr_par' dir='ltr' id='par_1_23' title="bbox 2175 821 3823 910">
     <span class='ocr_line' id='line_1_24' title="bbox 2175 821 3823 910; baseline 0.007 -31"><span class='ocrx_word' id='word_1_152' title='bbox 2175 821 2297 900; x_wconf 74' lang='grc' dir='ltr'>ἔλθῃ</span> <span class='ocrx_word' id='word_1_153' title='bbox 2350 828 2413 882; x_wconf 84' lang='grc' dir='ltr'>τὸ</span> <span class='ocrx_word' id='word_1_154' title='bbox 2467 827 2733 907; x_wconf 85' lang='grc' dir='ltr'>πλήρωμα</span> <span class='ocrx_word' id='word_1_155' title='bbox 2788 837 2879 886; x_wconf 82' lang='grc' dir='ltr'><strong>τοῦ</strong></span> <span class='ocrx_word' id='word_1_156' title='bbox 2936 832 3130 910; x_wconf 87' lang='grc' dir='ltr'>χρόνου</span> <span class='ocrx_word' id='word_1_157' title='bbox 3187 834 3375 909; x_wconf 74' lang='grc' dir='ltr'>αὐτῆς,</span> <span class='ocrx_word' id='word_1_158' title='bbox 3400 821 3408 825; x_wconf 41' lang='grc'><em>’</em></span> <span class='ocrx_word' id='word_1_159' title='bbox 3434 836 3522 889; x_wconf 81' lang='grc' dir='ltr'><strong>καὶ</strong></span> <span class='ocrx_word' id='word_1_160' title='bbox 3580 830 3669 887; x_wconf 73' lang='grc' dir='ltr'><strong>διὰ</strong></span> <span class='ocrx_word' id='word_1_161' title='bbox 3724 835 3823 895; x_wconf 74' lang='grc' dir='ltr'>τῆς</span> 
     </span>
    </p>
   </div>
   <div class='ocr_carea' id='block_1_24' title="bbox 2172 912 3825 999">
    <p class='ocr_par' dir='ltr' id='par_1_24' title="bbox 2172 912 3825 999">
     <span class='ocr_line' id='line_1_25' title="bbox 2172 912 3825 999; baseline 0.004 -32"><span class='ocrx_word' id='word_1_162' title='bbox 2172 912 2422 999; x_wconf 69' lang='grc' dir='ltr'>ἀπαθείας</span> <span class='ocrx_word' id='word_1_163' title='bbox 2482 914 2758 995; x_wconf 79' lang='grc' dir='ltr'><strong>πληρωθῇ,</strong></span> <span class='ocrx_word' id='word_1_164' title='bbox 2807 918 2925 975; x_wconf 87' lang='grc' dir='ltr'>τότε</span> <span class='ocrx_word' id='word_1_165' title='bbox 2986 927 3229 998; x_wconf 76' lang='grc' dir='ltr'>γεννᾶται</span> <span class='ocrx_word' id='word_1_166' title='bbox 3286 925 3313 977; x_wconf 99' lang='lat'><strong>6</strong></span> <span class='ocrx_word' id='word_1_167' title='bbox 3356 922 3513 999; x_wconf 83' lang='grc' dir='ltr'>λόγος</span> <span class='ocrx_word' id='word_1_168' title='bbox 3572 921 3627 975; x_wconf 89' lang='grc' dir='ltr'><strong>ἐν</strong></span> <span class='ocrx_word' id='word_1_169' title='bbox 3687 922 3825 994; x_wconf 73' lang='grc' dir='ltr'>ἡμῖν</span> 
     </span>
    </p>
   </div>
   <div class='ocr_carea' id='block_1_25' title="bbox 2171 998 3824 1086">
    <p class='ocr_par' dir='ltr' id='par_1_25' title="bbox 2171 998 3824 1086">
     <span class='ocr_line' id='line_1_26' title="bbox 2171 998 3824 1086; baseline 0.005 -31"><span class='ocrx_word' id='word_1_170' title='bbox 2171 998 2230 1056; x_wconf 89' lang='grc' dir='ltr'><strong>ἐκ</strong></span> <span class='ocrx_word' id='word_1_171' title='bbox 2276 1005 2503 1082; x_wconf 80' lang='grc' dir='ltr'>καθαρᾶς</span> <span class='ocrx_word' id='word_1_172' title='bbox 2550 1002 2801 1086; x_wconf 83' lang='grc' dir='ltr'>διανοίας,</span> <span class='ocrx_word' id='word_1_173' title='bbox 2862 1009 2951 1064; x_wconf 80' lang='grc' dir='ltr'>καὶ</span> <span class='ocrx_word' id='word_1_174' title='bbox 2992 1010 3187 1086; x_wconf 82' lang='grc' dir='ltr'>γίνεται</span> <span class='ocrx_word' id='word_1_175' title='bbox 3243 1011 3343 1065; x_wconf 81' lang='grc' dir='ltr'><strong>ὑπὸ</strong></span> <span class='ocrx_word' id='word_1_176' title='bbox 3398 998 3487 1065; x_wconf 66' lang='grc' dir='ltr'><strong>τὸν</strong></span> <span class='ocrx_word' id='word_1_177' title='bbox 3531 1011 3705 1085; x_wconf 80' lang='grc' dir='ltr'>νόμον</span> <span class='ocrx_word' id='word_1_178' title='bbox 3734 1014 3824 1063; x_wconf 74' lang='grc' dir='ltr'>τοῦ</span> 
     </span>
    </p>
   </div>
   <div class='ocr_carea' id='block_1_26' title="bbox 2170 1090 3821 1177">
    <p class='ocr_par' dir='ltr' id='par_1_26' title="bbox 2170 1090 3821 1177">
     <span class='ocr_line' id='line_1_27' title="bbox 2170 1090 3821 1177; baseline 0.005 -34"><span class='ocrx_word' id='word_1_179' title='bbox 2170 1090 2495 1163; x_wconf 81' lang='grc' dir='ltr'>Πνεύματος,</span> <span class='ocrx_word' id='word_1_180' title='bbox 2541 1092 2634 1149; x_wconf 75' lang='grc' dir='ltr'><strong>ἵνα</strong></span> <span class='ocrx_word' id='word_1_181' title='bbox 2677 1096 2799 1159; x_wconf 81' lang='grc' dir='ltr'>τοὺς</span> <span class='ocrx_word' id='word_1_182' title='bbox 2840 1097 2941 1152; x_wconf 82' lang='grc' dir='ltr'><strong>ὑπὸ</strong></span> <span class='ocrx_word' id='word_1_183' title='bbox 3002 1098 3162 1173; x_wconf 82' lang='grc' dir='ltr'>νόμον</span> <span class='ocrx_word' id='word_1_184' title='bbox 3230 1100 3374 1173; x_wconf 79' lang='grc' dir='ltr'>ἡμᾶς</span> <span class='ocrx_word' id='word_1_185' title='bbox 3427 1105 3519 1154; x_wconf 76' lang='grc' dir='ltr'><strong>τοῦ</strong></span> <span class='ocrx_word' id='word_1_186' title='bbox 3563 1103 3821 1177; x_wconf 75' lang='grc' dir='ltr'>σαρκικοῦ</span> 
     </span>
    </p>
   </div>
   <div class='ocr_carea' id='block_1_27' title="bbox 2168 1179 3822 1265">
    <p class='ocr_par' dir='ltr' id='par_1_27' title="bbox 2168 1179 3822 1265">
     <span class='ocr_line' id='line_1_28' title="bbox 2168 1179 3822 1265; baseline 0.005 -32"><span class='ocrx_word' id='word_1_187' title='bbox 2168 1179 2504 1265; x_wconf 75' lang='grc' dir='ltr'>φρονήματος</span> <span class='ocrx_word' id='word_1_188' title='bbox 2535 1179 2687 1246; x_wconf 77' lang='grc' dir='ltr'>ὄντας</span> <span class='ocrx_word' id='word_1_189' title='bbox 2719 1182 3033 1265; x_wconf 78' lang='grc' dir='ltr'>ἐξαγοράσῃ,</span> <span class='ocrx_word' id='word_1_190' title='bbox 3085 1188 3171 1242; x_wconf 84' lang='grc' dir='ltr'><strong>καὶ</strong></span> <span class='ocrx_word' id='word_1_191' title='bbox 3228 1188 3326 1254; x_wconf 76' lang='grc' dir='ltr'><strong>τὴν</strong></span> <span class='ocrx_word' id='word_1_192' title='bbox 3381 1188 3637 1243; x_wconf 72' lang='grc' dir='ltr'>υἱοθεσίαν</span> <span class='ocrx_word' id='word_1_193' title='bbox 3684 1188 3822 1259; x_wconf 72' lang='grc' dir='ltr'>ἡμῖν</span> 
     </span>
    </p>
   </div>
   <div class='ocr_carea' id='block_1_28' title="bbox 2168 1263 3820 1354">
    <p class='ocr_par' dir='ltr' id='par_1_28' title="bbox 2168 1263 3820 1354">
     <span class='ocr_line' id='line_1_29' title="bbox 2168 1263 3820 1354; baseline 0.007 -35"><span class='ocrx_word' id='word_1_194' title='bbox 2168 1263 2410 1339; x_wconf 82' lang='grc' dir='ltr'>ἀποδῴη.</span> <span class='ocrx_word' id='word_1_195' title='bbox 2459 1270 2655 1327; x_wconf 70' lang='grc' dir='ltr'>Τούτου</span> <span class='ocrx_word' id='word_1_196' title='bbox 2686 1269 2740 1326; x_wconf 83' lang='grc' dir='ltr'>δὲ</span> <span class='ocrx_word' id='word_1_197' title='bbox 2771 1263 3075 1351; x_wconf 85' lang='grc' dir='ltr'>γεγονότος,</span> <span class='ocrx_word' id='word_1_198' title='bbox 3133 1276 3254 1331; x_wconf 85' lang='grc' dir='ltr'>τότε</span> <span class='ocrx_word' id='word_1_199' title='bbox 3309 1277 3484 1354; x_wconf 79' lang='grc' dir='ltr'>κράζει</span> <span class='ocrx_word' id='word_1_200' title='bbox 3542 1277 3605 1331; x_wconf 76' lang='grc' dir='ltr'>τὸ</span> <span class='ocrx_word' id='word_1_201' title='bbox 3650 1281 3820 1331; x_wconf 73' lang='grc' dir='ltr'>Πνεῦ-</span> 
     </span>
    </p>
   </div>
   <div class='ocr_carea' id='block_1_29' title="bbox 2169 1355 3818 1442">
    <p class='ocr_par' dir='ltr' id='par_1_29' title="bbox 2169 1355 3818 1442">
     <span class='ocr_line' id='line_1_30' title="bbox 2169 1355 3818 1442; baseline 0.008 -34"><span class='ocrx_word' id='word_1_202' title='bbox 2169 1374 2241 1427; x_wconf 83' lang='grc' dir='ltr'><strong>μα</strong></span> <span class='ocrx_word' id='word_1_203' title='bbox 2272 1355 2345 1416; x_wconf 76' lang='grc' dir='ltr'>εἷς</span> <span class='ocrx_word' id='word_1_204' title='bbox 2388 1356 2479 1419; x_wconf 71' lang='grc' dir='ltr'>τὰς</span> <span class='ocrx_word' id='word_1_205' title='bbox 2512 1356 2724 1437; x_wconf 83' lang='grc' dir='ltr'>καρδίας</span> <span class='ocrx_word' id='word_1_206' title='bbox 2768 1362 2945 1442; x_wconf 76' lang='grc' dir='ltr'>ἡμῶν,</span> <span class='ocrx_word' id='word_1_207' title='bbox 2997 1360 3162 1419; x_wconf 75' lang='grc' dir='ltr'><strong>Ἀϐϐἆ</strong></span> <span class='ocrx_word' id='word_1_208' title='bbox 3212 1367 3239 1420; x_wconf 89' lang='lat'><strong>6</strong></span> <span class='ocrx_word' id='word_1_209' title='bbox 3284 1366 3468 1441; x_wconf 82' lang='grc' dir='ltr'>Πατήρ</span> <span class='ocrx_word' id='word_1_210' title='bbox 3504 1383 3518 1397; x_wconf 93' lang='grc'><strong>·</strong></span> <span class='ocrx_word' id='word_1_211' title='bbox 3581 1362 3818 1420; x_wconf 68' lang='grc' dir='ltr'>δεικνῦον</span> 
     </span>
    </p>
   </div>
   <div class='ocr_carea' id='block_1_30' title="bbox 2166 1442 3817 1530">
    <p class='ocr_par' dir='ltr' id='par_1_30' title="bbox 2166 1442 3817 1530">
     <span class='ocr_line' id='line_1_31' title="bbox 2166 1442 3817 1530; baseline 0.008 -35"><span class='ocrx_word' id='word_1_212' title='bbox 2166 1442 2254 1496; x_wconf 85' lang='grc' dir='ltr'><strong>καὶ</strong></span> <span class='ocrx_word' id='word_1_213' title='bbox 2297 1444 2560 1530; x_wconf 32' lang='grc' dir='ltr'>-γνωρίζον</span> <span class='ocrx_word' id='word_1_214' title='bbox 2602 1449 2738 1521; x_wconf 74' lang='grc' dir='ltr'>ἡμῖν</span> <span class='ocrx_word' id='word_1_215' title='bbox 2792 1450 2892 1515; x_wconf 78' lang='grc' dir='ltr'><strong>τὴν</strong></span> <span class='ocrx_word' id='word_1_216' title='bbox 2945 1451 3185 1524; x_wconf 77' lang='grc' dir='ltr'>υἱότητα,</span> <span class='ocrx_word' id='word_1_217' title='bbox 3244 1454 3333 1507; x_wconf 84' lang='grc' dir='ltr'><strong>καὶ</strong></span> <span class='ocrx_word' id='word_1_218' title='bbox 3376 1452 3475 1519; x_wconf 77' lang='grc' dir='ltr'>τὴν</span> <span class='ocrx_word' id='word_1_219' title='bbox 3529 1454 3665 1530; x_wconf 80' lang='grc' dir='ltr'>πρὸς</span> <span class='ocrx_word' id='word_1_220' title='bbox 3724 1455 3817 1509; x_wconf 71' lang='grc' dir='ltr'>τὸν</span> 
     </span>
    </p>
   </div>
   <div class='ocr_carea' id='block_1_31' title="bbox 2167 1528 3814 1614">
    <p class='ocr_par' dir='ltr' id='par_1_31' title="bbox 2167 1528 3814 1614">
     <span class='ocr_line' id='line_1_32' title="bbox 2167 1528 3814 1614; baseline 0.009 -32"><span class='ocrx_word' id='word_1_221' title='bbox 2167 1528 2372 1605; x_wconf 86' lang='grc' dir='ltr'>Πατέρα</span> <span class='ocrx_word' id='word_1_222' title='bbox 2415 1535 2507 1588; x_wconf 84' lang='grc' dir='ltr'>καὶ</span> <span class='ocrx_word' id='word_1_223' title='bbox 2531 1535 2660 1590; x_wconf 83' lang='grc' dir='ltr'><strong>Θεὸν</strong></span> <span class='ocrx_word' id='word_1_224' title='bbox 2703 1535 3015 1614; x_wconf 68' lang='grc' dir='ltr'>παρρησίαν.</span> <span class='ocrx_word' id='word_1_225' title='bbox 3069 1541 3167 1596; x_wconf 80' lang='grc' dir='ltr'><strong>Καὶ</strong></span> <span class='ocrx_word' id='word_1_226' title='bbox 3210 1541 3283 1603; x_wconf 84' lang='grc' dir='ltr'>ὡς</span> <span class='ocrx_word' id='word_1_227' title='bbox 3339 1543 3476 1603; x_wconf 75' lang='grc' dir='ltr'>υἱοῖς</span> <span class='ocrx_word' id='word_1_228' title='bbox 3534 1528 3624 1595; x_wconf 82' lang='grc' dir='ltr'><strong>καὶ</strong></span> <span class='ocrx_word' id='word_1_229' title='bbox 3665 1539 3814 1606; x_wconf 78' lang='grc' dir='ltr'>κλη-</span> 
     </span>
    </p>
   </div>
   <div class='ocr_carea' id='block_1_32' title="bbox 432 1618 2079 1705">
    <p class='ocr_par' dir='ltr' id='par_1_32' title="bbox 432 1619 2079 1702">
     <span class='ocr_line' id='line_1_33' title="bbox 432 1619 2079 1702; baseline -0.003 -19"><span class='ocrx_word' id='word_1_230' title='bbox 432 1629 708 1702; x_wconf 85' lang='lat' dir='ltr'><strong>tanquam</strong></span> <span class='ocrx_word' id='word_1_231' title='bbox 733 1622 870 1683; x_wconf 87' lang='lat' dir='ltr'><strong>ﬁliis</strong></span> <span class='ocrx_word' id='word_1_232' title='bbox 900 1630 959 1683; x_wconf 89' lang='lat' dir='ltr'><strong>et</strong></span> <span class='ocrx_word' id='word_1_233' title='bbox 979 1622 1315 1685; x_wconf 72' lang='lat' dir='ltr'><strong>haeredibus</strong></span> <span class='ocrx_word' id='word_1_234' title='bbox 1336 1623 1464 1698; x_wconf 92' lang='lat' dir='ltr'><strong>Dei,</strong></span> <span class='ocrx_word' id='word_1_235' title='bbox 1493 1619 1769 1683; x_wconf 84' lang='lat' dir='ltr'><strong>servituti</strong></span> <span class='ocrx_word' id='word_1_236' title='bbox 1793 1636 2079 1679; x_wconf 90' lang='lat' dir='ltr'><strong>sensuum</strong></span> 
     </span>
    </p>
   </div>
   <div class='ocr_carea' id='block_1_33' title="bbox 2165 1618 3815 1705">
    <p class='ocr_par' dir='ltr' id='par_1_33' title="bbox 2165 1618 3815 1705">
     <span class='ocr_line' id='line_1_34' title="bbox 2165 1618 3815 1705; baseline 0.011 -35"><span class='ocrx_word' id='word_1_237' title='bbox 2165 1618 2409 1705; x_wconf 77' lang='grc' dir='ltr'>ρονόμοις</span> <span class='ocrx_word' id='word_1_238' title='bbox 2463 1628 2594 1678; x_wconf 79' lang='grc' dir='ltr'>Θεοῦ</span> <span class='ocrx_word' id='word_1_239' title='bbox 2650 1621 2734 1680; x_wconf 75' lang='grc' dir='ltr'>διὰ</span> <span class='ocrx_word' id='word_1_240' title='bbox 2791 1633 3037 1705; x_wconf 80' lang='grc' dir='ltr'>Χριστοῦ,</span> <span class='ocrx_word' id='word_1_241' title='bbox 3080 1629 3217 1703; x_wconf 77' lang='grc' dir='ltr'>ἡμῖν</span> <span class='ocrx_word' id='word_1_242' title='bbox 3272 1629 3670 1705; x_wconf 68' lang='grc' dir='ltr'>ωμπαραμένει</span> <span class='ocrx_word' id='word_1_243' title='bbox 3727 1635 3815 1688; x_wconf 85' lang='grc' dir='ltr'><strong>καὶ</strong></span> 
     </span>
    </p>
   </div>
   <div class='ocr_carea' id='block_1_34' title="bbox 435 1708 943 1790">
    <p class='ocr_par' dir='ltr' id='par_1_34' title="bbox 435 1708 943 1790">
     <span class='ocr_line' id='line_1_35' title="bbox 435 1708 943 1790; baseline 0.004 -20"><span class='ocrx_word' id='word_1_244' title='bbox 435 1728 552 1771; x_wconf 91' lang='lat' dir='ltr'><strong>non</strong></span> <span class='ocrx_word' id='word_1_245' title='bbox 582 1708 872 1790; x_wconf 87' lang='lat' dir='ltr'><strong>subjectis</strong></span> <span class='ocrx_word' id='word_1_246' title='bbox 891 1711 943 1772; x_wconf 76' lang='grc'><strong>4.</strong></span> 
     </span>
    </p>
   </div>
   <div class='ocr_carea' id='block_1_35' title="bbox 507 1880 2077 1969">
    <p class='ocr_par' dir='ltr' id='par_1_35' title="bbox 507 1880 2077 1969">
     <span class='ocr_line' id='line_1_36' title="bbox 507 1880 2077 1969; baseline -0.005 -20"><span class='ocrx_word' id='word_1_247' title='bbox 507 1886 607 1950; x_wconf 73' lang='lat'><strong>52.</strong></span> <span class='ocrx_word' id='word_1_248' title='bbox 645 1885 850 1950; x_wconf 86' lang='lat' dir='ltr'><strong>Coram</strong></span> <span class='ocrx_word' id='word_1_249' title='bbox 897 1886 1016 1949; x_wconf 89' lang='lat' dir='ltr'><strong>illis</strong></span> <span class='ocrx_word' id='word_1_250' title='bbox 1065 1889 1168 1969; x_wconf 85' lang='lat' dir='ltr'><strong>qui</strong></span> <span class='ocrx_word' id='word_1_251' title='bbox 1210 1897 1276 1950; x_wconf 89' lang='lat' dir='ltr'><strong>ut</strong></span> <span class='ocrx_word' id='word_1_252' title='bbox 1325 1890 1537 1949; x_wconf 86' lang='lat' dir='ltr'><strong>Petrus</strong></span> <span class='ocrx_word' id='word_1_253' title='bbox 1563 1885 1623 1946; x_wconf 93' lang='lat' dir='ltr'><strong>in</strong></span> <span class='ocrx_word' id='word_1_254' title='bbox 1657 1883 1772 1945; x_wconf 89' lang='lat' dir='ltr'><strong>ﬁde</strong></span> <span class='ocrx_word' id='word_1_255' title='bbox 1803 1880 2077 1963; x_wconf 86' lang='lat' dir='ltr'><strong>profece-</strong></span> 
     </span>
    </p>
   </div>
   <div class='ocr_carea' id='block_1_36' title="bbox 427 1972 2077 2057">
    <p class='ocr_par' dir='ltr' id='par_1_36' title="bbox 427 1972 2077 2057">
     <span class='ocr_line' id='line_1_37' title="bbox 427 1972 2077 2057; baseline -0.005 -19"><span class='ocrx_word' id='word_1_256' title='bbox 427 1985 594 2045; x_wconf 87' lang='lat' dir='ltr'><strong>runt.</strong></span> <span class='ocrx_word' id='word_1_257' title='bbox 642 1984 708 2039; x_wconf 89' lang='lat' dir='ltr'><strong>ut</strong></span> <span class='ocrx_word' id='word_1_258' title='bbox 752 1975 1011 2039; x_wconf 84' lang='lat' dir='ltr'><strong>Jacobus</strong></span> <span class='ocrx_word' id='word_1_259' title='bbox 1064 1977 1137 2039; x_wconf 91' lang='lat' dir='ltr'><strong>ad</strong></span> <span class='ocrx_word' id='word_1_260' title='bbox 1189 1995 1357 2057; x_wconf 92' lang='lat' dir='ltr'><strong>spem</strong></span> <span class='ocrx_word' id='word_1_261' title='bbox 1417 1972 1838 2051; x_wconf 90' lang='lat' dir='ltr'><strong>ascenderunt,</strong></span> <span class='ocrx_word' id='word_1_262' title='bbox 1896 1980 2077 2049; x_wconf 87' lang='lat' dir='ltr'><strong>utque</strong></span> 
     </span>
    </p>
   </div>
   <div class='ocr_carea' id='block_1_37' title="bbox 426 2062 2079 2145">
    <p class='ocr_par' dir='ltr' id='par_1_37' title="bbox 426 2062 2079 2145">
     <span class='ocr_line' id='line_1_38' title="bbox 426 2062 2079 2145; baseline -0.007 -16"><span class='ocrx_word' id='word_1_263' title='bbox 426 2068 686 2130; x_wconf 89' lang='lat' dir='ltr'><strong>Joannes</strong></span> <span class='ocrx_word' id='word_1_264' title='bbox 716 2064 776 2126; x_wconf 91' lang='lat' dir='ltr'><strong>in</strong></span> <span class='ocrx_word' id='word_1_265' title='bbox 803 2066 1088 2128; x_wconf 90' lang='lat' dir='ltr'><strong>charitate</strong></span> <span class='ocrx_word' id='word_1_266' title='bbox 1138 2066 1380 2145; x_wconf 82' lang='lat' dir='ltr'><strong>perfecti</strong></span> <span class='ocrx_word' id='word_1_267' title='bbox 1429 2071 1587 2143; x_wconf 89' lang='lat' dir='ltr'><strong>sunt,</strong></span> <span class='ocrx_word' id='word_1_268' title='bbox 1623 2062 2079 2137; x_wconf 82' lang='lat' dir='ltr'><strong>transﬁguratur</strong></span> 
     </span>
    </p>
   </div>
   <div class='ocr_carea' id='block_1_38' title="bbox 432 2151 2079 2234">
    <p class='ocr_par' dir='ltr' id='par_1_38' title="bbox 432 2151 2079 2234">
     <span class='ocr_line' id='line_1_39' title="bbox 432 2151 2079 2234; baseline -0.006 -18"><span class='ocrx_word' id='word_1_269' title='bbox 432 2152 739 2226; x_wconf 90' lang='lat' dir='ltr'><strong>Dominus,</strong></span> <span class='ocrx_word' id='word_1_270' title='bbox 773 2163 1086 2234; x_wconf 88' lang='lat' dir='ltr'><strong>postquam</strong></span> <span class='ocrx_word' id='word_1_271' title='bbox 1118 2154 1179 2215; x_wconf 93' lang='lat' dir='ltr'><strong>in</strong></span> <span class='ocrx_word' id='word_1_272' title='bbox 1211 2154 1505 2215; x_wconf 81' lang='lat' dir='ltr'><strong>excelsum</strong></span> <span class='ocrx_word' id='word_1_273' title='bbox 1556 2151 1870 2229; x_wconf 60' lang='lat' dir='ltr'><strong>theologia;</strong></span> <span class='ocrx_word' id='word_1_274' title='bbox 1903 2165 2079 2209; x_wconf 90' lang='lat' dir='ltr'><strong>mon-</strong></span> 
     </span>
    </p>
   </div>
   <div class='ocr_carea' id='block_1_39' title="bbox 426 2237 2083 2323">
    <p class='ocr_par' dir='ltr' id='par_1_39' title="bbox 426 2237 2083 2323">
     <span class='ocr_line' id='line_1_40' title="bbox 426 2237 2083 2323; baseline -0.005 -20"><span class='ocrx_word' id='word_1_275' title='bbox 426 2249 545 2303; x_wconf 79' lang='lat' dir='ltr'><strong>tem</strong></span> <span class='ocrx_word' id='word_1_276' title='bbox 578 2242 880 2318; x_wconf 89' lang='lat' dir='ltr'><strong>ascendit;</strong></span> <span class='ocrx_word' id='word_1_277' title='bbox 911 2250 969 2304; x_wconf 91' lang='lat' dir='ltr'><strong>et</strong></span> <span class='ocrx_word' id='word_1_278' title='bbox 998 2242 1345 2323; x_wconf 83' lang='lat' dir='ltr'><strong>resplendet</strong></span> <span class='ocrx_word' id='word_1_279' title='bbox 1375 2242 1462 2303; x_wconf 89' lang='lat' dir='ltr'><strong>eis</strong></span> <span class='ocrx_word' id='word_1_280' title='bbox 1496 2240 1652 2302; x_wconf 85' lang='lat' dir='ltr'><strong>sicut</strong></span> <span class='ocrx_word' id='word_1_281' title='bbox 1692 2239 1778 2299; x_wconf 88' lang='lat' dir='ltr'><strong>sol</strong></span> <span class='ocrx_word' id='word_1_282' title='bbox 1830 2237 1981 2298; x_wconf 78' lang='lat' dir='ltr'><strong>facie</strong></span> <span class='ocrx_word' id='word_1_283' title='bbox 2026 2242 2083 2295; x_wconf 92' lang='lat' dir='ltr'><strong>et</strong></span> 
     </span>
    </p>
   </div>
   <div class='ocr_carea' id='block_1_40' title="bbox 428 2326 2084 2411">
    <p class='ocr_par' dir='ltr' id='par_1_40' title="bbox 428 2326 2084 2411">
     <span class='ocr_line' id='line_1_41' title="bbox 428 2326 2084 2411; baseline -0.005 -19"><span class='ocrx_word' id='word_1_284' title='bbox 428 2331 772 2393; x_wconf 88' lang='lat' dir='ltr'><strong>charactere</strong></span> <span class='ocrx_word' id='word_1_285' title='bbox 796 2332 928 2411; x_wconf 86' lang='lat' dir='ltr'><strong>puri</strong></span> <span class='ocrx_word' id='word_1_286' title='bbox 951 2332 1154 2405; x_wconf 86' lang='lat' dir='ltr'><strong>Verbi,</strong></span> <span class='ocrx_word' id='word_1_287' title='bbox 1182 2329 1517 2409; x_wconf 83' lang='lat' dir='ltr'><strong>cogitationi</strong></span> <span class='ocrx_word' id='word_1_288' title='bbox 1533 2330 1643 2389; x_wconf 92' lang='lat' dir='ltr'><strong>bus</strong></span> <span class='ocrx_word' id='word_1_289' title='bbox 1663 2347 1802 2389; x_wconf 88' lang='lat' dir='ltr'><strong>vero</strong></span> <span class='ocrx_word' id='word_1_290' title='bbox 1833 2326 2084 2388; x_wconf 87' lang='lat' dir='ltr'><strong>abscon-</strong></span> 
     </span>
    </p>
   </div>
   <div class='ocr_carea' id='block_1_41' title="bbox 427 2418 2086 2499">
    <p class='ocr_par' dir='ltr' id='par_1_41' title="bbox 427 2418 2086 2499">
     <span class='ocr_line' id='line_1_42' title="bbox 427 2418 2086 2499; baseline -0.006 -18"><span class='ocrx_word' id='word_1_291' title='bbox 427 2419 564 2481; x_wconf 62' lang='lat' dir='ltr'><strong>ditas</strong></span> <span class='ocrx_word' id='word_1_292' title='bbox 598 2420 904 2499; x_wconf 64' lang='lat' dir='ltr'><strong>sapientiae</strong></span> <span class='ocrx_word' id='word_1_293' title='bbox 953 2421 1018 2482; x_wconf 83' lang='lat' dir='ltr'><strong>fit</strong></span> <span class='ocrx_word' id='word_1_294' title='bbox 1070 2420 1325 2499; x_wconf 87' lang='lat' dir='ltr'><strong>fulgidus</strong></span> <span class='ocrx_word' id='word_1_295' title='bbox 1372 2420 1525 2480; x_wconf 90' lang='lat' dir='ltr'><strong>sicut</strong></span> <span class='ocrx_word' id='word_1_296' title='bbox 1579 2418 1677 2479; x_wconf 82' lang='lat' dir='ltr'><strong>lux</strong></span> <span class='ocrx_word' id='word_1_297' title='bbox 1707 2437 1723 2491; x_wconf 85' lang='lat'><strong>;</strong></span> <span class='ocrx_word' id='word_1_298' title='bbox 1754 2426 1813 2476; x_wconf 91' lang='lat' dir='ltr'><strong>et</strong></span> <span class='ocrx_word' id='word_1_299' title='bbox 1842 2419 2086 2494; x_wconf 82' lang='lat' dir='ltr'><strong>apparet</strong></span> 
     </span>
    </p>
   </div>
   <div class='ocr_carea' id='block_1_42' title="bbox 425 2507 2086 2584">
    <p class='ocr_par' dir='ltr' id='par_1_42' title="bbox 425 2507 2086 2584">
     <span class='ocr_line' id='line_1_43' title="bbox 425 2507 2086 2584; baseline -0.006 -13"><span class='ocrx_word' id='word_1_300' title='bbox 425 2508 489 2571; x_wconf 91' lang='lat' dir='ltr'><strong>in</strong></span> <span class='ocrx_word' id='word_1_301' title='bbox 520 2508 609 2570; x_wconf 92' lang='lat' dir='ltr'><strong>eis</strong></span> <span class='ocrx_word' id='word_1_302' title='bbox 640 2509 927 2584; x_wconf 88' lang='lat' dir='ltr'><strong>Verbum,</strong></span> <span class='ocrx_word' id='word_1_303' title='bbox 964 2509 1225 2571; x_wconf 89' lang='lat' dir='ltr'><strong>medium</strong></span> <span class='ocrx_word' id='word_1_304' title='bbox 1256 2518 1415 2569; x_wconf 88' lang='lat' dir='ltr'><strong>stans</strong></span> <span class='ocrx_word' id='word_1_305' title='bbox 1444 2508 1599 2569; x_wconf 90' lang='lat' dir='ltr'><strong>inter</strong></span> <span class='ocrx_word' id='word_1_306' title='bbox 1630 2507 1825 2584; x_wconf 79' lang='lat' dir='ltr'><strong>legem</strong></span> <span class='ocrx_word' id='word_1_307' title='bbox 1858 2511 1915 2564; x_wconf 90' lang='lat' dir='ltr'><strong>et</strong></span> <span class='ocrx_word' id='word_1_308' title='bbox 1947 2520 2086 2582; x_wconf 87' lang='lat' dir='ltr'><strong>pro-</strong></span> 
     </span>
    </p>
   </div>
   <div class='ocr_carea' id='block_1_43' title="bbox 429 2591 2076 2678">
    <p class='ocr_par' dir='ltr' id='par_1_43' title="bbox 429 2591 2076 2678">
     <span class='ocr_line' id='line_1_44' title="bbox 429 2591 2076 2678; baseline -0.005 -21"><span class='ocrx_word' id='word_1_309' title='bbox 429 2595 717 2676; x_wconf 90' lang='lat' dir='ltr'><strong>phetiam,</strong></span> <span class='ocrx_word' id='word_1_310' title='bbox 748 2597 864 2657; x_wconf 91' lang='lat' dir='ltr'><strong>alia</strong></span> <span class='ocrx_word' id='word_1_311' title='bbox 893 2597 1248 2678; x_wconf 62' lang='lat' dir='ltr'><strong>praecipiens</strong></span> <span class='ocrx_word' id='word_1_312' title='bbox 1272 2616 1341 2658; x_wconf 91' lang='lat' dir='ltr'><strong>ac</strong></span> <span class='ocrx_word' id='word_1_313' title='bbox 1376 2599 1621 2669; x_wconf 84' lang='lat' dir='ltr'><strong>docens,</strong></span> <span class='ocrx_word' id='word_1_314' title='bbox 1659 2594 1776 2655; x_wconf 86' lang='lat' dir='ltr'><strong>alia</strong></span> <span class='ocrx_word' id='word_1_315' title='bbox 1805 2591 2076 2678; x_wconf 90' lang='lat' dir='ltr'><strong>revelans</strong></span> 
     </span>
    </p>
   </div>
   <div class='ocr_carea' id='block_1_44' title="bbox 427 2677 2071 2767">
    <p class='ocr_par' dir='ltr' id='par_1_44' title="bbox 427 2677 2071 2767">
     <span class='ocr_line' id='line_1_45' title="bbox 427 2677 2071 2767; baseline -0.004 -21"><span class='ocrx_word' id='word_1_316' title='bbox 427 2701 498 2746; x_wconf 82' lang='lat' dir='ltr'><strong>ex</strong></span> <span class='ocrx_word' id='word_1_317' title='bbox 531 2684 842 2764; x_wconf 83' lang='lat' dir='ltr'><strong>profundis</strong></span> <span class='ocrx_word' id='word_1_318' title='bbox 884 2677 1369 2767; x_wconf 90' lang='lat' dir='ltr'><strong>absconditisque</strong></span> <span class='ocrx_word' id='word_1_319' title='bbox 1418 2684 1725 2763; x_wconf 66' lang='lat' dir='ltr'><strong>sapientiae</strong></span> <span class='ocrx_word' id='word_1_320' title='bbox 1756 2677 2071 2750; x_wconf 88' lang='lat' dir='ltr'><strong>thesauris,</strong></span> 
     </span>
    </p>
   </div>
   <div class='ocr_carea' id='block_1_45' title="bbox 427 2767 2077 2854">
    <p class='ocr_par' dir='ltr' id='par_1_45' title="bbox 427 2767 2077 2854">
     <span class='ocr_line' id='line_1_46' title="bbox 427 2767 2077 2854; baseline -0.005 -20"><span class='ocrx_word' id='word_1_321' title='bbox 427 2771 748 2849; x_wconf 86' lang='lat' dir='ltr'><strong>aliquando</strong></span> <span class='ocrx_word' id='word_1_322' title='bbox 773 2773 954 2834; x_wconf 89' lang='lat' dir='ltr'><strong>etiam</strong></span> <span class='ocrx_word' id='word_1_323' title='bbox 987 2774 1317 2854; x_wconf 68' lang='lat' dir='ltr'><strong>pratvidens</strong></span> <span class='ocrx_word' id='word_1_324' title='bbox 1350 2782 1409 2835; x_wconf 89' lang='lat' dir='ltr'><strong>et</strong></span> <span class='ocrx_word' id='word_1_325' title='bbox 1440 2772 1797 2853; x_wconf 56' lang='lat' dir='ltr'><strong>praedicens.</strong></span> <span class='ocrx_word' id='word_1_326' title='bbox 1830 2803 1908 2816; x_wconf 92' lang='lat'><strong><em>—</em></strong></span> <span class='ocrx_word' id='word_1_327' title='bbox 1938 2767 2077 2829; x_wconf 90' lang='lat' dir='ltr'><strong>Illos</strong></span> 
     </span>
    </p>
   </div>
   <div class='ocr_carea' id='block_1_46' title="bbox 427 2846 2384 2941">
    <p class='ocr_par' dir='ltr' id='par_1_46' title="bbox 427 2846 2384 2941">
     <span class='ocr_line' id='line_1_47' title="bbox 427 2846 2384 2941; baseline -0.007 -21"><span class='ocrx_word' id='word_1_328' title='bbox 427 2868 492 2921; x_wconf 92' lang='lat' dir='ltr'><strong>ut</strong></span> <span class='ocrx_word' id='word_1_329' title='bbox 535 2846 732 2922; x_wconf 78' lang='lat' dir='ltr'><strong>nubes</strong></span> <span class='ocrx_word' id='word_1_330' title='bbox 782 2846 1346 2923; x_wconf 44' lang='lat' dir='ltr'><strong>lucida-obumbrat</strong></span> <span class='ocrx_word' id='word_1_331' title='bbox 1393 2846 1674 2941; x_wconf 71' lang='lat' dir='ltr'><strong>spiritus,</strong></span> <span class='ocrx_word' id='word_1_332' title='bbox 1709 2867 1768 2920; x_wconf 89' lang='lat' dir='ltr'><strong>et</strong></span> <span class='ocrx_word' id='word_1_333' title='bbox 1796 2876 1936 2919; x_wconf 91' lang='lat' dir='ltr'><strong>ecce</strong></span> <span class='ocrx_word' id='word_1_334' title='bbox 1971 2873 2078 2915; x_wconf 82' lang='lat' dir='ltr'><strong>vox</strong></span> <span class='ocrx_word' id='word_1_335' title='bbox 2161 2846 2332 2925; x_wconf 83' lang='grc' dir='ltr'>λέγων</span> <span class='ocrx_word' id='word_1_336' title='bbox 2370 2868 2384 2882; x_wconf 86' lang='grc'><strong>·</strong></span> 
     </span>
    </p>
   </div>
   <div class='ocr_carea' id='block_1_47' title="bbox 2099 1701 3807 1796">
    <p class='ocr_par' dir='ltr' id='par_1_47' title="bbox 2099 1701 3807 1796">
     <span class='ocr_line' id='line_1_48' title="bbox 2099 1701 3807 1796; baseline 0.012 -41"><span class='ocrx_word' id='word_1_337' title='bbox 2099 1701 2482 1796; x_wconf 76' lang='grc' dir='ltr'>Βδιαλέγεται,</span> <span class='ocrx_word' id='word_1_338' title='bbox 2555 1712 2633 1785; x_wconf 79' lang='grc' dir='ltr'><strong>μὴ</strong></span> <span class='ocrx_word' id='word_1_339' title='bbox 2691 1718 2759 1788; x_wconf 78' lang='grc' dir='ltr'><strong>τῇ</strong></span> <span class='ocrx_word' id='word_1_340' title='bbox 2816 1701 3032 1785; x_wconf 42' lang='grc' dir='ltr'>δουλείᾳ-</span> <span class='ocrx_word' id='word_1_341' title='bbox 3071 1701 3176 1771; x_wconf 70' lang='grc' dir='ltr'><strong>τῶν</strong></span> <span class='ocrx_word' id='word_1_342' title='bbox 3226 1701 3531 1784; x_wconf 71' lang='grc' dir='ltr'>αἰσθήσεων</span> <span class='ocrx_word' id='word_1_343' title='bbox 3576 1739 3807 1796; x_wconf 76' lang='grc' dir='ltr'>κρατου-</span> 
     </span>
    </p>
   </div>
   <div class='ocr_carea' id='block_1_48' title="bbox 2157 1812 2359 1866">
    <p class='ocr_par' dir='ltr' id='par_1_48' title="bbox 2157 1812 2359 1866">
     <span class='ocr_line' id='line_1_49' title="bbox 2157 1812 2359 1866; baseline 0 -19"><span class='ocrx_word' id='word_1_344' title='bbox 2157 1812 2336 1866; x_wconf 89' lang='grc' dir='ltr'>μενοις</span> <span class='ocrx_word' id='word_1_345' title='bbox 2347 1838 2359 1852; x_wconf 90' lang='grc'><strong>.</strong></span> 
     </span>
    </p>
   </div>
   <div class='ocr_carea' id='block_1_49' title="bbox 2237 1870 3813 1971">
    <p class='ocr_par' dir='ltr' id='par_1_49' title="bbox 2237 1870 3813 1971">
     <span class='ocr_line' id='line_1_50' title="bbox 2237 1870 3813 1971; baseline 0.008 -35"><span class='ocrx_word' id='word_1_346' title='bbox 2237 1870 2368 1971; x_wconf 67' lang='grc' dir='ltr'><strong>νβ’.Δ</strong></span> <span class='ocrx_word' id='word_1_347' title='bbox 2391 1892 2537 1971; x_wconf 14' lang='grc' dir='ltr'>Τοῖς,</span> <span class='ocrx_word' id='word_1_348' title='bbox 2561 1888 2700 1944; x_wconf 82' lang='grc' dir='ltr'>κατὰ</span> <span class='ocrx_word' id='word_1_349' title='bbox 2745 1890 2938 1969; x_wconf 79' lang='grc' dir='ltr'>Πέτρον</span> <span class='ocrx_word' id='word_1_350' title='bbox 3004 1892 3076 1954; x_wconf 83' lang='grc' dir='ltr'>εἷς</span> <span class='ocrx_word' id='word_1_351' title='bbox 3134 1892 3307 1946; x_wconf 88' lang='grc' dir='ltr'>πίστιν</span> <span class='ocrx_word' id='word_1_352' title='bbox 3362 1893 3665 1971; x_wconf 83' lang='grc' dir='ltr'>προκόψασι</span> <span class='ocrx_word' id='word_1_353' title='bbox 3723 1895 3813 1949; x_wconf 84' lang='grc' dir='ltr'>καὶ</span> 
     </span>
    </p>
   </div>
   <div class='ocr_carea' id='block_1_50' title="bbox 2157 1966 3812 2050">
    <p class='ocr_par' dir='ltr' id='par_1_50' title="bbox 2157 1966 3812 2050">
     <span class='ocr_line' id='line_1_51' title="bbox 2157 1966 3812 2050; baseline 0.01 -28"><span class='ocrx_word' id='word_1_354' title='bbox 2157 1969 2293 2023; x_wconf 78' lang='grc' dir='ltr'>κατὰ</span> <span class='ocrx_word' id='word_1_355' title='bbox 2354 1966 2603 2030; x_wconf 76' lang='grc' dir='ltr'>Ἰάκωϐον</span> <span class='ocrx_word' id='word_1_356' title='bbox 2659 1978 2732 2040; x_wconf 84' lang='grc' dir='ltr'><strong>εἰς</strong></span> <span class='ocrx_word' id='word_1_357' title='bbox 2803 1966 2986 2035; x_wconf 81' lang='grc' dir='ltr'>ἐλπίδα</span> <span class='ocrx_word' id='word_1_358' title='bbox 3068 1966 3427 2050; x_wconf 61' lang='grc' dir='ltr'>ἐπανελθοῦσι,</span> <span class='ocrx_word' id='word_1_359' title='bbox 3498 1966 3590 2037; x_wconf 82' lang='grc' dir='ltr'><strong>καὶ</strong></span> <span class='ocrx_word' id='word_1_360' title='bbox 3673 1983 3812 2039; x_wconf 74' lang='grc' dir='ltr'>κατᾶ</span> 
     </span>
    </p>
   </div>
   <div class='ocr_carea' id='block_1_51' title="bbox 2159 2053 3807 2149">
    <p class='ocr_par' dir='ltr' id='par_1_51' title="bbox 2159 2053 3807 2149">
     <span class='ocr_line' id='line_1_52' title="bbox 2159 2053 3807 2149; baseline 0.009 -39"><span class='ocrx_word' id='word_1_361' title='bbox 2159 2053 2407 2149; x_wconf 51' lang='grc' dir='ltr'><strong>⁹ιωεὲννην</strong></span> <span class='ocrx_word' id='word_1_362' title='bbox 2486 2063 2559 2126; x_wconf 80' lang='grc' dir='ltr'><strong>εἷς</strong></span> <span class='ocrx_word' id='word_1_363' title='bbox 2643 2064 2859 2143; x_wconf 78' lang='grc' dir='ltr'>ἆγαπην</span> <span class='ocrx_word' id='word_1_364' title='bbox 2943 2065 3292 2140; x_wconf 79' lang='grc' dir='ltr'><strong>τελειωθεῖσι,</strong></span> <span class='ocrx_word' id='word_1_365' title='bbox 3379 2081 3807 2149; x_wconf 73' lang='grc' dir='ltr'>μεταμορφοῡται</span> 
     </span>
    </p>
   </div>
   <div class='ocr_carea' id='block_1_52' title="bbox 2161 2143 3810 2236">
    <p class='ocr_par' dir='ltr' id='par_1_52' title="bbox 2161 2143 3810 2236">
     <span class='ocr_line' id='line_1_53' title="bbox 2161 2143 3810 2236; baseline 0.011 -39"><span class='ocrx_word' id='word_1_366' title='bbox 2161 2145 2233 2236; x_wconf 73' lang='grc' dir='ltr'><strong>εἷς</strong></span> <span class='ocrx_word' id='word_1_367' title='bbox 2262 2143 2379 2223; x_wconf 86' lang='grc' dir='ltr'>ὅρος</span> <span class='ocrx_word' id='word_1_368' title='bbox 2421 2149 2626 2223; x_wconf 79' lang='grc' dir='ltr'>ὑψηλὸν</span> <span class='ocrx_word' id='word_1_369' title='bbox 2683 2153 2933 2223; x_wconf 77' lang='grc' dir='ltr'><strong>ἀνελθὼν⁹</strong></span> <span class='ocrx_word' id='word_1_370' title='bbox 2994 2155 3289 2235; x_wconf 86' lang='grc' dir='ltr'>θεολογίας,</span> <span class='ocrx_word' id='word_1_371' title='bbox 3347 2160 3376 2212; x_wconf 85' lang='lat'><strong>6</strong></span> <span class='ocrx_word' id='word_1_372' title='bbox 3434 2143 3622 2236; x_wconf 75' lang='grc' dir='ltr'>Κύριος</span> <span class='ocrx_word' id='word_1_373' title='bbox 3637 2143 3664 2188; x_wconf 44' lang='grc'><strong>”⁶</strong></span> <span class='ocrx_word' id='word_1_374' title='bbox 3721 2162 3810 2215; x_wconf 83' lang='grc' dir='ltr'><strong>καὶ</strong></span> 
     </span>
    </p>
   </div>
   <div class='ocr_carea' id='block_1_53' title="bbox 2161 2230 3800 2326">
    <p class='ocr_par' dir='ltr' id='par_1_53' title="bbox 2161 2230 3800 2326">
     <span class='ocr_line' id='line_1_54' title="bbox 2161 2230 3800 2326; baseline 0.01 -40"><span class='ocrx_word' id='word_1_375' title='bbox 2161 2230 2359 2301; x_wconf 83' lang='grc' dir='ltr'>λάμπει</span> <span class='ocrx_word' id='word_1_376' title='bbox 2405 2237 2502 2310; x_wconf 81' lang='grc' dir='ltr'>μὲν</span> <span class='ocrx_word' id='word_1_377' title='bbox 2546 2242 2727 2306; x_wconf 70' lang='grc' dir='ltr'>αὖτοτς</span> <span class='ocrx_word' id='word_1_378' title='bbox 2787 2249 2853 2318; x_wconf 76' lang='grc' dir='ltr'><strong>τῇ</strong></span> <span class='ocrx_word' id='word_1_379' title='bbox 2909 2230 3182 2324; x_wconf 67' lang='grc' dir='ltr'>ἐπιφανεία</span> <span class='ocrx_word' id='word_1_380' title='bbox 3220 2230 3308 2300; x_wconf 75' lang='grc' dir='ltr'><strong>καὶ</strong></span> <span class='ocrx_word' id='word_1_381' title='bbox 3362 2252 3438 2318; x_wconf 87' lang='grc' dir='ltr'>τῷ</span> <span class='ocrx_word' id='word_1_382' title='bbox 3495 2230 3800 2326; x_wconf 46' lang='grc' dir='ltr'>χαρακτῆρι</span> 
     </span>
    </p>
   </div>
   <div class='ocr_carea' id='block_1_54' title="bbox 2163 2326 3803 2409">
    <p class='ocr_par' dir='ltr' id='par_1_54' title="bbox 2163 2326 3803 2409">
     <span class='ocr_line' id='line_1_55' title="bbox 2163 2326 3803 2409; baseline 0.01 -34"><span class='ocrx_word' id='word_1_383' title='bbox 2163 2327 2254 2409; x_wconf 78' lang='grc' dir='ltr'>τοῦ</span> <span class='ocrx_word' id='word_1_384' title='bbox 2284 2326 2519 2409; x_wconf 73' lang='grc' dir='ltr'>καθαροῦ</span> <span class='ocrx_word' id='word_1_385' title='bbox 2560 2326 2742 2409; x_wconf 80' lang='grc' dir='ltr'>λόγου,</span> <span class='ocrx_word' id='word_1_386' title='bbox 2789 2333 2861 2394; x_wconf 82' lang='grc' dir='ltr'>ὡς</span> <span class='ocrx_word' id='word_1_387' title='bbox 2891 2335 2920 2388; x_wconf 93' lang='lat'><strong>6</strong></span> <span class='ocrx_word' id='word_1_388' title='bbox 2961 2331 3114 2398; x_wconf 73' lang='grc' dir='ltr'>ἥλιος</span> <span class='ocrx_word' id='word_1_389' title='bbox 3148 2349 3163 2363; x_wconf 88' lang='grc'><em>’</em></span> <span class='ocrx_word' id='word_1_390' title='bbox 3209 2346 3327 2395; x_wconf 77' lang='grc' dir='ltr'>τοῖς</span> <span class='ocrx_word' id='word_1_391' title='bbox 3356 2330 3411 2388; x_wconf 74' lang='grc' dir='ltr'><strong>δὲ</strong></span> <span class='ocrx_word' id='word_1_392' title='bbox 3443 2337 3674 2408; x_wconf 80' lang='grc' dir='ltr'>νοήμασι</span> <span class='ocrx_word' id='word_1_393' title='bbox 3706 2341 3803 2403; x_wconf 80' lang='grc' dir='ltr'><strong>τῆς</strong></span> 
     </span>
    </p>
   </div>
   <div class='ocr_carea' id='block_1_55' title="bbox 2164 2407 3808 2500">
    <p class='ocr_par' dir='ltr' id='par_1_55' title="bbox 2164 2407 3808 2500">
     <span class='ocr_line' id='line_1_56' title="bbox 2164 2407 3808 2500; baseline 0.01 -37"><span class='ocrx_word' id='word_1_394' title='bbox 2164 2407 2698 2500; x_wconf 30' lang='grc' dir='ltr'>άποῤῥήτου-σοφίας,</span> <span class='ocrx_word' id='word_1_395' title='bbox 2729 2407 2927 2497; x_wconf 82' lang='grc' dir='ltr'>γίνεται</span> <span class='ocrx_word' id='word_1_396' title='bbox 2970 2418 3211 2499; x_wconf 79' lang='grc' dir='ltr'>λαμπρὸς</span> <span class='ocrx_word' id='word_1_397' title='bbox 3267 2423 3342 2483; x_wconf 85' lang='grc' dir='ltr'>ὡς</span> <span class='ocrx_word' id='word_1_398' title='bbox 3393 2422 3454 2476; x_wconf 80' lang='grc' dir='ltr'>τὸ</span> <span class='ocrx_word' id='word_1_399' title='bbox 3498 2407 3611 2500; x_wconf 74' lang='grc' dir='ltr'><strong>φῶς</strong></span> <span class='ocrx_word' id='word_1_400' title='bbox 3642 2440 3656 2453; x_wconf 92' lang='grc'><strong>·</strong></span> <span class='ocrx_word' id='word_1_401' title='bbox 3720 2427 3808 2480; x_wconf 78' lang='grc' dir='ltr'><strong>καὶ</strong></span> 
     </span>
    </p>
   </div>
   <div class='ocr_carea' id='block_1_56' title="bbox 2165 2494 3807 2585">
    <p class='ocr_par' dir='ltr' id='par_1_56' title="bbox 2165 2494 3807 2585">
     <span class='ocr_line' id='line_1_57' title="bbox 2165 2494 3807 2585; baseline 0.01 -39"><span class='ocrx_word' id='word_1_402' title='bbox 2165 2494 2346 2569; x_wconf 82' lang='grc' dir='ltr'>ὁρᾶται</span> <span class='ocrx_word' id='word_1_403' title='bbox 2390 2499 2418 2552; x_wconf 93' lang='lat'><strong>6</strong></span> <span class='ocrx_word' id='word_1_404' title='bbox 2473 2497 2632 2578; x_wconf 82' lang='grc' dir='ltr'>λόγος</span> <span class='ocrx_word' id='word_1_405' title='bbox 2674 2494 2754 2559; x_wconf 44' lang='grc' dir='ltr'>ἐν’</span> <span class='ocrx_word' id='word_1_406' title='bbox 2791 2506 3016 2577; x_wconf 77' lang='grc' dir='ltr'>τούτοις,</span> <span class='ocrx_word' id='word_1_407' title='bbox 3044 2494 3050 2495; x_wconf 20' lang='grc'><strong><em>⁷</em></strong></span> <span class='ocrx_word' id='word_1_408' title='bbox 3076 2494 3236 2581; x_wconf 78' lang='grc' dir='ltr'>μέσον</span> <span class='ocrx_word' id='word_1_409' title='bbox 3293 2508 3458 2573; x_wconf 77' lang='grc' dir='ltr'>ἑστὼς</span> <span class='ocrx_word' id='word_1_410' title='bbox 3512 2494 3678 2585; x_wconf 73' lang='grc' dir='ltr'>νόμου</span> <span class='ocrx_word' id='word_1_411' title='bbox 3719 2510 3807 2566; x_wconf 85' lang='grc' dir='ltr'><strong>καὶ</strong></span> 
     </span>
    </p>
   </div>
   <div class='ocr_carea' id='block_1_57' title="bbox 2160 2587 3803 2670">
    <p class='ocr_par' dir='ltr' id='par_1_57' title="bbox 2160 2587 3803 2670">
     <span class='ocr_line' id='line_1_58' title="bbox 2160 2587 3803 2670; baseline 0.004 -21"><span class='ocrx_word' id='word_1_412' title='bbox 2160 2587 2483 2661; x_wconf 70' lang='grc' dir='ltr'>προφητεῖας</span> <span class='ocrx_word' id='word_1_413' title='bbox 2520 2605 2532 2618; x_wconf 82' lang='grc'><strong><em>⁸</em></strong></span> <span class='ocrx_word' id='word_1_414' title='bbox 2585 2592 2651 2647; x_wconf 79' lang='grc' dir='ltr'><strong>τὰ</strong></span> <span class='ocrx_word' id='word_1_415' title='bbox 2696 2594 2794 2668; x_wconf 81' lang='grc' dir='ltr'>μὲν</span> <span class='ocrx_word' id='word_1_416' title='bbox 2837 2599 3133 2670; x_wconf 82' lang='grc' dir='ltr'>νομοθετῶν</span> <span class='ocrx_word' id='word_1_417' title='bbox 3178 2597 3265 2651; x_wconf 86' lang='grc' dir='ltr'>καὶ</span> <span class='ocrx_word' id='word_1_418' title='bbox 3319 2594 3599 2670; x_wconf 77' lang='grc' dir='ltr'>διδάσκων,</span> <span class='ocrx_word' id='word_1_419' title='bbox 3642 2601 3708 2655; x_wconf 79' lang='grc' dir='ltr'><strong>τὰ</strong></span> <span class='ocrx_word' id='word_1_420' title='bbox 3750 2599 3803 2655; x_wconf 79' lang='grc' dir='ltr'><strong>δὲ</strong></span> 
     </span>
    </p>
   </div>
   <div class='ocr_carea' id='block_1_58' title="bbox 2156 2671 3802 2764">
    <p class='ocr_par' dir='ltr' id='par_1_58' title="bbox 2156 2671 3802 2764">
     <span class='ocr_line' id='line_1_59' title="bbox 2156 2671 3802 2764; baseline 0.013 -41"><span class='ocrx_word' id='word_1_421' title='bbox 2156 2671 2243 2725; x_wconf 85' lang='grc' dir='ltr'>καὶ</span> <span class='ocrx_word' id='word_1_422' title='bbox 2315 2672 2694 2736; x_wconf 80' lang='grc' dir='ltr'>ἀνακαλύπτων</span> <span class='ocrx_word' id='word_1_423' title='bbox 2762 2682 2822 2739; x_wconf 81' lang='grc' dir='ltr'><strong>ἐκ</strong></span> <span class='ocrx_word' id='word_1_424' title='bbox 2893 2683 3095 2760; x_wconf 79' lang='grc' dir='ltr'>βαθέων</span> <span class='ocrx_word' id='word_1_425' title='bbox 3140 2687 3229 2741; x_wconf 85' lang='grc' dir='ltr'><strong>καὶ</strong></span> <span class='ocrx_word' id='word_1_426' title='bbox 3282 2687 3654 2764; x_wconf 76' lang='grc' dir='ltr'>κεκρυμμένων</span> <span class='ocrx_word' id='word_1_427' title='bbox 3709 2692 3802 2756; x_wconf 84' lang='grc' dir='ltr'>θη-</span> 
     </span>
    </p>
   </div>
   <div class='ocr_carea' id='block_1_59' title="bbox 2162 2768 3797 2859">
    <p class='ocr_par' dir='ltr' id='par_1_59' title="bbox 2162 2768 3797 2859">
     <span class='ocr_line' id='line_1_60' title="bbox 2162 2768 3797 2859; baseline 0.01 -41"><span class='ocrx_word' id='word_1_428' title='bbox 2162 2768 2368 2859; x_wconf 57' lang='grc' dir='ltr'>σαυρῶν</span> <span class='ocrx_word' id='word_1_429' title='bbox 2397 2771 2505 2859; x_wconf 6' lang='grc' dir='ltr'>τῆς,</span> <span class='ocrx_word' id='word_1_430' title='bbox 2528 2771 2708 2849; x_wconf 82' lang='grc' dir='ltr'>σοφίας</span> <span class='ocrx_word' id='word_1_431' title='bbox 2740 2791 2758 2810; x_wconf 75' lang='grc' dir='ltr'><strong>ο</strong></span> <span class='ocrx_word' id='word_1_432' title='bbox 2803 2771 2911 2831; x_wconf 74' lang='grc' dir='ltr'>ἔσθ’</span> <span class='ocrx_word' id='word_1_433' title='bbox 2955 2773 3042 2830; x_wconf 84' lang='grc' dir='ltr'>ὅτε</span> <span class='ocrx_word' id='word_1_434' title='bbox 3097 2777 3186 2832; x_wconf 83' lang='grc' dir='ltr'><strong>καὶ</strong></span> <span class='ocrx_word' id='word_1_435' title='bbox 3225 2782 3482 2856; x_wconf 81' lang='grc' dir='ltr'>προορῶν,</span> <span class='ocrx_word' id='word_1_436' title='bbox 3518 2780 3605 2833; x_wconf 86' lang='grc' dir='ltr'><strong>καὶ</strong></span> <span class='ocrx_word' id='word_1_437' title='bbox 3658 2801 3797 2859; x_wconf 87' lang='grc' dir='ltr'>προ-</span> 
     </span>
    </p>
   </div>
   <div class='ocr_carea' id='block_1_60' title="bbox 2458 2858 3790 2942">
    <p class='ocr_par' dir='ltr' id='par_1_60' title="bbox 2458 2858 3790 2942">
     <span class='ocr_line' id='line_1_61' title="bbox 2458 2858 3790 2942; baseline 0.008 -29"><span class='ocrx_word' id='word_1_438' title='bbox 2458 2858 2543 2922; x_wconf 82' lang='grc' dir='ltr'><strong>οὒς</strong></span> <span class='ocrx_word' id='word_1_439' title='bbox 2600 2862 2687 2917; x_wconf 88' lang='grc' dir='ltr'><strong>καὶ</strong></span> <span class='ocrx_word' id='word_1_440' title='bbox 2753 2864 2826 2926; x_wconf 82' lang='grc' dir='ltr'>ὡς</span> <span class='ocrx_word' id='word_1_441' title='bbox 2869 2861 3062 2942; x_wconf 76' lang='grc' dir='ltr'>νεφέλη</span> <span class='ocrx_word' id='word_1_442' title='bbox 3119 2865 3353 2942; x_wconf 76' lang='grc' dir='ltr'>φωτεινὴ</span> <span class='ocrx_word' id='word_1_443' title='bbox 3395 2864 3673 2937; x_wconf 68' lang='grc' dir='ltr'>ἐπισκιάζει</span> <span class='ocrx_word' id='word_1_444' title='bbox 3728 2870 3790 2924; x_wconf 81' lang='grc' dir='ltr'><strong>τὸ</strong></span> 
     </span>
    </p>
   </div>
   <div class='ocr_carea' id='block_1_61' title="bbox 428 2942 2079 3032">
    <p class='ocr_par' dir='ltr' id='par_1_61' title="bbox 428 2945 2077 3030">
     <span class='ocr_line' id='line_1_62' title="bbox 428 2945 2077 3030; baseline -0.005 -20"><span class='ocrx_word' id='word_1_445' title='bbox 428 2948 692 3029; x_wconf 66' lang='grc' dir='ltr'>πηγειίοω</span> <span class='ocrx_word' id='word_1_446' title='bbox 740 2950 1053 3030; x_wconf 72' lang='lat' dir='ltr'><strong>theologize</strong></span> <span class='ocrx_word' id='word_1_447' title='bbox 1095 2948 1169 3010; x_wconf 91' lang='lat' dir='ltr'><strong>de</strong></span> <span class='ocrx_word' id='word_1_448' title='bbox 1221 2950 1381 3011; x_wconf 88' lang='lat' dir='ltr'><strong>nube</strong></span> <span class='ocrx_word' id='word_1_449' title='bbox 1420 2952 1495 3012; x_wconf 88' lang='lat' dir='ltr'><strong>ad</strong></span> <span class='ocrx_word' id='word_1_450' title='bbox 1543 2967 1644 3010; x_wconf 91' lang='lat' dir='ltr'><strong>eos</strong></span> <span class='ocrx_word' id='word_1_451' title='bbox 1686 2946 1869 3018; x_wconf 88' lang='lat' dir='ltr'><strong>venit,</strong></span> <span class='ocrx_word' id='word_1_452' title='bbox 1917 2945 2077 3024; x_wconf 92' lang='lat' dir='ltr'><strong>ipsos</strong></span> 
     </span>
    </p>
   </div>
   <div class='ocr_carea' id='block_1_62' title="bbox 2165 2942 3778 3032">
    <p class='ocr_par' dir='ltr' id='par_1_62' title="bbox 2165 2942 3778 3032">
     <span class='ocr_line' id='line_1_63' title="bbox 2165 2942 3778 3032; baseline 0.011 -39"><span class='ocrx_word' id='word_1_453' title='bbox 2165 2942 2526 3032; x_wconf 27' lang='grc' dir='ltr'>[ξιευμαπκαὶ</span> <span class='ocrx_word' id='word_1_454' title='bbox 2576 2950 2725 3028; x_wconf 77' lang='grc' dir='ltr'>φωνὴ</span> <span class='ocrx_word' id='word_1_455' title='bbox 2781 2956 3036 3026; x_wconf 79' lang='grc' dir='ltr'>μυστικῆς</span> <span class='ocrx_word' id='word_1_456' title='bbox 3092 2951 3365 3028; x_wconf 86' lang='grc' dir='ltr'>θεολογίας</span> <span class='ocrx_word' id='word_1_457' title='bbox 3420 2952 3605 3009; x_wconf 76' lang='grc' dir='ltr'>ἐκεῖθεν</span> <span class='ocrx_word' id='word_1_458' title='bbox 3650 2957 3778 3032; x_wconf 79' lang='grc' dir='ltr'>πρὸς</span> 
     </span>
    </p>
   </div>
   <div class='ocr_carea' id='block_1_63' title="bbox 427 3032 2080 3119">
    <p class='ocr_par' dir='ltr' id='par_1_63' title="bbox 427 3032 2080 3119">
     <span class='ocr_line' id='line_1_64' title="bbox 427 3032 2080 3119; baseline -0.005 -19"><span class='ocrx_word' id='word_1_459' title='bbox 427 3037 652 3100; x_wconf 88' lang='lat' dir='ltr'><strong>docens</strong></span> <span class='ocrx_word' id='word_1_460' title='bbox 687 3040 1032 3119; x_wconf 85' lang='lat' dir='ltr'><strong>mysterium</strong></span> <span class='ocrx_word' id='word_1_461' title='bbox 1067 3038 1176 3101; x_wconf 93' lang='lat' dir='ltr'><strong>Dei</strong></span> <span class='ocrx_word' id='word_1_462' title='bbox 1222 3038 1283 3100; x_wconf 92' lang='lat' dir='ltr'><strong>in</strong></span> <span class='ocrx_word' id='word_1_463' title='bbox 1337 3038 1528 3099; x_wconf 89' lang='lat' dir='ltr'><strong>tribus</strong></span> <span class='ocrx_word' id='word_1_464' title='bbox 1572 3035 1866 3118; x_wconf 87' lang='lat' dir='ltr'><strong>personis,</strong></span> <span class='ocrx_word' id='word_1_465' title='bbox 1909 3043 1967 3095; x_wconf 90' lang='lat' dir='ltr'><strong>et</strong></span> <span class='ocrx_word' id='word_1_466' title='bbox 1990 3032 2080 3092; x_wconf 90' lang='lat' dir='ltr'><strong>di-</strong></span> 
     </span>
    </p>
   </div>
   <div class='ocr_carea' id='block_1_64' title="bbox 427 3121 2073 3189">
    <p class='ocr_par' dir='ltr' id='par_1_64' title="bbox 427 3121 2073 3189">
     <span class='ocr_line' id='line_1_65' title="bbox 427 3121 2073 3189; baseline -0.004 0"><span class='ocrx_word' id='word_1_467' title='bbox 427 3145 570 3189; x_wconf 90' lang='lat' dir='ltr'><strong>cens</strong></span> <span class='ocrx_word' id='word_1_468' title='bbox 606 3147 619 3189; x_wconf 91' lang='lat'><strong>:</strong></span> <span class='ocrx_word' id='word_1_469' title='bbox 659 3151 686 3183; x_wconf 76' lang='grc' dir='ltr'><strong>α</strong></span> <span class='ocrx_word' id='word_1_470' title='bbox 714 3126 823 3189; x_wconf 83' lang='lat' dir='ltr'><strong>Hic</strong></span> <span class='ocrx_word' id='word_1_471' title='bbox 872 3135 960 3189; x_wconf 89' lang='lat' dir='ltr'><strong>est</strong></span> <span class='ocrx_word' id='word_1_472' title='bbox 1004 3128 1257 3189; x_wconf 90' lang='lat' dir='ltr'><strong>dilectus</strong></span> <span class='ocrx_word' id='word_1_473' title='bbox 1305 3145 1472 3188; x_wconf 90' lang='lat' dir='ltr'><strong>meus</strong></span> <span class='ocrx_word' id='word_1_474' title='bbox 1517 3150 1544 3183; x_wconf 71' lang='grc' dir='ltr'><strong><em>ι</em></strong></span> <span class='ocrx_word' id='word_1_475' title='bbox 1593 3123 1880 3187; x_wconf 88' lang='lat' dir='ltr'><strong>terminus</strong></span> <span class='ocrx_word' id='word_1_476' title='bbox 1910 3121 2073 3183; x_wconf 88' lang='lat' dir='ltr'><strong>verbi</strong></span> 
     </span>
    </p>
   </div>
   <div class='ocr_carea' id='block_1_65' title="bbox 428 3210 2075 3296">
    <p class='ocr_par' dir='ltr' id='par_1_65' title="bbox 428 3210 2075 3296">
     <span class='ocr_line' id='line_1_66' title="bbox 428 3210 2075 3296; baseline -0.003 -19"><span class='ocrx_word' id='word_1_477' title='bbox 428 3215 840 3296; x_wconf 79' lang='lat' dir='ltr'><strong>perfectionis,</strong></span> <span class='ocrx_word' id='word_1_478' title='bbox 879 3238 906 3270; x_wconf 76' lang='grc' dir='ltr'><strong>α</strong></span> <span class='ocrx_word' id='word_1_479' title='bbox 941 3214 1002 3276; x_wconf 92' lang='lat' dir='ltr'><strong>in</strong></span> <span class='ocrx_word' id='word_1_480' title='bbox 1052 3233 1170 3296; x_wconf 91' lang='lat' dir='ltr'><strong>quo</strong></span> <span class='ocrx_word' id='word_1_481' title='bbox 1225 3215 1559 3295; x_wconf 88' lang='lat' dir='ltr'><strong>complacui</strong></span> <span class='ocrx_word' id='word_1_482' title='bbox 1594 3216 1628 3264; x_wconf 72' lang='grc' dir='ltr'>ὸ</span> <span class='ocrx_word' id='word_1_483' title='bbox 1670 3238 1697 3268; x_wconf 69' lang='grc' dir='ltr'><strong><em>ι</em></strong></span> <span class='ocrx_word' id='word_1_484' title='bbox 1752 3210 1896 3271; x_wconf 91' lang='lat' dir='ltr'><strong>mihi</strong></span> <span class='ocrx_word' id='word_1_485' title='bbox 1944 3211 2075 3273; x_wconf 86' lang='lat' dir='ltr'><strong>ﬁeri</strong></span> 
     </span>
    </p>
   </div>
   <div class='ocr_carea' id='block_1_66' title="bbox 428 3302 1561 3385">
    <p class='ocr_par' dir='ltr' id='par_1_66' title="bbox 428 3302 1561 3385">
     <span class='ocr_line' id='line_1_67' title="bbox 428 3302 1561 3385; baseline -0.004 -16"><span class='ocrx_word' id='word_1_486' title='bbox 428 3303 585 3368; x_wconf 85' lang='lat' dir='ltr'><strong>ﬁlios</strong></span> <span class='ocrx_word' id='word_1_487' title='bbox 615 3303 912 3385; x_wconf 88' lang='lat' dir='ltr'><strong>perfectos</strong></span> <span class='ocrx_word' id='word_1_488' title='bbox 942 3303 1004 3364; x_wconf 93' lang='lat' dir='ltr'><strong>in</strong></span> <span class='ocrx_word' id='word_1_489' title='bbox 1029 3304 1295 3384; x_wconf 89' lang='lat' dir='ltr'><strong>perfecto</strong></span> <span class='ocrx_word' id='word_1_490' title='bbox 1326 3302 1561 3384; x_wconf 90' lang='lat' dir='ltr'><strong>spiritu.</strong></span> 
     </span>
    </p>
   </div>
   <div class='ocr_carea' id='block_1_67' title="bbox 507 3478 2073 3559">
    <p class='ocr_par' dir='ltr' id='par_1_67' title="bbox 507 3478 2073 3559">
     <span class='ocr_line' id='line_1_68' title="bbox 507 3478 2073 3559; baseline -0.001 -16"><span class='ocrx_word' id='word_1_491' title='bbox 507 3479 608 3545; x_wconf 78' lang='lat'><strong>53.</strong></span> <span class='ocrx_word' id='word_1_492' title='bbox 644 3480 865 3543; x_wconf 85' lang='lat' dir='ltr'><strong>Anima</strong></span> <span class='ocrx_word' id='word_1_493' title='bbox 893 3481 1092 3544; x_wconf 89' lang='lat' dir='ltr'><strong>omnia</strong></span> <span class='ocrx_word' id='word_1_494' title='bbox 1122 3478 1750 3559; x_wconf 67' lang='lat' dir='ltr'><strong>terrena&#39;despiciens,</strong></span> <span class='ocrx_word' id='word_1_495' title='bbox 1786 3487 1845 3541; x_wconf 91' lang='lat' dir='ltr'><strong>et</strong></span> <span class='ocrx_word' id='word_1_496' title='bbox 1870 3496 2073 3541; x_wconf 89' lang='lat' dir='ltr'><strong>amore</strong></span> 
     </span>
    </p>
   </div>
   <div class='ocr_carea' id='block_1_68' title="bbox 425 3566 2067 3652">
    <p class='ocr_par' dir='ltr' id='par_1_68' title="bbox 425 3566 2067 3652">
     <span class='ocr_line' id='line_1_69' title="bbox 425 3566 2067 3652; baseline -0.002 -20"><span class='ocrx_word' id='word_1_497' title='bbox 425 3570 536 3633; x_wconf 88' lang='lat' dir='ltr'><strong>Dei</strong></span> <span class='ocrx_word' id='word_1_498' title='bbox 567 3570 804 3652; x_wconf 88' lang='lat' dir='ltr'><strong>penitus</strong></span> <span class='ocrx_word' id='word_1_499' title='bbox 833 3571 1157 3643; x_wconf 89' lang='lat' dir='ltr'><strong>vulnerata,</strong></span> <span class='ocrx_word' id='word_1_500' title='bbox 1194 3577 1431 3650; x_wconf 91' lang='lat' dir='ltr'><strong>raptum</strong></span> <span class='ocrx_word' id='word_1_501' title='bbox 1461 3568 1777 3650; x_wconf 87' lang='lat' dir='ltr'><strong>quemdam</strong></span> <span class='ocrx_word' id='word_1_502' title='bbox 1808 3566 2067 3647; x_wconf 83' lang='lat' dir='ltr'><strong>singula-</strong></span> 
     </span>
    </p>
   </div>
   <div class='ocr_carea' id='block_1_69' title="bbox 423 3656 2066 3738">
    <p class='ocr_par' dir='ltr' id='par_1_69' title="bbox 423 3656 2066 3738">
     <span class='ocr_line' id='line_1_70' title="bbox 423 3656 2066 3738; baseline -0.003 -18"><span class='ocrx_word' id='word_1_503' title='bbox 423 3676 551 3720; x_wconf 89' lang='lat' dir='ltr'><strong>rem</strong></span> <span class='ocrx_word' id='word_1_504' title='bbox 581 3677 650 3721; x_wconf 92' lang='lat' dir='ltr'><strong>ac</strong></span> <span class='ocrx_word' id='word_1_505' title='bbox 678 3658 947 3722; x_wconf 85' lang='lat' dir='ltr'><strong>divinum</strong></span> <span class='ocrx_word' id='word_1_506' title='bbox 988 3658 1169 3721; x_wconf 91' lang='lat' dir='ltr'><strong>subit.</strong></span> <span class='ocrx_word' id='word_1_507' title='bbox 1202 3660 1513 3738; x_wconf 87' lang='lat' dir='ltr'><strong>Postquam</strong></span> <span class='ocrx_word' id='word_1_508' title='bbox 1557 3656 1715 3719; x_wconf 91' lang='lat' dir='ltr'><strong>enim</strong></span> <span class='ocrx_word' id='word_1_509' title='bbox 1748 3656 1906 3715; x_wconf 86' lang='lat' dir='ltr'><strong>clare</strong></span> <span class='ocrx_word' id='word_1_510' title='bbox 1933 3673 2066 3735; x_wconf 88' lang='lat' dir='ltr'><strong>per-</strong></span> 
     </span>
    </p>
   </div>
   <div class='ocr_carea' id='block_1_70' title="bbox 426 3745 2065 3827">
    <p class='ocr_par' dir='ltr' id='par_1_70' title="bbox 426 3745 2065 3827">
     <span class='ocr_line' id='line_1_71' title="bbox 426 3745 2065 3827; baseline -0.003 -17"><span class='ocrx_word' id='word_1_511' title='bbox 426 3746 619 3827; x_wconf 80' lang='lat' dir='ltr'><strong>spexit</strong></span> <span class='ocrx_word' id='word_1_512' title='bbox 641 3755 881 3810; x_wconf 91' lang='lat' dir='ltr'><strong>naturas</strong></span> <span class='ocrx_word' id='word_1_513' title='bbox 900 3747 1279 3827; x_wconf 89' lang='lat' dir='ltr'><strong>rationesque</strong></span> <span class='ocrx_word' id='word_1_514' title='bbox 1305 3747 1527 3807; x_wconf 89' lang='lat' dir='ltr'><strong>entium</strong></span> <span class='ocrx_word' id='word_1_515' title='bbox 1555 3754 1614 3807; x_wconf 91' lang='lat' dir='ltr'><strong>et</strong></span> <span class='ocrx_word' id='word_1_516' title='bbox 1634 3763 1830 3805; x_wconf 88' lang='lat' dir='ltr'><strong>rerum</strong></span> <span class='ocrx_word' id='word_1_517' title='bbox 1867 3745 2065 3805; x_wconf 91' lang='lat' dir='ltr'><strong>huma-</strong></span> 
     </span>
    </p>
   </div>
   <div class='ocr_carea' id='block_1_71' title="bbox 423 3832 2068 3916">
    <p class='ocr_par' dir='ltr' id='par_1_71' title="bbox 423 3832 2068 3916">
     <span class='ocr_line' id='line_1_72' title="bbox 423 3832 2068 3916; baseline -0.002 -19"><span class='ocrx_word' id='word_1_518' title='bbox 423 3852 635 3897; x_wconf 89' lang='lat' dir='ltr'><strong>narum</strong></span> <span class='ocrx_word' id='word_1_519' title='bbox 685 3836 1007 3898; x_wconf 89' lang='lat' dir='ltr'><strong>novissima</strong></span> <span class='ocrx_word' id='word_1_520' title='bbox 1052 3834 1365 3908; x_wconf 85' lang='lat' dir='ltr'><strong>intellexit,</strong></span> <span class='ocrx_word' id='word_1_521' title='bbox 1421 3833 1821 3916; x_wconf 73' lang='lat' dir='ltr'><strong>nonamplius</strong></span> <span class='ocrx_word' id='word_1_522' title='bbox 1853 3832 2068 3912; x_wconf 87' lang='lat' dir='ltr'><strong>patitur</strong></span> 
     </span>
    </p>
   </div>
   <div class='ocr_carea' id='block_1_72' title="bbox 425 3920 2068 3999">
    <p class='ocr_par' dir='ltr' id='par_1_72' title="bbox 425 3920 2068 3999">
     <span class='ocr_line' id='line_1_73' title="bbox 425 3920 2068 3999; baseline -0.004 -13"><span class='ocrx_word' id='word_1_523' title='bbox 425 3942 490 3986; x_wconf 90' lang='lat' dir='ltr'><strong>se</strong></span> <span class='ocrx_word' id='word_1_524' title='bbox 510 3924 668 3986; x_wconf 89' lang='lat' dir='ltr'><strong>intra</strong></span> <span class='ocrx_word' id='word_1_525' title='bbox 697 3925 982 3987; x_wconf 89' lang='lat' dir='ltr'><strong>mundum</strong></span> <span class='ocrx_word' id='word_1_526' title='bbox 1012 3941 1326 3985; x_wconf 89' lang='lat' dir='ltr'><strong>remanere</strong></span> <span class='ocrx_word' id='word_1_527' title='bbox 1356 3935 1415 3985; x_wconf 87' lang='lat' dir='ltr'><strong>et</strong></span> <span class='ocrx_word' id='word_1_528' title='bbox 1445 3922 1623 3984; x_wconf 91' lang='lat' dir='ltr'><strong>rebus</strong></span> <span class='ocrx_word' id='word_1_529' title='bbox 1643 3920 2068 3999; x_wconf 88' lang='lat' dir='ltr'><strong>circumjacen-</strong></span> 
     </span>
    </p>
   </div>
   <div class='ocr_carea' id='block_1_73' title="bbox 424 4010 2065 4092">
    <p class='ocr_par' dir='ltr' id='par_1_73' title="bbox 424 4010 2065 4092">
     <span class='ocr_line' id='line_1_74' title="bbox 424 4010 2065 4092; baseline -0.004 -17"><span class='ocrx_word' id='word_1_530' title='bbox 424 4013 582 4075; x_wconf 90' lang='lat' dir='ltr'><strong>tibus</strong></span> <span class='ocrx_word' id='word_1_531' title='bbox 626 4012 1067 4086; x_wconf 87' lang='lat' dir='ltr'><strong>circumscribi,</strong></span> <span class='ocrx_word' id='word_1_532' title='bbox 1119 4012 1226 4074; x_wconf 90' lang='lat' dir='ltr'><strong>sed</strong></span> <span class='ocrx_word' id='word_1_533' title='bbox 1276 4011 1546 4092; x_wconf 86' lang='lat' dir='ltr'><strong>proprios</strong></span> <span class='ocrx_word' id='word_1_534' title='bbox 1594 4010 1815 4071; x_wconf 78' lang='lat' dir='ltr'><strong>limites</strong></span> <span class='ocrx_word' id='word_1_535' title='bbox 1868 4017 2065 4070; x_wconf 91' lang='lat' dir='ltr'><strong>trans-</strong></span> 
     </span>
    </p>
   </div>
   <div class='ocr_carea' id='block_1_74' title="bbox 421 4098 2065 4183">
    <p class='ocr_par' dir='ltr' id='par_1_74' title="bbox 421 4098 2065 4183">
     <span class='ocr_line' id='line_1_75' title="bbox 421 4098 2065 4183; baseline -0.003 -20"><span class='ocrx_word' id='word_1_536' title='bbox 421 4121 648 4183; x_wconf 82' lang='lat' dir='ltr'><strong>gressa,</strong></span> <span class='ocrx_word' id='word_1_537' title='bbox 681 4120 963 4164; x_wconf 86' lang='lat' dir='ltr'><strong>sensuum</strong></span> <span class='ocrx_word' id='word_1_538' title='bbox 1014 4101 1251 4164; x_wconf 90' lang='lat' dir='ltr'><strong>vincula</strong></span> <span class='ocrx_word' id='word_1_539' title='bbox 1299 4100 1535 4179; x_wconf 83' lang='lat' dir='ltr'><strong>fragens</strong></span> <span class='ocrx_word' id='word_1_540' title='bbox 1577 4098 1638 4161; x_wconf 89' lang='lat' dir='ltr'><strong>et</strong></span> <span class='ocrx_word' id='word_1_541' title='bbox 1667 4108 1902 4159; x_wconf 90' lang='lat' dir='ltr'><strong>naturas</strong></span> <span class='ocrx_word' id='word_1_542' title='bbox 1932 4115 2065 4159; x_wconf 88' lang='lat' dir='ltr'><strong>om-</strong></span> 
     </span>
    </p>
   </div>
   <div class='ocr_carea' id='block_1_75' title="bbox 422 4185 2067 4271">
    <p class='ocr_par' dir='ltr' id='par_1_75' title="bbox 422 4185 2067 4271">
     <span class='ocr_line' id='line_1_76' title="bbox 422 4185 2067 4271; baseline -0.005 -18"><span class='ocrx_word' id='word_1_543' title='bbox 422 4191 586 4253; x_wconf 91' lang='lat' dir='ltr'><strong>nium</strong></span> <span class='ocrx_word' id='word_1_544' title='bbox 637 4192 1006 4271; x_wconf 86' lang='lat' dir='ltr'><strong>transiliens,</strong></span> <span class='ocrx_word' id='word_1_545' title='bbox 1058 4190 1333 4253; x_wconf 89' lang='lat' dir='ltr'><strong>tenebras</strong></span> <span class='ocrx_word' id='word_1_546' title='bbox 1380 4187 1691 4265; x_wconf 75' lang='lat' dir='ltr'><strong>theologiae</strong></span> <span class='ocrx_word' id='word_1_547' title='bbox 1740 4186 1799 4246; x_wconf 91' lang='lat' dir='ltr'><strong>in</strong></span> <span class='ocrx_word' id='word_1_548' title='bbox 1832 4185 2067 4247; x_wconf 89' lang='lat' dir='ltr'><strong>silentio</strong></span> 
     </span>
    </p>
   </div>
   <div class='ocr_carea' id='block_1_76' title="bbox 2160 3028 3773 3121">
    <p class='ocr_par' dir='ltr' id='par_1_76' title="bbox 2160 3028 3773 3121">
     <span class='ocr_line' id='line_1_77' title="bbox 2160 3028 3773 3121; baseline 0.01 -39"><span class='ocrx_word' id='word_1_549' title='bbox 2160 3028 2345 3093; x_wconf 68' lang='grc' dir='ltr'>αὖτοὺς</span> <span class='ocrx_word' id='word_1_550' title='bbox 2401 3030 2636 3115; x_wconf 76' lang='grc' dir='ltr'>ἔρχεται,</span> <span class='ocrx_word' id='word_1_551' title='bbox 2702 3046 2904 3113; x_wconf 82' lang='grc' dir='ltr'>μυοῧσα</span> <span class='ocrx_word' id='word_1_552' title='bbox 2971 3041 3033 3096; x_wconf 83' lang='grc' dir='ltr'>τὸ</span> <span class='ocrx_word' id='word_1_553' title='bbox 3102 3043 3392 3121; x_wconf 85' lang='grc' dir='ltr'>μυστήριον</span> <span class='ocrx_word' id='word_1_554' title='bbox 3454 3042 3629 3104; x_wconf 65' lang='grc' dir='ltr'>αὖτοὺς</span> 
     </span>
    </p>
   </div>
   <div class='ocr_carea' id='block_1_77' title="bbox 2156 3123 3781 3207">
    <p class='ocr_par' dir='ltr' id='par_1_77' title="bbox 2156 3123 3781 3207">
     <span class='ocr_line' id='line_1_78' title="bbox 2156 3123 3781 3207; baseline 0.01 -37"><span class='ocrx_word' id='word_1_555' title='bbox 2156 3123 2566 3207; x_wconf 72' lang='grc' dir='ltr'>τρισυποστάτου</span> <span class='ocrx_word' id='word_1_556' title='bbox 2623 3128 2907 3199; x_wconf 82' lang='grc' dir='ltr'>Θεότητος,</span> <span class='ocrx_word' id='word_1_557' title='bbox 2966 3129 3053 3185; x_wconf 85' lang='grc' dir='ltr'><strong>καὶ</strong></span> <span class='ocrx_word' id='word_1_558' title='bbox 3103 3127 3240 3185; x_wconf 54' lang='grc' dir='ltr'>οὕτω</span> <span class='ocrx_word' id='word_1_559' title='bbox 3294 3129 3518 3207; x_wconf 75' lang='grc' dir='ltr'>λέγουσι</span> <span class='ocrx_word' id='word_1_560' title='bbox 3546 3145 3561 3161; x_wconf 75' lang='grc'><strong><em>⁸</em></strong></span> <span class='ocrx_word' id='word_1_561' title='bbox 3619 3132 3781 3194; x_wconf 67' lang='grc' dir='ltr'>Οὗτός</span> 
     </span>
    </p>
   </div>
   <div class='ocr_carea' id='block_1_78' title="bbox 2155 3201 3787 3296">
    <p class='ocr_par' dir='ltr' id='par_1_78' title="bbox 2155 3201 3787 3296">
     <span class='ocr_line' id='line_1_79' title="bbox 2155 3201 3787 3296; baseline 0.016 -38"><span class='ocrx_word' id='word_1_562' title='bbox 2155 3201 2294 3296; x_wconf 65' lang='grc' dir='ltr'>ἐστιν</span> <span class='ocrx_word' id='word_1_563' title='bbox 2324 3208 2657 3296; x_wconf 11' lang='grc' dir='ltr'>ὁνᾷγαπητός</span> <span class='ocrx_word' id='word_1_564' title='bbox 2689 3236 2789 3288; x_wconf 89' lang='grc' dir='ltr'><strong>μου</strong></span> <span class='ocrx_word' id='word_1_565' title='bbox 2834 3215 2954 3296; x_wconf 85' lang='grc' dir='ltr'>ὅρος</span> <span class='ocrx_word' id='word_1_566' title='bbox 3002 3226 3095 3275; x_wconf 76' lang='grc' dir='ltr'>τοῦ</span> <span class='ocrx_word' id='word_1_567' title='bbox 3148 3215 3307 3294; x_wconf 79' lang='grc' dir='ltr'>λόγω</span> <span class='ocrx_word' id='word_1_568' title='bbox 3335 3201 3434 3285; x_wconf 46' lang='grc' dir='ltr'>τῆς</span> <span class='ocrx_word' id='word_1_569' title='bbox 3465 3217 3787 3284; x_wconf 71' lang='grc' dir='ltr'>τελειώσεως</span> 
     </span>
    </p>
   </div>
   <div class='ocr_carea' id='block_1_79' title="bbox 2153 3290 3791 3387">
    <p class='ocr_par' dir='ltr' id='par_1_79' title="bbox 2153 3290 3791 3387">
     <span class='ocr_line' id='line_1_80' title="bbox 2153 3290 3791 3387; baseline 0.012 -41"><span class='ocrx_word' id='word_1_570' title='bbox 2153 3290 2208 3347; x_wconf 87' lang='grc' dir='ltr'><strong>ἐν</strong></span> <span class='ocrx_word' id='word_1_571' title='bbox 2324 3294 2606 3381; x_wconf 73' lang='grc' dir='ltr'>εὗδόκησα,</span> <span class='ocrx_word' id='word_1_572' title='bbox 2650 3290 2879 3380; x_wconf 78' lang='grc' dir='ltr'>γίνεσθαί</span> <span class='ocrx_word' id='word_1_573' title='bbox 2934 3328 3025 3380; x_wconf 92' lang='grc' dir='ltr'><strong>μοι</strong></span> <span class='ocrx_word' id='word_1_574' title='bbox 3071 3290 3301 3369; x_wconf 78' lang='grc' dir='ltr'>τελείους</span> <span class='ocrx_word' id='word_1_575' title='bbox 3327 3309 3493 3387; x_wconf 75' lang='grc' dir='ltr'>υἱοὺς,</span> <span class='ocrx_word' id='word_1_576' title='bbox 3524 3308 3580 3363; x_wconf 87' lang='grc' dir='ltr'><strong>ἐν</strong></span> <span class='ocrx_word' id='word_1_577' title='bbox 3610 3308 3791 3382; x_wconf 83' lang='grc' dir='ltr'>τελείῳ</span> 
     </span>
    </p>
   </div>
   <div class='ocr_carea' id='block_1_80' title="bbox 2152 3384 2434 3459">
    <p class='ocr_par' dir='ltr' id='par_1_80' title="bbox 2152 3384 2434 3459">
     <span class='ocr_line' id='line_1_81' title="bbox 2152 3384 2434 3459; baseline 0.007 -20"><span class='ocrx_word' id='word_1_578' title='bbox 2152 3384 2434 3459; x_wconf 83' lang='grc' dir='ltr'>πνεύματι.</span> 
     </span>
    </p>
   </div>
   <div class='ocr_carea' id='block_1_81' title="bbox 2231 3462 3789 3568">
    <p class='ocr_par' dir='ltr' id='par_1_81' title="bbox 2231 3462 3789 3568">
     <span class='ocr_line' id='line_1_82' title="bbox 2231 3462 3789 3568; baseline 0.012 -42"><span class='ocrx_word' id='word_1_579' title='bbox 2231 3462 2335 3550; x_wconf 81' lang='grc' dir='ltr'>νγ’.</span> <span class='ocrx_word' id='word_1_580' title='bbox 2400 3478 2565 3568; x_wconf 62' lang='grc' dir='ltr'>Ψυχὴ</span> <span class='ocrx_word' id='word_1_581' title='bbox 2617 3486 2723 3568; x_wconf 81' lang='grc' dir='ltr'><strong>τῶν</strong></span> <span class='ocrx_word' id='word_1_582' title='bbox 2778 3481 3128 3561; x_wconf 79' lang='grc' dir='ltr'>χαμαιζήλων</span> <span class='ocrx_word' id='word_1_583' title='bbox 3182 3485 3393 3541; x_wconf 87' lang='grc' dir='ltr'>πάντων</span> <span class='ocrx_word' id='word_1_584' title='bbox 3448 3490 3789 3568; x_wconf 71' lang='grc' dir='ltr'>καταφρονή-</span> 
     </span>
    </p>
   </div>
   <div class='ocr_carea' id='block_1_82' title="bbox 2151 3564 3788 3653">
    <p class='ocr_par' dir='ltr' id='par_1_82' title="bbox 2151 3564 3788 3653">
     <span class='ocr_line' id='line_1_83' title="bbox 2151 3564 3788 3653; baseline 0.012 -40"><span class='ocrx_word' id='word_1_585' title='bbox 2151 3579 2331 3653; x_wconf 39' lang='grc' dir='ltr'>σασα,</span> <span class='ocrx_word' id='word_1_586' title='bbox 2355 3565 2442 3620; x_wconf 87' lang='grc' dir='ltr'><strong>καὶ</strong></span> <span class='ocrx_word' id='word_1_587' title='bbox 2484 3564 2675 3631; x_wconf 60' lang='lat' dir='ltr'><strong>ama.-</strong></span> <span class='ocrx_word' id='word_1_588' title='bbox 2732 3576 2809 3643; x_wconf 85' lang='grc' dir='ltr'><strong>τῷ</strong></span> <span class='ocrx_word' id='word_1_589' title='bbox 2867 3568 3015 3648; x_wconf 77' lang='grc' dir='ltr'>ἔρωτι</span> <span class='ocrx_word' id='word_1_590' title='bbox 3066 3574 3326 3650; x_wconf 79' lang='grc' dir='ltr'>τρωθετσα</span> <span class='ocrx_word' id='word_1_591' title='bbox 3354 3580 3511 3653; x_wconf 76' lang='grc' dir='ltr'>Θεοῦ,</span> <span class='ocrx_word' id='word_1_592' title='bbox 3546 3564 3788 3632; x_wconf 73' lang='grc' dir='ltr'>ἔκστασίν</span> 
     </span>
    </p>
   </div>
   <div class='ocr_carea' id='block_1_83' title="bbox 2149 3649 3783 3741">
    <p class='ocr_par' dir='ltr' id='par_1_83' title="bbox 2149 3649 3783 3741">
     <span class='ocr_line' id='line_1_84' title="bbox 2149 3649 3783 3741; baseline 0.011 -38"><span class='ocrx_word' id='word_1_593' title='bbox 2149 3669 2267 3741; x_wconf 66' lang='grc' dir='ltr'>τινα</span> <span class='ocrx_word' id='word_1_594' title='bbox 2309 3649 2460 3719; x_wconf 80' lang='grc' dir='ltr'>ξένην</span> <span class='ocrx_word' id='word_1_595' title='bbox 2518 3656 2604 3711; x_wconf 82' lang='grc' dir='ltr'><strong>καὶ</strong></span> <span class='ocrx_word' id='word_1_596' title='bbox 2657 3658 2794 3714; x_wconf 90' lang='grc' dir='ltr'>θείαν</span> <span class='ocrx_word' id='word_1_597' title='bbox 2840 3649 3133 3738; x_wconf 76' lang='grc' dir='ltr'>ὑφίσταται.</span> <span class='ocrx_word' id='word_1_598' title='bbox 3188 3661 3332 3719; x_wconf 76' lang='grc' dir='ltr'>Μετὰ</span> <span class='ocrx_word' id='word_1_599' title='bbox 3378 3649 3507 3741; x_wconf 37' lang='grc' dir='ltr'>γὰρ-</span> <span class='ocrx_word' id='word_1_600' title='bbox 3537 3664 3598 3718; x_wconf 83' lang='grc' dir='ltr'>τὸ</span> <span class='ocrx_word' id='word_1_601' title='bbox 3648 3686 3783 3720; x_wconf 86' lang='grc' dir='ltr'>κατ-</span> 
     </span>
    </p>
   </div>
   <div class='ocr_carea' id='block_1_84' title="bbox 2151 3735 3784 3829">
    <p class='ocr_par' dir='ltr' id='par_1_84' title="bbox 2151 3735 3784 3829">
     <span class='ocr_line' id='line_1_85' title="bbox 2151 3735 3784 3829; baseline 0.01 -36"><span class='ocrx_word' id='word_1_602' title='bbox 2151 3735 2282 3829; x_wconf 71' lang='grc' dir='ltr'>ιδεῖν</span> <span class='ocrx_word' id='word_1_603' title='bbox 2310 3749 2512 3821; x_wconf 81' lang='grc' dir='ltr'>τρανῶς</span> <span class='ocrx_word' id='word_1_604' title='bbox 2541 3745 2634 3811; x_wconf 79' lang='grc' dir='ltr'><strong>τὰς</strong></span> <span class='ocrx_word' id='word_1_605' title='bbox 2675 3746 2852 3825; x_wconf 82' lang='grc' dir='ltr'>φύσεις</span> <span class='ocrx_word' id='word_1_606' title='bbox 2909 3754 3012 3803; x_wconf 83' lang='grc' dir='ltr'><strong>τῶν</strong></span> <span class='ocrx_word' id='word_1_607' title='bbox 3054 3748 3216 3804; x_wconf 81' lang='grc' dir='ltr'>ὄντων</span> <span class='ocrx_word' id='word_1_608' title='bbox 3274 3750 3361 3805; x_wconf 84' lang='grc' dir='ltr'>καὶ</span> <span class='ocrx_word' id='word_1_609' title='bbox 3393 3735 3538 3814; x_wconf 32' lang='grc' dir='ltr'>*τοὺς</span> <span class='ocrx_word' id='word_1_610' title='bbox 3596 3750 3784 3829; x_wconf 70' lang='grc' dir='ltr'>λόγους</span> 
     </span>
    </p>
   </div>
   <div class='ocr_carea' id='block_1_85' title="bbox 2150 3828 3793 3914">
    <p class='ocr_par' dir='ltr' id='par_1_85' title="bbox 2150 3828 3793 3914">
     <span class='ocr_line' id='line_1_86' title="bbox 2150 3828 3793 3914; baseline 0.009 -33"><span class='ocrx_word' id='word_1_611' title='bbox 2150 3828 2316 3884; x_wconf 74' lang='grc' dir='ltr'>αὒτῶν</span> <span class='ocrx_word' id='word_1_612' title='bbox 2368 3832 2457 3887; x_wconf 86' lang='grc' dir='ltr'><strong>καὶ</strong></span> <span class='ocrx_word' id='word_1_613' title='bbox 2510 3834 2576 3888; x_wconf 86' lang='grc' dir='ltr'><strong>τὰ</strong></span> <span class='ocrx_word' id='word_1_614' title='bbox 2642 3832 2770 3901; x_wconf 79' lang='grc' dir='ltr'>τέλη</span> <span class='ocrx_word' id='word_1_615' title='bbox 2839 3837 2943 3891; x_wconf 86' lang='grc' dir='ltr'><strong>τῶν</strong></span> <span class='ocrx_word' id='word_1_616' title='bbox 2997 3835 3337 3914; x_wconf 80' lang='grc' dir='ltr'>ἀνθρω..ίνων</span> <span class='ocrx_word' id='word_1_617' title='bbox 3404 3828 3793 3897; x_wconf 77' lang='grc' dir='ltr'>καταλαϐέσθαι</span> 
     </span>
    </p>
   </div>
   <div class='ocr_carea' id='block_1_86' title="bbox 2148 3918 3791 4003">
    <p class='ocr_par' dir='ltr' id='par_1_86' title="bbox 2148 3918 3791 4003">
     <span class='ocr_line' id='line_1_87' title="bbox 2148 3918 3791 4003; baseline 0.01 -34"><span class='ocrx_word' id='word_1_618' title='bbox 2148 3918 2497 3995; x_wconf 81' lang='grc' dir='ltr'>πραγμάτων,</span> <span class='ocrx_word' id='word_1_619' title='bbox 2556 3921 2700 3985; x_wconf 87' lang='grc' dir='ltr'>ἐντὸς</span> <span class='ocrx_word' id='word_1_620' title='bbox 2757 3922 2851 3979; x_wconf 73' lang='grc' dir='ltr'>οὔκ</span> <span class='ocrx_word' id='word_1_621' title='bbox 2906 3922 3155 4003; x_wconf 81' lang='grc' dir='ltr'>ἀνέχεται</span> <span class='ocrx_word' id='word_1_622' title='bbox 3210 3935 3304 3985; x_wconf 84' lang='grc' dir='ltr'>τοῦ</span> <span class='ocrx_word' id='word_1_623' title='bbox 3359 3928 3559 3991; x_wconf 83' lang='grc' dir='ltr'>παντὸς</span> <span class='ocrx_word' id='word_1_624' title='bbox 3612 3926 3791 3985; x_wconf 78' lang='grc' dir='ltr'>ἔκτοτε</span> 
     </span>
    </p>
   </div>
   <div class='ocr_carea' id='block_1_87' title="bbox 2150 4004 3793 4094">
    <p class='ocr_par' dir='ltr' id='par_1_87' title="bbox 2150 4004 3793 4094">
     <span class='ocr_line' id='line_1_88' title="bbox 2150 4004 3793 4094; baseline 0.01 -36"><span class='ocrx_word' id='word_1_625' title='bbox 2150 4004 2315 4077; x_wconf 80' lang='grc' dir='ltr'>εἶναι,</span> <span class='ocrx_word' id='word_1_626' title='bbox 2365 4011 2452 4065; x_wconf 84' lang='grc' dir='ltr'><strong>καὶ</strong></span> <span class='ocrx_word' id='word_1_627' title='bbox 2498 4010 2575 4083; x_wconf 79' lang='grc' dir='ltr'><strong>τῷ</strong></span> <span class='ocrx_word' id='word_1_628' title='bbox 2615 4010 2917 4091; x_wconf 82' lang='grc' dir='ltr'>περιέχοντι</span> <span class='ocrx_word' id='word_1_629' title='bbox 2972 4014 3379 4094; x_wconf 75' lang='grc' dir='ltr'>περιγράφεσθαι</span> <span class='ocrx_word' id='word_1_630' title='bbox 3415 4030 3428 4044; x_wconf 81' lang='grc'><strong><em>⁵</em></strong></span> <span class='ocrx_word' id='word_1_631' title='bbox 3491 4014 3631 4072; x_wconf 73' lang='grc' dir='ltr'>ἀλλὰ</span> <span class='ocrx_word' id='word_1_632' title='bbox 3686 4020 3793 4074; x_wconf 80' lang='grc' dir='ltr'><strong>τῶν</strong></span> 
     </span>
    </p>
   </div>
   <div class='ocr_carea' id='block_1_88' title="bbox 2151 4095 3789 4181">
    <p class='ocr_par' dir='ltr' id='par_1_88' title="bbox 2151 4095 3789 4181">
     <span class='ocr_line' id='line_1_89' title="bbox 2151 4095 3789 4181; baseline 0.008 -32"><span class='ocrx_word' id='word_1_633' title='bbox 2151 4095 2342 4163; x_wconf 77' lang='grc' dir='ltr'>ἑαυτῆς</span> <span class='ocrx_word' id='word_1_634' title='bbox 2421 4096 2554 4175; x_wconf 83' lang='grc' dir='ltr'>ὅρων</span> <span class='ocrx_word' id='word_1_635' title='bbox 2624 4098 2874 4181; x_wconf 81' lang='grc' dir='ltr'>ἐκστᾶσα,</span> <span class='ocrx_word' id='word_1_636' title='bbox 2945 4103 3029 4158; x_wconf 81' lang='grc' dir='ltr'>καὶ</span> <span class='ocrx_word' id='word_1_637' title='bbox 3082 4104 3149 4158; x_wconf 79' lang='grc' dir='ltr'><strong>τὰ</strong></span> <span class='ocrx_word' id='word_1_638' title='bbox 3202 4102 3369 4178; x_wconf 73' lang='grc' dir='ltr'>δεσμὰ</span> <span class='ocrx_word' id='word_1_639' title='bbox 3422 4107 3789 4175; x_wconf 78' lang='grc' dir='ltr'>τυραννήσασα</span> 
     </span>
    </p>
   </div>
   <div class='ocr_carea' id='block_1_89' title="bbox 2148 4186 3788 4273">
    <p class='ocr_par' dir='ltr' id='par_1_89' title="bbox 2148 4186 3788 4273">
     <span class='ocr_line' id='line_1_90' title="bbox 2148 4186 3788 4273; baseline 0.008 -35"><span class='ocrx_word' id='word_1_640' title='bbox 2148 4188 2246 4249; x_wconf 77' lang='grc' dir='ltr'>τῆς</span> <span class='ocrx_word' id='word_1_641' title='bbox 2302 4186 2618 4267; x_wconf 77' lang='grc' dir='ltr'>αἰσθήσεως,</span> <span class='ocrx_word' id='word_1_642' title='bbox 2677 4189 2772 4251; x_wconf 80' lang='grc' dir='ltr'><strong>τὰς</strong></span> <span class='ocrx_word' id='word_1_643' title='bbox 2848 4191 3025 4271; x_wconf 74' lang='grc' dir='ltr'>φύσεις</span> <span class='ocrx_word' id='word_1_644' title='bbox 3093 4192 3304 4249; x_wconf 82' lang='grc' dir='ltr'>πάντων</span> <span class='ocrx_word' id='word_1_645' title='bbox 3354 4194 3655 4273; x_wconf 83' lang='grc' dir='ltr'>περάσασα,</span> <span class='ocrx_word' id='word_1_646' title='bbox 3714 4196 3788 4259; x_wconf 79' lang='grc' dir='ltr'><strong>εἰς</strong></span> 
     </span>
    </p>
   </div>
   <div class='ocr_carea' id='block_1_90' title="bbox 421 4273 2079 4364">
    <p class='ocr_par' dir='ltr' id='par_1_90' title="bbox 421 4275 2067 4358">
     <span class='ocr_line' id='line_1_91' title="bbox 421 4275 2067 4358; baseline -0.003 -18"><span class='ocrx_word' id='word_1_647' title='bbox 421 4277 713 4342; x_wconf 78' lang='lat' dir='ltr'><strong>ineffabili</strong></span> <span class='ocrx_word' id='word_1_648' title='bbox 732 4279 1083 4358; x_wconf 85' lang='lat' dir='ltr'><strong>ingreditur,</strong></span> <span class='ocrx_word' id='word_1_649' title='bbox 1110 4278 1209 4340; x_wconf 87' lang='lat' dir='ltr'><strong>Dei</strong></span> <span class='ocrx_word' id='word_1_650' title='bbox 1231 4278 1731 4358; x_wconf 89' lang='lat' dir='ltr'><strong>pulchritudinem</strong></span> <span class='ocrx_word' id='word_1_651' title='bbox 1755 4276 1815 4336; x_wconf 92' lang='lat' dir='ltr'><strong>in</strong></span> <span class='ocrx_word' id='word_1_652' title='bbox 1841 4275 2067 4336; x_wconf 91' lang='lat' dir='ltr'><strong>lumine</strong></span> 
     </span>
    </p>
   </div>
   <div class='ocr_carea' id='block_1_91' title="bbox 2165 4273 3795 4364">
    <p class='ocr_par' dir='ltr' id='par_1_91' title="bbox 2165 4273 3795 4364">
     <span class='ocr_line' id='line_1_92' title="bbox 2165 4273 3795 4364; baseline 0.006 -35"><span class='ocrx_word' id='word_1_653' title='bbox 2165 4273 2377 4364; x_wconf 16' lang='grc' dir='ltr'>γνόφονᾲ</span> <span class='ocrx_word' id='word_1_654' title='bbox 2411 4274 2683 4354; x_wconf 85' lang='grc' dir='ltr'>θεολογίας</span> <span class='ocrx_word' id='word_1_655' title='bbox 2754 4277 2807 4333; x_wconf 88' lang='grc' dir='ltr'><strong>ἐν</strong></span> <span class='ocrx_word' id='word_1_656' title='bbox 2876 4278 3085 4357; x_wconf 73' lang='grc' dir='ltr'>ἀρρήτῳ</span> <span class='ocrx_word' id='word_1_657' title='bbox 3144 4287 3271 4358; x_wconf 80' lang='grc' dir='ltr'>σιγῇ</span> <span class='ocrx_word' id='word_1_658' title='bbox 3327 4282 3648 4364; x_wconf 75' lang='grc' dir='ltr'>εἰσέρχεται,</span> <span class='ocrx_word' id='word_1_659' title='bbox 3703 4286 3795 4341; x_wconf 81' lang='grc' dir='ltr'><strong>καὶ</strong></span> 
     </span>
    </p>
   </div>
   <div class='ocr_carea' id='block_1_92' title="bbox 418 4362 2079 4451">
    <p class='ocr_par' dir='ltr' id='par_1_92' title="bbox 418 4364 2061 4447">
     <span class='ocr_line' id='line_1_93' title="bbox 418 4364 2061 4447; baseline -0.004 -17"><span class='ocrx_word' id='word_1_660' title='bbox 418 4367 840 4446; x_wconf 83' lang='lat' dir='ltr'><strong>cogitationum</strong></span> <span class='ocrx_word' id='word_1_661' title='bbox 892 4366 1310 4428; x_wconf 87' lang='lat' dir='ltr'><strong>inenarrabilis</strong></span> <span class='ocrx_word' id='word_1_662' title='bbox 1357 4366 1660 4447; x_wconf 66' lang='lat' dir='ltr'><strong>sapientiae</strong></span> <span class='ocrx_word' id='word_1_663' title='bbox 1703 4364 2061 4435; x_wconf 83' lang='lat' dir='ltr'><strong>considerat,</strong></span> 
     </span>
    </p>
   </div>
   <div class='ocr_carea' id='block_1_93' title="bbox 2165 4362 3792 4451">
    <p class='ocr_par' dir='ltr' id='par_1_93' title="bbox 2165 4362 3792 4451">
     <span class='ocr_line' id='line_1_94' title="bbox 2165 4362 3792 4451; baseline 0.008 -35"><span class='ocrx_word' id='word_1_664' title='bbox 2165 4362 2208 4416; x_wconf 83' lang='lat'>:6</span> <span class='ocrx_word' id='word_1_665' title='bbox 2263 4362 2457 4428; x_wconf 86' lang='grc' dir='ltr'>κάλλος</span> <span class='ocrx_word' id='word_1_666' title='bbox 2514 4379 2767 4423; x_wconf 78' lang='grc' dir='ltr'>κατανοεῖ</span> <span class='ocrx_word' id='word_1_667' title='bbox 2822 4374 2913 4423; x_wconf 81' lang='grc' dir='ltr'><strong>του</strong></span> <span class='ocrx_word' id='word_1_668' title='bbox 2980 4365 3154 4448; x_wconf 81' lang='grc' dir='ltr'>ὄντος,</span> <span class='ocrx_word' id='word_1_669' title='bbox 3212 4370 3267 4425; x_wconf 82' lang='grc' dir='ltr'><strong>ἐν</strong></span> <span class='ocrx_word' id='word_1_670' title='bbox 3323 4362 3792 4451; x_wconf 12' lang='grc' dir='ltr'>φωτὶπνοημάτων</span> 
     </span>
    </p>
   </div>
   <div class='ocr_carea' id='block_1_94' title="bbox 418 4451 2079 4541">
    <p class='ocr_par' dir='ltr' id='par_1_94' title="bbox 418 4452 2064 4537">
     <span class='ocr_line' id='line_1_95' title="bbox 418 4452 2064 4537; baseline -0.002 -19"><span class='ocrx_word' id='word_1_671' title='bbox 418 4457 481 4518; x_wconf 91' lang='lat' dir='ltr'><strong>in</strong></span> <span class='ocrx_word' id='word_1_672' title='bbox 512 4463 793 4537; x_wconf 89' lang='lat' dir='ltr'><strong>quantum</strong></span> <span class='ocrx_word' id='word_1_673' title='bbox 845 4454 900 4516; x_wconf 90' lang='lat' dir='ltr'><strong>ai</strong></span> <span class='ocrx_word' id='word_1_674' title='bbox 943 4454 1131 4534; x_wconf 88' lang='lat' dir='ltr'><strong>gratia</strong></span> <span class='ocrx_word' id='word_1_675' title='bbox 1178 4474 1436 4535; x_wconf 90' lang='lat' dir='ltr'><strong>superna</strong></span> <span class='ocrx_word' id='word_1_676' title='bbox 1479 4455 1679 4517; x_wconf 89' lang='lat' dir='ltr'><strong>datum</strong></span> <span class='ocrx_word' id='word_1_677' title='bbox 1713 4461 1822 4515; x_wconf 91' lang='lat' dir='ltr'><strong>est.</strong></span> <span class='ocrx_word' id='word_1_678' title='bbox 1858 4452 2064 4515; x_wconf 86' lang='lat' dir='ltr'><strong>Divine</strong></span> 
     </span>
    </p>
   </div>
   <div class='ocr_carea' id='block_1_95' title="bbox 2165 4451 3791 4541">
    <p class='ocr_par' dir='ltr' id='par_1_95' title="bbox 2165 4453 3791 4541">
     <span class='ocr_line' id='line_1_96' title="bbox 2165 4453 3791 4541; baseline 0.007 -34"><span class='ocrx_word' id='word_1_679' title='bbox 2165 4453 2409 4532; x_wconf 71' lang='grc' dir='ltr'>ὶφράστου</span> <span class='ocrx_word' id='word_1_680' title='bbox 2466 4458 2672 4537; x_wconf 75' lang='grc' dir='ltr'>σοφίας,</span> <span class='ocrx_word' id='word_1_681' title='bbox 2719 4456 2843 4514; x_wconf 84' lang='grc' dir='ltr'>ὅσον</span> <span class='ocrx_word' id='word_1_682' title='bbox 2901 4458 2963 4514; x_wconf 77' lang='grc' dir='ltr'><strong>ἂν</strong></span> <span class='ocrx_word' id='word_1_683' title='bbox 3005 4464 3139 4537; x_wconf 73' lang='grc' dir='ltr'>αὐτῇ</span> <span class='ocrx_word' id='word_1_684' title='bbox 3195 4462 3330 4517; x_wconf 77' lang='grc' dir='ltr'>κατὰ</span> <span class='ocrx_word' id='word_1_685' title='bbox 3371 4463 3531 4541; x_wconf 82' lang='grc' dir='ltr'>χάριν</span> <span class='ocrx_word' id='word_1_686' title='bbox 3584 4463 3791 4522; x_wconf 69' lang='grc' dir='ltr'>ἐκεῖθεν</span> 
     </span>
    </p>
   </div>
   <div class='ocr_carea' id='block_1_96' title="bbox 418 4537 2079 4632">
    <p class='ocr_par' dir='ltr' id='par_1_96' title="bbox 418 4541 2060 4624">
     <span class='ocr_line' id='line_1_97' title="bbox 418 4541 2060 4624; baseline -0.002 -16"><span class='ocrx_word' id='word_1_687' title='bbox 418 4553 616 4609; x_wconf 91' lang='lat' dir='ltr'><strong>autem</strong></span> <span class='ocrx_word' id='word_1_688' title='bbox 641 4543 701 4605; x_wconf 92' lang='lat' dir='ltr'><strong>in</strong></span> <span class='ocrx_word' id='word_1_689' title='bbox 723 4543 883 4606; x_wconf 89' lang='lat' dir='ltr'><strong>illius</strong></span> <span class='ocrx_word' id='word_1_690' title='bbox 903 4544 1465 4624; x_wconf 89' lang='lat' dir='ltr'><strong>contemplationem</strong></span> <span class='ocrx_word' id='word_1_691' title='bbox 1509 4544 1810 4616; x_wconf 90' lang='lat' dir='ltr'><strong>immersa,</strong></span> <span class='ocrx_word' id='word_1_692' title='bbox 1844 4541 2060 4605; x_wconf 88' lang='lat' dir='ltr'><strong>timore</strong></span> 
     </span>
    </p>
   </div>
   <div class='ocr_carea' id='block_1_97' title="bbox 2165 4537 3790 4632">
    <p class='ocr_par' dir='ltr' id='par_1_97' title="bbox 2165 4537 3790 4632">
     <span class='ocr_line' id='line_1_98' title="bbox 2165 4537 3790 4632; baseline 0.009 -38"><span class='ocrx_word' id='word_1_693' title='bbox 2165 4540 2297 4632; x_wconf 70' lang='grc' dir='ltr'>ἰοθῇ.</span> <span class='ocrx_word' id='word_1_694' title='bbox 2356 4551 2671 4632; x_wconf 85' lang='grc' dir='ltr'>Θεοπρεπῶς</span> <span class='ocrx_word' id='word_1_695' title='bbox 2716 4544 2771 4602; x_wconf 83' lang='grc' dir='ltr'><strong>δὲ</strong></span> <span class='ocrx_word' id='word_1_696' title='bbox 2828 4561 2946 4612; x_wconf 76' lang='grc' dir='ltr'>τοῖς</span> <span class='ocrx_word' id='word_1_697' title='bbox 3004 4551 3264 4624; x_wconf 72' lang='grc' dir='ltr'>νοήμασιν</span> <span class='ocrx_word' id='word_1_698' title='bbox 3315 4537 3531 4619; x_wconf 19' lang='grc' dir='ltr'>εἰςγτὴν</span> <span class='ocrx_word' id='word_1_699' title='bbox 3570 4554 3790 4632; x_wconf 83' lang='grc' dir='ltr'>θεωρίαν</span> 
     </span>
    </p>
   </div>
   <div class='ocr_carea' id='block_1_98' title="bbox 419 4631 2079 4721">
    <p class='ocr_par' dir='ltr' id='par_1_98' title="bbox 419 4631 2061 4721">
     <span class='ocr_line' id='line_1_99' title="bbox 419 4631 2061 4721; baseline -0.004 -24"><span class='ocrx_word' id='word_1_700' title='bbox 419 4633 587 4698; x_wconf 84' lang='lat' dir='ltr'><strong>filiali</strong></span> <span class='ocrx_word' id='word_1_701' title='bbox 632 4632 906 4712; x_wconf 88' lang='lat' dir='ltr'><strong>degustat</strong></span> <span class='ocrx_word' id='word_1_702' title='bbox 954 4632 1379 4721; x_wconf 88' lang='lat' dir='ltr'><strong>immortalium</strong></span> <span class='ocrx_word' id='word_1_703' title='bbox 1414 4634 1690 4695; x_wconf 87' lang='lat' dir='ltr'><strong>arborum</strong></span> <span class='ocrx_word' id='word_1_704' title='bbox 1726 4633 1975 4721; x_wconf 82' lang='lat' dir='ltr'><strong>fructus,</strong></span> <span class='ocrx_word' id='word_1_705' title='bbox 2001 4631 2061 4721; x_wconf 86' lang='lat' dir='ltr'><strong>id</strong></span> 
     </span>
    </p>
   </div>
   <div class='ocr_carea' id='block_1_99' title="bbox 2165 4631 3788 4721">
    <p class='ocr_par' dir='ltr' id='par_1_99' title="bbox 2165 4631 3788 4721">
     <span class='ocr_line' id='line_1_100' title="bbox 2165 4631 3788 4721; baseline 0.009 -36"><span class='ocrx_word' id='word_1_706' title='bbox 2165 4631 2303 4687; x_wconf 80' lang='grc' dir='ltr'>ιῦτοῦ</span> <span class='ocrx_word' id='word_1_707' title='bbox 2372 4631 2750 4708; x_wconf 77' lang='grc' dir='ltr'>ἐμϐαθύνουσα,</span> <span class='ocrx_word' id='word_1_708' title='bbox 2822 4636 3045 4718; x_wconf 72' lang='grc' dir='ltr'>ἐντρυφᾷ</span> <span class='ocrx_word' id='word_1_709' title='bbox 3110 4638 3215 4694; x_wconf 82' lang='grc' dir='ltr'><strong>τῶν</strong></span> <span class='ocrx_word' id='word_1_710' title='bbox 3270 4638 3540 4697; x_wconf 76' lang='grc' dir='ltr'>ἀθανάτων</span> <span class='ocrx_word' id='word_1_711' title='bbox 3611 4642 3788 4721; x_wconf 75' lang='grc' dir='ltr'>φυτῶν</span> 
     </span>
    </p>
   </div>
   <div class='ocr_carea' id='block_1_100' title="bbox 419 4720 2079 4812">
    <p class='ocr_par' dir='ltr' id='par_1_100' title="bbox 419 4720 2061 4812">
     <span class='ocr_line' id='line_1_101' title="bbox 419 4720 2061 4812; baseline -0.003 -26"><span class='ocrx_word' id='word_1_712' title='bbox 419 4732 530 4801; x_wconf 87' lang='lat' dir='ltr'><strong>est,</strong></span> <span class='ocrx_word' id='word_1_713' title='bbox 575 4724 686 4803; x_wconf 72' lang='lat' dir='ltr'><strong>piae</strong></span> <span class='ocrx_word' id='word_1_714' title='bbox 716 4721 939 4812; x_wconf 78' lang='lat' dir='ltr'><strong>mentis</strong></span> <span class='ocrx_word' id='word_1_715' title='bbox 981 4720 1361 4812; x_wconf 84' lang='lat' dir='ltr'><strong>cogitationes</strong></span> <span class='ocrx_word' id='word_1_716' title='bbox 1416 4740 1428 4784; x_wconf 92' lang='lat'>:</span> <span class='ocrx_word' id='word_1_717' title='bbox 1480 4738 1726 4803; x_wconf 88' lang='lat' dir='ltr'><strong>quarum</strong></span> <span class='ocrx_word' id='word_1_718' title='bbox 1788 4720 2061 4812; x_wconf 75' lang='lat' dir='ltr'><strong>magnifi-</strong></span> 
     </span>
    </p>
   </div>
   <div class='ocr_carea' id='block_1_101' title="bbox 2165 4720 3786 4812">
    <p class='ocr_par' dir='ltr' id='par_1_101' title="bbox 2165 4720 3786 4812">
     <span class='ocr_line' id='line_1_102' title="bbox 2165 4720 3786 4812; baseline 0.008 -38"><span class='ocrx_word' id='word_1_719' title='bbox 2165 4732 2261 4783; x_wconf 78' lang='grc' dir='ltr'>τοῖς</span> <span class='ocrx_word' id='word_1_720' title='bbox 2295 4736 2546 4800; x_wconf 68' lang='grc' dir='ltr'>καρποῖς,</span> <span class='ocrx_word' id='word_1_721' title='bbox 2578 4725 2793 4803; x_wconf 84' lang='grc' dir='ltr'>ἀγάπης</span> <span class='ocrx_word' id='word_1_722' title='bbox 2821 4725 2991 4806; x_wconf 75' lang='grc' dir='ltr'>φόϐῳ,</span> <span class='ocrx_word' id='word_1_723' title='bbox 3023 4728 3129 4783; x_wconf 79' lang='grc' dir='ltr'><strong>τῶν</strong></span> <span class='ocrx_word' id='word_1_724' title='bbox 3156 4728 3306 4784; x_wconf 85' lang='grc' dir='ltr'>θείων</span> <span class='ocrx_word' id='word_1_725' title='bbox 3349 4728 3584 4809; x_wconf 80' lang='grc' dir='ltr'>ἐννοιῶν,</span> <span class='ocrx_word' id='word_1_726' title='bbox 3616 4720 3786 4812; x_wconf 82' lang='grc' dir='ltr'>λέγω,</span> 
     </span>
    </p>
   </div>
   <div class='ocr_carea' id='block_1_102' title="bbox 416 4808 2079 4899">
    <p class='ocr_par' dir='ltr' id='par_1_102' title="bbox 416 4808 2060 4877">
     <span class='ocr_line' id='line_1_103' title="bbox 416 4808 2060 4877; baseline -0.005 0"><span class='ocrx_word' id='word_1_727' title='bbox 416 4812 672 4877; x_wconf 86' lang='lat' dir='ltr'><strong>centiam</strong></span> <span class='ocrx_word' id='word_1_728' title='bbox 705 4819 764 4874; x_wconf 90' lang='lat' dir='ltr'><strong>et</strong></span> <span class='ocrx_word' id='word_1_729' title='bbox 787 4810 1213 4872; x_wconf 87' lang='lat' dir='ltr'><strong>sublimitatem</strong></span> <span class='ocrx_word' id='word_1_730' title='bbox 1245 4810 1319 4871; x_wconf 90' lang='lat' dir='ltr'><strong>ad</strong></span> <span class='ocrx_word' id='word_1_731' title='bbox 1352 4828 1417 4871; x_wconf 89' lang='lat' dir='ltr'><strong>se</strong></span> <span class='ocrx_word' id='word_1_732' title='bbox 1456 4828 1690 4871; x_wconf 90' lang='lat' dir='ltr'><strong>reversa</strong></span> <span class='ocrx_word' id='word_1_733' title='bbox 1720 4808 2060 4870; x_wconf 90' lang='lat' dir='ltr'><strong>nullatenus</strong></span> 
     </span>
    </p>
   </div>
   <div class='ocr_carea' id='block_1_103' title="bbox 2165 4808 3789 4899">
    <p class='ocr_par' dir='ltr' id='par_1_103' title="bbox 2165 4808 3789 4899">
     <span class='ocr_line' id='line_1_104' title="bbox 2165 4808 3789 4899; baseline 0.007 -34"><span class='ocrx_word' id='word_1_734' title='bbox 2165 4823 2257 4874; x_wconf 69' lang='grc' dir='ltr'>ῖοτς</span> <span class='ocrx_word' id='word_1_735' title='bbox 2329 4814 2586 4886; x_wconf 80' lang='grc' dir='ltr'>νοήμασιν</span> <span class='ocrx_word' id='word_1_736' title='bbox 2621 4831 2636 4845; x_wconf 77' lang='grc'><strong>⁸</strong></span> <span class='ocrx_word' id='word_1_737' title='bbox 2709 4818 2783 4875; x_wconf 82' lang='grc' dir='ltr'>ὧν</span> <span class='ocrx_word' id='word_1_738' title='bbox 2856 4815 3102 4875; x_wconf 69' lang='grc' dir='ltr'>οὐδέποτε</span> <span class='ocrx_word' id='word_1_739' title='bbox 3186 4808 3575 4894; x_wconf 73' lang='grc' dir='ltr'>συστελλομένη</span> 
     </span>
    </p>
   </div>
   <div class='ocr_carea' id='block_1_104' title="bbox 416 4897 2079 4989">
    <p class='ocr_par' dir='ltr' id='par_1_104' title="bbox 416 4897 2055 4989">
     <span class='ocr_line' id='line_1_105' title="bbox 416 4897 2055 4989; baseline -0.002 -25"><span class='ocrx_word' id='word_1_740' title='bbox 416 4901 682 4983; x_wconf 84' lang='lat' dir='ltr'><strong>perfecte</strong></span> <span class='ocrx_word' id='word_1_741' title='bbox 713 4899 1049 4989; x_wconf 81' lang='lat' dir='ltr'><strong>exprimere</strong></span> <span class='ocrx_word' id='word_1_742' title='bbox 1086 4907 1301 4989; x_wconf 71' lang='lat' dir='ltr'><strong>potest,</strong></span> <span class='ocrx_word' id='word_1_743' title='bbox 1324 4898 1428 4959; x_wconf 92' lang='lat' dir='ltr'><strong>sed</strong></span> <span class='ocrx_word' id='word_1_744' title='bbox 1458 4900 1622 4989; x_wconf 82' lang='lat' dir='ltr'><strong>quasi</strong></span> <span class='ocrx_word' id='word_1_745' title='bbox 1656 4897 2055 4989; x_wconf 58' lang='lat' dir='ltr'><strong>estraordina—</strong></span> 
     </span>
    </p>
   </div>
   <div class='ocr_carea' id='block_1_105' title="bbox 2165 4897 3786 4989">
    <p class='ocr_par' dir='ltr' id='par_1_105' title="bbox 2170 4897 3786 4989">
     <span class='ocr_line' id='line_1_106' title="bbox 2170 4897 3786 4989; baseline 0.007 -34"><span class='ocrx_word' id='word_1_746' title='bbox 2170 4904 2375 4989; x_wconf 67' lang='grc' dir='ltr'>αοτὴν,</span> <span class='ocrx_word' id='word_1_747' title='bbox 2403 4900 2609 4960; x_wconf 81' lang='grc' dir='ltr'>δύναται</span> <span class='ocrx_word' id='word_1_748' title='bbox 2663 4905 2878 4971; x_wconf 80' lang='grc' dir='ltr'>τελείως</span> <span class='ocrx_word' id='word_1_749' title='bbox 2949 4906 3201 4988; x_wconf 75' lang='grc' dir='ltr'>ἐκφράσαι</span> <span class='ocrx_word' id='word_1_750' title='bbox 3256 4910 3319 4964; x_wconf 79' lang='grc' dir='ltr'>τὸ</span> <span class='ocrx_word' id='word_1_751' title='bbox 3380 4897 3786 4989; x_wconf 74' lang='grc' dir='ltr'>μεγαλοπρεπές</span> 
     </span>
    </p>
   </div>
   <div class='ocr_carea' id='block_1_106' title="bbox 414 4985 2079 5075">
    <p class='ocr_par' dir='ltr' id='par_1_106' title="bbox 414 4985 2051 5075">
     <span class='ocr_line' id='line_1_107' title="bbox 414 4985 2051 5075; baseline -0.005 -22"><span class='ocrx_word' id='word_1_752' title='bbox 414 4990 504 5053; x_wconf 89' lang='lat' dir='ltr'><strong>rio</strong></span> <span class='ocrx_word' id='word_1_753' title='bbox 560 4989 840 5052; x_wconf 87' lang='lat' dir='ltr'><strong>instincta</strong></span> <span class='ocrx_word' id='word_1_754' title='bbox 889 4987 1146 5068; x_wconf 86' lang='lat' dir='ltr'><strong>Spiritus</strong></span> <span class='ocrx_word' id='word_1_755' title='bbox 1195 4986 1442 5075; x_wconf 83' lang='lat' dir='ltr'><strong>influxu,</strong></span> <span class='ocrx_word' id='word_1_756' title='bbox 1480 4985 1833 5075; x_wconf 78' lang='lat' dir='ltr'><strong>laudabilem</strong></span> <span class='ocrx_word' id='word_1_757' title='bbox 1874 5004 2051 5067; x_wconf 87' lang='lat' dir='ltr'><strong>quem</strong></span> 
     </span>
    </p>
   </div>
   <div class='ocr_carea' id='block_1_107' title="bbox 2165 4985 3789 5075">
    <p class='ocr_par' dir='ltr' id='par_1_107' title="bbox 2166 4985 3789 5075">
     <span class='ocr_line' id='line_1_108' title="bbox 2166 4985 3789 5075; baseline 0.009 -32"><span class='ocrx_word' id='word_1_758' title='bbox 2166 5010 2189 5043; x_wconf 94' lang='grc' dir='ltr'><strong>ε</strong></span> <span class='ocrx_word' id='word_1_759' title='bbox 2218 4992 2304 5045; x_wconf 84' lang='grc' dir='ltr'>καὶ</span> <span class='ocrx_word' id='word_1_760' title='bbox 2335 4988 2504 5057; x_wconf 78' lang='grc' dir='ltr'>ἔδοξον</span> <span class='ocrx_word' id='word_1_761' title='bbox 2541 5009 2554 5023; x_wconf 89' lang='grc'><strong>·</strong></span> <span class='ocrx_word' id='word_1_762' title='bbox 2603 4993 2721 5051; x_wconf 79' lang='grc' dir='ltr'>ἀλλ’</span> <span class='ocrx_word' id='word_1_763' title='bbox 2782 4999 2899 5053; x_wconf 83' lang='grc' dir='ltr'>οἷον</span> <span class='ocrx_word' id='word_1_764' title='bbox 2957 4985 3306 5075; x_wconf 75' lang='grc' dir='ltr'>ἐνεργουμένη</span> <span class='ocrx_word' id='word_1_765' title='bbox 3369 4985 3529 5062; x_wconf 77' lang='grc' dir='ltr'>ξένιος</span> <span class='ocrx_word' id='word_1_766' title='bbox 3560 4985 3663 5055; x_wconf 75' lang='grc' dir='ltr'><strong>ὑπὸ</strong></span> <span class='ocrx_word' id='word_1_767' title='bbox 3693 5008 3789 5058; x_wconf 80' lang='grc' dir='ltr'>τοῦ</span> 
     </span>
    </p>
   </div>
   <div class='ocr_carea' id='block_1_108' title="bbox 414 5074 2079 5164">
    <p class='ocr_par' dir='ltr' id='par_1_108' title="bbox 414 5074 2051 5164">
     <span class='ocr_line' id='line_1_109' title="bbox 414 5074 2051 5164; baseline -0.003 -23"><span class='ocrx_word' id='word_1_768' title='bbox 414 5079 715 5161; x_wconf 83' lang='lat' dir='ltr'><strong>experitur</strong></span> <span class='ocrx_word' id='word_1_769' title='bbox 741 5077 1014 5141; x_wconf 69' lang='lat' dir='ltr'><strong>allectum</strong></span> <span class='ocrx_word' id='word_1_770' title='bbox 1063 5076 1125 5137; x_wconf 90' lang='lat' dir='ltr'><strong>in</strong></span> <span class='ocrx_word' id='word_1_771' title='bbox 1162 5074 1447 5137; x_wconf 80' lang='lat' dir='ltr'><strong>ineffabili</strong></span> <span class='ocrx_word' id='word_1_772' title='bbox 1486 5074 1700 5164; x_wconf 84' lang='lat' dir='ltr'><strong>gaudio</strong></span> <span class='ocrx_word' id='word_1_773' title='bbox 1730 5086 1787 5135; x_wconf 92' lang='lat' dir='ltr'><strong>et</strong></span> <span class='ocrx_word' id='word_1_774' title='bbox 1805 5075 2051 5164; x_wconf 9' lang='lat' dir='ltr'><strong>rsilentio</strong></span> 
     </span>
    </p>
   </div>
   <div class='ocr_carea' id='block_1_109' title="bbox 2165 5074 3785 5164">
    <p class='ocr_par' dir='ltr' id='par_1_109' title="bbox 2165 5074 3785 5164">
     <span class='ocr_line' id='line_1_110' title="bbox 2165 5074 3785 5164; baseline 0.007 -32"><span class='ocrx_word' id='word_1_775' title='bbox 2165 5078 2434 5153; x_wconf 79' lang='grc' dir='ltr'>Ινεύματος</span> <span class='ocrx_word' id='word_1_776' title='bbox 2467 5097 2481 5111; x_wconf 84' lang='grc'><strong><em>⁸</em></strong></span> <span class='ocrx_word' id='word_1_777' title='bbox 2528 5084 2589 5138; x_wconf 84' lang='grc' dir='ltr'><strong>τὸ</strong></span> <span class='ocrx_word' id='word_1_778' title='bbox 2633 5084 2729 5159; x_wconf 74' lang='grc' dir='ltr'>μὲν</span> <span class='ocrx_word' id='word_1_779' title='bbox 2786 5085 3059 5141; x_wconf 74' lang='grc' dir='ltr'>ἐπαινετὸν</span> <span class='ocrx_word' id='word_1_780' title='bbox 3090 5074 3306 5164; x_wconf 13' lang='grc' dir='ltr'>νπάθος,</span> <span class='ocrx_word' id='word_1_781' title='bbox 3340 5085 3394 5141; x_wconf 87' lang='grc' dir='ltr'><strong>ἐν</strong></span> <span class='ocrx_word' id='word_1_782' title='bbox 3423 5084 3635 5164; x_wconf 71' lang='grc' dir='ltr'>ἆῤῥήτψ</span> <span class='ocrx_word' id='word_1_783' title='bbox 3665 5085 3785 5144; x_wconf 81' lang='grc' dir='ltr'>οἶδε</span> 
     </span>
    </p>
   </div>
   <div class='ocr_carea' id='block_1_110' title="bbox 416 5162 2079 5254">
    <p class='ocr_par' dir='ltr' id='par_1_110' title="bbox 416 5162 2046 5248">
     <span class='ocr_line' id='line_1_111' title="bbox 416 5162 2046 5248; baseline -0.003 -18"><span class='ocrx_word' id='word_1_784' title='bbox 416 5168 569 5231; x_wconf 88' lang='lat' dir='ltr'><strong>bene</strong></span> <span class='ocrx_word' id='word_1_785' title='bbox 589 5166 773 5241; x_wconf 87' lang='lat' dir='ltr'><strong>novit;</strong></span> <span class='ocrx_word' id='word_1_786' title='bbox 789 5165 1086 5248; x_wconf 90' lang='lat' dir='ltr'><strong>quomodo</strong></span> <span class='ocrx_word' id='word_1_787' title='bbox 1100 5182 1238 5227; x_wconf 89' lang='lat' dir='ltr'><strong>vero</strong></span> <span class='ocrx_word' id='word_1_788' title='bbox 1262 5164 1428 5224; x_wconf 91' lang='lat' dir='ltr'><strong>illum</strong></span> <span class='ocrx_word' id='word_1_789' title='bbox 1446 5162 1660 5224; x_wconf 88' lang='lat' dir='ltr'><strong>sentiat</strong></span> <span class='ocrx_word' id='word_1_790' title='bbox 1678 5162 2046 5237; x_wconf 89' lang='lat' dir='ltr'><strong>instinctum,</strong></span> 
     </span>
    </p>
   </div>
   <div class='ocr_carea' id='block_1_111' title="bbox 2165 5162 3788 5254">
    <p class='ocr_par' dir='ltr' id='par_1_111' title="bbox 2165 5162 3788 5254">
     <span class='ocr_line' id='line_1_112' title="bbox 2165 5162 3788 5254; baseline 0.005 -32"><span class='ocrx_word' id='word_1_791' title='bbox 2165 5173 2277 5246; x_wconf 42' lang='lat' dir='ltr'><strong>Lupi</strong></span> <span class='ocrx_word' id='word_1_792' title='bbox 2304 5168 2393 5224; x_wconf 82' lang='grc' dir='ltr'><strong>καὶ</strong></span> <span class='ocrx_word' id='word_1_793' title='bbox 2420 5176 2547 5249; x_wconf 79' lang='grc' dir='ltr'>σιγῇ</span> <span class='ocrx_word' id='word_1_794' title='bbox 2583 5192 2599 5209; x_wconf 66' lang='grc'><strong><em>⁸</em></strong></span> <span class='ocrx_word' id='word_1_795' title='bbox 2660 5174 2721 5228; x_wconf 81' lang='grc' dir='ltr'>τὸ</span> <span class='ocrx_word' id='word_1_796' title='bbox 2769 5171 2825 5229; x_wconf 78' lang='grc' dir='ltr'><strong>δὲ</strong></span> <span class='ocrx_word' id='word_1_797' title='bbox 2876 5180 2993 5236; x_wconf 86' lang='grc' dir='ltr'><strong>πῶς</strong></span> <span class='ocrx_word' id='word_1_798' title='bbox 3050 5162 3368 5252; x_wconf 70' lang='grc' dir='ltr'>ἐνεργεῖται,</span> <span class='ocrx_word' id='word_1_799' title='bbox 3419 5162 3555 5240; x_wconf 18' lang='grc' dir='ltr'>ἢμτί</span> <span class='ocrx_word' id='word_1_800' title='bbox 3582 5174 3693 5231; x_wconf 80' lang='grc' dir='ltr'>ἐστι</span> <span class='ocrx_word' id='word_1_801' title='bbox 3723 5198 3788 5254; x_wconf 73' lang='grc' dir='ltr'>το</span> 
     </span>
    </p>
   </div>
   <div class='ocr_carea' id='block_1_112' title="bbox 410 5251 2079 5342">
    <p class='ocr_par' dir='ltr' id='par_1_112' title="bbox 410 5251 2049 5342">
     <span class='ocr_line' id='line_1_113' title="bbox 410 5251 2049 5342; baseline -0.004 -21"><span class='ocrx_word' id='word_1_802' title='bbox 410 5258 501 5321; x_wconf 89' lang='lat' dir='ltr'><strong>vel</strong></span> <span class='ocrx_word' id='word_1_803' title='bbox 530 5256 675 5338; x_wconf 91' lang='lat' dir='ltr'><strong>quid</strong></span> <span class='ocrx_word' id='word_1_804' title='bbox 705 5258 780 5319; x_wconf 87' lang='lat' dir='ltr'><strong>sit</strong></span> <span class='ocrx_word' id='word_1_805' title='bbox 809 5255 954 5318; x_wconf 90' lang='lat' dir='ltr'><strong>illud</strong></span> <span class='ocrx_word' id='word_1_806' title='bbox 979 5274 1094 5337; x_wconf 90' lang='lat' dir='ltr'><strong>quo</strong></span> <span class='ocrx_word' id='word_1_807' title='bbox 1127 5260 1414 5325; x_wconf 86' lang='lat' dir='ltr'><strong>movetur,</strong></span> <span class='ocrx_word' id='word_1_808' title='bbox 1437 5253 1591 5333; x_wconf 90' lang='lat' dir='ltr'><strong>quod</strong></span> <span class='ocrx_word' id='word_1_809' title='bbox 1625 5251 1783 5342; x_wconf 87' lang='lat' dir='ltr'><strong>videt</strong></span> <span class='ocrx_word' id='word_1_810' title='bbox 1812 5260 1868 5313; x_wconf 92' lang='lat' dir='ltr'><strong>et</strong></span> <span class='ocrx_word' id='word_1_811' title='bbox 1893 5253 2049 5334; x_wconf 90' lang='lat' dir='ltr'><strong>quod</strong></span> 
     </span>
    </p>
   </div>
   <div class='ocr_carea' id='block_1_113' title="bbox 2165 5251 3788 5342">
    <p class='ocr_par' dir='ltr' id='par_1_113' title="bbox 2167 5251 3788 5342">
     <span class='ocr_line' id='line_1_114' title="bbox 2167 5251 3788 5342; baseline 0.007 -34"><span class='ocrx_word' id='word_1_812' title='bbox 2167 5261 2303 5311; x_wconf 74' lang='grc' dir='ltr'>ινοῧν</span> <span class='ocrx_word' id='word_1_813' title='bbox 2327 5258 2415 5313; x_wconf 82' lang='grc' dir='ltr'><strong>καὶ</strong></span> <span class='ocrx_word' id='word_1_814' title='bbox 2438 5259 2727 5340; x_wconf 82' lang='grc' dir='ltr'>ὁρώμενον,</span> <span class='ocrx_word' id='word_1_815' title='bbox 2760 5262 2846 5317; x_wconf 85' lang='grc' dir='ltr'><strong>καὶ</strong></span> <span class='ocrx_word' id='word_1_816' title='bbox 2875 5260 3030 5338; x_wconf 79' lang='grc' dir='ltr'>λέγον</span> <span class='ocrx_word' id='word_1_817' title='bbox 3062 5251 3194 5338; x_wconf 72' lang='grc' dir='ltr'>αὐτῇ</span> <span class='ocrx_word' id='word_1_818' title='bbox 3222 5251 3488 5337; x_wconf 79' lang='grc' dir='ltr'>μυστικῶς</span> <span class='ocrx_word' id='word_1_819' title='bbox 3514 5263 3581 5318; x_wconf 82' lang='grc' dir='ltr'>τὰ</span> <span class='ocrx_word' id='word_1_820' title='bbox 3610 5251 3788 5342; x_wconf 69' lang='grc' dir='ltr'>ἀπόρέ</span> 
     </span>
    </p>
   </div>
   <div class='ocr_carea' id='block_1_114' title="bbox 413 5341 2079 5430">
    <p class='ocr_par' dir='ltr' id='par_1_114' title="bbox 413 5341 1926 5430">
     <span class='ocr_line' id='line_1_115' title="bbox 413 5341 1926 5430; baseline -0.002 -20"><span class='ocrx_word' id='word_1_821' title='bbox 413 5348 527 5430; x_wconf 90' lang='lat' dir='ltr'><strong>ipsi</strong></span> <span class='ocrx_word' id='word_1_822' title='bbox 550 5345 809 5428; x_wconf 87' lang='lat' dir='ltr'><strong>loquitur</strong></span> <span class='ocrx_word' id='word_1_823' title='bbox 837 5362 1073 5419; x_wconf 86' lang='lat' dir='ltr'><strong>arcana,</strong></span> <span class='ocrx_word' id='word_1_824' title='bbox 1109 5341 1355 5404; x_wconf 88' lang='lat' dir='ltr'><strong>minime</strong></span> <span class='ocrx_word' id='word_1_825' title='bbox 1388 5349 1581 5422; x_wconf 87' lang='lat' dir='ltr'><strong>potest</strong></span> <span class='ocrx_word' id='word_1_826' title='bbox 1607 5341 1926 5421; x_wconf 85' lang='lat' dir='ltr'><strong>explicare.</strong></span> 
     </span>
    </p>
   </div>
   <div class='ocr_carea' id='block_1_115' title="bbox 2165 5341 3011 5430">
    <p class='ocr_par' dir='ltr' id='par_1_115' title="bbox 2165 5346 3011 5430">
     <span class='ocr_line' id='line_1_116' title="bbox 2165 5346 3011 5430; baseline 0.007 -29"><span class='ocrx_word' id='word_1_827' title='bbox 2165 5367 2287 5430; x_wconf 68' lang='grc' dir='ltr'>ητα,</span> <span class='ocrx_word' id='word_1_828' title='bbox 2319 5346 2603 5430; x_wconf 78' lang='grc' dir='ltr'>ἀμηχανετ</span> <span class='ocrx_word' id='word_1_829' title='bbox 2631 5348 3011 5428; x_wconf 76' lang='grc' dir='ltr'>ἐξηγήσασθαι.</span> 
     </span>
    </p>
   </div>
   <div class='ocr_carea' id='block_1_116' title="bbox 492 5427 2079 5519">
    <p class='ocr_par' dir='ltr' id='par_1_116' title="bbox 492 5427 2045 5515">
     <span class='ocr_line' id='line_1_117' title="bbox 492 5427 2045 5515; baseline -0.006 -15"><span class='ocrx_word' id='word_1_830' title='bbox 492 5440 592 5503; x_wconf 79' lang='grc'><strong>54.</strong></span> <span class='ocrx_word' id='word_1_831' title='bbox 624 5427 738 5513; x_wconf 79' lang='lat' dir='ltr'><strong>Qui</strong></span> <span class='ocrx_word' id='word_1_832' title='bbox 764 5434 987 5515; x_wconf 86' lang='lat' dir='ltr'><strong>spargit</strong></span> <span class='ocrx_word' id='word_1_833' title='bbox 1013 5431 1129 5495; x_wconf 89' lang='lat' dir='ltr'><strong>sibi</strong></span> <span class='ocrx_word' id='word_1_834' title='bbox 1173 5434 1233 5493; x_wconf 90' lang='lat' dir='ltr'><strong>in</strong></span> <span class='ocrx_word' id='word_1_835' title='bbox 1271 5430 1500 5511; x_wconf 90' lang='lat' dir='ltr'><strong>justitia</strong></span> <span class='ocrx_word' id='word_1_836' title='bbox 1548 5431 1836 5511; x_wconf 78' lang='lat' dir='ltr'><strong>lacrymas</strong></span> <span class='ocrx_word' id='word_1_837' title='bbox 1878 5449 2045 5493; x_wconf 91' lang='lat' dir='ltr'><strong>com-</strong></span> 
     </span>
    </p>
   </div>
   <div class='ocr_carea' id='block_1_117' title="bbox 2165 5427 3791 5519">
    <p class='ocr_par' dir='ltr' id='par_1_117' title="bbox 2210 5427 3791 5519">
     <span class='ocr_line' id='line_1_118' title="bbox 2210 5427 3791 5519; baseline 0.005 -28"><span class='ocrx_word' id='word_1_838' title='bbox 2210 5427 2307 5495; x_wconf 53' lang='grc' dir='ltr'>νδ..</span> <span class='ocrx_word' id='word_1_839' title='bbox 2367 5427 2424 5494; x_wconf 72' lang='grc' dir='ltr'>Ὀ</span> <span class='ocrx_word' id='word_1_840' title='bbox 2468 5427 2748 5517; x_wconf 40' lang='grc' dir='ltr'>’σπείρων</span> <span class='ocrx_word' id='word_1_841' title='bbox 2794 5439 2963 5512; x_wconf 79' lang='grc' dir='ltr'>ἑαυτῷ</span> <span class='ocrx_word' id='word_1_842' title='bbox 3034 5440 3107 5502; x_wconf 74' lang='grc' dir='ltr'>εἷς</span> <span class='ocrx_word' id='word_1_843' title='bbox 3183 5435 3518 5505; x_wconf 78' lang='grc' dir='ltr'>δικαιοσύνην</span> <span class='ocrx_word' id='word_1_844' title='bbox 3588 5437 3791 5519; x_wconf 84' lang='grc' dir='ltr'>δάκρυα</span> 
     </span>
    </p>
   </div>
   <div class='ocr_carea' id='block_1_118' title="bbox 490 5559 1754 5683">
    <p class='ocr_par' dir='ltr' id='par_1_118' title="bbox 490 5559 1754 5683">
     <span class='ocr_line' id='line_1_119' title="bbox 490 5559 1754 5683; baseline -0.013 -7"><span class='ocrx_word' id='word_1_845' title='bbox 490 5609 523 5661; x_wconf 69' lang='grc'><strong>4</strong></span> <span class='ocrx_word' id='word_1_846' title='bbox 547 5559 739 5674; x_wconf 69' lang='lat' dir='ltr'><strong>Galat&#39;.</strong></span> <span class='ocrx_word' id='word_1_847' title='bbox 772 5617 857 5683; x_wconf 79' lang='lat' dir='ltr'><strong>IV,</strong></span> <span class='ocrx_word' id='word_1_848' title='bbox 890 5604 952 5681; x_wconf 87' lang='lat'><strong>3,</strong></span> <span class='ocrx_word' id='word_1_849' title='bbox 981 5603 1042 5664; x_wconf 90' lang='lat'><strong>&#39;7.</strong></span> <span class='ocrx_word' id='word_1_850' title='bbox 1128 5605 1161 5657; x_wconf 75' lang='lat'><strong>5</strong></span> <span class='ocrx_word' id='word_1_851' title='bbox 1189 5604 1386 5667; x_wconf 88' lang='lat' dir='ltr'><strong>Matth.</strong></span> <span class='ocrx_word' id='word_1_852' title='bbox 1421 5617 1566 5683; x_wconf 82' lang='lat' dir='ltr'><strong>xvu,</strong></span> <span class='ocrx_word' id='word_1_853' title='bbox 1610 5602 1663 5678; x_wconf 86' lang='lat' dir='ltr'><strong>l,</strong></span> <span class='ocrx_word' id='word_1_854' title='bbox 1697 5606 1754 5664; x_wconf 80' lang='grc'><strong>5.</strong></span> 
     </span>
    </p>
   </div>
  </div>
