4052 6134
305 233 417 298 981
1267 236 1810 302 GNOSTICORUM
1853 231 2193 298 CAPITUM
2237 235 2625 303 GENTURIA
2655 241 2743 302 III
3552 216 3669 308 9'8"

304 365 658 452 κατανύξεως,
695 377 858 449 τρυγᾷ
897 374 968 436 εἰς
1011 373 1212 450 καρπὸν
1269 378 1436 445 ζωῆς,
1497 372 1669 451 χαρὰν
1721 367 1947 428 ἀνεκλά-

2038 365 2418 452 punctionis,
2465 367 2525 428 in
2574 367 2835 430 fructum
2894 369 3026 432 vita
3087 371 3338 452 percipit
3393 374 3673 450 gaudium

307 455 492 523 λητον.
535 449 591 515 ιΟ
634 456 688 514 δὲ
737 458 972 530 ἐκζητῶν
1015 449 1104 517 καὶ
1158 460 1436 535 ὑπομένων
1620 460 1806 539 Κύριον
1850 458 1947 523 ἕως

2038 451 2356 516 ineﬂ‘abile.
2386 453 2496 527 Qui
2527 465 2724 517 autem
2755 459 2964 537 quarit
2989 467 3048 520 et
3075 449 3324 521 sustinet
3352 449 3673 526 Dominum

309 565 400 600 του
469 542 642 602 ἐλθεῖν
695 547 760 602 τὰ
816 548 1122 625 γεννήματα
1188 554 1286 616 τῆς
1371 547 1699 614 δικαιοσύνης
1771 549 1950 625 αὐτοῦ,

311 635 461 696 οὗτος
491 635 676 713 θερίσει
707 634 976 717 πολύχουν
1023 639 1112 694 τὸν
1168 639 1367 718 στάχυν
1423 643 1520 704 τῆς
1565 637 1810 716 γνώσεως
1865 644 1954 694 τοῦ

311 729 445 780 Θεοῦ
477 736 492 752 ⁰
560 725 648 780 καὶ
697 730 809 804 φῶς
868 727 1050 783 ἑαυτὸν
1107 728 1318 808 φωτίσει
1363 729 1571 807 σοφίας,
1623 728 1711 783 καὶ
1765 725 1954 804 λυχνία

311 812 487 890 φωτὸς
556 810 726 868 ἀϊδίου
785 816 1088 891 γενήσεται,
1165 818 1238 880 εἰς
1307 817 1369 872 τὸ
1446 817 1684 896 φωτίζειν
1753 816 1953 877 πάντας

309 899 610 978 ἀνθρώπους
645 917 661 934 ⁸
711 903 797 957 καὶ
846 903 904 959 ού
945 907 1191 984 φθονήσει
1245 906 1414 979 ἑαυτῷ
1440 906 1528 960 καὶ
1569 919 1686 968 τοῖς
1731 902 1955 970 πλησίον

308 988 410 1043 ὑπὸ
451 989 511 1044 τὸ
569 987 751 1062 μόδιον
811 997 902 1046 τοῦ
946 992 1132 1072 φθόνου
1186 991 1467 1049 καλύπτων
1525 993 1586 1048 τὸ
1627 991 1770 1049 δοθὲν
1812 993 1954 1066 αὒτῴ

309 1081 422 1154 φῶς
453 1081 548 1143 τῆς
575 1077 759 1157 σοφίας
794 1093 808 1108 ’
857 1077 974 1134 ἀλλ’
1037 1080 1123 1136 ἐπὶ
1164 1086 1260 1147 τῆς
1319 1077 1635 1147 Ἐκκλησίας
1694 1085 1797 1136 τῶν
1856 1102 1953 1135 πι-

311 1168 448 1220 στῶν
479 1164 731 1244 ἐρεύξεται
767 1164 955 1244 λόγους
1015 1167 1263 1245 ἀγαθοὺς,
1322 1169 1393 1232 εἰς
1425 1166 1678 1248 ὠφέλειαν
1709 1165 1946 1245 πολλῶν,

310 1254 399 1308 καὶ
428 1251 698 1332 φθέγξεται
741 1253 1095 1334 προϐλήματα
1137 1254 1229 1312 ἀπ’
1275 1256 1474 1336 ἀρχῆς,
1521 1255 1619 1312 ὅσα
1646 1277 1703 1312 τε
1731 1254 1952 1323 ἤκουσεν

312 1338 530 1420 ἄνωθεν,
575 1343 696 1416 θείῳ
724 1345 1104 1424 ὑπηχούμενος
1138 1345 1424 1424 Πνεύματι,
1451 1346 1539 1401 καὶ
1581 1343 1678 1401 ὅσα
1708 1343 1844 1423 ἔγνω
1885 1349 1954 1419 τῇ

309 1431 500 1508 θεωρίᾳ
527 1436 632 1487 τῶν
663 1429 830 1489 ὄντων
859 1431 1158 1513 σχολάζων,
1187 1435 1274 1490 καὶ
1316 1437 1363 1490 οἱ
1391 1435 1614 1514 πατέρες
1646 1437 1802 1494 αὐτοῦ
1828 1431 1952 1500 διη-

308 1519 550 1595 γήσαντο
574 1523 734 1594 αὐτῷ.

393 1598 487 1668 νε’.
522 1587 701 1667 νΕσται
730 1612 884 1668 παντὶ
913 1609 1176 1686 σπουδαίῳ
1207 1611 1355 1690 ἐνῖτῇ
1413 1613 1613 1692 ἡμέρᾳ“
1639 1619 1737 1682 τῆς
1795 1613 1949 1670 αὐτοῦ

2036 541 2226 602 donec
2260 543 2496 604 veniant
2524 544 2746 606 fructus
2768 546 3017 625 justitia
3037 565 3178 619 sua,
3205 548 3300 609 hic
3324 558 3502 612 metet
3522 554 3675 613 mul-

2039 629 2300 710 tiplicem
2343 633 2564 712 spicam
2598 633 2861 695 scientia
2890 634 3020 710 Dei,
3057 636 3316 716 seipsum
3361 638 3676 704 illustrabit

2037 719 2260 780 lumine
2289 721 2611 800 sapientia,
2642 731 2700 784 et
2727 723 2820 784 fac
2853 724 2999 786 lucis
3030 735 3268 788 aterna
3298 727 3399 787 fiet
3426 729 3496 789 ad
3529 729 3671 792 illu-

2037 807 2346 871 minandos
2375 829 2584 871 omnes
2625 812 2921 892 homines,
2972 832 3083 875 nec
3128 814 3411 877 invidebit
3459 817 3572 878 sibi
3613 827 3674 881 et

2041 898 2303 977 proximo
2335 899 2443 960 sub
2469 899 2666 960 modio
2687 900 2916 962 invidia
2938 901 3311 964 abscondens
3333 904 3531 966 datam
3557 906 3674 970 sibi

2034 985 2686 1064 sapientialucernam,
2709 989 2813 1050 sed
2844 991 2904 1050 in
2930 989 3191 1052 Ecclesia
3234 993 3496 1055 ﬁdelium
3529 1013 3671 1058 eru-

2036 1075 2220 1135 ctahit
2268 1075 2448 1136 verba
2498 1076 2671 1148 bona,
2723 1079 2794 1138 ad
2851 1078 3168 1140 multorum
3222 1083 3554 1160 utilitatem,
3613 1097 3675 1146 et

2032 1163 2304 1252 loquetur
2348 1182 2559 1252 arcana
2605 1165 2676 1226 ab
2725 1165 2961 1240 inititio,
2994 1186 3122 1246 qua
3154 1169 3378 1230 audivit
3415 1171 3675 1252 desuper

2034 1250 2232 1312 divino
2264 1251 2592 1313 obendiens
2625 1251 2891 1334 Spiritui,
2924 1263 2981 1316 et
3002 1274 3130 1335 qua
3159 1256 3365 1319 didicit
3393 1250 3673 1321 contem-

2037 1340 2282 1420 plationi
2326 1359 2527 1402 rerum
2569 1359 2806 1418 vacans,
2858 1350 2915 1404 et
2962 1362 3094 1424 qua
3144 1354 3339 1425 patres
3381 1351 3512 1429 ejus
3556 1348 3674 1430 ipsi

2035 1435 2438 1489 narraverunt.

2112 1607 2210 1669 55.
2247 1603 2423 1668 Omni
2471 1605 2595 1665 viro
2639 1605 2758 1685 pio,
2805 1626 2939 1668 cum
2983 1608 3044 1669 in
3097 1608 3316 1673 virtute
3373 1612 3672 1691 perfectus

312 1693 431 1753 κατ’
479 1697 670 1776 ἀρετὴν
725 1697 1076 1774 τελειώσεως,
1135 1702 1222 1758 καὶ
1282 1700 1632 1768 ἀποσταλάξει
1692 1702 1833 1775 αὐτῷ
1887 1702 1947 1756 τὰ

2038 1693 2178 1768 erit,
2238 1701 2479 1772 surgent
2525 1702 2755 1755 montes
2813 1695 3204 1759 observantia
3261 1700 3667 1764 mandatorum

313 1784 410 1863 ὄρη
453 1790 550 1852 τῆς
607 1785 853 1865 ἐργασίας
909 1789 1013 1844 τῶν
1055 1795 1147 1845 τοῦ
1194 1796 1325 1846 Θεοῦ
1367 1789 1592 1847 ἐντολῶν
1647 1787 1950 1868 γλυκασμὸν

314 1875 657 1955 εὐφροσύνης,
701 1877 1024 1954 βασιλεύοντι
1055 1880 1107 1936 ἐν
1151 1882 1290 1937 Σιὼν
1340 1887 1407 1957 τῇ
1461 1885 1661 1958 καθαρᾷ
1701 1879 1899 1952 διανοίᾳ
1929 1899 1949 1918 ο

312 1965 399 2020 καὶ
428 1967 475 2021 οἱ
504 1965 699 2046 βουνοὶ,
735 1969 781 2022 οἱ
810 1965 959 2044 λόγοι
1002 1972 1108 2024 τῶν
1164 1969 1388 2048 ἀρετῶν,
1440 1969 1718 2047 βοήσονται
1761 1969 1898 2048 γάλα
1929 1984 1946 2002 ⁸

309 2056 408 2123 τὴν
449 2059 644 2137 τροφὴν
676 2059 816 2134 αὐτῷ
871 2059 1249 2136 ἀναπαυομένῳ
1285 2060 1370 2118 ἐπὶ
1432 2061 1614 2129 κλίνης
1673 2063 1944 2140 ἀπαθείας,

311 2146 693 2225 προσφέροντες
727 2163 743 2178 ⁶
815 2149 903 2204 καὶ
970 2155 1134 2206 πᾶσαι
1203 2153 1256 2206 αἱ
1324 2149 1523 2228 ἐφέσεις
1597 2148 1782 2229 Ἰούδα,
1853 2156 1950 2216 τῆς

310 2235 488 2310 αὐτοῦ,
555 2238 714 2314 φημὶ,
775 2238 999 2300 πίστεώς
1063 2260 1120 2295 τε
1181 2240 1268 2295 καὶ
1297 2271 1308 2309 3.
1338 2240 1604 2316 γνώσεως,
1665 2240 1942 2316 ῥυήσονται

307 2320 492 2395 ὕδατα,
552 2321 790 2400 δόγματα
857 2322 1096 2405 δηλαδὴ,
1151 2329 1237 2383 καὶ
1297 2325 1622 2406 παραϐολὰς,
1668 2329 1755 2384 καί
1814 2329 1941 2384 αἰνί-

312 2431 490 2485 γματα
546 2412 697 2467 θείων
757 2415 1078 2491 πραγμάτων
1109 2434 1122 2446 ·
1197 2416 1284 2470 καὶ
1346 2416 1499 2492 πηγὴ
1547 2415 1729 2494 σοφίας
1774 2413 1944 2491 ἀποῤ-

310 2497 471 2573 ῥήτου
536 2497 598 2554 ἐκ
674 2504 772 2566 τῆς
842 2501 1051 2580 καρδίας
1105 2506 1260 2561 αὖτοῦ
1317 2505 1392 2565 ὡς
1447 2501 1499 2567 ἐξ
1556 2501 1707 2559 οἴκου
1765 2505 1947 2580 Κυρίου

310 2584 653 2662 ἐξελεύσεται,
697 2592 784 2645 καὶ
813 2603 990 2646 ποτιετ
1036 2593 1126 2646 τὸν
1173 2590 1491 2670 χειμάῤῥουν
1533 2597 1635 2648 τῶν
1690 2592 1940 2670 σχοίνων,

310 2676 496 2739 αὖτοὺς
541 2673 783 2742 δηλονότι
828 2679 948 2742 τοὺς
1006 2687 1082 2753 τῷ
1131 2681 1325 2759 αύχμῷ
1353 2681 1441 2736 καὶ
1469 2688 1544 2754 τῷ
1585 2682 1810 2736 καύσωνι
1839 2686 1944 2735 τῶν

308 2766 488 2819 παθῶν
557 2763 1004 2844 ἀποξηρανθέντας
1073 2767 1392 2846 ἀνθρώπους.
1457 2769 1557 2826 Καὶ
1621 2768 1742 2824 τότε
1798 2768 1942 2845 γνώ-

312 2872 456 2908 σεται
510 2854 608 2920 τὴν
665 2853 919 2922 ἀληθινὴν
981 2854 1192 2912 ἔκϐασιν
1274 2857 1327 2912 ἐν
1384 2857 1553 2932 ἑαυτῷ
1608 2860 1714 2914 τῶν
1770 2856 1943 2934 λόγων

313 2941 497 3018 Κυρίου
531 2958 545 2971 ⁸

309 3031 400 3103 μοὶ
457 3028 516 3084 ἐκ
571 3036 668 3097 τῆς
739 3030 939 3095 κοιλίας
1012 3033 1168 3089 αὐτοῦ
1251 3033 1484 3110 ρεύσουσι
1563 3031 1748 3097 ὓδατος
1806 3040 1946 3105 ζῶν-

305 3140 420 3181 τος.
469 3141 493 3174 1

391 3197 524 3281 νς’.
575 3206 850 3266 Ἀνατελεϊ
906 3208 959 3264 ὲν
1015 3225 1130 3274 τοῖς
1175 3208 1514 3290 φοϐουμένοις
1561 3233 1649 3290 με,
1708 3214 1865 3291 φησὶν
1917 3214 1944 3267 ὁ

310 3297 465 3374 Θεὸς,
498 3294 650 3361 ἥλιος
681 3293 1036 3371 δικαιοσύνης,
1071 3299 1157 3353 καὶ
1213 3297 1355 3361 ἴασις
1399 3298 1452 3354 ἐν
1498 3312 1618 3362 ταῖς
1649 3297 1890 3376 πράξεσιν
1925 3314 1938 3327 ⁹

307 3385 396 3440 καὶ
437 3383 496 3440 ἐκ
526 3383 762 3464 φυλακῆς
805 3389 983 3442 παθῶν
1030 3384 1404 3460 ἐξελεύσονται,
1463 3389 1550 3443 καὶ
1578 3390 1944 3466 σκιρτήσουσιν

307 3475 381 3535 ὡς
411 3475 685 3552 μοσχάρια
714 3473 774 3528 ἐκ
815 3473 1020 3549 δεσμῶν
1049 3476 1304 3554 ἁμαρτίας
1336 3476 1583 3551 ἀνειμένα
1614 3493 1628 3506 ⁶
1661 3479 1749 3533 καὶ
1776 3499 1946 3533 κατα-

306 3564 633 3631 πατήσουσιν
675 3562 900 3638 ἀνόμους
933 3560 1117 3642 ἅνδρας
1146 3567 1233 3620 καὶ
1262 3563 1510 3640 δαίμονας
1555 3567 1804 3622 ὑποκάτω
1844 3573 1949 3624 τῶν

307 3648 482 3707 ποδῶν
514 3654 706 3731 αῦτῶν,
738 3654 809 3713 ὡς
845 3650 1058 3731 σποδὸν,
1091 3653 1144 3708 ἐν
1177 3660 1245 3729 τῇ
1274 3653 1447 3732 ἡμέρᾳ
1465 3659 1564 3721 τῆς
1586 3655 1952 3711 ἀποκαταστά-

308 3760 440 3802 σεως
486 3739 680 3814 αὐτῶν,
713 3744 749 3816 ᾗ
798 3739 904 3818 ἐγὼ
943 3742 1102 3813 ποιῶ,
1136 3739 1278 3819 λέγει
1313 3743 1492 3818 Κύριος
1523 3745 1893 3821 παντοκράτωρ
1930 3759 1941 3772 ⁸

304 3827 459 3895 ἡνίκα
501 3825 584 3883 διὰ
640 3831 823 3884 πασμῦν
859 3829 1170 3904 ἀνυψωθῶσι
1202 3833 1304 3884 τῶν
1335 3828 1830 3908 ἀρετῶιθ”δηλοειότι,
1863 3833 1946 3886 καὶ

306 3915 624 3973 τελειωθῶσι
656 3915 739 3972 διὰ
770 3920 952 3997 σοφίας
983 3919 1072 3973 καὶ
1098 3920 1344 3996 γνώσεως
1387 3917 1439 3974 ἐν
1481 3925 1550 3994 τῇ
1581 3920 1826 3995 μετουσία
1855 3925 1946 3976 τοῦ

311 4006 609 4078 Πνεύματος
619 4054 631 4067 ,

306 4124 311 4130 ·
390 4087 488 4166 νζ..
537 4095 661 4152 Ἐὰν
720 4092 802 4150 ἐπ’
860 4094 1010 4173 ὅρους
1068 4093 1277 4154 πεδινοῦ
1331 4103 1423 4152 τοῦ
1479 4097 1679 4170 κόσμου
1733 4097 1940 4174 τούτλυ,

311 4187 398 4241 καὶ
439 4184 533 4251 τῆς
581 4182 897 4249 Ἐκκλησίας
942 4190 1182 4260 Χριστοῦ,
1229 4189 1473 4261 γνώσεως
1543 4189 1728 4251 καινῆς
1802 4184 1944 4240 ἅνω-

606 2947 734 3022 φησὶ
761 2947 860 3022 γάρ
898 2964 911 2976 ⁶
968 2968 995 2999 (ί
1053 2937 1108 3002 εΟ
1166 2945 1426 3001 πιστεύων
1483 2949 1556 3010 εἷς
1611 2945 1728 3021 ἐμὲ,
1787 2963 2006 3011 ποτα-Ο

2030 1782 2162 1858 Dei,
2194 1783 2293 1862 qui
2327 1782 2703 1844 dulcedinem
2749 1783 2969 1846 latitia
3010 1786 3314 1848 stillabunt
3353 1788 3406 1848 ei
3436 1789 3494 1850 in
3526 1792 3670 1853 Sion

2035 1880 2233 1932 mente
2283 1889 2426 1950 pura
2480 1875 2789 1948 regnanti;
2851 1881 2909 1933 et
2964 1875 3165 1948 colles,
3228 1893 3333 1936 seu
3385 1877 3667 1941 virtutum

2037 1959 2236 2039 verba,
2272 1959 2360 2020 lac
2379 1959 2684 2038 rorabunt,
2712 1959 2908 2021 cibum
2941 1961 3054 2042 ipsi
3085 1966 3139 2024 in
3173 1963 3666 2044 impassibilitatis

2036 2047 2188 2109 lecto
2222 2048 2619 2128 requiescenti
2650 2050 2986 2123 afferentes,
3021 2051 3340 2129 omniaque
3367 2053 3666 2118 desideria

2032 2137 2207 2210 Juda,
2234 2137 2290 2197 id
2325 2144 2433 2208 est,
2464 2137 2599 2198 fidei
2633 2147 2688 2198 et
2720 2138 2988 2200 scientia
3017 2142 3169 2218 ejus,
3209 2141 3410 2219 pluent
3457 2162 3664 2223 aquas,

2027 2227 2302 2302 dogmata
2318 2223 2592 2286 videlicet
2615 2225 3040 2306 parabolasque
3056 2237 3113 2288 et
3133 2233 3439 2308 anig'nata
3462 2251 3664 2294 rerum

2027 2315 2402 2386 divinarum;
2434 2324 2612 2393 atque
2661 2315 2790 2375 fons
2841 2315 3206 2379 abscondita
3255 2319 3561 2399 sapientia
3589 2323 3664 2384 de

2028 2403 2208 2465 corde
2239 2402 2398 2462 illius
2430 2409 2706 2482 tanquam
2729 2404 2803 2464 de
2822 2404 2999 2465 domo
3032 2405 3266 2467 Domini
3297 2409 3663 2488 egredietur,

2030 2502 2088 2554 et
2117 2490 2339 2571 potabit
2370 2499 2695 2552 torrentem
2723 2493 3074 2572 juncorum,
3100 2493 3260 2574 ipsos
3289 2497 3663 2561 scilicet—ho-

2029 2580 2219 2642 mines
2263 2579 2534 2640 ariditate
2579 2589 2636 2640 et
2681 2590 2824 2641 astu
2868 2582 3255 2660 cupiditatum
3303 2585 3656 2650 exsiccatos.

2028 2668 2096 2728 Et
2145 2678 2282 2728 tunc
2323 2667 2472 2728 sciet
2517 2667 2576 2728 in
2630 2687 2694 2730 se
2743 2669 3063 2750 adimpleta
3118 2690 3248 2733 esse
3304 2673 3430 2736 hac
3484 2675 3664 2826 vegga

2028 2756 2259 2817 Domini
2290 2755 2541 2817 dicentis
2574 2773 2586 2818 :
2631 2779 2654 2812 α
2689 2756 2798 2826 Qui
2831 2759 3023 2820 credit
3060 2759 3122 2821 in
3153 2779 3272 2826 me.
3308 2762 3558 2826 ﬂumina
3629 2783 3664 2826 θ

2026 2756 2259 2817 Domini
2290 2755 2541 2817 dicentis
2574 2773 2586 2818 :
2631 2779 2654 2812 α
2689 2756 2798 2829 Qui
2831 2759 3023 2820 credit
3060 2759 3122 2821 in
3153 2779 3272 2835 me,
3308 2762 3558 2826 ﬂumina
3577 2755 3664 2827 de

2027 2853 2233 2908 ventre
2255 2845 2384 2924 ejus
2415 2845 2600 2906 ﬂuent
2629 2864 2794 2926 aqua
2820 2849 2964 2908 viva
2985 2847 3039 2911 6.

2106 3201 2206 3265 56.
2239 3199 2442 3264 Oritur
2469 3202 2530 3262 in
2563 3201 2928 3278 timentibus,
2961 3204 3043 3266 ait
3076 3204 3388 3286 Dominus,
3423 3205 3520 3270 Sol
3556 3209 3662 3290 ju-

2025 3290 2251 3371 stitia7,
2300 3298 2358 3352 et
2405 3291 2635 3353 medela
2687 3291 2747 3352 in
2800 3293 3225 3373 operibus;ex
3276 3294 3667 3375 cupiditatum

2027 3398 2267 3441 carcere
2311 3379 2714 3458 egredientur,
2765 3389 2824 3442 et
2870 3383 3082 3444 salient
3150 3392 3214 3444 ut
3272 3385 3433 3446 vituli
3483 3386 3670 3466 ruptis

2032 3468 2256 3548 peccati
2307 3468 2590 3541 vinculis;
2645 3469 3032 3551 hominesque
3082 3477 3569 3551 praevaricatores
3598 3493 3667 3536 ac

2029 3557 2328 3618 damonas
2357 3557 2465 3618 sub
2493 3557 2741 3637 pedibus
2780 3559 2901 3618 suis
2947 3569 3006 3619 ut
3046 3561 3309 3622 cinerem
3343 3561 3664 3623 conculca-

2032 3644 2179 3706 bunt
2205 3647 2263 3706 in
2291 3646 2386 3706 die
2415 3665 2536 3707 sua
2557 3648 3028 3720 restanraliouis,
3061 3648 3212 3709 sicut
3243 3667 3354 3728 ego
3388 3649 3540 3710 facio
3565 3650 3665 3712 di-

2031 3734 2110 3794 cit
2159 3733 2444 3794 Dominus
2489 3733 2884 3814 omnipotens,
2937 3755 3067 3796 cum
3118 3737 3348 3797 scilicet
3388 3738 3667 3800 omnibus

2031 3821 2240 3883 elevali
2268 3830 2408 3882 sunt
2438 3822 2766 3896 virtutibus,
2801 3832 2858 3884 et
2899 3824 3146 3903 perfecti
3177 3843 3281 3904 per
3312 3825 3664 3906 sapientiam

2030 3919 2087 3970 et
2111 3911 2418 3972 scientiam
2453 3911 2512 3972 in
2539 3911 2986 3992 participatione
3017 3913 3274 3994 Spiritus
3302 3915 3516 3976 sancti.

2109 4087 2203 4150 57.
2242 4092 2385 4150 Cum
2417 4107 2596 4168 super
2615 4097 2874 4151 montem
2899 4091 3442 4171 campestrishujus
3459 4092 3666 4154 mundi

2027 4184 2084 4235 ιιι
2101 4175 2375 4237 Ecclesia
2399 4177 2613 4238 Christi
2634 4179 2920 4240 levaveris
2941 4180 3204 4240 scientia
3222 4198 3385 4241 nova
3404 4181 3665 4258 signum,

309 4277 394 4330 θεν
466 4273 593 4350 ἄρῃς
643 4287 895 4350 σημε”ον,
951 4274 1039 4327 καὶ
1093 4274 1303 4349 ὑψτξσῃς
1359 4275 1456 4339 τὴν
1521 4275 1701 4353 φωνὴν
1756 4275 1945 4353 ἑαυτῷ,

2038 4271 2092 4324 et
2121 4264 2442 4325 elevaveris
2484 4285 2710 4338 vocem,
2751 4276 2812 4326 ut
2847 4267 2929 4326 ait
2967 4268 3251 4348 propheta
3274 4269 3328 4341 8,
3363 4269 3670 4347 sapientia

311 4363 446 4418 κατά
477 4364 566 4417 τὸν
609 4362 855 4440 εἰρηκότα
884 4366 981 4426 της
1039 4359 1273 4428 δοθείσης
1319 4385 1398 4418 σοι
1447 4367 1628 4440 σοφίας
1660 4362 1764 4418 ἀπὸ
1793 4371 1943 4432 Θεοῦ,

310 4449 630 4527 παρακαλῶν
659 4457 735 4523 τῷ
787 4449 930 4526 λόγῳ
981 4451 1068 4505 καὶ
1126 4448 1380 4506 διδάσκων
1437 4451 1555 4512 τοὺς
1621 4452 1742 4513 σοὺς
1789 4449 1946 4506 ἀδελ-

309 4541 458 4619 φοὺς,
505 4538 778 4616 διανοίγων
807 4545 913 4595 τῶν
969 4538 1086 4594 νοῦν
1142 4543 1326 4602 αὐτοῖς
1381 4539 1476 4607 τῆς
1533 4541 1670 4604 θείας
1712 4546 1944 4619 Γρκφῆς,

310 4630 383 4690 εἷς
425 4629 746 4694 κατάνόησιν
789 4629 892 4683 τῶν
921 4629 1221 4701 θαυμασίων
1267 4626 1472 4704 δωρεῶν
1524 4634 1614 4684 τοῦ
1667 4636 1818 4708 Θεοῦ,
1863 4637 1951 4689 καὶ

308 4713 634 4795 προϐιςάζων
705 4717 888 4778 αὖτοὺς
961 4716 1032 4776 εἰς
1103 4717 1200 4783 τὴν
1286 4717 1527 4796 ἐργασίαν
1600 4724 1708 4773 τῶν
1797 4718 1952 4775 αὒτού

312 4803 561 4884 ἐντολῶν,
597 4807 672 4881 μὴ
703 4803 940 4884 φοϐηθῇς
987 4805 1091 4860 ἀπὸ
1145 4812 1252 4862 τῶν
1309 4810 1632 4887 φθονοῦντων
1687 4813 1754 4884 τῇ
1794 4805 1950 4863 δυνά-

313 4914 403 4968 μει
473 4900 578 4949 τῶν
656 4893 829 4971 λόγων
899 4915 1011 4966 σου,
1098 4895 1186 4949 καὶ
1257 4892 1723 4973 διαστρεὸλούντων
1781 4902 1952 4951 πᾶσαν

312 4983 455 5039 θείαν
533 4984 767 5063 Γραφὴν,
866 4989 1032 5038 κενῶν
1113 4981 1275 5039 ὄντων
1359 4986 1444 5040 καὶ
1549 4985 1948 5063 σεσαρωμένων,

313 5073 404 5127 καὶ
460 5071 682 5146 ἐτοίμων
740 5073 810 5134 εἰς
881 5071 1148 5127 κατοικίαν
1202 5078 1280 5144 τῷ
1335 5069 1582 5147 διαϐόλῳ,
1639 5073 1951 5128 Συνστάσσει

315 5161 417 5239 γὰρ
473 5161 538 5216 τὰ
579 5166 683 5215 τῶν
725 5156 954 5238 χειλέων
1000 5180 1090 5213 σου
1141 5161 1168 5214 ὁ
1225 5161 1352 5223 Θεὸς
1414 5159 1467 5214 ἐν
1513 5167 1582 5236 τῇ
1627 5159 1791 5236 βιὸλῳ
1849 5164 1954 5216 τῶν

317 5249 552 5326 ζώντων,
599 5251 684 5304 καὶ
741 5251 834 5304 οὒκ
877 5245 1018 5301 ἔσται
1066 5267 1146 5303 σοι
1190 5246 1361 5322 βλάϐη
1420 5249 1479 5305 ἐκ
1531 5255 1637 5304 τῶν
1679 5251 1950 5322 τοιούτων,

330 5340 341 5353 σ
483 5335 560 5367 ,αἱ
665 5337 716 5369 ,ε-
857 5333 890 5366 9.
971 5335 1029 5376 φρ
1185 5357 1206 5374 ρ
1279 5335 1346 5376 ’τ’
1401 5351 1448 5378 τ’
1513 5335 1557 5379 αξ
1665 5345 1686 5352 ι
1937 5339 1951 5356 ε

317 5359 392 5399 ως
450 5355 562 5393 Ουοε
616 5343 796 5414 ΙΙι-...ρῳ
855 5353 911 5390 εκ
970 5356 1229 5407 ...μωνον
1299 5345 1449 5414 lupa“,
1507 5357 1560 5392 ο.
1619 5337 1819 5412 μαλλον
1870 5360 1955 5393 και

391 5529 424 5581 θ
450 5529 624 5609 Joan,
657 5549 762 5612 vn,
798 5529 896 5592 38.
983 5531 1012 5578 7
1042 5530 1295 5595 Malacb.
1331 5549 1409 5608 ιν,
1441 5534 1500 5598 9.

1587 5533 1762 5598 815a.
1795 5550 1921 5608 xm,
1951 5530 2016 5596 2.

2032 4352 2133 4412 tibi
2166 4373 2198 4413 a
2233 4353 2350 4415 Deo
2382 4355 2547 4414 data.
2579 4355 2895 4416 exhortans
2925 4356 3103 4417 verbo
3131 4366 3186 4418 et
3210 4357 3434 4419 docens
3459 4359 3670 4421 fratres

2033 4450 2185 4516 tuos,
2219 4442 2496 4521 aperiens
2519 4443 2604 4504 eis
2620 4444 3065 4522 intelligentiam
3092 4446 3304 4508 divina
3327 4445 3666 4527 Scriptura,

2037 4541 2100 4588 ut
2131 4529 2459 4608 intelligant
2492 4531 2783 4593 mirabilia
2804 4532 2909 4594 Dei
2928 4534 3106 4615 dona,
3135 4553 3355 4616 eosque
3377 4534 3672 4596 inducens

2037 4619 2109 4679 ad
2158 4619 2458 4698 implenda
2501 4621 2630 4700 ejus
2673 4622 2968 4699 mandata,
3024 4641 3100 4684 ne
3142 4623 3350 4685 timeas
3396 4623 3538 4684 istos
3568 4623 3672 4704 qui

2033 4706 2298 4769 invident
2345 4709 2625 4771 efﬁcacia
2673 4710 2986 4792 verborum
3037 4721 3292 4784 tuorum,
3328 4719 3386 4774 et
3424 4721 3669 4774 coutor-

2035 4805 2218 4876 queut
2245 4817 2482 4859 omnem
2507 4798 2762 4881 divinam
2795 4799 3183 4881 Scripturam,
3206 4819 3339 4862 cum
3357 4798 3525 4860 vacui
3551 4799 3669 4860 sint

2035 4886 2346 4966 scapisque
2379 4889 2641 4950 mundati
2674 4899 2729 4952 et
2763 4897 3028 4970 paratum
3071 4889 3306 4950 diabolo
3353 4887 3670 4950 habitacu-

2037 4975 2156 5035 lum
2184 4977 2236 5038 ὅ.
2271 4976 2484 5039 Scribit
2516 4977 2674 5038 enim
2707 4978 2862 5040 Deus
2912 4978 3200 5039 labiorum
3232 4985 3466 5038 tuorum
3493 4975 3675 5038 verba

2035 5067 2094 5127 in
2119 5065 2270 5127 libro
2305 5067 2644 5146 viventium,
2679 5076 2734 5128 et
2766 5067 2912 5128 nihil
2955 5067 3064 5128 tibi
3118 5066 3416 5128 nocebunt
3465 5064 3670 5126 istius-

2038 5155 2194 5216 modi
2251 5156 2545 5234 homines,
2601 5156 2754 5218 sicut
2806 5173 2925 5216 non
2983 5155 3184 5217 nocuit
3233 5157 3406 5218 Petro
3465 5155 3673 5216 Simon

2037 5246 2258 5324 Magus.
2295 5245 2410 5306 Sed
2444 5245 2636 5325 potius
2667 5243 2832 5306 dices
2879 5253 2938 5304 et
2974 5243 3104 5324 ipse
3125 5263 3259 5306 cum
3294 5243 3583 5326 propheta
3610 5243 3674 5304 in

2035 5334 2137 5395 illa
2183 5333 2281 5396 die
2319 5351 2436 5414 qua
2474 5331 2704 5395 videbis
2751 5332 2898 5405 istos
2941 5340 3147 5395 contra
3177 5341 3232 5395 te
3263 5340 3537 5414 parantes
3565 5331 3672 5395 via

2098 5530 2131 5581 9
2159 5528 2362 5592 Matth.
2396 5545 2498 5604 xu,
2532 5529 2631 5591 44.
