4052 6134
385 221 510 288 9⁸³.

1685 226 1986 290 ΝΙΟΕΤᾹΞ
2028 223 2453 289 PECTORATI

3642 231 3763 295 984

385 349 787 440 offendicula:
827 375 856 407 ε
888 351 1040 413 Ecce
1088 353 1248 414 Deus
1301 371 1491 425 mens,
1551 353 1807 415 salvator
1852 371 2014 417 meus

2110 356 2259 419 αύτὸς
2290 358 2423 430 μετὰ
2465 367 2558 415 τού
2604 364 2876 439 προφήτου
2937 363 2988 418 ἐν
3040 370 3107 437 τῇ
3164 363 3340 440 ἡμέρᾳ
3398 363 3570 437 ἐκείνῂ
3628 363 3678 418 έν

383 438 697 513 Dominus,
731 446 790 500 et
824 441 1180 503 ﬁducialiter
1229 460 1396 517 agam
1450 442 1508 502 in
1560 462 1652 516 eo,
1690 454 1747 504 et
1797 443 1868 504 ah
1900 445 2029 522 ipso

387 529 677 602 salvabor,
711 539 769 590 et
801 549 918 590 non
951 530 1173 592 timebo
1210 549 1223 592 :
1259 531 1396 611 quia
1450 531 1734 591 fortitudo
1788 551 1921 594 mea
1972 541 2030 594 et

383 616 510 678 laus
543 636 673 678 mea
703 617 1010 693 Dominus,
1047 629 1104 679 et
1136 619 1324 680 factus
1353 628 1443 680 est
1473 619 1615 679 mihi
1648 620 1706 680 in
1751 621 2022 696 salutem,

384 713 446 768 et
473 725 592 767 non
622 707 868 770 cessabo
899 707 1224 788 praedicare
1254 707 1498 786 gloriam
1523 708 1730 787 ejusin
1755 710 2028 772 universa

383 801 544 856 terra
569 796 646 856 40.
684 820 711 851 ι

463 1061 562 1126 58.
596 1059 660 1124 Si
689 1080 974 1140 agnoscas
1009 1063 1297 1145 impetum
1333 1063 1672 1144 cupidatum
1715 1081 1845 1124 esse
1874 1065 1936 1124 in
1969 1074 2025 1125 te

381 1149 771 1231 inefﬁcacem,
806 1162 863 1215 et
893 1153 1371 1232 compunctionis
1402 1153 1685 1232 lacrymas
1716 1172 1787 1214 ex
1822 1154 2024 1215 humi-

379 1239 540 1301 litate
569 1240 756 1302 ﬂuere
786 1241 860 1302 ab
892 1243 1080 1303 oculis
1113 1242 1248 1312 tuis,
1287 1243 1434 1302 scito
1489 1242 1723 1302 venisse
1772 1261 2019 1320 regnum

378 1326 485 1392 Dei
518 1327 577 1388 in
612 1337 688 1396 te,
723 1339 782 1391 et
809 1331 1112 1410 gravidum
1152 1339 1207 1391 te
1239 1349 1367 1392 esse
1398 1329 1647 1406 spiritus
1677 1341 1899 1392 sancto.
1957 1331 2019 1393 Si

378 1434 522 1477 vero
571 1426 942 1498 operantem,
999 1428 1326 1480 moventem
1363 1428 1421 1480 et
1451 1419 1790 1497 loquentem
1824 1418 2018 1498 Spiri-

380 1510 503 1565 tum
531 1504 718 1564 sentis
749 1505 806 1566 in
839 1506 1162 1567 visceribus
1195 1507 1334 1579 tuis,
1365 1515 1538 1585 teque
1561 1507 1912 1567 excitantem
1945 1507 2016 1567 ad

380 1593 814 1672 pradicandam
847 1595 906 1656 in
936 1595 1201 1657 Ecclesia
1234 1614 1441 1673 magna
1481 1595 1734 1656 Salutem
1771 1611 1829 1657 et
1860 1598 2009 1658 veri-
2040 1621 2078 1669 Β

377 1690 553 1743 tatem
593 1683 721 1762 Dei,
750 1702 824 1744 ne
847 1684 1126 1746 cohibeas
1155 1685 1310 1745 labia
1341 1693 1436 1744 tua
1468 1694 1706 1763 propter
1736 1685 2015 1746 invidiam

376 1769 681 1832 hominum
713 1772 934 1833 Judaais
963 1772 1282 1846 similium;
1331 1781 1389 1831 at
1443 1774 1659 1833 sedens
1691 1774 1884 1835 St‘l‘lbe
1914 1794 2017 1835 su-

377 1875 483 1937 per
511 1857 752 1932 buxum,
779 1868 840 1920 ut
859 1859 1222 1940 aitlsaias“,
1247 1879 1375 1940 quae
1403 1859 1658 1940 Spiritus
1685 1862 1789 1922 tibi
1815 1864 2014 1938 dictat,

377 1951 515 2032 quia
542 1951 684 2012 illud
719 1953 831 2013 erit
863 1953 920 2013 in
949 1952 1047 2013 die
1081 1953 1403 2013 novissimo
1436 1961 1492 2014 et
1525 1973 1710 2032 usque
1742 1959 1802 2015 in
1843 1965 2022 2017 aeter-

380 2057 547 2115 num,
582 2052 645 2102 ut
671 2040 816 2102 dicit
845 2043 1152 2122 propheta.
1181 2041 1291 2113 Qui
1323 2041 1482 2102 enim
1513 2042 1789 2102 invidiam
1820 2052 2014 2122 partu-

376 2131 558 2204 riunt,
611 2138 749 2191 sunt
798 2131 1051 2210 populus
1106 2131 1474 2199 incredulus,
1513 2131 1618 2190 ﬁlii
1670 2133 2007 2208 mendaces,

371 2217 588 2298 quibus
618 2237 734 2278 non
767 2225 858 2280 est
905 2219 1076 2298 ﬁdes,
1111 2219 1214 2298 qui
1275 2219 1483 2280 nolunt
1523 2219 1730 2280 audire
1779 2223 2012 2300 operari

373 2305 569 2368 adhuc
614 2305 990 2384 Evangelium
1041 2314 1100 2368 et
1137 2308 1360 2368 amicos
1409 2309 1843 2388 prophetasque
1889 2309 2012 2370 Deo

371 2413 603 2476 parare,
636 2396 740 2458 sed
770 2397 972 2458 dicunt
1003 2397 1310 2476 prophetis
1359 2405 1417 2457 et
1469 2398 1765 2475 magistris
1806 2398 2012 2460 Eccle-

381 2505 406 2541 ι
441 2485 529 2547 Ne
558 2486 918 2547 annuntietis
941 2485 1114 2546 nobis
1144 2485 1490 2564 sapientiam
1530 2489 1655 2558 Dei,
1709 2505 1901 2566 neque
1927 2487 2014 2547 sic

376 2572 702 2653 loquamini
752 2573 926 2636 nobis
973 2574 1308 2654 spectacula
1361 2583 1583 2635 naturae
1637 2574 2010 2650 videntibus,

375 2661 854 2740 sedpraadicate
907 2671 965 2724 et
1019 2663 1362 2723 annuntiate
1421 2662 1592 2722 nobis
1645 2663 1819 2723 aliam
1862 2666 2009 2724 viam

374 2737 555 2830 quain
588 2751 842 2813 mundus
873 2760 1050 2832 amat,
1089 2760 1146 2813 et
1175 2752 1402 2812 auferte
1431 2769 1463 2811 a
1493 2752 1663 2812 nobis
1712 2754 2012 2814 oraculum

373 2837 557 2900 Israel
587 2837 660 2898 49.
699 2864 725 2893 »
763 2841 850 2902 Ne
875 2840 1144 2901 attendas
1176 2839 1415 2900 invidiae
1445 2851 1504 2902 et
1525 2839 1721 2902 verbis
1753 2860 1958 2902 eorum
1996 2860 2008 2902 :

377 2945 513 2988 nam
547 2926 787 2988 tandem
823 2928 1004 2990 verba
1051 2936 1149 2989 tua
1197 2927 1268 2988 ad
1323 2929 1635 2988 multorum
1699 2929 2009 2989 utilitatem

2111 447 2592 516 κατασκευάζοντας
2684 453 2805 527 ὁρᾷς
2881 452 3017 506 κατᾶ
3098 457 3187 506 σοῦ
3278 452 3398 513 τοὺς
3429 521 3442 530 ε
3492 453 3760 516 τοιούτους

2111 531 2371 588 σκάνδαλα
2416 533 2615 612 τρίϐου,
2671 561 2691 591 ι
2762 536 2889 596 Ἰδοὺ
2945 541 2972 594 6
3032 539 3158 601 Θεός
3220 561 3346 616 μου,
3407 542 3598 607 Σωτήρ
3656 563 3762 611 μου

2111 621 2319 698 Κύριος,
2368 625 2453 679 καὶ
2508 628 2768 690 πεποιθὼς
2828 627 3014 701 ἔσομαι
3073 627 3155 682 ἐπ’
3217 631 3380 700 αύτῷ,
3429 631 3515 682 καὶ
3570 629 3758 695 σωθῆ-

2109 729 2268 783 σομαι
2299 709 2386 766 ὑπ’
2418 713 2596 784 αὒτοῠ,
2652 717 2738 771 καὶ
2781 717 2838 772 οὗ
2897 713 3290 795 φοϐηθήσομαι,
3355 717 3499 772 Διότι
3541 718 3574 782 ἡ
3634 713 3760 780 δόξα

2109 819 2209 870 μου
2253 802 2340 855 καὶ
2369 802 2403 868 ἡ
2435 801 2632 865 αἶ’νεσίς
2664 826 2764 877 μου
2822 807 3026 882 Κύριος,
3087 806 3174 859 καὶ
3232 804 3440 881 ἐγένετό
3497 827 3585 877 μοι
3632 810 3759 858 Σωο

2109 888 2206 964 τήρ
2240 903 2253 915 ⁸
2312 891 2397 944 καὶ
2427 895 2484 948 ού
2515 892 2780 966 παύσομαι
2824 891 3168 970 ἀναγγέλλειν
3198 895 3263 948 τὰ
3293 890 3469 957 ἔνδοξα
3513 896 3672 950 αὒτοῦ
3698 892 3760 946 ἐν

2108 976 2252 1052 πάσῃ
2283 983 2349 1052 τῇ
2391 985 2488 1054 γῇ,
2523 1002 2548 1032 ιι

2189 1055 2297 1130 νῆ’.
2345 1068 2401 1123 Εἰ
2449 1065 2612 1144 ἔγνως
2655 1068 2737 1124 ὅτι
2765 1069 2798 1134 ἡ
2832 1070 2963 1148 φορὰ
2992 1075 3088 1136 τῆς
3122 1077 3227 1126 τῶν
3259 1073 3443 1126 παθῶν
3486 1071 3758 1148 ἐνεργείας

2108 1149 2247 1206 ἔστιν
2291 1153 2344 1208 ἐν
2391 1156 2471 1210 σοὶ
2519 1155 2802 1233 ἄπρακτος,
2860 1159 2945 1212 καὶ
2999 1159 3032 1224 ἡ
3091 1158 3363 1222 κατανυξις
3394 1158 3456 1214 ἐκ
3496 1179 3756 1213 ταπεινο-

2106 1242 2364 1316 φροσύνης
2410 1245 2632 1320 πηγαζει
2663 1244 2768 1300 ἀπὸ
2811 1250 2916 1300 τῶν
2946 1245 3227 1324 ὀφθαλμῶν
3280 1269 3391 1324 σου,
3457 1250 3612 1324 γνῶθι
3670 1247 3756 1302 ὃτι

2103 1327 2256 1394 ἦλθεν
2298 1333 2332 1397 ἡ
2375 1331 2613 1405 βασιλεία
2654 1341 2746 1388 τοῦ
2804 1341 2933 1389 Θεοῦ
2987 1335 3070 1390 ἐπὶ
3114 1335 3196 1414 σὲ,
3243 1337 3331 1390 καὶ
3361 1335 3602 1411 ἐγκύμων
3633 1335 3756 1411 ἐγέ-

2101 1437 2188 1471 νου
2228 1419 2320 1474 τοῦ
2363 1421 2507 1496 ἁγίου
2556 1423 2875 1494 [1νεύματος.
2923 1424 2980 1478 Εἰ
3036 1421 3089 1478 δὲ
3145 1425 3229 1477 καὶ
3279 1423 3541 1500 ἐνεργοῦν,
3575 1425 3754 1478 κινού·

2101 1506 2257 1578 μενόν
2302 1529 2356 1561 τε
2389 1509 2472 1562 καὶ
2515 1507 2702 1566 λαλοῦν
2745 1513 2804 1566 τὸ
2851 1517 3059 1583 Πνεῦμα
3106 1524 3246 1572 νοεῖς
3277 1511 3329 1565 ἐν
3357 1524 3473 1573 τοτς
3505 1510 3752 1587 ἐγκάτοις

2101 1611 2213 1662 σου,
2248 1594 2334 1648 καὶ
2362 1591 2618 1672 διεγεῖρόν
2648 1617 2703 1650 σε
2736 1604 2825 1652 τοῦ
2880 1596 3052 1673 λεγειν
3097 1597 3149 1652 ἐν
3212 1596 3470 1669 ἐκκλησίᾳ
3527 1597 3745 1673 μεγάλῃ

2102 1682 2161 1734 τὸ
2215 1684 2496 1759 σωτήριον,
2543 1686 2628 1738 καὶ
2689 1686 2788 1751 τὴν
2852 1685 3100 1754 ἀλήθειαν
3168 1696 3258 1744 τοῦ
3329 1693 3481 1754 Θεοῦ,
3543 1687 3617 1758 μὴ
3690 1685 3746 1741 δὲ

2101 1767 2342 1845 κωλύσῃς
2371 1772 2434 1825 τα
2483 1771 2641 1850 χείλη
2685 1795 2778 1828 σου
2829 1771 2909 1828 διὰ
2967 1776 3056 1828 τὸν
3113 1773 3297 1852 φθόνον
3357 1780 3462 1828 τῶν
3492 1771 3746 1829 Ἰουδαιο-

2101 1857 2302 1935 φρόνων
2357 1857 2550 1937 ἀνδρῶν
2585 1877 2598 1888 ·
2666 1859 2800 1917 ἀλλὰ
2858 1862 3096 1935 καθίσας,
3157 1863 3361 1938 γρέψον
3413 1861 3496 1916 ἐπὶ
3539 1862 3736 1934 πυξίου,

2100 1946 2271 2008 καθώς
2303 1969 2460 2024 φησιν
2515 1940 2760 2021 Ἠσαίας,
2814 1951 2845 2004 ἃ
2902 1952 2962 2004 τὸ
3017 1951 3228 2023 Πνευμέ
3283 1971 3362 2005 σοι
3407 1948 3548 2026 λέγει
3585 1969 3598 1981 ·
3660 1950 3738 2006 ὅτι

2101 2033 2244 2089 ἔσται
2307 2037 2380 2098 εἰς
2436 2037 2637 2115 ἡμέρας
2693 2045 2888 2115 καιρῶν
2956 2045 3134 2106 ταῦτα,
3200 2039 3286 2093 καὶ
3345 2037 3446 2100 ἓως
3508 2040 3579 2100 εἰς
3648 2041 3739 2093 τὸν

2101 2124 2260 2178 αἰῶνα
2299 2145 2310 2157 ο
2345 2126 2479 2179 κατα
2507 2133 2610 2180 τῶν
2643 2125 2780 2182 οἶὶτω
2808 2127 3040 2181 εἰπόντα.
3079 2129 3136 2182 Οἱ
3168 2127 3266 2202 γαρ
3295 2127 3381 2180 τὸν
3413 2127 3596 2204 φθόνον
3623 2124 3740 2181 ὠδί-

2096 2232 2294 2286 νοντες,
2329 2211 2456 2274 λαὸς
2490 2213 2708 2282 ἀπειθής
2741 2215 2890 2280 εἰσιν,
2936 2213 3034 2268 υῗοὶ
3079 2211 3312 2290 ψευδεῖς,
3361 2215 3446 2274 οἷς
3490 2217 3582 2270 οὐκ
3626 2215 3732 2269 ἐστι

2095 2301 2293 2373 πίστις,
2327 2305 2377 2357 οἰ
2413 2304 2471 2357 οὔ
2527 2301 2802 2376 βούλονται
2848 2302 3076 2374 ἀκούειν,
3139 2299 3219 2356 ὅτι
3265 2299 3340 2354 ἔτι
3394 2303 3453 2355 τὸ
3497 2302 3733 2378 Εὔαγγέ-

2095 2388 2208 2443 λιον
2266 2390 2493 2470 ἐνεργεῖ,
2553 2394 2638 2446 καὶ
2696 2391 2875 2471 φίλους
2921 2398 3051 2447 Θεοῦ
3106 2391 3192 2444 καὶ
3248 2391 3523 2468 προφήτας
3567 2411 3732 2445 κατα-

2096 2479 2331 2548 σκευάζει
2365 2496 2377 2508 ’
2439 2478 2573 2535 ἀλλὰ
2601 2479 2810 2555 λέγουσι
2841 2492 2956 2543 τοῖς
3010 2479 3304 2556 προφήταις
3350 2479 3434 2532 καὶ
3485 2475 3728 2532 διδασκά-

2097 2565 2210 2628 λοις
2241 2571 2338 2632 τῆς
2370 2566 2686 2633 Ἐκκλησίας
2719 2586 2734 2602 ⁶
2791 2568 2880 2632 Μὴ
2924 2564 3274 2642 ἀναγγελλετε
3321 2566 3456 2638 ἡμῖν
3498 2586 3593 2630 την
3638 2587 3728 2620 σο-

2096 2657 2216 2735 φίαν
2264 2666 2356 2714 του
2400 2663 2549 2715 Θεοῦ.
2596 2667 2721 2719 Τοῖς
2777 2658 2842 2711 τὰ
2899 2656 3136 2734 ὁράματα
3191 2659 3288 2718 τῆς
3333 2659 3556 2732 φυσικῆς
3600 2658 3727 2709 θεω-

2097 2745 2208 2822 ρίας
2279 2746 2438 2823 ὁρῶσι
2510 2745 2586 2820 μὴ
2646 2743 2865 2800 λαλεῖτε
2930 2745 3087 2822 ἡμῖν,
3164 2740 3299 2797 ἀλλα
3363 2740 3598 2814 λαλεῖτε,
3649 2747 3728 2798 καὶ

2096 2832 2445 2910 ἀναγγέλλετε
2497 2835 2632 2907 ἡμῖν
2663 2834 2842 2912 ἑτέραν
2886 2831 3174 2902 πλανησιν,
3204 2831 3270 2896 ἦν
3315 2833 3341 2886 6
3400 2832 3593 2905 κόσμος
3635 2853 3722 2909 φι-

2099 2921 2208 2988 λεῖ,
2261 2923 2345 2976 καὶ
2388 2921 2602 3000 ἀφέλετε
2661 2921 2750 2998 ἀφ’
2795 2923 2949 2995 ἡμῶν
3004 2923 3064 2976 τὸ
3106 2919 3288 2996 λόγιον
3344 2927 3435 2976 τοῦ
3494 2919 3705 2989 Ἰσραήλ,

379 3017 717 3078 resonantia
763 3018 1010 3080 audient
1060 3017 1222 3078 surdi
1293 3017 1667 3096 Spirituales,
1728 3037 2014 3078 caecorum

2104 3009 2248 3077 Μηδὲ
2278 3012 2532 3090 προσὲξῃς
2575 3018 2642 3088 τῇ
2686 3013 2962 3086 βασκανίᾳ,
3009 3011 3094 3064 καὶ
3135 3023 3252 3071 τοῖς
3295 3007 3467 3086 λόγοις
3510 3009 3662 3063 αὖτὼν
3689 3024 3702 3037 ⁸

381 3105 539 3166 oculi
571 3104 832 3166 tenebris
861 3106 992 3166 vita;
1033 3105 1378 3186 peccatique
1434 3106 1687 3182 caligine
1719 3107 2018 3166 obscurati

377 3192 664 3256 videbunt
702 3193 1014 3256 verborum
1046 3204 1278 3254 tuorum
1313 3193 1538 3266 lumen,
1577 3195 1638 3254 in
1685 3195 1776 3254 his
1816 3195 2016 3255 exsul-

378 3280 586 3342 tabunt
605 3300 892 3363 pauperes
911 3283 1144 3364 spiritu,
1178 3301 1284 3362 spe
1316 3282 1482 3343 fracti
1505 3283 1776 3343 homines
1801 3284 2016 3362 gaudio

376 3369 788 3450 replebantur,
820 3379 878 3432 et
908 3371 1120 3452 spiritu
1154 3370 1419 3452 palantes
1460 3372 1520 3432 in
1553 3371 1746 3432 verbis
1777 3373 1889 3432 tuis
1918 3391 2015 3435 re-

377 3459 787 3537 COlligentur:
842 3460 943 3541 qui
993 3469 1188 3521 autem
1251 3469 1454 3522 contra
1508 3469 1566 3520 te
1624 3470 2012 3535 murmurant,

377 3548 612 3612 discent
640 3550 1052 3631 obtemperare
1082 3549 1279 3610 verbis
1305 3548 1558 3630 Spiritus
1589 3551 1797 3626 sancti,
1823 3560 1878 3612 et
1898 3550 2011 3612 lin-

377 3656 508 3718 guae
537 3637 932 3701 balbutientes
961 3657 1167 3720 pacem
1188 3638 1350 3718 loqui
1379 3639 1627 3700 discent.

455 4083 556 4148 59.
592 4083 808 4146 Beatus
835 4081 938 4146 ille
967 4084 1068 4164 qui
1118 4083 1297 4146 habet
1326 4083 1386 4144 in
1421 4082 1562 4146 Sion
1613 4083 1880 4146 Ecclesia
1911 4083 2016 4145 Dei

373 4191 578 4238 semen
608 4171 896 4234 doctrinae
919 4171 1242 4234 verborum
1271 4181 1613 4246 suorum,ut
1633 4172 1707 4233 ait
1731 4169 1914 4232 Isaias
1934 4173 2010 4246 ‘3,

2104 3100 2410 3155 ἀκούσονται
2480 3102 2577 3178 γὰρ
2633 3102 2697 3155 τὰ
2752 3099 3100 3178 ύπηχούμενά
3157 3119 3235 3152 σοι
3296 3101 3424 3175 πρὸς
3479 3095 3712 3176 ωορὲλειαν

2102 3186 2313 3242 πολλῶν
2344 3189 2540 3254 ἡνωθεν
2585 3188 2749 3266 κωροὶ
2800 3185 3055 3264 ἔσχατον,
3100 3186 3187 3239 καὶ
3236 3187 3282 3238 οἱ
3341 3184 3395 3237 ἐν
3439 3190 3514 3256 τῷ
3560 3183 3722 3237 σκότει

2101 3285 2192 3333 τοῦ
2231 3277 2364 3352 βίου,
2401 3278 2485 3330 καὶ
2510 3279 2556 3330 οἱ
2586 3275 2638 3332 ἐν
2667 3281 2733 3350 τῇ
2791 3273 2996 3353 ὁμίχλῃ
3051 3278 3149 3338 τῆς
3193 3272 3447 3350 ἁμαρτίας
3481 3269 3728 3349 οφθαλμοὶ

2101 3362 2329 3441 τυφλῶν,
2363 3361 2579 3437 ὅψονταί
2636 3384 2726 3417 σον
2777 3369 2880 3418 τῶν
2925 3361 3098 3437 λόγων
3144 3361 3203 3414 τὸ
3247 3367 3380 3436 φὼς,
3427 3362 3514 3413 καὶ
3566 3356 3726 3433 ἀγαλ·

2101 3450 2367 3508 λιασονται
2400 3452 2451 3506 ἐν
2505 3452 2685 3512 αύτοτς
2745 3453 2790 3505 οἱ
2846 3450 3055 3528 πτωχοὶ
3108 3455 3184 3521 τῷ
3238 3449 3495 3519 πνεύματι
3552 3467 3636 3500 και
3688 3448 3730 3500 οἱ

2101 3540 2494 3616 ἀπηλπισμένοι
2567 3547 2670 3596 τών
2757 3539 3062 3618 ἀνθρώπων,
3123 3536 3592 3611 ἐμπλησθήσονται
3648 3537 3732 3591 εύο

2098 3637 2380 3708 φροσύνης,
2439 3632 2526 3686 καὶ
2586 3628 2876 3707 γλώσονται
2934 3630 2979 3682 οἱ
3040 3634 3116 3701 τῷ
3187 3628 3440 3698 πνεύματι
3516 3625 3731 3679 πλανώ-

2097 3740 2268 3792 μενοι,
2315 3719 2517 3774 σύνεσιν
2549 3718 2602 3774 ἐν
2646 3731 2762 3780 τοῖς
2809 3715 2985 3793 λόγοις
3031 3737 3123 3771 σου
3155 3733 3170 3749 ·
3217 3717 3262 3770 οἱ
3317 3712 3370 3768 δὲ
3421 3713 3731 3789 γογύζονκες

2095 3809 2229 3864 κατὰ
2299 3814 2414 3885 σού,
2487 3808 2808 3876 μαθήσονται
2879 3805 3154 3859 ὑπακούειν
3237 3803 3342 3857 τῶν
3416 3799 3590 3878 λόγων
3646 3807 3732 3854 τοῦ

2101 3899 2422 3972 Πνεύματος,
2456 3897 2542 3951 καὶ
2571 3894 2805 3973 γλῶσσαι
2837 3896 2886 3948 αἱ
2918 3892 3274 3968 ψελλίζουσαι,
3307 3888 3492 3945 λαλεῖν
3526 3890 3731 3966 εἰρήνην

2099 3989 2448 4061 μαθήσονται,

2248 4067 2256 4084 .
2401 4098 2410 4108 ἢ
2450 4075 2461 4094 ,
2624 4076 2678 4110 ,Α
2727 4073 2764 4105 ,,_
3093 4070 3107 4089 ,
3245 4073 3268 4082 ,
3390 4071 3414 4081 _,
3549 4072 3572 4102 __
3609 4062 3623 4083 ,
3703 4097 3733 4109 _

2179 4080 2278 4135 νθ.
2311 4083 2577 4153 Μακαριος
2621 4097 2676 4138 ο..
2728 4095 2842 4152 εχει
2905 4071 2957 4126 ἐν
3014 4076 3153 4125 Σιων
3207 4089 3274 4143 τῃ
3327 4087 3418 4122 του
3447 4073 3577 4121 Θεο)
3626 4073 3698 4122 Εκ

2097 4164 2311 4237 κλησίᾳ,
2367 4165 2574 4242 σπέρμα
2624 4159 2954 4222 διδασκαλίας
3011 4165 3114 4214 τῶν
3171 4155 3344 4233 λόγων
3402 4159 3578 4226 αύτοῠ,
3626 4177 3733 4234 φη-

375 4270 432 4325 et
462 4261 616 4323 ﬁlios
639 4261 909 4342 proprios
934 4261 1049 4322 sibi
1082 4270 1140 4322 et
1168 4260 1410 4340 Spiritui
1444 4245 1646 4321 sancto
1696 4262 1756 4321 in
1787 4245 2014 4322 ccelesti

2103 4257 2175 4311 σὶν
2253 4247 2499 4326 Ἠσαίας,
2575 4255 2660 4308 καὶ
2728 4252 2864 4312 υἱοὺς
2951 4247 3168 4308 οἰκείους
3240 4246 3430 4317 ἑαυτῷ,
3504 4245 3591 4298 καὶ
3662 4250 3735 4316 τῷ

2434 4341 2439 4342 ,
2645 4341 2649 4342 ν
3164 4335 3173 4342 .
3347 4324 3358 4342 (
3573 4331 3589 4342 \
3626 4334 3635 4342 ι

373 4331 902 4432 primogenitdrum
933 4331 1262 4412 Jerusalem
1291 4371 1306 4420 ;
1341 4349 1454 4410 erit
1483 4349 1646 4411 enim
1679 4350 1854 4410 homo
1887 4350 2010 4424 ille,

2103 4346 2380 4418 [Ινεύματι,
2430 4341 2482 4396 ἐν
2511 4348 2576 4417 τῇ
2621 4341 2728 4396 ἅνω
2774 4345 2877 4394 τῶν
2931 4335 3285 4414 πρωτοτόκων
3347 4331 3683 4410 Ἰερουσαλήμ
3717 4350 3731 4364 ⁸

370 4438 588 4519 inquit,
621 4437 998 4499 abscondens
1039 4437 1112 4498 ad
1146 4446 1377 4517 tempus
1407 4437 1586 4499 verba
1617 4456 1750 4516 sua,
1783 4448 1841 4498 et
1871 4439 2014 4499 abs-

371 4528 661 4590 condetur
717 4526 874 4587 velut
923 4544 1073 4606 aqua
1121 4526 1501 4600 decurrente,
1553 4547 1621 4588 ac
1665 4527 1904 4588 tandem
1952 4529 2013 4588 in

373 4615 516 4680 Sion
563 4614 828 4677 ﬁdelium
879 4612 1148 4676 Ecclesia
1195 4614 1494 4678 videbitur
1535 4617 1693 4676 velut
1725 4623 1898 4677 terrae
1925 4617 2011 4678 si-

370 4705 539 4768 tienti
561 4703 772 4766 ﬂuvius
793 4703 1121 4765 decurrens
1151 4703 1391 4766 ﬂuentis
1421 4705 1726 4784 sapientiae
1755 4723 1874 4765 sure
1894 4705 2013 4784 glo-

371 4798 588 4871 riosus,
614 4803 668 4858 et
695 4794 890 4877 quiab
912 4795 1129 4858 invidis
1154 4796 1573 4871 deﬂectuntur,
1611 4797 2013 4876 non’amplius

368 4887 430 4948 in
479 4886 573 4948 his
620 4885 945 4956 conﬁdent,
998 4884 1103 4946 sed
1150 4902 1325 4946 aures
1375 4903 1509 4946 suas
1560 4885 1910 4965 praebebunt
1939 4888 2009 4947 ad

366 4974 662 5039 audienda
687 4973 850 5037 illius
879 4973 1141 5035 hominis
1171 4973 1372 5050 verba,
1417 4987 1476 5035 et
1507 4993 1611 5035 cor
1640 4974 2012 5036 inﬁrmorum

366 5065 564 5128 anima
595 5062 817 5144 patebit
844 5062 917 5124 ad
950 5062 1344 5144 audiendum;
1383 5081 1494 5124 nec
1515 5063 1797 5142 deinceps
1816 5061 2015 5124 dicent

365 5152 605 5216 invidiae
625 5151 890 5227 asseclae,
924 5173 952 5211 ‹
974 5151 1120 5226 Sile,
1164 5176 1192 5207 ι)
1225 5151 1521 5232 siquidem
1553 5152 1676 5225 ille,
1711 5169 1842 5212 cum
1879 5151 2012 5230 pius

367 5242 465 5318 sit,
498 5241 847 5322 sapientiam
879 5239 1187 5320 amplexus
1212 5249 1324 5322 est,
1360 5259 1472 5302 nec
1494 5240 1806 5301 stultorum
1828 5240 2012 5301 instar

366 5330 574 5394 mundi
611 5327 965 5411 sapientium
1013 5329 1192 5392 stulta
1242 5340 1335 5391 est
1382 5329 1636 5403 locutus,
1669 5346 1780 5390 nec
1809 5327 2008 5391 animo

445 5497 498 5543 ¹⁰
528 5499 640 5562 lsa.
675 5514 785 5569 xu,
819 5501 880 5573 2,
912 5497 972 5560 5.
1061 5497 1107 5540 ¹¹
1141 5495 1254 5560 lsa.
1287 5483 1426 5573 xxx,
1455 5498 1513 5559 8.
1601 5497 1654 5540 1³
1683 5496 1832 5560 Ibid.
1873 5500 1972 5567 11.

2099 4434 2242 4489 ἔσται
2291 4434 2389 4510 γὰρ
2440 4435 2467 4487 6
2511 4430 2777 4508 ἅνθρωπος
2835 4430 3062 4500 ἐκεῖνος,
3109 4425 3348 4503 κρύπτων
3393 4423 3465 4483 εἰς
3525 4423 3731 4499 καιρὸν,

2096 4524 2246 4603 φησὶ,
2305 4507 2439 4582 *τοὺς
2495 4520 2680 4597 λόγους
2740 4517 2914 4594 αὺτοῦ,
2976 4515 3062 4569 καὶ
3117 4510 3432 4590 κρυϐήσεται
3503 4511 3575 4571 ὡς
3644 4507 3733 4587 ἀφ’

2095 4598 2277 4674 ύδατος
2334 4608 2640 4690 φερομένου,
2703 4609 2787 4663 καὶ
2847 4604 3098 4684 ἔσχατον,
3158 4602 3444 4680 φανήσεται
3490 4599 3542 4654 ἐν
3599 4598 3735 4652 Σιὼν

2096 4708 2162 4778 τῇ
2219 4689 2588 4756 τῶνγπιστῶν
2647 4695 2957 4768 Ἐκκλησία,
3027 4695 3100 4754 ὡς
3157 4691 3395 4762 ποταμὸς
3451 4689 3733 4767 φερόμενος

2096 4777 2319 4862 ἔνδοξος,
2349 4795 2420 4866 γῇ
2451 4787 2659 4862 διψώσῃ
2718 4798 2834 4848 τοῖς
2889 4783 3102 4861 ῥείθροις
3159 4785 3257 4846 τῆς
3303 4778 3486 4858 σοφίας
3532 4777 3688 4832 αυτοῦ
3719 4791 3731 4803 ⁹

2095 4883 2183 4938 καὶ
2227 4880 2319 4936 οὒκ
2362 4878 2436 4934 ἔτι
2495 4877 2704 4934 ἔσονται
2749 4878 2795 4930 οἱ
2851 4875 2950 4930 ὑπὸ
3005 4872 3110 4927 τῶν
3158 4869 3480 4949 φθονούντων
3510 4866 3738 4943 ἀνατρε-

2096 4970 2314 5044 πόμενοι
2361 4968 2667 5029 πεποιθότες
2727 4963 2812 5020 ἐπ’
2874 4968 3078 5034 αὐτοῖς,
3138 4959 3274 5015 ἀλλὰ
3329 4959 3393 5013 τα
3423 4958 3534 5012 ὦτα
3565 4954 3737 5010 αὒτῶν

2095 5057 2342 5114 δώσουσιν
2415 5057 2620 5112 ἀκούειν
2689 5060 2794 5111 τῶν
2837 5053 3009 5130 λόγων
3051 5057 3142 5106 τοῦ
3198 5050 3468 5127 ἀνθρώπου
3512 5046 3737 5125 ἐκείνου,

2093 5148 2179 5202 καὶ
2234 5147 2268 5213 ἡ
2323 5143 2505 5224 καρδία
2558 5150 2660 5200 τῶν
2721 5142 2855 5198 κατὰ
2911 5140 3096 5218 ψτχὴν
3139 5139 3514 5216 ἀσθενούντων,
3560 5157 3739 5214 προσ-

2093 5236 2191 5301 έξει
2246 5235 2336 5291 τοῦ
2380 5235 2583 5291 ἀκούειν
2618 5252 2634 5269 ⁶
2709 5233 2794 5288 καὶ
2852 5233 2946 5288 οὒκ
3005 5227 3080 5283 ἔτι
3155 5231 3214 5284 ού
3285 5231 3361 5303 μὴ
3423 5228 3650 5285 εἴπωσιν
3694 5229 3741 5282 οἱ

2091 5326 2344 5404 ὑπηρέται
2375 5333 2465 5384 τοῦ
2495 5325 2681 5403 φθόνου
2735 5324 2868 5400 Σίγα
2899 5336 2911 5348 ·
2961 5316 3142 5384 ἐπειδή
3200 5316 3415 5385 εὐσεϐὴς
3448 5321 3520 5377 ὢν
3552 5319 3742 5378 ουνετᾶ

2057 5499 2110 5544 ¹³
2138 5500 2252 5565 lsa.
2289 5510 2451 5568 xxxx,
2479 5494 2518 5556 9
2550 5510 2672 5555 sec.
2706 5489 2870 5554 LXX.
