4052 6134
419 218 535 283 98⁵1

1700 235 2004 300 NICETzE
2045 239 2472 305 PECTORATI

3670 252 3791 317 988

416 350 508 413 lex
533 352 763 415 Domini
797 356 1105 418 nobiscum
1135 361 1302 423 est“.
1339 384 1362 419 ι
1399 362 1543 426 Cum
1594 365 1903 438 tabescunt
1931 375 2054 438 zelo

2143 394 2239 444 μος
2287 374 2472 451 Κυρίου
2513 374 2628 449 μεθ’
2681 380 2835 452 ἡμῶν
2905 381 3086 460 inm;
3159 382 3283 440 ὅταν
3355 384 3670 455 ὲκτήκονται
3715 380 3795 445 τῷ

419 452 622 503 contra
657 462 758 504 eos
783 445 883 524 qui
935 458 1320 548 susceperunt
1377 454 1620 530 gratiam
1680 459 1932 542 Spiritus
1959 488 2054 548 per

2145 457 2290 530 ζῆλῬ
2349 464 2485 517 κατὰ
2528 471 2629 519 τῶν
2688 463 2956 522 λαϐόντων
3000 470 3096 536 τὴν
3141 472 3301 548 χάριν
3366 479 3456 528 106
3488 473 3791 546 Πνεύματος

419 531 769 609 sapientiam
798 541 856 594 et
877 535 1182 597 scientiam
1205 538 1328 598 Dei.
1364 541 1433 602 At
1457 544 1671 608 frustra
1713 531 2058 620 mendacem

416 618 613 698 adepti
645 629 782 681 sunt
809 623 1116 686 scientiam
1177 629 1388 690 scribae
1418 640 1475 691 et
1503 636 1798 714 sapientes
1830 618 2056 722 mundi,

419 707 637 786 quippe
667 709 766 788 qui
824 728 1020 772 veram
1087 734 1203 776 non
1257 707 1662 797 acquisierunt
1717 707 2051 796 scientiam:

417 797 622 874 Itaque
664 821 683 848 α
721 799 950 861 confusi
996 813 1132 864 sunt
1181 807 1478 882 sapientes
1507 812 1582 893 ‘5,
1627 841 1650 871 η
1717 838 1749 880 a
1777 839 1916 884 vera
1945 824 2056 886 de—

419 883 566 965 lapsi
601 886 911 966 sapientia,
947 911 1120 970 quam
1146 894 1204 954 in
1248 897 1386 958 ﬁliis
1436 883 1794 980 piscatorum
1823 923 2056 975 auctam

414 973 711 1055 viderunt,
746 985 802 1037 et
838 1002 863 1033 «
890 983 1185 1057 perterriti
1216 1008 1238 1041 ι
1277 995 1415 1047 sunt
1436 973 1750 1070 stupentes
1779 998 1893 1060 vim

420 1080 661 1124 monum
711 1083 939 1142 eorum,
979 1095 1003 1122 κ
1036 1079 1093 1131 et
1121 1074 1271 1152 capti
1301 1085 1438 1137 sunt
1473 1080 1531 1129 16
1555 1102 1584 1140 ι
1620 1082 1680 1143 in
1710 1087 1935 1150 retibus
1965 1107 2058 1152 co-

417 1150 760 1229 gitationum
810 1155 1092 1234 ipsorum,
1157 1150 1292 1242 quia
1341 1183 1534 1228 veram
1595 1175 1947 1252 sapientiam
1999 1190 2060 1242 et

416 1239 727 1301 scientiam
761 1245 994 1306 Domini
1026 1239 1516 1328 reprobaverunt.

497 1328 596 1390 ϐψ.
627 1330 744 1392 Cur
771 1332 897 1424 gelo
927 1335 1304 1399 intabuerunt
1362 1345 1600 1424 maligni
1649 1351 1928 1416 adversus
1958 1375 2061 1419 eos

419 1416 517 1508 qui
552 1419 739 1495 gratia
769 1419 1024 1501 Spiritus
1073 1426 1243 1488 dilati
1294 1432 1472 1495 sunt?
1505 1416 1624 1497 cur
1650 1440 1931 1506 adversus
1953 1416 2058 1508 eos

419 1505 519 1585 qui
549 1523 908 1588 acceperunt
963 1512 1222 1592 linguam
1281 1519 1511 1597 igneam
1570 1527 1748 1590 veluti
1788 1534 2057 1595 calanum

2143 545 2227 602 δια
2268 549 2450 629 σοφίας
2509 554 2593 607 καὶ
2651 560 2895 631 γνῶσεως
2940 564 3029 613 τοῦ
3087 565 3238 617 Θεοῦ.
3313 558 3462 616 Ἀλλ’
3511 563 3582 624 εἷς
3613 561 3787 635 μάτην

2142 637 2366 715 ἐγενήθη
2420 647 2612 719 γνῶσις
2668 643 2863 718 ψευδὴς
2917 656 3278 723 γραμματεῦσι
3333 652 3421 706 καὶ
3475 665 3662 730 σοφοῖς
3694 661 3789 710 106

2139 727 2361 801 κόσμου,
2421 731 2519 795 τῆς
2576 730 2831 799 ἀληθινῆς
2890 733 3278 814 ὲξαμαρτήσασι
3337 727 3609 816 γνώσεως,
3686 741 3785 795 Διᾶ

2139 826 2292 874 τοῦτο
2319 817 2659 896 ἠσχύνθησαν
2689 825 2838 900 σοφοὶ
2895 822 3294 890 ἐκπεπτωκότες
3323 833 3424 894 τῆς
3467 836 3559 885 106
3591 834 3773 904 Παρα-

2082 977 2084 980 ν
2139 901 2337 972 κλήτου
2363 908 2565 984 σοφίας,
2609 909 2803 975 ταύτην
2859 909 2912 966 ἐν
2968 914 3104 974 uio“:
3162 912 3352 970 ἀλιέων
3381 915 3783 991 πληθυνομένην

2141 994 2385 1069 ὁρῶντες,
2435 997 2520 1050 καὶ
2563 996 2899 1066 ἐπτοήθησαν
2945 999 3042 1066 τὴν
3091 999 3306 1076 δύναμιν
3343 1009 3449 1061 τῶν
3479 1003 3654 1082 λόγων
3683 1007 3784 1060 αὖ-

2139 1081 2264 1148 τῶν,
2327 1085 2414 1138 καὶ
2484 1083 2722 1141 ἑάλωσαν
2780 1087 2832 1143 ἐν
2890 1101 3008 1151 τοῖς
3068 1087 3292 1154 δικτύοις
3349 1095 3454 1147 τῶν
3500 1095 3784 1168 νοημάτων

2140 1170 2328 1243 αὖτῶν,
2365 1170 2546 1240 ἐπειδὴ
2603 1175 2700 1240 τὴν
2745 1173 2909 1240 ὅντως
2953 1179 3135 1256 σοφίαν
3180 1181 3267 1235 καὶ
3295 1181 3392 1247 τὴν
3433 1185 3626 1258 γνῶσιν
3670 1191 3782 1240 Κυ-

2141 1259 2247 1335 ρίου
2276 1258 2690 1336 ἀπεδοκίμασαν.

2221 1342 2290 1408 ξδ’
2323 1348 2383 1403 Τί
2434 1354 2511 1421 τῷ
2564 1348 2710 1424 ζήλῳ
2766 1351 3080 1422 ἐκτετήκασι
3136 1355 3409 1430 βάσκανοι,
3483 1357 3620 1412 κατὰ
3676 1357 3785 1411 τῶν

2142 1433 2586 1502 πεπλουτηκότων
2629 1439 2725 1505 τὴν
2773 1441 2931 1519 χάριν
2979 1448 3072 1498 τοῦ
3129 1443 3466 1519 ιΙνεύματοςς
3494 1445 3630 1501 κατὰ
3675 1447 3786 1500 τῶν

2142 1519 2407 1579 λαϐόντων
2453 1523 2698 1601 γλῶσσαν
2753 1531 2913 1606 πυρὸς
2970 1531 3096 1585 ὡσεὶ
3137 1530 3376 1606 κὰλαμον
3426 1519 3784 1611 γραμματέως

418 1594 634 1656 scribae
655 1599 938 1660 velociter
959 1594 1804 1692 scribentis,insurrexerunt,
1825 1620 2054 1683 deserto

2144 1594 2595 1690 ὀξυγράφουξτὴν
2649 1594 2834 1692 πηγὴν
2888 1616 3330 1694 ἐγκαταλιπόντες
3387 1622 3486 1686 τής
3529 1627 3619 1676 τοῦ
3651 1627 3786 1676 Θεοῦ

417 1682 576 1744 fonte
605 1685 909 1766 sapientia
944 1691 1099 1753 Dei?
1125 1692 1184 1755 Si
1217 1696 1377 1756 enirn
1413 1699 1560 1761 viam
1595 1703 1699 1764 Dei
1729 1682 2060 1785 percurris-

417 1779 572 1852 sent,
609 1776 935 1838 manissent
965 1779 1022 1840 in
1049 1789 1336 1845 aeternum
1385 1787 1446 1847 in
1504 1809 1646 1867 pace
1676 1776 2060 1874 impassibili-

417 1860 576 1966 tatis,
611 1863 913 1966 nov-issent
943 1867 1053 1966 ubi
1082 1870 1175 1966 _sit
1199 1860 1564 1966 prudentia,
1625 1879 1723 1942 ubi
1756 1860 2057 1966 l'ortitudo,

419 1947 520 2009 ubi
553 1951 961 2034 intelligentia,
997 1957 1096 2017 ubi
1130 1947 1377 2024 scientia
1427 1947 1647 2044 rerum,
1686 1971 1784 2032 ubi
1834 1947 2056 2051 longan

414 2035 558 2098 vitas
575 2041 785 2120 etvita,
813 2042 913 2104 ubi
940 2045 1140 2106 lumen
1163 2050 1469 2112 oculorum
1505 2065 1564 2115 et
1609 2035 1901 2138 sapientia
1922 2035 2057 2124 cum

417 2143 558 2204 pace
587 2151 600 2201 ;
625 2129 975 2192 didicissent
1007 2135 1138 2215 quis
1197 2137 1460 2204 inveniat
1521 2129 1710 2206 locum
1743 2150 1894 2228 ejus,
1927 2153 2059 2232 quis

414 2215 726 2279 thesauros
748 2221 877 2298 ejus
902 2221 1286 2306 ingrediatur,
1312 2237 1368 2288 et
1391 2236 1684 2309 quomodo
1719 2215 2054 2319 Deus'pi'ze-

413 2302 775 2404 digatoribus
807 2310 1126 2404 verbihzec
1160 2302 1462 2396 praecipiat
1503 2337 1606 2396 per
1663 2302 2008 2404 propheiam
2038 2348 2048 2390 :

420 2415 444 2445 α
476 2393 770 2482 Propheta
789 2397 886 2476 qui
907 2399 1081 2461 habet
1106 2393 1401 2465 somnium
1431 2393 1822 2482 i-ei'elationis,
1857 2428 2058 2478 narret

412 2481 707 2543 somnium
742 2485 981 2548 visionis
1009 2507 1151 2569 sure,
1213 2500 1270 2552 et
1325 2494 1424 2572 qui
1485 2497 1660 2559 habet
1714 2519 2051 2566 sermonem

415 2587 633 2638 meum,
671 2571 941 2653 loquatur
969 2594 1306 2639 sermonem
1345 2571 1564 2645 imeum
1628 2605 1764 2649 vere
1799 2591 1894 2662 17;
1936 2619 1956 2650 ι
1998 2603 2057 2655 et

413 2657 627 2718 iterum
659 2679 672 2722 :
711 2686 737 2715 (ι
773 2662 978 2723 Scribe
1009 2665 1113 2725 tibi
1173 2668 1374 2730 omnia
1426 2673 1602 2735 verba
1661 2695 1792 2756 qua)
1825 2657 2056 2744 locutus

413 2763 541 2805 sum
574 2747 645 2807 ad
679 2756 734 2810 te
759 2749 816 2811 in
850 2751 1001 2813 libro
1023 2755 1162 2830 18;»
1188 2764 1246 2816 et
1269 2777 1569 2840 nunquam
1603 2747 1821 2828 invidia
1852 2780 2055 2832 contra

415 2833 560 2895 tales
585 2836 860 2901 homines
889 2840 1304 2908 intabuissent.

489 3012 587 3073 65.
631 3014 751 3110 u_Si
786 3025 1009 3110 mutare
1063 3029 1252 3100 potest
1310 3023 1584 3107 [Ethiops
1616 3030 1830 3108 pellem
1861 3051 2050 3110 suam,

413 3108 512 3160 aut
543 3103 762 3180 pardus
819 3106 1131 3170 varietates
1165 3129 1301 3172 suas
1321 3113 1401 3193 ¹9,
1466 3140 1488 3170 υ
1518 3103 1790 3196 Ἰηέιιίεῐή
1820 3103 2057 3202 quoque

414 3197 695 3267 poterunt
725 3191 880 3255 bene
911 3195 1113 3259 dicere
1139 3207 1198 3260 et
1230 3191 1555 3272 consiliari.
1585 3191 1855 3270 meditati
1881 3191 2048 3272 mala.

411 3275 646 3340 Etenim
670 3282 832 3344 calce
861 3286 1294 3350 conculcabunt
1321 3291 1648 3370 proximum
1674 3315 1868 3371 suum,
1920 3319 2056 3360 cum

412 3368 620 3431 dolose
651 3370 951 3446 incedant,
985 3384 1042 3436 et
1074 3396 1213 3438 suos
1270 3368 1583 3443 derideant
1612 3368 1862 3461 amicus,
1891 3389 2053 3450 veri-

415 3467 590 3519 tatem
625 3480 742 3521 non
793 3462 1124 3544 loquentes,
1177 3468 1313 3548 quia
1372 3469 1591 3532 dedicii
1624 3473 1823 3552 lingua
1850 3494 2055 3539 eorum

410 3545 569 3626 loqui
601 3568 744 3611 vana
775 3560 829 3642 e_t
862 3555 1168 3642 mendacia
1196 3545 1399 3619 verba.
1463 3545 1739 3640 Intellige
1763 3563 1957 3642 igitur,
1995 3575 2053 3628 tu

417 3637 509 3696 cui
539 3648 778 3719 propter
798 3640 904 3702 Dei
936 3645 1250 3707 scientiam
1269 3656 1328 3709 et
1348 3645 1610 3710 Verbum
1664 3637 1760 3711 isti
1786 3637 2056 3716 insident

413 3739 467 3786 et
500 3727 697 3788 fucum
756 3731 992 3799 faciunt,
1054 3746 1505 3814 perseveranter
1554 3757 1820 3820 precare,
1852 3742 2057 3805 dicens

411 3832 546 3874 cum
577 3815 836 3881 Jeremia
870 3843 882 3880 :
920 3843 949 3880 ‹
982 3822 1254 3892 Domine,
1290 3827 1610 3888 recordare
1632 3829 1773 3901 mei,
1805 3815 1860 3890 et
1893 3830 2060 3892 visita

411 3920 529 3972 me.
564 3915 620 3966 et
654 3915 820 3969 tuere
850 3928 946 3972 me
975 3910 1048 3972 ab
1081 3912 1172 3973 his
1197 3913 1294 3994 qui
1329 3925 1762 3995 persequuntur
1788 3937 1902 3992 me,
1939 3921 2063 3986 noli

410 3989 468 4052 in
499 3994 782 4072 patientia
801 3989 1304 4079 tuarejicereme,
1323 3989 1796 4085 mediuprobare
1833 4008 2054 4071 volens.

411 4080 572 4143 Scito
604 4088 882 4175 quoniam
914 4089 1170 4151 sustinui
1192 4080 1576 4172 Opprobrium
1602 4093 1674 4155 ab
1729 4095 1820 4156 his
1841 4097 1940 4175 qui
1969 4098 2056 4158 ir-

2144 1701 2368 1779 σοφίαςς
2404 1703 2462 1757 Εἰ
2505 1704 2603 1781 γάρ
2753 1703 2856 1779 ὁδῷ
2912 1715 3004 1764 106
3061 1714 3190 1763 Θεοῦ
3246 1708 3618 1788 ἐπορεύθησαν,
3647 1729 3787 1764 κατ-

2143 1787 2359 1859 ῴκησαν
2390 1786 2451 1842 ἂν
2481 1790 2535 1845 ἐν
2566 1793 2745 1869 εἰρήνῃ
2800 1793 3051 1858 ἀπαθείας
3096 1797 3168 1856 εἰς
3225 1797 3315 1852 τὸν
3345 1798 3507 1851 αἰῶνα
3537 1795 3732 1875 χρόνον
3766 1811 3782 1825 ⁴

2143 1874 2336 1950 ἔμαθον
2392 1886 2493 1934 ποῦ
2548 1880 2657 1936 ἐστι
2728 1882 3003 1960 φρόνησις,
3097 1892 3198 1940 1106
3253 1883 3393 1940 ἐστιν
3448 1887 3625 1964 ἰσχὺς,
3684 1895 3788 1944 1:06

2142 1963 2250 2019 ἐστι
2301 1967 2526 2034 σύνεσις,
2590 1970 2676 2025 καὶ
2733 1973 2924 2047 γνῶσις
2980 1975 3084 2028 τῶν
3141 1970 3330 2045 ὄντων,
3396 1974 3497 2029 1:06
3542 1974 3654 2029 ἐστι
3675 1997 3790 2049 μα-

2139 2051 2416 2130 κροϐίωσις
2461 2059 2548 2112 καὶ
2608 2060 2745 2133 ζωὴ,
2819 2071 2918 2119 ποῦ
2986 2061 3095 2117 ἐστι
3179 2067 3289 2141 φῶς
3361 2061 3669 2142 ὀφθαλμῶν,
3697 2065 3790 2118 καὶ

2139 2143 2290 2221 σοφία
2335 2146 2467 2216 μετὰ
2497 2147 2709 2224 εἰρήνης
2772 2167 2785 2181 ’
2845 2147 3038 2222 ἔμαθον
3105 2151 3181 2213 τίς
3238 2151 3459 2227 εὑρίσκει
3503 2152 3591 2205 τὸν
3621 2150 3789 2206 τόπον

2139 2235 2324 2304 αὖτῆς,
2358 2233 2445 2287 καὶ
2497 2235 2571 2297 τίς
2642 2237 2714 2297 εἰς
2785 2237 2904 2299 τοὺς
2948 2240 3210 2316 θησαυρὺς
3255 2242 3418 2304 αὐτῆς
3463 2238 3782 2318 εἰσέρχεν²ι³

2137 2322 2224 2375 καὶ
2280 2319 2423 2383 ὅπως
2485 2320 2779 2379 ἐντέλλεται
2835 2328 2862 2380 6
2909 2327 3036 2389 Θεὸς
3093 2324 3175 2383 διὰ
3230 2335 3323 2384 τοῦ
3364 2329 3635 2404 προφήτου
3663 2339 3789 2391 τοῖς

2136 2416 2230 2464 106
2256 2406 2416 2488 λόγου
2465 2411 2684 2484 μύσταις
2743 2411 2913 2490 λέγων
2984 2416 3012 2469 6
3095 2415 3373 2493 προφήτης
3409 2433 3424 2447 ·
3478 2415 3566 2472 Ἐν
3634 2419 3682 2490 ᾧ
3723 2419 3786 2471 τὸ

2139 2494 2373 2553 ἐνύπνιόν
2455 2499 2566 2554 ἐστι
2651 2505 2749 2566 τῆς
2847 2500 3256 2576 ἀποκαλύψεως,
3328 2501 3670 2581 διηγησάσθω
3722 2505 3786 2561 16

2137 2585 2372 2642 ἐνύπνιον
2420 2592 2516 2655 τῆς
2561 2589 2814 2654 ὀπτασίας
2886 2592 3067 2662 αὐτοῦ,
3125 2593 3210 2648 καὶ
3253 2592 3306 2648 ἐν
3350 2596 3395 2666 ᾧ
3440 2596 3468 2649 6
3496 2591 3652 2671 λόγος
3685 2616 3786 2667 μου

2136 2675 2265 2751 πρὸς
2306 2675 2482 2746 αὒτὸν,
2515 2674 2860 2755 διηγησάσθω
2907 2680 2998 2734 τὸν
3045 2677 3204 2756 λόγον
3237 2701 3339 2754 μου
3368 2679 3451 2737 ἐπ’
3483 2680 3729 2748 ἀληθείας
3765 2697 3777 2710 ·

2134 2763 2221 2818 καὶ
2278 2763 2418 2827 αὖθις
2494 2785 2509 2800 ·
2571 2768 2776 2844 Γράψον
2833 2775 3002 2840 εαυτῷ
3044 2769 3244 2830 ⁴πάντας
3303 2771 3425 2834 τοὺς
3477 2768 3663 2848 λόγους
3693 2773 3780 2834 06;

2135 2849 2469 2929 ἐχρημάτισα
2504 2857 2634 2932 πρὸς
2665 2856 2723 2911 σὲ
2766 2855 2850 2911 ἐπὶ
2880 2854 3081 2930 βιϐλίου
3145 2873 3159 2886 ⁶
3213 2859 3300 2913 καὶ
3331 2856 3571 2914 οὐδέποτε
3611 2860 3674 2913 ἃν
3701 2866 3777 2932 τῷ

2139 2941 2310 3018 φθόνῳ
2339 2944 2473 3001 κατὰ
2514 2949 2619 2998 τῶν
2646 2945 2889 3000 τοιούτων
2933 2946 3209 3014 ἑτήκοντο.

2219 3020 2319 3091 λε’,
2378 3032 2436 3087 Εἰ
2493 3029 2781 3096 ἀλλάξεται
2876 3033 3056 3107 Αἰθίοψ
3112 3035 3172 3090 τὸ
3237 3032 3403 3112 δέρμα
3453 3036 3616 3114 αὐτοῦ,
3675 3037 3759 3090 καὶ

2140 3117 2390 3197 πάρδαλις
2470 3120 2535 3174 τὰ
2621 3141 2951 3196 ποικιαματα
3028 3124 3213 3189 αὐτῆς,
3289 3127 3378 3180 καὶ
3430 3126 3474 3180 0i
3523 3124 3766 3200 βάσκανοι.

2139 3205 2443 3276 δυνήσονται
2489 3209 2543 3264 εὖ
2573 3210 2742 3265 εἰπεῖν
2769 3211 2856 3267 καὶ
2925 3209 3322 3286 βουλεύσασθαι,
3358 3210 3774 3286 μεμελετηκότες

2139 3297 2298 3356 κακά.
2360 3296 2561 3376 Πτὲρνῃ
2613 3299 2712 3376 γὰρ
2767 3310 3061 3378 πτερνιοῦσι
3149 3301 3269 3364 τοὺς
3301 3300 3526 3368 πλησίον
3586 3302 3774 3373 αύτῶν,

2139 3383 2319 3451 ἐπειδὴ
2376 3383 2561 3449 δολίως
2635 3389 2964 3465 πορεύονται,
3049 3391 3137 3445 καὶ
3231 3391 3606 3460 κατα-παίζουσι
3663 3401 3779 3453 106;

2138 3472 2314 3551 φίλους
2360 3475 2550 3544 αὒτῶν,
2610 3473 2857 3545 ἀλήθειαν
2914 3480 2992 3551 μὴ
3061 3476 3361 3549 λολοῦντες,
3424 3476 3557 3534 διότι
3603 3479 3778 3552 μεμά-

2136 3565 2294 3627 θηκεν
2349 3565 2383 3630 ἡ
2434 3562 2648 3638 γλῶσσα
2707 3566 2876 3620 αὐτῶν
2958 3564 3140 3623 λαλεῖν
3171 3568 3368 3641 μάταια
3426 3569 3515 3622 καὶ
3587 3565 3776 3642 ψευδῆ,

2138 3650 2295 3713 Σύνες
2325 3661 2412 3709 06v
2457 3654 2484 3708 6
2515 3650 2599 3709 διὰ
2668 3653 2734 3719 τὴ
2767 3659 2856 3708 106
2897 3661 3027 3710 Θεοῦ
3081 3661 3271 3731 γνῶσιν
3343 3656 3429 3710 καὶ
3461 3657 3551 3710 τὸν
3596 3653 3777 3733 λόγον,

2138 3736 2226 3794 ὑπ’
2296 3740 2464 3796 αὒτῶν
2529 3741 2871 3820 φθονούμενος
2953 3764 3010 3798 τε
3083 3745 3170 3800 καὶ
3226 3743 3635 3818 ἐμπαιζόμενος,
3695 3745 3780 3800 καὶ

2141 3825 2361 3890 ἐκτενῶς
2393 3825 2630 3902 δεήθητι,
2663 3831 2796 3885 κατὰ
2841 3831 2932 3886 τὸν
2964 3821 3233 3910 Ἰερεμίαν,
3267 3833 3375 3890 ,καὶ
3404 3831 3519 3888 εἰπέ
3551 3851 3566 3866 ο
3608 3855 3633 3884 ι
3672 3842 3776 3891 Κυ-

2142 3936 2241 3994 ριε,
2272 3917 2533 3990 μνήσθητι
2563 3940 2689 3997 μου,
2718 3919 2807 3974 καὶ
2835 3917 3114 3993 ἐπίσκεψαί
3169 3941 3258 3995 με,
3290 3921 3377 3976 καὶ
3430 3920 3679 3976 ἆθώωσόν
3713 3942 3778 3996 με

2143 4003 2247 4059 ἀπὸ
2278 4010 2380 4060 τπῦν
2419 4004 2846 4062 καταδιωκόντων
2905 4029 2972 4082 με
3039 4009 3317 4084 βασκάνων
3359 4007 3556 4087 ἀνδρῶν
3583 4028 3601 4045 ο
3639 4033 3664 4063 ι
3701 4010 3777 4084 μὴ

2140 4094 2211 4155 εἷς
2268 4094 2624 4172 μακροθυμίαν
2655 4116 2744 4151 σου
2815 4095 2984 4172 βάλῃς
3045 4119 3133 4172 με,
3193 4095 3475 4172 δοκιμάσαι
3505 4119 3574 4173 με
3613 4097 3780 4154 θέλων

408 4172 581 4232 ritam
615 4173 835 4236 faciunt
863 4177 1170 4240 sceintiam
1233 4190 1418 4255 tuam,
1447 4201 1792 4244 consumma
1841 4172 2052 4247 illosin

2140 4181 2222 4237 ἐπὶ
2291 4182 2427 4238 πολύ
2481 4188 2497 4214 ‘
2544 4188 2702 4261 γνῶθι
2771 4188 2842 4250 ὡς
2915 4185 3100 4242 ἔλαϐον
3156 4188 3460 4264 ἐμπαιγμὸν
3515 4189 3616 4244 ὑπὸ
3673 4194 3778 4243 τῶν

406 4262 530 4319 zelo
557 4279 784 4334 eorum,
820 4274 876 4325 et
909 4266 1021 4326 erit
1081 4268 1222 4329 mihi
1273 4270 1516 4330 verbum
1549 4271 1814 4332 scientia;
1850 4281 1961 4334 tua)
1992 4275 2051 4334 in

409 4348 686 4425 gaudium
713 4361 770 4411 et
801 4352 1058 4415 Iretitiam
1091 4357 1452 4419 cordismei.
1484 4359 1610 4420 Non
1640 4359 1798 4420 enim
1830 4362 1959 4421 sedi
1991 4362 2052 4422 in

409 4435 659 4496 consilio
718 4439 1044 4502 ludentium
1101 4446 1408 4506 sexentiam
1467 4456 1621 4507 tuam
1683 4443 1786 4508 Sed
1821 4447 2049 4510 timuia

407 4523 557 4585 facie
588 4543 826 4603 manus,
864 4540 975 4591 tuae
997 4540 1056 4594 et
1079 4533 1358 4595 sedebam
1384 4536 1566 4610 solus,
1593 4537 1869 4616 quoniam
1899 4557 2056 4599 ama-

408 4612 667 4674 ritudine
699 4635 792 4677 me
825 4619 1070 4695 replevit
1101 4639 1304 4682 eorum
1363 4624 1582 4685 invidia
1612 4612 1627 4682 Ξ
1659 4633 1716 4686 et
1747 4626 2048 4699 exaudies,

411 4702 560 4764 bene
612 4705 768 4778 novi,
821 4706 1114 4786 siquidem
1169 4712 1462 4772 convertis
1522 4721 1818 4775 errantem
1874 4733 1906 4774 a
1961 4716 2053 4775 via

407 4811 514 4853 sua
535 4791 616 4852 Ξο.
649 4821 671 4851 ιο
713 4828 788 4838 -
818 4820 839 4852 α
879 4794 1184 4859 Stabiliam
1215 4808 1268 4860 te
1292 4801 1445 4861 inter
1461 4802 1684 4863 amicos
1707 4821 1888 4877 meos,
1915 4813 2050 4865 ante

407 4881 616 4943 faciem
650 4903 838 4945 meam
873 4885 1074 4959 stabis,
1111 4901 1168 4949 et
1197 4887 1244 4949 si
1291 4893 1695 4966 segregaveris
1727 4890 2044 4971 pretiosum

407 4988 441 5030 a
471 4972 591 5047 vili,
625 4974 790 5054 quasi
823 4993 887 5034 os
923 4994 1116 5036 meum
1179 4977 1320 5058 eris,
1374 4977 1637 5040 liberabo
1669 4988 1724 5039 te
1761 4983 1835 5041 de
1865 4999 2044 5043 manu

410 5060 828 5144 pessimorum,
863 5063 944 5126 ait
975 5063 1257 5128 Dominus
1287 5069 1439 5128 Deus
1469 5066 1651 5130 Isriel
1679 5069 1754 5130 εί.
1797 5096 1818 5123 υ

2134 4271 2456 4327 ἁθετούντων
2505 4274 2603 4339 τὴν
2651 4275 2841 4350 γνῶσίν
2899 4297 3013 4350 σου,
3072 4275 3376 4332 συντέλεσον
3406 4277 3590 4339 αὐτοὺς
3620 4276 3674 4333 ἐν
3703 4284 3781 4350 τῷ

2133 4358 2279 4431 ζήλῳ
2309 4360 2502 4433 αὒτῶν,
2535 4364 2623 4417 καὶ
2654 4361 2797 4418 ἔσται
2856 4365 2883 4419 6
2937 4361 3093 4442 λόγος
3137 4364 3254 4439 ἐμοὶ
3283 4370 3380 4431 τῆς
3410 4365 3654 4442 γνώσεώς
3688 4388 3781 4421 σου

2134 4449 2205 4512 εἰς
2261 4450 2597 4528 εὖφροσύνην,
2662 4454 2748 4508 καὶ
2806 4453 2878 4516 εἷς
2950 4455 3122 4531 χαρὰν
3178 4450 3391 4530 καρδίας
3452 4475 3552 4527 μου
3603 4471 3616 4484 ·
3665 4451 3780 4511 οὖδέ

2134 4539 2232 4614 γαρ
2289 4537 2504 4594 ἐκάθισα
2573 4539 2625 4594 ἐν
2682 4538 2928 4620 συνεδρίῳ
2983 4542 3116 4616 μετὰ
3173 4547 3278 4596 τῶν
3334 4544 3622 4611 παιζόντων
3679 4544 3777 4608 τὴν

2133 4625 2322 4700 γνῶσίν
2373 4648 2486 4693 σου,
2550 4625 2669 4682 ἀλλ’
2727 4626 3054 4705 εὒλαϐούμην
3098 4629 3202 4686 ἀπὸ
3255 4632 3537 4710 προσώπου
3594 4633 3780 4710 χειρὸς

2135 4736 2249 4785 σου,
2283 4715 2368 4769 καὶ
2394 4713 2690 4790 ἐκαθήμην,
2747 4720 2882 4773 κατὰ
2933 4721 3118 4794 μόνας,
3179 4717 3258 4777 ὅτι
3314 4720 3522 4798 πικρίας
3553 4720 3659 4774 ἀπὸ
3690 4729 3784 4777 106

2133 4802 2318 4880 φ’)όνου
2380 4805 2548 4859 αὐτῶν
2627 4803 2980 4884 ἐνεπλήσθην,
3051 4810 3137 4863 καὶ
3194 4808 3458 4879 ἀκούσεις,
3521 4807 3577 4863 εὖ
3626 4805 3774 4880 οἶδα,

2131 4891 2220 4947 ἐὰν
2277 4890 2601 4970 ἐπιστρεψῃς
2651 4896 3058 4971 πεπλανημένον
3112 4897 3217 4952 ἀπὸ
3277 4899 3370 4962 τῆς
3418 4894 3537 4956 ὁδοῦ
3568 4896 3726 4953 αὖτοῦ
3761 4913 3776 4924 ’

2130 4977 2584 5052 Ἀποκαταστῆσω
2627 5004 2683 5039 σε
2715 4985 2770 5039 ἐν
2795 4999 2909 5048 τοῖς
2977 4984 3148 5065 φίλοις
3199 5009 3322 5060 μου,
3368 4986 3467 5063 πρό
3496 4985 3781 5064 προσώπω

2125 5091 2225 5144 μου
2281 5071 2473 5146 στήσῃ,
2528 5073 2615 5128 καὶ
2673 5071 2766 5128 ἐὰν
2827 5072 3092 5152 ἐξαγάγῃς
3146 5075 3318 5149 τίμιον
3385 5073 3490 5129 ἀπὸ
3545 5071 3776 5152 ἀναξίου,

2123 5160 2195 5223 ὡς
2227 5181 2398 5234 στομα
2429 5183 2529 5236 μου
2578 5160 2698 5238 ἔσῃ,
2734 5164 3078 5242 Λυτρώσομαί
3134 5185 3192 5218 σε
3261 5163 3322 5218 ἐκ
3362 5165 3545 5242 χειρὸς
3569 5163 3780 5239 βασκά-

2120 5270 2223 5304 νων
2251 5247 2475 5324 λοιμ-ὖν,
2507 5249 2652 5329 λέγει
2697 5252 2884 5330 Κύριος
2932 5254 2960 5308 ὁ
2991 5253 3120 5315 Θεὸς
3154 5250 3392 5330 Ἰσραήλ.

2203 5327 2310 5355 ’ρ’
2363 5338 2426 5355 .-Ι
2554 5338 2573 5355 \
2605 5339 2616 5355 1
2775 5343 2786 5355 \
2885 5347 2905 5355 .-
3043 5342 3056 5355 Q
3118 5342 3145 5355 Α
3168 5341 3178 5355 1
3535 5341 3548 5355 ι
3593 5340 3607 5355 9
3732 5339 3743 5355 Ι

488 5327 586 5392 66.
621 5327 828 5392 Totum
862 5332 1155 5394 sermonis
1187 5333 1363 5396 tinem
1397 5334 1639 5397 audiant
1672 5335 1910 5414 maligni
1951 5355 2041 5398 sa-

2202 5327 2331 5410 ξςζ
2363 5338 2524 5402 Τέκος
2553 5327 2715 5418 λόγου
2741 5327 2800 5396 16
2835 5347 2963 5417 πᾶν,
3014 5342 3060 5396 οἰ
3115 5341 3367 5418 βάσκανοι
3402 5341 3553 5420 σοφοὶ
3583 5339 3780 5397 ἀκουέ-

1124 5518 1176 5562 ¹⁶
1207 5520 1358 5582 Ibid.

843 5596 892 5640 ’ί
927 5595 1078 5660 Ibid.
1123 5601 1331 5665 19-21.

486 5514 537 5556 t5
564 5516 783 5609 larem.
818 5519 1050 5609 νέιιιιξξ..
1124 5518 1358 5609 πξίὺίά.
1449 5521 1500 5563 Π
1528 5521 2052 5600 λθτθτη.ιαιιι,28.
2141 5521 2194 5566 ¹⁸
2221 5524 2449 5587 Jerem.
2474 5543 2613 5607 xxx,
2639 5525 2698 5590 2.
2787 5525 2838 5571 ¹⁹
2865 5525 3092 5592 Jerem.
3119 5543 3248 5609 xm,
3280 5529 3381 5589 23.
3469 5523 3526 5569 ³ο
3557 5523 3786 5591 Jerem.

411 5608 510 5668 xv,
550 5595 754 5657 15-18.
