4052 6134
317 226 437 293 989
474 296 479 299 λ

317 386 494 421 τωσαν
527 380 541 395 ⁸

1216 234 1757 300 GNOSTICORUM
1800 237 2140 300 CAPITUM
2184 236 2576 299 CENTURIA
2617 236 2705 299 III
3580 226 3701 297 990

603 366 1041 446 ἐκαθαριεύθησαν
1094 369 1371 448 Ναζιραῖοι
1422 373 1551 426 Θεοῦ
1614 383 1732 436 τοῖς
1780 370 1961 430 πόνοις

2069 363 2853 428 iientes:Candidioresnive
2891 364 3132 427 Nazarei
3185 367 3289 428 Dei
3340 365 3536 428 effecti
3559 368 3699 427 sunt

316 453 446 531 ὗπὲρ
477 454 640 532 χιόνα
679 477 690 488 ·
725 454 973 531 ἔλαμψαν
1027 462 1104 531 τῷ
1159 457 1257 532 βίῳ
1305 458 1434 537 ὑπὲρ
1466 457 1626 538 γάλα,
1670 459 1799 538 ὑπὲρ
1828 458 1967 514 λίθον

2073 454 2374 533 aboribus,
2401 473 2521 534 pra:
2541 455 2692 516 lacte
2717 455 2830 515 vita
2848 454 3060 533 nitent,
3082 454 3360 534 sapphiro
3392 453 3697 534 pulchrior

320 542 606 621 σάπφειρον
651 545 709 599 τὸ
754 543 895 607 εἶδος
937 549 1036 609 τῆς
1072 544 1253 624 σοφίας
1299 547 1491 626 αύτῶν,
1526 548 1613 602 καὶ
1655 548 1783 626 ὑπέρ
1828 546 1968 624 μάρ-

2069 543 2347 624 sapientia
2378 561 2605 622 eorum,
2640 557 2697 604 et
2728 541 3132 623 splendidiora
3163 542 3497 619 margaritis
3529 542 3694 621 ipso-

319 652 482 707 γαρον
506 633 732 710 καθαρὸν
761 635 789 688 6
819 634 1099 712 χαρακτὴρ
1143 634 1248 690 τῶν
1278 631 1451 712 λόγων
1501 637 1672 692 αὒτῶν
1706 655 1716 666 '
1751 638 1797 692 οἱ
1826 633 1881 690 δὲ
1910 654 1969 711 γε

2069 649 2185 691 rum
2215 631 2412 692 verba.
2436 630 2548 703 Qui
2573 650 2709 692 vero
2739 631 2948 694 nutriti
2965 640 3106 692 sunt
3130 630 3363 691 deliciis
3386 630 3699 692 mundanae

321 719 578 782 ἐσθίοντες
602 722 797 799 τρυφὰς
838 726 937 787 τῆς
997 727 1261 795 κοσμικῆς
1311 723 1584 803 γνώσεως,
1615 724 1970 804 ἠφανίσθησαν

2069 719 2340 792 scientiae,
2364 716 2879 782 obtenebratisunt
2893 718 3216 781 recedente
3227 717 3447 798 Spiritu
3460 726 3694 793 sancto;

322 806 377 864 ἐν
433 811 557 871 ταῖς
629 806 820 873 ἐξόδοις
876 817 969 867 τοῦ
1028 810 1356 885 Πνεύματος,
1404 814 1451 867 οἱ
1496 813 1859 886 τιθηνούμενοι
1890 809 1973 866 ἐπὶ

2069 816 2110 868 at
2141 807 2241 887 qui
2274 808 2468 869 laetati
2502 807 2725 869 suntin
2761 826 3022 888 purpura
3064 806 3371 885 sapientiae
3420 805 3695 868 ethnico-

320 898 549 970 κοκκίνῳ
609 887 799 976 σοφίας
858 895 1151 971 Ἐλλήνων,
1222 901 1443 979 κοπρίαν
1500 901 1762 978 ἀγνωσίας
1817 921 1972 977 περι-

2069 912 2209 965 ‘um,
2239 904 2504 956 stercore
2532 887 2883 974 ignorantiae
2901 894 3247 957 circumfusi
3301 901 3466 966 sunt,
3486 893 3700 955 etdata

323 982 597 1065 εϐάλοντο,
652 987 740 1042 καὶ
807 983 1058 1053 ἐδόθησαν
1117 984 1201 1043 ἐπ’
1259 990 1445 1053 αὐτοῖς
1487 987 1688 1064 δεσμοὶ,
1738 990 1827 1047 καὶ
1855 986 1971 1044 ἐδέ-

2069 991 2188 1044 sunt
2219 983 2339 1044 illis
2394 983 2647 1063 vincula,
2710 983 2925 1064 quibus
2975 982 3172 1060 aligati
3230 990 3392 1055 sunt,
3448 982 3699 1043 adhaesit

322 1076 493 1140 θησαν
541 1074 595 1130 ἐν
652 1076 833 1137 αὐτοῖς
909 1094 923 1107 ⁸
997 1072 1242 1142 συνεδέθη
1314 1078 1413 1153 γάρ
1456 1079 1490 1145 ἡ
1534 1076 1749 1154 γλῶσσα
1804 1079 1974 1133 αὐτῶν

2069 1072 2214 1133 enim
2265 1072 2463 1151 lingua
2510 1091 2714 1133 eorum
2776 1072 3016 1152 gutturi,
3079 1080 3137 1132 et
3195 1071 3326 1132 facti
3357 1079 3495 1132 sunt
3523 1071 3693 1145 muti,

322 1164 454 1241 πρὸς
504 1164 594 1219 τὸν
646 1161 879 1241 λάρυγγα
949 1162 1141 1237 οὔτῶν,
1201 1165 1287 1220 καὶ
1329 1164 1791 1245 ἀπεκωφώθησαν,
1864 1164 1977 1221 ἐπεὶ

2069 1179 2192 1222 cum
2231 1180 2429 1223 veram
2457 1161 2806 1242 sapientiam
2830 1169 2889 1223 et
2908 1160 3213 1222 scientiam
3236 1158 3419 1220 divini
3441 1156 3696 1238 Spiritus

323 1251 424 1316 τὴν
453 1250 620 1315 ὅντως
668 1252 852 1330 σοφίαν
903 1252 992 1306 καὶ
1049 1257 1244 1329 γνῶσιν
1298 1259 1388 1309 τοῦ
1456 1253 1604 1310 Θείου
1648 1252 1975 1328 ἀπεδοκίμα-

2069 1249 2404 1329 rejecerint,
2438 1248 2710 1311 nolentes
2741 1267 2871 1311 eam
2903 1246 3204 1311 laboribus
3233 1246 3539 1328 consequi.

324 1361 420 1395 σαν
464 1339 787 1414 Πνεύματος,
843 1339 920 1414 μὴ
981 1336 1066 1395 διὰ
1122 1339 1301 1397 πόνων
1342 1343 1539 1408 ταύτην
1566 1339 1754 1399 λαϐεῖν
1782 1341 1973 1413 ἐθελή-

326 1448 511 1490 σαντες
522 1472 537 1488 ,

408 1505 505 1586 ξζ’.
543 1506 601 1573 Ὀ
649 1516 776 1579 Θεὸς
830 1517 858 1572 6
899 1522 1163 1573 ταπεινῶν
1219 1514 1366 1582 ξύλον
1422 1517 1653 1599 ὑψηλὸν,
1710 1520 1797 1576 καὶ
1824 1519 1972 1594 ὑψῶν

2136 1514 2233 1578 67.
2266 1512 2373 1575 Ille
2401 1512 2557 1575 Deus
2587 1514 2688 1594 qui
2744 1514 3017 1576 humiliat
3073 1514 3297 1594 lignum
3327 1513 3610 1589 sublime,
3641 1524 3702 1577 et

325 1602 475 1671 ξύλον
502 1605 775 1677 ταπεινὸν,
843 1607 872 1660 6
923 1601 1177 1684 ξηραίνων
1233 1603 1382 1671 ξύλον
1435 1605 1671 1687 χλωρὸν,
1719 1608 1809 1665 καὶ
1836 1608 1970 1664 ἀνα-

2069 1602 2268 1664 exaltat
2296 1602 2516 1681 lignum
2549 1602 2796 1683 humile,
2832 1610 2891 1663 et
2939 1602 3093 1664 sicut
3147 1603 3371 1680 lignum
3400 1602 3610 1679 viride,
3642 1608 3704 1665 et

328 1691 537 1749 θάλλων
591 1690 740 1757 ξύλον
808 1691 988 1773 ξηρὸν,
1070 1694 1224 1761 ᾳύτός
1302 1693 1441 1751 ἐστιν
1496 1699 1525 1752 6
1577 1694 1744 1761 διδοὺς
1802 1697 1972 1769 στόμα

2069 1691 2335 1754 frondere
2364 1691 2507 1752 facit
2535 1690 2761 1768 lignum
2798 1691 3054 1766 aridum,
3104 1690 3233 1771 ipse
3277 1699 3337 1752 et
3385 1691 3486 1772 qui
3507 1691 3610 1752 dat
3632 1709 3697 1752 os

328 1780 679 1860 ἐνεῳγμὲνον,
738 1780 793 1837 ἐν
849 1781 997 1857 μέσῳ
1051 1788 1377 1861 Συναγωγῆς
1431 1782 1661 1864 πολλῆς,
1710 1798 1828 1848 τοῖς
1856 1783 1973 1842 δού-

2069 1793 2321 1860 apertum
2355 1783 2411 1840 in
2444 1779 2641 1842 medio
2689 1797 2992 1860 synagoga;
3051 1781 3233 1841 multe
3291 1778 3524 1841 famulis
3548 1778 3692 1855 suis,

331 1869 443 1935 λοις
472 1874 651 1945 αὐτοῦ,
709 1871 799 1927 καὶ
854 1871 999 1948 ῥῆμα
1054 1884 1172 1935 τοῖς
1230 1871 1718 1951 εύαγγελιζομένοις
1758 1872 1971 1949 δυνάμει

2069 1875 2114 1930 et
2141 1868 2384 1930 verbum
2418 1868 2952 1946 evangelizantibus
2976 1866 3189 1928 virtute
3209 1866 3409 1941 multa,
3434 1867 3573 1947 quia
3594 1885 3693 1928 sa-

328 1955 527 2035 πολλῇ,
571 1955 652 2012 ὅτι
695 1959 729 2023 ἡ
761 1959 938 2037 σοφία,
972 1959 1060 2014 καὶ
1113 1960 1148 2026 ἡ
1205 1960 1428 2034 σύνεσις,
1460 1962 1548 2017 καὶ
1575 1963 1609 2030 ἡ
1640 1963 1791 2042 ἰσχὺς
1820 1962 1975 2018 αὒτού

2069 1957 2299 2037 pientia,
2332 1957 2649 2038 prudentia
2678 1965 2735 2019 et
2762 1958 2943 2018 virtus
2971 1955 3044 2019 ab
3093 1956 3221 2037 ipso
3256 1956 3605 2037 procedunt,
3639 1962 3702 2018 et

329 2044 463 2121 ἐστι,
497 2046 586 2102 καὶ
627 2047 781 2111 αύτὸς
838 2044 1051 2103 ἆ)λοιοῒ
1091 2046 1268 2126 ὥσπερ
1336 2050 1548 2127 καιροὺς
1608 2052 1695 2107 καὶ
1724 2050 1972 2130 χρόνους,

2069 2048 2184 2125 ipse
2216 2053 2479 2107 utmulat
2541 2053 2809 2124 tempora
2865 2055 2923 2107 et
2973 2054 3293 2119 momenta,
3354 2044 3439 2106 sic
3469 2044 3698 2107 animas

330 2132 469 2190 οὕτω
515 2134 603 2189 καὶ
659 2134 836 2213 ψυχὰς
891 2135 1150 2206 ζητούσας
1208 2137 1299 2193 καὶ
1352 2138 1613 2202 ποθούσας
1670 2138 1824 2195 αύνὸν
1852 2141 1977 2194 καθ-

2069 2135 2248 2214 ipsum
2279 2140 2610 2214 quaerentes
2639 2140 2699 2195 et
2726 2132 3282 2215 appetentesreddit
3312 2132 3696 2213 cupiditatum

332 2245 454 2296 ιστα
471 2223 608 2279 κατά
635 2228 817 2280 παθῶν
845 2223 1111 2304 βασιλεῖς,
1182 2228 1269 2282 καὶ
1312 2229 1529 2301 μεθιστᾷ
1596 2227 1701 2284 ἀπὸ
1730 2232 1873 2299 ζωῆς
1904 2229 1975 2291 εἷς

2069 2224 2296 2302 reginas
2317 2232 2373 2284 et
2400 2223 2677 2284 transfert
2707 2223 2781 2284 de
2813 2222 2929 2284 vita
2957 2222 3019 2283 in
3052 2221 3249 2297 vitam,
3281 2221 3427 2282 dans
3456 2222 3696 2301 sapien-

330 2313 499 2384 ζωὴν,
531 2309 698 2375 διδοὺς
756 2314 938 2393 σοφίαν
995 2326 1110 2379 τοῖς
1182 2328 1370 2396 σοφοῖς
1566 2317 1847 2392 πνεύματι,
1890 2311 1979 2373 καὶ

331 2405 586 2484 φρόνησιν
642 2417 758 2467 τοῖς
815 2403 973 2462 εἰδοσι
1031 2406 1232 2463 σύνεσιν
1305 2424 1320 2438 ⁸
1383 2408 1538 2471 αὐτὸς
1622 2406 1977 2465 ἀποκαλύπτει

333 2492 496 2570 βαθέα
548 2494 636 2550 καὶ
716 2492 995 2575 ἀπόκρυφα
1076 2508 1195 2559 τοῖς
1261 2495 1505 2574 ἐρευνῶσι
1563 2497 1629 2553 τὰ
1696 2497 1831 2573 βάθη
1887 2503 1979 2553 τοῦ

336 2587 491 2649 Θεοό,
522 2581 611 2636 καὶ
679 2582 958 2659 γινώσκειν
1026 2580 1230 2640 δίδωσιν
1286 2587 1468 2647 αὐτοῖς
1521 2585 1587 2640 τά
1615 2584 1669 2640 ἐν
1698 2592 1776 2659 τῷ
1803 2585 1978 2641 σκότει

330 2670 440 2726 τῶν
469 2670 813 2747 αἰνιγμάτων,
847 2670 927 2727 ὃτι
970 2673 1031 2727 τὸ
1073 2678 1184 2751 φῶς
1242 2677 1339 2739 τῆς
1397 2674 1578 2752 σοφίας
1606 2676 1693 2730 καὶ
1734 2675 1979 2752 γνὼσεως

334 2756 455 2833 μετ’
480 2758 636 2816 αὖτοῦ
664 2757 799 2836 ἐστι,
833 2760 919 2815 καὶ
952 2763 997 2833 ᾧ
1023 2758 1269 2836 βούλεται
1298 2757 1503 2816 δίδωσιν
1533 2760 1686 2820 αὐτό.

417 2837 525 2916 ξη’.
559 2848 718 2903 Παντὶ
761 2854 838 2921 τῷ
893 2846 1008 2904 καθ’
1076 2849 1347 2922 ὑπομονὴν
1406 2849 1737 2927 ἐργαζομένῳ
1763 2851 1858 2914 τὰς
1890 2851 1983 2907 ὲν-

2061 2311 2197 2372 tiam
2229 2311 2593 2390 sapientibus
2622 2311 2832 2390 spiritu
2862 2319 2921 2373 et
2956 2310 3330 2391 prudentiam
3372 2310 3700 2371 scientibus

2059 2400 2424 2479 intelligere:
2486 2399 2615 2479 ipse
2673 2399 2903 2462 revelat
2954 2398 3243 2480 profunda
3272 2406 3329 2460 et
3357 2397 3703 2459 abscondita

2061 2486 2458 2550 scrutantibus
2482 2486 2769 2568 profunda
2799 2486 2927 2563 Dei,
2963 2485 3168 2568 eisque
3198 2485 3535 2547 manifestat
3563 2504 3703 2548 con-

2063 2577 2261 2639 stitnta
2290 2577 2349 2638 in
2384 2575 2644 2638 tenebris
2672 2576 3079 2656 aenigmatum,
3100 2574 3240 2656 quia
3271 2575 3363 2635 lux
3392 2573 3700 2654 sapientiae

2064 2674 2123 2726 et
2151 2666 2417 2728 scientiae
2443 2682 2576 2726 cum
2603 2683 2673 2726 eo
2703 2673 2818 2740 est,
2870 2673 2930 2726 et
2984 2664 3081 2727 cui
3108 2663 3230 2724 vult
3283 2663 3445 2724 illam
3474 2662 3699 2744 imper—

2062 2754 2227 2818 titur.

2142 2844 2242 2907 68.
2276 2841 2530 2907 Cuilibet
2556 2842 2905 2923 adimplenti
2928 2848 3376 2925 perseveranter
3399 2840 3505 2903 Dei
3532 2856 3701 2901 man-

334 2935 494 3000 τολέις
536 2936 672 2993 κατά
699 2936 789 2992 τὸν
818 2935 969 2999 ἐκτὸς
1034 2938 1122 2993 καὶ
1191 2936 1337 3000 ἐντὸς
1397 2936 1689 3019 ἄνθρωπον,
1735 2942 1823 2996 καὶ
1850 2940 1980 3018 πρὸς

2069 2930 2197 2995 data
2208 2936 2538 2994 secundum
2565 2932 2912 2995 interiorem
2925 2942 2977 2995 et
3000 2931 3354 2994 exteriorem
3371 2930 3699 3005 hominem,

339 3025 510 3102 μόνην
568 3024 830 3103 ἀφορῶντι
886 3024 984 3092 τὴν
1040 3022 1190 3090 δόξαν
1247 3032 1338 3082 τοῦ
1395 3034 1547 3101 Θεοῦ,
1604 3027 1736 3102 τιμὴ
1792 3025 1981 3085 δίδοται

2069 3035 2127 3083 et
2159 3021 2348 3084 solam
2406 3021 2660 3083 intuenti
2717 3022 2964 3102 gloriam
3022 3021 3151 3098 Dei,
3211 3021 3406 3083 honor
3430 3019 3706 3082 tribuitur

335 3115 583 3192 γνώσεως
638 3114 892 3191 ούρανίου,
954 3114 1134 3192 εἰρήνη
1193 3114 1373 3194 ψυχῆς
1428 3116 1515 3171 καὶ
1570 3117 1847 3196 αφθαρσία,
1911 3118 1981 3182 ὡς

2069 3109 2323 3171 ccclesiis
2375 3109 2700 3190 sapientia,
2763 3130 2869 3192 pax
2927 3111 3140 3172 animae
3191 3118 3250 3173 et
3311 3107 3705 3196 incorruptio,

335 3204 432 3260 οὐκ
459 3203 716 3282 ἀκροατῇ,
745 3200 882 3259 ἀλλά
911 3208 1111 3278 ποιητῇ
1170 3223 1261 3259 του
1304 3203 1465 3278 νόμου
1495 3205 1592 3270 τῆς
1624 3205 1844 3284 χάριτος
1880 3222 1894 3237 ⁸
1925 3207 1986 3262 οὗ

335 3293 426 3348 καὶ
481 3291 582 3357 τὴν
637 3297 830 3369 γνῶσιν
939 3289 1268 3370 ἐμμάρτυρον
1322 3291 1479 3349 οὖσαν
1534 3290 1586 3358 ἐξ
1644 3292 1830 3372 ἔργων,
1891 3294 1987 3350 οὒκ

335 3378 581 3454 ἀτιμάζει
624 3380 778 3457 Θεὸς,
809 3376 946 3434 ἀλλά
975 3376 1262 3445 συνδοξάξει
1318 3393 1438 3445 τοῖς
1495 3378 1677 3460 λόγοις
1708 3383 1806 3449 τῆς
1836 3382 1981 3461 γνώ-

335 3490 473 3532 σεως
526 3473 631 3525 τῶν
687 3465 771 3523 διὰ
828 3466 1010 3545 σοφίας
1102 3469 1256 3524 αὐτοῦ
1338 3466 1647 3544 λαμψάντον
1702 3469 1758 3526 ἐν
1785 3476 1851 3547 τῇ
1879 3477 1984 3526 τῶν

337 3563 539 3614 πιστῶν
605 3554 917 3628 Ἐκκλησίᾳ,
978 3553 1159 3623 ἐπειδὴ
1234 3556 1657 3636 προσωποληψία
1720 3561 1819 3616 ούκ
1877 3558 1986 3615 ἔστι

337 3644 489 3725 παρ’,
532 3644 695 3719 αὐτῷ.
742 3650 830 3719 Τῷ
898 3641 953 3699 δὲ
1023 3642 1074 3709 ἐξ
1127 3643 1343 3722 ἐριθείας
1440 3646 1836 3727 ἀγωνιζομένῷ,
1899 3648 1989 3703 καὶ

340 3735 638 3792 ἀπειθοῦντι
690 3732 786 3810 μὲν
852 3746 969 3796 τοῖς
1041 3731 1220 3811 λόγοις
1273 3741 1379 3791 τῶν
1436 3734 1711 3812 ἀγομένων
1767 3737 1870 3792 ὑπὸ
1898 3736 1989 3792 τοῦ

338 3824 664 3900 Πνεύματος,
740 3821 1035 3896 πειθομένῳ
1125 3820 1180 3878 δὲ
1237 3828 1305 3899 τῇ
1373 3823 1559 3879 ἑαυτοῦ
1612 3824 1843 3899 συνέσει,
1905 3834 1991 3888 καὶ

2066 3198 2285 3279 quippe
2314 3198 2414 3278 qui
2447 3218 2563 3261 non
2592 3199 2826 3261 auditor
2846 3199 2944 3281 sit,
2968 3200 3070 3262 sed
3090 3197 3441 3275 lactorlegis
3478 3195 3679 3274 gratiae

2065 3286 2228 3348 Illius
2253 3287 2562 3348 scientiam
2592 3306 2661 3349 ex
2693 3289 2977 3369 operibus
3035 3287 3338 3368 probatam
3372 3304 3489 3347 non
3522 3284 3703 3346 inho-

2067 3375 2304 3437 norabit
2330 3374 2509 3450 Deus,
2542 3378 2648 3439 sed
2680 3376 3147 3457 congloriﬁcavit
3167 3394 3302 3437 eum
3333 3373 3708 3436 sermonibus

2066 3464 2332 3526 scientiae
2358 3483 2563 3526 eorum
2620 3465 2719 3545 qui
2752 3465 3111 3526 refulserunt
3166 3464 3226 3524 in
3257 3462 3525 3524 Ecclesia
3553 3461 3705 3521 tide-

2070 3553 2235 3621 Iium,
2263 3553 2401 3634 quia
2423 3572 2537 3614 non
2552 3553 2811 3633 estapud
2834 3571 2966 3614 eum
2995 3569 3382 3633 personarum
3411 3548 3702 3629 acceptio.

2069 3640 2148 3704 Iis
2176 3653 2369 3703 autem
2402 3642 2501 3722 qui
2534 3651 2673 3703 sunt
2701 3660 2770 3703 ex
2800 3641 3201 3713 contentione,
3234 3649 3294 3702 et
3324 3657 3441 3700 non
3470 3636 3707 3717 acquie-

2071 3739 2242 3791 scunt
2270 3730 2471 3791 verbis
2493 3749 2694 3791 eorum
2725 3730 2878 3811 quia
2907 3728 3127 3810 Spiritu
3149 3736 3420 3809 aguntur,
3455 3725 3711 3788 credunt

2068 3837 2207 3880 vero
2224 3820 2475 3899 propriae
2488 3818 2815 3899 prudentiae
2828 3817 3088 3879 etverbis
3104 3816 3487 3879 mendacibus
3501 3833 3706 3876 eorum

338 3926 456 3977 τοῖς
500 3909 802 3978 ἀπατηλοῖς
855 3909 1034 3989 λόγοις
1086 3911 1192 3967 τῶν
1246 3911 1343 3977 τὴν
1375 3910 1651 3990 μόρφωσιν
1681 3912 1981 3989 περικειμέ-

2072 3906 2173 3989 qui
2205 3908 2389 3968 solam
2446 3908 2682 3987 pietatis
2731 3925 3042 3988 personam
3097 3916 3276 3985 agunt
3336 3915 3395 3967 et
3417 3905 3712 3966 ducuntur

315 4023 444 4057 ’νων
507 4000 676 4075 μόνην
744 4001 844 4065 τῆς
901 3996 1188 4072 εύσυϐείας,
1241 4000 1328 4055 καὶ
1355 3998 1626 4077 ἀγομένων
1679 4001 1781 4056 ὑπὸ
1844 3999 1981 4079 φιλο-

2072 3995 2282 4075 spiritu
2312 3995 2609 4074 superbiae
2632 4005 2689 4058 et
2714 3994 3043 4075 voluptatis,
3096 3992 3402 4055 tribulatio
3425 3993 3618 4070 datur,
3653 3998 3712 4051 et

340 4088 509 4168 δόξω,
542 4090 628 4169 καὶ
650 4085 933 4169 φιληδόνου
973 4089 1295 4162 πνεύματος,
1365 4085 1539 4162 θλίψις
1596 4090 1684 4143 καὶ
1712 4109 1981 4168 στενοχω-

2073 4084 2367 4165 angustia,
2385 4084 2625 4158 imidia,
2657 4083 3255 4155 tumoretiracundia,
3276 4100 3437 4144 nunc
3466 4080 3708 4169 quidem

342 4180 426 4258 ρία
482 4177 696 4249 δίδοται,
762 4176 971 4257 φθόνος,
1028 4178 1117 4233 καὶ
1172 4177 1358 4254 θυμὸς,
1420 4176 1508 4231 καὶ
1565 4176 1698 4255 ὀργὴ
1756 4184 1841 4233 νύν
1889 4177 1981 4251 μὲν

2071 4172 2130 4233 in
2165 4174 2504 4235 mercedem
2538 4173 2758 4236 erroris
2789 4190 3018 4246 eorum,
3054 4171 3381 4233 novissime
3408 4180 3604 4231 autem
3635 4168 3706 4231 ad

341 4269 415 4332 εἷς
471 4266 798 4342 ἀντιμισθίαν
853 4270 952 4332 τῆς
1020 4263 1226 4331 πλάνης
1272 4264 1449 4342 αὖτοῦ,
1514 4262 1743 4344 ἔσχατον
1786 4262 1866 4345 δὲ,
1912 4267 1981 4329 εἰς

596 4356 608 4369 ι
766 4360 790 4369 ο.
1040 4352 1079 4369 11
1157 4350 1236 4369 9“
1271 4351 1310 4369 l\
1746 4354 1758 4369 Ι
1957 4355 1981 4369 ιι

2070 4263 2430 4325 accusandus
2462 4282 2665 4325 eorum
2697 4263 3082 4343 cogitationes
3110 4280 3244 4323 sese
3278 4262 3529 4323 invicem
3560 4258 3712 4319 insi-

350 4356 675 4434 κατηγορίαν
724 4360 829 4410 τῶν
902 4352 1094 4429 μεταξὺ
1146 4350 1396 4422 ἀλλήλων
1465 4354 1981 4433 κατηγορούντων,ἢ

2076 4354 2368 4414 mulantes
2388 4373 2456 4415 ac
2479 4353 2890 4427 defendentes,
2917 4351 2975 4412 in
2997 4351 3094 4412 die
3113 4371 3227 4432 qua
3245 4350 3531 4432 iudicabit
3553 4351 3712 4410 Deus

347 4446 436 4503 καὶ
477 4440 922 4521 ἀπολογουμένων
997 4442 1154 4499 αύτοῦ
1204 4438 1474 4519 λογισμῶν
1535 4456 1548 4470 ⁸
1610 4440 1663 4498 ἐν
1714 4441 1887 4521 ἡμέρᾳ
1954 4444 1981 4508 ἦ

2075 4443 2419 4503 abscondita
2433 4443 2734 4504 hominum
2756 4449 2813 4503 el
2832 4439 3367 4522 redeetunicuique
3382 4438 3707 4502 secundum

343 4546 517 4613 κρινεῖ
545 4535 573 4589 6
618 4533 746 4594 Θεὸς
799 4532 865 4587 τὰ
904 4530 1108 4609 κρυπτὰ
1148 4534 1254 4585 τῶν
1324 4528 1631 4611 ἀνθρώπων,
1662 4531 1750 4587 καὶ
1778 4529 1992 4588 ἀποδώ-
2075 4548 2255 4611 opera
2285 4532 2415 4611 ejus
2440 4530 2519 4591 22,
3368 4550 3381 4551 ί

340 4644 420 4679 σει
452 4623 660 4695 ἑκάστῳ
685 4642 821 4678 κατα
862 4620 923 4676 τὸ
954 4618 1106 4697 ἔργον
1137 4620 1316 4679 αὕτοῦ.
2050 4628 2059 4631 “

420 4701 516 4776 ξθ’.
544 4710 747 4787 (Ωσπερ
780 4712 878 4767 σύκ
933 4706 1072 4763 ἔστιν
1128 4704 1385 4769 Ἰουδαῖος
1456 4708 1514 4763 6v
1571 4706 1624 4765 ἐν
1654 4714 1732 4782 τῷ
1760 4713 1981 4788 φανερῷ⁴

2155 4709 2251 4772 69.
2280 4707 2446 4772 Sicut
2481 4735 2505 4766 ι
2543 4729 2657 4773 ηοη
2691 4719 2777 4773 est
2799 4710 3040 4775 Iudaeus
3056 4708 3232 4792 quiin
3285 4706 3617 4780 manifn-sto,
3652 4714 3717 4766 nt

339 4801 478 4857 κατά
506 4800 596 4856 τὸν
653 4799 889 4867 εἰπόντα,
951 4793 1066 4853 οὔδὲ
1121 4797 1155 4864 ἡ
1216 4794 1283 4882 ἐν,
1326 4801 1405 4869 τῷ
1462 4803 1669 4875 φανερῷ
1725 4796 1779 4852 ἐν
1836 4800 1981 4875 σαρκῖ

2072 4797 2157 4859 ait
2183 4798 2399 4861 Paulus
2416 4799 2498 4880 εὖ,
2523 4819 2713 4882 neque
2733 4801 2938 4881 quasin
2965 4800 3276 4861 manifesto
3301 4797 3358 4857 in
3406 4812 3584 4856 carne
3626 4805 3717 4855 est

349 4889 635 4968 περιτομὴ,
665 4884 778 4944 ἀλλ’
817 4889 846 4942 ὁ
906 4884 960 4941 ἐν
1001 4892 1215 4963 κρυπτῷ
1274 4881 1554 4964 Ἰουδαῒος,
1585 4887 1670 4942 καὶ
1724 4890 1981 4965 περιτομ·ὶ⁴

2072 4885 2472 4961 circumcisio,
2509 4881 2746 4971 sedqui
2784 4888 2841 4950 in
2872 4887 3228 4950 abscondito
3249 4885 3487 4949 Judaaus
3517 4892 3630 4956 est,
3662 4892 3719 4942 et

336 4975 548 5056 καρδίας
593 4977 646 5033 ἐν
703 4975 988 5050 πνεύματι,
1050 4973 1146 5029 οὒκ
1203 4973 1570 5053 ἐνγράμματι,
1632 4973 1801 5037 οἶτως
1861 4974 1975 5032 οὒδὲ

335 5067 536 5134 τέλειος
564 5068 697 5146 ἀνὴρ
749 5065 801 5122 ἐν
856 5068 1047 5143 γνώσει
1089 5066 1176 5120 καὶ
1226 5064 1401 5144 σοφίᾳ,
1477 5066 1506 5121 6
1563 5064 1615 5121 ἐν
1653 5071 1729 5139 τῷ
1772 5073 1978 5145 φανερῷ

337 5158 485 5235 μόνῳ
513 5158 599 5213 καὶ
659 5153 1163 5233 κατεγλωττισμένῳ
1217 5151 1363 5230 λόγῳ
1433 5152 1620 5227 πολὺς,
1654 5152 1769 5211 οωέ
1812 5175 1979 5214 σπου-

335 5244 485 5311 δαῖος
516 5242 710 5325 ἄκρως,
743 5248 771 5301 6
814 5244 864 5300 ἐν
906 5250 975 5320 τῇ
1031 5247 1311 5318 σωματικῇ
1379 5242 1464 5297 καὶ
1494 5249 1689 5323 φανερᾷ
1718 5245 1979 5321 γυμναή,

335 5343 441 5402 τῶν
475 5336 672 5411 πόνων,
720 5332 838 5391 ἀλλ’
887 5335 916 5390 6
971 5331 1024 5388 ἐν
1080 5337 1148 5409 τῇ
1200 5335 1403 5410 κρυπτῇ
1455 5332 1543 5387 καὶ
1571 5338 1721 5411 νοερᾷ
1764 5331 1981 5412 ἐργασίᾳ

417 5528 474 5574 οε
497 5483 670 5596 non.
700 5548 765 5607 ιι,
799 5528 982 5596 6-16.
1064 5525 1120 5571 αθ
1151 5525 1298 5590 ibid.
1331 5526 1431 5604 es,
1462 5527 1566 5592 29.

2072 4976 2450 5039 circumcisio
2486 4979 2684 5040 cordis
2713 4979 2772 5039 in
2832 4978 3065 5059 spiritu,
3127 4994 3242 5036 non
3303 4974 3532 5034 littera:
3570 4992 3597 5031 ι
3638 4971 3717 5031 ita

2066 5083 2176 5128 nec
2210 5068 2505 5145 perfectus
2535 5067 2623 5128 vir
2673 5068 2732 5128 in
2788 5067 3037 5128 scientia
3093 5075 3151 5126 et
3178 5062 3490 5144 sapientia,
3524 5061 3626 5142 qui
3656 5061 3717 5121 in

2065 5157 2379 5218 manifesto
2404 5157 2684 5219 duntaxat
2741 5155 3131 5235 linguosoqie
3191 5169 3473 5214 sermone
3498 5150 3719 5211 multus

2063 5253 2171 5315 cst,
2204 5265 2313 5306 nec
2338 5264 2571 5307 summe
2591 5247 2823 5306 fervens
2847 5264 2945 5325 qui
2968 5242 3028 5305 in
3052 5260 3341 5323 corporeo
3364 5239 3715 5301 manifesto-

2062 5352 2178 5414 que
2207 5333 2495 5397 laborum
2528 5332 2832 5409 exercitio,
2863 5332 2969 5395 sed
3021 5331 3124 5413 qui
3164 5334 3226 5393 in
3281 5328 3632 5392 abscondita
3659 5334 3720 5389 et
