4052 6134
333 222 454 288 993

1255 217 1800 287 GNOSTIGO’RUM
1844 213 2186 282 CAPIT‘UM
2235 219 2628 282 CENTURIA
2673 220 2759 280 III

3578 230 3694 296 994

333 359 529 435 νεσθαι,
563 357 738 412 καὶτὸ
779 354 975 432 λέγειν,
1019 355 1107 410 καὶ
1147 354 1209 410 τὸ
1249 366 1393 409 νοεῖν
1419 353 1598 429 ὑγιῶς,
1644 352 1731 409 καὶ
1759 351 1968 407 ἂνυπαι-

2060 349 2376 429 cogitantes
2407 369 2550 412 sane
2598 359 2656 413 et
2705 350 3309 432 irreprehensibiliter
3359 365 3689 428 secundum

333 444 460 508 τίως
500 445 636 502 κατὰ
692 444 820 501 Θεὸν
875 442 1198 514 ἐξετάζηται,
1259 440 1386 520 ὅπερ
1442 440 1580 497 ἐστὶν
1615 438 1860 508 ἀληθινὸν
1901 446 1968 514 τῷ

2060 441 2245 501 Deum
2287 439 2682 505 inveniamur.
2736 441 2890 520 quod
2943 456 3034 503 est
3074 445 3378 510 verissima
3406 459 3464 512 et
3493 453 3696 518 divina

333 533 465 597 ὄντι,
497 536 584 592 καὶ
606 537 749 591 θεῖον
779 532 990 612 μέτρον,
1022 534 1109 588 καὶ
1136 531 1246 610 ἱερᾶ
1273 537 1350 606 τῷ
1371 537 1486 605 Θεῷ
1513 529 1801 610 προσφορά.

410 613 518 701 τογ’.
561 623 768 690 Δεκάτη
824 622 1013 701 κυρίως
1093 620 1201 678 ἐστὶ
1227 621 1355 698 πρὸς
1414 621 1566 690 Θεὸν,
1624 621 1685 675 τὸ
1746 619 1975 697 ψυχικὸν

330 713 551 792 Πάσχα,
603 712 765 790 ἤγουν
818 713 854 779 ἡ
910 708 1144 774 διάϐασις
1226 710 1403 776 πάσης
1475 707 1735 783 ἐμπαθοῠς
1791 705 1968 780 ἕξεως,

327 802 417 859 καὶ
445 802 622 869 πάσης
650 799 847 878 ἀλόγου
902 800 1190 868 αἰσθήσεως
1226 817 1241 833 ο
1287 796 1341 853 ἐν
1393 799 1430 863 ἦ
1486 797 1657 852 θύεται
1689 796 1784 870 μὲν
1814 797 1842 851 6
1873 794 1971 851 λό-

328 912 447 969 γος,
477 897 544 966 τῇ
609 889 796 967 θεωρίᾳ
837 893 942 944 τῶν
994 888 1180 959 ὄντων,
1234 886 1490 964 τρώγεται
1520 883 1574 940 δὲ
1633 887 1661 941 6
1709 885 1864 946 αὒτὸς
1920 883 1971 939 ἐν

327 983 407 1052 τῷ
433 975 574 1057 ἄρτῳ
625 983 724 1045 τῆς
781 977 1052 1055 γνώσεως,
1110 978 1197 1032 καὶ
1242 977 1444 1031 πίνεται
1500 976 1561 1030 τὸ
1618 969 1789 1048 τίμιον
1816 972 1974 1028 αὐτοῦ

328 1070 466 1141 αἷμα
518 1067 571 1122 ἐν
622 1070 699 1142 τῷ
752 1067 972 1144 κρατῆρι
1026 1070 1125 1132 τῆς
1201 1063 1496 1142 ἀποῤῥήτου
1552 1063 1757 1140 σοφίας,
1811 1070 1974 1119 Τοῦτο

326 1163 448 1234 γοῦν
493 1158 520 1214 6
562 1157 743 1234 φαγὼν
808 1157 896 1211 καὶ
950 1153 1225 1232 πασχέσας
1250 1155 1310 1208 τὸ
1357 1153 1571 1231 Πάσχα,
1603 1149 1776 1206 ἔθυσεν
1807 1150 1974 1223 ἐαυτῷ

323 1246 414 1302 τὸν
485 1242 681 1320 Ἀμνδν
737 1245 829 1300 τὸν
874 1243 1102 1320 αἶ’ροητα
1141 1244 1239 1310 τὴν
1295 1241 1550 1319 ἁμαρτίαν
1606 1249 1699 1297 τοῦ
1744 1239 1968 1318 κόσμου,

323 1335 411 1400 καὶ
437 1332 532 1390 οὒκ
573 1331 649 1390 ἔτι
680 1332 739 1390 οὗ
795 1332 872 1406 μὴ
929 1331 1188 1410 ἀποθάνῃ,
1256 1327 1393 1385 ἀλλὰ
1447 1329 1582 1385 κατὰ
1609 1329 1706 1395 τὴν
1736 1327 1827 1383 τοῦ
1860 1335 1969 1384 Κυ-

322 1423 434 1502 ρίου
465 1422 665 1501 φωνὴν,
696 1423 910 1492 ζήσεται
943 1421 1015 1484 εἷς
1042 1421 1134 1475 τὸν
1166 1421 1348 1477 αἰῶνα.

401 1502 501 1570 οδ’.
567 1501 624 1568 Ὀ
685 1510 745 1566 ἐκ
798 1515 992 1587 νεκρῶν
1065 1508 1230 1588 ’ἐργων
1286 1508 1537 1586 ἐγερθεὶς,
1607 1511 1816 1585 Χριστῷ
1846 1528 1969 1562 συν-

2061 547 2334 590 mensurn
2369 538 2428 590 et
2455 547 2625 590 sacra
2654 527 2776 589 Deo
2806 529 3049 592 oblatio.

2137 614 2236 679 73.
2274 619 2514 706 Decima
2549 619 2668 678 Deo
2717 617 2912 706 oblata
2963 623 3200 700 proprie
3250 633 3338 684 est
3383 627 3694 706 spirituale

2059 707 2293 784 pascha,
2321 705 2378 765 id
2410 717 2520 779 est,
2556 705 2839 767 transitus
2878 708 3073 770 omnis
3123 711 3358 774 habitus
3407 705 3600 779 vitiosi
3633 729 3694 782 et

2056 794 2250 854 omnis
2279 812 2489 855 sensus
2517 794 2900 868 irrationalis,
2937 797 2995 857 in
3029 817 3144 879 quo
3175 800 3512 866 immolatur
3539 805 3689 869 Ver-

2056 881 2194 942 bum
2218 883 2718 962 contemplatione
2749 902 2970 947 rerum.
3024 889 3359 950 comeditur
3405 905 3599 956 autem
3633 905 3693 958 et

2057 971 2246 1061 ipsum
2279 972 2336 1061 in
2367 990 2516 1061 pane
2552 971 2836 1061 scientiae,
2865 981 2923 1061 et
2955 973 3180 1037 bibitur
3210 978 3337 1057 ejus
3363 985 3604 1061 sanguis
3633 985 3695 1045 in

2057 1058 2245 1148 calice
2271 1059 2484 1148 abditae
2515 1059 2844 1134 sapientiae.
2886 1060 3086 1142 Itaque
3116 1067 3456 1148 quicunque
3483 1058 3692 1134 come-

2056 1146 2429 1240 di_t_celebrat
2461 1148 2602 1207 illud
2642 1149 2881 1240 pascha,
2904 1151 3019 1212 sibi
3048 1151 3314 1215 immolat
3344 1146 3558 1235 agnum
3591 1161 3695 1240 qui

2056 1234 2205 1325 tollit
2236 1244 2536 1313 peccatum
2571 1237 2798 1308 mundi,
2835 1245 2892 1298 et
2915 1241 3035 1315 jam
3072 1259 3186 1302 non
3216 1234 3525 1321 morietur,
3557 1234 3691 1325 sed,

2045 1323 2213 1401 juxta
2241 1343 2442 1386 vocem
2476 1326 2713 1388 Domini
2742 1325 2822 1402 27,
2860 1330 3010 1388 vivet
3030 1329 3089 1389 in
3115 1341 3426 1396 aeternum.

2133 1501 2230 1562 74.
2264 1499 2376 1572 Qui
2417 1520 2485 1561 ex
2525 1502 2804 1580 operibus
2849 1505 3096 1566 mortuis
3145 1511 3490 1584 resurrexit,
3551 1530 3689 1574 sur-

322 1601 548 1667 ανάστη.
607 1601 666 1655 Εἰ
714 1597 770 1654 δὲ
835 1604 1044 1672 Χριστῷ
1097 1596 1384 1663 συδανὲστη
1442 1595 1525 1651 διὰ
1567 1600 1664 1662 τῆς
1695 1595 1964 1673 γνώσεως,

2060 1589 2201 1681 rexit
2231 1609 2362 1651 cum
2397 1588 2650 1652 Christo.
2686 1590 2848 1663 Quod
2883 1595 2930 1652 si
2967 1613 3100 1654 cum
3131 1596 3365 1658 Christo
3411 1602 3686 1681 surrexit,

322 1690 548 1768 Χριστὸς
577 1685 630 1742 δὲ
687 1689 780 1743 οὒκ
838 1685 913 1741 ἔτι
954 1686 1310 1768 ριποθνήσκει,
1367 1682 1479 1740 οὒδὲ
1537 1683 1693 1739 αὒτοῦ
1747 1684 1966 1745 θάνατος

2060 1680 2323 1768 [ξὴτίειυε
2353 1688 2547 1740 autem
2575 1683 2696 1758 jam
2753 1701 2870 1742 non
2907 1685 3161 1745 moritur
3181 1685 3264 1758 28,
3297 1688 3548 1766 proinde
3583 1678 3692 1754 nec

319 1758 582 1855 ἀγνωσίας
626 1775 902 1854 κυριεύσει,
954 1758 1009 1830 ”Ο
1064 1775 1164 1852 γὰρ
1205 1771 1430 1829 ἀπέθανε
1482 1769 1646 1828 πάλαι
1689 1777 1756 1847 τῇ
1800 1773 1968 1849 ἀμαρ-

2060 1767 2137 1828 illi
2171 1786 2326 1828 mors
2357 1769 2703 1846 ignorantiae
2727 1771 2875 1830 ultra
2895 1758 3316 1836 dominabitur:
3337 1775 3503 1846 Quod
3531 1779 3688 1839 enim

319 1866 425 1938 τίᾳ,
485 1866 858 1944 παρακινηθεὶς
929 1868 1026 1930 τῆς
1111 1863 1245 1918 κατὰ
1302 1863 1448 1941 φύσιν
1518 1862 1796 1930 κινήσεως,
1861 1861 1968 1916 ἀπ-

2060 1867 2317 1918 mortuus
2367 1867 2456 1919 est
2514 1858 2653 1919 olim
2713 1870 2973 1939 peccato.
3035 1865 3363 1926 secundum
3418 1878 3685 1930 naturam

318 1953 494 2011 έθανεν
538 1951 739 2034 ἐφάπαξ
788 1973 800 1985 ⁸
836 1954 864 2009 ὃ
918 1950 972 2008 δὲ
1029 1959 1115 2008 νῦν
1334 1955 1400 2020 ζῆ
1467 1956 1542 2024 τῷ
1593 1956 1708 2023 Θεῷ
1759 1947 1843 2006 διὰ
1870 1950 1968 2014 τῆς

317 2040 605 2120 ἐλευθερίας
636 2047 728 2097 τοῦ
787 2041 934 2118 ἁγίου
998 2040 1323 2114 Πνεύματος,
1370 2048 1460 2096 τοῦ
1529 2037 1823 2115 ἐγείραντος
1867 2041 1968 2096 αὒ-

314 2131 405 2188 τὸν
449 2130 509 2186 ἐκ
558 2136 664 2186 τῶν
709 2136 903 2208 νεκρῶν
961 2127 1127 2208 ἔργων
1181 2128 1276 2195 τῆς
1334 2127 1590 2205 ἁμαρτίας
1623 2143 1636 2155 '
1700 2126 1836 2182 ὥστε
1871 2130 1964 2184 οὒκ

315 2218 393 2276 ἔτι
444 2226 508 2296 ζῇ
565 2221 715 2284 αὐτὸς
781 2225 850 2294 τῇ
907 2219 1058 2296 σαρκὶ
1125 2219 1213 2273 καὶ
1279 2223 1356 2290 τῷ
1427 2216 1634 2294 κόσμῳ,
1695 2216 1962 2288 νεκρωθεὶς

314 2322 434 2372 τοῖς
490 2307 672 2383 μέλεσι
741 2306 834 2363 τοῦ
901 2307 1151 2380 σώματος
1193 2309 1370 2378 αὒτοῦ,
1433 2305 1661 2367 καὶτοῖς
1691 2304 1962 2382 πράγμασι

315 2403 410 2454 τοῦ
457 2397 591 2473 βίου,
639 2395 775 2452 ἀλλὰ
831 2401 896 2471 ζῇ
923 2395 976 2450 ἐν
1020 2398 1159 2468 αὐτῷ
1215 2396 1242 2450 6
1287 2394 1528 2471 Χριστὸς,
1573 2395 1646 2456 ὡς
1675 2393 1774 2447 ὑπὸ
1804 2392 1962 2470 χάριν

315 2505 559 2564 γεγονοτι
619 2485 920 2560 Πνεύματος
963 2483 1133 2560 ἁγίου,
1195 2484 1282 2538 καὶ
1351 2481 1445 2537 οὒκ
1496 2480 1605 2536 ὄντι
1646 2480 1747 2535 ὑπὸ
1804 2481 1961 2553 νόμον

318 2575 535 2653 σαρκὸς,
606 2571 744 2629 ὅπλα
811 2570 1142 2638 δικαιοσύνης
1180 2572 1246 2627 τὰ
1288 2568 1426 2646 μέλη
1509 2569 1667 2628 αὒτοῦ
1721 2566 1962 2635 δηλονότι

315 2664 706 2743 προσαγαγόντι
739 2668 814 2736 τῷ
845 2668 961 2736 Θεῷ
987 2663 1075 2718 καὶ
1109 2662 1292 2739 Πατρί.

401 2738 594 2810 oet-‘0
651 2753 749 2816 τῆς
818 2747 1049 2812 δουλείας
1105 2738 1233 2804 τῶν
1265 2749 1442 2805 παθῶν
1511 2745 1858 2824 ἐλευθερώσας
1900 2745 1966 2800 τὰ

316 2836 457 2913 μέλη
501 2837 679 2910 αὐτοῦ,
748 2836 836 2893 καὶ
877 2843 945 2912 τῇ
1015 2835 1218 2909 δουλείᾳ
1271 2858 1370 2902 της
1426 2835 1758 2900 δικαιοσύνης
1789 2855 1965 2911 παρα-

319 2927 519 2994 στήσας
550 2926 704 3004 αὒτὰ,
763 2926 836 2988 εἷς
872 2926 1134 3003 ἁγιασμὸν
1181 2925 1478 3000 Πνεύματος
1538 2924 1686 3000 ἁγῖου
1728 2922 1968 3000 προσήγ-

2052 1956 2263 2018 motus,
2301 1957 2564 2007 mortuus
2593 1957 2684 2009 est
2702 1950 2928 2025 semel;
2965 1953 3122 2031 quod
3162 1963 3356 2014 autem
3389 1975 3503 2017 nuc
3551 1958 3690 2020 vivit

2051 2034 2188 2094 vivit
2219 2035 2338 2096 Deo
2373 2054 2477 2116 per
2507 2036 2836 2120 libertatem
2862 2037 3114 2118 Spiritus
3131 2046 3338 2122 sancti,
3369 2045 3469 2124 qui
3494 2047 3689 2108 susci—

2054 2124 2188 2184 tavit
2230 2125 2396 2185 illum
2437 2143 2506 2186 ex
2554 2128 2803 2188 mortuis
2849 2130 3130 2207 operibus
3189 2136 3438 2209 peccati,
3501 2134 3582 2196 ita
3627 2143 3692 2195 ut

2046 2212 2338 2291 vivatjain
2370 2233 2483 2273 nou
2533 2213 2662 2290 ipse
2693 2215 2856 2275 carui
2909 2225 2968 2276 et
3017 2220 3258 2299 mundo,
3293 2228 3496 2299 utpote
3530 2242 3690 2285 mor-

2049 2311 2182 2361 tuus
2208 2300 2366 2361 curis
2395 2301 2486 2362 sui
2514 2303 2779 2382 corporis
2823 2315 2881 2366 et
2929 2305 3107 2366 rebus
3153 2309 3304 2378 vitae,
3346 2310 3502 2370 vivat-
3545 2330 3688 2374 vero

2047 2389 2315 2478 Christus
2360 2390 2419 2450 in
2475 2409 2566 2462 eo,
2624 2392 2844 2471 quippe
2893 2393 2993 2472 qui
3044 2395 3151 2456 sub
3197 2397 3382 2473 gratia
3438 2399 3691 2478 Spiritus

2047 2477 2254 2546 sancti,
2318 2496 2433 2539 non
2486 2497 2624 2540 vero
2681 2482 2804 2541 sola
2858 2481 2989 2561 lege
3044 2486 3239 2546 carnis
3293 2477 3687 2564 sonstituitur,

2047 2583 2152 2627 sua
2199 2565 2475 2628 videlicet
2521 2570 2790 2630 membra
2845 2587 3011 2632 arma
3061 2573 3306 2650 justitiaa
3354 2574 3475 2637 Deo
3533 2575 3692 2638 Patri

2047 2653 2324 2717 exhibet.

2129 2743 2224 2804 75.
2261 2742 2372 2815 Qui
2417 2761 2451 2803 a
2495 2743 2884 2823 cupiditatum
2931 2748 3216 2810 servitute
3261 2769 3369 2812 sua
3424 2753 3692 2815 membra

2049 2833 2266 2895 exemit
2293 2851 2479 2912 eaque
2503 2833 2768 2896 servituti
2790 2835 3036 2914 justitim
3081 2838 3360 2918 subjecit,
3409 2841 3480 2902 ad
3513 2858 3690 2905 sanc-

2048 2921 2298 2982 tuarium
2351 2920 2603 3002 Spiritus
2650 2924 2839 2983 sancti
2890 2925 3166 3005 accessit,
3201 2928 3330 3006 lege
3361 2929 3555 2990 carnis
3583 2949 3690 2992 su-

318 3035 492 3093 γισεν,
533 3014 664 3090 ὑπὲρ
692 3015 784 3070 τὸν
821 3013 982 3086 νόμον
1051 3015 1150 3078 τῆς
1209 3015 1400 3092 σαρκὸς
1455 3012 1712 3089 γεγονώς.
1750 3011 1847 3068 Καὶ
1875 3013 1965 3068 οὐκ

2060 3010 2245 3089 perior
2275 3009 2483 3071 factus.
2522 3009 2588 3070 Et
2613 3019 2918 3089 peccatum
2949 3013 3036 3075 illi
3067 3015 3222 3076 ultra
3267 3035 3385 3078 non
3417 3017 3694 3081 domina-

317 3102 396 3158 ἔτι
456 3102 684 3182 ἁμαρτία
749 3101 1004 3180 κυριεύσει
1053 3101 1233 3181 αὐτοῦ,
1304 3107 1372 3177 τῇ
1425 3100 1683 3177 ἐλευθερίᾳ
1751 3100 1836 3154 καὶ
1891 3105 1967 3172 τῷ

313 3192 465 3266 νόμῳ
517 3188 876 3270 σχολάζοντος
925 3198 1017 3247 τοῦ
1075 3192 1374 3266 Πνεύματος
1407 3206 1420 3219 ·
1457 3192 1514 3247 οὒ
1567 3190 1666 3268 γὰρ
1695 3188 1873 3267 ὥσπερ
1900 3190 1967 3244 τὰ

310 3278 444 3346 τέλη
475 3284 571 3346 τῆς
602 3277 833 3343 δουλείας
887 3285 990 3335 τῶν
1035 3282 1240 3358 παθῶν,
1286 3277 1422 3336 οὕτω
1477 3279 1564 3334 καὶ
1605 3278 1670 3333 τὰ
1712 3275 1840 3343 τέλη
1871 3275 1966 3343 τῆς

314 3366 548 3431 δουλείας
577 3372 676 3436 τῆς
723 3366 1055 3434 δικαιοσύνης
1090 3387 1103 3401 ο
1163 3367 1344 3424 ἐκεῖνα
1374 3367 1472 3442 μὲν
1526 3366 1625 3445 γὰρ
1670 3368 1743 3428 εἰς
1773 3366 1965 3432 νοητὸν

315 3455 526 3535 ὄλεθρον
599 3456 795 3537 πέφυκε
849 3455 1034 3533 λήγειν
1092 3461 1298 3535 ψυχῆς,
1344 3462 1508 3512 ταυτα
1577 3453 1652 3533 δὲ,
1713 3455 1785 3518 εἷς
1824 3454 1965 3524 ζωὴν

316 3545 525 3602 αἰώνιον
581 3544 797 3616 τελευτᾷ
850 3546 950 3612 τὴν
1004 3545 1372 3624 κεκρυμμένην
1428 3545 1482 3600 ἐν
1540 3547 1749 3623 Χριστῷ
1794 3543 1968 3609 Ἰησοῦ

318 3639 396 3708 τῷ
425 3633 597 3709 Κυρίῳ
623 3635 800 3708 ἡμῶν.

395 3711 528 3796 ος’.
568 3713 625 3779 εΟ
669 3723 828 3798 νόμος
856 3727 954 3788 τῆς
977 3723 1168 3801 σαρκὸς
1198 3721 1279 3801 ἐφ’
1325 3720 1448 3778 ὅσον
1479 3723 1671 3802 χρόνον
1702 3727 1767 3796 ζῇ
1809 3724 1837 3777 6
1867 3721 1965 3777 ἄν·

313 3814 522 3890 θρωπος
592 3810 879 3888 σαρκικῶς,
940 3811 1159 3883 κυριεύει
1236 3813 1413 3890 αὐτοῦ,
1474 3809 1561 3865 ἐὰν
1619 3807 1673 3865 δὲ
1729 3809 1967 3884 ἀποθάνῃ

314 3901 403 3958 καὶ
462 3902 695 3976 νεκρωθῇ
744 3899 820 3973 τῷ
873 3899 1083 3978 κόσμῳ,
1140 3911 1486 3977 καταργεῖται
1543 3897 1648 3954 ἀπὸ
1677 3904 1768 3953 τοῦ
1794 3898 1970 3972 μόμου

315 3992 478 4056 αὐτῆς
540 4005 555 4018 ·
616 3987 790 4050 ἄλλως
847 3985 900 4042 δὲ
957 3991 1278 4067 νεκρωθῆναι
1335 3993 1410 4061 τῷ
1452 3987 1638 4061 κόσμῳ
1678 3987 1772 4044 οὒκ
1802 3985 1969 4068 ἔστιν,

2050 3096 2231 3171 bitur,
2264 3106 2467 3176 utpote
2495 3097 2556 3158 in
2581 3097 2853 3163 libertate
2877 3108 2935 3161 et
2963 3101 3072 3162 sub
3105 3103 3233 3181 lege
3263 3105 3450 3165 sancti
3497 3104 3692 3185 Spiri-

2051 3193 2142 3246 tus
2171 3185 2593 3266 requiescenti.
2638 3187 2762 3248 Nec
2787 3187 2945 3248 enim
2981 3189 3177 3268 qualia
3202 3191 3505 3254 servitutis
3529 3193 3694 3273 cupi-

2048 3274 2292 3335 ditatum
2323 3274 2658 3348 novissima,
2697 3276 2834 3337 talia
2862 3286 3002 3339 sunt
3035 3279 3354 3342 novissima
3395 3283 3694 3344 servitutis

2044 3362 2327 3440 justitiae;
2387 3363 2680 3442 siquidem
2758 3365 2858 3424 illa
2925 3365 2986 3426 in
3056 3367 3424 3446 spiritualem
3481 3372 3694 3431 animas

2041 3451 2334 3530 jacturam
2374 3451 2676 3526 desinunt,
2735 3453 2861 3514 haec
2908 3473 3050 3515 vero
3098 3455 3378 3518 desinunt
3423 3457 3483 3517 in
3515 3458 3691 3519 vitam

2050 3548 2329 3601 aeternam
2345 3559 2481 3618 quae
2499 3540 2847 3602 abscondita
2860 3551 2948 3602 est
2977 3543 3037 3602 in
3070 3543 3304 3605 Christo
3323 3544 3354 3605 J
3361 3563 3464 3606 esu
3483 3544 3690 3606 Domi-

2052 3647 2128 3688 no
2162 3637 2390 3689 I'IUSU'O.

2129 3719 2230 3777 '76.
2278 3717 2392 3778 Lex
2449 3717 2668 3791 carnis,
2720 3724 2935 3798 quanto
2993 3727 3259 3798 tempore
3309 3720 3453 3782 vivit
3509 3723 3688 3784 homo

2054 3805 2391 3884 carnaliter,
2423 3805 2762 3867 dominatur
2791 3807 2919 3880 illi;
2950 3806 3003 3868 si
3031 3819 3234 3869 autem
3284 3819 3476 3872 morte
3525 3829 3691 3872 mor-

2053 3903 2188 3956 tuus
2237 3894 2413 3954 fuerit
2459 3894 2703 3969 mundo,
2759 3895 2951 3974 legem
2999 3897 3196 3958 carnis
3241 3907 3505 3979 evacuat,
3541 3900 3693 3961 mori

2054 3992 2248 4044 autem
2280 3982 2501 4043 mundo
2547 4002 2661 4043 non
2705 4001 3041 4062 possumus,
3084 3987 3224 4064 quin
3258 3987 3477 4047 mortui
3507 3988 3695 4050 simus

316 4078 360 4134 ei
406 4078 482 4152 μὴ
536 4089 653 4140 τοῖς
712 4075 895 4151 μέλεσι
954 4077 1297 4156 νεκρωθῶμεν
1367 4083 1459 4133 τοῦ
1526 4075 1800 4150 σώματος.
1866 4085 1968 4133 Νε-

2060 4071 2214 4134 curis
2235 4071 2522 4150 corporis;
2557 4071 2649 4131 his
2677 4079 2873 4132 autem
2904 4073 3215 4149 morimur,
3249 4094 3382 4135 cum
3433 4077 3694 4156 Spiritus

315 4166 574 4246 κρούμέθα
620 4164 674 4220 δὲ
742 4168 966 4238 τούτοις,
1027 4164 1151 4222 ὅταν
1207 4165 1429 4244 μέτοχοι
1497 4170 1591 4221 τοῦ
1623 4165 1770 4242 ἁγίου
1815 4163 1968 4220 Πνεύ.

2060 4158 2245 4221 sancti
2276 4160 2449 4219 timus
2499 4159 2854 4238 participes;
2889 4169 2945 4220 et
2975 4162 3234 4240 Spiritus
3283 4165 3472 4224 sancti
3501 4165 3690 4246 parti-

318 4277 482 4332 ματος
512 4253 954 4333 χρηματίσωμεν,
1031 4255 1334 4329 Πνεύματος
1390 4251 1445 4309 δὲ
1500 4253 1648 4330 ἁγίου
1678 4252 1796 4309 τότε
1829 4251 1950 4308 εἶνα

2060 4249 2221 4329 cipes
2265 4266 2396 4309 esse
2431 4249 2797 4328 agnocimur,
2846 4268 2977 4310 cum
3034 4251 3263 4312 fructus
3294 4252 3505 4332 dignos
3553 4255 3689 4334 Spi-

319 4343 676 4422 γνωρίζόμεθα
726 4341 972 4422 μέτοχοι,
1020 4342 1145 4398 ὅταν
1177 4344 1408 4420 καρποὺς
1438 4339 1607 4406 ἀξίους
1655 4341 1746 4398 τοῦ
1801 4340 1968 4396 Πνεύ-

2060 4338 2204 4399 ritus
2265 4337 2451 4398 sancti
2504 4337 2897 4418 proferimus,
2948 4357 3168 4420 nempe
3226 4342 3573 4405 charitatem
3633 4344 3695 4406 in

319 4453 486 4508 ματος
537 4430 916 4510 προσφερώμεν
981 4439 1059 4506 τῷ
1116 4437 1254 4505 Θεῷ,
1327 4430 1541 4507 ἀγάπην
1599 4430 1670 4494 εἷς
1724 4429 1852 4485 Θεὸν
1921 4425 1972 4492 ἐξ

319 4520 450 4587 ὃλης
483 4520 666 4598 ψυχῆς
696 4520 785 4574 καὶ
827 4520 899 4582 εἷς
928 4521 1020 4577 τὸν
1070 4518 1297 4586 πλησίον
1353 4519 1413 4576 ἐκ
1467 4516 1768 4592 διαθέσεως,
1803 4518 1973 4597 χαρὰν

319 4607 528 4689 καρδίας
555 4669 578 4686 _
607 4607 667 4664 ἐκ
732 4611 962 4687 καθαρᾶς
1016 4607 1362 4679 συνειδήσεως
1415 4609 1625 4686 εἰρήνην
1682 4611 1868 4686 ψυχῆς
1922 4606 1974 4682 ἐξ

322 4698 593 4770 ἀπαθείας,
667 4698 754 4752 καὶ
807 4698 1199 4769 ταπεινώσεως,
1288 4697 1631 4776 ἆγαθωσύνην
1708 4702 1814 4752 τῶν
1885 4707 1979 4757 τοῦ

321 4788 440 4848 νοὸς
472 4784 766 4865 λογισμῶν,
794 4787 1152 4866 μακροθυμίαν
1181 4785 1236 4841 ἐν
1280 4799 1404 4850 ταῖς
1458 4784 1662 4860 θλίψεσι
1731 4786 1819 4840 καὶ
1861 4797 1979 4844 τοῖς

320 4888 632 4953 πειραμοῒς,
692 4874 1040 4954 χρηστότητα
1108 4875 1163 4931 ἐν
1215 4881 1286 4952 τῇ
1340 4873 1643 4951 καταστολῇ
1672 4874 1778 4930 τῶν
1805 4874 1974 4950 ἠθῶν,

322 4965 492 5021 πίστιν
551 4961 839 5020 ἐνδιάθετον
897 4965 968 5028 είς
1028 4966 1158 5021 Θεὸν
1230 4965 1317 5022 καὶ
1377 4964 1455 5038 μὴ
1508 4961 1847 5033 διστάζουσαν
1917 4961 1971 5018 ἔν

323 5074 448 5128 τινι,
479 5051 753 5131 πραότητα
804 5049 864 5108 ἐκ
944 5053 1422 5132 ταπεινοφροσύνης
1480 5054 1568 5108 καὶ
1622 5049 1968 5125 κατανῦξεως,

323 5142 411 5197 καὶ
467 5139 802 5218 περιεκτικὴν
859 5139 1166 5218 ἐγκράτειαν
1267 5144 1372 5197 τῶν
1454 5142 1767 5208 αίσθὴσεων.
1823 5133 1970 5198 ’ὺταν

327 5226 463 5288 οῧτω
513 5230 1004 5308 καρποφορήσωμεν
1061 5237 1138 5304 τῷ
1188 5237 1325 5305 Θεῷ,
1386 5229 1483 5296 ἔξω
1509 5230 1673 5305 νόμου
1718 5227 1972 5302 τελοῦμεν

325 5319 538 5396 σαρκὸς,
610 5319 698 5374 καὶ
767 5317 861 5374 οὒκ
904 5316 1012 5375 ’ἐστι
1082 5319 1199 5376 καθ’
1288 5321 1442 5395 ἡμῶν
1514 5320 1675 5394 νόμος
1733 5316 1971 5389 κολάζων

325 5407 467 5480 ἡμᾶς
497 5402 582 5460 διὰ
635 5407 756 5470 τοὺς
815 5408 1070 5485 καρποὺς,
1134 5406 1220 5472 οἱὶς
1283 5407 1358 5464 ἔτι
1410 5414 1602 5479 ζῶντες
1796 5409 1968 5484 σαρκὶ,

414 5595 464 5640 ’⁷
494 5597 668 5662 Joan.
701 5615 780 5675 γι,
814 5598 912 5665 52.
998 5597 1052 5648 ³⁸
1081 5603 1253 5667 Rom.
1284 5615 1367 5680 v1,
1405 5602 1466 5666 9.
1501 5663 1514 5674 ,

2059 4429 2246 4490 Deum
2278 4445 2347 4488 ex
2378 4434 2497 4488 tota
2516 4426 2712 4486 anima
2735 4434 2792 4486 et
2823 4425 2881 4486 in
2903 4428 3236 4507 proximum
3263 4448 3330 4491 ex
3353 4431 3697 4496 sinceritate

2058 4514 2275 4595 cordis,
2305 4514 2580 4590 gaudium
2606 4514 2801 4576 cordis
2823 4533 2892 4575 ex
2913 4534 3058 4595 pura
3078 4518 3460 4595 conscientia,
3489 4539 3694 4599 pacem

2057 4605 2270 4666 anima;
2296 4623 2367 4666 ex
2398 4602 2872 4685 impassibilitate
2903 4617 2964 4668 e'.
2986 4606 3338 4682 humilitate,
3371 4609 3694 4670 bonitatem

2061 4693 2478 4772 cogitationum
2533 4692 2768 4763 mentis,
2818 4693 3161 4773 patientiam
3199 4696 3258 4756 in
3294 4696 3694 4759 tribulationi-

2061 4781 2170 4844 bus
2199 4801 2267 4844 ac
2303 4781 2745 4861 tentationibus,
2778 4781 3201 4863 benignitatem
3232 4785 3293 4845 in
3327 4785 3694 4847 moderatio-

2059 4888 2134 4932 ne
2167 4889 2420 4944 morum,
2449 4870 2624 4932 tidem
2655 4870 2716 4930 in
2743 4873 2933 4934 Deum
2959 4872 3251 4934 sinceram
3276 4880 3334 4934 et
3358 4874 3697 4935 nullatenus

2057 4960 2470 5034 haesitantem,
2533 4961 3050 5024 mansuetudinem
3125 4981 3196 5024 ex
3253 4963 3583 5026 humilitate
3639 4971 3699 5026 et

2057 5050 2537 5131 compunctione,
2572 5058 2632 5110 et
2660 5050 2926 5110 omnium
2956 5068 3195 5112 sensum
3245 5053 3692 5114 continentiam.

2054 5139 2202 5200 Cum
2236 5139 2380 5200 tales
2409 5140 2531 5201 Deo
2551 5136 2772 5198 fructus
2803 5137 3128 5214 offerimus,
3155 5139 3449 5201 efﬁcimur
3464 5141 3646 5202 alieni
3665 5159 3700 5202 a

2055 5227 2184 5305 lege
2212 5227 2428 5300 carnis,
2491 5244 2601 5287 nec
2653 5234 2742 5286 est
2789 5226 3068 5288 adversus
3108 5245 3216 5288 nos
3258 5227 3351 5289 lex
3408 5229 3700 5307 castigans

2055 5324 2297 5396 propter
2321 5316 2544 5378 fructus
2573 5333 2721 5396 quos
2750 5315 2944 5376 adhuc
2965 5315 3226 5378 viventes
3263 5317 3323 5378 in
3355 5337 3535 5380 carne
3561 5337 3698 5399 pro-

2057 5406 2304 5468 tulimus
2340 5405 2548 5466 mortis
2576 5403 2868 5479 articulo;
2905 5405 3171 5467 evacuati
3219 5407 3380 5468 enim
3432 5425 3636 5469 sumus
3665 5425 3700 5470 a
