4052 6134
403 224 522 290 895

406 449 668 512 reximus
741 451 973 514 Christo
1030 464 1137 527 per
1189 444 1523 506 libertatem
1595 441 1850 524 Spiritus
1905 461 2047 504 san-

407 538 484 599 sti
514 537 598 601 29.

488 628 582 691 77.
616 625 729 699 Qui
759 624 1048 705 primitias
1070 622 1325 703 Spiritus
1351 640 1456 702 per
1477 621 1771 683 lavacrum
1803 640 2048 700 regene-

402 717 648 779 rationis
692 717 1049 794 habuerunt,
1102 731 1322 793 easque
1363 719 1755 772 servaverunt
1787 712 2045 790 intt-gras

402 805 514 885 illi,
547 805 702 866 mole
728 804 999 877 corporis
1031 802 1218 883 pressi
1270 801 1425 861 intra
1484 818 1550 861 se
1578 809 1824 878 gemunt
1852 804 2042 880 artop—

403 892 624 954 tionem
679 892 937 953 filiorum
990 908 1099 971 per
1148 888 1576 968 plenitudinem
1618 887 1898 948 Paracleti
1932 906 2043 949 ex-

404 991 764 1061 spectantes,
796 981 936 1041 dum
969 997 1139 1040 suum
1171 995 1388 1055 corpus
1418 994 1451 1036 a
1480 976 1764 1037 servitute
1793 995 2042 1055 corrup-

1712 221 2015 287 NICETE
2055 218 2487 286 PEC'I‘ORATI

405 358 537 439 lege
591 361 809 430 carnis.
868 360 970 441 qui
1020 377 1091 419 ex
1149 354 1400 417 mortuis
1450 352 1734 435 cperibus
1789 372 2044 416 consur-

2131 353 2634 435 ῖκαόποιρορήσαμεν
2701 366 2779 433 τῷ
2859 360 3067 435 θανάτῳ
3125 379 3141 395 ⁸

3675 226 3790 291 896

3199 364 3620 441 κατηργήθημεν
3691 363 3787 439 γὰρ

2130 442 2267 498 ἀποῦ
2297 451 2389 500 τοῦ
2433 446 2596 520 νόμου
2653 449 2812 519 αὐτῆς
2866 446 2942 511 ὤς
2998 448 3059 505 ἐκ
3100 456 3297 529 νεκρῶν
3353 448 3506 529 ἔργον
3557 471 3787 507 συναναο

2129 532 2345 616 στάντες
2375 540 2606 608 Χριστῳ,
2653 532 2737 590 διὰ
2766 539 2863 604 τῆς
2895 535 3182 616 ἐλευθερίας
3215 545 3308 595 τοῦ
3340 539 3673 613 Πνεύματος.

2210 610 2310 691 οζ’.
2341 626 2400 679 Οἱ
2432 625 2530 690 τὴν
2560 624 2813 705 ἀπαρχὴν
2855 634 2946 682 τοῦ
3004 610 3303 703 πνεύματος
3348 628 3433 684 διὰ
3459 610 3555 697 τῆς
3585 627 3788 705 παλιγ-

2128 710 2361 785 γενεσίας
2420 722 2511 771 τοῦ
2579 711 2796 792 λουτροῦ
2888 714 3208 796 ἐσχηκότες,
3286 720 3374 773 καὶ
3431 718 3788 796 τετηρηκότες

2127 796 2290 862 αὐτὴν
2349 796 2633 880 ἄσϐεστον,
2707 803 2854 860 αὒτοὶ
2883 810 2958 877 τῷ
3013 805 3159 883 βάρει
3212 811 3310 873 τῆς
3335 808 3527 884 σαρκὸς
3601 805 3789 875 πιεζό·

2126 905 2297 963 μενοι,
2358 885 2412 941 ἐν
2470 889 2681 953 ἑαυτοῖς
2725 891 3050 967 στενάζουσι,
3120 894 3220 960 τὴν
3262 896 3520 951 υἱοθεσίαν
3577 892 3671 949 διὰ
3699 899 3793 960 τῆς

2124 971 2452 1062 πληρώσεως
2496 985 2587 1033 τοῦ
2658 978 3005 1057 Παρακλῆτου
3059 980 3504 1062 ἀπεκδέχόμενοι,
3548 983 3650 1037 ’ἵνα
3695 1004 3789 1048 την

409 1060 587 1131 tionis
614 1072 867 1130 solutum
903 1068 1159 1128 videant.
1218 1066 1467 1145 Adjuvat
1521 1064 1680 1125 enim
1724 1066 2045 1127 naturalem

2133 1060 2494 1140 ἀπολύτρωσιν
2539 1073 2630 1122 τοῦ
2698 1066 2826 1122 ἰδίου
2882 1072 3038 1127 αὐτὸν
3095 1060 3342 1145 σώματος
3387 1060 3626 1137 ἀπὸίτῆς
3669 1067 3787 1126 δου-

411 1177 618 1221 eorum
663 1157 1064 1219 infirmitatem
1115 1154 1394 1234 Spiritus,
1437 1162 1495 1213 et
1544 1155 1800 1233 postulat
1829 1173 1933 1233 pro
1966 1157 2045 1215 eis

2133 1147 2275 1214 λείας
2317 1152 2413 1220 τῆς
2444 1157 2635 1233 φθορᾶς
2680 1153 2833 1211 ἴδωσι
2865 1171 2880 1186 ⁸
2954 1157 3489 1235 συναντιλαμϐάνεται
3530 1161 3638 1238 γὰρ
3667 1160 3792 1221 ταῖς

407 1246 724 1326 gemitibus
782 1247 840 1307 in
892 1243 1387 1307 inenarrabilibus
1414 1243 1498 1320 30,
1535 1247 1673 1323 quia
1723 1246 2045 1305 secundum

2133 1254 2381 1317 φυσικαῖς
2424 1247 2597 1300 αὖτῶν
2640 1244 2927 1308 ἀσθενείαις
2956 1248 3018 1302 τὸ
3076 1254 3313 1327 Πνεῦμα,
3345 1250 3432 1304 καὶ
3474 1248 3790 1326 ἐντυγχάνει

409 1338 597 1397 Deum
632 1335 971 1414 cogitantet
995 1351 1099 1413 spe
1132 1351 1238 1393 sua
1261 1339 1602 1411 exspectant
1625 1330 1816 1393 donec
1845 1332 1901 1393 in
1930 1351 2045 1393 car-

2138 1326 2266 1406 ὑπὲρ
2292 1332 2464 1387 αὐτῶν
2493 1347 2817 1409 στεναγμοῖς
2874 1332 3182 1416 ἀλαλήτοις,
3230 1326 3311 1392 ὅτι
3339 1338 3475 1393 κατά
3504 1337 3640 1393 Θεὸν
3683 1334 3792 1391 ἐστι

409 1442 486 1485 ne
516 1442 622 1486 sua
649 1422 879 1483 mortali
910 1421 1149 1483 videant
1180 1420 1434 1481 ﬁliorum
1467 1419 1573 1482 Dei
1603 1420 2045 1493 revelationem,

2137 1417 2198 1471 τὸ
2227 1417 2471 1496 φρόνημα
2514 1420 2710 1501 αὐτῶν,
2741 1423 2828 1478 καὶ
2893 1424 2928 1491 ἡ
2985 1425 3184 1481 τούτων
3240 1424 3413 1496 ἐλπὶς,
3444 1427 3541 1493 τὴν
3583 1424 3792 1481 ἀποκά-

410 1530 541 1592 qum
596 1520 684 1573 est
737 1510 1040 1573 viviﬁcans
1085 1507 1228 1570 Jesu
1280 1507 1677 1582 mortiﬁcatio,
1709 1516 1773 1569 ut
1831 1516 1890 1569 et
1936 1508 2045 1588 ipsi

2136 1501 2292 1579 λυψιν
2320 1504 2593 1586 ἐκδέχεται
2622 1508 2751 1565 ἰδεῖν
2793 1510 2849 1565 ἐν
2890 1517 2957 1588 τῇ
3005 1515 3173 1589 θνητῇ
3229 1514 3429 1569 ἑαυτῶν
3498 1513 3656 1592 σαρκὶ
3686 1514 3786 1569 τῶν

407 1600 552 1662 ﬁant
580 1600 686 1661 ﬁlii
717 1599 844 1673 Dei,
874 1600 1095 1679 quippe
1126 1596 1228 1678 qui
1272 1595 1480 1676 spiritu
1526 1595 1629 1658 Dei
1679 1605 1936 1674 aguntur
1958 1597 2044 1677 31,

2133 1596 2255 1648 υἱῶν
2308 1602 2400 1650 τοῦ
2483 1604 2637 1675 Θεοῦ,
2706 1596 2820 1665 ἥτις
2876 1599 3014 1656 ἐστὶν
3052 1604 3087 1668 ἡ
3156 1604 3416 1672 ζωοποιὸς
3484 1608 3578 1657 τοῦ
3608 1598 3789 1668 Ἰησοῦ

407 1698 587 1771 utque
617 1690 945 1751 liberentur
969 1709 1002 1750 a
1028 1688 1311 1750 servitute
1362 1686 1579 1761 carnis,
1629 1694 1689 1747 et
1729 1697 2045 1749 occurrant

2131 1682 2380 1761 νέκρωσις
2428 1704 2444 1719 ·
2516 1686 2609 1742 ’ίνα
2663 1688 2763 1745 υἱοὶ
2818 1695 2950 1745 Θεοῦ
3010 1692 3081 1755 ὡς
3135 1692 3240 1746 ὑπὸ
3300 1692 3604 1765 Πνεύματος
3636 1691 3787 1768 ἁγίου

411 1778 473 1840 in
496 1770 835 1840 libertatem
869 1776 1073 1855 gloriae
1116 1775 1372 1837 ﬁliorum
1425 1774 1556 1848 Dei,
1602 1774 1817 1855 quibus
1847 1785 2045 1857 utpote

2131 1770 2402 1848 ἀγόμενοι,
2440 1776 2813 1853 χρηματίσωσι
2880 1778 2969 1833 καὶ
3023 1779 3187 1858 αὐτοὶ,
3245 1781 3333 1835 καὶ
3372 1778 3786 1858 ἐλευθερωθῶσιν

406 1867 595 1930 Deum
653 1865 1036 1947 diligentibus
1080 1864 1309 1945 [omnia
1342 1871 1767 1943 -cooperantur
1821 1864 1882 1925 in
1938 1864 2047 1926 bo-

404 1976 547 2019 num
576 1955 654 2019 ³³.

487 2135 589 2198 78.
620 2136 766 2195 Cum
802 2131 1192 2213 spiritualiter
1219 2128 1583 2209 intelligatur
1613 2129 1810 2191 divina
1843 2129 2048 2211 Scrip-

408 2230 541 2284 tura
575 2231 632 2284 et
664 2220 1074 2302 spiritualibus
1119 2218 1460 2280 revelantur
1489 2218 1619 2297 ejus
1650 2219 1911 2279 thesauri
1943 2237 2051 2299 per

409 2310 692 2392 Spiritum
726 2318 1017 2375 sanctum,
1054 2325 1171 2367 non
1209 2315 1399 2385 potest
1426 2306 1700 2367 animalis
1732 2306 1907 2367 homo
1937 2325 2045 2367 eo-

408 2417 542 2461 rum
575 2398 994 2460 revelationem
1037 2414 1276 2475 rapere.
1311 2395 1603 2475 siquidem
1639 2403 1851 2474 praeter
1880 2395 2044 2472 cogi-

410 2487 699 2551 tationum
732 2503 973 2547 suarum
1005 2485 1226 2545 seriem
1259 2483 1408 2545 nihil
1457 2483 1617 2544 aliud
1668 2487 1818 2544 valet
1847 2484 2049 2545 videre

406 2576 499 2637 vel
524 2576 731 2637 audire
760 2573 832 2635 ab
860 2573 974 2634 alio
1005 2572 1254 2646 dictum,
1288 2590 1480 2652 neque
1512 2571 1670 2632 enim
1705 2572 1761 2631 in
1783 2591 1846 2633 se
1871 2571 2049 2634 habet

406 2663 516 2727 Dei
560 2661 842 2744 Spiritum
886 2670 1249 2723 scrutantem
1303 2660 1593 2741 prpfunda
1625 2658 1819 2734 Dei33,
1856 2670 1911 2722 et
1939 2680 2046 2723 co-

404 2759 790 2832 gnoscentem
821 2767 918 2812 res
947 2749 1199 2822 divinas,
1235 2750 1338 2810 sed
1372 2750 1646 2830 spiritum
1693 2749 1896 2810 mundi
1922 2750 2048 2811 zelo

409 2848 474 2903 et
517 2838 742 2901 invidia
786 2838 1287 2917 contentioneque
1334 2846 1393 2899 et
1442 2838 1747 2927 discordia
1775 2838 2040 2919 plenum,

2130 1861 2235 1917 ἀπὸ
2263 1863 2361 1930 τῆς
2410 1864 2644 1930 δουλείας
2726 1871 2824 1936 τῆς
2882 1871 3075 1948 σαρκὸς
3132 1872 3220 1926 καὶ
3274 1873 3683 1939 καταντήσωσιν
3712 1873 3787 1933 εἷς

2129 1950 2229 2005 τὴν
2271 1949 2560 2031 ἐλευθερίαν
2607 1955 2703 2022 τῆς
2762 1953 2916 2021 δόξης
2971 1961 3076 2014 τῶν
3119 1959 3316 2014 τέκνων
3371 1970 3465 2018 τοῦ
3505 1967 3662 2032 Θεοῦ,
3695 1960 3783 2023 οἷς

2132 2041 2205 2102 ὡς
2236 2040 2480 2126 ἀγαπῶσι
2524 2045 2613 2100 τὸν
2660 2047 2812 2124 Θεὸν,
2874 2046 3047 2102 πάντα
3090 2062 3335 2125 συνεργεῖ
3363 2050 3438 2112 εἰς
3468 2050 3530 2104 τὸ
3559 2049 3779 2126 ἀγαθόν.

2211 2122 2322 2195 οη’.
2385 2136 2760 2206 Πνευματικῶς
2797 2122 3235 2213 συγκρινομένης
3258 2122 3266 2124 -
3292 2142 3390 2202 τῆς
3443 2138 3582 2199 θείας
3607 2122 3619 2126 ν
3642 2142 3781 2215 Γρα-

2130 2217 2252 2295 φὴς,
2312 2220 2400 2274 καὶ
2482 2235 2859 2295 πνευματικοῖς
2943 2221 3456 2298 ἀνακαλυπτομὲνῶν
3563 2231 3666 2280 τῶν
3726 2224 3780 2279 ἐν

2130 2307 2261 2382 αὐτῇ
2311 2310 2586 2385 θησαυρῶν
2641 2306 2725 2364 δια
2781 2318 2872 2365 τοῦ
2942 2312 3244 2385 Πνεύματος
3316 2320 3407 2368 τοῦ
3462 2314 3632 2391 ἁγίου,
3717 2312 3777 2367 οὗ

2128 2390 2335 2450 δύναται
2403 2398 2635 2475 ψυχικὸς
2704 2394 2972 2469 ἅνθρωπος
3066 2399 3163 2466 τὴν
3186 2401 3384 2456 τούτων
3454 2390 3776 2476 ἀνακάλυψιν

2130 2479 2387 2546 δέξασθαι.
2422 2484 2587 2541 Πλέον
2611 2490 2709 2551 τῆς
2752 2486 3058 2550 ἀκολουθίας
3116 2494 3221 2543 τῶν
3280 2490 3437 2545 αὐτοῦ
3477 2488 3766 2567 λογισμῶν,

2132 2571 2209 2645 μὴ
2258 2570 2687 2653 καταδεχόμενος
2743 2574 2917 2655 ἕτερὸν
2985 2598 3035 2632 τι
3088 2581 3275 2643 νοῆσαι
3315 2582 3353 2644 ἦ
3404 2578 3619 2635 ἑκοῦσαι
3665 2599 3768 2656 παρ

2130 2660 2304 2738 ἑτέρου
2334 2659 2621 2739 λεγόμενον
2660 2682 2673 2697 ·
2704 2661 2820 2719 οῦδὲ
2850 2666 2948 2743 γὰρ
3006 2663 3121 2745 ἔχει
3179 2668 3241 2721 τὸ
3272 2672 3484 2739 Πνεῦμα
3512 2673 3605 2723 τοῦ
3644 2674 3769 2725 Θεοῦ

2130 2748 2182 2805 ἐν
2214 2748 2377 2829 αὐτῷ,
2407 2751 2466 2805 τό
2494 2749 2712 2829 ἐρευνῶν
2741 2753 2806 2807 τὰ
2859 2754 2995 2829 βάθη
3039 2763 3130 2811 τοῦ
3173 2760 3330 2823 Θεοῦ,
3387 2756 3476 2809 καὶ
3517 2762 3763 2831 γινῶσκον

2125 2840 2190 2895 τὰ
2218 2846 2309 2894 τοῦ
2353 2846 2504 2907 Θεοῦ,
2539 2838 2676 2897 ἀλλά
2726 2843 2787 2897 τὸ
2840 2850 3045 2917 πνεῦμα
3101 2849 3194 2899 τοῦ
3252 2844 3455 2917 κόσμου
3486 2846 3544 2899 τὸ
3571 2843 3755 2902 ὑλικὸν.

407 2937 775 3010 quaprOpter
820 2927 1032 2988 stultus
1062 2935 1152 2987 est
1181 2927 1241 2987 in
1272 2928 1589 2988 scrutando
1622 2925 1860 2989 sensum
1897 2935 1956 2989 et
1984 2928 2041 2988 in

2131 2929 2187 2982 τὸ
2214 2925 2375 2997 ζήλου
2405 2928 2491 2984 καὶ
2561 2930 2747 3009 φθόνου
2831 2933 3043 3004 μεστὸν,
3094 2929 3260 3009 ἔριδός
3300 2952 3360 2987 τε
3390 2934 3476 2987 καὶ
3517 2929 3749 3010 διχοστα-

405 3015 817 3095 investigando
847 3023 1107 3077 mentem
1139 3014 1480 3095 Scripturaa.
1515 3014 1661 3078 Cum
1703 3016 1861 3078 enim
1892 3017 2045 3079 scire

407 3115 663 3187 nequeat
722 3102 1112 3184 spiritualiter
1176 3103 1492 3183 dijudicari
1560 3123 1927 3186 quaecunque
1982 3106 2044 3166 in

409 3193 712 3273 Scriptura
749 3193 945 3254 divina
992 3193 1372 3273 reperiuntur
1418 3192 1577 3255 circa
1606 3214 1703 3255 res
1732 3195 1960 3255 divinas
1990 3201 2042 3258 et

408 3284 718 3356 humanas,
752 3281 983 3345 deridet
1012 3299 1115 3342 eos
1145 3283 1245 3361 qui
1274 3281 1404 3342 iilas
1433 3282 1823 3361 spiritualiter
1855 3284 2044 3344 inter-

409 3380 734 3454 pretantur,
783 3387 1004 3449 eosque
1054 3387 1172 3430 non
1225 3370 1561 3450 spirituales
1593 3389 1702 3434 nec
1739 3390 1772 3434 a
1822 3370 2046 3452 Spiritu

408 3460 642 3535 ductos,
676 3460 781 3522 sed
815 3457 1165 3538 anagogicos
1196 3474 1431 3535 vocans,
1465 3469 1744 3541 quantum
1777 3460 1837 3522 in
1866 3478 1931 3521 se
1959 3468 2048 3521 est

405 3553 720 3633 detorquet
768 3570 836 3613 ac
888 3550 1187 3631 pervertit,
1220 3550 1376 3612 sicut
1421 3551 1637 3613 Demas
1681 3551 1806 3627 ille,
1839 3569 2046 3614 eorum

411 3641 596 3703 verba
626 3640 978 3721 divinasque
1008 3640 1353 3701 sententias.
1380 3638 1506 3701 Non
1529 3640 1671 3702 item
1696 3640 2045 3721 spiritualis,

413 3730 516 3792 sed
542 3730 771 3811 judicat
787 3728 986 3790 omnia
1006 3726 1202 3790 divino
1231 3728 1548 3791 instinctus
1568 3729 1806 3807 Spiritu,
1840 3736 1898 3790 et
1923 3746 2047 3809 Ipse

411 3837 447 3881 a
475 3820 717 3881 nemine
735 3816 994 3898 judicari
1027 3826 1237 3896 potest,
1288 3824 1489 3897 utpote
1533 3835 1777 3878 sensum
1829 3816 2047 3880 Christi

404 3906 656 3989 habens,
691 3924 871 3986 quem
904 3924 1083 3967 nemo
1104 3907 1396 3968 instruere
1428 3913 1644 3987 potest.

2126 3017 2239 3080 σίας
2280 3015 2578 3091 ἀνάπλεων,
2655 3021 2716 3075 οὗ
2771 3020 2927 3099 χάριν
2985 3020 3072 3075 καὶ
3128 3020 3303 3099 μωρία
3354 3024 3493 3095 αὐτῷ
3541 3021 3658 3093 ἐστι,
3685 3020 3743 3074 τὸ

2124 3107 2225 3173 τὴν
2272 3104 2503 3162 διάνοιαι
2557 3106 2789 3186 ἐρευνᾷν,
2846 3108 2934 3164 καὶ
2983 3109 3073 3163 τὸν
3158 3116 3278 3165 νοῦν
3333 3108 3617 3189 ἀνιχνεύειν
3664 3115 3751 3165 τοῦ

2127 3194 2461 3272 γράμματος.
2492 3200 2693 3251 Γνῶναι
2751 3196 2851 3275 γὰρ
2908 3196 3013 3271 μὴν
3056 3194 3341 3271 δυναμένος
3372 3199 3452 3253 ὅτι
3496 3218 3763 3272 πνευματι-

2126 3289 2233 3348 κῶς
2285 3283 2609 3362 ἀνακρίνεται
2666 3286 2837 3341 πάντα
2891 3287 2957 3341 τά
3009 3288 3107 3354 τῆς
3158 3286 3299 3348 θείας
3356 3291 3597 3367 Γραφῆς,
3642 3285 3767 3342 κατά

2127 3376 2232 3427 τῶν
2283 3374 2436 3428 θειων
2487 3374 2574 3429 καὶ
2624 3373 2957 3451 ἀνθρωπίνων
3012 3374 3360 3452 πραγμάτων,
3434 3380 3761 3450 καταμωκᾶ-

2126 3481 2213 3515 ται
2269 3465 2375 3514 τῶν
2430 3461 2813 3540 συγκρινόντων
2883 3468 3048 3518 ταῦτα
3120 3470 3513 3544 πνευματικῶς,
3580 3465 3666 3519 καὶ
3715 3464 3770 3518 οὑ

2128 3549 2532 3622 πνευματικοὺς,
2594 3547 2712 3605 οῦδὲ
2760 3551 2862 3606 ὑπὸ
2915 3551 3053 3609 θείου
3109 3552 3412 3625 Πνεύματος
3460 3552 3768 3629 ἀγομένους,

2130 3633 2249 3691 ἀλλ’
2282 3635 2645 3715 ἀναφωγικοὺς
2675 3638 2794 3702 νοὺς
2848 3640 3115 3703 τοιουτοὺς
3170 3636 3380 3720 παλῶν,
3414 3639 3539 3697 ὅσον
3570 3643 3633 3697 τὸ
3662 3638 3772 3697 κατ’

2132 3726 2308 3786 αὐτὸν,
2340 3722 2653 3806 διαστρέφει,
2713 3729 2801 3784 καὶ
2857 3728 3157 3807 ἀνατρέπει,
3218 3730 3292 3791 ως
3348 3730 3376 3784 ὁ
3410 3736 3598 3804 Δημᾶς
3630 3730 3771 3785 ἐκεῖ-

2130 3834 2237 3885 νος,
2285 3814 2403 3879 τοὺς
2460 3813 2649 3893 λόγους
2706 3818 2898 3896 αῦτῶν,
2943 3820 3030 3874 καὶ
3083 3819 3150 3875 τὰ
3201 3820 3322 3873 θεῖα
3350 3820 3598 3893 νοήματα
3630 3834 3642 3848 ·
3676 3818 3775 3897 οῦχ

2130 3902 2296 3966 οὕτως
2339 3900 2395 3959 δὲ
2438 3906 2466 3960 ὁ
2493 3907 2869 3979 πνευματικὸς,
2923 3904 3059 3962 ἀλλά
3101 3905 3364 3984 ἀνακρίνει
3434 3909 3533 3980 μὲν
3578 3907 3768 3979 πάντα,

2127 3992 2249 4064 θείῳ
2297 3990 2663 4071 ἐνεργούμενος
2722 3995 3005 4067 Πνεύματι,
3074 3996 3229 4057 αὐτὸς
3297 3992 3352 4049 δὲ
3421 3986 3515 4051 ὑπ’
3570 3994 3775 4057 οῦδενὸς

2122 4080 2458 4160 ἀνακριθῆναι
2514 4079 2748 4157 δύναται,
2847 4081 3030 4150 ἐπειδὴ
3115 4090 3229 4148 νοῦς
3284 4081 3426 4139 ἐστιν
3489 4083 3632 4158 αῦτῴ
3684 4092 3775 4142 τοῦ

2121 4174 2365 4251 Χριστοῦ,
2411 4168 2469 4225 ὅν
2499 4168 2661 4236 οῦδεὶς
2703 4168 3022 4247 συμϐιϐάσαι
3052 4173 3284 4251 ἰσχύσει,

484 4262 584 4324 79.
615 4259 683 4323 In
715 4261 853 4340 igne
874 4258 1060 4321 semel
1082 4261 1346 4322 revelata
1363 4259 1458 4321 die
1475 4259 1814 4335 novissima,
1834 4268 1892 4322 et
1906 4260 2043 4339 igne

2207 4247 2306 4316 οϐ’.
2341 4256 2428 4315 Ἐν
2472 4260 2592 4337 πυρὶ
2640 4247 3149 4336 ἀποκαλυπτομένης
3204 4265 3304 4326 τῆς
3360 4260 3601 4339 ἐσχάτης
3632 4259 3775 4335 ἠμέ-

406 4348 651 4431 probata
671 4348 1140 4429 uniuscujusque
1159 4346 1415 4419 actione,
1437 4348 1519 4408 ait
1535 4348 1740 4409 beatus
1753 4347 2041 4425 Paulus“,

403 4438 452 4499 si
475 4438 645 4517 cujus
666 4455 815 4516 opus
838 4455 907 4496 cx
931 4435 1366 4515 incorruptibili
1388 4435 1716 4498 substantia
1739 4446 1852 4509 est,
1886 4437 2044 4517 quod

402 4526 518 4587 sibi
536 4527 606 4587 ad
631 4524 1084 4586 aediﬁcationem
1118 4525 1507 4601 conservavit,
1543 4531 1744 4588 manet
1764 4524 1824 4585 in
1850 4526 2046 4587 medio

400 4614 540 4694 igne
569 4614 1000 4692 incorruptum,
1028 4621 1084 4674 et
1117 4632 1233 4674 nou
1265 4614 1453 4675 solum
1487 4634 1605 4675 non
1636 4614 2041 4692 comburetur,

403 4705 509 4765 sed
540 4703 715 4764 etiam
750 4701 1107 4783 splendebit,
1135 4722 1167 4763 a
1195 4704 1378 4783 parvis
1414 4712 1604 4765 tamen
1640 4705 1887 4766 maculis
1921 4724 2047 4784 per-

402 4791 553 4853 fecte
585 4792 979 4872 puriﬁcatam.
1016 4789 1077 4853 Si
1104 4793 1273 4871 cujus
1298 4804 1495 4854 autem
1518 4811 1665 4873 opus
1695 4812 1763 4855 ex
1794 4812 2045 4875 corrup-

400 4880 553 4942 tibili
606 4885 852 4944 materia
898 4888 1014 4955 est,
1066 4899 1218 4941 onus
1266 4882 1427 4962 quod
1481 4883 1581 4944 ille
1623 4882 1737 4943 sibi
1766 4883 2041 4962 alligavit,

400 4970 655 5031 ﬂammis
676 4970 1063 5031 comburetur
1076 4978 1133 5031 et
1150 4968 1387 5033 inanem
1413 4972 1580 5032 illum
1605 4971 1665 5031 in
1693 4973 1888 5033 medio
1911 4974 2046 5051 igne

398 5058 723 5139 relinquet.
755 5056 915 5138 Opus
945 5066 1141 5120 autem
1177 5059 1586 5139 incorruptum
1605 5068 1664 5120 et
1690 5078 2045 5140 permanens

398 5158 538 5211 sunt
567 5149 844 5228 lacrymaa
876 5148 1256 5229 pcenitentite,
1291 5150 1690 5228 eleemosyna,
1712 5147 2047 5211 misericor-

398 5233 519 5312 dia,
553 5237 763 5316 oratio,
794 5237 1115 5308 humulitas,
1144 5236 1314 5312 ﬁdes,
1343 5253 1503 5315 spes,
1534 5236 1810 5311 charitas,
1837 5238 2043 5318 etqui-

397 5322 486 5386 vis
514 5323 665 5386 alius
713 5333 876 5387 actus
921 5324 996 5386 ad
1050 5328 1327 5405 pietatem
1377 5327 1643 5388 intentus
1679 5346 1693 5389 :
1726 5343 1857 5406 quae
1906 5327 2041 5408 qui-

2127 4369 2244 4428 ρας,
2328 4348 2415 4404 καὶ
2505 4348 2606 4403 ὑπὸ
2703 4350 2862 4427 πυρὸς
2944 4356 3235 4416 τηνικαῦτα
3328 4346 3771 4428 δοκιμαζομένης,

2128 4437 2349 4492 ἑκάστω
2391 4441 2488 4503 τῆς
2546 4434 2805 4514 πράξεως,
2856 4438 2983 4515 φησὶ
3055 4436 3259 4500 Παῦλος
3314 4435 3588 4512 κηλονότι,
3618 4438 3671 4493 εἴ
3701 4459 3777 4493 τι-

2128 4546 2215 4590 νος
2245 4527 2307 4581 τὸ
2338 4524 2488 4603 ἔργον
2544 4528 2640 4592 τῆς
2689 4524 2948 4604 ἀφθάρτου
3004 4527 3179 4589 οὖσίας
3250 4526 3411 4601 ἐστὶν,
3445 4526 3474 4581 ὃ
3503 4527 3674 4601 ἑαυτῷ
3706 4529 3776 4588 εἰς

2132 4612 2414 4690 οἰκοδομὴν
2457 4613 2757 4694 ἐναπέθετο,
2818 4628 2971 4689 μενεῖ
3029 4615 3186 4691 μέσον
3215 4622 3307 4671 τοῦ
3363 4619 3523 4692 πυρὸς
3574 4615 3778 4696 ἄφθαρ-

2128 4725 2239 4778 τον,
2297 4704 2383 4759 καὶ
2438 4704 2497 4759 οὒ
2552 4725 2711 4777 μονον
2768 4706 2827 4761 οὔ
2880 4706 3295 4784 κατακαήσεται,
3349 4703 3485 4761 ἀλλά
3512 4706 3599 4760 καὶ
3628 4703 3776 4780 λαμ-

2129 4794 2474 4871 πρυνθήσεται
2543 4796 2642 4859 τῆς
2713 4797 2902 4870 μικρᾶς
2960 4791 3095 4855 ’ίσως
3161 4794 3533 4871 καθοιρόμενον
3594 4795 3665 4859 εἰς
3719 4795 3779 4850 τὸ

2127 4880 2382 4945 παντελὲς
2412 4879 2552 4945 ἰλύος
2578 4898 2591 4911 ·
2626 4879 2677 4935 ε⁹ί
2707 4901 2849 4943 τινος
2881 4878 2935 4936 δέ
2977 4883 3038 4936 τὸ
3081 4880 3254 4960 ἔργον,
3305 4888 3402 4949 τῆς
3432 4882 3780 4962 φθειρομένης

2126 4968 2254 5037 ὕλης
2282 4969 2412 5049 ἐστὶ,
2444 4971 2472 5025 ὃ
2516 4970 2686 5044 ἑαυτῷ
2738 4970 2808 5032 εἰς
2865 4970 3055 5049 φόρτον
3110 4969 3441 5051 ἐδέσμευσεν,
3475 4971 3779 5051 ἐμπρησθὲν

2124 5061 2539 5139 κατακαήσεται,
2622 5060 2710 5115 καὶ
2760 5060 2913 5114 κενὸν
2999 5062 3152 5117 αὐτὸν
3236 5059 3398 5135 μέσον
3452 5068 3545 5118 τοῦ
3613 5064 3778 5139 πυρὸς

2121 5147 2455 5223 καταλείψει.
2528 5155 2693 5227 Εργον
2749 5144 2804 5202 δὲ
2860 5145 3118 5227 ἄφθαρτον
3187 5151 3275 5205 καὶ
3333 5147 3586 5225 δεαμένον
3638 5148 3773 5226 ἐπὶ,

2121 5234 2314 5317 δάκρυα
2370 5239 2674 5312 μετανοίας,
2763 5234 3119 5312 ἐλεημοσύνη,
3218 5240 3535 5319 συμπάθεια,
3596 5260 3772 5317 προσ-

2121 5327 2267 5408 ευθὴ,
2324 5327 2662 5402 ταπείνωσις,
2732 5325 2928 5402 πίστις,
2990 5324 3163 5402 ἐλπὶς,
3224 5327 3433 5404 ἀγάπη,
3496 5329 3583 5384 καὶ
3638 5328 3693 5385 εἴ
3726 5350 3773 5384 τι

479 5498 535 5545 ⁸ο
561 5503 737 5568 Rom.
767 5519 890 5586 vm,
918 5501 1018 5568 21.
1106 5502 1161 5548 9°
1184 5503 1330 5567 ibid.
1365 5503 1464 5567 96.
1551 5500 1599 5546 ³¹
1632 5501 1780 5567 ibid.
1815 5502 1914 5566 14.
2001 5503 2045 5551 ⁸1

2131 5505 2225 5570 vid.
2258 5503 2356 5569 28.
2444 5501 2498 5546 ⁸³
2527 5502 2553 5566 Ι
2584 5503 2721 5567 Cor.
2759 5519 2821 5583 ιι,
2859 5505 2953 5569 10.
3040 5503 3097 5549 εδ
3124 5502 3149 5568 Ι
3174 5502 3310 5570 Cor.
3348 5521 3435 5582 ut,
3471 5505 3569 5569 t3.
