4052 6134
269 196 389 262 997
1229 195 1763 265 GNOSTIGORUM
1804 192 2140 261 CAPITUM
2180 195 2566 263 CENTURIA
2610 200 2698 261 III
3533 198 3652 264 998

271 330 448 412 ἕτερον
478 333 534 390 ἐν
601 342 795 409 σκοπῷ
852 333 1110 399 εὐσεϐείας
1169 335 1451 414 πράττεται
1485 353 1500 368 ο
1548 334 1581 388 ἃ
1636 336 1724 391 καὶ
1772 339 1927 405 ςῶντι

2032 330 2146 392 lem
2179 339 2238 394 et
2269 331 2487 394 viventi
2536 332 2763 393 homini
2815 333 3258 396 cowdiﬁcantur
3285 335 3344 396 in
3384 345 3650 398 sanctum

278 421 355 496 τῷ
418 421 676 502 ἀνθρώπῳ
761 423 1214 499 συνοικοδομεϊται
1312 425 1383 486 εἰς
1455 423 1576 480 ναὸν
1630 422 1779 501 ἇίγιον
1835 428 1927 479 τοῦ

2032 420 2118 482 ξιειί
2151 420 2458 501 templum,
2486 439 2618 482 cum
2643 440 2833 501 eoque
2867 441 2942 482 mi
2965 437 3097 483 riuo
3126 423 3345 486 abeunt
3367 434 3422 486 et
3446 426 3650 488 incor-

283 517 436 589 Θεου,
509 514 598 568 καὶ
667 511 957 570 ἐκλείποντι
1043 511 1453 592 συναπέρχεται,
1529 514 1617 569 καὶ
1677 511 1929 588 συμμένει

2032 518 2183 588 'upta
2215 517 2457 570 manent
2488 527 2596 589 per
2622 510 2859 573 saecula.
2915 513 3168 573 Econlra
3201 521 3545 593 corruptum
3577 515 3650 577 ab

281 595 515 677 ἄφθαρτα
571 602 644 664 εἰς
687 602 902 665 αἰῶνας,
963 602 1033 658 Τὸ
1102 599 1156 656 δὲ
1197 603 1298 657 ὑπὸ
1354 609 1446 658 τοῦ
1531 603 1691 679 πυρὸς
1736 601 1935 658 ἐκείνου

2042 597 2118 657 llo
2165 596 2299 676 igne
2339 615 2487 677 opus
2529 605 2686 670 sunt,
2721 607 2784 658 ut
2813 598 3089 660 omnibus
3131 599 3340 680 liquet,
3392 602 3650 678 luxuria,

284 689 620 768 φθειρόμενον
667 687 842 767 ἔργον,
901 687 1060 756 δῆλον
1113 703 1228 754 τοῖς
1271 691 1426 746 πᾶσίν
1455 690 1588 761 ἐστι,
1635 687 1932 770 φιληδονία,

283 775 570 855 φιλοδοξία,
633 776 961 858 φιλαργυρία,
1017 791 1198 854 μῖσος,
1245 779 1452 859 φθόνος,
1505 776 1704 852 κλοπὴ,
1765 777 1934 852 μέθη,

283 861 540 944 λοιδορία,
573 866 902 945 κατάκρισις,
959 869 1046 924 καὶ
1104 866 1154 924 εἴ
1211 889 1261 923 τι
1331 866 1526 947 φαῦλον
1577 863 1660 924 διὰ
1689 866 1938 940 σώματος

288 953 425 1009 κατὰ
481 952 776 1034 ἐπιθυμίαν,
821 955 857 1024 ἢ
913 957 1072 1030 θυμὸν
1116 955 1406 1035 ἐνεργεῖται
1455 971 1468 986 °
1528 962 1690 1012 ταῦτα
1717 956 1804 1010 καὶ
1833 974 1935 1010 πε-

287 1041 450 1120 ριόντι
507 1047 584 1116 τῷ
633 1043 889 1122 ἀνθρώπῳ
972 1046 1357 1123 συμφθείρεται,
1454 1042 1781 1119 ἐκκαιομένῳ
1836 1043 1936 1098 ὑπὸ

284 1136 380 1187 τοῦ
435 1133 596 1210 πυρὸς
662 1137 760 1200 τῆς
835 1132 1128 1208 ἐπιθυμίας,
1205 1136 1294 1189 καὶ
1351 1131 1793 1211 ἀποῤῥοιγνυμένῳ
1844 1137 1937 1187 τοῦ

286 1219 558 1294 σώματος,
605 1221 1011 1301 συναπέρχεται,
1084 1223 1142 1277 οὒ
1184 1223 1436 1297 συμμένει
1479 1220 1556 1302 δὲ,
1602 1219 1739 1276 ἀλλὰ
1766 1241 1937 1276 κατα-

286 1307 567 1388 φθαρέντα,
625 1311 715 1366 τὸν
811 1310 1036 1387 ἐργάτην
1134 1313 1302 1368 αὐτῶν
1388 1309 1547 1386 μέσον
1631 1319 1723 1368 τοῦ
1776 1310 1934 1386 πυρὸς

299 1395 585 1476 ἐπαφίησιν
614 1399 686 1461 εἰς
718 1401 908 1463 αἰῶνας
940 1399 1142 1456 αἰώνων
1171 1399 1399 1456 ἀθάνατα
1441 1397 1814 1473 κολαζόμενον.

356 1474 443 1545 π’Ὕ.
482 1476 545 1542 Ἠ
579 1493 774 1564 γνῶσις
829 1489 865 1555 ἡ
904 1498 995 1548 τοῦ
1045 1495 1196 1558 Θεοῦ,
1249 1490 1310 1546 τὸ
1366 1487 1620 1566 ἐγνῶσθαι
1677 1488 1778 1543 ὑπὸ
1810 1491 1940 1566 Θεοῦ

285 1575 533 1646 σημαίνει
601 1575 693 1631 τὸν
751 1577 824 1639 εἰς
893 1577 1089 1643 ταύτην
1144 1574 1226 1632 8ιά
1277 1565 1753 1655 ταπεινοφροσύνης
1850 1565 1938 1630 καὶ

291 1665 599 1742 προσευχῆς
683 1662 1113 1744 οἰκοδομηθέντα,
1194 1667 1280 1721 καὶ
1365 1667 1426 1720 τὸ
1480 1671 1673 1742 γνῶσιν
1743 1661 1935 1738 ἐψευδῆ

289 1747 587 1817 πλουτῆσαι
669 1754 810 1831 παρὰ
866 1759 996 1809 Θεοῦ
1050 1758 1157 1810 τῶν
1198 1755 1470 1833 ὑπερφυῶν
1540 1757 1695 1812 αὐτοῦ
1725 1773 1934 1827 μυστη-

287 1837 434 1916 ρίων*
468 1840 513 1894 εἰ
571 1837 627 1894 δὲ
685 1842 936 1920 φυσίωσις
987 1844 1167 1920 ὁρᾶται
1225 1844 1342 1919 περὶ
1398 1843 1572 1919 αὐτὸν,
1603 1842 1695 1898 οῦκ
1732 1837 1936 1914 ᾠκοδο-

292 1927 439 2000 μήθη
471 1924 554 1983 διὰ
595 1929 796 1984 τούτων
847 1928 901 1984 ἐν
951 1932 1104 2010 αὐτῇ,
1178 1929 1322 2002 ἀλλ’,
1379 1931 1478 1985 ὑπὸ
1507 1939 1600 1989 τοῦ
1642 1930 1936 2005 πνεύματος

289 2021 381 2070 τοῦ
438 2014 641 2090 κόσμου
682 2018 866 2073 τούτου
910 2025 1002 2074 τοῦ
1028 2018 1208 2076 ὑλικοῦ
1264 2018 1469 2096 ἄγεται.
1533 2020 1631 2074 Διὰ
1674 2029 1824 2078 τοῦτο
1853 2016 1940 2074 καὶ

293 2099 479 2158 εἰδέναι
509 2125 559 2158 τι
591 2101 739 2161 δοκεῖ
769 2108 796 2161 ὁ
847 2113 1103 2180 τοιοῦτος,
1169 2105 1332 2182 μηδὲν
1387 2105 1631 2186 ἐγνωκὼς
1662 2110 1766 2162 τῶν
1791 2107 1939 2163 θείων

289 2191 618 2270 πραγμάτων
676 2196 849 2258 καθὼς
905 2202 1100 2274 γνῶναι
1156 2194 1261 2256 δεῖ.
1337 2188 1394 2254 Ὀ
1451 2195 1506 2252 δὲ
1563 2218 1623 2274 γε
1690 2199 1781 2253 τὸν
1812 2198 1940 2252 Θεὸν

288 2279 532 2357 ἀγαπῶν,
609 2283 696 2338 καὶ
753 2283 918 2358 μηδὲν
1002 2285 1295 2363 ἡγούμενος
1374 2285 1755 2363 προτιμότερον
1839 2289 1940 2350 τῆς

290 2367 505 2446 ἀγάπης
559 2374 717 2429 αὐτοῦ
748 2418 764 2446 ,
822 2374 910 2428 καὶ
964 2383 1058 2432 τοῦ
1106 2373 1351 2446 πλησίον,
1413 2372 1614 2438 ἐκεῖνος
1671 2373 1810 2451 ἐγνω
1853 2373 1941 2429 καὶ

288 2456 356 2512 τὰ
385 2457 520 2532 βάθη
568 2469 660 2518 τοῦ
716 2468 869 2541 Θεοῦ,
933 2463 1022 2519 καὶ
1089 2463 1156 2518 τὰ
1210 2463 1471 2540 μυστήρια
1523 2461 1808 2529 τῆςαῦτοῦ
1836 2462 1939 2537 βα-

289 2545 511 2620 σιλείας,
544 2550 714 2615 καθὼς
743 2551 854 2630 χρῆ
883 2553 1100 2628 γνῶναι,
1147 2553 1237 2608 τὸν
1297 2553 1399 2608 ὑπὸ
1456 2552 1592 2610 θείου
1633 2552 1938 2625 κινούμενον

291 2634 615 2709 Πνεύματος,
676 2640 762 2696 καὶ
836 2637 1089 2716 ἔγνωσται
1162 2641 1264 2696 ὑπὸ
1347 2648 1439 2697 τοῦ
1497 2647 1649 2719 Θεοῦ,
1712 2639 1938 2719 ἐργάτης

292 2719 498 2790 ἀληθὴς
566 2733 662 2783 τοῦ
717 2725 1036 2807 Παραδείσου
1088 2733 1186 2795 τῆς
1266 2726 1584 2796 Ἐκκλησίας
1639 2733 1818 2806 αὐτοῦ,
1882 2728 1940 2790 ὃς

289 2809 564 2890 ἐργάσεται
617 2812 684 2870 δι’
728 2816 941 2894 ἀγάπης
989 2819 1050 2874 τὸ
1079 2816 1287 2892 θέλημα
1353 2825 1446 2874 τοῦ
1502 2824 1652 2889 Θεοῦ,
1692 2815 1941 2894 ἐπιστρέ-

293 2922 405 2980 φων
453 2899 697 2970 δηλονότι
752 2907 931 2984 ψυχὰς
986 2908 1075 2963 καὶ
1128 2907 1296 2973 ἀξίους
1351 2905 1547 2985 ἐξάγων
1616 2905 1667 2971 ἐξ
1696 2903 1938 2970 ἀναξίων.

290 2995 370 3064 τῷ
425 2987 570 3069 λόγῳ
624 2999 701 3067 τῷ
757 2991 952 3050 δοθέντι
1016 2995 1158 3068 usus
1241 2996 1542 3070 Πνεύματος
1598 2995 1770 3071 ἀγίου,
1827 2995 1936 3073 καὶ,

291 3076 543 3157 φυλάσσεί
595 3083 656 3137 τὸ
729 3079 878 3160 ἔργον
962 3087 1119 3143 αὐτοῦ
1164 3081 1249 3140 διὰ
1315 3085 1796 3165 ταπεινοφροσύνης
1853 3085 1940 3140 καὶ

294 3165 623 3233 κατανύξεως
655 3167 870 3230 ἄσυλον.

376 3246 494 3318 πα’.
556 3259 752 3324 Πάντες
811 3261 881 3326 εἰς
935 3263 1156 3340 Χριστὸν
1227 3259 1614 3338 ἐϐαπτίσθημεν
1683 3261 1738 3318 ἐν
1796 3261 1940 3320 ὕδατι

293 3345 384 3402 καὶ
411 3346 674 3421 Πνεῦματι
704 3347 860 3428 ἀγίῳ,
893 3351 982 3406 καὶ
1027 3351 1220 3415 πάντες
1278 3351 1339 3406 τό
1390 3352 1515 3407 αὐτὸ
1574 3352 1946 3428 βρῶμα“πνευ-

300 3435 526 3508 ματικὸν
582 3435 874 3515 τρώγομεν,
932 3440 1020 3496 καὶ
1074 3440 1265 3505 πάντες
1295 3441 1356 3496 τὸ
1410 3441 1534 3498 αὐτὸ
1606 3441 1751 3516 πόμα
1781 3463 1942 3498 πνευ-

297 3524 523 3596 ματικὸν
549 3525 769 3602 πίνομεν
801 3573 817 3588 .
849 3534 1010 3584 ταῦτα
1038 3526 1094 3582 δέ
1122 3529 1249 3585 εἰσιν
1276 3531 1304 3585 ὁ
1377 3529 1624 3606 Χριστὸς,
1682 3527 1800 3584 ἀλλ’
1855 3529 1949 3584 οὒκ

300 3610 357 3668 ἐν
384 3625 504 3675 τοῖς
532 3613 768 3670 πλείοσιν
811 3616 968 3691 ἡμῶν
999 3614 1206 3676 εὒδυκεϊ
1237 3619 1264 3674 ὁ
1296 3618 1451 3679 Θεὸς.
1501 3615 1694 3673 Πολλοὶ
1715 3619 1814 3697 γὰρ
1842 3621 1946 3674 τῶν

297 3699 503 3757 πιστῶν
556 3704 643 3759 καὶ
705 3701 1000 3762 σπουδαίων
1067 3703 1120 3759 ἐν
1175 3703 1400 3768 πολλοῖς
1443 3704 1621 3771 πόνοις
1669 3705 1946 3774 ἀσκήσεως

297 3789 386 3844 καὶ
442 3792 730 3868 γυμνασίας
813 3798 1122 3868 σωματικῆς
1205 3794 1271 3849 τὰ
1353 3794 1552 3850 ἑαυτῶν
1635 3794 1946 3850 ὑπωπίασαν

298 3879 386 3933 καὶ
415 3879 788 3959 κατίσχνωσαν
819 3881 1064 3960 σώματα,
1122 3878 1206 3936 διὰ
1261 3878 1316 3936 δὲ
1386 3883 1446 3938 τὸ
1477 3880 1554 3956 μὴ
1586 3880 1732 3961 ἔχειν
1761 3880 1946 3944 αὖτοὺς

296 3966 571 4032 κατάνυξιν
627 3968 681 4024 ἐν
740 3969 1183 4049 συντετριμμένης
1239 3971 1326 4026 καὶ
1379 3968 1667 4049 φιλαγάθου
1721 3970 1943 4047 γνώμης

297 4059 386 4115 καὶ
430 4061 754 4135 συμπάθειαν
824 4060 875 4127 ἐξ
931 4061 1143 4139 ἀγάπης
1201 4063 1332 4141 πρὸς
1389 4062 1509 4123 τοὺς
1564 4059 1812 4138 πλησίον,
1857 4063 1945 4119 καὶ

299 4148 539 4223 ἑαυτοὺς,
571 4151 712 4207 κενοὶ
779 4159 872 4208 τοῦ
929 4150 1289 4230 πληρώματος
1343 4159 1437 4209 τοῦ
1466 4150 1613 4228 ἁγίου
1646 4151 1943 4226 Πνεῦματος

299 4235 738 4319 κατελείφθησαν,
795 4242 882 4296 καὶ
938 4242 1140 4317 μακρὰν
1218 4241 1317 4306 τῆς
1384 4246 1476 4296 τοῦ
1519 4245 1650 4297 Θεοῦ
1706 4237 1946 4318 ἐγένοντο

2021 685 2284 758 ambitio,
2319 686 2580 758 avaritia,
2616 686 2841 759 odium,
2876 686 3124 762 invidia,
3158 689 3401 762 furtum,
3450 691 3653 753 ebrie-

2023 781 2129 847 tas,
2161 774 2448 848 convicia,
2486 793 2723 855 pravum
2755 774 3071 853 juditium,
3109 785 3166 837 et
3205 776 3486 858 quidquid
3522 780 3658 840 mali

2020 871 2320 942 perpetrat
2351 882 2562 942 corpus
2611 865 3094 942 concupiscentia
3133 867 3221 925 vel
3255 868 3339 927 ira
3373 877 3596 930 motum
3635 891 3648 928 :

2019 951 2131 1012 ista
2161 949 2331 1012 simul
2365 971 2499 1012 cum
2529 951 2757 1012 vivente
2788 952 3049 1033 homine,
3083 972 3259 1033 quem
3284 955 3484 1016 exedit
3511 975 3653 1018 con-

2019 1039 2394 1118 cupiscentiae
2429 1040 2602 1118 ignis,
2636 1051 3112 1120 corrumpuntur,
3151 1061 3408 1122 eumque
3451 1063 3485 1106 a
3516 1063 3652 1106 cor-

2021 1145 2162 1206 pore
2192 1127 2457 1187 avulsum
2490 1128 2868 1208 comitantur,
2902 1148 3020 1190 non
3063 1148 3201 1190 vero
3252 1142 3515 1207 manent,
3548 1134 3654 1195 sed

2017 1229 2208 1294 ruptae
2254 1225 2556 1276 auctorem
2611 1234 2779 1276 suum
2834 1217 2892 1277 in
2947 1219 3143 1279 medio
3193 1219 3328 1299 igne
3357 1221 3658 1302 reliquunt

2018 1303 2093 1392 in,
2138 1304 2353 1392 saecula
2398 1306 2750 1366 saeculorum
2806 1315 3026 1368 aeterno
3076 1307 3453 1388 plectendum
3507 1331 3653 1392 sup-

2019 1391 2220 1471 plicio.

2097 1481 2197 1544 80.
2233 1479 2492 1543 Scientia
2520 1482 2624 1545 Dei
2648 1501 2781 1544 eum
2803 1484 2905 1564 qui
2932 1483 2991 1545 in
3014 1502 3082 1546 ea
3098 1487 3420 1549 tediﬁcatus
3441 1496 3530 1550 est
3551 1507 3657 1569 per

2021 1569 2409 1631 humilitatem
2442 1580 2498 1631 et
2519 1571 2870 1652 orationem,
2907 1573 3129 1635 indicat
3159 1585 3359 1636 notum
3379 1596 3510 1639 esse
3533 1581 3653 1640 Deo

2020 1666 2078 1720 et
2098 1677 2132 1719 a
2161 1657 2286 1720 Deo
2315 1660 2560 1720 ditatum
2594 1678 2724 1722 esse
2756 1662 2958 1722 notitia
2987 1666 3525 1742 supernaturalium
3554 1666 3652 1747 ip-

2019 1747 2146 1809 sius
2178 1749 2615 1826 mysteriorum;
2648 1750 2697 1810 si
2729 1767 2866 1811 vero
2897 1752 3174 1831 superbia
3216 1753 3275 1814 in
3334 1775 3404 1814 eo
3453 1755 3654 1816 videa-

2017 1846 2138 1916 tur,
2174 1855 2290 1897 non
2325 1855 2430 1917 per
2459 1837 2587 1899 illas
2632 1837 2841 1899 vitutes
2891 1840 2952 1900 in
2996 1840 3124 1920 ipsa
3169 1841 3495 1903 aedificatus
3539 1849 3651 1918 est,

2020 1925 2123 1987 sed
2153 1945 2186 1987 a
2220 1925 2430 2005 spiritu
2464 1926 2668 1986 mundi
2691 1927 2866 2006 hujus
2894 1929 3217 1991 materialis
3245 1931 3459 2008 agitur.
3492 1929 3654 2003 Quo-

2021 2013 2178 2076 circa
2209 2014 2552 2094 hujusmodi
2581 2017 2668 2076 vir
2687 2015 2908 2096 aliquid
2939 2017 3094 2080 scire
3125 2018 3376 2094 videtur,
3413 2028 3470 2080 et
3509 2019 3656 2081 nihil

2022 2103 2354 2165 divinarum
2412 2121 2610 2165 rerum
2671 2105 2782 2166 scit
2834 2104 2985 2166 sicut
3043 2107 3197 2168 scire
3250 2117 3506 2188 oportet.
3545 2107 3656 2181 Qui

2024 2201 2264 2254 econtra
2293 2193 2478 2254 Deum
2510 2201 2686 2266 amat,
2723 2199 2782 2254 et
2813 2194 2955 2253 nihil
3008 2195 3326 2275 pretiosius
3360 2196 3660 2258 existimat

2022 2299 2224 2343 amore
2271 2281 2377 2343 Dei
2425 2291 2482 2342 et
2525 2281 2797 2362 proximi,
2845 2283 2946 2344 ille
2992 2284 3105 2345 scit
3147 2286 3436 2364 profunda
3464 2285 3572 2346 Dei
3603 2295 3661 2346 et

2027 2369 2301 2450 mysteria
2329 2372 2493 2448 regni
2528 2371 2676 2449 ejus,
2709 2371 2863 2432 sicut
2892 2372 3048 2433 scire
3089 2383 3323 2451 oportet
3350 2393 3527 2453 quem
3567 2373 3662 2434 di-

2023 2458 2194 2519 vinus
2227 2467 2419 2520 movet
2447 2459 2724 2538 Spiritus,
2760 2472 2816 2520 et
2849 2462 3224 2538 cognoscitur
3269 2479 3301 2522 a
3348 2461 3496 2542 Deo,
3529 2471 3660 2522 tan-

2024 2565 2197 2626 quam
2230 2565 2397 2608 verus
2425 2547 2681 2627 paradisi
2725 2547 3006 2609 Ecclesia
3036 2549 3164 2628 ejus
3194 2549 3523 2629 operarius,
3559 2557 3664 2630 qui

2025 2653 2130 2714 per
2155 2635 2499 2696 charitatem
2532 2635 2705 2696 faciet
2733 2635 3093 2697 voluntatem
3139 2636 3270 2713 Dei,
3301 2650 3664 2700 convertens

2020 2724 2299 2786 videlicet
2347 2724 2576 2786 animas
2619 2726 2944 2805 dignasque
2993 2744 3062 2786 ex
3109 2725 3370 2804 indignis
3399 2727 3664 2788 elﬁciens

2025 2831 2133 2894 per
2160 2813 2404 2874 verbum
2437 2813 2550 2874 sibi
2580 2813 2780 2874 datum
2833 2831 2866 2874 a
2906 2811 3122 2893 Spiritu
3163 2826 3392 2890 sancto,
3425 2824 3486 2877 et
3515 2834 3664 2878 con-

2025 2901 2282 2962 servabit
2311 2920 2457 2982 opus
2493 2920 2663 2964 suum
2696 2902 2983 2964 intactum
3036 2921 3142 2984 per
3184 2904 3578 2966 humilitatem
3610 2913 3668 2966 et

1959 2966 1999 3016 Ο
2025 2966 2569 3071 compunctionem.
2627 3044 2630 3047 _

2104 3256 2203 3318 81.
2235 3253 2460 3319 Omnes
2487 3257 2547 3319 in
2577 3255 2806 3321 Christo
2835 3257 3111 3340 baptizati
3136 3259 3420 3322 sumusin
3445 3277 3594 3340 aqua
3611 3269 3670 3322 et

2027 3345 2251 3426 Spiritu
2283 3355 2508 3420 sancto,
2540 3367 2749 3409 omnes
2771 3349 3041 3410 eamdem
3072 3367 3264 3410 escam
3299 3348 3664 3429 spiritualem

2030 3441 2474 3512 manducamus,
2502 3446 2560 3500 et
2587 3458 2795 3500 omnes
2827 3441 3103 3502 eumdem
3149 3448 3348 3520 potum
3381 3439 3666 3520 Spirizua-

2031 3528 2148 3589 lem
2181 3527 2440 3589 bibimus
2458 3527 2535 3603 35;
2568 3529 2691 3590 haec
2721 3538 2912 3590 autem
2957 3539 3089 3590 sunt
3119 3527 3525 3608 Christus,sed
3550 3547 3667 3588 non

2030 3617 2091 3678 in
2123 3617 2390 3697 pluribus
2421 3624 2682 3678 nostrum
2717 3617 3154 3697 beneplacitum
3188 3625 3277 3678 est
3309 3620 3450 3676 Deo.
3503 3615 3669 3676 Multi

2031 3707 2186 3767 enim
2216 3705 2530 3767 credentes
2559 3715 2616 3766 et
2649 3705 2894 3766 studiosi
2926 3706 3125 3767 multis
3151 3723 3426 3766 asceseos
3457 3722 3669 3784 corpo-

2029 3795 2288 3873 ralisque
2319 3793 2759 3856 exercitationis
2791 3794 3088 3855 laboribus
3123 3793 3360 3874 propria
3393 3810 3660 3853 macera-

2027 3891 2238 3944 verunt
2280 3891 2336 3944 et
2379 3890 2838 3943 extenuaverunt
2887 3900 3160 3961 corpora,
3213 3881 3350 3962 quia
3379 3899 3516 3940 vvro
3548 3897 3667 3940 non

2029 3969 2248 4032 habent
2295 3972 2808 4048 compunctionem
2860 3989 2926 4032 ex
2973 3969 3225 4031 contrito
3272 3979 3330 4030 et
3378 3966 3666 4030 benevolo

2027 4060 2207 4121 corde
2233 4068 2289 4122 et
2320 4059 2788 4122 misericordiam
2823 4078 2890 4120 ex
2923 4077 3124 4120 amore
3167 4057 3418 4138 proximi
3464 4065 3522 4117 et
3551 4055 3664 4127 sui,

2026 4148 2193 4208 vacui
2242 4167 2275 4209 a
2323 4148 2695 4228 plenitudine
2745 4152 2929 4209 sancti
2979 4145 3232 4228 Spiritus
3281 4145 3476 4207 relicti
3505 4152 3663 4219 sunt,

2029 4237 2372 4316 etelongati
2425 4245 2622 4297 sunta
2654 4237 2904 4298 scientia
2953 4235 3080 4311 Dei,
3135 4236 3441 4298 matricem
3494 4233 3672 4295 intel-

298 4325 570 4407 γνώσεως,
632 4329 836 4407 μήτραν
892 4326 1119 4391 διανοίας
1186 4324 1422 4406 ἄκαρπον
1520 4328 1941 4409 ἐσχηκότες,καῖ

2032 4323 2289 4403 ligentiac
2333 4325 2598 4388 sterilem
2646 4325 2954 4402 habentes,
2987 4325 3351 4406 verbumque
3383 4325 3513 4385 sine
3543 4321 3669 4383 sole

301 4413 462 4494 λόγον
491 4414 681 4475 ἄναλον
707 4418 793 4474 καὶ
821 4417 1141 4496 ἀφώτιστον.

385 4505 458 4580 πβ
487 4553 501 4566 .
534 4509 606 4565 Οὐ
624 4508 686 4562 τὸ
742 4505 978 4562 ἀνελθεῖν
1032 4506 1084 4563 ἐν
1127 4512 1204 4580 τῷ
1261 4505 1456 4578 Σιναίῳ
1508 4505 1638 4576 ἐστὶ,
1710 4505 1794 4563 διά
1822 4507 1951 4586 πρά-

305 4591 458 4667 ξεως,
491 4595 598 4673 ὄρει
665 4596 728 4651 τὸ
782 4596 1098 4671 ζητούμενον
1171 4607 1286 4658 τοῖς
1345 4597 1640 4673 Ναζιραίοις
1692 4596 1834 4674 παρὰ
1859 4606 1952 4654 τοῦ

305 4682 490 4763 λόγου,
523 4681 637 4740 οὐδὲ
688 4685 750 4742 τὸ
791 4686 1164 4763 καθαρισθῆναι
1206 4685 1306 4760 πρὸ
1364 4689 1456 4739 τοῦ
1484 4682 1742 4757 ἀνελθεῖν,
1775 4684 1951 4741 ταὶτά

301 4774 487 4849 ἱμάτια
514 4771 724 4847 πλῦναι,
781 4774 866 4829 καὶ
925 4795 1002 4847 μη
1071 4771 1340 4831 συνελθεῖν
1395 4773 1620 4852 γυναικὶ,
1685 4771 1820 4831 ἀλλὰ
1861 4776 1950 4830 καὶ

303 4864 369 4920 τὸ
393 4860 544 4931 ἰδεῖν,
591 4862 649 4919 οἶ»
692 4863 755 4918 νὰ
783 4862 990 4918 ὀπίσθια
1044 4870 1136 4920 τοῦ
1173 4867 1325 4935 Θεοῦ,
1358 4857 1476 4916 ἀλλ’
1508 4863 1663 4919 αὐτὸν
1689 4863 1779 4919 τὸν
1821 4865 1949 4918 Θεὸν

306 4952 361 5008 ἐν
406 4957 475 5026 τῇ
499 4949 622 5028 δόξῃ
651 4954 830 5030 αὐτοῦ,
893 4949 1200 5009 εὖδοκοῦντα
1257 4949 1312 5006 ἐν
1367 4953 1548 5013 αὐτοῖς
1579 4952 1666 5006 καὶ
1695 4952 1787 5015 τὰς
1819 4950 1951 5008 πλά-

307 5061 407 5104 κας
455 5040 659 5102 τούτοις
716 5037 919 5095 διδόντα
971 5043 1068 5105 τῆς
1125 5038 1394 5117 γνώσεως,
1444 5039 1532 5094 καὶ
1560 5037 1949 5098 ἀποστέλλοντα

308 5133 492 5192 αὖτοτς
523 5131 595 5195 εἰς
624 5127 908 5204 οἰκοδομὴν
931 5134 1022 5185 τοῦ
1051 5126 1181 5184 λαοῦ
1209 5126 1386 5188 αὒτοῦ.

387 5208 502 5297 πγ’.
537 5222 610 5277 Οὔ
640 5220 840 5281 πάντας
893 5218 1014 5283 τοὺς
1066 5218 1330 5296 ὑπηρετας
1388 5218 1545 5275 αὒτοῦ
1599 5219 1686 5274 καὶ
1715 5220 1951 5294 μαθητὰς

307 5310 339 5366 δ
381 5305 542 5387 λδγοσ
590 5309 663 5371 εἰς
719 5307 817 5374 τὴν
899 5313 1003 5363 τῶν
1078 5304 1450 5385 κεκρυμμένων
1529 5306 1618 5362 καὶ
1696 5315 1950 5384 μειζονων

392 5471 448 5517 ³⁸
476 5475 498 5537 Ι
529 5471 664 5539 Cor.
697 5491 758 5552 ι,
795 5472 834 5536 2
863 5492 1033 5558 seqq.

2031 4425 2088 4474 et
2120 4414 2274 4477 luce.

2112 4503 2210 4566 82.
2264 4503 2522 4566 Nazarazi
2553 4523 2587 4565 a
2618 4503 2814 4565 Verbo
2870 4510 3164 4585 quarunt,
3196 4521 3315 4563 non
3347 4503 3671 4568 ascendere

2032 4609 2140 4671 per
2171 4593 2391 4671 praxim
2425 4592 2484 4654 in
2519 4602 2775 4654 montem
2812 4591 2994 4666 Sinai,
3049 4611 3159 4652 nec
3187 4599 3323 4652 ante
3359 4610 3670 4655 ascensum

2037 4680 2334 4760 puriﬁcari
2381 4691 2439 4742 et
2485 4679 2900 4744 lavare'vestes
2930 4689 2988 4742 et
3015 4680 3086 4741 ab
3119 4697 3303 4740 uxore
3346 4679 3667 4757 abstinere,

2041 4772 2144 4828 sed
2179 4770 2354 4831 etiam
2379 4771 2601 4846 videre,
2637 4770 2790 4831 haud
2826 4770 3152 4850 posteriora
3200 4768 3329 4843 Dei,
3378 4775 3435 4829 at
3477 4769 3668 4848 ipsum

2039 4858 2225 4920 Deum
2259 4860 2318 4920 in
2350 4859 2541 4940 gloria
2572 4860 2721 4939 ejus,
2757 4859 3222 4938 complacentem
3257 4856 3316 4915 in
3347 4856 3493 4936 ipsis
3517 4857 3669 4918 dan-

2035 4958 2273 5029 temque
2304 4948 2390 5010 eis
2419 4948 2646 5010 tabulas
2691 4947 2956 5009 scientiae
3003 4955 3060 5007 et
3103 4962 3205 5006 eos
3237 4944 3567 5005 mittentem
3597 4945 3672 5008 ad

2031 5038 2438 5100 aadilicandum
2472 5037 2602 5118 ejus
2634 5037 2936 5118 populum.

2113 5217 2210 5282 83.
2247 5216 2374 5279 Non
2407 5235 2613 5279 omnes
2643 5217 2888 5278 famulos
2903 5212 3344 5296 discipulosque
3359 5229 3497 5273 suos
3517 5208 3672 5274 Ver-

2036 5307 2175 5370 bum
2207 5308 2279 5370 ad
2309 5307 2788 5370 absconditorum
2819 5306 3329 5382 excelsiorumque
3357 5301 3673 5382 mysterio-
