4052 6134
449 222 568 287 999

1750 221 2052 286 NICET/E
2093 216 2517 285 PECTORATI

3693 216 3824 282 1000

449 375 580 418 rum
631 373 873 418 suorum
919 355 1342 418 revelationem
1401 372 1603 417 secum
1660 354 1927 426 assumit,
1986 353 2072 413 set

2174 351 2456 429 μυστηρίον
2507 355 2662 411 αῦτοῦ
2728 351 3078 428 ἀνακάλυψιν,
3152 354 3268 428 μεθ’
3341 350 3552 410 ἑᾶυτοῦ
3603 349 3829 430 ἐπιφέρι-

449 444 678 526 aliquos
709 453 929 505 tantum
960 444 1176 525 quibus
1206 444 1341 505 data
1370 452 1461 506 est
1487 462 1579 505 aui
1600 444 1648 504 is
1667 453 1982 523 etapertus
2003 450 2093 503 est

450 536 659 597 oculus
688 533 931 593 visionis
961 544 1018 593 et
1048 533 1243 607 lingua
1277 552 1420 593 nova
1443 532 1807 594 manifestata
1827 540 1938 595 est.
1972 531 2091 592 Hos

448 623 642 685 adhuc
682 639 990 682 assumens
1027 630 1085 681 et
1129 638 1412 699 separans
1454 620 1531 682 ab
1573 621 1730 700 aliis,
1762 621 1862 701 qui
1891 629 1949 680 et
1976 618 2091 699 ipsi

452 710 669 792 pariter
697 717 835 770 sunt
863 708 1163 787 discipuli,
1201 709 1260 769 in
1306 708 1667 770 Thaborium
1716 709 2085 787 contempla—

449 799 627 861 tionis
645 805 901 858 montem
925 797 1213 868 ascendit,
1247 804 1304 857 et
1329 798 1781 874 transﬁguratur
1801 808 1936 858 ante
1960 813 2082 859 eos:

442 891 565 967 jam
597 906 714 947 non
744 886 982 946 initians
1012 904 1115 947 eos
1144 904 1327 963 regno
1371 886 1818 957 calorum-sed
1852 886 1938 947 eis
1981 905 2083 947 os—

446 975 699 1038 tendens
728 974 1047 1035 divinitatis
1095 975 1345 1051 gloriam
1381 984 1439 1034 et
1467 975 1876 1054 splendorem,
1910 973 2084 1035 vitam

446 1080 869 1142 sermonesque
899 1080 1104 1122 eorum
1140 1080 1212 1123 ex
1242 1079 1347 1139 suo
1381 1062 1608 1139 fulgore
1640 1061 1869 1140 fulgere
1898 1064 1999 1124 dat
2027 1064 2086 1123 in

452 1152 646 1214 medio
676 1149 956 1212 Ecclesia
981 1150 1267 1222 fidelium,
1302 1149 1685 1228 cogitationes
1714 1170 1919 1211 eorum
1949 1170 2091 1213 cun-

446 1242 620 1302 vertit
650 1240 708 1299 in
733 1238 1050 1300 candorem
1071 1257 1137 1300 ac
1168 1239 1481 1318 puritatem
1511 1239 1661 1300 lucis
1691 1240 2083 1312 nitidissima,

449 1339 508 1391 et
535 1327 816 1409 Spiritum
849 1346 1022 1390 suum
1052 1327 1195 1407 ipsis
1241 1326 1473 1399 inserit,
1508 1340 1686 1407 atque
1717 1329 1855 1389 sinit
1885 1348 1987 1391 eos
2017 1350 2086 1391 ex

449 1436 552 1480 ore
583 1417 845 1496 proferre
874 1433 1022 1476 nova
1067 1426 1126 1477 et
1165 1423 1360 1475 vetera
1389 1415 1448 1475 in
1478 1418 1934 1479 aditicationem
1965 1437 2087 1480 sua

448 1505 749 1568 Ecclesia.

524 1772 622 1836 84.
658 1771 824 1835 Multi
857 1787 996 1832 suos
1023 1789 1193 1850 agros
1224 1790 1358 1839 cum
1395 1790 1604 1852 magna
1639 1773 1945 1853 diligentia
1975 1793 2082 1836 co-

443 1861 572 1923 lunt
600 1860 661 1921 in
684 1860 890 1940 eisque
922 1877 1133 1939 purum
1158 1877 1364 1922 semen
1391 1861 1643 1939 jaciunt,
1676 1863 1953 1943 vepribus
1981 1881 2078 1923 an-

443 1960 537 2012 tea
563 1949 772 2012 recisis
793 1958 851 2010 et
875 1948 1143 2009 sentibus
1178 1949 1312 2025 igne
1335 1950 1695 2029 paenitentia
1730 1952 2077 2026 combustis;

2170 458 2256 493 ται
2287 437 2420 494 ἀλλά
2474 461 2639 515 τινας,
2699 440 2841 507 ὅσοις
2896 443 3187 521 προσετέθη
3258 444 3375 519 οῦς,
3460 444 3561 498 καὶ
3602 442 3828 518 ἀνεῴχθη

2172 526 2439 607 ὀφθαλμὸς
2524 531 2777 593 ὁπτασίας
2875 533 2964 587 καὶ
3016 530 3234 609 γλῶσσα
3294 534 3470 603 καινὴ
3531 530 3792 609 ἑτρανώθη
3814 547 3829 564 ⁸

2168 637 2230 672 το
2248 619 2381 681 ’τους
2438 616 2513 673 ἔτι
2592 616 3040 697 παραλαμϐάνων,
3124 624 3213 678 καὶ
3307 622 3694 701 ἀποχωρίζων
3743 618 3834 675 ἀπὸ

2168 709 2273 759 τῶν
2317 700 2513 775 ἄλλων,
2547 710 2634 762 καὶ
2662 710 2837 765 αὒτεῦν
2909 708 3164 771 ὡσαύτως
3220 700 3492 784 μαθητῶν
3542 709 3737 780 ὄντων,
3764 706 3837 763 ἐπὶ

2167 794 2228 846 τὸ
2259 790 2527 873 Θαϐώριον
2558 799 2657 862 τῆς
2725 796 2942 874 θεωρίας
3000 797 3281 878 ἀνέρχεται
3352 798 3518 877 ἄρος,
3555 800 3654 854 καὶ
3685 818 3837 871 μετα-

2169 888 2454 960 μορφοῦται
2512 881 2800 962 ἔμπροσθεν
2848 889 3022 943 αὐτῶν
3081 906 3095 922 ’
3175 891 3269 945 οὒκ
3324 886 3402 943 ἔτι
3471 891 3841 963 μυσταγωγῶν

2169 970 2351 1032 αὐτοὺς
2373 971 2438 1025 τά
2460 973 2556 1037 τῆς
2609 970 2879 1047 βασιλείας
2919 974 3023 1030 τῶν
3094 977 3349 1052 οὖρατῶν,
3413 974 3576 1031 ἀλλά
3606 972 3845 1030 δεικνύων

2170 1057 2351 1121 αὒτοῒς
2384 1060 2482 1126 τὴν
2510 1060 2604 1128 τῆς
2654 1061 2905 1127 θεότητος
2989 1060 3141 1127 δόξαν
3183 1085 3240 1119 τε
3303 1066 3391 1120 καὶ
3455 1063 3845 1141 λαμπρότητα,

2169 1147 2254 1201 καὶ
2296 1149 2386 1202 τὸν
2460 1148 2555 1222 μὲν
2597 1154 2912 1229 χαρακτῆρα
2964 1157 3056 1207 τοῦ
3122 1152 3236 1227 βίου
3303 1154 3389 1208 καὶ
3437 1151 3625 1229 λόγου
3659 1152 3841 1224 αὒτῶν,

2168 1235 2396 1311 λάμπειν
2428 1238 2480 1305 ἐξ
2542 1241 2697 1296 αὑτοῦ
2756 1238 2983 1315 δίδωσιν,
3043 1244 3118 1303 ὡς
3176 1245 3265 1298 τὸν
3321 1242 3513 1314 ἣλιον,
3552 1242 3728 1317 μέσον
3755 1246 3846 1306 τῆς

2167 1330 2273 1380 τῶν
2298 1331 2496 1384 πιστῶν
2542 1328 2882 1395 Ἐκκλησίας·
2928 1332 2994 1386 τα
3052 1328 3106 1386 δὲ
3142 1333 3403 1406 ’νοήματα
3448 1337 3650 1390 abtch
3680 1351 3845 1405 μετα-

2167 1429 2326 1471 ποτεῖ
2380 1418 2452 1479 εἰς
2509 1415 2824 1493 λευκότητα,
2884 1420 2971 1474 καὶ
3026 1422 3359 1497 καθαρότητα
3417 1422 3620 1500 φωτὸς

2168 1499 2433 1584 λάμπρου,
2474 1507 2562 1562 καὶ
2630 1508 2722 1562 τὸν
2773 1506 2892 1563 νοῦν
2943 1508 3127 1566 ἑαυτοῦ
3179 1510 3367 1571 αὐτοῖς
3419 1499 3732 1577 ἐντίθησιν,
3764 1509 3845 1563 καὶ

2167 1588 2402 1669 ἐκφέρειν
2430 1592 2647 1650 ἀπολύει
2703 1592 2787 1650 διά
2842 1595 3105 1670 στόματος
3165 1597 3318 1657 καινά
3374 1618 3433 1652 τε
3478 1599 3583 1653 καὶ
3616 1594 3843 1673 παλαιὰ,

2110 1703 2150 1752 ο
2169 1679 2241 1743 είς
2270 1679 2553 1755 οἰκοδομὴν
2581 1688 2680 1749 τῆς
2702 1690 2795 1739 τοῦ
2826 1683 3170 1750 Ἐκκλησίας.

2247 1768 2331 1825 πδ’
2365 1770 2558 1827 Πολλοὶ
2578 1773 2673 1834 τὰς
2724 1771 2922 1827 ἑαυτῶν
2978 1772 3163 1851 χώρας
3231 1771 3285 1828 ἐν
3341 1771 3644 1848 ἐπιμελείᾳ
3670 1769 3845 1844 πολλῇ

2165 1857 2522 1937 ἔγεώργησαν,
2582 1861 2669 1916 καὶ
2741 1860 2951 1939 σπέρμα
3029 1862 3254 1939 καθαρὸν
3329 1860 3383 1917 ἐν
3440 1866 3656 1923 αὐταῖς
3712 1880 3845 1915 κατ-

2163 1946 2414 2004 ιϐάλοντο
2472 1949 2566 2012 τὰς
2623 1948 2848 2014 ἀκάνθας
2901 1952 3379 2027 προυποτεμόντες,
3440 1951 3537 2006 καὶ
3602 1951 3708 2012 τὰς
3737 1969 3842 2025 τρι-

445 2038 549 2100 sed
570 2038 708 2118 quia
738 2055 853 2097 non
886 2034 1031 2115 pluit
1064 2037 1123 2096 in
1156 2037 1243 2097 eis
1274 2036 1543 2099 imbrifer
1583 2037 1687 2099 Dei
1731 2037 1984 2119 Spiritus
2007 2057 2072 2100 ex

2162 2033 2346 2098 ϐόλους
2402 2039 2481 2111 τῷ
2535 2039 2655 2115 πυρὶ
2709 2042 2807 2104 τῆς
2868 2038 3146 2112 μετανοίας
3222 2038 3633 2117 ἐμπρήσαντες,
3701 2034 3835 2091 ἀλλά

433 2125 909 2206 compunctione,
956 2124 1103 2185 nihil
1150 2124 1289 2186 inde
1332 2134 1578 2197 metunt,
1614 2127 1907 2207 siquidem
1932 2137 2077 2189 astu

433 2214 638 2277 siccati
687 2222 849 2286 sunt,
913 2231 1024 2273 nec
1070 2211 1312 2273 sibimet
1367 2214 1767 2291 produxerunt
1824 2216 2074 2277 fructum

438 2304 825 2384 multiplicem
858 2300 1124 2361 scientia
1155 2300 1282 2362 Dei.
1316 2300 1520 2382 Itaque
1549 2303 1597 2363 si
1631 2322 1746 2364 non
1785 2303 1943 2365 verbi
1976 2305 2072 2365 di-

435 2393 554 2455 vini
585 2391 830 2471 penuria
861 2390 1078 2457 enecti,
1108 2391 1315 2450 saltem
1351 2390 1613 2452 scientia
1647 2394 1747 2455 Dei
1778 2393 1987 2473 inopes
2017 2400 2076 2453 et

438 2479 710 2540 manibus
740 2476 902 2539 vacui
936 2478 1259 2557 perierunt,
1294 2482 1511 2558 quippe
1540 2480 1642 2559 qui
1681 2499 1822 2560 paca
1853 2491 2075 2543 tantum

438 2568 720 2630 alimenta
747 2586 815 2629 ex
847 2566 1187 2646 elemosyna
1207 2567 1325 2628 sibi
1354 2567 1757 2648 providerant.

513 2833 613 2896 85.
646 2829 995 2911 Quicunque
1023 2847 1334 2892 sermones
1361 2830 1536 2893 utiles
1587 2851 1691 2895 ore
1740 2834 1967 2914 profert
1997 2835 2072 2897 ad

437 2918 884 2981 aditicationem
937 2919 1208 2997 proximi,
1259 2918 1335 2980 de
1381 2919 1535 2980 bono
1566 2923 1840 2985 thesauro
1876 2924 2074 2986 cordis

438 3007 660 3086 profert
705 3007 860 3078 illos,
913 3025 1047 3068 cum
1098 3007 1176 3067 sit
1221 3007 1348 3086 ipse
1388 3006 1601 3082 bonus,
1653 3012 1820 3090 juxta
1867 3030 2069 3074 vocem

433 3093 695 3156 Domini.
743 3092 930 3156 Nemo
968 3104 1163 3155 autem
1204 3104 1395 3174 potest
1443 3096 1803 3176 loquendum
1837 3099 1912 3160 de
1952 3104 2071 3164 Deo

434 3183 661 3244 moveri
709 3201 777 3244 ac
823 3182 1027 3243 dicere
1070 3201 1201 3262 qua
1246 3193 1382 3243 sunt
1432 3183 1560 3257 Dei,
1596 3185 1711 3247 nisi
1756 3188 1814 3248 in
1849 3186 2072 3268 Spiritu

432 3280 685 3345 sancto;
735 3280 794 3331 et
840 3289 1017 3331 nemo
1076 3270 1135 3330 in
1185 3270 1406 3351 Spiritu
1458 3273 1565 3335 Dei
1611 3273 1882 3354 loquens,
1932 3277 2077 3338 dicit

433 3359 731 3422 contraria
761 3359 894 3422 fidei
928 3377 1059 3439 qua
1090 3367 1177 3420 est
1210 3360 1269 3420 in
1301 3359 1625 3442 Christum,
1659 3364 1760 3424 sed
1789 3374 2070 3444 quantum

432 3447 705 3523 adificat,
739 3456 964 3511 tantum
997 3448 1184 3509 elevat
1208 3446 1279 3508 ad
1303 3447 1483 3508 Deum
1514 3450 1763 3531 ejusque
1794 3471 2063 3531 regnum,

429 3536 492 3598 in
528 3538 953 3618 pristinamque
985 3536 1238 3597 restituit
1271 3537 1634 3600 nobilitatem
1661 3558 1730 3601 ac
1758 3540 1881 3602 Deo
1918 3561 2066 3604 con-

423 3626 622 3706 jungit
652 3626 881 3705 aliquos
912 3643 1115 3687 eorum
1146 3628 1243 3705 qui
1279 3625 1600 3688 salvantur.
1626 3629 1688 3691 Si
1717 3639 1914 3691 autem
1947 3650 2068 3692 ma-

430 3714 723 3775 nifestatio
756 3713 1009 3794 Spiritus
1041 3713 1359 3792 unicuique
1391 3714 1564 3775 datur
1603 3718 1674 3778 ad
1726 3718 2063 3800 utilitatem,

433 3802 534 3882 qui
563 3819 703 3881 ergo
755 3820 1033 3864 sermone
1084 3802 1394 3880 sapientia
1447 3802 1554 3864 Dei
1604 3804 1821 3869 ditatus
1850 3818 1908 3869 et
1938 3826 2064 3870 ser-

430 3890 695 3953 scientia
714 3891 955 3969 gaudet,
988 3891 1089 3951 ille
1128 3891 1237 3952 sub
1283 3890 1463 3951 divini
1501 3891 1753 3972 Spiritus
1787 3895 2068 3960 instinctu

428 3979 564 4058 agit,
617 3987 674 4040 et
708 3979 994 4060 templum
1046 3987 1137 4040 est
1189 3978 1557 4042 inﬁnitarum
1603 3980 1713 4043 Dei
1755 3984 2066 4047 thesauro-

426 4085 558 4129 rum
575 4114 587 4126 .

509 4155 609 4218 86.
644 4155 772 4218 Non
806 4156 1163 4237 relinquitur
1189 4159 1393 4236 gratia
1421 4158 1672 4239 Spiritus
1700 4158 1894 4239 inops,
1927 4160 2066 4241 qui-

428 4261 663 4324 cunque
693 4244 754 4304 in
800 4245 1037 4306 Christo
1094 4245 1418 4325 baptizatus
1464 4255 1552 4308 est
1599 4258 1659 4312 et
1709 4248 1982 4325 credidit,
2017 4250 2066 4312 si

429 4331 693 4392 nondum
717 4349 783 4392 se
803 4332 1093 4411 captivum
1122 4334 1364 4396 tradidit
1391 4337 1462 4398 ad
1494 4355 1733 4398 omnem
1764 4339 2064 4418 Operatio-

426 4435 567 4506 nem
598 4418 847 4491 maligni
865 4420 1107 4499 spiritus
1137 4441 1246 4482 nec
1276 4423 1453 4485 ﬁdem
1485 4443 1650 4485 suam
1678 4426 2065 4506 malisiuqui-

427 4504 588 4565 navit
616 4507 917 4581 Operibus.
952 4507 1069 4569 Aut
1094 4508 1145 4569 si
1176 4511 1374 4589 tepide
1402 4530 1470 4573 ac
1495 4514 1862 4592 negligenter
1890 4504 2062 4590 vivat,

426 4592 748 4656 dummodo
777 4595 932 4675 apud
962 4596 1126 4657 illum
1159 4601 1261 4678 qui
1290 4599 1679 4665 inexstinctas
1707 4603 2067 4666 conservavit

428 4682 683 4763 Spiritus
711 4684 899 4745 sancti
954 4684 1246 4764 primitias
1275 4687 1337 4749 in
1377 4706 1545 4751 sacro
1578 4690 1928 4772 baptismate
1958 4711 2063 4756 ac-

426 4782 647 4851 ceptas,
683 4772 863 4835 fidem
918 4772 1265 4837 exstinctam
1302 4779 1655 4840 reaccendat
1684 4799 1755 4841 ex
1785 4780 2065 4855 operibus

418 4861 688 4941 justitia,
723 4862 1095 4941 impossibile
1125 4871 1215 4924 est
1243 4884 1377 4926 eum
1410 4867 1585 4945 hujus
1629 4869 2062 4948 plenitudinem

426 4968 545 5011 non
576 4968 955 5030 recuperare.
991 4949 1098 5013 Vel
1133 4951 1291 5013 enim
1327 4954 1547 5015 bonum
1593 4965 1896 5018 certamen
1927 4977 2064 5020 cer-

425 5047 578 5118 tans,
628 5057 934 5100 semonem
985 5040 1291 5120 sapientia
1320 5042 1427 5105 Dei
1478 5053 1740 5105 meretur
1790 5047 2067 5126 accipere

427 5145 535 5208 per
559 5127 986 5206 plenitudinem
1011 5127 1375 5209 Spiritus,ad
1398 5133 1847 5197 instructionem
1867 5135 2068 5197 Eccle-

424 5215 571 5291 sia;
623 5216 714 5278 vel
773 5235 1113 5280 sermonem
1170 5220 1433 5283 scientia
1492 5223 1902 5302 mysteriorum
1957 5224 2064 5286 Dei

423 5306 753 5369 secundum
782 5307 1060 5369 eumdem
1081 5307 1386 5387 Spiritum,
1413 5311 1486 5373 ad
1509 5311 1821 5373 sciendum
1846 5320 2060 5393 myste-

421 5394 513 5457 ria
540 5394 711 5473 regni
734 5396 1043 5470 calorum;
1068 5397 1158 5458 vel
1191 5398 1487 5462 sinceram
1531 5401 1709 5462 fidem
1752 5402 1814 5462 in
1845 5402 2059 5463 eodem

425 5481 671 5566 Spiritu,
724 5483 796 5545 ad
844 5484 1212 5548 credendum
1282 5489 1775 5569 promissionibus
1832 5489 1939 5553 Dei
1984 5491 2059 5554 ad

2158 2123 2243 2183 διὰ
2271 2127 2332 2180 τὸ
2362 2126 2438 2199 μὴ
2473 2125 2647 2203 βρέξαι
2695 2126 2750 2181 ἐν
2806 2129 2992 2189 αὐταῖς
3048 2129 3140 2182 τὸν
3197 2128 3328 2182 Θεὸν
3376 2129 3530 2183 ὑετὸν
3572 2126 3832 2198 Πνεύμα-

2156 2235 2242 2275 τος
2276 2213 2424 2287 ἁγίου
2483 2213 2543 2268 ἐκ
2603 2214 2954 2285 κατανύξεως,
3030 2212 3176 2273 οὐδὲν
3228 2214 3429 2271 ἐκεῖθεν
3478 2216 3777 2288 ἡμήσαντο
3809 2237 3825 2251 ’

2155 2308 2233 2375 τῷ
2289 2306 2485 2380 αὐχμῷ
2536 2303 2634 2380 γὰρ
2710 2301 3089 2381 ἐξηράνθησαν,
3169 2305 3257 2359 καὶ
3312 2305 3400 2360 τὸν
3460 2304 3673 2381 στάχυν
3736 2306 3822 2357 τὸν

2159 2389 2426 2469 πολύχοην
2472 2394 2566 2449 οὐκ
2616 2391 3061 2469 ἀκαρποφόρησαν
3130 2390 3363 2460 ἑαυτοῖς.
3424 2397 3522 2458 τῆς
3562 2398 3661 2448 νοῦ
3691 2395 3823 2446 Θεοῦ

2158 2478 2427 2556 γνώσεως.
2463 2481 2557 2534 Διὸ
2579 2481 2623 2534 εί
2652 2482 2739 2535 καὶ
2768 2480 2844 2553 μὴ
2874 2478 3017 2553 λιμῷ
3046 2478 3205 2557 λόγου
3239 2486 3392 2553 Θεοῦ,
3423 2478 3559 2535 ἀλλά
3591 2478 3816 2544 πένητες

2158 2568 2401 2644 γνώσεως
2448 2575 2603 2647 Θεοῦ,
2661 2570 2749 2624 καὶ
2809 2570 2951 2625 κενοὶ
3004 2582 3126 2631 ταῖς
3222 2571 3404 2649 χερσὶν
3458 2566 3806 2643 ἐναπὲψυξαν,

2157 2655 2353 2733 ὀλίγοις
2403 2658 2533 2712 τισὶν
2578 2658 2650 2720 είς
2705 2654 2986 2736 διατροφὴν
3072 2655 3124 2721 ἐξ
3206 2658 3388 2735 ἐράνου
3445 2654 3805 2735 ἐφοδιάσαντες

2155 2744 2393 2807 ἑαυτοὺς,

2235 2822 2343 2894 πε’,
2393 2838 2502 2895 Ηᾶς
2532 2834 2561 2888 ὁ
2607 2832 2838 2911 ἐκφέρων
2893 2831 3083 2911 λόγους
3133 2832 3386 2913 ὡγελείας
3416 2832 3521 2889 ἀπὸ
3547 2839 3640 2889 τοῦ
3670 2831 3793 2887 στό-

2158 2942 2348 2996 ματος,
2381 2922 2454 2985 είς
2507 2917 2789 2994 οἰκοδομὴν
2845 2928 2937 2978 τοῦ
2992 2920 3240 3001 πλήσίον,
3294 2922 3353 2977 ἐκ
3380 2926 3631 2999 θεσαυρῶν
3660 2940 3786 2995 καρ-

2155 3007 2262 3075 δίας
2310 3009 2517 3088 ἀγαθῶν
2573 3009 2775 3088 ἐκφέρει
2832 3012 3042 3085 αὐτοὺς,
3114 3011 3306 3087 ἀγαθὸς
3366 3011 3465 3083 ὢν,
3515 3011 3632 3066 κατὰ
3684 3008 3777 3071 τήν

2154 3105 2245 3154 τοῦ
2301 3099 2487 3177 Κυρίου
2555 3101 2760 3177 φωνήν.
2820 3098 2967 3158 Οὖδεὶ
3019 3098 3075 3155 δὲ
3126 3096 3350 3155 ’δύναται
3412 3102 3484 3163 εἰς
3529 3094 3769 3171 θεολογίαν

2154 3188 2457 3258 κινηθῆναι,
2493 3188 2580 3242 καὶ
2617 3188 2787 3242 εἰπεῖν
2835 3188 2901 3243 τὰ
2957 3189 3073 3266 περὶ
3136 3195 3291 3263 Θεοῦ,
3348 3190 3395 3244 εἰ
3451 3182 3779 3262 μὴένῐινεΰ-

2156 3296 2283 3349 ματι
2313 3274 2447 3351 ἁγίῳ
2480 3290 2493 3304 ⁸
2527 3276 2615 3331 καὶ
2644 3273 2808 3338 οὐδεὶς
2858 3274 2910 3332 ἐν
2962 3276 3225 3351 Πνεύματι
3293 3284 3444 3356 Θεοῦ,
3481 3274 3672 3351 λαλῶν,
3694 3268 3782 3326 λέ-

2155 3384 2236 3440 γει
2267 3363 2332 3419 τά
2401 3362 2609 3420 ἐναντία
2663 3364 2759 3431 τῆς
2816 3365 2889 3427 εἰς
2949 3367 3171 3443 Χριστὸν
3226 3365 3479 3437 πίστεως,
3540 3360 3654 3419 ἀλλ’
3702 3358 3789 3415 ὅσα

2150 3448 2443 3526 οἰκοδομεῖ,
2475 3450 2572 3507 ὅσα
2600 3453 2729 3530 πρὸς
2801 3453 2931 3508 Θεὸν
2998 3453 3205 3533 ἀνάγει,
3256 3454 3344 3509 καὶ
3406 3454 3509 3519 τὴν
3537 3449 3788 3527 βασιλείαν

2151 3538 2331 3612 αὐτοῦ,
2393 3541 2481 3595 καὶ
2549 3540 2645 3608 τὴν
2714 3539 2945 3603 παλαιὰν
3008 3542 3271 3619 εὐγένειαν
3338 3540 3687 3612 ἀποκαθιστᾷ,
3712 3542 3789 3596 καὶ

2151 3628 2399 3684 συνάπτει
2459 3635 2575 3702 Θεῷ
2626 3634 2730 3684 τῶν
2802 3628 3117 3704 σωζομένων
3185 3630 3361 3693 τινας.
3421 3631 3481 3686 Εἰ
3537 3629 3593 3686 δὲ
3651 3625 3782 3689 καὶῆ

2151 3716 2443 3796 φανέρωσις
2497 3726 2592 3776 τοῦ
2688 3718 2988 3791 Πνεῦματος
3045 3719 3251 3793 ἑκάστῳ
3321 3716 3489 3774 δίοται
3587 3719 3713 3796 πρὸς
3737 3713 3790 3767 τδ

2151 3806 2434 3885 συμφέρον,
2466 3805 2566 3885 ἄρα
2610 3809 2637 3862 ὁ
2688 3808 2788 3862 τὸν
2844 3805 3004 3885 λόγον
3063 3806 3452 3873 πεπλουτηκὼς
3493 3812 3594 3873 τῆς
3623 3805 3789 3885 σοφίας

2150 3902 2300 3968 Θεοῦ,
2335 3897 2421 3951 καὶ
2450 3902 2541 3951 τοῦ
2604 3894 2766 3972 λόγου
2850 3901 2949 3963 τῆς
3012 3896 3256 3974 γνώσεως
3329 3895 3672 3975 εὔμοιρτίσπν
3701 3891 3791 3948 ὑπὸ

2147 3993 2240 4043 τοῦ
2265 3984 2401 4040 θείου
2462 3991 2767 4059 Πνεῦματος
2823 3983 3137 4063 ἐνεργεῖται,
3186 3987 3273 4041 καὶ
3330 3985 3484 4047 οἶκὸς
3546 3985 3659 4040 ἐστι
3697 3987 3792 4037 τῶν

2150 4073 2725 4161 ἀκενώτπννθησαυρῶν
2756 4080 2849 4131 τοῦ
2879 4082 3035 4135 Θεοῦ.

2229 4151 2373 4235 πς·’.
2419 4144 2666 4241 ’Ἀμοιρος
2697 4167 2757 4221 οὔ
2784 4162 3239 4238 καταλιμπάνεται
3297 4167 3394 4228 τῆς
3439 4168 3533 4219 τοῦ
3564 4168 3792 4235 Πνεῦμα-

2089 4271 2239 4338 Βτος
2294 4250 2541 4330 χάριτος,
2603 4257 2705 4315 πᾶς
2751 4254 2778 4308 ὁ
2850 4253 2922 4314 εἷς
2977 4252 3199 4329 Χριστὸν
3258 4251 3560 4327 βαπτισθεὶς
3588 4252 3676 4307 καὶ
3705 4269 3790 4304 πι-

2148 4339 2390 4419 στεύσας,
2427 4341 2469 4394 εἷ
2500 4340 2684 4415 μὴπου
2775 4337 2981 4397 ἔκδοτον
3019 4342 3199 4396 ἑαυτὸν
3237 4340 3307 4404 εἷς
3338 4346 3511 4396 πᾶσαν
3540 4338 3793 4417 ἐνέργειαν

2145 4427 2237 4484 τοῦ
2278 4427 2512 4485 ἐναντίου
2567 4426 2756 4484 δέδωκε
2814 4431 3138 4508 πνεύματος,
3197 4430 3283 4484 καὶ
3330 4428 3431 4495 τὴν
3478 4429 3654 4485 πίστιν
3685 4435 3791 4484 τοῖς

2146 4514 2318 4595 ἔργοις
2375 4515 2623 4574 ἐπολυνεν
2649 4536 2664 4551 ο
2736 4516 2773 4583 ἥ
2830 4519 3050 4597 ῥαθυμίᾳ
3100 4519 3189 4574 καὶ
3240 4516 3464 4592 ἀμελείᾳ
3520 4523 3676 4593 συζῇ,
3718 4515 3795 4575 ἐπὶ

2147 4607 2237 4661 τὸν
2286 4606 2384 4672 τὴν
2441 4606 2694 4686 ἀπαρχὴν
2750 4613 2843 4663 τοῦ
2892 4606 3042 4684 ἄγίου
3111 4607 3415 4681 Πνεῦματος
3470 4604 3795 4683 τετηρηκότι

2144 4690 2416 4769 ἄσϐεστον,
2473 4695 2540 4761 ἢν
2599 4695 2659 4750 ἐκ
2735 4701 2825 4751 τοῦ
2908 4695 3055 4773 ἁγίου
3139 4695 3504 4771 βαπτίσματος
3562 4691 3747 4750 ’ἐλαϐεν
3779 4708 3793 4724 ⁸

2146 4783 2459 4859 σβεσθεϊσαν
2507 4783 2779 4857 ἀνάψαντα
2835 4782 2890 4839 ἐν
2932 4782 3100 4861 ἔργων
3140 4781 3513 4855 δικαιοσύνης,
3562 4783 3660 4839 οὺκ
3703 4800 3802 4838 εστι

2145 4873 2223 4946 μὴ
2294 4873 2416 4951 οὒχὶ
2485 4874 2572 4928 καὶ
2624 4875 2686 4928 τὸ
2740 4871 3011 4951 πλήρωμα
3064 4874 3226 4938 mimi;
3283 4878 3469 4928 τοῦτον
3498 4869 3696 4927 ἄνωθεν
3726 4868 3800 4925 δέ·-

2146 4959 2326 5025 ξασθαι
2360 4977 2374 4990 ·
2428 4959 2465 5029 ἢ
2528 4962 2627 5041 γὰρ
2678 4959 2856 5027 καλῶς
2924 4960 3323 5037 ἀγωνισάμενος
3377 4967 3470 5017 τοῦ
3510 4957 3671 5036 λόγου
3700 4963 3799 5024 τῆς

2147 5052 2328 5130 σοφίας
2358 5056 2511 5123 Θεοῦ,
2544 5047 2628 5105 sta
2687 5059 2779 5108 τοῦ
2819 5048 3181 5127 πληρώματος
3233 5047 3464 5113 ἀξιοῦται
3493 5054 3586 5104 τοῦ
3630 5048 3796 5104 Ilvati-

2147 5160 2312 5213 ματος
2370 5140 2443 5201 εἷς
2484 5135 2820 5195 διδασκαλίαν
2846 5139 2944 5204 τῆς
3003 5134 3330 5203 Ἐκκλησίας
3382 5157 3398 5171 ⁸
3451 5137 3487 5205 ἢ
3531 5143 3622 5192 τοῦ
3643 5135 3802 5214 λόγου

2144 5232 2243 5294 τῆς
2311 5229 2557 5306 γνώσεως
2613 5231 2717 5283 τῶν
2789 5228 3091 5306 μυστηρίων
3135 5233 3286 5299 Θεοῦ,
3345 5227 3481 5282 κατᾶ
3550 5227 3611 5280 τὸ
3668 5227 3801 5291 αὐτὶ

2147 5323 2356 5392 Πνεῦμα
2419 5318 2491 5378 εἷς
2548 5318 2609 5372 τὸ
2683 5313 2869 5372 εἰδέναι
2940 5317 3006 5371 τὰ
3061 5318 3322 5394 μυστήρια
3378 5319 3478 5381 τῆς
3530 5312 3799 5389 βασιλείας

2604 5404 2639 5472 ἣ
2697 5410 2794 5471 τῆς
2852 5402 3142 5461 ἐνδιαθέτου
3208 5405 3432 5466 πίστεως
3464 5402 3518 5459 ἐν
3547 5405 3625 5475 τῷ
3653 5405 3797 5474 αὒτῴ

3118 5492 3211 5554 τὰς
3293 5488 3613 5569 ἔπαγγελίας
3669 5496 3797 5549 Θεοῦ

2141 5412 2247 5461 τῶν
2277 5405 2506 5484 οῦρανῶν
2543 5424 2556 5438 ·

2142 5494 2428 5569 Πνεῦματι,
2505 5494 2577 5556 εἰς
2648 5494 2707 5549 τὸ
2768 5493 3028 5549 πιστεύειν
