4052 6134
242 287 395 354 1001
784 304 789 309 ’
1182 294 1725 362 GNOSTIGORUM
1768 292 1917 356 CAP

2006 288 2107 354 UM
2149 290 2543 359 CENTURIA
2586 296 2696 357 III.
3469 286 3628 358 10θῖ

248 426 385 480 κατὰ
429 428 519 483 τὸν
553 425 793 507 ’Λϐραάμ
862 444 875 458 ⁸
936 429 971 497 ἢ
1026 439 1119 489 τοῦ
1173 431 1501 511 χαρίσματος
1531 434 1636 485 τῶν
1662 427 1899 502 ἰαμάτων

2006 427 2170 511 nstar
2208 421 2546 511 Abraham;
2599 422 2690 511 vel
2739 421 2986 511 gratiam
3034 423 3346 486 sanitatum
3389 423 3453 485 in
3497 443 3617 488 uno

250 512 305 567 ἐν
326 521 404 589 τῷ
430 519 574 590 αὐτῷ
636 506 918 597 Πνεύματι,
978 520 1049 583 είς
1106 506 1393 576 τὸηῖἀσθαι
1462 520 1556 582 τὰς
1606 518 1784 579 νόσους
1816 533 1831 547 ⁸
1862 512 1897 579 ἢ

2006 506 2219 589 ιρίινίιιι,
2270 509 2344 570 ad
2402 509 2697 571 sanandos
2746 510 3028 587 morbos;
3074 512 3166 573 vel
3216 512 3620 592 operationem

249 603 347 670 τῆς
412 605 674 683 ἐνεργείας
730 612 833 661 τῶν
881 594 1172 688 δυνάμεων,
1227 610 1298 673 εἰς
1361 609 1422 664 τὸ
1491 606 1762 681 δαίμονας,
1793 602 1897 658 ἀπ-

2006 594 2286 688 rirtutum,
2307 596 2381 688 ad
2404 598 2706 688 damones
2737 598 3045 688 pellendos
3066 605 3124 659 et
3143 598 3311 677 signa
3325 599 3627 688 iacienda;

251 688 487 747 ελαυνειν
517 693 605 747 καὶ
646 707 849 768 σημεῖα
872 707 1048 751 ποιεῖν
1083 715 1097 729 ·
1222 701 1318 762 τῆς
1360 695 1700 775 προφητείας,
1737 693 1809 754 εἷς
1839 691 1901 745 τὸ

2006 684 2071 745 τοι
2094 686 2486 766 prophetiam,
2506 687 2580 749 ad
2610 686 3067 768 providendum,
3090 705 3159 749 ac
3180 684 3625 769 praedicendum

249 784 482 858 προορᾷν
532 782 619 836 καὶ
660 780 937 861 προλέγειν
1005 786 1071 840 τὰ
1126 773 1436 859 μέλλοντα)
1477 773 1527 851 -ἢ
1570 789 1665 850 τῆς
1695 780 1898 859 διακρί-

2006 776 2339 851 ‘utura;vel
2383 775 2808 839 discretionem
2860 775 3201 857 spirituum,
3257 774 3331 837 ad
3389 776 3625 841 discer—

254 889 391 931 σεως
438 874 543 923 τῶν
580 871 915 951 πνευμάτων,
963 874 1034 936 είς
1079 874 1138 928 τὸ
1181 870 1456 952 διακρίνειν
1508 872 1601 936 τίς·
1644 871 1698 928 ἐν
1730 868 1899 925 Πνεύ-

2006 861 2243 952 tendum
2275 863 2407 944 quis
2436 864 2494 925 in
2528 863 2748 944 Spiritu
2795 864 2901 926 Dei
2950 865 3247 945 loquatur,
3298 865 3433 945 quis
3460 883 3626 944 non;

254 977 381 1029 ματι
416 963 546 1015 Θεοῦ
574 956 742 1036 λέγει,
771 950 961 1025 καὶτίς
1010 959 1067 1017 ού
1101 977 1114 991 ⁸
1145 960 1181 1029 ἢ
1250 950 1347 1028 τῆς
1393 962 1671 1039 ἑρμηνείας
1713 956 1901 1036 διαφό-

2006 950 2077 1010 rel
2133 952 2686 1032 interpretationem
2740 952 3036 1016 variarum
3096 952 3474 1032 linguarum;
3537 955 3630 1018 vel

748 1047 783 1114 ἢ
825 1054 924 1115 τῆς
976 1049 1310 1125 ἀντιλήψεως
1380 1056 1484 1106 τῶν
1512 1045 1903 1121 καταπονουμέ-

256 1155 358 1189 νων
395 1149 408 1162 ⁶
442 1134 477 1200 ἢ
544 1136 643 1202 τῆς
714 1133 1073 1211 κυϐερνήσεως
1128 1140 1386 1214 ποιμνίων
1430 1145 1581 1214 Θεοῦ,
1636 1138 1723 1194 καὶ
1749 1130 1898 1191 λαοῦ·

254 1221 291 1287 ἦ
338 1223 439 1287 τῆς
497 1224 626 1302 πρὸς
684 1225 877 1288 πάντες
946 1227 1183 1303 ἀγάπης,
1246 1229 1334 1283 καὶ
1389 1231 1493 1283 τῶν
1558 1225 1904 1306 χαρισμάτων

255 1310 418 1377 αὐτῆς
474 1312 572 1377 τῆς
628 1315 1007 1391 μακροθυμίας,
1066 1321 1165 1382 τῆς
1223 1315 1614 1395 χρηστότητος,
1666 1316 1755 1371 καὶ
1800 1319 1905 1368 τῶν

257 1394 435 1454 ἄλλων
464 1402 619 1474 ὁμοῦ.
670 1403 727 1457 Εἰ
756 1399 811 1456 δὲ
855 1402 911 1456 ἐν
968 1404 1177 1460 πάντων
1233 1394 1431 1461 τούτων
1477 1403 1692 1483 ἄμοιρος
1724 1405 1904 1480 εὑρεθῇ

258 1507 364 1559 τισ,
398 1488 492 1543 οὑκ
544 1486 681 1567 ἔχω,
737 1495 850 1551 πῶς
906 1490 1046 1547 ε’ίπω
1088 1495 1177 1548 τὸν
1234 1499 1470 1550 τοιοῦτον
1512 1495 1722 1573 πιστὸν,
1750 1493 1787 1558 ἦ
1815 1498 1910 1548 τοῦ

258 1576 556 1655 καταλόγου
614 1586 717 1636 τῶν
774 1577 1126 1657 ἐνδεδυμένων
1200 1585 1420 1661 Χριστὸν
1451 1584 1557 1640 ἀπὸ
1627 1594 1720 1642 τοῦ
1771 1583 1908 1639 θείου

257 1665 648 1741 βαπτίσματος.

342 1744 453 1825 πζ’.
500 1746 555 1813 εΟ
584 1757 682 1823 τὴν
713 1758 927 1835 ἀγάπην
957 1759 1124 1841 ἔχων,
1173 1761 1268 1819 οὒκ
1295 1761 1410 1819 οἶδε
1453 1761 1537 1820 διὰ
1578 1762 1738 1835 ζῆλον
1782 1766 1913 1843 φθο-

261 1855 398 1918 νεῖν,
433 1848 493 1903 οὗ
548 1847 916 1925 περπερεύεται
974 1852 1048 1913 ὡς
1119 1850 1413 1930 ἐπηρμένος
1465 1855 1551 1909 καί
1619 1852 1910 1931 προπέτης,

262 1936 324 1990 οὐ
353 1940 622 2012 φυσιοῦται
682 1938 818 1993 κατά
876 1959 1039 2014 τινος,
1098 1944 1191 1999 οὐκ
1244 1941 1553 2020 ἀσχημονεῖ
1607 1944 1673 1998 τὰ
1703 1943 1915 2022 ἀπρεπῆ

264 2023 398 2100 πρὸς
428 2024 519 2078 τὸν
566 2022 814 2099 πλησίον,
876 2033 1067 2107 ποιῶν,
1141 2033 1200 2087 οὗ
1244 2036 1399 2100 ζητεῖ
1440 2031 1505 2085 τὰ
1561 2030 1745 2087 ἑαυτοῦ
1775 2053 1914 2105 συμ-

264 2109 491 2189 φέροντα
548 2113 709 2193 μόνα,
767 2112 903 2169 ἀλλά
956 2118 1045 2172 καὶ
1112 2117 1178 2172 τά
1204 2124 1296 2173 τοῦ
1355 2117 1604 2199 πλησίον,
1666 2120 1726 2175 οὺ
1775 2141 1917 2197 παρ-

264 2196 497 2261 οξύνεται
541 2200 676 2256 κατὰ
706 2206 810 2256 τῶν
859 2201 1161 2260 λυπούντων
1204 2204 1442 2284 ταχέως,
1503 2210 1562 2265 οὒ
1628 2205 1911 2284 λογίζεται,

265 2286 310 2340 εἰ
341 2286 483 2361 πάθη
512 2288 641 2343 ποτέ
669 2311 719 2344 τι
757 2292 943 2371 κακὸν,
1002 2296 1061 2351 οὒ
1090 2293 1288 2375 εχαίρει
1347 2294 1433 2351 ἐπὶ
1491 2301 1558 2371 τῇ
1615 2293 1787 2366 ἀδικίᾳ
1813 2295 1919 2351 τῶν

265 2371 455 2453 φίλων,
490 2377 763 2456 συγχαίρει
792 2375 845 2433 δὲ
897 2386 965 2456 τῇ
1025 2371 1243 2454 ἀληθεία
1310 2384 1408 2449 τῆς
1474 2382 1803 2451 δικαιοσύνης
1835 2387 1922 2443 αὖ·

253 1065 360 1121 ρων
386 1043 642 1121 γλωσσῶν
677 1065 694 1082 ⁶

1988 1037 2434 1116 opitulationem
2508 1039 2907 1113 afﬂictarum;
2973 1039 3065 1101 vel
3132 1039 3631 1119 gubernationem

1989 1125 2187 1187 ovium
2216 1135 2274 1188 et
2301 1128 2493 1208 plebis
2531 1128 2683 1205 Dei;
2726 1130 2815 1191 vel
2846 1129 3198 1191 charitatem
3242 1148 3383 1210 erga
3423 1150 3633 1194 omnes

1989 1214 2236 1295 ejusque
2257 1216 2634 1294 charismata,
2655 1218 3186 1299 longanimitatem,
3206 1217 3629 1298 benignitatem

1990 1309 2048 1362 et
2075 1310 2305 1365 caetera.
2335 1304 2397 1367 Si
2419 1304 2551 1385 quis
2575 1314 2769 1369 autem
2792 1306 2886 1368 his
2914 1306 3194 1369 omnibus
3223 1315 3440 1386 careat,
3474 1309 3634 1372 hunc

1987 1388 2190 1452 dicere
2234 1411 2464 1473 nequeo
2514 1393 2735 1456 habere
2784 1395 2965 1457 [idem
3010 1394 3102 1457 vel
3152 1413 3287 1457 esse
3329 1412 3401 1458 ex
3427 1415 3635 1460 eorum

1988 1500 2238 1583 numero
2269 1485 2371 1566 qui
2401 1485 2701 1549 Christum
2729 1486 3058 1551 induerunt
3086 1505 3196 1568 per
3223 1488 3487 1553 divinum
3529 1490 3636 1554 ba-

1993 1578 2236 1651 ptisma.

2078 1753 2177 1814 87.
2209 1748 2320 1823 Qui
2348 1750 2693 1814 charitatem
2723 1750 2925 1827 habet,
2960 1753 3157 1817 nescit
3199 1753 3403 1817 invide
3444 1772 3635 1818 tema-

1996 1836 2131 1915 lari;
2156 1857 2276 1900 non
2303 1842 2423 1919 agit
2443 1859 2779 1922 perperam,
2804 1848 3079 1922 tanquam
3100 1851 3338 1905 tumens
3366 1862 3435 1906 ac
3458 1850 3640 1908 teme-

1996 1928 2213 2005 rarius;
2238 1947 2357 1989 non
2377 1928 2621 1992 inﬂatur
2648 1937 2853 1993 contra
2872 1948 3256 2011 quemquam;
3284 1948 3401 1993 non
3418 1931 3634 1995 incon-

1996 2034 2143 2094 grua
2162 2025 2259 2077 aut
2279 2017 2622 2080 indecentia
2646 2017 2786 2080 facit
2813 2018 3095 2080 adversus
3126 2020 3482 2100 proximum;
3517 2039 3639 2084 non

2000 2106 2212 2185 quaerit
2240 2123 2371 2186 quae
2398 2126 2505 2168 sua
2526 2114 2686 2183 sunt,
2716 2106 2822 2169 sed
2852 2126 2983 2188 quae
3007 2116 3145 2169 sunt
3191 2109 3485 2192 proximi;
3520 2128 3641 2172 non

2000 2193 2300 2256 irrritatur
2328 2196 2654 2275 promptius
2684 2203 2891 2257 contra
2926 2194 3251 2272 modestos;
3284 2216 3402 2259 non
3427 2198 3644 2279 cogitat

2001 2285 2245 2358 malum,
2285 2285 2337 2345 si
2367 2284 2506 2364 quid
2539 2284 2678 2345 mali
2698 2284 2953 2364 patiatur
2980 2303 3263 2366 unquam;
3287 2305 3409 2347 non
3428 2287 3645 2366 gaudet

2000 2389 2183 2452 super
2208 2372 2516 2452 iniquitate
2545 2372 2892 2449 amicorum,
2918 2373 3248 2453 congaudet
3274 2383 3468 2437 autem
3491 2375 3645 2438 veri-

265 2463 375 2517 τῶν
409 2480 422 2493 ⁸
478 2464 651 2521 πάντα
706 2466 879 2544 στέγει
962 2469 1027 2524 τὰ
1070 2469 1405 2550 ἐπερχόμενα
1460 2475 1602 2546 αὐτῷ
1659 2472 1869 2551 λυπηρά
1900 2490 1913 2502 ⁹

2006 2461 2104 2551 tati
2130 2461 2371 2541 justitiae
2399 2460 2689 2551 ipsorum;
2722 2462 2922 2524 omnia
2941 2463 3148 2524 suﬂ‘ert
3175 2463 3505 2526 accidentia
3527 2463 3645 2527 sibi

266 2550 442 2608 πάντα
472 2550 523 2616 ἐξ
579 2552 883 2622 ἁπλότητος
939 2558 1026 2612 καὶ
1066 2549 1298 2622 ,ἀκακίας
1356 2561 1610 2636 πιστεύει,
1658 2562 1829 2617 πάντα
1857 2562 1917 2616 τὰ

2006 2549 2403 2625 incommoda;
2437 2550 2636 2612 omnia
2658 2551 2869 2627 credit,
2896 2559 3096 2632 utpote
3112 2551 3361 2633 simplex
3381 2562 3444 2618 et
3460 2554 3642 2617 inno-

268 2638 646 2718 ἐπηγγελμένα
678 2645 812 2717 ἡμῖν
843 2644 947 2700 ἀπὸ
979 2652 1109 2701 Θεοῦ
1178 2645 1372 2719 ἐλπίζει
1403 2646 1721 2724 ἀπολαϐεῖν,
1753 2650 1917 2728 πάνρα

2006 2656 2186 2714 cens;
2221 2639 2420 2700 omnia
2448 2657 2482 2699 a
2509 2638 2631 2702 Deo
2684 2641 2977 2720 promissa
3024 2649 3223 2722 sperat
3265 2642 3381 2705 sibi
3426 2661 3644 2707 conse-

268 2730 521 2805 ὑπομένει
553 2733 619 2788 τὰ
646 2740 752 2790 τῶν
810 2738 1138 2814 πειρασμῶν,
1189 2738 1265 2814 μὴ
1321 2736 1593 2803 ἀποδιδοὺς
1624 2741 1785 2795 κακὸν
1810 2740 1917 2802 ἀντῖ

2008 2727 2265 2806 quenda;
2295 2727 2494 2789 omnia
2530 2728 2782 2791 sustinet
2810 2736 3199 2811 tentamenta,
3233 2748 3353 2793 non
3379 2732 3642 2794 reddens

267 2829 456 2893 κακοῦ,
489 2822 576 2876 καὶ
606 2820 851 2879 οὐδέποτε
880 2830 978 2891 τῆς
1027 2833 1120 2882 τοῦ
1168 2825 1395 2894 πλησίον
1440 2828 1652 2906 ἀγάπης
1685 2827 1917 2890 ἐκπίπτει

2009 2816 2230 2876 malum
2263 2834 2368 2895 pro
2400 2816 2577 2890 malo;
2612 2834 2727 2879 nec
2748 2836 3006 2898 unquam
3038 2817 3111 2880 ab
3157 2837 3361 2882 amore
3388 2820 3646 2901 proximi

271 2908 301 2961 ὁ
344 2907 682 2989 T7]:_&Té1tﬁt;
712 2908 962 2989 ἐργάτης.
1490 2904 1497 2906 ὴ
1851 2944 1861 2957 '

2009 2904 2233 2967 decidit
2258 2906 2560 2968 charitatis
2588 2906 2901 2985 operarius
2927 2906 3000 2971 33.
3390 2920 3394 2923 ’

354 2985 475 3062 πη’.
536 3002 648 3054 Τῶν
717 2998 1025 3075 ἢξιωμένων
1116 3008 1214 3069 τῆς
1302 3001 1496 3060 ἄνωθεν
1552 3004 1772 3083 χάριτος
1828 3011 1917 3062 τοῦ

2083 2995 2180 3058 88.
2213 2993 2376 3056 Inter
2391 3013 2493 3057 eos
2509 2994 2610 3076 qui
2631 2995 2887 3075 desuper
2917 2997 3160 3074 gratiam
3184 2994 3441 3078 Spiritus
3456 2998 3647 3061 sancti

272 3083 426 3159 ἁγίου
484 3086 784 3161 Πνεύματος
856 3070 910 3145 ἐν
968 3087 1232 3170 διαφόροις
1290 3070 1641 3172 χαρίσμασσιῖθ,
1710 3096 1755 3149 οἱ
1825 3094 1917 3169 μὲν

2006 3083 2253 3145 variisin
2268 3070 2723 3145 charismatibus
2745 3070 3077 3165 accipiendi
3093 3070 3257 3165 digni
3277 3086 3467 3150 habiti
3483 3095 3642 3165 sunt,

272 3173 403 3227 εἰσὶν
434 3170 509 3228 ἔτι
560 3159 739 3243 νήπιοι
808 3179 894 3233 καὶ
936 3159 1144 3242 ἀτελεῖς
1202 3159 1391 3243 εἰς’-τό
1447 3159 1567 3237 θεῖα
1595 3159 1917 3261 χίαρίσματα,

2007 3172 2107 3233 alii
2127 3180 2263 3235 sunt
2284 3171 2748 3261 adhucinfantes
2771 3182 2830 3235 et
2852 3159 3187 3257 imperfecti
3199 3175 3261 3235 in
3282 3174 3499 3237 divinis
3511 3159 3647 3237 cha-

273 3259 547 3319 018‘“de
674 3266 907 3323 ί“”ἐλ
1062 3269 1085 3324 ἐ
1214 3277 1238 3287 “’
1364 3271 1375 3292 ’
1808 3259 1917 3308 "t

388 3296 410 3317 ε
548 3285 631 3339 ρες
677 3288 761 3323 και
830 3302 845 3323 ι
911 3290 1006 3325 ειοι
1090 3292 1116 3324 ν
1172 3292 1248 3344 τῳ
1290 3292 1485 3326 τουτων
1540 3295 1579 3327 π
1615 3293 1858 3350 ηρωμαιι

2006 3260 2372 3333 rismatibus,
2398 3260 2498 3322 alii
2515 3269 2652 3322 sunt
2676 3261 2786 3322 viri
2817 3269 2875 3322 et
2894 3261 3145 3342 perfecti
3182 3261 3244 3324 in
3279 3264 3492 3325 horum
3515 3263 3649 3344 ple-

273 3353 366 3407 καὶ
409 3355 456 3408 οἱ
511 3354 608 3426 μὲν
665 3357 795 3432 πρὸς
839 3356 1086 3435 ἐργασιαν
1144 3364 1250 3414 τῶν
1307 3360 1457 3415 θείων
1505 3359 1917 3435 ἐπεκτεινόμενος

2008 3351 2545 3414 nitudine.Priores
2567 3351 2966 3414 observationi
2982 3352 3317 3414 divinorum
3343 3352 3649 3416 mandato-

275 3440 524 3515 ἐντολῶν,
600 3443 873 3514 αὗζάνουσί
923 3468 982 3501 τε
1035 3447 1089 3503 ἐν
1156 3449 1360 3512 τούτοις
1427 3451 1515 3506 καὶ
1570 3448 1917 3528 πληρούμενοι

2007 3459 2139 3503 rum
2161 3440 2600 3520 incumbentes,
2625 3440 2688 3501 in
2709 3440 2795 3501 eis
2815 3448 3113 3516 crescunt,
3139 3447 3197 3501 et
3216 3440 3430 3520 repleti
3450 3441 3644 3520 majo-

274 3528 384 3585 τῶν
455 3530 706 3605 μειζόνων
759 3543 851 3591 τοῦ
945 3536 1244 3611 Πνεύματος
1319 3535 1549 3617 δωρεῶν,
1609 3527 1917 3616 καταργοῦσι

2008 3529 2172 3591 ribus
2204 3528 2376 3590 donis
2400 3527 2678 3617 Spiritus,
2706 3536 2927 3592 exuunt
2951 3529 3304 3617 charismata
3326 3545 3458 3609 quas
3475 3537 3646 3591 erant

275 3618 345 3675 τὰ
370 3615 581 3674 ὄπισθεν
631 3620 727 3686 τῆς
784 3622 1108 3689 νηπιότητος
1163 3626 1468 3704 χαρίσματα
1504 3615 1599 3682 ’.οἱ
1656 3624 1708 3681 δέ
1751 3615 1838 3689 εἰς
1867 3627 1917 3681 τὲ

2009 3619 2408 3699 parvulorum.
2435 3616 2801 3704 Posteriores
2848 3634 3010 3691 vero,
3062 3616 3136 3678 ad
3174 3616 3406 3696 apicem
3456 3617 3645 3679 evecti

276 3706 437 3784 ἄκρον
467 3706 759 3772 ἀλάσαντες
799 3715 898 3776 τῆς
956 3721 1046 3770 τοῦ
1112 3719 1241 3768 Θεοῦ
1282 3713 1497 3792 ἀγάπης
1539 3716 1627 3770 καὶ
1655 3714 1925 3792 γνώσεως,

277 3796 531 3851 παύονται
596 3795 781 3853 λοιπὸν
835 3804 940 3853 τῶν
1011 3799 1071 3856 ἐκ
1127 3800 1314 3880 μέρους
1369 3803 1717 3881 χαρισμάτων
1741 3821 1758 3839 ’
1814 3802 1927 3857 ε’ίτε

276 3886 602 3963 προφητεϊαί
629 3886 778 3960 εἰσιν,
811 3889 884 3951 ὡς
914 3890 974 3943 τὸ
1031 3887 1235 3968 λόγιον,
1296 3888 1408 3946 εἴτε
1455 3889 1732 3970 διακρίσεις
1761 3912 1925 3946 πνευ-

277 3972 487 4052 μάτων,
545 3972 657 4029 εἴτε
726 3974 1059 4051 ἀντιλήψεις,
1094 3976 1205 4034 εἴτε
1272 3976 1632 4059 κυϐερνήσεις,
1706 3981 1792 4036 καὶ
1861 3981 1924 4035 τὰ

276 4060 420 4128 ἑξῆς.
460 4056 517 4121 Ὀ
546 4064 645 4141 γὰρ
673 4064 745 4128 εἰς
793 4065 858 4120 τὰ
908 4066 1167 4146 ἀνάκτορα
1221 4072 1319 4134 τῆς
1389 4056 1626 4147 ἀγάπης*
1654 4067 1920 4142 εἰσελθὼν,

276 4150 372 4206 οὖκ
403 4148 477 4206 ἔτι
532 4150 593 4207 ἐκ
635 4152 822 4231 μέρους
893 4156 1139 4233 γινώσκει
1197 4158 1325 4212 Θεὸν
1366 4157 1463 4224 τὴν
1520 4157 1758 4235 ἀγάπην,
1790 4156 1925 4216 ἀλλὰ

275 4238 560 4316 πρόσωπον
589 4242 719 4320 πρὸς
789 4243 1072 4321 πρόσωπον
1129 4242 1327 4319 ὁμιλῶν
1389 4246 1552 4319 αὐτῷ,
1587 4245 1922 4323 ἐπιγινώσκει

275 4329 458 4405 αὐτὸν,
487 4331 660 4392 καθὼς
690 4332 778 4385 καὶ
811 4332 965 4395 αὐτὸς
1007 4329 1095 4388 ὑπ’
1129 4332 1287 4390 αὖτοῧ
1329 4333 1655 4412 ἐπεγνώσθη.

359 4410 468 4479 πθ’.
507 4408 563 4474 Ὀ
620 4418 679 4474 ἐκ
746 4419 907 4489 ζήλου
976 4425 1083 4478 τῶν
1151 4428 1518 4496 πνευματικῶν
1577 4423 1923 4503 χαρισμάτων

275 4505 378 4572 τὴν
429 4506 641 4585 ἀγάπην
701 4504 909 4573 διώξας.
986 4511 1073 4565 καὶ
1127 4508 1463 4591 καταλαϐὼν,
1532 4514 1627 4568 οὒκ
1670 4512 1923 4591 ἀνέχεται

277 4593 426 4668 μόνῳ
467 4596 637 4670 ἑαυτῷ
692 4593 878 4652 λαλεῖν
947 4594 1031 4653 διὰ
1072 4601 1378 4678 προσευχῆς
1447 4600 1535 4657 καὶ
1579 4600 1923 4678 ἀναγνώσεως

275 4683 352 4746 εἰς
397 4681 679 4759 οἰκοδομὴν
713 4701 725 4714 ·
776 4688 804 4741 ὁ
859 4686 958 4765 γὰρ
1011 4685 1188 4744 λαλῶν
1240 4687 1457 4766 γλώσση
1515 4688 1651 4765 μόνῃ
1696 4692 1812 4763 Θεῷ
1840 4687 1924 4745 διὰ

273 4777 588 4852 προσευχῆς
628 4775 714 4829 καὶ
742 4772 1075 4856 ψαλμῳδίας,
1119 4777 1303 4832 ἑαυτὸν
1366 4776 1659 4857 οἰκοδομεῖ,
1692 4776 1766 4840 ὣς
1796 4800 1924 4857 φησι

273 4860 481 4927 Παῦλος
532 4878 545 4891 ⁸
584 4862 721 4919 ἀλλὰ
747 4865 836 4920 καὶ
892 4865 1261 4943 προφητεύειν,
1321 4863 1440 4921 κατ’
1497 4867 1677 4928 αὐτὸν,
1711 4865 1924 4944 ἐπείγε-

272 4971 382 5023 ται,
418 4952 489 5014 εἷς
557 4950 840 5028 οἰκοδομὴν
882 4958 981 5020 τῆς
1037 4960 1130 5010 τοῦ
1185 4961 1316 5013 Θεοῦ
1382 4953 1725 5028 Ἐκκλησίας,
1758 4955 1925 5036 ἢφουν

272 5035 534 5096 διδάσκειν
591 5043 712 5106 τοὺς
769 5040 992 5109 πλησίον
1045 5043 1144 5110 τὴν
1215 5042 1458 5123 ἐργασίαν
1513 5050 1618 5100 τῶν
1673 5054 1765 5104 τοῦ
1794 5035 1925 5102 Θεοῦ

274 5126 526 5210 ἐντολῶν,
554 5133 643 5187 καὶ
670 5130 814 5195 ὅπως
886 5132 997 5211 χρὴ
1055 5129 1290 5188 σπεύδειν
1345 5133 1418 5196 είς
1491 5132 1552 5188 τὸ
1581 5136 1923 5212 εὐαρεστῆσαι

275 5223 415 5291 Θεῷ.
471 5221 532 5275 Τὶ
586 5221 685 5298 γὰρ
741 5221 829 5275 καὶ
886 5219 1160 5300 ὠφελῆσαι
1266 5242 1410 5284 τινας
1470 5219 1701 5288 δυνηθείν
1774 5222 1837 5278 ἃν
1893 5225 1922 5279 ὁ

272 5305 444 5381 ἐαυτῷ
486 5309 573 5363 καὶ
603 5316 718 5383 Θεῴ
749 5308 896 5383 μόνῳ
922 5306 1123 5385 λαλῶν,
1156 5310 1425 5387 προεστὼς
1468 5306 1553 5366 διὰ
1614 5315 1919 5390 προσευχῆς

208 5445 219 5451 -
272 5396 363 5453 καὶ
391 5393 700 5471 ψαλμῳὸίας
728 5396 831 5476 ἀεὶ,
873 5397 962 5453 ἐὰν
1017 5398 1092 5472 μὰ
1148 5394 1358 5473 λαϐήσῃ
1413 5399 1501 5454 καὶ
1555 5412 1671 5463 τοῖς
1700 5397 1790 5455 ὑπ’
1819 5401 1918 5455 αὐ-

2010 3706 2312 3768 charitatis
2334 3713 2391 3766 et
2411 3703 2674 3766 scientiae
2692 3704 2823 3780 Dei,
2850 3704 3203 3766 charismata
3224 3723 3295 3765 ex
3317 3712 3484 3785 parte
3507 3711 3645 3767 tan-

2012 3804 2131 3856 tum
2152 3793 2374 3855 habere
2394 3793 2520 3871 jam
2542 3791 2842 3869 desinunt,
2862 3791 2986 3853 sive
3000 3792 3328 3872 prophetiae
3347 3791 3490 3866 sint,
3508 3794 3648 3872 jux-

2010 3890 2067 3943 ta
2093 3881 2337 3943 verbum
2370 3879 2535 3942 Pauli
2561 3879 2635 3954 37,
2689 3879 2812 3941 sive
2859 3878 3254 3942 discretiones
3301 3879 3642 3959 spirituum,

2009 3970 2132 4033 sive
2156 3968 2596 4051 opitulationes,
2629 3967 2752 4030 sive
2780 3967 3237 4047 gubernationes
3261 3977 3321 4029 et
3340 3967 3451 4029 alia
3470 3967 3647 4030 dein-

2008 4077 2147 4140 ceps
2180 4076 2195 4120 :
2226 4058 2325 4138 qui
2356 4056 2516 4118 enim
2563 4055 2625 4116 in
2657 4057 2864 4116 turrim
2896 4054 3198 4117 charitatis
3226 4055 3485 4132 intravit,
3511 4056 3641 4137 jam

2008 4167 2128 4209 non
2158 4166 2234 4208 ex
2265 4153 2429 4226 parte
2459 4144 2764 4223 cognoscit
2791 4146 2981 4206 Deum
3013 4144 3115 4225 qui
3162 4143 3417 4207 charitas
3445 4155 3537 4207 est
3561 4145 3637 4219 ³8,

2008 4237 2113 4299 sed
2140 4235 2289 4297 facie
2319 4234 2391 4295 ad
2421 4233 2630 4315 faciem
2655 4250 2788 4294 cum
2828 4251 2898 4294 eo
2931 4250 3310 4315 conversans,
3342 4234 3648 4313 cognoscit

2006 4326 2173 4387 illum
2203 4323 2353 4385 sicut
2374 4330 2431 4384 et
2457 4322 2724 4401 cognitus
2753 4320 2826 4382 ab
2861 4339 2931 4382 eo
2962 4328 3072 4385 est.

2086 4416 2187 4477 89.
2247 4410 2358 4484 Qui
2415 4408 2807 4490 spiritualium
2866 4409 3288 4472 charismatum
3341 4410 3643 4474 studiosus
3677 4412 3693 4431 ‘

2007 4503 2355 4566 charitatem
2378 4498 2645 4579 quaesivit
2673 4505 2730 4558 et
2751 4497 3000 4578 adeptus
3021 4504 3132 4575 est,
3160 4516 3280 4561 non
3303 4499 3446 4562 satis
3466 4499 3647 4562 habet

2006 4591 2120 4671 sibi
2143 4589 2253 4651 soli
2274 4587 2435 4668 loqui
2468 4603 2576 4666 per
2612 4584 2942 4646 orationem
2966 4594 3024 4647 et
3044 4585 3360 4649 lectionem
3392 4587 3465 4649 ad
3496 4607 3641 4668 pro-

2006 4679 2192 4761 priam
2215 4676 2667 4740 aediﬁcationem
2692 4674 2819 4754 (qui
2849 4673 3009 4736 enim
3039 4676 3166 4737 sola
3188 4676 3388 4755 lingua
3415 4677 3539 4738 Deo
3560 4676 3643 4738 lo-

2007 4769 2205 4850 quitur
2232 4784 2339 4848 per
2368 4764 2699 4827 orationem
2730 4769 2789 4825 et
2811 4763 3224 4844 psalmodiam,
3254 4765 3641 4844 semetipsum

2010 4856 2282 4933 aediﬁcat,
2316 4864 2381 4916 ut
2425 4853 2506 4914 ait
2535 4852 2748 4913 Paulus
2776 4852 2875 4931 39),
2910 4853 3015 4914 sed
3057 4852 3234 4914 etiam
3286 4852 3641 4932 prophetare

2007 4948 2186 5028 (juxta
2202 4942 2506 5020 eumdem)
2528 4940 2786 5016 festinat,
2801 4941 2875 5002 ad
2897 4941 3344 5004 aediﬁcationem
3366 4940 3649 5003 Ecclesiae

2006 5036 2139 5113 Dei,
2188 5033 2403 5095 docere
2449 5029 2727 5092 videlicet
2776 5029 3110 5109 proximum
3167 5029 3643 5091 observationem

2006 5123 2421 5187 mandatorum
2454 5118 2561 5181 Dei
2583 5125 2642 5179 et
2670 5118 2964 5198 quomodo
2990 5118 3228 5182 studere
3257 5126 3524 5200 oporteat
3565 5118 3642 5181 ad

2004 5211 2360 5294 placendum
2391 5211 2537 5271 Deo.
2572 5207 2725 5279 Quid
2755 5207 2915 5267 enim
2962 5206 3095 5268 aliis
3136 5206 3422 5287 prodesse
3447 5214 3644 5287 potest

2003 5301 2298 5385 superior,
2326 5300 2423 5379 qui
2445 5296 2560 5359 sibi
2584 5299 2827 5385 Deoque
2862 5294 2972 5356 soli
3006 5294 3270 5385 loquitur
3288 5311 3399 5385 per
3416 5294 3642 5385 oratio-

2003 5382 2138 5456 nem
2162 5399 2220 5454 et
2236 5385 2648 5470 psalmodiam,
2672 5384 2788 5447 nisi
2809 5384 3089 5467 loquatur
3109 5383 3287 5446 etiam
3297 5382 3421 5448 suis
3439 5382 3643 5447 subdi-

355 5550 409 5595 ³⁸
436 5553 462 5615 Ι
488 5556 623 5620 Cor.
654 5572 783 5638 xm,
813 5556 943 5621 4-8.
1027 5556 1082 5599 37
1109 5555 1134 5617 Ι
1166 5555 1297 5619 Cor.
1332 5572 1437 5633 xu,
1460 5556 1638 5620 4-11.
1724 5556 1778 5601 ³⁸
1810 5556 1917 5623 Ibit

2047 5550 2357 5614 391Joan.
2386 5563 2470 5622 Iv,
2507 5546 2603 5610 l6.

593 5719 847 5786 PATROL.
880 5717 989 5783 Gn.
1021 5714 1187 5783 CXX.

3077 5705 3155 5772 32
