4052 6134
451 274 605 341 1003

1754 279 1807 341 Ν
1812 276 2057 339 ῙΟΕΤιΕ
2104 272 2532 335 PECTORATI

3704 269 3849 334 1004

449 407 553 483 tis,
578 407 699 469 sive
719 407 782 467 in
799 407 1164 470 revelatione
1186 405 1434 487 Spiritus
1457 404 1666 475 sancti,
1687 404 1808 466 sive
1830 407 1887 466 in
1905 407 2099 469 scien-

2194 405 2269 457 τὸν
2295 404 2330 469 ἧ
2360 404 2413 459 ἐν
2474 402 2804 478 ἀποκαλύψει
2864 404 3163 478 Πνεύματος
3217 405 3388 482 ἁγίου,
3449 402 3486 472 ἢ
3548 404 3611 458 ἐν
3663 404 3849 480 γνώσει

446 496 529 558 tia
558 496 979 576 mysteriorum
1011 495 1141 569 Dei,
1177 495 1298 555 sive
1330 494 1390 555 in
1440 494 1699 573 provida;
1750 495 1904 555 dono
1950 515 2090 577 pro-

447 586 685 667 phetiae,
733 584 856 645 sive
886 585 947 644 in
979 583 1251 646 doctrina
1279 583 1575 644 sermonis
1606 582 1909 662 sapientiai
1938 583 2093 647 Dei?

447 672 591 745 Quis
622 673 779 735 enim
813 672 1161 733 inferiorum
1202 690 1267 733 se
1297 673 1567 750 accinget
1603 671 1675 732 ad
1710 674 2088 751 pugnandum

449 762 803 840 cupiditates
834 779 899 837 ac
921 761 1246 835 daemones,
1281 760 1398 820 nisi
1420 761 1640 821 clarum
1659 760 1947 821 doctrinae
1969 780 2092 822 ser-

450 869 691 913 monem
714 850 950 913 dederit
978 850 1101 912 sive
1130 848 1500 928 scripto'sive
1533 849 1706 909 etiam
1737 848 1862 908 viva
1911 867 2050 909 voce
2078 849 2103 910 ?

456 939 686 1002 Revera
730 940 845 1000 nisi
889 940 961 1001 ad
1011 939 1461 1002 aaditicationem
1514 938 1603 998 sui
1650 937 1846 1016 gregis
1876 950 2101 1017 quaerat

451 1036 652 1110 pastor
679 1026 983 1089 abundare
1010 1028 1189 1089 verbo
1216 1026 1500 1088 doctrina:
1528 1036 1589 1088 et
1628 1026 1878 1087 scientia
1914 1026 2094 1106 spiri-

453 1124 571 1194 tus,
616 1124 882 1179 non'est
937 1116 1243 1177 :emulator
1302 1115 1409 1177 Dei
1468 1115 1910 1175 charismatum.
1947 1114 2090 1175 Nam

453 1206 669 1268 multas
700 1224 909 1285 preces
939 1212 999 1266 et
1021 1204 1278 1285 psalmos
1297 1204 1495 1282 lingua
1513 1211 1737 1265 tantum
1763 1202 2090 1277 recitando,

454 1303 511 1357 et
540 1294 784 1375 spiritus
835 1313 939 1356 seu
994 1294 1194 1354 anima
1239 1296 1491 1367 orando,
1528 1292 1790 1371 seipsum
1819 1290 2093 1360 azdiﬁcat,

455 1384 561 1446 sed
589 1384 834 1462 spiritus
864 1384 992 1462 ejus
1032 1383 1162 1444 sine
1203 1382 1396 1444 fructu
1426 1390 1644 1453 manet,
1681 1401 1799 1441 non
1831 1380 2095 1461 prophe-

454 1480 585 1534 tans
613 1473 900 1535 doctrinae
922 1471 1122 1548 verbo,
1154 1490 1262 1533 nec
1288 1470 1589 1532 aadiﬁcans
1608 1469 1937 1531 Ecclesiam
1967 1470 2092 1531 Dei.

457 1560 521 1623 Si
549 1567 745 1624 autem
776 1560 1022 1635 Paulus,
1053 1563 1304 1623 maxime
1349 1560 1611 1621 omnium
1654 1558 1959 1619 hominum
1992 1577 2098 1638 per

457 1650 784 1712 orationem
847 1654 972 1712 Deo
1033 1651 1423 1730 conjunctus,
1482 1648 1541 1709 in
1601 1647 1866 1708 Ecclesia
1919 1648 2099 1708 voluit

458 1739 725 1819 quinque
753 1738 934 1800 verba
960 1758 1139 1801 sensu
1167 1758 1273 1800 suo
1304 1736 1727 1800 feCundissimo
1758 1736 1921 1815 loqui
1946 1745 2013 1797 ut
2041 1744 2099 1797 et

2183 497 2288 545 τῶν
2340 494 2637 571 μυστηρίων
2709 500 2860 570 Θεοῦ,
2932 493 2967 560 ἢ
3040 493 3093 547 ἐν
3156 500 3490 573 προορατικῷ
3546 494 3851 571 χαρίσματι

2183 582 2526 658 προφητείας,
2600 582 2636 646 ἦ
2722 581 2775 636 ἐν
2833 580 2988 657 διακῇ
3059 581 3219 661 λόγου
3268 584 3451 662 σοφίας
3510 589 3713 659 Θεοὺ;
3769 582 3849 641 Τίς

2182 670 2280 746 γὰρ
2368 676 2473 723 τῶν
2562 670 2813 735 ὑπηκόων
2905 672 3354 749 παρασκευάσεται
3441 674 3513 733 εἰς
3615 669 3851 743 πόλεμον

2182 760 2383 835 παθῶν,
2443 760 2531 812 καὶ
2584 756 2872 833 δαιμόνων,
2919 758 3009 814 ἐὰν
3053 761 3130 833 μὴ
3191 757 3421 836 εῧσημον
3499 757 3853 836 διδασκαλίας

2184 842 2341 922 λόγον
2481 830 2775 925 ἐγγράφως,
2814 830 2968 914 καὶ
3025 830 3108 903 διὰ
3370 854 3560 929 φωνῆς
3592 869 3611 928 ;
3650 830 3851 910 νοντως

2182 932 2270 987 ἐὰν
2313 935 2390 1009 μὴ
2424 936 2552 1007 πρὸς
2584 936 2681 1001 τὴν
2718 933 2996 1011 οἰκοδομὴν
3053 937 3145 992 τοῦ
3199 939 3442 1012 ποιμνίου
3496 939 3676 994 αὑτοῦ
3722 944 3854 1013 ζητῇ

2179 1024 2205 1076 ὁ
2263 1024 2488 1102 ποιμὴν,
2544 1023 2635 1078 ἵνα
2677 1026 2957 1101 περισσεύῃ
3027 1032 3103 1099 τῷ
3171 1025 3316 1104 λόγῳ
3356 1032 3453 1093 τῆς
3495 1026 3855 1092 διδασκαλίας

2175 1113 2261 1166 καὶ
2304 1118 2370 1186 τῇ
2400 1113 2589 1188 γνώσει
2648 1120 2736 1167 τοῦ
2781 1114 3105 1188 Πνεύματος,
3162 1115 3255 1169 οὑκ
3312 1114 3421 1171 ἔστι
3450 1114 3725 1186 ζηλωτὴς
3755 1116 3854 1171 τῶν

2176 1208 2267 1255 τοῦ
2302 1209 2432 1256 Θεοῦ
2505 1202 2870 1280 χαρισμάτων,
2933 1200 3025 1259 Ἐκ
3079 1205 3177 1282 γὰρ
3233 1211 3325 1260 τοῦ
3383 1205 3551 1278 μόνον
3617 1207 3855 1283 προσεύ-

2178 1294 2366 1367 χεσθαι
2398 1293 2485 1345 καὶ
2517 1291 2736 1365 ψαλλειν
2807 1299 2875 1367 τῇ
2938 1291 3153 1369 γλώσσῃ
3222 1292 3395 1350 πολλὰ
3438 1298 3515 1368 τῷ
3550 1296 3853 1368 πνεύματι,

2179 1378 2338 1455 ἤγουν
2370 1387 2437 1455 τῇ
2722 1382 3168 1461 προσευχόμενος,
3230 1384 3412 1441 ἑαυτὸν
3475 1382 3856 1458 οἰκοδομεῖ,ὁ

2178 1465 2232 1522 δὲ
2264 1475 2383 1529 νοῦς
2427 1472 2582 1526 αὑτοῦ
2630 1468 2863 1547 ἄκαρπός
2916 1469 3048 1548 ἐστι,
3105 1473 3181 1543 μὴ
3237 1473 3592 1551 προιρητεύων
3642 1478 3743 1537 ῖῆς
3775 1469 3853 1526 δι-

2178 1554 2461 1621 δασκαλίας
2542 1564 2617 1631 τῷ
2673 1557 2840 1637 λόγῳ,
2879 1560 2966 1614 καὶ
3025 1558 3311 1634 οἰκοδομῶν
3352 1561 3453 1626 τὴν
3511 1559 3850 1626 Ἐκκλησίαν

2178 1655 2270 1701 τοῦ
2298 1652 2450 1705 Θεοῦ.
2487 1647 2541 1701 Εἰ
2569 1646 2622 1701 δὲ
2656 1646 2882 1718 Παῦλος,
2937 1650 2965 1702 ὁ
3016 1649 3227 1704 πάντων
3268 1649 3559 1726 ἀνθρώπων
3613 1647 3848 1723 μᾶλλον,

2179 1731 2263 1787 διὰ
2290 1736 2615 1812 προσευχῆς,
2664 1735 3053 1809 συναπτόμενος
3103 1741 3178 1810 τῷ
3251 1745 3388 1811 Θεῷ,
3455 1738 3623 1793 πέντε
3657 1735 3849 1813 λόγους

458 1828 607 1889 alios
664 1829 1006 1902 instrueret,
1058 1846 1232 1909 quam
1282 1828 1491 1889 decem
1544 1825 1728 1886 millia
1783 1824 2093 1885 verborum

2194 1820 2262 1876 5ιᾶ
2334 1830 2422 1877 τοῦ
2494 1824 2759 1901 ἐγκάρπου
2850 1827 2968 1887 νοὸς
3061 1829 3217 1882 αὖτοῦ
3298 1825 3503 1900 μᾶλλον
3579 1825 3849 1893 ἠθέλησεν

458 1917 800 1997 psalmodiae
853 1918 915 1978 in
968 1917 1188 1996 lingua,
1240 1935 1378 1995 ergo
1411 1938 1445 1975 a
1493 1914 1773 1975 charitate
1824 1913 2100 1974 aberrant

2194 1912 2348 1965 ίῖπεῖν
2396 1911 2450 1965 ἐν
2508 1910 2818 1987 Ἐκκλησία,
2891 1913 2982 1969 ἵνα
3026 1917 3111 1970 καὶ
3154 1914 3343 1977 ἄλλους
3408 1917 3749 1994 κατηχήση,
3816 1916 3847 1980 ἦ

462 2006 711 2068 aliorum
773 2006 1133 2087 superiores,
1190 2006 1291 2086 qui
1347 2004 1491 2066 viris
1535 2002 1718 2064 solius
1757 2002 2099 2083 psalmodize

462 2093 872 2175 orationisque
915 2093 1127 2174 peritis
1152 2092 1500 2170 dignitatem
1540 2090 1790 2171 pastoris
1820 2090 2095 2151 commit-

461 2188 609 2243 tunt.

546 2360 643 2425 90.
678 2360 788 2434 Qui
816 2378 925 2421 nos
955 2379 1026 2423 ex
1055 2359 1343 2422 materiali
1373 2368 1432 2423 et
1452 2360 1742 2441 spirituali
1776 2355 2102 2419 substantia

465 2451 793 2526 constituit,
825 2451 1088 2531 duasque
1119 2460 1355 2512 naturas
1384 2449 1533 2511 adeo
1556 2449 1712 2510 inter
1740 2464 1805 2509 se
1832 2445 2097 2507 dissimi-

463 2540 552 2601 les
590 2539 652 2599 in
691 2556 869 2599 unam
901 2538 1219 2600 essentiam
1274 2546 1332 2599 et
1388 2556 1701 2617 personam
1760 2532 2099 2595 incredibili

464 2627 641 2689 modo
674 2627 1003 2707 conjunxit,
1029 2626 1132 2687 ille
1164 2626 1341 2687 etiam
1370 2626 1449 2687 ita
1470 2645 1575 2686 nos
1611 2626 1763 2686 bene
1799 2621 2101 2684 constituit

465 2733 572 2795 per
594 2732 929 2776 sermonem
952 2715 1254 2795 sapientiae
1278 2723 1334 2775 et
1351 2733 1456 2794 per
1480 2731 1817 2775 sermonem
1839 2710 2102 2772 scientiae

467 2821 616 2879 suae,
640 2812 707 2866 ut
735 2812 857 2864 tum
888 2822 994 2883 per
1024 2804 1333 2865 scientiam
1358 2802 1610 2883 Spiritus
1627 2801 1820 2864 sancti
1842 2800 2102 2861 sciamus

465 2891 844 2954 absconditos
871 2893 1040 2971 regni
1060 2894 1343 2953 caelorum
1367 2892 1675 2952 thesauros
1699 2889 1911 2970 quibus
1934 2887 2005 2949 ab
2029 2906 2101 2948 eo

467 2980 780 3055 donamur,
827 2989 951 3041 tum
985 3000 1089 3061 per
1119 3000 1453 3042 sermonem
1503 2980 1808 3060 sapientia:
1834 2976 2101 3057 proximo

2180 2003 2387 2078 μυρίους
2447 2001 2634 2079 λόγους
2708 2003 3017 2078 ψαλμῳδίας
3078 2007 3140 2061 ἂν
3208 2006 3425 2085 γλώσσῃ
3463 2024 3476 2037 ⁸
3554 2008 3665 2087 ἄρα
3754 2013 3849 2073 τῆς

2180 2090 2391 2166 ἀγάπης
2421 2092 2869 2162 ἀπεπλανήθησαν
2927 2097 2972 2150 οἱ
3032 2094 3207 2152 ἄλλων
3264 2096 3605 2176 ἐξάρχοντες,
3644 2100 3737 2153 καὶ
3779 2104 3843 2171 τῇ

2185 2178 2432 2254 ψαμῳδίᾳ
2485 2182 2622 2256 μόνῃ
2695 2184 2829 2257 μετὰ
2888 2184 2985 2250 τῆς
3079 2185 3426 2263 ἀναγνώσεως
3482 2184 3844 2247 ἐκδεδωκότες

2182 2270 2242 2322 τὸ
2284 2276 2377 2324 τοὺ
2407 2270 2653 2343 ποιμένος
2687 2270 2911 2346 ἀξίωμα.

2265 2348 2347 2431 ζ’.
2386 2348 2443 2413 Ὀ
2472 2360 2533 2413 τὸ
2564 2360 2705 2414 εἶναι
2751 2358 2868 2423 δοὺς
2914 2363 3048 2435 ἡμῖν
3079 2360 3130 2427 ἐξ
3185 2364 3537 2438 ὑποκειμένης
3582 2364 3725 2431 ὕλης
3754 2368 3839 2420 καὶ

2182 2452 2361 2516 νοερᾶς
2420 2444 2617 2520 οὑσίας,
2689 2450 2777 2503 καὶ
2832 2452 2904 2512 εἰς
2950 2450 3001 2506 ἓν
3056 2453 3121 2506 τὰ
3179 2451 3386 2508 ἐναντία
3457 2460 3554 2520 τῆς
3627 2454 3836 2532 φύσεως

2181 2530 2294 2587 καθ’
2320 2534 2477 2589 ἑαυτὰ
2539 2533 2842 2611 παραδόξως
2928 2540 3279 2603 συνουσιώσας
3341 2543 3428 2596 καὶ
3499 2544 3831 2615 ὑποστήσας,

2180 2623 2268 2675 καὶ
2316 2622 2377 2675 τὸ
2433 2623 2488 2677 εὖ
2532 2624 2672 2679 εἶναι
2736 2623 2926 2680 δέδωκε
2979 2625 3062 2683 διὰ
3126 2637 3215 2684 τυῦ
3258 2629 3418 2707 λόγου
3487 2636 3581 2697 τῆς
3651 2632 3828 2709 σοφίας

2182 2709 2362 2784 αὑτοῦ,
2396 2712 2597 2769 καὶτοῦ
2643 2711 2802 2791 λόγου
2831 2718 2928 2782 τῆς
2985 2717 3253 2793 γνώσεως,
3314 2721 3386 2782 ὡς
3460 2719 3524 2774 ἂν
3550 2728 3707 2777 τοῦτο
3734 2723 3824 2795 μὲν

2183 2797 2372 2874 ἴδωμεν
2442 2798 2525 2855 διὰ
2580 2807 2677 2868 τῆς
2737 2813 2828 2862 τοῦ
2884 2809 3186 2880 Πνεύματος
3219 2809 3491 2885 γνώσεως,
3551 2812 3669 2875 τοὺς
3739 2831 3822 2865 κε-

2182 2887 2533 2966 χαρισμένους
2582 2892 2715 2965 ἡμῖν
2765 2892 3093 2972 ἀποκρύφους
3150 2897 3275 2974 παρ’
3345 2899 3500 2954 αὑτοῦ
3540 2900 3819 2976 Θησωρσὺς

2186 2982 2281 3042 τῆς
2352 2977 2619 3052 βασιλείας
2690 2982 2792 3037 τῶν
2865 2985 3117 3062 οὑρανῶν,
3172 2996 3328 3044 τοῦτο
3398 2986 3455 3042 δὲ
3524 2990 3599 3043 καὶ
3671 3009 3808 3063 γνω-

466 3069 800 3130 revelemus
847 3068 1130 3132 bonitatis
1181 3071 1309 3149 ejus
1339 3068 1569 3129 divitias
1600 3088 1668 3130 ac
1696 3066 1944 3128 delicias
1978 3065 2102 3125 vitm

2194 3066 2414 3142 ρίσωμεν
2468 3082 2582 3133 τοῖς
2625 3068 2850 3135 πλησίον
2891 3069 2975 3130 διὰ
3025 3074 3120 3140 τῆς
3163 3082 3252 3130 τοῦ
3309 3074 3469 3154 λόγου
3503 3078 3662 3156 σοφίας
3709 3080 3801 3139 τῆς

468 3164 706 3219 aeterna:
737 3174 881 3238 quas
912 3158 1259 3238 praeparavit
1286 3156 1674 3235 diligentibus
1703 3174 1787 3217 se.

550 3425 650 3489 91.
683 3422 795 3499 Qui
829 3426 1007 3487 minis
1035 3424 1654 3506 promissisquetrium
1677 3424 1872 3502 legum
1895 3439 2107 3500 super-

471 3514 714 3591 eminet,
749 3516 845 3577 hic
873 3515 1047 3577 vitam
1081 3515 1383 3593 ingressus
1414 3522 1502 3575 est
1550 3512 1665 3591 legi
1701 3530 1818 3572 non
1866 3510 2105 3588 subjec-

467 3612 610 3684 tam,
644 3604 774 3684 ipse
801 3604 894 3665 lex
935 3604 1216 3667 Ecclesiae
1259 3604 1468 3677 factus,
1504 3622 1613 3662 nec
1648 3600 1761 3678 legi
1794 3598 2102 3660 obnoxius.

470 3692 686 3755 Libera
731 3702 928 3755 autem
988 3701 1076 3755 est
1132 3694 1246 3753 vita
1301 3691 1417 3770 legi
1478 3709 1598 3751 non
1646 3690 1957 3767 subjacens
1992 3706 2005 3750 :
2042 3705 2108 3747 ac

472 3782 726 3862 proinde
758 3782 921 3843 omni
960 3782 1214 3844 naturali
1260 3779 1611 3841 necessitate
1643 3787 1699 3839 et
1731 3776 2108 3838 aberratione

474 3871 750 3951 superior
780 3879 901 3946 est;
935 3879 993 3932 et
1014 3871 1116 3952 qui
1144 3872 1297 3931 hanc
1320 3869 1622 3946 ingressus
1652 3867 1850 3938 vitam,
1876 3884 1908 3926 a
1931 3883 2108 3925 carne

473 3958 757 4022 liberatus
784 3968 841 4021 et
861 3960 1026 4040 quasi
1065 3967 1303 4039 exutus,
1338 3966 1393 4019 et
1414 3957 1669 4037 Spiritus
1697 3955 1887 4017 sancti
1926 3954 2076 4034 parti

473 4066 614 4128 ceps
661 4048 870 4122 factus,
933 4057 1089 4109 totus
1137 4057 1194 4110 et
1243 4048 1371 4127 ipse
1431 4045 1660 4106 Christo
1717 4044 1816 4125 qui
1873 4061 2110 4104 omnem

481 4149 808 4217 exsuperat
892 4146 1188 4213 naturam,
1268 4138 1491 4210 unitur,
1551 4153 1687 4196 cum
1749 4131 2116 4195 evacuaverit

475 4240 653 4285 omne
683 4226 841 4303 quod
872 4243 943 4286 ex
971 4234 1135 4306 parte
1164 4233 1253 4289 est
1280 4225 1352 4287 4°.

559 4400 659 4463 92.
691 4401 754 4465 Si
784 4401 916 4481 quis
944 4421 1125 4483 capax
1156 4411 1245 4465 est
1269 4401 1531 4463 scientia}
1555 4401 1730 4481 primi
1749 4399 2110 4473 Intellectus,

479 4486 581 4569 qui
611 4497 700 4550 est
728 4490 992 4551 omnium
1025 4492 1383 4572 principium
1429 4499 1488 4552 et
1528 4490 1683 4565 ﬁnis,
1720 4490 1856 4550 etin
1888 4487 2113 4548 seinﬁ-

480 4577 662 4652 nitus,
693 4586 752 4641 et
782 4578 937 4640 intra
963 4588 1243 4660 extraque
1264 4579 1461 4641 omnia
1491 4587 1773 4653 versatur,
1804 4578 1904 4638 ille
1927 4576 2038 4637 scit
2059 4581 2117 4636 et

480 4666 644 4729 solus
693 4687 827 4729 cum
870 4687 935 4730 se
986 4669 1132 4750 solo,
1175 4677 1233 4730 et
1265 4669 1425 4730 solus
1471 4669 1627 4730 inter
1675 4668 1833 4728 solos
1865 4667 2109 4727 vivere:

481 4757 559 4817 ita
588 4764 652 4816 ut
681 4776 874 4837 neque
903 4757 1086 4818 ullum
1133 4776 1203 4820 ex
1247 4757 1565 4819 solitudine
1596 4759 1851 4837 patiatur
1880 4755 2113 4837 perfec-

479 4846 657 4907 tionis
686 4846 1129 4922 detrimentum,
1163 4865 1355 4927 neque
1370 4865 1503 4907 cum
1532 4847 1730 4907 multis
1749 4847 1951 4907 vivens
1980 4844 2117 4905 soli-

482 4935 665 4996 tarius
694 4954 823 4998 esse
854 4936 1106 5011 desinat,
1140 4936 1241 4997 sed
1275 4935 1348 4996 sit
1373 4934 1593 5015 ubique
1616 4935 1772 4997 idem
1806 4943 1863 4995 et
1892 4934 1951 4995 in
1983 4952 2114 4994 om-

487 5023 663 5086 nibus
690 5026 871 5101 solus,
909 5034 1182 5106 tanquam
1204 5023 1560 5106 principium
1589 5044 1702 5104 quo
1725 5025 1823 5086 alii
1848 5041 2118 5083 movean-

487 5119 586 5174 tur
614 5114 689 5175 ad
712 5115 1116 5191 solitudinem,
1149 5123 1208 5177 et
1237 5113 1370 5176 ﬁnis
1413 5113 1750 5194 propositus
1799 5120 1862 5173 ut
1890 5129 2121 5173 summa

486 5202 717 5275 virtutis
746 5204 1052 5284 perfectio.
2086 5268 2095 5275 .

562 5292 661 5355 93.
692 5292 840 5355 Gum
864 5296 1098 5354 animus
1127 5300 1185 5354 et
1214 5310 1427 5372 corpus
1448 5291 1744 5354 inconfusi
1774 5289 2122 5351 unianturet

486 5381 937 5462 conjungantur,
977 5385 1027 5446 si
1045 5382 1219 5445 ambo
1249 5382 1632 5463 concordant,
1652 5399 1835 5443 unum
1860 5379 2121 5443 efﬁciunt

564 5538 619 5583 ⁸ο
644 5539 669 5602 Ι
696 5540 830 5604 Cor.
862 5560 989 5625 xm,
1021 5547 1119 5611 10.

2193 3156 2561 3233 χρηστότητος
2612 3160 2768 3215 αὑτοῦ
2823 3163 2914 3217 τὸν
2969 3161 3193 3221 πλοῦτον
3250 3167 3338 3220 καὶ
3400 3168 3463 3222 τὰ
3514 3166 3666 3244 ἀγαθὲ.
3713 3168 3806 3228 τῆς

2192 3247 2401 3351 αξωγίου
2429 3248 2594 3326 ζωῆς,
2627 3248 2660 3302 ἃ
2706 3250 3006 3325 ἡτωίμασεν
3051 3253 3120 3316 εἷς
3174 3254 3372 3333 τρυφὴν
3417 3269 3531 3319 τοῖς
3558 3256 3813 3333 ἀγαπῶσιν

2192 3335 2345 3390 αὐτόν
2356 3382 2369 3395 .

2275 3424 2373 3497 ζα.
2413 3415 2467 3481 (Ο
2498 3426 2626 3504 ὑπὲρ
2682 3427 2775 3489 τὰς
2830 3428 3050 3493 ἀπειλὰς
3104 3433 3191 3487 καὶ
3246 3433 3338 3495 τὰς
3369 3433 3686 3512 ἐπαγγελίας
3726 3438 3816 3488 τῶν

2186 3520 2343 3590 τριῶν
2398 3514 2679 3591 γενόμενος
2762 3517 2960 3593 νόμων,
3036 3521 3107 3582 εἷς
3163 3519 3261 3587 τὴν
3320 3522 3397 3596 μὴ
3485 3523 3811 3598 ὑποκειμένην

2189 3602 2335 3677 νόμῳ
2376 3605 2515 3672 ζωὴν
2572 3605 2830 3681 εἰσῆλθεν,
2900 3609 3059 3684 νόμος
3171 3612 3401 3688 γεγονὼς
3487 3612 3808 3689 Ἐκκλησὶιῑς,

2188 3693 2274 3746 καὶ
2301 3692 2377 3765 μὴ
2407 3692 2701 3771 ἀρχόμενος
2758 3696 2857 3751 ὑπὸ
2917 3699 3099 3773 νόμου,
3177 3692 3237 3756 Ἠ
3289 3698 3341 3755 δὲ
3402 3700 3645 3782 ἐλευθέρα
3673 3701 3816 3771 ἐστὶν,

2188 3782 2221 3846 ἡ
2280 3781 2355 3854 μὴ
2408 3782 2729 3856 ὑποκειμένη
2784 3786 2931 3861 νόμῳ
2986 3790 3097 3857 ζωή
3133 3806 3147 3818 ·
3226 3785 3324 3865 ἄρα
3379 3791 3558 3858 πάσης
3585 3781 3589 3782 7
3614 3794 3820 3871 φυσικῆς

2194 3868 2429 3944 ἀνάγκης
2498 3872 2585 3926 καὶ
2628 3880 2971 3953 παρατροπῆς
3024 3878 3263 3955 ὑπεράνω
3334 3877 3493 3935 ἐστί’
3551 3868 3639 3937 καῖ
3670 3883 3697 3936 ὁ
3726 3881 3829 3935 εἷσ-

2196 3955 2359 4013 ελθὼν
2415 3959 2486 4022 εἷς
2541 3959 2703 4028 αὐτὴν
2759 3961 3113 4041 ἐλευθερωθεὶς
3169 3968 3241 4030 ὡς
3315 3966 3413 4032 ἔξω
3469 3971 3687 4046 σαρκὸς,
3755 3967 3833 4024 καὶ

2196 4046 2295 4124 πῦρ
2344 4050 2679 4126 χρηματίσας
2739 4050 2793 4106 ἐν
2848 4056 3097 4127 μετουσίᾳ
3151 4063 3242 4112 τοῦ
3314 4058 3650 4133 Πνεύματος,
3708 4056 3833 4119 ὅλως

2195 4138 2282 4190 καὶ
2368 4139 2517 4202 αὑτὸς
2604 4141 2680 4214 τῷ
2749 4143 2989 4221 ὑπεράνω
3098 4145 3273 4212 πάσης
3384 4148 3585 4226 φύσεως
3662 4147 3835 4215 ἡνὼθη

2199 4232 2425 4301 Χριστῷ,
2544 4231 2959 4308 καταργηθέντος
3052 4232 3106 4287 ἐν
3220 4234 3361 4309 αὑτῷ
3428 4246 3520 4294 τοῦ
3610 4236 3673 4293 ἐκ
3744 4235 3837 4310 μέ-

2140 4316 2180 4364 D
2199 4334 2339 4391 ρους.

2279 4392 2395 4478 ζβ’.
2434 4394 2489 4459 Ὀ
2519 4414 2610 4463 τοῦ
2650 4407 2858 4481 πρώτου
2906 4412 3024 4473 νοὸς
3080 4413 3179 4478 τὴν
3233 4412 3425 4489 γνώσιν
3468 4415 3756 4491 χωρήσας,
3790 4410 3841 4473 ὃς

2197 4490 2306 4546 ἐστι
2354 4498 2458 4547 τῶν
2515 4492 2651 4548 ὅλων
2696 4496 2842 4575 ἀρχὴ
2897 4500 2984 4554 καὶ
3054 4498 3225 4574 τέλος,
3287 4504 3373 4557 καὶ
3429 4490 3679 4580 ἀόριστος
3734 4498 3842 4557 καθ’

2199 4580 2403 4646 ἑαυτὸν,
2436 4584 2523 4638 καὶ
2563 4590 2669 4639 τῶν
2740 4583 2914 4643 ἄλλων
2989 4588 3238 4646 ἁπάντων
3287 4591 3512 4670 ὑπάρχει
3579 4590 3735 4654 ἐντὸς
3765 4592 3847 4645 καὶ

2198 4668 2368 4749 ἐκτὸς,
2430 4669 2543 4726 οἶδε
2597 4674 2685 4728 καὶ
2742 4674 2903 4749 μόνος
2963 4679 3231 4758 μονάζειν,
3306 4681 3392 4735 καὶ
3432 4668 3616 4754 μέσον
3678 4682 3847 4755 μόνων

2199 4760 2439 4833 μονάζειν
2474 4781 2489 4797 ο
2523 4763 2593 4826 ὡς
2664 4765 2801 4838 μήτε
2870 4772 2947 4839 τῷ
3018 4767 3177 4841 μόνον
3248 4769 3413 4847 εἶναι,
3484 4776 3575 4825 τοῦ
3652 4767 3847 4824 τελείου

2197 4849 2389 4922 ζημίαν
2472 4850 2797 4929 ὑφίστασθαι,
2895 4856 3033 4929 μήτε
3102 4863 3180 4929 τῷ
3249 4879 3382 4932 μετα
3452 4856 3698 4932 πολλῶν,
3758 4862 3849 4923 τῆς

2199 4937 2503 5011 μονώσεως,
2562 4938 2679 4995 ἀλλ’
2725 4943 2870 4998 εἶκαι
2922 4944 3012 4998 τὸν
3076 4946 3230 5000 αὑτὸν
3299 4952 3573 5025 πανταχοῦ
3653 4948 3742 5004 καὶ
3800 4946 3847 5002 ἐν

2199 5031 2326 5100 μᾶσι
2358 5027 2515 5100 μόνον
2548 5045 2562 5059 ⁸
2595 5031 2668 5092 ὡς
2727 5030 2904 5110 ἀρχὴν
2957 5032 3052 5106 μὲν
3113 5035 3243 5111 πρὸς
3312 5036 3372 5091 τὶ
3445 5036 3699 5109 μονάζειν
3738 5049 3848 5097 τοῖς

2202 5112 2379 5177 ἄλλοις
2408 5115 2529 5172 ὄντα
2560 5118 2838 5194 κινάσεως,
2900 5119 3047 5186 τέλος
3104 5120 3157 5177 δὲ
3214 5126 3554 5203 προκείμενον
3582 5131 3689 5193 τῆς
3733 5125 3847 5204 ἀρε-

2201 5209 2298 5269 τῆς
2328 5204 2682 5270 τελειότατον.

2284 5284 2403 5371 4γ’.
2465 5285 2527 5352 ι1ξί
2594 5296 2895 5375 ἀσύγχυτος
2975 5297 3182 5372 ἓνωσις,
3255 5301 3342 5356 καὶ
3444 5301 3705 5383 συνάφεια
3759 5310 3846 5371 τῆς

2202 5387 2407 5463 ψυχῆς,
2441 5388 2527 5441 καὶ
2593 5393 2684 5442 τοῦ
2741 5387 3010 5466 σώματος,
3070 5400 3415 5471 συμφωνοῦσα
3484 5392 3601 5449 καθ’
3638 5396 3843 5472 ἑαυτὴν,
