4052 6134
302 298 455 364 1005

1218 303 1767 371 GNOSTICORUM
1810 303 2150 366 CAPITUM
2201 306 2593 371 CENTURIA
2636 309 2745 371 III.

3515 314 3667 381 1006

297 434 351 492 ἓν
383 433 532 514 ἔργον
578 436 853 513 ἀποτελεῖ,
917 439 1029 497 εἴτε
1086 446 1187 508 τῆς
1237 439 1390 512 ὕλης,
1425 438 1537 496 εἴτε
1565 441 1664 507 τῆς
1691 440 1891 518 φύσεως
1927 455 1969 491 ’-

2044 454 2201 516 ψιιε,
2235 436 2359 499 sive
2390 438 2671 514 materiae,
2706 426 2832 501 sive
2862 449 3125 518 natura;
3160 444 3211 506 si
3252 463 3393 508 vero
3433 445 3664 510 discor-

301 524 380 598 μὴ
432 534 769 605 ωμφονοῦσα
825 527 902 603 δὲ,
962 530 1062 597 τὴν
1104 529 1379 605 ἐπιθυμίαν
1421 534 1519 596 τῆς
1578 530 1724 596 νίκης
1768 528 1951 606 ἐγείρει

307 611 580 692 ἐμφύλιον.
620 615 769 672 Ἀλλ’
799 620 826 674 ὁ
869 617 1025 696 λόγος
1081 617 1242 674 ἐλθὼν
1298 619 1386 674 καὶ
1440 619 1503 673 τὸ
1556 624 1712 697 κῦρος
1753 613 1951 687 λαϐὼν,

304 698 414 757 λύει
452 704 549 778 μὲν
592 706 776 763 αὐτίκα
816 707 909 762 τὸν
951 706 1137 779 ζῆλον,
1202 703 1523 785 πρεσϐεύσας
1566 704 1621 761 δὲ
1663 707 1760 773 τὴν
1815 704 1953 781 ὁμό-

308 812 476 864 νοιαν,
508 794 569 849 τὸ
600 800 704 850 πᾶν
761 802 866 851 τῶν
928 794 1093 875 ἔργων
1150 802 1217 873 τῇ
1274 797 1422 875 φύσει
1477 796 1566 852 καὶ
1591 802 1668 869 τῷ
1697 796 1952 868 πνεύματι

309 876 515 937 δίδωσιν
525 926 537 941 .

389 959 503 1043 4δ’.
536 974 651 1028 Τῶν
681 969 735 1025 ἐν
763 973 900 1047 ἡμῖν
927 979 1084 1052 τριῶν
1114 971 1278 1029 ὄντων
1333 972 1690 1052 κυριωτάτων,
1735 973 1796 1027 τὸ
1856 970 1953 1046 μὲν

307 1060 477 1114 αὐτῶν
506 1056 684 1138 ἄρχει,
736 1064 832 1119 οὐκ
881 1059 1103 1141 ἄρχεται
1133 1059 1188 1117 δέ
1221 1079 1234 1092 '
1295 1062 1356 1117 τὸ
1417 1058 1472 1115 δὲ
1513 1062 1617 1141 καὶῄ
1655 1060 1810 1138 ἄρχει
1868 1059 1954 1114 καὶ

307 1142 530 1225 ἄρχεται
564 1165 581 1181 ·
626 1149 688 1202 τὸ
729 1146 785 1203 δὲ
829 1153 923 1208 οὐκ
950 1132 1142 1229 ’δἰρχει,
1197 1147 1419 1228 ἄρχεται
1463 1146 1539 1210 δέ,
1591 1132 1741 1206 ηΟταν
1774 1147 1861 1205 οὖν
1892 1149 1952 1203 τὸ

306 1231 473 1313 ἄρχον
532 1236 633 1291 ὑπὸ
702 1236 882 1316 ἑτέραν
951 1237 1169 1315 γένηται
1217 1240 1321 1293 τῶν
1377 1236 1691 1316 ἀρχομένων
1747 1236 1948 1316 ἀρχὴν,

305 1319 487 1380 δοῦλον
513 1326 573 1379 τὸ
600 1325 746 1404 φύσει
778 1325 1041 1405 ἐλεύθερον
1096 1340 1214 1389 τοῖς
1258 1326 1406 1405 φύσει
1460 1324 1660 1390 δούλοις
1716 1328 1896 1405 ὁρᾶται
1929 1341 1942 1354 ⁸

308 1412 395 1466 καὶ
449 1417 548 1478 τῆς
595 1412 724 1477 ἰδίας
781 1412 1038 1480 ἐξίσταται
1096 1416 1271 1494 ἀρχῆς
1323 1435 1381 1470 τε
1434 1416 1522 1470 καὶ
1577 1414 1805 1494 φύσεως,
1864 1422 1951 1477 καὶ

308 1500 490 1564 στάσις
521 1500 574 1557 ἐν
632 1503 835 1568 τούτοις
885 1503 1093 1581 μεγάλη
1152 1504 1284 1565 ἐστί.
1344 1504 1589 1566 Στάσεως
1619 1501 1674 1558 δὲ
1703 1503 1949 1568 τοιαύτης

305 1586 359 1642 ἐν
388 1590 587 1656 τούτοις
612 1589 796 1672 οὔσης,
843 1594 990 1649 οὑπω
1030 1592 1096 1647 τὰ
1124 1592 1295 1648 πάντα
1322 1590 1947 1670 ὕποτεταγμέναῶρῶμεν

302 1685 379 1753 τῷ
407 1679 571 1756 λόγῳ.
624 1671 878 1747 εΟπηνίκιιι
907 1680 962 1737 δὲ
991 1681 1052 1737 τὸ
1081 1677 1248 1761 ἄρχον
1291 1682 1397 1738 τῶν
1441 1679 1614 1737 ἄλλων
1641 1682 1945 1759 κρατήσειε,

303 1769 392 1823 καὶ
434 1769 535 1824 ὑπὸ
563 1770 662 1837 τὴν
693 1770 883 1827 οἰκείαν
928 1771 1106 1849 ἀρχὴν
1137 1771 1224 1826 καὶ
1279 1767 1603 1844 δεσποτείαν,
1639 1766 1747 1834 ἄξει
1793 1769 1944 1843 αὐτὰ,

306 1864 595 1924 τηνικαῦτα
626 1861 698 1922 εἰς
742 1861 795 1917 ἓν
828 1857 1185 1938 συνδραμόντα
1213 1859 1279 1916 τὰ
1309 1857 1587 1938 διεστῶτα,
1610 1860 1697 1915 καὶ
1726 1861 1949 1937 ὁμοφω-

306 1946 561 2020 νήσαντα,
598 1948 812 2026 εἰρήνην
841 1947 956 2027 ἄγει
984 1949 1051 2002 τὰ
1078 1947 1208 2026 πρὸς
1238 1948 1328 2003 τὸν
1373 1946 1501 2003 Θεόν
1539 1963 1553 1977 ⁸
1613 1948 1700 2002 καὶ
1739 1946 1950 2003 πάντων

306 2030 673 2111 ὔποταγέντων
722 2041 799 2109 τῷ
843 2033 1010 2114 λόγῳ,
1055 2031 1387 2113 παραδίδοται
1448 2035 1482 2101 ἡ
1539 2032 1777 2110 βασιλεία
1827 2030 1951 2111 παρ’

308 2120 576 2202 αὐτοῦ-τῷ
618 2129 733 2199 Θεῷ
771 2124 860 2180 καὶ
902 2128 1086 2202 Πατρί.

393 2199 506 2287 4ε’.
540 2221 673 2275 Ταῖς
720 2211 992 2291 τέσσαρσιν
1020 2199 1242 2290 ⁷ἀρχαῖς
1296 2216 1401 2267 τῶν
1456 2216 1676 2289 γενικῶν
1727 2210 1948 2291 ἀρετῶν,

304 2301 339 2367 ἡ
403 2300 596 2366 πεντὰς
648 2306 752 2357 τῶν
812 2302 1102 2371 αἰσθήσεων
1159 2303 1605 2377 καθυποταγετσα,
1668 2301 1755 2355 καὶ
1819 2300 1952 2366 αὕτη

306 2386 574 2467 φυλάξασα
603 2388 702 2456 τὴν
737 2391 1047 2464 εὐπείθειαν,
1080 2388 1178 2455 τὴν
1235 2387 1296 2444 ἐκ
1351 2388 1617 2467 τεσσάρων
1674 2389 1954 2468 στοιχείων

310 2476 638 2534 πλασθεϊσαν
689 2479 839 2557 φύσιν
892 2487 986 2536 τοῦ
1043 2478 1314 2551 σώματος,
1360 2477 1643 2556 ἀταράχως
1696 2480 1952 2534 κινεῖσθαι

309 2569 429 2646 περὶ
487 2568 576 2624 τὸν
635 2569 830 2647 τροχὸν
884 2577 977 2626 τοῦ
1043 2567 1157 2643 βίου
1228 2566 1633 2644 παρασκευάζει,
1694 2563 1844 2623 Οὕτω
1900 2564 1954 2620 δὲ

312 2656 626 2733 κινουμένης
654 2661 842 2729 αὐτῆς,
900 2659 953 2712 αἱ
1000 2654 1246 2731 δυνάμεις
1293 2656 1423 2733 πρὸς
1482 2655 1670 2717 ἑαυτὰς
1707 2658 1767 2713 οὐ
1820 2676 1953 2711 στα-

313 2747 577 2817 σιάζουσιν
612 2764 626 2778 ⁸
688 2745 822 2803 ἀλλὰ
885 2752 978 2802 τοῦ
1036 2746 1329 2811 παθητικοῦ
1385 2742 1572 2822 μέρους
1633 2747 1730 2812 τῆς
1773 2743 1954 2802 ἐπιθυ-

312 2836 433 2910 μίας
488 2836 576 2892 καὶ
650 2843 742 2893 τοῦ
820 2838 1005 2910 θυμοῦ,
1090 2840 1167 2907 τῷ
1247 2831 1532 2909 λογιστικῷ
1586 2831 1949 2912 συναφθέντος,

312 2920 590 2979 ἀναλαϐὼν
644 2925 707 2981 τὸ
782 2925 999 3004 φυσικὸν
1068 2921 1257 3001 κράτος
1328 2923 1356 2977 ὁ
1441 2926 1584 2992 νοῦς,
1662 2919 1803 2997 ἅρμα
1860 2919 1956 2994 μὲν

317 3011 502 3068 ἑαυτοῦ
530 3012 626 3075 τὰς
655 3011 912 3092 τέσσαρας
968 3023 1203 3067 ποιεῖται
1246 3009 1417 3088 ἀρχάς
1449 3024 1463 3038 ‘
1524 3007 1704 3086 θρόνον
1760 3006 1814 3063 δὲ
1855 3008 1954 3075 τὴν

313 3098 506 3167 δούλην
574 3098 827 3175 πεντάδα,
899 3100 987 3156 καὶ
1053 3102 1150 3164 τῆς
1233 3096 1584 3175 τυραννούσης
1663 3117 1957 3175 καταστρα-

312 3189 499 3253 τεύσας
556 3190 774 3268 σαρκὸς,
830 3188 1113 3266 τέθριππος
1176 3187 1249 3247 εἷς
1290 3184 1537 3263 οὐρανοὺς
1595 3184 1956 3262 ἁρπαζόμενος

312 3277 544 3357 αἴρεται,
579 3279 669 3334 καὶ
691 3284 769 3351 τῷ
796 3275 1008 3353 βασιλεῖ
1035 3275 1306 3353 παραστὰς
1328 3279 1433 3329 τῶν
1462 3272 1686 3345 αἰώνων,
1713 3272 1957 3353 στέφεται

313 3372 409 3434 τῆς
435 3367 583 3434 νίκης
624 3367 686 3422 τὸ
733 3365 920 3445 στέφος
955 3384 974 3399 ⁶
1021 3366 1108 3420 καὶ
1150 3362 1205 3418 ἐν
1249 3361 1391 3436 αὖτῷ
1445 3361 1736 3418 καταπαύει
1787 3362 1958 3419 πάντα

311 3456 404 3511 τὸν
432 3452 624 3533 δρόμον
653 3453 832 3512 αὐτοῦ.

398 3534 546 3620 4ς’.
582 3552 711 3606 τοτς
741 3542 795 3599 ἐν
825 3548 901 3615 τῷ
931 3537 1522 3620 χρδνῳτελειουμένοιε
1570 3542 1669 3603 τῆς
1716 3539 1956 3617 θεωρίαςν

316 3634 404 3690 καὶ
433 3633 505 3696 εἷς
562 3632 682 3694 τοὺς
738 3627 956 3694 στύλους
1013 3624 1428 3706 ἐπερειδομένοις
1482 3631 1575 3682 τοῦ
1628 3625 1953 3701 Πνεύματος,

314 3722 515 3802 κρατὴρ
568 3726 827 3801 κιρνᾶται,
889 3718 977 3774 καὶ
1032 3714 1183 3794 ἄρτος
1241 3714 1301 3771 ἐκ
1356 3712 1632 3790 βασιλικῆς
1661 3714 1956 3802 προτίθεται

315 3800 649 3884 πανδαισίας,
706 3808 885 3887 θρόνος
955 3807 1029 3867 είς
1084 3805 1398 3882 ἀνάπαυσιν,
1457 3804 1544 3858 καὶ
1605 3803 1677 3865 εἰς
1732 3800 1958 3860 πλοῦτον

314 3899 578 3979 ἀργύριον,
623 3899 712 3954 καὶ
764 3897 1024 3975 θησαυρὸς
1082 3892 1387 3979 μαργάρων,
1442 3890 1530 3945 καὶ
1572 3889 1727 3946 λίθων
1768 3891 1955 3979 τιμίων

313 3977 400 4044 ἐπὶ
449 3977 639 4066 θύραις
717 3986 1030 4063 εὑρίσκεται,
1096 3983 1186 4037 καὶ
1240 3977 1464 4066 πλοῦτος
1534 3980 1718 4040 αὐτοῖς
1774 3977 1956 4066 άναρί-

315 4064 600 4154 θμητοςηέν
659 4076 813 4155 χερσὶ
854 4071 1070 4133 δίδοται,
1129 4069 1351 4131 Τούτους
1408 4064 1728 4155 διορατικοὺς
1769 4064 1956 4155 ἄνδρας

313 4168 348 4234 ἡ
434 4163 617 4245 πρᾶξις
664 4153 1086 4234 Πάποτελέσασα,
1171 4158 1226 4214 ἐν
1293 4154 1606 4235 ταχυτάτων
1639 4155 1748 4245 ,εἰς
1806 4153 1956 4233 ἔργα,

318 4243 555 4333 βασιλεῖ,
607 4255 696 4311 καὶ
738 4253 832 4311 οὒκ
887 4249 1096 4328 ἀνδράσι
1152 4250 1373 4325 νωθροτς
1419 4243 1738 4322 παρεστάναι
1780 4265 1958 4322 παρα-

320 4344 557 4415 σκευάζει
566 4385 581 4403 .

400 4434 471 4509 4ζ
499 4477 513 4492 .
579 4432 808 4510 Πότερον
884 4428 919 4495 ἡ
990 4423 1227 4503 βασιλεία
1282 4427 1413 4510 τῶν,
1446 4422 1701 4510 οὐρανῶν]
1730 4420 1957 4510 ἐντεῦθεν

322 4508 426 4590 ἤδη
455 4528 584 4578 πᾶσι
614 4508 807 4575 δίδοται
848 4529 967 4579 τοῖς
1026 4511 1341 4591 σπουδαίοις,
1388 4509 1426 4579 ἢ
1483 4508 1618 4585 μετὰ
1659 4510 1757 4577 τὴν
1813 4508 1960 4566 λύσιν

318 4618 410 4667 τοῦ
438 4610 685 4686 σώματος
717 4627 734 4688 ς
768 4608 827 4664 Et
854 4605 952 4682 μὲν
1001 4603 1090 4660 οὗν
1146 4602 1398 4673 ἐντεῦθεν,
1456 4602 1519 4654 τὸ
1575 4611 1723 4663 νῖκος
1763 4598 1964 4655 ἀκατα-

325 4699 600 4777 μάχητον,
626 4699 663 4765 ἡ
694 4687 839 4776 χαρᾶ
866 4690 1251 4769 ὰνεκλάλητος,
1279 4689 1381 4777 καὶ,
1416 4689 1451 4755 ἡ
1506 4688 1636 4766 πρὸς
1668 4688 1760 4777 τὸν
1788 4687 1963 4777 παρά-

326 4774 495 4842 δεισον
552 4774 708 4860 ἡμῶν
727 4774 736 4776 ἡ
776 4774 955 4845 ἄνοδος
1013 4778 1252 4858 ἐλευθέρα
1284 4793 1300 4809 ⁸
1358 4776 1576 4831 ἵσταται
1644 4776 1744 4853 γὰρ
1813 4774 1963 4860 οὕτος

322 4875 460 4931 κατὰ
484 4857 624 4937 θείας
666 4872 877 4949 ἀμέσως
906 4857 1277 4934 ἀνατολάςςΕί
1320 4864 1375 4921 δὲ
1427 4865 1563 4940 μετὰ
1617 4864 1821 4939 πότμον
1876 4857 1966 4921 καὶ

323 4961 492 5038 λύσιν,
564 4961 845 5041 ζητητέον,
899 4962 942 5016 εἰ
997 4955 1156 5039 φόϐου
1213 4957 1379 5036 χωρὶς
1435 4955 1471 5021 ἡ
1515 4950 1687 5041 ἔξοδος
1737 4953 1957 5030 γίνεται,

324 5053 410 5108 καὶ
449 5052 499 5107 τί
527 5051 656 5108 ποτέ
684 5050 793 5106 ἐστι
822 5040 1061 5127 βασιλεία
1106 5046 1358 5124 οὐρανῶν,
1405 5043 1492 5098 καὶ
1536 5040 1776 5118 βασιλεία
1807 5042 1960 5116 Θεοῦ,

325 5141 412 5197 καὶ
439 5138 746 5219 παράδεισος
775 5140 1024 5215 μάθωμεν
1056 5155 1070 5170 ’
1130 5135 1218 5191 καὶ
1272 5132 1323 5188 τί
1374 5139 1469 5189 τοῦ
1514 5130 1690 5209 ἑτέρου
1736 5129 1963 5219 διαφέρει

323 5232 385 5287 τὸ
415 5218 611 5310 ἕτερον,
659 5231 747 5286 καὶ
774 5229 852 5292 τίς
882 5230 910 5283 ὁ
940 5225 1133 5307 χρόνος
1175 5222 1372 5279 τούτων
1416 5219 1659 5310 ἑκάστου,
1716 5220 1804 5310 καὶ
1834 5221 1878 5276 εἰ
1908 5218 1962 5310 ἐν

325 5332 442 5383 τοῖς
499 5307 813 5399 ἆμφοτέροις
869 5316 1143 5399 γινόμεθα,
1185 5313 1273 5369 καὶ
1320 5315 1459 5383 πῶς,
1526 5309 1614 5399 καὶ
1668 5307 1818 5383 πότε,
1876 5309 1963 5399 καὶ

325 5410 460 5485 μετὰ
488 5395 653 5466 πόσον
684 5395 902 5487 χρόνον.
931 5395 988 5462 ’0
1020 5404 1120 5482 γὰρ
1148 5401 1280 5457 εἵσω
1320 5403 1420 5466 τῆς
1450 5396 1672 5487 πρώτηςΔ
1708 5397 1959 5487 γεγονὼς,

324 5484 399 5555 ἔνι
455 5499 649 5576 περιὼν
690 5484 795 5552 καὶ
867 5495 965 5561 τὴν
1022 5492 1189 5571 σάρκα
1247 5493 1445 5568 φορῶν,
1500 5490 1606 5542 τῶν
1656 5484 1847 5563 ἐτέρων
1905 5488 1964 5544 οὒ

328 5584 636 5664 διήμαρτεν.

1977 4362 2024 4436 1)

2035 524 2199 618 dant,
2229 525 2418 618 oritur
2446 527 2612 618 quasi
2642 526 2862 618 bellum
2911 530 3084 594 civile
3121 532 3225 595 ubi
3252 542 3503 616 utraque
3531 555 3668 618 pars

2034 611 2338 705 victoriam
2365 615 2615 695 appetit.
2645 613 2763 705 Sed
2793 618 2947 681 ratio
2968 622 3391 701 superveniens
3406 611 3664 705 etimpe-

2034 702 2189 763 rium
2242 721 2563 783 occupans,
2622 704 2981 769 simultatem
3037 708 3285 786 dirimit,
3338 702 3672 775 concordiae
3752 777 3761 785 κ

2037 808 2207 880 suum
2238 791 2433 880 reddit
2460 793 2773 870 honorem,
2807 802 2866 856 et
2894 803 3106 859 cuncta
3133 814 3316 880 Opera
3337 799 3435 861 dat
3449 808 3672 863 naturae

2034 885 2094 939 et
2121 879 2376 958 spiritui.
3131 925 3134 930 -

2114 967 2209 1028 94.
2245 964 2329 1027 Ex
2367 967 2555 1030 tribus
2602 987 2733 1050 quae
2784 970 2955 1033 nobis
3004 973 3210 1037 insunt
3240 974 3524 1055 partibus,
3558 993 3677 1038 una

2032 1053 2429 1144 imperatnec
2458 1055 2696 1118 subdita
2729 1065 2837 1134 est,
2865 1061 3050 1122 altera
3074 1053 3331 1144 imperat
3352 1071 3410 1126 et
3437 1062 3676 1125 subdita

2035 1155 2147 1223 est,
2181 1142 2351 1204 tertia
2374 1162 2490 1206 non
2521 1144 2796 1225 imperat,
2827 1147 2935 1209 sed
2956 1142 3194 1211 subdita
3226 1159 3336 1214 est.
3373 1148 3519 1213 Cum
3550 1150 3670 1228 igi-

2033 1238 2129 1291 tur
2158 1249 2293 1311 pars
2331 1233 2651 1321 imperans,
2683 1233 3049 1299 subditarum
3095 1238 3348 1319 imperio
3380 1238 3671 1321 subjacet,

2033 1327 2176 1382 tunc
2202 1338 2339 1400 pars
2367 1330 2575 1383 natura
2596 1320 2787 1383 libera
2809 1325 3074 1403 partibus
3100 1334 3311 1390 natura
3338 1328 3526 1389 servis
3546 1320 3675 1389 seré

2032 1406 2156 1469 vire
2184 1408 2436 1484 videtur,
2469 1428 2537 1472 ac
2565 1410 2640 1471 de
2667 1414 2905 1491 propria
2933 1413 3153 1476 decidit
3183 1414 3470 1494 dignitate
3500 1422 3559 1477 et
3573 1433 3673 1477 na-

2035 1504 2184 1576 tura,
2222 1504 2281 1557 et
2310 1516 2520 1577 magna
2549 1498 2607 1559 in
2642 1499 2736 1560 his
2776 1500 3027 1563 rebellio
3076 1511 3186 1567 est.
3220 1503 3349 1565 Tali
3382 1512 3579 1566 autem
3607 1503 3670 1565 in

2033 1584 2127 1645 his
2149 1596 2351 1646 exorta
2378 1587 2729 1662 rebellione,
2766 1589 3030 1651 nondum
3066 1592 3265 1654 omnia
3282 1592 3497 1653 rationi
3517 1592 3668 1655 obe-

2030 1672 2252 1734 dientia
2277 1674 2568 1737 videmus.
2590 1675 2734 1739 Cum
2764 1688 3007 1741 econtra
3022 1699 3172 1760 pars
3201 1681 3505 1762 imperans
3524 1681 3670 1743 alias

2031 1762 2368 1823 dominatur
2398 1771 2457 1825 et
2484 1765 2593 1826 sub
2624 1766 2924 1845 propriam
2956 1768 3172 1847 redigit
3219 1776 3569 1850 potestatem
3600 1787 3669 1832 ac

2031 1849 2341 1931 ditionem,
2374 1858 2514 1913 tunc
2549 1860 2742 1930 partes
2787 1852 3035 1916 diversae
3080 1859 3138 1918 in
3182 1849 3364 1918 unum
3413 1875 3674 1920 concur—

2031 1947 2235 2001 rentes
2259 1947 2317 1999 et
2345 1949 2738 2002 consonantes
2768 1941 2830 2003 in
2863 1961 3006 2023 pace
3044 1945 3118 2005 ad
3164 1944 3348 2006 Deum
3396 1945 3670 2023 tendunt,

2035 2035 2093 2088 et
2139 2028 2419 2090 omnibus
2460 2028 2677 2091 rationi
2729 2030 3038 2110 subjectis,
3098 2033 3223 2095 haec
3272 2051 3520 2111 regnum
3549 2032 3672 2096 Deo

2033 2114 2192 2178 Patri
2225 2117 2424 2178 tradit.

2113 2205 2213 2268 95.
2240 2205 2385 2269 Cum
2407 2213 2661 2287 quatuor
2680 2206 2967 2288 principis
2987 2209 3265 2273 virtutum
3285 2209 3674 2273 cardinalium

2033 2293 2255 2356 subditi
2286 2302 2424 2356 sunt
2451 2295 2715 2376 quinque
2760 2315 2970 2359 sensus
3014 2297 3393 2380 debitamque
3440 2305 3678 2361 servant

2036 2382 2458 2460 obedientiam,
2495 2393 2618 2447 tum
2652 2402 2686 2445 e
2715 2394 2965 2466 quatuor
2988 2388 3304 2450 elementis
3346 2392 3679 2469 composita

2036 2473 2302 2553 corporis
2325 2482 2532 2534 natura
2561 2474 2881 2555 tranquille
2928 2474 3088 2538 circa
3129 2477 3263 2538 vitae
3309 2475 3677 2538 curriculum

2036 2569 2323 2622 movetur.
2356 2560 2543 2641 Hujus
2569 2570 2768 2624 autem
2800 2563 2994 2624 taliter
3017 2582 3152 2627 sese
3171 2565 3459 2627 moventis
3486 2564 3673 2628 facul-

2038 2656 2187 2711 tates
2216 2668 2335 2711 non
2363 2669 2397 2711 a
2425 2668 2490 2711 se
2518 2651 2769 2712 invicem
2796 2651 3131 2729 dissident;
3162 2653 3267 2716 sed
3300 2652 3678 2735 passionibus

2037 2738 2539 2818 concupiscentiae
2555 2746 2613 2800 et
2640 2739 2744 2801 irae
2762 2739 2978 2802 rationi
2997 2741 3307 2821 subjectis,
3340 2740 3679 2804 intellectus

2036 2826 2292 2888 nativam
2320 2844 2679 2905 recuperans
2708 2828 3196 2906 dominationem,
3223 2839 3474 2912 quatuor
3491 2830 3678 2891 virtu-

2038 2923 2158 2976 tum
2192 2915 2558 2996 principiain
2583 2934 2847 2994 currum,
2876 2926 3129 2998 quatuor
3141 2938 3280 2981 vero
3311 2937 3521 2982 sensus
3542 2917 3679 2980 sub-

2038 3004 2194 3066 ditos
2223 3005 2285 3065 in
2313 3007 2588 3068 thronum
2621 3006 2902 3087 disponit,
2934 3026 3003 3069 ac
3032 3007 3330 3071 debellata
3364 3007 3559 3070 carnis
3587 3011 3675 3087 ty-

1973 3069 2308 3169 Crannide,
2360 3093 2662 3174 quadrigis
2715 3069 2917 3176 i‘aptus
2957 3096 3021 3157 in
3069 3069 3284 3159 caelum
3303 3069 3588 3160 evehitur
3615 3069 3678 3157 et

2039 3194 2238 3243 astans
2255 3182 2380 3262 regi
2409 3182 2790 3263 saeculorum,
2821 3193 3139 3246 coronatur
3167 3204 3389 3248 corona
3412 3184 3678 3248 victoriae

2040 3269 2102 3331 in
2123 3288 2313 3352 eoque
2342 3289 2377 3331 a
2406 3289 2587 3335 cursu
2615 3271 2910 3334 laborioso
2941 3273 3289 3355 requiescit.

2120 3539 2219 3602 96.
2252 3536 2329 3598 Iis
2348 3537 2450 3617 qui
2468 3544 2732 3618 tempore
2753 3539 3266 3620 contemplationis
3292 3539 3678 3622 perficiuntur
3760 3566 3765 3572 ι

2041 3636 2102 3690 et
2129 3627 2463 3689 innituntur
2508 3629 2800 3690 columnis
2848 3627 3103 3709 Spiritus
3132 3630 3340 3707 sancti,
3376 3629 3528 3691 calix
3556 3629 3675 3691 mi-

2038 3725 2258 3792 scetur,
2293 3723 2350 3776 et
2379 3715 2546 3795 panis
2575 3716 2820 3778 oﬂ‘ertur
2849 3716 2923 3778 de
2951 3718 3135 3797 regali
3167 3736 3393 3792 mensa,
3425 3718 3680 3780 thronus

2037 3805 2112 3866 ad
2132 3802 2623 3884 requiescendum
2646 3804 2986 3884 apponitur,
3001 3813 3060 3867 et
3073 3806 3145 3867 ad
3166 3805 3576 3867 ditcscendum
3590 3823 3682 3867 ar-

2037 3892 2196 3971 genti
2243 3891 2811 3972 margaritarumque
2861 3899 2921 3953 et
2964 3893 3226 3974 lapidum
3264 3895 3578 3956 thesaurus
3615 3894 3679 3955 in

2039 3980 2225 4061 portis
2251 3979 2548 4060 reperitur
2573 3980 3019 4062 innumeraeque
3049 3981 3268 4043 divitia;
3296 3981 3360 4042 in
3402 3980 3682 4044 manibus

2041 4069 2376 4130 traduntur.
2396 4066 2518 4129 Hos
2539 4077 2711 4131 antea
2729 4070 2802 4131 ad
2819 4071 3114 4150 agendum
3134 4071 3466 4151 praecipites
3488 4073 3682 4151 praxis

2040 4157 2447 4219 consideratos
2476 4156 2761 4231 efﬁciens,
2798 4158 2884 4219 eis
2905 4158 3129 4236 regiam
3159 4159 3526 4238 gravitatem,
3561 4177 3681 4221 non

2039 4262 2178 4307 vero
2210 4245 2522 4326 pignorum
2555 4245 2894 4308 tarditatem
2928 4248 3048 4309 dat.

2119 4423 2221 4486 97.
2247 4422 2623 4485 Coelorumne
2642 4439 2891 4501 regnum
2906 4425 3031 4505 jam
3057 4443 3216 4487 nunc
3237 4425 3300 4488 in
3322 4433 3481 4489 terra
3496 4427 3689 4490 omni-

2041 4512 2154 4574 bus
2185 4510 2299 4587 piis
2324 4510 2515 4585 datur,
2548 4529 2624 4572 an
2657 4518 2879 4574 tantum
2913 4522 3044 4594 post
3077 4514 3434 4578 solutionem
3465 4534 3682 4597 corpo-

2041 4599 2174 4662 ris?
2205 4598 2269 4662 Si
2313 4598 2388 4659 ab
2440 4598 2532 4661 his
2562 4600 2760 4681 terris,
2811 4620 2952 4681 ergo
2978 4604 3101 4683 jam
3136 4621 3294 4667 nunc
3321 4604 3568 4666 victoria
3598 4611 3688 4667 est

2042 4686 2537 4768 inexpugnabilis,
2573 4696 2630 4750 et
2656 4689 2932 4767 gaudium
2953 4691 3375 4769 inenarrabile,
3413 4700 3470 4752 et
3499 4691 3689 4755 libera

2045 4777 2316 4841 ascensio
2344 4776 2429 4838 ad'
2448 4776 2781 4856 paradisum
2803 4787 3093 4856 nostrum,
3117 4779 3215 4841 hic
3236 4780 3396 4841 enim
3427 4780 3689 4860 aperitur

2047 4865 2244 4928 statim
2277 4884 2344 4926 ac
2373 4864 2607 4928 divinus
2638 4865 2725 4927 sol
2755 4867 2944 4930 oritur
2969 4868 3031 4929 in
3061 4867 3255 4928 nobis.
3288 4868 3352 4931 Si
3380 4885 3519 4929 vero
3556 4875 3690 4946 post

2047 4963 2300 5017 mortem
2331 4961 2388 5015 et
2413 4956 2678 5034 corporis
2709 4956 3088 5031 solutionem;
3111 4955 3495 5036 quaerendum
3514 4954 3688 5017 nobis

2045 5050 2136 5103 est
2162 5060 2236 5102 an
2259 5040 2389 5102 sine
2415 5049 2574 5103 metu
2599 5041 2675 5101 sit
2708 5042 2900 5104 exitus
2920 5042 3050 5103 vitae
3070 5061 3139 5104 ac
3169 5041 3522 5103 discendum
3544 5041 3687 5123 quid

2042 5128 2121 5191 sit
2148 5146 2396 5208 regnum
2426 5128 2556 5201 Dei,
2582 5130 2681 5209 qui
2705 5148 2952 5208 regnum
2979 5130 3263 5192 cmlorum
3284 5137 3341 5191 et
3359 5130 3685 5210 paradisus,

2042 5217 2105 5278 in
2161 5235 2277 5297 quo
2334 5216 2569 5278 dili‘erat
2622 5236 2805 5278 unum
2858 5217 2931 5278 ab
2987 5219 3195 5292 altero,
3260 5217 3560 5297 quodnam
3612 5216 3688 5278 sit

2044 5304 2346 5384 utriusque
2369 5311 2624 5385 tempus,
2646 5322 2722 5365 an
2746 5304 2807 5365 in
2831 5304 3118 5366 ambobus
3135 5305 3346 5386 simus,
3365 5303 3686 5387 quomodo,

2045 5393 2280 5473 quando
2310 5399 2367 5453 et
2395 5401 2611 5473 quanto
2662 5400 2950 5474 tempore.
2981 5392 3094 5466 Qui
3116 5393 3274 5456 enim
3307 5395 3470 5476 prius
3498 5393 3689 5455 intra-

2044 5480 2124 5542 vit
2179 5479 2371 5542 adhuc
2427 5480 2627 5541 vivens
2678 5487 2736 5542 et
2814 5498 2995 5543 carne
3037 5480 3303 5563 indutus,
3346 5481 3537 5547 altero
3567 5499 3686 5543 non

2046 5565 2446 5631 frustrabitur.
