4052 6134
443 302 602 368 1007
1743 309 2043 374 ΝΙΟΕΤιΕ

2229 305 2515 370 TOBATI
3674 306 3782 375 100
3799 306 3826 370 8

517 439 616 504 98.
649 436 934 521 Superior
963 441 1247 514 mundus,
1279 460 1412 504 cum
1446 440 1642 505 adhuc
1694 442 2117 524 incompletus,

2257 428 2382 513 ζη’.
2419 429 2476 494 ιΟ
2507 433 2614 492 ἅνω
2656 437 2856 524 κόσμὸς
2906 437 3098 507 ἀτελὴς
3128 438 3206 498 ἔτι
3238 441 3335 516 ὢν,
3368 442 3526 516 μένιε
3560 443 3668 508 τὴν
3700 441 3833 509 πλή-

435 527 534 602 sit,
560 536 828 610 expectat
855 529 1048 593 donec
1075 529 1461 611 compleatur,
1487 537 1547 592 et
1566 540 1888 595 renovetur
1904 523 1945 593 7a
1963 551 2029 612 pr

2235 549 2356 602 ›σιν,
2417 528 2489 588 εἰς
2553 527 2614 581 τὸ
2657 523 2842 582 λαϐεῖν
2897 527 2996 594 τὴν
3053 527 3183 586 ἰδίαν
3241 531 3697 588 ἀποκατάστασιν
3747 531 3835 585 ἀπὸ

435 616 938 695 mogenitislsrael
966 617 1307 680 videntibus
1333 621 1544 680 Deum.
1567 617 1911 698 Completur
1927 619 2035 680 enil

2232 622 2273 671 ὧν
2346 614 2680 694 προτοτόκων
2738 624 2829 672 τοῦ
2909 613 3120 694 Ἰσραὴλ
3190 621 3296 673 τῶν
3369 619 3634 697 ὁρώντων
3694 620 3832 697 Θεόν,

435 723 504 768 ac
545 706 850 786 perﬁcitur
877 703 949 766 ab
980 705 1053 768 iis
1102 706 1202 786 qui
1236 714 1482 768 currunt
1511 707 1571 768 in
1605 706 1917 769 scientiam
1953 707 2035 769 De

2234 707 2309 760 πὸ
2356 705 2454 782 γὰρ
2510 703 2616 758 τῶν
2670 705 2742 766 εἷς
2800 704 2992 780 γνῶσιν
3053 705 3456 786 ἀνατρεχόντων
3529 716 3674 766 Θεοῦ
3715 707 3834 763 ἀνα-

433 801 493 854 et
520 812 555 856 a
582 793 801 856 mundo
827 793 1112 856 inferiore
1142 795 1460 875 perfectus,
1499 796 1764 858 ﬁdelium
1800 805 1856 858 et
1879 796 2033 858 inﬁdi

2234 794 2533 870 ,ηρούμενος
2610 790 2898 847 τελειοῦται
2935 812 2949 826 ⁸
3009 796 3095 850 καὶ
3149 794 3445 859 τελειωθεὶς
3524 799 3629 852 τὸν
3701 798 3834 851 κάτω

432 881 578 944 lium
608 882 828 945 limites
858 881 1286 960 determinans,
1321 903 1498 946 unam
1532 885 1647 946 sibi
1681 886 2032 948 conﬁcitcon

2232 905 2387 960 σμον,
2451 886 2556 936 τῶν
2615 883 2816 936 πιστῶν
2871 881 2958 936 καὶ
3002 881 3236 938 ἀπίστων
3293 887 3477 962 ὁρίζων
3541 886 3616 940 τὰ
3687 883 3830 954 τέλη,

432 971 856 1049 gregationem,
890 989 1063 1032 suum
1097 972 1415 1053 unicuique
1445 973 1691 1052 gradum
1718 973 2032 1036 distribuei

2233 992 2285 1025 αν
2315 971 2486 1042 ἑαυτῷ
2527 982 2761 1024 ποιεῖται
2811 968 2908 1034 τὴν
2947 968 3180 1050 σύνοδον,
3227 972 3516 1046 ἀπονέμων
3577 975 3678 1028 τὸν
3711 971 3833 1028 ἴδιον

435 1066 494 1121 et
521 1058 594 1120 ab
633 1059 886 1122 invicem
938 1078 1222 1138 separans
1265 1080 1394 1140 quae
1426 1061 1584 1123 inter
1613 1081 1677 1124 se
1710 1081 1828 1124 non
1859 1081 2035 1124 conve

2230 1058 2371 1130 άστῳ
2426 1057 2647 1135 βαθμὸν,
2721 1057 2807 1111 καὶ
2876 1054 3086 1133 διαιρῶν
3156 1057 3249 1114 ἀπ’
3305 1059 3571 1130 ἀλλήλων
3637 1062 3704 1115 τὰ
3760 1065 3830 1135 μὴ

433 1147 642 1226 niunt;
668 1155 845 1228 atque
888 1148 1139 1210 aliorum
1171 1149 1468 1230 principia
1515 1150 1781 1231 ﬁnesque
1807 1169 1842 1211 a
1871 1169 1936 1212 se
1967 1151 2033 1211 de

2233 1145 2280 1201 θ’
2352 1146 2511 1204 ἑαυτὰ
2568 1145 2896 1221 συναγόμενα
2932 1165 2947 1181 ⁸
3020 1147 3108 1202 καὶ
3163 1148 3257 1210 τὰς
3315 1148 3412 1222 μὲν
3478 1148 3621 1228 παρ’
3684 1152 3832 1204 αὑτοῦ

435 1235 611 1299 ducta
640 1237 713 1298 ad
747 1255 812 1299 se
840 1237 1096 1312 reducit,
1123 1255 1192 1300 ac
1221 1237 1434 1300 limitat
1461 1245 1526 1299 ut
1554 1239 1844 1302 terminus
1884 1240 2035 1300 inter

2233 1258 2266 1290 ιν
2297 1232 2470 1290 ἄλλων
2515 1234 2686 1312 ἀρχὰς
2733 1235 2817 1288 καὶ
2861 1234 2926 1288 τὰ
2973 1233 3129 1310 τέλη,
3163 1232 3277 1312 ἄγει
3308 1238 3440 1315 πρὸς
3488 1238 3718 1317 ἑαυτὸν,
3753 1239 3833 1291 καὶ

434 1324 714 1400 minatus,
749 1325 878 1406 ipse
909 1343 1049 1387 vero
1091 1327 1164 1388 ab
1209 1325 1324 1388 alio
1372 1327 1666 1408 principio
1706 1347 1815 1390 nec
1846 1328 2034 1389 ducitt

2231 1345 2237 1383 :
2269 1321 2389 1394 ὅρος
2423 1323 2578 1398 ὁρίζει
2636 1322 2826 1383 ταύτας
2884 1321 3128 1398 ἀόριστος
3164 1339 3178 1353 ⁸
3236 1327 3392 1388 αὐτὸς
3427 1325 3484 1381 δὲ
3516 1328 3619 1380 ὑπ’
3667 1324 3831 1391 ἁλλης

431 1429 544 1474 nec
593 1411 879 1474 limitator
927 1421 1202 1495 tanquam
1250 1421 1463 1476 motus.
1498 1406 1643 1477 Nam
1692 1416 2031 1496 semetipsul

2230 1413 2362 1490 χῆς,
2398 1412 2513 1467 οὒτε
2559 1406 2762 1485 ἄγεται,
2811 1409 2926 1466 οὔτε
2983 1411 3081 1484 μὲν
3132 1412 3354 1490 ὁρίζεται
3385 1416 3462 1477 ὡς
3507 1417 3829 1493 φερόμενος,

431 1508 720 1582 perpetuo
751 1511 972 1576 movet,
1007 1504 1088 1564 ita
1109 1511 1173 1564 ut
1197 1521 1308 1565 nec
1339 1502 1497 1566 intra
1525 1505 1786 1585 seipsum
1824 1505 2031 1566 restrin

2233 1524 2308 1556 ιον
2339 1502 2438 1579 γὰρ
2480 1501 2541 1555 τὸ
2571 1498 2868 1565 ἀεικινητον
2917 1497 3058 1577 ἔχει,
3113 1502 3186 1563 ὡς
3244 1504 3382 1575 μήτε
3443 1502 3829 1559 συστέλλεσθαι

431 1597 622 1668 gatur,
671 1609 782 1653 nec
828 1594 1095 1672 proprias
1126 1593 1276 1654 ﬁnes
1305 1594 1794 1672 transgrediatur,
1831 1594 1910 1654 sit
1936 1611 2031 1655 ver

2228 1595 2342 1645 ὖτον
2371 1586 2486 1644 καθ’
2536 1589 2741 1661 ἑαυτὸν,
2805 1588 2941 1661 μήτε
2993 1588 3098 1643 τῶν
3148 1590 3350 1644 οἰκείων
3407 1589 3548 1668 ὅρων
3599 1594 3828 1670 ἰητερεκ-

430 1676 684 1740 aliorum
713 1678 1108 1742 sabbatismus
1137 1687 1197 1742 et
1219 1680 1460 1761 requies
1490 1682 1686 1743 omnis
1719 1680 1995 1762 principii
2022 1703 2030 1740 ι

2225 1678 2434 1751 ίνεσθαι,
2477 1674 2590 1731 ἀλλ’
2623 1688 2761 1731 εἶναι
2791 1680 2895 1731 τῶν
2922 1672 3097 1731 ἄλλων
3123 1674 3498 1753 σαϐϐατισμῶν
3530 1682 3628 1735 καὶ
3661 1680 3825 1736 κατά-

435 1773 654 1830 motus.
2103 1766 2140 1814 Β
2161 1788 2351 1821 παυσιν
2381 1766 2555 1830 πάσης
2585 1763 2758 1842 ἀρχῆς
2801 1766 2887 1818 καὶ
2931 1767 3218 1834 κινήσεως,

513 1855 612 1919 99.
644 1854 865 1918 Novem
917 1873 1188 1937 supernae
1239 1857 1585 1935 Potestates,
1639 1865 1703 1919 ut
1754 1857 1987 1922 cantica
2024 1865 2083 1919 et

2243 1843 2355 1929 (0'.
2407 1844 2468 1908 ι11
2500 1853 2618 1917 ἕνας
2658 1853 2765 1908 τῶν
2823 1848 2932 1907 ἄνω
2983 1850 3274 1933 δυνάμεων,
3325 1856 3399 1917 ὡς
3450 1855 3703 1929 ὑμνῳδὸς
3744 1858 3823 1911 καὶ

429 1943 680 2023 hymnos
699 1944 1089 2008 concinentes
1109 1946 1402 2028 triplicem
1428 1947 1698 2009 efﬁciunt
1726 1947 2029 2018 chorum,z

2220 1946 2266 1997 ὃν
2312 1941 2490 2016 ὓμνων
2547 1939 2863 2020 ἐξάρχουσα,
2910 1940 3180 2020 τριαδικὴν
3250 1956 3487 1999 ποιεῖται
3539 1967 3820 2024 χοροστα-

427 2032 650 2113 triplici
678 2033 888 2096 ordine
917 2034 1273 2098 Trinitatem
1294 2035 1772 2114 circumstantes,
1801 2052 1934 2095 cum
1959 2042 2027 2096 tri

2218 2040 2322 2089 ιΰσα
2373 2031 2472 2096 τὴν
2520 2029 2778 2108 σύνταξιν,
2839 2031 2926 2085 καὶ
2992 2030 3269 2108 τριαδικῶς
3313 2038 3378 2108 τῇ
3431 2033 3620 2109 Τριάδι
3681 2055 3818 2111 παρ-

429 2139 596 2184 more
641 2122 997 2202 hymnorum
1043 2123 1331 2185 sacriﬁcia
1377 2123 1660 2186 offerunt.
1694 2125 1918 2186 Harum
1951 2123 2028 2184 ali

2215 2118 2442 2193 ταμὲνη,
2509 2118 2563 2174 ἐν
2631 2119 2778 2197 φόβῳ
2838 2117 3235 2197 λειτουργοῦσα,
3295 2121 3689 2200 προσαναφέρει
3733 2124 3815 2177 τὸν

429 2209 707 2290 expansis
725 2210 836 2272 alis
857 2212 1102 2290 cingunt
1119 2211 1752 2293 omniumPrincipium
1775 2210 2029 2274 etCausa1

2217 2231 2346 2264 ινον.
2403 2209 2610 2264 Τούτων
2640 2210 2719 2284 ιαἱ
2776 2207 2874 2280 μὲν
2931 2213 2996 2282 τῇ
3059 2208 3205 2286 ἀρχῇ
3260 2211 3347 2264 καὶ
3405 2209 3625 2266 πάντων
3685 2211 3817 2280 αἰτίᾳ

427 2315 462 2358 a
491 2316 606 2378 qua
651 2297 929 2361 oriuntur
959 2317 973 2361 ε
1009 2317 1218 2360 omnes
1266 2307 1508 2362 attenlae
1553 2301 1921 2382 hymnosque
1974 2301 2027 2361 in

2214 2295 2648 2375 ιθυφαπλοῦνται,
2723 2293 2811 2372 ἀφ’
2868 2296 2936 2360 ἧς
2993 2294 3274 2376 ἄρχονται,
3332 2295 3448 2352 ὅσαι
3520 2311 3814 2376 προσεχεῖς

428 2385 733 2468 choantes,
762 2387 1015 2460 Throni,
1042 2386 1364 2450 Cherubim
1397 2396 1456 2451 et
1487 2387 1795 2469 Seraphim
1826 2381 2028 2450 'nuncu

2213 2386 2243 2441 ιὶ
2296 2388 2400 2442 τῶν
2453 2383 2629 2459 ὕμνων
2685 2381 3025 2463 ἐξάρχουσαι,
3085 2385 3292 2464 Θρόνοι,
3351 2384 3646 2462 Χερουϐὶμ,
3713 2394 3813 2441 Σε-

430 2481 683 2555 pantur,
733 2474 946 2556 quibus
994 2475 1236 2557 propria
1274 2488 1367 2538 est
1413 2477 1586 2556 ignea
1632 2477 1960 2556 sapiential,
2019 2498 2030 2538 ι

2209 2476 2342 2553 ιφὶμ,
2377 2476 2528 2530 αὗται
2559 2472 2747 2552 ὄνομα,
2797 2476 2887 2536 αῖς
2937 2471 3074 2528 ἴδιον
3124 2476 3158 2541 ἡ
3214 2474 3462 2553 ἐμπύριος
3495 2476 3678 2554 σοφία,
3726 2476 3809 2530 καὶ

428 2563 676 2624 scientia
701 2581 902 2625 rerum
930 2564 1286 2638 caelestium,
1320 2584 1388 2626 ac
1419 2566 1674 2646 denique
1711 2565 1922 2644 dignus
1952 2565 2028 2626 De

2251 2569 2444 2640 γνῶσις
2504 2563 2608 2618 τῶν
2679 2562 2953 2640 οὐρανίων,
3014 2564 3102 2617 καὶ
3172 2561 3343 2635 τέλος,
3416 2565 3443 2618 ὁ
3510 2566 3805 2642 θεοπρεπὴς

429 2651 682 2732 hymnus
733 2651 907 2732 Guel,
947 2653 1115 2732 juxta
1143 2652 1493 2715 Hebraicam
1526 2641 1754 2715 vocem.
1780 2641 1947 2716 'Aliaa
1965 2673 2029 2716 au

2198 2673 2317 2725 ανος
2379 2657 2471 2708 τοῦ
2524 2656 2559 2706 Γ
2566 2649 2647 2726 ὲλ,
2699 2651 2835 2706 κατὰ
2907 2649 3004 2716 τὴν
3064 2641 3313 2726 Ἐϐραίδα
3365 2653 3546 2729 φωνήν
3583 2665 3600 2682 ⁸
3651 2641 3705 2707 αἱ
3752 2651 3798 2706 δὲ

431 2745 576 2816 tem,
606 2737 820 2801 mediae
849 2738 1002 2802 inter
1025 2741 1465 2819 przecedentem
1498 2751 1556 2803 et
1584 2750 1931 2822 sequentem
1971 2761 2031 2804 or

2193 2737 2318 2796 ,ἐσον
2398 2739 2595 2794 τούτων
2663 2737 2750 2792 καὶ
2817 2736 2922 2793 τῶν
2994 2737 3333 2816 ἐφεπομένων
3408 2738 3504 2805 τῆς
3586 2738 3793 2811 τάξεως,

431 2825 655 2901 dinem,
687 2825 845 2888 circa
874 2825 1064 2888 Deum
1085 2834 1264 2908 stant,
1299 2828 1527 2890 scilicet
1575 2828 1922 2905 Potestates,
1953 2829 2031 2892 Do

2193 2829 2274 2904 τερὶ
2366 2828 2496 2883 Θεὸν
2578 2825 2848 2901 ἵστανται,
2923 2822 3205 2904 Ἐξουσίαι,
3294 2827 3637 2904 Κυριότητες,
3718 2829 3793 2884 καί

435 2914 789 2978 minationes
824 2921 883 2978 et
913 2913 1216 2979 Virtutes:
1251 2915 1323 2976 ad
1345 2934 1497 2996 quas
1521 2917 1821 2996 pertinent
1841 2937 2035 2998 magna

2191 2917 2419 2991 δυνάμεις
2455 2920 2472 2946 ‘
2525 2915 2618 2978 αῖς
2675 2911 2812 2969 ἴδιον
2867 2914 2973 2970 τῶν
3043 2913 3290 2992 μεγάλων
3361 2917 3691 2994 πραγμάτων
3749 2919 3791 2970 αἱ

429 3020 565 3066 rum
593 3021 794 3065 rerum
823 3004 1145 3081 gestiones,
1179 3003 1600 3067 miraculorum
1653 3005 2029 3086 signorumqu

2188 3007 2522 3077 ιευθετήσεις,
2575 3006 2627 3060 αἱ
2683 3005 2787 3058 τῶν
2855 3003 3136 3078 θαυμάτων
3215 3002 3494 3083 ἐνέργειαι,
3556 3007 3645 3061 καὶ
3699 3010 3788 3060 τῶν

429 3108 500 3152 ac
547 3075 952 3170 prodigiorum
998 3075 1398 3172 Operationes,
1432 3110 1501 3153 ac
1530 3075 1791 3185 deniqiie
1834 3075 2029 3155 sacri)!

2191 3097 2388 3172 ημείων
2460 3075 2530 3185 αἱ,
2565 3091 2922 3185 τερατουργίαι
2956 3075 2972 3121 λ
3001 3163 3025 3185 ﬂ
3055 3092 3142 3147 καὶ
3222 3075 3374 3156 τέλος
3431 3075 3491 3147 ὁ,
3530 3095 3791 3171 Τρισᾶγιος

429 3164 762 3257 Τιίέδείοιῖ,
786 3164 1057 3256 sanctus;
1071 3187 1329 3255 sanctus,
1355 3164 1613 3241 sanctus.
1636 3164 1784 3242 Alia:
1806 3181 2029 3243 demun

2187 3164 2340 3260 μνος,
2370 3185 2451 3255 τὸ,
2505 3164 2703 3258 Ἄγιος,
2743 3164 2938 3255 Ἄγιος,
3001 3164 3180 3256 Ἄγιος
3212 3196 3228 3210 ⁸
3277 3183 3328 3235 αἱ
3384 3178 3437 3234 δὲ
3496 3164 3630 3259 προς
3660 3164 3787 3256 ἡμᾶς

434 3267 513 3330 ad
538 3285 647 3328 nos
675 3266 1040 3340 desinentes,
1075 3267 1250 3329 nobis
1279 3268 1523 3348 quidem
1573 3269 1930 3350 superiores,
1965 3289 2034 3331 su

2183 3272 2494 3343 ελευτῶσαι,
2564 3267 2805 3345 ὕπεράνω
2886 3267 2984 3342 μὲν
3055 3270 3232 3343 ἡμῶν,
3310 3265 3692 3335 ὑποϐεϐηκυῖαι
3739 3268 3783 3324 δὲ

432 3355 636 3438 pernis
664 3363 858 3417 autem
892 3355 1228 3432 inferiores,
1260 3356 1446 3418 Deum
1480 3357 1881 3435 circumstant,
1910 3376 2032 3420 nen

2172 3364 2244 3438 ἱὸν
2294 3360 2404 3421 ἅνω
2451 3359 2568 3437 περὶ
2631 3359 2758 3414 Θεὸν
2815 3356 3083 3430 ἵστανται,
3145 3355 3362 3436 Ἀρχαὶ,
3421 3354 3772 3438 Ἀρχάγγελοι,

432 3433 508 3526 pe
537 3444 933 3525 Principatus,
956 3445 1391 3524 Archangeliet
1412 3445 1618 3525 Angeli
1653 3468 1665 3505 :
1694 3433 1908 3527 quibus
1929 3465 2032 3526 pro

2161 3433 2398 3528 Ἄγγελοι
2434 3463 2446 3475 ·
2523 3433 2617 3511 αἶς
2665 3443 2797 3501 ἴδιον
2855 3447 2915 3500 τὸ
2966 3444 3321 3523 λειτουργικὸν
3377 3445 3432 3502 ὲν
3492 3444 3761 3518 διακονίαις,

432 3531 564 3614 pria
590 3539 728 3594 sunt
755 3532 964 3593 divina
993 3531 1345 3614 ministeria,
1370 3552 1437 3595 ac
1456 3533 1694 3596 demum
1725 3553 1894 3596 sacer
1908 3535 2032 3614 hyn

2153 3541 2241 3596 καὶ
2275 3538 2426 3602 τέλος
2457 3541 2485 3594 ὁ
2526 3538 2662 3615 ἱερὸς
2713 3534 2876 3610 ὕμνος
2933 3541 3024 3592 τοῦ
3084 3533 3439 3601 Ἀλληλούϊα.
3488 3538 3687 3598 Ταύταις
3727 3537 3753 3599 ἡ

431 3639 547 3684 nus
598 3620 876 3685 Alleluia.
926 3619 1049 3683 Illis
1095 3622 1370 3683 omnibus
1417 3621 1720 3684 rationalis
1769 3623 2031 3686 hominm

2167 3629 2346 3706 Κογικὴ
2375 3627 2480 3683 τῶν
2536 3625 2822 3703 ἀνθρώπων
2879 3624 3031 3702 φύσις
3088 3621 3173 3680 διά
3225 3623 3406 3691 πάσης
3462 3625 3646 3704 ἀρετῆς
3693 3643 3767 3678 τε·-

432 3717 665 3787 natura,
709 3709 877 3771 omni
925 3708 1188 3789 perfecta
1232 3712 1468 3785 virtute,
1510 3712 1670 3773 omni
1719 3711 1971 3774 scientia
2017 3729 2032 3773 ε

2178 3715 2459 3791 ιειουμένη,
2510 3716 2598 3770 καὶ
2653 3711 2737 3769 διὰ
2790 3713 2969 3779 πάσης
3014 3713 3283 3790 γνώσεως,
3331 3715 3418 3770 καὶ
3462 3716 3646 3793 σοφίας
3697 3713 3778 3767 ἀν-

431 3798 724 3880 sapientia
768 3797 1022 3879 Spiritus
1066 3798 1346 3880 Ignisque
1377 3801 1528 3860 sacri
1561 3798 1895 3876 sublimata,
1923 3819 2031 3862 con

2187 3805 2448 3882 ψουμένη,
2506 3805 2600 3859 τοῦ
2655 3803 2984 3878 Πνεύματος,
3065 3803 3152 3857 καὶ
3229 3808 3320 3857 τοῦ
3402 3805 3540 3859 θείου
3621 3805 3785 3882 πυρὸς,

429 3885 718 3950 formatur
772 3903 880 3966 per
932 3885 1129 3947 divina
1186 3888 1560 3963 charismata,
1613 3888 1768 3967 quod
1827 3889 2029 3966 singuli

2192 3897 2432 3952 ίκειοῦται
2489 3904 2610 3955 ταῖς
2654 3891 2808 3955 θείοις
2875 3889 3223 3970 χαρίσμασιν,
3283 3893 3357 3954 ὼς
3414 3893 3475 3948 τὸ
3535 3891 3668 3949 ἴδιον
3720 3890 3792 3947 διὰ

431 3976 742 4055 proprium
769 3981 858 4036 est
887 3973 1002 4037 sibi
1026 3974 1466 4056 quodomm'odo
1496 3976 1904 4056 approprians.
1931 3976 2031 4037 Ete

2183 3982 2509 4061 ιαθαρότητος
2537 3977 2882 4054 ἐπισπωμένη
2931 3984 3140 4040 πασῶν,
3198 3989 3331 4042 Ταῖς
3390 3980 3486 4056 μὲν
3542 3982 3662 4060 γὰρ,
3724 3984 3783 4054 τῇ

429 4061 554 4124 nim
585 4061 719 4124 aliis
748 4061 990 4142 quidem
1020 4062 1425 4124 conformatur
1459 4062 1789 4124 ministerio
1813 4071 1870 4124 et
1901 4081 2029 4124 man

2187 4071 2409 4144 ιακονίᾳ,
2495 4069 2583 4125 καὶ
2651 4065 2942 4146 λειτουργίᾳ
3010 4070 3116 4122 τῶν
3172 4066 3397 4126 ἐντολῶν
3464 4076 3558 4126 τοῦ
3617 4075 3744 4126 Θεοῦ
3774 4083 3786 4097 ·

432 4149 706 4213 datorum
733 4150 836 4213 Dei
860 4150 1313 4232 observatione;
1346 4150 1480 4213 aliis
1509 4156 1708 4214 autem
1739 4151 2032 4212 miserico:

2198 4173 2276 4222 ιτς
2306 4157 2386 4232 δὲ,
2416 4164 2485 4235 τῇ
2537 4158 2852 4236 συμπαθείᾳ,
2909 4158 2996 4212 καὶ
3041 4161 3107 4231 τῇ
3158 4157 3449 4235 προστασίᾳ
3506 4163 3612 4215 τῶν
3672 4160 3798 4232 ὁμο-

433 4237 532 4300 dia
576 4244 635 4300 et
674 4239 1049 4328 protectione
1094 4257 1233 4319 erga
1280 4259 1422 4302 suos
1459 4241 1693 4315 fratres,
1731 4247 1789 4300 et
1828 4240 2033 4328 insupe

2200 4247 2331 4304 ύλων
2367 4263 2380 4278 ⁸
2429 4245 2506 4302 ἔτι
2553 4244 2607 4302 δὲ
2649 4251 2717 4321 τῇ
2773 4251 2879 4301 τῶν
2924 4244 3172 4324 μεγάλων
3227 4248 3315 4303 καὶ
3359 4248 3507 4302 θείων
3551 4246 3800 4324 πραγμά-

437 4343 782 4403 magnarum
812 4326 1264 4408 divinarumque
1292 4347 1494 4390 rerum
1525 4327 1796 4407 gestione
1837 4335 1894 4388 et
1937 4327 2037 4408 Spi

2198 4359 2266 4394 ων
2297 4337 2586 4410 οἰκονομίᾳ,
2647 4336 2735 4389 καὶ
2781 4347 2903 4397 ταῖς
2961 4333 3242 4413 ἐνεργείαις
3298 4334 3390 4390 τοῦ
3449 4336 3798 4409 Πνεύματος·

433 4413 584 4505 ritus
614 4414 1054 4494 operationibus
1081 4436 1098 4491 ;
1128 4415 1259 4476 aliis
1290 4416 1546 4497 denique
1577 4416 1766 4496 ignito
1787 4434 2033 4478 sermon'

2202 4440 2282 4490 αῖς
2317 4423 2396 4505 δὲ,
2439 4430 2508 4500 τῇ
2540 4423 2754 4502 ἐμπύρῳ
2783 4423 2937 4502 σοφίᾳ
2978 4429 3070 4479 τοῦ
3127 4421 3303 4500 λόγου,
3353 4425 3442 4479 καὶ
3495 4430 3563 4499 τῇ
3617 4425 3802 4501 γνώσει

435 4499 731 4581 sapientia
784 4509 843 4589 et
897 4504 1148 4566 scientia
1197 4504 1526 4567 divinarum
1582 4511 1638 4565 et
1690 4505 2035 4566 humanam:

2203 4519 2267 4570 ὧν
2321 4499 2492 4570 θείων
2529 4512 2616 4567 καὶ
2679 4499 3010 4588 ἀνθρωπίνων
3057 4499 3379 4589 πραγμάτων
3437 4499 3803 4589 συγκοινωνεῐ.

435 4606 638 4652 rerum
672 4588 1006 4678 participat.
1032 4590 1118 4653 Ita
1142 4591 1402 4671 perfecta
1432 4600 1492 4654 et
1520 4599 1746 4654 naturae
1775 4593 1931 4654 dona
1954 4612 2035 4654 m1

2208 4600 2316 4659 ῧτω
2382 4599 2748 4674 τελειουμὲνη,
2821 4601 2908 4656 καὶ
2977 4599 3070 4662 τὰς
3100 4588 3325 4678 δωρεὰς
3372 4588 3662 4675 ἀμείϐουσα
3721 4602 3807 4662 τὰς

437 4685 652 4770 tuane,
712 4676 963 4740 decimae
995 4679 1300 4770 potentiae
1367 4679 1490 4742 Deo
1550 4697 1658 4760 per
1727 4681 1859 4743 illas
1933 4699 2037 4742 con

2209 4691 2261 4757 ἧς
2295 4690 2521 4770 φύσεως,
2567 4693 2635 4765 τῇ
2691 4686 2863 4744 δεκάδι
2921 4694 3037 4762 Θεῴ
3089 4686 3173 4744 διὰ
3215 4689 3413 4744 τούτων
3470 4688 3809 4761 συνάπτεται,

431 4765 726 4857 jungitur,
759 4767 939 4847 quasi
977 4766 1225 4830 decimae
1280 4767 1572 4848 primitias
1602 4787 1672 4830 ex
1703 4769 1899 4849 seipsa
1948 4771 2031 4832 hu

2215 4801 2238 4844 ς
2310 4765 2574 4857 ’ἀπαρχοὲκν
2672 4774 2894 4844 δεκάτης
2995 4777 3128 4853 αὐτῇ
3232 4787 3656 4855 προσενεγκοῦσα
3768 4776 3812 4841 ἐξ

436 4855 714 4919 oﬂ‘erens.

2165 4869 2382 4934 ἑαυτῆς.

520 4944 672 5035 100._
691 4944 850 5008 Deus
877 4943 1090 5010 Unitas
1118 4952 1177 5008 et
1201 4943 1482 5035 Trinitas,
1533 4943 1608 5035 ab
1659 4944 1882 5035 unitate
1925 4944 2082 5008 inci—

2247 4947 2317 5035 ρ’.
2353 4957 2482 5019 Θεὸς
2511 4956 2546 5023 ἡ
2578 4955 2752 5017 Μονὰς
2780 4955 2868 5010 καὶ
2897 4955 3075 5033 Τριάς,
3109 4953 3216 5010 ἀπὸ
3256 4952 3480 5031 μονάδος
3510 4955 3813 5035 ἀρχόμενος

436 5030 630 5122 piens,
657 5033 719 5122 in
746 5036 1011 5115 seipsum
1045 5035 1287 5097 decadis
1317 5034 1505 5122 instar
1532 5032 1862 5122 circulatim
1884 5051 2036 5096 revei

2216 5030 2452 5110 cvéautov
2497 5047 2588 5101 οἶα
2616 5042 2680 5110 δὴ
2737 5041 2915 5122 δεκὰς,
2942 5030 3235 5107 ’κυκλικῶς
3261 5030 3617 5122 ντελειοῦταιξ
3652 5047 3816 5110 Οὗτος

437 5119 599 5212 t_itur.
633 5121 742 5183 Hic
763 5122 1029 5184 omnium
1054 5122 1344 5212 principia
1364 5130 1422 5182 et
1440 5121 1589 5184 fines
1610 5121 1772 5212 intra
1789 5139 1856 5183 se
1875 5123 2037 5184 habe

2214 5157 2253 5201 ις
2305 5134 2517 5206 πάντων
2573 5132 2744 5212 ἀρχὰς
2799 5133 2886 5187 καὶ
2927 5132 2994 5186 τὰ
3036 5129 3164 5198 τέλη
3209 5131 3357 5194 ἐντὸς
3403 5131 3545 5212 ἔχει.
3576 5115 3728 5189 Ἔστι
3763 5133 3814 5190 δὲ

434 5207 540 5298 Est
565 5217 766 5298 autem
798 5219 962 5273 extra
989 5211 1208 5287 omnia,
1254 5217 1546 5298 quatenus
1591 5207 1867 5271 omnibus
1898 5228 2034 5290 supe

2216 5225 2374 5281 ίντων
2404 5221 2580 5296 ἐκτὸς,
2613 5223 2686 5284 ὡς
2735 5220 3103 5298 ὑπερκείμενος
3155 5226 3262 5276 τῶν
3319 5220 3483 5282 ὅλων.
3538 5222 3741 5279 Τούτου
3795 5227 3816 5279 ὁ

432 5297 578 5361 rior.
594 5297 872 5383 Quiintra
886 5319 1021 5362 eum
1046 5309 1135 5363 est
1154 5301 1415 5363 rationes
1435 5297 1864 5388 scientiamque
1877 5316 2032 5388 rerui

2221 5313 2309 5375 τὸς
2339 5309 2598 5388 γεγονὼς,
2630 5308 2777 5371 ἐντὸς
2800 5297 2921 5369 τοὺς
2951 5305 3140 5384 λόγους
3172 5309 3261 5364 καὶ
3304 5307 3403 5375 τὴν
3458 5313 3653 5384 γνῶσιν
3708 5316 3816 5367 τῶν

435 5393 729 5479 penetrat,
765 5394 822 5448 et
853 5396 1016 5450 extra
1037 5388 1238 5450 omnia
1271 5395 1455 5463 stans,
1489 5386 1645 5448 intra
1675 5386 1874 5449 omnia
1904 5386 2035 5448 inha

2216 5423 2328 5458 ιτων
2353 5386 2628 5479 ἐχώρησεν
2660 5416 2676 5432 ⁶
2710 5396 2808 5462 ἔξω
2857 5395 2911 5453 δὲ
2959 5397 3170 5456 πάντων
3227 5398 3418 5472 ἑστὼς,
3466 5397 3612 5460 ἐντὸς
3672 5399 3816 5456 πάν-

433 5470 599 5567 bitat,
635 5474 926 5567 prin_c_ipi_a
953 5477 1224 5567 ﬁnesque
1246 5477 1460 5567 horum
1490 5474 1849 5567 percallens,
1875 5482 2033 5567 utpol

2220 5511 2268 5544 ον
2297 5470 2584 5567 αὐλίζεται,
2615 5487 2710 5549 τὰς
2739 5486 2912 5565 ἀρχὰς
2945 5483 3094 5549 εἰδὼς
3142 5485 3229 5542 καὶ
3284 5487 3350 5542 τὰ
3406 5483 3536 5552 τέλη
3593 5487 3820 5563 τούτων,

435 5559 589 5622 Patri
621 5579 731 5641 per
759 5560 1023 5626 Verbum
1049 5564 1437 5646 spiritualiter
1452 5562 1676 5638 unitus,
1702 5569 1760 5625 et
1777 5563 2035 5644 perfecu

2224 5600 2236 5640 :
2306 5578 2440 5652 μετὰ
2498 5559 2701 5653 Πατρὸς
2760 5559 2852 5630 διά
2892 5580 2985 5630 τοῦ
3058 5574 3228 5652 Λόγου
3285 5574 3566 5652 συνάφειαν
3642 5559 3824 5655 νοεράν
