4052 6134
314 253 468 321 1009
1443 266 1543 329 DE
1585 266 1921 334 SALUTA']

2003 271 2123 336 lNE
2163 271 2544 336 MANUALI.
3532 266 3693 335 1010

304 388 588 482 ἐσχηκὼς,
650 394 735 450 καὶ
778 391 1092 482 τελειωθεὶς,
1138 394 1194 451 ἐν
1235 402 1312 470 τῷ
1357 397 1619 472 Πνεύμστι
1652 416 1672 436 ο
1716 403 1849 476 αὐτῇ
1888 422 1921 456 τ

2003 399 2101 462 ιίιι
2130 398 2353 481 Spiritu
2380 408 2607 463 sancto.
2631 399 2749 482 Ipsi
2780 397 3057 480 perfecta
3083 403 3144 461 et
3170 396 3436 461 indivisa
3461 405 3521 461 et
3539 418 3687 465 con-

294 477 598 567 παντελείορ
643 483 733 537 καὶ
803 480 1082 562 ἀδιαιρέτῳ
1154 482 1328 563 Τριάδι
1405 486 1493 541 καὶ
1550 488 1835 563 ὁμοουσίῳ,
1892 511 1921 545 τ

2041 477 2413 551 ευδεῖειιιὶειιὶ
2459 477 2759 564 Trinitati,
2784 477 2935 567 'quaa
2975 485 3040 547 in
3088 487 3284 562 Patre,
3318 493 3380 548 et
3414 484 3593 564 Filio,
3625 496 3688 553 et

298 565 372 658 ἐν.
412 569 597 646 Πατρὶ,
646 571 736 658 καὶ
791 573 918 658 Titii,
977 574 1066 628 καὶ
1122 573 1256 652 ἁγίῳ
1322 574 1584 647 Πνεύματι
1639 598 1921 654 προσκυνοι

2041 576 2259 658 Spiritu
2288 584 2490 640 sancto
2518 565 2909 650 adoratur,'et
2934 573 2996 636 in
3030 590 3149 637 una
3181 573 3548 653 gloriﬁcatur
3570 595 3684 641 na-

299 653 466 745 μένῃ,
517 659 602 713 καὶ
647 657 698 715 ἐν
730 665 827 733 μιᾷ
877 657 1197 736 δοξαζομένῃ
1248 661 1395 739 φύσει
1444 664 1531 719 καὶ
1572 653 1813 740 βασιλείᾳ
1866 686 1921 722 κο

2041 653 2169 727 tura
2198 671 2255 726 et
2285 665 2595 744 majestate
2617 670 2675 727 et
2698 662 2957 745 potentia
2980 660 3325 744 divinitatis,
3344 661 3422 725 sit
3451 664 3681 744 princi-

301 740 521 833 δυνάμει
603 747 854 815 θεότητος
890 768 905 783 ·
992 752 1029 827 ᾗ
1113 750 1301 828 κράτος
1381 752 1454 814 εἰς
1537 753 1659 818 τοὺς
1733 755 1921 817 αἰῶνας

2040 759 2206 833 patus
2243 753 2305 815 in
2335 740 2573 816 saecula.
2603 740 2825 818 Amen.

299 829 497 907 Ἀμήν.

334 998 3638 1040 m

1329 1112 1691 1177 MONITUM
1735 1112 1819 1174 IN
1862 1111 2238 1175 SCHOLION
2283 1113 2647 1187 SEQUENS.

380 1263 710 1353 cardinalis
737 1266 959 1353 Angelo
991 1267 1190 1353 Maiin
1223 1277 1380 1333 tomo
1409 1268 1487 1334 IV
1509 1269 1901 1353 Bibliotheca:
1930 1285 2108 1353 nocte
2136 1266 2417 1353 Patrum,
2454 1290 2512 1351 p.
2546 1273 2686 1353 118,
2718 1272 2791 1335 ad
2822 1290 2894 1334 ea
2936 1272 3116 1353 verba
3168 1272 3672 1339 Constitutionum

294 1340 732 1433 §tuditanarum
768 1367 799 1433 :_
834 1340 958 1428 δίρή
1014 1352 1297 1433 γινῷσκειν,
1353 1353 1426 1433 ᾡς
1483 1341 1603 1408 καθ’
1637 1350 1881 1433 ἕκαστον.
1923 1348 2250 1433 ἀποδείπνων
2280 1353 2308 1407 ὁ
2346 1340 2430 1407 διά
2454 1340 2685 1433 ⁸χειρῶν
2725 1351 3030 1433 σταυροειδὴ
3066 1372 3080 1416 :
3124 1355 3407 1431 ἀσπασμὸς
3437 1375 3664 1432 γινεται·

289 1422 579 1512 Singulis
609 1422 1006 1512 completo'rtis
1028 1422 1335 1512 salutatio
1361 1431 1451 1512 ﬁt
1474 1430 1760 1512 manibus
1794 1428 1881 1512 od
1922 1430 2117 1512 crucis
2156 1430 2418 1506 formam
2468 1422 3340 1512 compositisfhaecadnotat':
3384 1455 3407 1491 ι
3444 1422 3533 1496 De
3561 1435 3675 1497 hoc

298 1502 418 1593 ritu
443 1505 690 1593 ejusque
717 1502 874 1593 varia
903 1502 1639 1593 signiﬁcatione‘Scbolion
1661 1507 1962 1593 eruditum
1984 1502 2219 1593 _Ni_cetaa
2252 1511 2541 1593 Pectorati
2571 1502 2849 1575 monachi
2870 1510 3092 1593 Studia)f
3120 1512 3390 1593 legebam
3440 1512 3504 1576 in
3533 1514 3669 1579 cod.

300 1580 690 1668 Vat._l105_f.
731 1588 861 1659 152,
896 1580 1051 1667 quod
1085 1590 1195 1649 etsi
1228 1590 1400 1668 paulo
1433 1588 1704 1651 diffusius
1735 1587 1831 1649 hic
1875 1586 2161 1668 recitabo,
2203 1588 2308 1651 sed
2359 1588 2562 1655 Graece
2604 1597 2849 1667 tantum,
2900 1610 2977 1654 ne
3022 1580 3320 1657 adnotatio
3372 1593 3678 1657 enormior

296 1662 529 1724 evadat.
567 1689 593 1720 »
628 1662 1180 1748 lnterprefationem
1212 1662 1479 1732 Latinam
1510 1668 1812 1730 addimus.

776 1939 1027 1992 ΝΙΚΗΤΑ
1072 1940 1395 1993 ΜΟΝΑΧΟΥ
1439 1942 1553 1992 ΚΑΙ
1598 1937 2072 1990 ΠΡΕΣΒΥΤΕΡΟΥ
2116 1941 2251 1991 ΤΩΝ
2293 1939 2631 1994 ΣΤΟΥΔΙΩΝ
2676 1944 2803 1994 ΤΟΥ
2833 1942 3188 1995 ΣΗΤΘΑΤΟΥ

1387 2047 1537 2099 ΠΕΡΙ
1582 2048 1709 2099 ΤΟΥ
1755 2046 1865 2097 AIA
1908 2042 2159 2096 XEIPQN
2200 2045 2590 2105 ΑΣΠΑΣΜΟΥ,

392 2209 732 2276 ΝΙΟΕΤιΕ
776 2212 1236 2280 PECTORATI
1271 2216 1655 2283 MONACHI
1692 2155 2072 2282 STUDIEDE
2114 2214 2224 2277 DE
2263 2213 2846 2283 SALUTATIONE
2885 2216 3256 2282 MANIBUS
3307 2216 3587 2283 FACTA.

375 2413 522 2474 Ἀλλ’
551 2415 667 2475 οὒδὶ
715 2421 743 2475 ὁ
791 2417 874 2476 διὰ
916 2427 1113 2500 χειρῶν
1167 2421 1448 2497 ἀσπασμὸς
1507 2422 1594 2479 ἐπὶ
1650 2422 1799 2499 μόνῳ
1859 2427 1921 2496 τᾷ

2102 2418 2386 2483 Salutatio
2429 2422 2701 2485 manibus
2748 2430 2989 2505 peracta
3021 2441 3216 2504 neque
3245 2422 3418 2504 signo
3453 2422 3672 2487 visibili

294 2505 643 2585 πραττομένῳ
686 2509 775 2564 τὸν
824 2506 961 2565 ἴδιον
1002 2509 1187 2577 ἵστησι
1220 2509 1381 2589 λόγον
1413 2527 1430 2544 ⁵
1464 2510 1581 2591 ἔχει
1613 2509 1666 2567 δὲ
1696 2512 1783 2567 καὶ
1838 2515 1921 2570 αύ-

2021 2515 2316 2582 coutenta,
2352 2510 2422 2570 iis
2447 2510 2545 2592 qui
2577 2510 2978 2576 conditionem
3008 2512 3330 2574 humanam
3364 2512 3669 2593 pervesti-

292 2595 386 2658 τὸς
445 2593 544 2673 ἄρα
601 2596 989 2675 μυστικώτερόν
1042 2619 1094 2654 τι
1147 2597 1357 2661 πάντως
1412 2598 1641 2680 ἐμφῆναι
1697 2612 1815 2663 τοῖς
1875 2599 1921 2655 τε

2018 2604 2179 2674 gant,
2208 2597 2518 2677 mysticum
2545 2599 2768 2680 aliquid
2801 2599 3022 2680 pariter
3052 2606 3109 2662 et
3137 2598 3370 2662 visibile
3387 2599 3666 2663 subindi-

284 2682 522 2761 ἡμέτερα
564 2681 912 2761 ἐξετάζουσιν,
958 2688 1032 2750 ὡς
1087 2692 1164 2759 τῷ
1222 2686 1475 2765 ὁρωμένῳ
1502 2686 1921 2766 συγκλειόμενος.

2017 2692 2132 2748 cat.
2158 2683 2227 2745 Et
2247 2685 2490 2765 quidem
2521 2686 2594 2748 iis
2615 2687 2717 2767 qui
2739 2687 2955 2749 mentis
2975 2686 3165 2749 oculis
3186 2687 3388 2751 vident
3411 2687 3525 2751 tria
3546 2706 3667 2770 my-

287 2771 416 2851 Τρία
472 2778 596 2849 γοῦν
650 2779 815 2829 ταῦτα
868 2787 987 2838 τοῖς
1044 2775 1205 2852 ὁρῶσι
1249 2777 1431 2854 ψυχῆς
1484 2774 1779 2855 ὀφθαλμοῖς
1838 2776 1921 2852 ἐμ-

2016 2772 2170 2834 stica
2216 2783 2506 2853 apparent
2546 2795 2561 2836 τ
2615 2782 2820 2837 mutua
2866 2775 3299 2852 reconciliatio,
3332 2775 3660 2854 imaginum

286 2861 457 2939 φαίνει
506 2861 571 2916 τὰ
599 2862 962 2940 μυστικώτερα
987 2881 999 2893 ·
1047 2863 1146 2929 τὴν
1200 2865 1329 2941 πρὸς
1386 2862 1648 2934 ἀλλήλους
1691 2864 1921 2921 καταλα-

2015 2861 2519 2941 phantasticarum
2546 2863 2830 2944 repulsio,
2857 2862 3112 2944 Spiritus
3140 2863 3328 2925 sancti
3345 2862 3664 2927 obumbra-

284 2949 414 3027 γὴν,
445 2955 549 3005 τῶν
585 2958 677 3007 τοῦ
704 2953 794 3005 νοῦ
851 2951 1141 3029 φασμάτων
1186 2951 1287 3019 τὴν
1345 2951 1643 3028 ἀποδίωξιν,
1703 2954 1791 3010 καὶ
1830 2954 1921 3021 τὴν

2015 2948 2121 3009 tio.
2154 2951 2302 3011 Cum
2331 2949 2491 3011 enim
2522 2968 2630 3031 per
2658 2952 2852 3014 crucis
2877 2952 3109 3031 signum
3139 2950 3338 3030 digitis
3381 2952 3658 3033 praeﬁgu-

284 3044 379 3093 τοῦ
428 3038 574 3114 ἁγίου
618 3036 914 3093 ὲπισκίασιν
969 3040 1318 3115 Πνεύματος.’
1355 3039 1572 3109 Ἐπειδὴ
1625 3042 1724 3121 γὰρ
1764 3063 1921 3099 σταυ-

2011 3054 2234 3112 ramus,
2267 3038 2627 3101 innocentia;
2680 3047 2843 3105 veste
2888 3059 2998 3103 nos
3042 3040 3383 3116 induentes,
3431 3041 3662 3122 palmas

287 3132 366 3203 ρῷ
420 3127 516 3201 μὲν
559 3134 821 3200 ωποῦμεν
893 3132 1000 3182 τῶν
1053 3126 1300 3205 μεγάλων
1347 3131 1469 3193 τοὺς
1512 3127 1794 3194 δακτύλους
1844 3132 1921 3187 καὶ

2013 3134 2206 3187 autem
2238 3127 2518 3208 utrinque
2547 3129 2984 3207 protendimus,
3017 3128 3363 3193 sacerdotes
3390 3136 3452 3192 et
3477 3129 3519 3190 ii
3551 3130 3659 3210 qui

290 3212 528 3290 πρώτους
554 3210 994 3291 περιϐαλλόμενοι
1040 3218 1103 3271 τὸ
1145 3220 1246 3282 τῆς
1303 3216 1524 3280 ἀκακίας
1578 3217 1921 3275 κουκούλιον⁴

2016 3221 2194 3275 totam
2216 3216 2349 3278 vitae
2365 3216 2662 3279 cruciﬁxze
2675 3217 2923 3297 ﬁguram
2948 3215 3657 3298 praesumunt,digitorum

286 3302 383 3364 τὰς
435 3300 688 3376 παλάμας
744 3300 800 3357 δὲ
857 3301 995 3359 ἔνθεν
1048 3304 1292 3361 κάκεῖθεν
1346 3305 1668 3382 ἦπλωμὲνας
1724 3308 1921 3386 ἀντικρθῖ

2014 3302 2077 3363 in
2092 3301 2288 3364 crncis
2309 3303 2557 3365 formam
2577 3304 3042 3386 compositorum
3057 3304 3281 3367 unione
3301 3305 3437 3366 mod
3446 3304 3658 3369 estiam

290 3392 423 3469 πρὸς
466 3388 731 3460 ἀλλήλους
764 3389 1060 3467 ἐκτείνομεν
1095 3408 1110 3424 ⁸
1144 3393 1199 3450 οἳ
1232 3416 1286 3449 τε
1336 3397 1497 3474 ἱερεῖς
1565 3397 1652 3452 καὶ
1708 3399 1756 3453 οἱ
1811 3394 1921 3452 ὅλοι

2013 3389 2077 3450 in
2104 3390 2335 3468 agendo
2357 3390 2773 3473 loquendoque
2788 3391 3208 3455 indicant.Hoc
3231 3410 3485 3472 namque
3504 3392 3659 3455 facto

285 3482 348 3536 τὸ
418 3485 611 3560 σχῆμα
666 3481 764 3547 τῆς
821 3479 1221 3561 ἐσταυρωμὲνης
1277 3482 1625 3549 ἀναλαϐόντες
1669 3484 1809 3557 ζωῆς
1848 3482 1921 3543 διὸ

2012 3479 2229 3560 pietate
2257 3496 2367 3541 nos
2395 3499 2718 3558 armamus,
2746 3500 3028 3544 manuum
3068 3490 3268 3544 autem
3313 3480 3663 3545 extensione

283 3569 381 3643 μὲν
462 3575 553 3625 τοῦ
638 3568 996 3648 σταυροειδοῦς
1084 3566 1276 3647 δεσμοῦ
1359 3573 1464 3629 τῶν
1532 3571 1797 3631 δακτύλων
1868 3575 1921 3630 τὲ

2012 3567 2357 3630 charitatem
2386 3568 2709 3645 innuimus,
2744 3588 2861 3651 qua
2885 3588 2994 3631 nos
3022 3568 3278 3631 invicem
3308 3567 3593 3646 amplecti
3621 3586 3658 3631 a

281 3658 533 3737 ἐγκρατὲς
595 3659 683 3715 καὶ
738 3655 1014 3715 δεδομένον
1068 3664 1166 3726 τῆς
1231 3660 1521 3739 παρρησίας
1578 3661 1921 3742 ἐμφαίνομεν,

2011 3655 2243 3718 Christo
2291 3657 2446 3736 jussi
2500 3676 2725 3721 sumus.
2770 3657 3100 3735 Digitorum
3149 3674 3326 3738 porro
3383 3663 3657 3720 contactu

281 3749 350 3813 ἧς
410 3747 568 3826 χάριν
626 3748 699 3809 ὡς
758 3744 920 3840 όπλον
976 3748 1075 3813 τὴν
1145 3746 1416 3805 εὐλάϐειαν
1471 3748 1751 3826 ἐνὼόμεθα
1784 3770 1799 3784 ⁸
1844 3749 1921 3806 διά

2010 3743 2267 3824 antiquae
2288 3744 2622 3807 traditionis
2649 3745 2986 3825 exemplum
3016 3744 3303 3821 imitatur,
3328 3743 3484 3806 sicut
3519 3762 3651 3840 ma-

281 3857 341 3892 τε
409 3836 505 3903 τῆς
561 3835 934 3898 ἀναπετάσεως
990 3841 1096 3891 τῶν
1150 3843 1349 3917 χειρῶν
1410 3839 1508 3906 τὴν
1563 3839 1660 3906 τῆς
1717 3840 1921 3917 ἀγάπης

2009 3850 2153 3893 num
2184 3850 2360 3893 manu
2382 3833 2705 3913 jungentes
2748 3833 3034 3895 unionem
3065 3849 3298 3894 morum
3344 3839 3402 3894 et
3430 3832 3655 3895 amoris

283 3924 532 4004 διάθεσιν,
582 3925 647 3991 ἦν
690 3920 782 3987 ἐἰς
838 3922 1101 3994 ἀλλήλους
1146 3924 1292 4006 ἔχειν
1329 3928 1458 4006 πρὸς
1519 3935 1741 4006 Χριστοῦ
1794 3927 1921 3983 ἐπε-

2007 3920 2452 3983 diuturnitatem
2527 3921 2902 4002 proferimus.
2960 3919 3327 3983 Salutatione
3393 3920 3654 4002 denique

284 4015 561 4093 τράπημεν
601 4030 615 4045 ’
689 4016 775 4071 καὶ
845 4013 989 4079 ὅπως
1043 4012 1263 4079 ἕκαστος
1321 4016 1543 4073 ἑκάστου
1597 4017 1696 4083 τὴν
1751 4016 1921 4097 φιλίαν

2008 4016 2242 4089 peracta
2271 4009 2471 4089 digitis
2499 4010 2562 4071 in
2591 4011 2785 4072 crucis
2821 4009 3077 4071 formam
3125 4006 3469 4097 compositis
3517 4009 3652 4071 vita

286 4104 416 4183 πρὸς
473 4104 658 4160 ἑαυτὸν
742 4102 1053 4159 ἐπισπεῦσαι
1120 4101 1443 4179 δεικνύομὲν,
1532 4104 1630 4160 Διά
1705 4095 1773 4160 δὲ*
1828 4104 1921 4173 τῆς

2007 4097 2304 4159 cruciﬁsz
2358 4115 2626 4160 amorem
2683 4097 3030 4173 innuimus,
3089 4095 3260 4176 cujus
3313 4096 3652 4177 exemplum

283 4194 664 4272 προσψαύσεως
733 4198 838 4248 τῶν
900 4189 1191 4267 δακτύλων,
1247 4190 1391 4256 ὅπως
1448 4190 1615 4260 δεξιὰς
1671 4192 1921 4264 ἀλλήλοις

2009 4193 2250 4247 strenue
2276 4186 2496 4248 imitari
2524 4186 2839 4251 debemus.
2870 4189 2987 4249 Per
3016 4185 3177 4247 idem
3205 4202 3343 4247 vero
3374 4193 3433 4247 et
3463 4202 3655 4247 mem-

281 4286 417 4341 κατὰ
473 4282 570 4349 τὴν
629 4279 794 4337 πάλαι
842 4278 1069 4344 διδόντες
1120 4279 1429 4360 παράδοσιν,
1489 4294 1682 4362 χεῖρας
1738 4284 1921 4362 χερσὶν

2007 4274 2251 4336 brorum
2275 4275 2789 4338 mortiﬁcationem
2811 4274 3147 4337 indicamus
3176 4282 3235 4337 et
3258 4290 3507 4362 operum
3527 4290 3656 4337 car-

282 4369 635 4447 ἐμϐάλλοντες
680 4368 1067 4443 συναπτόμεθα,
1113 4369 1211 4436 τὴν
1265 4370 1337 4435 εἰς
1378 4361 1642 4440 ἀλλήλους
1701 4361 1921 4438 ἑνότητα

2006 4363 2231 4425 natium
2253 4363 2697 4448 cruciﬁxionem
2729 4371 2789 4427 et
2818 4381 2959 4444 erga
2986 4363 3134 4425 alios
3158 4361 3557 4425 humilitatem
3564 4369 3655 4441 ,ut

278 4463 365 4518 καὶ
422 4460 744 4539 ὁμοτροπίαν
813 4458 901 4512 καὶ
954 4458 1014 4512 τὸ
1074 4455 1330 4534 ἄρρηκτον
1387 4458 1482 4525 τῆς
1551 4459 1763 4537 ἀγάπης
1819 4458 1921 4527 δη-

2006 4452 2250 4530 spiritus
2281 4452 2512 4515 vinculo
2545 4453 2697 4515 uniti
2725 4451 3154 4539 commercium
3194 4469 3330 4539 cum
3382 4450 3651 4539 proximo

277 4548 493 4625 λοῦμεν.
543 4537 640 4608 Διά
698 4544 753 4601 δὲ
811 4551 904 4601 τοῦ
954 4544 1235 4619 ἀσπασμοῦ
1292 4546 1397 4602 τῶν
1438 4545 1777 4626 σταυροειδῶς
1830 4547 1921 4604 δε-

2003 4547 2068 4601 ut
2095 4539 2551 4602 sanctimoniam
2580 4540 3036 4621 amplectamur.
3065 4538 3137 4601 Et
3165 4537 3359 4620 primo
3388 4537 3649 4626 quidem

279 4636 511 4713 δεμὲνων
567 4633 836 4691 δακτύλων
886 4634 986 4700 τὴν
1068 4631 1244 4711 φιλίαν
1320 4638 1476 4692 αὔτοῦ
1530 4625 1921 4715 ἐσταυρωμένου

2003 4628 2211 4690 ordine
2239 4628 2311 4689 ad
2341 4629 2682 4691 sacerdotes
2708 4630 2769 4691 id
2792 4636 3049 4710 spectat,
3076 4636 3143 4690 ut
3166 4644 3346 4707 supra
3364 4625 3647 4691 diximus.

281 4726 610 4799 αἰνιπόμεθα
643 4723 778 4798 βίου,
811 4720 957 4786 ὅπως
1015 4721 1167 4778 αὐτὸν
1222 4721 1457 4798 ἐκθύμως
1512 4724 1867 4800 ἀσπαζώμεθα
1900 4740 1915 4756 ⁸

2003 4715 2123 4779 Nos
2145 4727 2341 4778 autem
2364 4718 2466 4798 qui
2487 4718 2789 4799 exemplar
2809 4717 3064 4779 sublime
3085 4715 3414 4797 sequimur,
3441 4721 3649 4778 mutuo

280 4816 341 4870 οὔ
396 4813 557 4890 μόνον
616 4810 671 4867 δὲ
728 4809 867 4867 ἀλλά
920 4811 1009 4867 καὶ
1064 4809 1161 4876 τὴν
1236 4809 1484 4889 νέκρωσιν
1548 4819 1654 4868 τῶν
1724 4812 1921 4890 μελῶν,

2010 4824 2118 4866 nos
2148 4823 2352 4867 amore
2392 4806 2850 4872 consolidamus.
2885 4806 3008 4869 Nec
3036 4815 3235 4867 tamen
3277 4803 3436 4890 idem
3466 4802 3650 4890 de_eo

283 4903 373 4958 καὶ
401 4884 513 4957 τῶν
534 4905 633 4966 τῆς
672 4901 863 4979 σαρκὸς
918 4896 1154 4977 πράξεων
1210 4898 1512 4969 καθήλωσιν
1545 4914 1559 4930 '
1620 4901 1709 4957 καὶ
1750 4900 1921 4965 ἄλλως

2010 4892 2328 4955 dicendum
2374 4895 2477 4975 qui
2519 4897 2640 4975 typi
2688 4894 3083 4958 arrhabonem
3126 4909 3249 4974 prae
3276 4908 3342 4954 se
3369 4889 3505 4979 l'ert.
3538 4888 3652 4979 Qui

282 4991 381 5058 τὴν
409 4991 538 5069 πρὸς
584 4977 845 5059 ἀλλήλους
888 4988 1203 5044 ταπείνωσιν
1238 5006 1253 5022 ο
1312 4986 1483 5064 ὅπως,
1528 4996 1605 5063 τῷ
1660 4987 1921 5065 συνδέσμῳ

2010 4981 2170 5044 enim
2206 4982 2531 5045 certamina
2554 4983 2884 5061 absolvunt,
2910 5001 3030 5046 non
3065 4987 3293 5069 tantum
3321 4978 3395 5041 ad
3418 4977 3650 5059 passio-

280 5088 373 5139 τοῦ
416 5068 713 5155 πνεύματος
765 5075 1119 5152 συνδεόμενοι,
1164 5076 1264 5143 τὴν
1322 5084 1414 5134 τοῦ
1466 5076 1692 5145 πλησίον
1754 5078 1921 5158 πρόσ-

2010 5090 2152 5132 num
2181 5071 2467 5145 furorem,
2500 5072 2607 5135 sed
2639 5072 2818 5134 etiam
2846 5071 2919 5134 ad
2974 5068 3193 5133 mentis
3235 5074 3560 5148 conceptus
3589 5074 3650 5131 et

278 5175 469 5246 ψαυσιν
555 5171 628 5232 ὡς
703 5168 967 5245 ἀγιασμὸν
1043 5163 1324 5245 δεχόμενοι
1392 5166 1767 5243 ἀσπαζώμεθα.
1831 5169 1925 5227 Καὶ

273 5268 438 5318 ταῦτα
507 5258 604 5333 μὲν
673 5256 811 5313 κατά
862 5255 961 5321 τὴν
1003 5254 1218 5333 πρώτην
1275 5251 1417 5320 τάξιν
1471 5258 1602 5335 πρὸς
1657 5254 1921 5326 ἀλλήλους

275 5351 323 5405 οἱ
376 5350 569 5427 ἱερεῖς,
624 5348 697 5410 ὡς
756 5343 966 5423 εἴρηται
1001 5362 1014 5376 ο
1072 5344 1160 5399 καὶ
1203 5344 1249 5400 οἱ
1297 5350 1374 5418 τῷ
1405 5343 1624 5422 μεγάλῳ
1678 5347 1921 5424 σχήματι

266 5434 709 5516 τεθωρακισμένοι
784 5439 862 5506 τῷ
930 5431 1226 5511 πράγματι,
1298 5432 1385 5488 καὶ
1439 5431 1920 5508 καταλλαττόμενοι

266 5532 336 5602 τῇ
367 5525 616 5605 συναφείᾳ
659 5521 1028 5595 ωναπτόμεθα
1056 5523 1154 5585 τῆς
1184 5518 1420 5597 ἀγάπης.
1480 5519 1597 5600 Οὗχ
1650 5520 1816 5585 οὕτως
1867 5519 1921 5578 δὲ

272 5613 373 5694 ἀρα
397 5615 486 5670 καὶ
528 5612 619 5669 ἐπὶ
669 5612 761 5668 τὸν
815 5608 1036 5691 φέροντα
1090 5608 1182 5663 τὸν
1224 5605 1496 5687 ἀῤῥαϐὦνα
1549 5615 1642 5667 τοῦ
1690 5612 1918 5692 σχήμα-

1945 5139 2195 5222 Βηιειιεε
2223 5139 2611 5239 cogitationes
2662 5180 2797 5235 cum
2842 5160 2996 5223 male
3052 5163 3380 5239 praaparato
3410 5139 3654 5236 pectore

2004 5248 2370 5321 dilabuntur,
2404 5249 2511 5311 sed
2537 5259 2734 5313 tamen
2764 5267 2964 5312 coram
2994 5245 3266 5309 Patribus
3304 5243 3651 5307 memoratis

2005 5346 2180 5419 caput
2219 5337 2527 5415 inclinant,
2561 5346 2627 5400 ut
2667 5351 2769 5401 aut
2813 5336 3208 5401 humilitatem
3236 5351 3376 5414 erga
3402 5333 3647 5397 eosdem

2004 5433 2306 5510 praestent,
2339 5434 2441 5487 aut
2475 5427 2740 5507 ipsorum
2782 5426 3062 5506 suffragia
3107 5430 3405 5506 expetant.
3443 5424 3649 5486 Patres

2002 5523 2200 5578 autem
2231 5516 2445 5577 horum
2471 5515 2663 5596 capita
2690 5534 2871 5579 cruce
2902 5515 3158 5595 signant,
3180 5512 3400 5578 deinde
3428 5511 3653 5575 dextris

2004 5603 2184 5686 capiti
2211 5602 2462 5665 istorum
2490 5603 2785 5686 impositis
2815 5611 2876 5668 et
2900 5602 3198 5682 retractis,
3232 5600 3513 5685 precibus
3547 5598 3646 5664 fu-
