4052 6134
350 218 456 284 101
472 221 493 285 1
1623 228 1675 289 Ν
1682 223 1928 288 ΙΟΕΤιΕ

2148 226 2410 291 [ῸΡιΑΤΙ
3564 225 3748 292 1012

346 354 429 416 sis
449 372 551 445 eos
580 357 915 420 absolvunt.
955 358 1060 420 His
1110 357 1386 419 omnibus
1432 363 1628 419 autem
1678 358 1946 438 propriut

2225 365 2480 441 γίγνεται.
2543 363 2693 422 Ἐκεῖ
2751 367 2850 445 γὰρ
2920 366 2996 424 ἔτι
3063 373 3171 423 τῶν
3233 369 3619 444 εἰσαγωγικῶν
3680 368 3774 427 εἰς

346 448 437 505 est
465 442 689 535 dicere,
723 447 817 508 his
846 446 1086 535 quidem
1113 464 1127 509 :
1160 446 1445 523 Benedic,
1478 464 1675 527 quaso
1705 467 1721 521 ;
1754 445 1870 508 illis
1888 465 1946 508 at

2182 473 2284 514 ινας
2367 451 2659 533 τελοῦντες,
2745 457 2834 510 καὶ
2913 456 3009 522 τήν
3084 457 3271 511 στάσιν
3349 455 3612 535 ἔχοντες,
3706 459 3782 513 αὖ

347 538 467 595 tem
493 554 507 591 :
543 531 737 597 Salvet
758 542 816 596 te
846 534 1002 596 Deus
1026 534 1040 594 ε
1320 561 1325 566 ·

2176 561 2201 601 ς
2261 541 2424 612 μόνεις
2508 543 2602 605 τὰς
2646 531 2792 598 »τῶν
2859 547 3041 600 παθῶν
3098 531 3418 623 ἐνεργείας-
3452 543 3603 601 ἀλλὰ
3663 544 3776 599 καὶ

345 623 475 698 πρὸς
530 624 625 687 τὰς
682 634 775 683 τοῦ
859 631 947 679 νοῦ
1010 626 1319 711 φᾳντασίας,
1405 626 1493 680 καὶ
1562 625 1691 701 πρὸς
1774 627 1839 681 τὰ
1917 626 2021 679 τῶν
2102 628 2349 705 πονηρῶν
2418 627 2707 705 ἰνδάλματα
2784 630 3056 709 λογισμῶν
3139 632 3567 711 ἀπερικάλυπτοι
3657 633 3774 693 τὶς

347 710 579 790 κεφαλὰς
658 711 940 791 ἐρχόμενοι
1023 707 1253 768 κλινοὼι
1340 713 1529 775 ταύτας
1624 717 1731 767 τῶν
1827 711 2115 790 εἰρημένων
2208 715 2453 788 Πατέρων
2552 718 2775 775 ἐνώπιον
2813 707 2872 750 ’Ἴ
2933 730 3087 779 τοῦτο
3190 707 3311 797 μέν,
3396 722 3501 788 τὴν
3616 723 3776 799 πρὸς

347 800 534 863 αὐτοὺς
587 798 843 856 δούλωσιν
924 802 1011 855 καὶ
1093 804 1406 857 ταπείνωσιν
1486 799 1887 880 ἐνδεικνύμενοι,
1953 810 2106 860 τοῦτο
2189 801 2243 858 δὲ
2313 807 2400 860 καὶ
2467 806 2564 872 τὴν
2645 808 2773 886 παρ’
2854 808 3065 866 ἐκείνων
3148 808 3389 887 εὐλογίαν
3460 798 3777 885 τοπούμε-

350 910 428 943 νοι
487 891 573 944 καὶ
644 889 964 963 αἰτούμενοι,
1037 892 1095 945 ΟΞ
1168 888 1222 944 δὲ
1296 897 1477 969 πρῶτα
1561 890 1657 965 μὲν
1715 893 1920 968 σταυρῴ
1974 891 2066 954 τὰς
2120 893 2316 948 τούτων
2374 893 2797 974 ἐπισφραγίζουσι
2854 896 3087 977 κεφαλάς
3124 914 3137 926 ⁸
3213 899 3337 954 εἶτα
3404 900 3504 962 τὰς
3575 899 3775 963 δεξιὰς

350 980 542 1055 χεῖρας
599 990 723 1040 ταῖς
777 978 960 1055 κάραις
1018 975 1330 1042 ἐπιτιθέντες
1403 983 1596 1050 αὒτῶν,
1667 980 1755 1033 καὶ
1822 978 1932 1051 ἅμα
1988 979 2081 1041 τὰς
2137 979 2455 1046 ἐπιτεθείσας
2515 985 2562 1038 οἱ
2615 982 2791 1047 θέντες
2848 975 3191 1060 ἀπωσάμενοι
3249 1001 3444 1065 χεῖρας
3502 986 3777 1066 ἐπευχὸ-

350 1087 499 1139 μενοι
558 1067 744 1128 αὐτοὺς
801 1065 1144 1128 ἀπολύουσιν,
1211 1064 1341 1123 ιδιον
1394 1065 1447 1122 δὲ
1503 1068 1705 1129 τούτοις
1763 1068 1917 1121 πᾶσίν
1974 1065 2184 1123 ἔστιτὸ
2226 1081 2342 1131 τοῖς
2394 1070 2514 1144 μὲν,
2576 1069 2884 1150 Εὗλόγησον
2938 1073 3193 1153 εὔχομαι,
3240 1064 3443 1153 λέγειν,
3506 1064 3778 1140 Ioui—8i

351 1153 529 1211 Σώσαι
560 1174 618 1209 σε
649 1156 677 1210 ὁ
714 1154 875 1217 Θεός.

357 1449 3698 1476 Ἥ

1873 1682 2211 1757 INClPIT

942 1875 2148 2007 CUJUSDAM
2267 1875 3147 2011 NICETE

1342 2107 1698 2154 PRESBYTERI
1742 2106 1813 2152 ET
1854 2104 2120 2152 MONACHI
2164 2105 2519 2153 MONASTERII
2563 2108 2750 2155 STUDII

732 2285 1410 2396 LIBELLUS
1500 2283 2059 2391 CONTRA
2147 2283 2748 2395 LATINOS
2837 2288 3346 2400 EDITUS

1020 2510 1103 2572 Et
1132 2507 1630 2588 ab'apocrt'siaris
1659 2504 2010 2587 apostolica:
2040 2505 2198 2566 sedis
2226 2504 2757 2588 Constantinopoli
2786 2518 3062 2589 repertus

437 2903 483 2966 Ι.
516 2902 721 2966 Niceta
739 2902 1048 2985 presbyter
1064 2913 1123 2966 et
1147 2902 1474 2965 monachus
1502 2897 1840 2961 monasterii
1861 2900 1994 2961 Stu-
2017 2908 2054 2957 Β
2076 2899 2248 2962 nobis
2271 2907 2360 2965 est
2388 2897 2907 2964 consubstantialis
2930 2903 2961 2963 ?
2998 2900 3165 2964 Alter
3185 2906 3385 2965 autem
3408 2906 3620 2972 nullus
3651 2918 3755 2971 est

358 2992 615 3067 diorum,
650 2992 751 3072 qui
773 2994 1173 3072 pranominor
1197 2991 1532 3053 Pectoratus
1563 3005 1577 3050 :
1611 2986 1998 3080 Bomanis,de
2080 2987 2255 3080 nobis
2291 2988 2813 3080 consubstantialis
2851 2991 3043 3073 panis,
3087 2990 3194 3052 sed
3235 3010 3457 3073 corpus
3494 2997 3743 3080 Christi,

359 3080 577 3161 azymis
597 3087 654 3142 et
682 3080 1059 3143 sabbatorum
1077 3080 1348 3161 jejuniis,
1382 3085 1440 3139 et
1461 3077 1681 3158 nuptiis
1712 3075 1994 3138 sacerdo-
2078 3077 2235 3159 quod
2250 3079 2562 3142 consimile
2575 3079 2747 3141 nobis
2763 3088 2852 3143 est
2864 3080 3192 3143 secundum
3206 3099 3449 3145 carnem
3465 3075 3749 3150 humani;

361 3174 509 3229 tum.
546 3168 710 3230 Bona
739 3176 828 3230 est
856 3169 1096 3231 dilectio
1142 3170 1215 3231 ad
1262 3167 1615 3248 proximum,
1652 3184 1686 3226 o
1730 3164 1994 3225 omnium
2080 3168 2213 3228 tatis
2234 3166 2725 3249 ipsius.Siautem
2747 3169 3005 3231 animata
3025 3179 3115 3230 est
3137 3177 3360 3231 nostra
3379 3189 3595 3236 massa
3616 3175 3752 3238 sub-

358 3257 624 3334 gentium
659 3257 1088 3337 sapientissimi
1131 3265 1189 3320 et
1222 3253 1579 3318 nobilissimi
1607 3255 1881 3334 Romani,
1912 3251 1994 3313 Ex
2076 3256 3125 3338 stantiaquaVerbuminduitse,ergo
3146 3276 3264 3318 non
3279 3258 3732 3328 substantialem

361 3344 710 3408 habitudine
730 3347 891 3409 enim
914 3346 1246 3409 dilectionis
1262 3344 1332 3407 ad
1359 3342 1715 3432 proximum,
1736 3340 2000 3403 ethumi-
2080 3345 2251 3407 nobis
2271 3362 2481 3428 panem
2508 3345 2844 3421 comeditis,
2882 3346 3020 3427 quia
3047 3364 3385 3425 azymorum
3413 3351 3731 3432 participa-

359 3433 495 3496 litas
532 3434 797 3497 abundat
829 3434 900 3496 ad
928 3451 1062 3497 eum
1085 3434 1186 3517 qui
1209 3432 1383 3495 habet
1425 3432 1610 3494 illam.
1641 3430 1774 3511 Ipsa
1799 3437 1999 3491 autem
2085 3434 2488 3515 mini.Azyma
2503 3432 2660 3495 enim
2682 3433 3005 3496 inanimata
3020 3445 3183 3512 sunt,
3205 3434 3362 3496 sicut
3384 3435 3515 3516 ipsa
3535 3430 3717 3499 rerum

361 3521 671 3612 abundans
692 3522 871 3584 efﬁcit
892 3522 1240 3604 participem
1260 3522 1349 3583 sui
1371 3518 1569 3612 omnia
1588 3518 1857 3612 diligere,
1878 3535 2004 3612 om:
2087 3530 2303 3612 natura
2316 3523 2576 3612 declarat
2591 3530 2766 3612 atque
2787 3522 3068 3612 liquidius
3086 3522 3719 3612 edocet.Intermistum

360 3609 460 3672 nia
482 3611 869 3688 sustinere,ut
882 3611 963 3673 ait
979 3611 1213 3673 divinus
1236 3609 1576 3691 Apostolus,
1594 3614 1783 3669 etnon
1807 3608 2004 3667 inﬂari
2089 3610 2248 3671 enim
2270 3609 2567 3671 modicum
2588 3609 2944 3673 fermentum
2970 3611 3030 3672 in
3044 3611 3232 3673 farina
3253 3618 3312 3672 et
3332 3614 3652 3676 commista
3663 3615 3711 3677 si

361 3699 650 3762 adversus
676 3702 1008 3780 proximum
1030 3718 1199 3761 suum
1225 3697 1763 3779 aliquando,neque
1786 3715 1853 3757 ea
1874 3715 2006 3776 qua
2088 3696 2171 3778 bi,
2196 3698 2323 3778 ipsa
2344 3715 2521 3758 unam
2554 3696 2736 3759 efﬁcit
2772 3699 3027 3779 seipsam
3071 3708 3317 3778 propter
3351 3699 3738 3783 fermentum,

361 3790 550 3869 ipsius
566 3788 901 3851 soliussunt
918 3807 1212 3870 quarere,
1227 3795 1329 3849 aut
1348 3786 1536 3848 zelum
1563 3784 1782 3846 habere
1804 3786 2005 3846 adver-
2087 3786 2311 3847 viviﬁca
2331 3784 2581 3867 quadam
2603 3784 2911 3861 virtute,et
2933 3786 3201 3848 calefacit
3220 3804 3376 3867 eam,
3393 3798 3453 3851 et
3474 3798 3594 3849 tam
3620 3809 3739 3851 mo-

363 3895 464 3939 sus
485 3895 621 3938 eum
651 3885 711 3938 et
739 3878 1184 3940 altercationem
1208 3883 1266 3939 et
1294 3873 1754 3937 amnlationem.
1791 3872 2005 3935 Omnia
2087 3874 2266 3937 bilem
2289 3892 2464 3955 quam
2482 3874 2666 3935 vivam
2691 3887 2992 3955 operatur.
3012 3874 3179 3947 Quod
3196 3877 3254 3936 in
3268 3870 3468 3956 azymo
3483 3878 3747 3941 fermen-

365 3965 525 4028 enim
570 3966 695 4028 hac
725 3966 1107 4030 dilectionem
1140 3971 1584 4045 persequuntur
1614 3971 1671 4025 et
1700 3962 2003 4023 humilita-
2087 3972 2145 4025 to
2166 3962 2793 4043 Pharisaorum,quod
2818 3963 3081 4043 eﬂ‘ugere
3099 3982 3208 4025 nos
3222 3982 3421 4025 sermo
3435 3965 3746 4041 admonet,

366 4061 512 4129 tem,
561 4061 619 4115 et
656 4054 880 4116 facinnt
926 4055 1230 4117 hominem
1281 4071 1399 4113 non
1455 4050 1781 4113 secundum
1822 4053 2004 4112 Deum
2086 4070 2281 4132 neque
2306 4051 2576 4112 eﬁ'ectum
2623 4059 2713 4113 est
2735 4051 3077 4132 aliquando,
3104 4070 3301 4134 neque
3336 4053 3438 4114 ﬁet
3469 4055 3742 4119 omnino.

364 4142 689 4221 ambulare,
722 4143 826 4205 sed
858 4143 1185 4206 secundum
1215 4141 1519 4202 hominum
1548 4139 1802 4201 libitum.
1837 4138 2002 4211 Quod
2087 4139 2319 4202 Divina
2333 4139 2489 4201 enim
2511 4139 2704 4201 effecti
2728 4156 2935 4202 sumus
2956 4140 3275 4221 participes
3301 4145 3744 4224 natura,cujus

367 4239 427 4294 et
447 4231 666 4294 Paulus
694 4232 907 4311 arguit,
941 4232 1148 4294 dicens
1174 4252 1187 4293 :
1212 4255 1238 4286 «
1268 4230 1412 4293 Cum
1443 4229 1519 4289 sit
1546 4231 1703 4289 inter
1731 4246 1828 4288 Vos
1844 4228 2004 4289 zelus
2023 4262 2062 4311 ρ
2088 4236 2146 4290 et
2167 4228 2588 4309 participamur
2608 4228 2894 4308 quotidie,
2921 4229 3021 4309 qui
3044 4229 3533 4292 communitatem
3559 4232 3747 4295 habe-

368 4326 425 4381 et
448 4319 749 4381 contentio
776 4328 835 4382 et
863 4319 1181 4394 discordia,
1216 4337 1412 4379 nonne
1442 4318 1709 4379 carnales
1749 4317 1913 4391 estis,
1947 4324 2006 4377 et
2089 4336 2220 4378 mus
2238 4336 2369 4377 cum
2395 4316 2967 4390 Christo,sicutdicit
2988 4325 3046 4377 et
3071 4319 3282 4379 Petrus
3306 4326 3569 4380 vertexu
3595 4319 3743 4383 Gra-

366 4405 700 4470 secundum
747 4408 1048 4470 hominem
1101 4405 1466 4468 ambulatis?
1499 4430 1525 4461 ιο
1562 4406 1621 4478 (I
1647 4405 1779 4467 Cor.
1827 4421 1912 4473 ut.
1946 4403 2004 4481 3)
2089 4406 2167 4467 tia
2189 4403 2351 4466 vobis
2377 4411 2430 4465 et
2454 4423 2559 4484 pax
2599 4404 3022 4484 multiplicetur
3043 4406 3104 4465 in
3132 4406 3467 4484 cognitione
3514 4408 3645 4489 Dei,
3682 4419 3745 4471 et

368 4501 623 4577 Propter
652 4498 809 4578 quod
840 4515 980 4576 rogo
1012 4507 1261 4557 vestram
1296 4494 1662 4574 charitatem,
1707 4493 2009 4555 humiliari
2087 4493 2230 4557 Jesu
2257 4492 2492 4555 Domini
2515 4494 2698 4553 nostri
2725 4493 3044 4569 thetr.,I,
3081 4494 3164 4574 2).
3185 4514 3209 4553 ι
3242 4493 3309 4555 Et
3335 4504 3468 4575 post
3509 4515 3695 4576 pauca
3724 4517 3737 4561 :

366 4604 474 4649 vos
504 4594 749 4667 propter
777 4583 885 4646 Dei
910 4592 1291 4666 praceptum,
1324 4590 1382 4645 et
1411 4583 1616 4644 audire
1647 4600 1681 4643 a
1710 4581 1880 4643 nobis
1912 4582 2008 4642 in-
2098 4603 2124 4643 α
2148 4582 2222 4646 Ut
2240 4600 2347 4662 per
2383 4600 2511 4644 eam
2536 4581 2876 4643 efﬁciamini
2914 4582 3127 4644 divina
3169 4583 3490 4663 participes
3514 4594 3740 4648 natura

371 4674 573 4758 dignis
595 4682 651 4735 et
682 4673 969 4736 minimis.
2095 4670 2187 4752 (II
2199 4670 2360 4758 Pett'.
2380 4687 2424 4750 ι,
2440 4672 2522 4758 4),
2546 4688 2706 4758 agnon
2728 4678 2924 4731 autem
2955 4671 3246 4732 fermento
3267 4673 3449 4752 azymi
3466 4672 3740 4736 interfec-

452 4765 523 4829 ΙΙ.
558 4764 956 4846 Requirentes
982 4761 1139 4825 enim
1164 4761 1236 4824 ab
1258 4762 1376 4823 illis
1393 4760 1492 4842 qui
1510 4779 1577 4823 ex
1608 4759 1856 4821 diversis
1876 4777 2009 4839 pro-
2093 4765 2287 4820 torum
2308 4757 2436 4819 Dei.
2458 4757 2725 4821 Divinam
2750 4767 2943 4820 autem
2969 4766 3264 4839 naturam,
3284 4760 3548 4839 quisquis
3564 4763 3743 4823 ratio-

372 4853 583 4916 vinciis
611 4853 1010 4916 Romanorum
1048 4851 1500 4933 peregrinantur
1529 4850 1626 4912 hic
1658 4848 1731 4909 de
1771 4847 2008 4928 azymis,
2095 4848 2187 4908 nis
2207 4855 2297 4908 est
2317 4846 2613 4922 dominus,
2643 4846 2800 4907 dicet
2829 4846 3146 4927 aliquando
3177 4866 3440 4926 azymum
3474 4857 3530 4909 et
3572 4870 3738 4911 mor-

373 4943 517 5025 quid
542 4943 812 5005 dicemus
842 4942 916 5004 de
942 4942 1035 5004 his
1064 4941 1124 5002 in
1156 4940 1473 5002 dilectione
1509 4935 1727 5003 Christi
1746 4936 1832 5025 ad
1865 4936 2013 5025 vos?
2099 4944 2263 5025 tuum
2292 4935 3211 5025 fermentumAJudaorum,quod
3239 4939 3297 5025 in
3324 4936 3615 5001 sacriﬁcio
3639 4959 3741 5001 vos

373 5022 486 5105 Qui
516 5050 850 5113 azymorum
874 5030 1067 5092 adhuc
1099 5029 1469 5111 participant,
1502 5026 1616 5089 sub
1642 5023 1851 5085 umbra
1874 5024 2015 5102 legis
2099 5022 2500 5113 Deogoffertis,
2518 5023 2751 5113 quodin
2776 5025 2966 5102 ﬁgura
2984 5042 3138 5113 vera
3160 5032 3215 5084 et
3233 5023 3376 5113 viva
3401 5026 3598 5087 carnis
3614 5027 3738 5089 Do-

375 5111 600 5197 sunt,et
620 5119 1003 5182 Hebraorum
1029 5136 1295 5180 mensam
1320 5116 1661 5194 comedunt,
1686 5131 1800 5173 non
1819 5119 2012 5173 autem
2101 5111 2247 5173 mini
2276 5111 2620 5193 comeditis?
2645 5111 2950 5184 Quomodo
2977 5111 3268 5174 unitatem
3283 5111 3579 5174 habebitis
3608 5135 3741 5179 cum

294 5228 297 5232 ’
375 5208 723 5272 rationalem
774 5215 832 5269 et
882 5209 1072 5270 vivam
1128 5206 1233 5268 Dei
1278 5221 1573 5277 mensam,
1627 5209 1684 5263 et
1714 5198 1886 5260 nobis
1915 5200 2013 5280 qui
2098 5199 2356 5269 Christo,
2396 5200 2626 5261 vivente
2651 5202 2795 5277 Deo,
2842 5209 3162 5281 mortuum,
3207 5208 3269 5261 ut
3304 5199 3527 5262 dictum
3551 5214 3662 5286 est,
3687 5217 3745 5268 et

376 5297 742 5363 credidimus
798 5295 1459 5377 supersubstantialem,
1518 5289 2016 5373 quemadmodum
2097 5290 2576 5377 infermentatum
2602 5289 2956 5351 fermentum
2983 5288 3396 5377 comedentes,
3421 5290 3591 5369 legis,
3619 5313 3746 5355 um-

377 5390 652 5470 superius
683 5375 921 5470 exigere
961 5385 1591 5469 supersubstantialem
1637 5381 2019 5470 doctisnmus
2098 5375 2534 5470 bra,non1‘lovi
2555 5376 2951 5470 Testamenti?
2974 5376 3034 5470 S_i
3056 5376 3216 5470 enim
3239 5378 3429 5470 e_t__hoc
3452 5379 3740 5470 dixeritis,

378 5464 618 5562 p’anem.
652 5464 809 5554 Quid
827 5479 986 5541 enim
1021 5464 1109 5539 est
1139 5469 1865 5557 supersubStantialis,nisi
1882 5468 2020 5551 quia
2098 5467 2203 5529 sed
2230 5483 2347 5527 non
2389 5464 2475 5527 sic
2514 5484 2577 5527 se
2612 5465 2811 5528 habet.
2839 5464 3037 5548 Inquit
3063 5466 3221 5527 enim
3248 5465 3502 5529 dilectus
3531 5467 3745 5536 Christi
