4052 6134
341 279 493 346 1013

1685 281 1990 345 CONTRA
2032 277 2381 345 LATINOS.

3553 276 3665 341 101

336 410 699 492 discipulus:
734 433 756 469 ε
787 411 845 475 Si
869 394 1193 474 diierimus
1212 412 1351 492 quia
1371 412 1857 474 communitatem
1878 412 1972 473 ha-
1990 421 2035 469 Α
2056 432 2166 474 nos
2197 422 2255 474 et
2276 414 2577 475 immolato
2601 412 2833 475 Christo
2854 414 3246 494 incorporati,
3286 422 3345 477 et
3383 414 3541 478 velut
3568 432 3706 477 caro

339 499 550 562 bemus
577 520 712 561 cum
736 520 829 572 eo,
860 501 998 563 etin
1035 501 1295 562 tenebris
1335 500 1727 572 ambulamus,
1760 501 1975 561 menti-

339 607 492 663 mur,
513 599 708 651 etnon
732 590 978 651 facimus
1005 590 1338 651 veritatem.
1360 588 1421 651 Si
1443 597 1641 651 autem
1671 589 1730 650 in
1754 590 1979 651 lumine

337 677 1114 759 ambulamussicutipseest
1136 680 1197 739 in
1223 679 1470 759 lumine,
1492 678 1981 740 communitatem

338 765 625 828 habemus
653 767 725 828 ad
757 767 1034 843 invicem,
1070 776 1129 829 et
1164 768 1403 845 sanguis
1425 769 1565 829 Jesu
1613 767 1834 829 Christi
1865 786 1978 847 pu-

335 856 528 917 riﬁcat
560 874 667 918 nos
694 857 766 919 ab
800 859 961 919 omni
997 868 1237 938 peccato
1266 858 1330 933 (l
1357 857 1535 920 Joan.
1563 876 1601 932 ι,
1629 858 1687 933 6,
1710 858 1796 936 7).
1822 882 1848 912 ››
1871 856 1982 928 Qui

334 962 476 1024 ergo
510 964 704 1025 azyma
735 948 1019 1021 comedit,
1046 950 1105 1008 in
1130 947 1395 1011 tenebris
1424 946 1572 1026 legis
1596 945 1878 1006 ambulat.
1906 947 1981 1008 Et

333 1034 627 1111 quomodo
668 1032 836 1117 [non]
882 1035 1118 1096 habebit
1167 1035 1503 1096 societatem
1545 1053 1677 1095 cum
1721 1033 1976 1112 Christo,

329 1121 542 1199 quiest
572 1122 631 1182 in
676 1124 901 1184 lumine
939 1123 1086 1185 Novi
1129 1124 1222 1186 sui
1249 1122 1614 1185 Testamenti
1646 1129 1703 1182 et
1736 1120 1980 1201 gratiae?

329 1207 474 1268 Nam
502 1210 605 1288 qui
636 1210 696 1272 in
727 1211 951 1272 lumine
981 1212 1285 1274 ambulant
1330 1211 1552 1290 gratiae,
1611 1228 1821 1288 panem
1867 1228 1971 1269 co-

333 1297 576 1358 medunt
612 1300 712 1379 qui
744 1308 833 1361 est
861 1318 1073 1382 corpus
1118 1300 1354 1371 Christi,
1392 1308 1449 1360 et
1478 1298 1687 1360 bibunt
1729 1297 1968 1376 sangui-

332 1403 466 1445 nem
490 1385 931 1451 immaculatum
959 1390 1109 1469 ejus,
1145 1397 1203 1450 et
1233 1388 1311 1449 ita
1341 1388 1561 1450 habent
1583 1388 1654 1449 ad
1687 1387 1963 1459 invicem,

2062 502 2213 580 ejus,
2229 502 2381 563 sicut
2410 502 2700 582 scriptum
2731 510 2839 563 est.
2873 503 2938 565 Si
2959 511 3153 564 autem
3191 504 3265 564 ad
3288 504 3617 567 increatam
3650 510 3710 566 et

2060 588 2472 670 incorpoream
2506 600 2773 651 naturam
2808 598 3024 652 sanctm
3038 590 3341 652 Trinitatis
3370 593 3700 674 assumitis,

2066 678 2273 738 erratis
2304 678 2583 739 cadentes
2607 678 2668 739 in
2713 679 2990 739 haeresim
3024 690 3232 739 eorum
3281 679 3383 759 qui
3430 686 3707 742 asserunt

2064 765 2250 827 Deum
2284 785 2542 846 passum,
2563 767 2662 847 qui
2687 766 2890 828 dicunt
2905 784 3279 846 compassum
3297 765 3558 828 Verbum
3576 786 3706 830 car-

2063 855 2147 928 ni,
2164 863 2220 916 et
2245 854 2514 916 eamdem
2541 859 2728 935 ipsam
2752 855 3037 917 deitatem
3073 855 3431 917 sustinuisse
3471 857 3705 936 passio-

2064 942 2357 1003 nem.Non
2381 944 2538 1004 enim
2566 944 2787 1023 pariter
2808 944 3068 1006 Trinitas
3090 944 3391 1006 incarnata
3409 948 3705 1021 est,Pater

2062 1039 2119 1091 et
2143 1032 2325 1093 Filius
2351 1042 2407 1093 et
2431 1031 2688 1111 Spiritus
2711 1041 2970 1106 sanctus,
2999 1032 3518 1113 utconspiciantur
3541 1033 3603 1096 in
3629 1055 3699 1097 ea

2062 1120 2183 1180 haec
2210 1119 2342 1200 tria,
2366 1138 2517 1199 aqua
2545 1129 2608 1182 ut
2627 1120 2865 1195 dicitur,
2891 1121 3080 1181 farina
3117 1129 3175 1181 et
3202 1121 3354 1199 ignis
3376 1129 3434 1182 et
3458 1128 3522 1182 ut
3539 1120 3603 1183 in
3624 1123 3698 1184 ﬁ-

2057 1227 2201 1286 gura
2227 1208 2413 1287 ipsius
2438 1209 2661 1269 faciatis
2688 1227 2953 1288 azymum
2994 1216 3053 1269 et
3090 1208 3446 1270 sacrificium
3478 1209 3697 1272 offera-

2055 1297 2128 1356 tis
2154 1318 2167 1355 :
2194 1298 2294 1358 sed
2326 1317 2476 1359 unus
2493 1318 2561 1360 ex
2583 1298 2877 1360 Trinitate
2897 1297 3100 1370 Filius,
3130 1297 3466 1360 etVerbum
3489 1299 3591 1359 Dei
3613 1300 3711 1361 in-

2051 1395 2356 1446 carnatnm
2384 1399 2576 1459 est,ex
2594 1387 2945 1449 castissimis
2988 1394 3207 1449 sanctae
3233 1386 3489 1464 Virginis
3506 1389 3710 1450 carni-

327 1483 385 1535 et
416 1493 551 1537 cum
587 1477 818 1539 Christo
861 1481 1228 1554 societatem,
1279 1476 1591 1557 puriticati,
1627 1477 1781 1537 sicut
1827 1475 1956 1537 dic-
2046 1474 2153 1536 bus
2184 1474 2357 1536 homo
2397 1477 2947 1552 effectus;etomnia
2965 1476 3350 1538 ordinationis
3367 1495 3490 1538 suae
3528 1478 3715 1558 perﬁ-

328 1572 448 1623 tum
482 1573 589 1634 est,
626 1567 698 1626 ab
730 1566 889 1627 omni
920 1567 1390 1648 inquinamento.
1438 1571 1712 1646 Azymum
1764 1573 1960 1626 autem
2045 1565 2658 1639 ciens,cruciﬁxusest
2699 1585 3024 1646 carne,non
3067 1584 3233 1646 passa
3273 1565 3576 1627 divinitate
3618 1569 3713 1647 ip-

326 1671 445 1713 non
495 1662 584 1715 est
633 1656 819 1735 panis.
871 1655 1072 1737 Neque
1121 1657 1278 1718 enim
1337 1655 1716 1736 compositus,
1771 1672 1963 1733 neque
2045 1652 3714 1735 sius.Carneigiturcruciﬁxus,tradiditnobisedereper

328 1760 432 1822 per
462 1761 525 1805 se
556 1743 749 1823 ipsum
778 1745 1074 1824 perfectus
1097 1754 1210 1819 est,
1243 1747 1344 1806 sed
1378 1745 1652 1822 indigens
1696 1744 1963 1823 semique
1990 1809 2023 1824 ᾗ
2050 1761 2261 1821 panem
2300 1761 2537 1803 carnem
2577 1762 2768 1823 suam,
2801 1762 2974 1823 quam
3009 1746 3066 1804 in
3097 1742 3323 1822 Spiritu
3356 1749 3565 1804 sancto
3615 1743 3711 1804 ita

330 1809 639 1910 perfectus,
693 1809 968 1911 indigens
1021 1834 1392 1915 plenitudine
1442 1809 1735 1894 feninenti.
1789 1809 2026 1896 PanisB
2053 1809 2239 1893 vivam
2290 1831 2541 1893 dicimus
2577 1855 2589 1895 :
2630 1857 2657 1887 α
2695 1809 2963 1912 Accipite
2996 1827 3053 1893 et
3081 1809 3401 1904 comedite,
3454 1832 3568 1892 hoc
3610 1838 3700 1892 est

328 1927 522 1981 autem
558 1922 941 2001 compositus,
996 1942 1100 2002 per
1141 1923 1402 2003 seipsum
1450 1923 1747 2003 perfectus
1795 1931 1974 1984 estet
2056 1939 2271 2000 corpus
2315 1940 2535 1997 meum,
2561 1921 2714 2001 quod
2750 1941 2855 2002 pro
2893 1921 3057 1982 vobis
3078 1920 3328 1980 fractum
3361 1924 3471 1995 est,
3503 1920 3566 1979 in
3597 1937 3700 1981 re-

329 2009 730 2091 plenissimus,
765 2011 917 2073 sicut
944 2011 1045 2072 ille
1092 2011 1191 2093 qui
1235 2019 1415 2073 totum
1462 2011 1638 2072 habet
1682 2011 1741 2072 in
1776 2012 1972 2093 seipso
2056 2008 2405 2071 missionem
2440 2012 2857 2090 peccatorum(
2880 2010 3094 2075 Matth.
3117 2024 3282 2087 xxvr,
3306 2005 3558 2087 c26-28).
3594 2031 3619 2066 ι)

326 2097 738 2176 plenitudinis.
2134 2100 2203 2161 V.
2233 2098 2382 2170 Quid
2405 2117 2543 2177 ergo
2564 2099 2748 2173 vobis,
2780 2100 2842 2159 in
2877 2098 3111 2161 Christo
3144 2094 3424 2156 fratribus
3456 2096 3702 2158 nostris.

401 2184 502 2248 IlI.
535 2187 1008 2249 Animadvertite
1057 2198 1115 2250 et
1156 2187 1444 2250 attendite
1474 2188 1611 2268 quia
1640 2186 1701 2247 in
1750 2187 1970 2267 azymis
2056 2195 2113 2247 et
2132 2187 2248 2265 legi
2271 2207 2402 2267 quae
2426 2187 2836 2249 maledictaest
2854 2184 3196 2249 inChristo?
3214 2184 3704 2263 quoniamadhuc

322 2274 483 2337 nulla
515 2283 603 2337 est
631 2276 830 2338 vivens
862 2277 1067 2353 virtus,
1094 2285 1323 2338 mortua
1349 2277 1507 2339 enim
1542 2285 1699 2351 sunt;
1725 2276 1785 2337 in
1818 2293 1970 2356 pane

320 2371 545 2437 autem,
586 2366 697 2427 hoc
726 2373 834 2438 est,
863 2385 1113 2447 corpore
1141 2366 1381 2441 Christi,
1421 2370 1529 2427 tria
1563 2374 1695 2426 sunt
1717 2365 1969 2425 viventia

321 2462 378 2514 et
419 2453 598 2515 vitam
651 2455 972 2535 praebentia
1002 2456 1087 2517 eis
1118 2456 1220 2536 qui
1263 2473 1332 2517 ea
1382 2455 1560 2535 digne
1590 2455 1913 2515 comedunt
1947 2471 1959 2515 :

2053 2294 2315 2355 azymum
2341 2276 2695 2337 fermentum
2724 2277 2853 2356 ejus
2871 2273 3212 2337 comeditis?
3232 2272 3391 2335 Nova
3427 2283 3700 2336 creatura

2050 2383 2253 2424 sumus
2274 2365 2335 2424 in
2360 2365 2621 2428 Christo:
2640 2373 2840 2427 vetera
2864 2362 3515 2427 transierunt.Paulum
3536 2361 3705 2424 audi-

2050 2462 2105 2515 te
2123 2454 2419 2517 dicentcm
2450 2473 2463 2517 :
2498 2480 2524 2510 (ι
2552 2455 2701 2517 Ecce
2724 2456 2872 2517 facta
2893 2463 3029 2516 sunt
3050 2455 3255 2518 omnia
3277 2472 3427 2519 nova
3446 2454 3531 2527 (II
3550 2454 3695 2516 Cor.

322 2542 603 2621 Spiritus,
644 2563 796 2624 aqua
840 2553 898 2605 et
937 2546 1200 2623 sanguis,
1240 2564 1349 2606 ceu
1380 2551 1437 2606 et
1464 2544 1624 2624 ipse,
1659 2546 1755 2623 qui
1787 2561 1966 2622 super
2045 2546 2292 2619 v,17).»
2321 2543 2596 2606 Siautem
2619 2545 2747 2607 haec
2767 2545 3083 2606 comedere
3102 2543 3686 2622 decernitisjustum:

324 2639 528 2708 pectus
558 2633 774 2695 Christi
798 2636 857 2694 in
882 2652 1051 2695 caena
1068 2633 1360 2708 recubuit,
1396 2635 1651 2696 Joannes
1676 2631 1961 2693 contesti-
2048 2651 2154 2693 cur
2177 2650 2294 2693 non
2337 2642 2392 2693 et
2438 2631 2970 2694 circumcidimini?
2990 2633 3259 2696 Christus
3300 2631 3696 2693 circumcisus

327 2720 534 2782 ficatur
557 2721 616 2782 in
649 2741 719 2784 eo
751 2722 929 2786 verbo
964 2741 977 2784 :
1021 2744 1047 2782 α
1086 2723 1233 2784 Tres
1260 2732 1396 2783 sunt
1427 2723 1525 2802 qui
1559 2721 1961 2783 testimonium
2048 2732 2155 2783 est.
2177 2726 2292 2786 Cur
2317 2742 2432 2784 non
2458 2730 2516 2785 et
2547 2721 2980 2804 purificamini?
3007 2722 3218 2783 Paulus
3259 2722 3435 2783 etiam
3481 2727 3540 2781 et
3575 2720 3688 2781 hoc

323 2808 486 2883 dant,
522 2809 793 2891 Spiritus,
847 2830 997 2892 aqua
1032 2821 1088 2873 et
1121 2811 1386 2891 sanguis,
1423 2817 1481 2871 et
1510 2810 1571 2872 hi
1603 2818 1722 2872 tres
1750 2808 1812 2869 in
1843 2828 1961 2871 uno
2044 2812 2210 2874 fecit:
2231 2820 2287 2872 et
2308 2812 2424 2873 alia
2441 2813 2613 2874 etiam
2634 2811 2829 2872 omnia
2844 2811 3121 2873 similiter
3141 2816 3689 2885 servareveterum,

324 2906 460 2958 sunt
484 2899 541 2977 (I
557 2902 737 2962 Joan.
770 2917 830 2974 v,
852 2901 937 2981 8),
978 2924 1004 2955 »
1041 2900 1317 2961 videlicet
1344 2899 1407 2960 in
1437 2916 1687 2979 corpore
1718 2897 1957 2960 Christi.

2047 2901 2199 2961 sicut
2221 2910 2279 2961 et
2294 2901 2355 2962 hi
2377 2920 2446 2963 ea
2464 2921 2594 2981 quae
2607 2901 2752 2979 legis
2766 2908 2901 2961 sunt
2916 2900 3158 2973 faciunt,
3184 2917 3292 2979 per
3303 2918 3453 2980 quos
3479 2916 3698 2960 nomen

320 2983 442 3056 Qod
477 2994 534 3048 et
560 2989 885 3050 secundum
921 2998 1151 3069 tempus
1191 2988 1515 3050 Dominicze
1559 2986 2021 3059 cruciﬁxionisc
2048 2990 2156 3052 Dei
2178 2989 2236 3049 in
2260 2989 2536 3067 gentibus
2553 2990 3019 3069 blasphematur,
3049 2988 3205 3049 sicut
3229 2997 3319 3048 est
3347 2987 3636 3067 scriptum
3674 3004 3689 3048 :

318 3075 676 3137 declaratum
699 3089 810 3151 est,
830 3097 965 3139 cum
988 3097 1137 3158 aqua
1154 3086 1214 3138 et
1230 3078 1466 3156 sanguis
1487 3096 1555 3137 ex
1577 3074 1957 3136 immaculata

318 3173 478 3225 costa
505 3163 690 3243 ipsius
711 3167 937 3229 efﬂuxit
965 3188 977 3227 :
1003 3168 1211 3228 lancea
1236 3184 1514 3246 percussa
1535 3183 1710 3226 carne
1745 3163 1955 3244 ipsius,

318 3261 556 3316 sanctus
571 3253 823 3334 Spiritus
848 3256 1235 3336 vivificusque
1258 3256 1317 3316 in
1341 3255 1610 3315 deiﬁcata
1633 3271 1813 3315 carne
1832 3253 1960 3332 ejus

317 3344 664 3421 permansit.
682 3346 866 3418 Quam
888 3347 1272 3408 comedentes
1294 3346 1353 3404 in
1377 3342 1955 3424 pane,quiimmuta-

316 3438 409 3492 tus
425 3440 515 3496 est
528 3452 636 3513 per
649 3434 929 3515 Spiritum
950 3445 1006 3497 et
1022 3437 1269 3500 effectus
1284 3442 1597 3513 estcorpus
1614 3431 1855 3505 Christi,
1880 3430 1960 3491 vi-

311 3520 508 3582 vimus
526 3523 585 3584 in
609 3524 762 3605 ipso,
791 3532 1066 3605 tanquam
1084 3525 1267 3585 vivam
1288 3533 1346 3585 et
1365 3524 1695 3586 deificatam
1720 3538 1958 3581 carnem

313 3609 685 3673 edentes.Sic
709 3621 903 3675 autem
930 3622 987 3674 et
1010 3613 1354 3693 sanguinein
1376 3612 1570 3673 vivum
1595 3618 1651 3671 et
1672 3608 1961 3671 calidissi-

311 3717 469 3761 mum
506 3702 633 3779 ejus
664 3700 942 3763 bibentes
974 3722 1107 3764 cum
1144 3704 1425 3764 efIluente
1457 3718 1610 3779 aqua
1642 3716 1711 3758 ex
1742 3697 1958 3757 imma-

2048 3104 2069 3135 ‹
2102 3077 2229 3139 Non
2254 3079 2407 3139 bona
2442 3086 2529 3139 est
2550 3077 2829 3155 gloriatio
2863 3085 3063 3139 vestra
3088 3079 3149 3154 (Ι
3173 3076 3316 3139 Cor.
3339 3093 3398 3156 v,
3425 3076 3512 3156 6),
3542 3081 3610 3136 ut
3636 3081 3697 3137 et

2041 3187 2147 3247 ego
2172 3187 2302 3247 quae
2324 3167 2490 3229 Pauli
2513 3174 2648 3227 sunt
2668 3166 2882 3246 loquar
2902 3166 2977 3227 ad
2999 3184 3101 3226 vos
3128 3182 3141 3227 :
3183 3190 3205 3221 ιι
3233 3164 3511 3239 Nescitis,
3536 3187 3559 3221 ι)
3586 3163 3688 3224 in-

2041 3256 2187 3336 quit,
2213 3280 2240 3312 «
2257 3256 2394 3337 quia
2410 3255 2705 3318 modicum
2720 3256 3076 3317 fermentum
3093 3261 3274 3315 totam
3291 3270 3543 3314 massam
3555 3270 3688 3313 cor-

2041 3344 2301 3425 rumpit?
2326 3369 2351 3400 ››
2382 3344 2591 3424 (Ibid)
2624 3347 2695 3405 Et
2733 3343 2903 3424 panis
2953 3343 3219 3419 tandem,
3258 3360 3375 3403 non
3416 3358 3682 3420 azymum

2043 3434 2317 3494 efficitur.
2353 3432 2466 3494 Sed
2501 3432 2641 3513 quid
2668 3433 2763 3494 hic
2793 3433 2989 3494 dictus
3021 3430 3345 3511 Apostolus
3376 3428 3588 3491 scribit
3617 3428 3693 3489 ad

2042 3521 2425 3585 Corinthios?
2454 3521 2775 3601 Numquid,
2810 3530 2872 3582 ut
2898 3539 3001 3582 vos
3052 3518 3378 3595 aestimatis,
3406 3518 3481 3578 de
3524 3516 3687 3579 cele-

2043 3609 2310 3671 bratione
2350 3629 2523 3690 quam
2556 3629 2656 3671 vos
2686 3610 2749 3671 in
2788 3609 3002 3689 azymis
3051 3604 3420 3669 celebratis?
3448 3603 3691 3685 Nequa-

2041 3718 2239 3777 quam,
2293 3698 2407 3760 Sed
2456 3700 2732 3777 quoniam
2781 3698 2865 3758 illi
2912 3698 3023 3758 hoc
3098 3694 3511 3774 deSpiciebant
3533 3694 3693 3773 quod

311 3788 503 3849 culata
532 3798 693 3859 costa
724 3792 875 3870 ejus,
905 3792 1264 3852 mundamur
1288 3791 1360 3851 ab
1392 3789 1552 3850 omni
1580 3787 1821 3849 delicto.
1847 3786 1961 3846 fer-
2040 3789 2256 3866 aliquis
2282 3805 2592 3849 novercam
2617 3793 2956 3867 acceperat,
2982 3794 3039 3846 et
3058 3783 3401 3870 inlantiquis
3433 3800 3691 3844 consue-

307 3877 467 3941 venti
494 3862 797 3958 replemur
828 3862 1071 3960 Spiritu.
1120 3879 1385 3942 Calidum
1419 3878 1606 3956 enim,
1630 3884 1693 3935 ut
1722 3875 1953 3947 videtis,
2049 3862 2352 3936 tudinibus
2380 3876 2539 3937 falsae
2565 3862 2826 3937 scienti—a3
2858 3862 2979 3936 suae
3014 3862 3451 3952 gloriabantur;
3482 3872 3686 3933 volens

308 3967 470 4027 velut
502 3986 572 4028 ex
602 3968 789 4030 latere
820 3968 1078 4043 Domini,
1113 3969 1355 4030 calicem
1390 3966 1671 4043 bibimus,
1705 3964 1842 4042 quia
1879 3982 1948 4023 ex
2031 3973 2225 4026 autem
2241 3965 2835 4027 eosconvertiPaulus
2859 3970 3527 4025 etexvetereremovere
3550 3979 3677 4022 ma-

311 4055 437 4115 viva
483 4074 661 4118 carne
694 4065 752 4119 et
783 4057 974 4119 calida
1024 4058 1232 4139 spiritu
1286 4055 1506 4119 Christi
1549 4052 1951 4116 calidissimus
2034 4054 2181 4127 litia,
2211 4055 2371 4115 venit
2412 4073 2516 4134 per
2556 4054 3005 4115 similitudinem
3049 4053 3224 4125 hanc,
3248 4051 3526 4113 fermenti
3549 4050 3683 4113 dico

309 4143 482 4207 nobis
513 4146 751 4224 sanguis
784 4155 841 4209 et
880 4164 1030 4227 aqua
1072 4146 1382 4208 emanavit.
1432 4143 1597 4216 Quod
1639 4142 1700 4202 in
1734 4141 1820 4202 eis
1851 4140 1952 4221 qui
2038 4152 2095 4204 et
2124 4162 2355 4223 massae,
2379 4145 2635 4206 ostendit
2658 4144 2743 4205 eis
2766 4143 3043 4225 quoniam
3072 4160 3254 4202 unum
3286 4141 3530 4216 malum,
3554 4148 3682 4203 tan-

308 4252 506 4313 azyma
537 4235 879 4310 comedunt,
910 4237 1112 4316 nequit
1142 4236 1294 4298 fieri.
2035 4251 2212 4313 quam
2235 4234 2532 4294 modicum
2551 4242 2986 4313 contemptum,
3015 4249 3284 4309 magnam
3308 4230 3370 4291 in
3394 4237 3513 4291 toto
3546 4248 3684 4291 cor-

388 4321 486 4386 IV.
524 4321 585 4385 Si
617 4331 814 4384 autem
847 4334 1144 4387 mortuum
1176 4326 1526 4385 fermentum
1561 4318 1946 4393 comeditis,o
1968 4327 2010 4376 D
2032 4317 3684 4401 pore‘Ecclesia}facietlmsionemProptereainquitadji-

308 4411 761 4490 sapientissimi,
788 4422 849 4473 ut
870 4432 1066 4474 sermo
1090 4413 1433 4486 declaravit,
1455 4412 1625 4490 cujus
1652 4409 1740 4469 rei
1766 4407 1951 4485 gratia
2033 4411 2260 4472 ciensztc
2290 4413 2487 4473 Etnon
2507 4412 2724 4472 luctum
2741 4409 3034 4472 habuistis
3049 4407 3425 4470 utauferatur
3443 4406 3517 4468 de
3549 4424 3685 4468 me-

304 4500 664 4579 gloriamini,
711 4502 979 4565 dicentes
1006 4521 1018 4564 :
1052 4530 1074 4558 u
1103 4503 1250 4574 Quia
1281 4521 1397 4562 non
1436 4501 1590 4563 sicut
1614 4517 1715 4558 vos
1738 4496 1862 4557 sale
1893 4504 1950 4555 et
2034 4499 2130 4560 dio
2156 4500 2329 4560 vestri
2348 4500 2447 4580 qui
2467 4501 2576 4560 hoc
2597 4519 2745 4580 opus
2762 4508 3041 4580 operatus
3064 4497 3193 4560 est?
3221 4521 3243 4555 ll
3270 4496 3331 4576 (Ι
3346 4495 3483 4558 Cor.
3509 4514 3569 4571 v,
3592 4494 3681 4576 2.)

302 4589 592 4650 fermento
634 4599 809 4671 atque
847 4611 1001 4672 aqua
1039 4592 1285 4653 farinam
1323 4599 1743 4669 temperamus,
1773 4593 1834 4647 et
1862 4584 1947 4645 sic
2035 4591 2229 4649 Potest
2252 4588 2432 4666 enim,
2460 4588 2977 4668 inquit,iniquitas
3002 4588 3114 4649 ista
3133 4588 3202 4648 ad
3229 4603 3437 4646 omnes
3457 4592 3691 4645 vestras

304 4678 926 4741 facimusoblationem
950 4699 1281 4760 azymorum
1308 4675 1778 4747 nostrorum,sed
1798 4692 1947 4753 aqua
2033 4677 2210 4737 urbes
2232 4679 2509 4750 transire,
2552 4687 2632 4753 et,
2679 4688 2956 4759 tanquam
2986 4676 3288 4739 modicum
3319 4674 3680 4760 fermentum

305 4767 429 4827 sola
451 4775 507 4827 et
527 4767 713 4829 farina
728 4778 785 4830 et
801 4759 1193 4849 igniazymum
1213 4768 1654 4838 conﬁcimus,et
1676 4765 1735 4824 in
1762 4763 1950 4824 tribus
2032 4773 2213 4826 totam
2240 4785 2490 4827 massam
2513 4767 2942 4842 fermentat,sic
2962 4768 3211 4828 homnes
3230 4759 3597 4843 apprehendi
3620 4768 3680 4822 et

305 4856 399 4916 his
424 4874 627 4935 puram
645 4857 891 4918 facimus
918 4867 1175 4919 nostram
1200 4857 1623 4928 oblationem;»
1645 4860 1949 4934 perconta-
2035 4855 2467 4929 fermentari,et
2482 4875 2656 4917 unam
2675 4875 2925 4917 massam
2944 4849 3520 4934 majorisiuiquitatis
3540 4866 3682 4929 ope—

314 4944 642 5023 murigitur
662 4947 1283 5027 vos,ha3ctria,aquam
1310 4955 1366 5008 et
1388 4945 1631 5007 farinam
1657 4941 1943 5020 etignem,
2028 4944 2189 5004 rari:
2224 4964 2251 5003 cr
2296 4947 2653 5024 Expurgate,
2702 4966 2729 5004 »
2776 4946 2991 5021 inquit,
3040 4967 3068 4997 α
3114 4948 3278 5002 vetus
3316 4939 3679 5027 fermentum

305 5033 376 5094 ad
401 5033 539 5113 quid
566 5025 868 5113 accipitis;
894 5044 949 5095 et
968 5036 1063 5095 cui
1085 5025 1331 5114 efﬁgiem
1357 5053 1487 5095 esse
1528 5035 1653 5094 haec
1685 5031 1945 5092 aestima-
2033 5032 2208 5111 (Ibid.
2226 5034 2384 5110 ,7),»
2414 5031 2881 5111 peccati.Tollite
2903 5033 3063 5091 hunc
3083 5048 3117 5091 a
3137 5027 3358 5103 medio,
3381 5025 3680 5114 uteflicia-

306 5112 636 5184 tis?iCarnis
657 5123 920 5183 Domini?
939 5121 1049 5185 Sed
1075 5112 1403 5204 non—inquit
1429 5123 1679 5184 dilectus
1711 5119 1943 5182 Christo
2031 5121 2174 5181 mini
2194 5121 2427 5182 Christo
2457 5139 2601 5181 nova
2619 5120 2989 5200 conspersio,
3017 5119 3171 5180 sicut
3199 5114 3341 5179 estis
3376 5112 3675 5204 baptizati,

304 5209 610 5273 Joannes:
640 5233 668 5271 ‹
697 5211 841 5273 Tres
880 5221 1017 5274 sunt
1052 5213 1152 5292 qui
1193 5201 1592 5273 testimonium
1631 5207 1948 5288 perhibent
2028 5208 2087 5268 id
2108 5211 2304 5270 estvel
2334 5209 2618 5289 azymivel
2643 5209 2798 5288 puri,
2825 5207 3159 5268 mortiﬁcati
3181 5204 3403 5267 mundo
3430 5211 3489 5264 et
3509 5201 3674 5263 desi-

307 5299 564 5373 (Noun.
597 5318 655 5375 v,
685 5302 771 5381 8),
799 5326 824 5356 η
861 5321 1011 5382 aqua
1041 5310 1097 5363 et
1117 5301 1307 5362 farina
1328 5309 1383 5361 et
1405 5300 1578 5377 ignis.
1608 5297 1725 5361 Sed
1761 5296 1899 5377 quid
1918 5301 1945 5356 ’ἲ
2028 5297 2212 5358 deriis
2234 5299 2448 5359 carnis.
2477 5297 2707 5358 Etenim
2730 5297 2947 5377 pascha
2961 5302 3229 5356 nostrum
3257 5294 3368 5354 hoc
3392 5299 3503 5382 est,
3521 5309 3674 5372 quo-

311 5415 337 5442 «
361 5390 617 5469 Spiritus
646 5397 703 5450 et
726 5380 892 5470 aqua
916 5380 979 5451 et
1008 5389 1265 5469 sanguis.
1286 5388 1413 5449 ethi
1442 5396 1561 5448 tres
1582 5387 1642 5446 in
1667 5405 1781 5445 uno
1807 5391 1947 5445 sunt
2028 5385 2210 5466 niam,
2227 5396 2291 5447 ut
2310 5387 2570 5466 eriperet
2589 5404 2694 5445 nos
2723 5405 2789 5446 ex
2814 5384 3124 5465 iniquitate
3144 5402 3212 5445 ac
3234 5380 3675 5470 morte,immo-

303 5478 583 5557 (Ibid.),n
606 5469 954 5540 videlice'in
980 5497 1228 5559 corpore
1244 5477 1564 5552 Christi,ut
1586 5475 1807 5537 dictum
1828 5488 1940 5546 εει,
2028 5473 2180 5535 latus
2214 5484 2299 5535 est
2328 5474 2617 5535 Christus.
2642 5472 2769 5546 Qua
2803 5474 2879 5534 de
2913 5491 2979 5534 re
3003 5473 3088 5535 sic
3114 5473 3230 5534 ait:
3282 5489 3312 5531 ε
3350 5469 3676 5559 Epulemur

300 5566 456 5646 quod
500 5586 609 5628 nos
674 5568 1055 5630 comedentes
1082 5557 1320 5629 unimur
1362 5567 1666 5628 incarnato
1705 5570 1946 5643 propter
2030 5581 2144 5623 non
2171 5563 2233 5623 in
2253 5564 2546 5625 fermento
2569 5565 2997 5643 veteri,neque
3021 5562 3084 5625 in
3113 5562 3405 5625 fermento
3431 5557 3672 5622 malitiae
