  <div class='ocr_page' id='page_1' title='image "/cluster/home/n/w/nwhite01/storage/ocr_20150623/120/mdp.39015008866736/513.png"; bbox 0 0 4052 6134; ppageno 0'>
   <div class='ocr_carea' id='block_1_1' title="bbox 312 189 467 257">
    <p class='ocr_par' dir='ltr' id='par_1_1' title="bbox 312 189 467 257">
     <span class='ocr_line' id='line_1_1' title="bbox 312 189 467 257; baseline 0.019 -3"><span class='ocrx_word' id='word_1_1' title='bbox 312 189 467 257; x_wconf 68' lang='grc'><strong>1015</strong></span> 
     </span>
    </p>
   </div>
   <div class='ocr_carea' id='block_1_2' title="bbox 1586 184 2363 253">
    <p class='ocr_par' dir='ltr' id='par_1_2' title="bbox 1586 184 2363 253">
     <span class='ocr_line' id='line_1_2' title="bbox 1586 184 2363 253; baseline -0.004 -1"><span class='ocrx_word' id='word_1_2' title='bbox 1586 186 1893 253; x_wconf 73' lang='grc' dir='ltr'><strong>ΝΙΟΕΤιΕ</strong></span> <span class='ocrx_word' id='word_1_3' title='bbox 1935 184 2363 251; x_wconf 78' lang='lat' dir='ltr'><strong>PECTORATI</strong></span> 
     </span>
    </p>
   </div>
   <div class='ocr_carea' id='block_1_3' title="bbox 3580 186 3783 252">
    <p class='ocr_par' dir='ltr' id='par_1_3' title="bbox 3580 186 3783 252">
     <span class='ocr_line' id='line_1_3' title="bbox 3580 186 3783 252; baseline -0.015 -1"><span class='ocrx_word' id='word_1_4' title='bbox 3580 186 3783 252; x_wconf 73' lang='grc' dir='ltr'><strong>10ιὸ</strong></span> 
     </span>
    </p>
   </div>
   <div class='ocr_carea' id='block_1_4' title="bbox 310 318 3790 407">
    <p class='ocr_par' dir='ltr' id='par_1_4' title="bbox 310 318 3790 407">
     <span class='ocr_line' id='line_1_4' title="bbox 310 318 3790 407; baseline -0.001 -22"><span class='ocrx_word' id='word_1_5' title='bbox 310 327 369 385; x_wconf 91' lang='lat' dir='ltr'><strong>et</strong></span> <span class='ocrx_word' id='word_1_6' title='bbox 398 321 705 405; x_wconf 68' lang='lat' dir='ltr'><strong>nequitiae,</strong></span> <span class='ocrx_word' id='word_1_7' title='bbox 747 322 853 385; x_wconf 88' lang='lat' dir='ltr'><strong>sed</strong></span> <span class='ocrx_word' id='word_1_8' title='bbox 883 322 944 383; x_wconf 90' lang='lat' dir='ltr'><strong>in</strong></span> <span class='ocrx_word' id='word_1_9' title='bbox 964 321 1182 402; x_wconf 91' lang='lat' dir='ltr'><strong>azymis</strong></span> <span class='ocrx_word' id='word_1_10' title='bbox 1212 320 1574 384; x_wconf 81' lang='lat' dir='ltr'><strong>sinceritatis</strong></span> <span class='ocrx_word' id='word_1_11' title='bbox 1604 326 1664 383; x_wconf 91' lang='lat' dir='ltr'><strong>et</strong></span> <span class='ocrx_word' id='word_1_12' title='bbox 1691 319 2014 382; x_wconf 76' lang='lat' dir='ltr'><strong>veritatisA</strong></span> <span class='ocrx_word' id='word_1_13' title='bbox 2035 318 2097 380; x_wconf 83' lang='lat' dir='ltr'><strong>ia</strong></span> <span class='ocrx_word' id='word_1_14' title='bbox 2115 338 2231 400; x_wconf 93' lang='lat' dir='ltr'><strong>quo</strong></span> <span class='ocrx_word' id='word_1_15' title='bbox 2261 322 2507 402; x_wconf 90' lang='lat' dir='ltr'><strong>contigit</strong></span> <span class='ocrx_word' id='word_1_16' title='bbox 2548 325 2789 387; x_wconf 82' lang='lat' dir='ltr'><strong>evenire</strong></span> <span class='ocrx_word' id='word_1_17' title='bbox 2824 324 2980 389; x_wconf 75' lang='grc'><strong>1534</strong></span> <span class='ocrx_word' id='word_1_18' title='bbox 3005 345 3194 389; x_wconf 89' lang='lat' dir='ltr'><strong>annos</strong></span> <span class='ocrx_word' id='word_1_19' title='bbox 3223 348 3238 388; x_wconf 90' lang='lat'><strong>:</strong></span> <span class='ocrx_word' id='word_1_20' title='bbox 3276 328 3509 407; x_wconf 83' lang='lat' dir='ltr'><strong>cyclus</strong></span> <span class='ocrx_word' id='word_1_21' title='bbox 3588 324 3790 386; x_wconf 85' lang='lat' dir='ltr'><strong>enim</strong></span> 
     </span>
    </p>
   </div>
   <div class='ocr_carea' id='block_1_5' title="bbox 310 410 1952 492">
    <p class='ocr_par' dir='ltr' id='par_1_5' title="bbox 310 410 1952 492">
     <span class='ocr_line' id='line_1_5' title="bbox 310 410 1952 492; baseline -0.001 -20"><span class='ocrx_word' id='word_1_22' title='bbox 310 410 501 492; x_wconf 80' lang='lat' dir='ltr'><strong>(Ibid.</strong></span> <span class='ocrx_word' id='word_1_23' title='bbox 527 414 608 489; x_wconf 89' lang='lat'><strong>8),</strong></span> <span class='ocrx_word' id='word_1_24' title='bbox 640 436 668 469; x_wconf 72' lang='grc' dir='ltr'><strong>ι)</strong></span> <span class='ocrx_word' id='word_1_25' title='bbox 695 411 810 474; x_wconf 93' lang='lat' dir='ltr'><strong>hoc</strong></span> <span class='ocrx_word' id='word_1_26' title='bbox 833 418 925 473; x_wconf 89' lang='lat' dir='ltr'><strong>est</strong></span> <span class='ocrx_word' id='word_1_27' title='bbox 949 429 1115 490; x_wconf 73' lang='lat' dir='ltr'><strong>purae</strong></span> <span class='ocrx_word' id='word_1_28' title='bbox 1132 410 1267 473; x_wconf 72' lang='lat' dir='ltr'><strong>vita:</strong></span> <span class='ocrx_word' id='word_1_29' title='bbox 1290 419 1348 474; x_wconf 89' lang='lat' dir='ltr'><strong>et</strong></span> <span class='ocrx_word' id='word_1_30' title='bbox 1369 411 1533 488; x_wconf 84' lang='lat' dir='ltr'><strong>fidei,</strong></span> <span class='ocrx_word' id='word_1_31' title='bbox 1549 430 1664 492; x_wconf 92' lang='lat' dir='ltr'><strong>qua</strong></span> <span class='ocrx_word' id='word_1_32' title='bbox 1683 411 1745 472; x_wconf 90' lang='lat' dir='ltr'><strong>in</strong></span> <span class='ocrx_word' id='word_1_33' title='bbox 1766 413 1952 474; x_wconf 91' lang='lat' dir='ltr'><strong>Deum</strong></span> 
     </span>
    </p>
   </div>
   <div class='ocr_carea' id='block_1_6' title="bbox 313 499 1955 581">
    <p class='ocr_par' dir='ltr' id='par_1_6' title="bbox 313 499 1955 581">
     <span class='ocr_line' id='line_1_6' title="bbox 313 499 1955 581; baseline -0.001 -19"><span class='ocrx_word' id='word_1_34' title='bbox 313 499 634 581; x_wconf 85' lang='lat' dir='ltr'><strong>credimus,</strong></span> <span class='ocrx_word' id='word_1_35' title='bbox 667 507 726 562; x_wconf 91' lang='lat' dir='ltr'><strong>et</strong></span> <span class='ocrx_word' id='word_1_36' title='bbox 747 517 986 562; x_wconf 83' lang='lat' dir='ltr'><strong>veraces</strong></span> <span class='ocrx_word' id='word_1_37' title='bbox 1027 507 1296 562; x_wconf 90' lang='lat' dir='ltr'><strong>oratores</strong></span> <span class='ocrx_word' id='word_1_38' title='bbox 1328 501 1456 580; x_wconf 89' lang='lat' dir='ltr'><strong>ejus</strong></span> <span class='ocrx_word' id='word_1_39' title='bbox 1504 500 1822 563; x_wconf 87' lang='lat' dir='ltr'><strong>efﬁcimur.</strong></span> <span class='ocrx_word' id='word_1_40' title='bbox 1856 499 1955 562; x_wconf 91' lang='lat' dir='ltr'><strong>Sic</strong></span> 
     </span>
    </p>
   </div>
   <div class='ocr_carea' id='block_1_7' title="bbox 310 587 1955 671">
    <p class='ocr_par' dir='ltr' id='par_1_7' title="bbox 310 587 1955 671">
     <span class='ocr_line' id='line_1_7' title="bbox 310 587 1955 671; baseline 0 -19"><span class='ocrx_word' id='word_1_41' title='bbox 310 590 557 667; x_wconf 87' lang='lat' dir='ltr'><strong>Magnus</strong></span> <span class='ocrx_word' id='word_1_42' title='bbox 580 587 907 668; x_wconf 77' lang='lat' dir='ltr'><strong>Gregorius</strong></span> <span class='ocrx_word' id='word_1_43' title='bbox 926 587 1232 666; x_wconf 92' lang='lat' dir='ltr'><strong>theologus</strong></span> <span class='ocrx_word' id='word_1_44' title='bbox 1248 589 1360 651; x_wconf 92' lang='lat' dir='ltr'><strong>hoc</strong></span> <span class='ocrx_word' id='word_1_45' title='bbox 1376 588 1621 651; x_wconf 87' lang='lat' dir='ltr'><strong>verbum</strong></span> <span class='ocrx_word' id='word_1_46' title='bbox 1641 591 1891 671; x_wconf 89' lang='lat' dir='ltr'><strong>accepit.</strong></span> <span class='ocrx_word' id='word_1_47' title='bbox 1908 588 1955 652; x_wconf 90' lang='grc' dir='ltr'><strong>Ο</strong></span> 
     </span>
    </p>
   </div>
   <div class='ocr_carea' id='block_1_8' title="bbox 310 675 1958 758">
    <p class='ocr_par' dir='ltr' id='par_1_8' title="bbox 310 675 1958 758">
     <span class='ocr_line' id='line_1_8' title="bbox 310 675 1958 758; baseline 0.002 -21"><span class='ocrx_word' id='word_1_48' title='bbox 310 675 755 756; x_wconf 79' lang='lat' dir='ltr'><strong>sapientissimi,</strong></span> <span class='ocrx_word' id='word_1_49' title='bbox 779 694 849 738; x_wconf 91' lang='lat' dir='ltr'><strong>ea</strong></span> <span class='ocrx_word' id='word_1_50' title='bbox 869 695 1000 758; x_wconf 67' lang='lat' dir='ltr'><strong>qua:</strong></span> <span class='ocrx_word' id='word_1_51' title='bbox 1024 677 1239 739; x_wconf 89' lang='lat' dir='ltr'><strong>mentis</strong></span> <span class='ocrx_word' id='word_1_52' title='bbox 1261 678 1601 758; x_wconf 68' lang='lat' dir='ltr'><strong>apostolicze</strong></span> <span class='ocrx_word' id='word_1_53' title='bbox 1620 688 1757 739; x_wconf 91' lang='lat' dir='ltr'><strong>sunt</strong></span> <span class='ocrx_word' id='word_1_54' title='bbox 1786 679 1958 741; x_wconf 90' lang='lat' dir='ltr'><strong>intel-</strong></span> 
     </span>
    </p>
   </div>
   <div class='ocr_carea' id='block_1_9' title="bbox 310 764 1955 851">
    <p class='ocr_par' dir='ltr' id='par_1_9' title="bbox 310 764 1955 851">
     <span class='ocr_line' id='line_1_9' title="bbox 310 764 1955 851; baseline 0.003 -26"><span class='ocrx_word' id='word_1_55' title='bbox 310 764 502 846; x_wconf 85' lang='lat' dir='ltr'><strong>ligite,</strong></span> <span class='ocrx_word' id='word_1_56' title='bbox 524 773 582 827; x_wconf 88' lang='lat' dir='ltr'><strong>et</strong></span> <span class='ocrx_word' id='word_1_57' title='bbox 605 765 1251 846; x_wconf 89' lang='lat' dir='ltr'><strong>non,quemadmodum</strong></span> <span class='ocrx_word' id='word_1_58' title='bbox 1279 767 1391 829; x_wconf 94' lang='lat' dir='ltr'><strong>hoc</strong></span> <span class='ocrx_word' id='word_1_59' title='bbox 1408 786 1512 828; x_wconf 89' lang='lat' dir='ltr'><strong>vos</strong></span> <span class='ocrx_word' id='word_1_60' title='bbox 1536 769 1955 851; x_wconf 82' lang='lat' dir='ltr'><strong>accepistis,de</strong></span> 
     </span>
    </p>
   </div>
   <div class='ocr_carea' id='block_1_10' title="bbox 308 853 1954 936">
    <p class='ocr_par' dir='ltr' id='par_1_10' title="bbox 308 853 1954 936">
     <span class='ocr_line' id='line_1_10' title="bbox 308 853 1954 936; baseline 0.002 -21"><span class='ocrx_word' id='word_1_61' title='bbox 308 872 640 934; x_wconf 78' lang='lat' dir='ltr'><strong>azymorum</strong></span> <span class='ocrx_word' id='word_1_62' title='bbox 671 853 986 916; x_wconf 80' lang='lat' dir='ltr'><strong>festivitate</strong></span> <span class='ocrx_word' id='word_1_63' title='bbox 1010 862 1069 916; x_wconf 88' lang='lat' dir='ltr'><strong>et</strong></span> <span class='ocrx_word' id='word_1_64' title='bbox 1096 854 1566 936; x_wconf 83' lang='lat' dir='ltr'><strong>participatione.</strong></span> <span class='ocrx_word' id='word_1_65' title='bbox 1589 856 1650 919; x_wconf 90' lang='lat' dir='ltr'><strong>Si</strong></span> <span class='ocrx_word' id='word_1_66' title='bbox 1688 860 1845 919; x_wconf 90' lang='lat' dir='ltr'><strong>enim</strong></span> <span class='ocrx_word' id='word_1_67' title='bbox 1880 859 1954 919; x_wconf 92' lang='lat' dir='ltr'><strong>de</strong></span> 
     </span>
    </p>
   </div>
   <div class='ocr_carea' id='block_1_11' title="bbox 309 941 1957 1022">
    <p class='ocr_par' dir='ltr' id='par_1_11' title="bbox 309 941 1957 1022">
     <span class='ocr_line' id='line_1_11' title="bbox 309 941 1957 1022; baseline 0.005 -21"><span class='ocrx_word' id='word_1_68' title='bbox 309 941 526 1022; x_wconf 80' lang='lat' dir='ltr'><strong>azymis</strong></span> <span class='ocrx_word' id='word_1_69' title='bbox 548 950 609 1005; x_wconf 91' lang='lat' dir='ltr'><strong>et</strong></span> <span class='ocrx_word' id='word_1_70' title='bbox 629 942 705 1004; x_wconf 91' lang='lat' dir='ltr'><strong>de</strong></span> <span class='ocrx_word' id='word_1_71' title='bbox 727 941 1130 1005; x_wconf 86' lang='lat' dir='ltr'><strong>celebratione</strong></span> <span class='ocrx_word' id='word_1_72' title='bbox 1157 963 1358 1005; x_wconf 91' lang='lat' dir='ltr'><strong>eorum</strong></span> <span class='ocrx_word' id='word_1_73' title='bbox 1394 946 1715 1007; x_wconf 90' lang='lat' dir='ltr'><strong>Corinthiis</strong></span> <span class='ocrx_word' id='word_1_74' title='bbox 1740 947 1957 1009; x_wconf 88' lang='lat' dir='ltr'><strong>Paulus</strong></span> 
     </span>
    </p>
   </div>
   <div class='ocr_carea' id='block_1_12' title="bbox 312 1030 1957 1114">
    <p class='ocr_par' dir='ltr' id='par_1_12' title="bbox 312 1030 1957 1114">
     <span class='ocr_line' id='line_1_12' title="bbox 312 1030 1957 1114; baseline 0.004 -23"><span class='ocrx_word' id='word_1_75' title='bbox 312 1030 710 1111; x_wconf 77' lang='lat' dir='ltr'><strong>praecepisset,</strong></span> <span class='ocrx_word' id='word_1_76' title='bbox 730 1039 788 1093; x_wconf 92' lang='lat' dir='ltr'><strong>et</strong></span> <span class='ocrx_word' id='word_1_77' title='bbox 813 1047 916 1093; x_wconf 89' lang='lat' dir='ltr'><strong>eos</strong></span> <span class='ocrx_word' id='word_1_78' title='bbox 937 1031 997 1092; x_wconf 91' lang='lat' dir='ltr'><strong>in</strong></span> <span class='ocrx_word' id='word_1_79' title='bbox 1015 1031 1232 1113; x_wconf 84' lang='lat' dir='ltr'><strong>azymis</strong></span> <span class='ocrx_word' id='word_1_80' title='bbox 1254 1034 1479 1113; x_wconf 87' lang='lat' dir='ltr'><strong>epulari</strong></span> <span class='ocrx_word' id='word_1_81' title='bbox 1506 1033 1813 1114; x_wconf 58' lang='lat' dir='ltr'><strong>jussisset,</strong></span> <span class='ocrx_word' id='word_1_82' title='bbox 1838 1055 1957 1098; x_wconf 92' lang='lat' dir='ltr'><strong>non</strong></span> 
     </span>
    </p>
   </div>
   <div class='ocr_carea' id='block_1_13' title="bbox 2039 407 3794 496">
    <p class='ocr_par' dir='ltr' id='par_1_13' title="bbox 2039 407 3794 496">
     <span class='ocr_line' id='line_1_13' title="bbox 2039 407 3794 496; baseline 0.002 -29"><span class='ocrx_word' id='word_1_83' title='bbox 2039 407 2182 469; x_wconf 90' lang='lat' dir='ltr'><strong>solis</strong></span> <span class='ocrx_word' id='word_1_84' title='bbox 2211 416 2335 470; x_wconf 89' lang='lat' dir='ltr'><strong>erat</strong></span> <span class='ocrx_word' id='word_1_85' title='bbox 2354 411 2423 472; x_wconf 90' lang='lat'>18</span> <span class='ocrx_word' id='word_1_86' title='bbox 2443 412 2571 487; x_wconf 83' lang='lat' dir='ltr'><strong>et5,</strong></span> <span class='ocrx_word' id='word_1_87' title='bbox 2593 421 2655 473; x_wconf 89' lang='lat' dir='ltr'><strong>ut</strong></span> <span class='ocrx_word' id='word_1_88' title='bbox 2677 432 2793 474; x_wconf 91' lang='lat' dir='ltr'><strong>non</strong></span> <span class='ocrx_word' id='word_1_89' title='bbox 2819 416 3013 477; x_wconf 87' lang='lat' dir='ltr'><strong>adhuc</strong></span> <span class='ocrx_word' id='word_1_90' title='bbox 3036 416 3287 477; x_wconf 81' lang='lat' dir='ltr'><strong>traditus</strong></span> <span class='ocrx_word' id='word_1_91' title='bbox 3314 412 3794 496; x_wconf 63' lang='lat' dir='ltr'><strong>praevenisset</strong></span> 
     </span>
    </p>
   </div>
   <div class='ocr_carea' id='block_1_14' title="bbox 2039 497 3791 582">
    <p class='ocr_par' dir='ltr' id='par_1_14' title="bbox 2039 497 3791 582">
     <span class='ocr_line' id='line_1_14' title="bbox 2039 497 3791 582; baseline 0.002 -25"><span class='ocrx_word' id='word_1_92' title='bbox 2039 497 2344 577; x_wconf 91' lang='lat' dir='ltr'><strong>proprium</strong></span> <span class='ocrx_word' id='word_1_93' title='bbox 2380 502 2599 580; x_wconf 82' lang='lat' dir='ltr'><strong>pascha</strong></span> <span class='ocrx_word' id='word_1_94' title='bbox 2621 501 2933 582; x_wconf 87' lang='lat' dir='ltr'><strong>discipulis</strong></span> <span class='ocrx_word' id='word_1_95' title='bbox 2965 507 3229 578; x_wconf 83' lang='lat' dir='ltr'><strong>tradere,</strong></span> <span class='ocrx_word' id='word_1_96' title='bbox 3254 503 3695 567; x_wconf 85' lang='lat' dir='ltr'><strong>recumbens</strong></span> <span class='ocrx_word' id='word_1_97' title='bbox 3716 500 3791 561; x_wconf 89' lang='lat' dir='ltr'><strong>in</strong></span> 
     </span>
    </p>
   </div>
   <div class='ocr_carea' id='block_1_15' title="bbox 2039 589 3788 672">
    <p class='ocr_par' dir='ltr' id='par_1_15' title="bbox 2039 589 3788 672">
     <span class='ocr_line' id='line_1_15' title="bbox 2039 589 3788 672; baseline 0.002 -26"><span class='ocrx_word' id='word_1_98' title='bbox 2039 602 2208 647; x_wconf 67' lang='lat' dir='ltr'><strong>coena</strong></span> <span class='ocrx_word' id='word_1_99' title='bbox 2246 589 2573 649; x_wconf 92' lang='lat' dir='ltr'><strong>secundum</strong></span> <span class='ocrx_word' id='word_1_100' title='bbox 2606 609 2917 670; x_wconf 91' lang='lat' dir='ltr'><strong>vesperum</strong></span> <span class='ocrx_word' id='word_1_101' title='bbox 2956 592 3146 672; x_wconf 86' lang='lat' dir='ltr'><strong>quinti</strong></span> <span class='ocrx_word' id='word_1_102' title='bbox 3181 591 3342 666; x_wconf 88' lang='lat' dir='ltr'><strong>diei;</strong></span> <span class='ocrx_word' id='word_1_103' title='bbox 3385 599 3788 672; x_wconf 75' lang='lat' dir='ltr'><strong>postquam</strong></span> 
     </span>
    </p>
   </div>
   <div class='ocr_carea' id='block_1_16' title="bbox 2039 675 3789 761">
    <p class='ocr_par' dir='ltr' id='par_1_16' title="bbox 2039 675 3789 761">
     <span class='ocr_line' id='line_1_16' title="bbox 2039 675 3789 761; baseline 0 -23"><span class='ocrx_word' id='word_1_104' title='bbox 2039 675 2311 751; x_wconf 70' lang='lat' dir='ltr'><strong>cmuavit,</strong></span> <span class='ocrx_word' id='word_1_105' title='bbox 2336 677 2566 758; x_wconf 90' lang='lat' dir='ltr'><strong>accepit</strong></span> <span class='ocrx_word' id='word_1_106' title='bbox 2597 698 2832 757; x_wconf 88' lang='lat' dir='ltr'><strong>panem,</strong></span> <span class='ocrx_word' id='word_1_107' title='bbox 2869 680 3065 759; x_wconf 83' lang='lat' dir='ltr'><strong>fregit,</strong></span> <span class='ocrx_word' id='word_1_108' title='bbox 3115 680 3357 743; x_wconf 83' lang='lat' dir='ltr'><strong>tradidit</strong></span> <span class='ocrx_word' id='word_1_109' title='bbox 3404 678 3789 761; x_wconf 77' lang='lat' dir='ltr'><strong>apostolis</strong></span> 
     </span>
    </p>
   </div>
   <div class='ocr_carea' id='block_1_17' title="bbox 2041 762 3791 850">
    <p class='ocr_par' dir='ltr' id='par_1_17' title="bbox 2041 762 3791 850">
     <span class='ocr_line' id='line_1_17' title="bbox 2041 762 3791 850; baseline 0.002 -26"><span class='ocrx_word' id='word_1_110' title='bbox 2041 765 2385 842; x_wconf 82' lang='lat' dir='ltr'><strong>mysterium</strong></span> <span class='ocrx_word' id='word_1_111' title='bbox 2423 766 2566 829; x_wconf 89' lang='lat' dir='ltr'><strong>Novi</strong></span> <span class='ocrx_word' id='word_1_112' title='bbox 2588 762 2954 830; x_wconf 89' lang='lat' dir='ltr'><strong>Testamenti</strong></span> <span class='ocrx_word' id='word_1_113' title='bbox 2973 770 3036 830; x_wconf 91' lang='lat' dir='ltr'><strong>in</strong></span> <span class='ocrx_word' id='word_1_114' title='bbox 3066 778 3239 831; x_wconf 89' lang='lat' dir='ltr'><strong>nocte</strong></span> <span class='ocrx_word' id='word_1_115' title='bbox 3259 769 3470 850; x_wconf 92' lang='lat' dir='ltr'><strong>quinta</strong></span> <span class='ocrx_word' id='word_1_116' title='bbox 3498 769 3591 830; x_wconf 85' lang='lat' dir='ltr'><strong>in</strong></span> <span class='ocrx_word' id='word_1_117' title='bbox 3636 785 3791 847; x_wconf 85' lang='lat' dir='ltr'><strong>qua</strong></span> 
     </span>
    </p>
   </div>
   <div class='ocr_carea' id='block_1_18' title="bbox 2037 854 3782 938">
    <p class='ocr_par' dir='ltr' id='par_1_18' title="bbox 2037 854 3782 938">
     <span class='ocr_line' id='line_1_18' title="bbox 2037 854 3782 938; baseline 0.003 -26"><span class='ocrx_word' id='word_1_118' title='bbox 2037 854 2286 915; x_wconf 90' lang='lat' dir='ltr'><strong>traditus</strong></span> <span class='ocrx_word' id='word_1_119' title='bbox 2311 863 2401 916; x_wconf 88' lang='lat' dir='ltr'><strong>est</strong></span> <span class='ocrx_word' id='word_1_120' title='bbox 2429 875 2462 917; x_wconf 90' lang='lat' dir='ltr'><strong>a</strong></span> <span class='ocrx_word' id='word_1_121' title='bbox 2487 856 2516 919; x_wconf 85' lang='lat' dir='ltr'><strong>.l</strong></span> <span class='ocrx_word' id='word_1_122' title='bbox 2527 858 2639 918; x_wconf 93' lang='lat' dir='ltr'><strong>uda</strong></span> <span class='ocrx_word' id='word_1_123' title='bbox 2665 879 2677 919; x_wconf 96' lang='lat'><strong>:</strong></span> <span class='ocrx_word' id='word_1_124' title='bbox 2712 858 2865 920; x_wconf 89' lang='lat' dir='ltr'><strong>sicut</strong></span> <span class='ocrx_word' id='word_1_125' title='bbox 2893 859 3179 938; x_wconf 90' lang='lat' dir='ltr'><strong>scriptum</strong></span> <span class='ocrx_word' id='word_1_126' title='bbox 3209 868 3315 921; x_wconf 90' lang='lat' dir='ltr'><strong>est.</strong></span> <span class='ocrx_word' id='word_1_127' title='bbox 3391 859 3535 921; x_wconf 90' lang='lat' dir='ltr'><strong>Sed</strong></span> <span class='ocrx_word' id='word_1_128' title='bbox 3586 856 3782 937; x_wconf 89' lang='lat' dir='ltr'><strong>quid</strong></span> 
     </span>
    </p>
   </div>
   <div class='ocr_carea' id='block_1_19' title="bbox 2038 941 3785 1028">
    <p class='ocr_par' dir='ltr' id='par_1_19' title="bbox 2038 941 3785 1028">
     <span class='ocr_line' id='line_1_19' title="bbox 2038 941 3785 1028; baseline 0.002 -27"><span class='ocrx_word' id='word_1_129' title='bbox 2038 941 2182 1003; x_wconf 86' lang='lat' dir='ltr'><strong>dicit</strong></span> <span class='ocrx_word' id='word_1_130' title='bbox 2205 945 2391 1005; x_wconf 86' lang='lat' dir='ltr'><strong>Lucas</strong></span> <span class='ocrx_word' id='word_1_131' title='bbox 2412 946 2750 1025; x_wconf 87' lang='lat' dir='ltr'><strong>apostolus?</strong></span> <span class='ocrx_word' id='word_1_132' title='bbox 2781 970 2802 1003; x_wconf 74' lang='grc' dir='ltr'><strong>ε</strong></span> <span class='ocrx_word' id='word_1_133' title='bbox 2824 948 3072 1027; x_wconf 87' lang='lat' dir='ltr'><strong>Accepit</strong></span> <span class='ocrx_word' id='word_1_134' title='bbox 3100 966 3335 1028; x_wconf 91' lang='lat' dir='ltr'><strong>panem,</strong></span> <span class='ocrx_word' id='word_1_135' title='bbox 3360 954 3420 1008; x_wconf 92' lang='lat' dir='ltr'><strong>et</strong></span> <span class='ocrx_word' id='word_1_136' title='bbox 3444 946 3785 1009; x_wconf 86' lang='lat' dir='ltr'><strong>benedi-</strong></span> 
     </span>
    </p>
   </div>
   <div class='ocr_carea' id='block_1_20' title="bbox 2039 1031 3783 1116">
    <p class='ocr_par' dir='ltr' id='par_1_20' title="bbox 2039 1031 3783 1116">
     <span class='ocr_line' id='line_1_20' title="bbox 2039 1031 3783 1116; baseline 0.002 -24"><span class='ocrx_word' id='word_1_137' title='bbox 2039 1049 2181 1092; x_wconf 89' lang='lat' dir='ltr'><strong>cens</strong></span> <span class='ocrx_word' id='word_1_138' title='bbox 2196 1031 2369 1109; x_wconf 82' lang='lat' dir='ltr'><strong>fregit</strong></span> <span class='ocrx_word' id='word_1_139' title='bbox 2393 1034 2558 1111; x_wconf 83' lang='lat' dir='ltr'><strong>(Luc.</strong></span> <span class='ocrx_word' id='word_1_140' title='bbox 2586 1052 2743 1109; x_wconf 73' lang='lat' dir='ltr'><strong>xxxv,</strong></span> <span class='ocrx_word' id='word_1_141' title='bbox 2765 1036 2929 1110; x_wconf 70' lang='lat'><strong>30).»</strong></span> <span class='ocrx_word' id='word_1_142' title='bbox 2956 1035 3109 1097; x_wconf 90' lang='lat' dir='ltr'><strong>Ecce</strong></span> <span class='ocrx_word' id='word_1_143' title='bbox 3127 1044 3185 1097; x_wconf 91' lang='lat' dir='ltr'><strong>et</strong></span> <span class='ocrx_word' id='word_1_144' title='bbox 3201 1038 3387 1098; x_wconf 88' lang='lat' dir='ltr'><strong>Lucas</strong></span> <span class='ocrx_word' id='word_1_145' title='bbox 3408 1036 3783 1116; x_wconf 86' lang='lat' dir='ltr'><strong>accipere</strong></span> 
     </span>
    </p>
   </div>
   <div class='ocr_carea' id='block_1_21' title="bbox 311 1120 3774 1205">
    <p class='ocr_par' dir='ltr' id='par_1_21' title="bbox 311 1120 3774 1205">
     <span class='ocr_line' id='line_1_21' title="bbox 311 1120 3774 1205; baseline 0.001 -25"><span class='ocrx_word' id='word_1_146' title='bbox 311 1121 746 1199; x_wconf 88' lang='lat' dir='ltr'><strong>promulgasset</strong></span> <span class='ocrx_word' id='word_1_147' title='bbox 777 1139 912 1182; x_wconf 91' lang='lat' dir='ltr'><strong>cum</strong></span> <span class='ocrx_word' id='word_1_148' title='bbox 953 1120 1261 1197; x_wconf 88' lang='lat' dir='ltr'><strong>undecim,</strong></span> <span class='ocrx_word' id='word_1_149' title='bbox 1308 1129 1367 1182; x_wconf 90' lang='lat' dir='ltr'><strong>et</strong></span> <span class='ocrx_word' id='word_1_150' title='bbox 1395 1142 1632 1185; x_wconf 90' lang='lat' dir='ltr'><strong>omnem</strong></span> <span class='ocrx_word' id='word_1_151' title='bbox 1665 1125 1961 1187; x_wconf 89' lang='lat' dir='ltr'><strong>reducens</strong></span> <span class='ocrx_word' id='word_1_152' title='bbox 2042 1138 2255 1200; x_wconf 89' lang='lat' dir='ltr'><strong>panem</strong></span> <span class='ocrx_word' id='word_1_153' title='bbox 2277 1120 2575 1184; x_wconf 87' lang='lat' dir='ltr'><strong>Christum</strong></span> <span class='ocrx_word' id='word_1_154' title='bbox 2601 1123 2767 1197; x_wconf 84' lang='lat' dir='ltr'><strong>dixit,</strong></span> <span class='ocrx_word' id='word_1_155' title='bbox 2796 1133 2856 1186; x_wconf 90' lang='lat' dir='ltr'><strong>et</strong></span> <span class='ocrx_word' id='word_1_156' title='bbox 2879 1144 2997 1185; x_wconf 90' lang='lat' dir='ltr'><strong>non</strong></span> <span class='ocrx_word' id='word_1_157' title='bbox 3020 1144 3305 1205; x_wconf 88' lang='lat' dir='ltr'><strong>azymum.</strong></span> <span class='ocrx_word' id='word_1_158' title='bbox 3350 1124 3485 1186; x_wconf 84' lang='lat' dir='ltr'><strong>Non</strong></span> <span class='ocrx_word' id='word_1_159' title='bbox 3533 1125 3774 1185; x_wconf 82' lang='lat' dir='ltr'><strong>enim</strong></span> 
     </span>
    </p>
   </div>
   <div class='ocr_carea' id='block_1_22' title="bbox 309 1207 1958 1291">
    <p class='ocr_par' dir='ltr' id='par_1_22' title="bbox 309 1207 1958 1291">
     <span class='ocr_line' id='line_1_22' title="bbox 309 1207 1958 1291; baseline 0.004 -22"><span class='ocrx_word' id='word_1_160' title='bbox 309 1207 634 1270; x_wconf 88' lang='lat' dir='ltr'><strong>Ecclesiam</strong></span> <span class='ocrx_word' id='word_1_161' title='bbox 687 1209 956 1271; x_wconf 85' lang='lat' dir='ltr'><strong>ﬁdelium</strong></span> <span class='ocrx_word' id='word_1_162' title='bbox 997 1210 1058 1270; x_wconf 91' lang='lat' dir='ltr'><strong>in</strong></span> <span class='ocrx_word' id='word_1_163' title='bbox 1106 1210 1403 1287; x_wconf 87' lang='lat' dir='ltr'><strong>ordinem,</strong></span> <span class='ocrx_word' id='word_1_164' title='bbox 1429 1211 1490 1272; x_wconf 92' lang='lat' dir='ltr'><strong>in</strong></span> <span class='ocrx_word' id='word_1_165' title='bbox 1525 1216 1958 1291; x_wconf 88' lang='lat' dir='ltr'><strong>septuagesimo</strong></span> 
     </span>
    </p>
   </div>
   <div class='ocr_carea' id='block_1_23' title="bbox 310 1298 1959 1381">
    <p class='ocr_par' dir='ltr' id='par_1_23' title="bbox 310 1298 1959 1381">
     <span class='ocr_line' id='line_1_23' title="bbox 310 1298 1959 1381; baseline 0.004 -24"><span class='ocrx_word' id='word_1_166' title='bbox 310 1313 561 1377; x_wconf 90' lang='lat' dir='ltr'><strong>canone,</strong></span> <span class='ocrx_word' id='word_1_167' title='bbox 586 1315 719 1358; x_wconf 92' lang='lat' dir='ltr'><strong>cum</strong></span> <span class='ocrx_word' id='word_1_168' title='bbox 756 1298 1370 1361; x_wconf 77' lang='lat' dir='ltr'><strong>excommunicatione</strong></span> <span class='ocrx_word' id='word_1_169' title='bbox 1403 1302 1783 1381; x_wconf 66' lang='lat' dir='ltr'><strong>prazcepisset</strong></span> <span class='ocrx_word' id='word_1_170' title='bbox 1826 1323 1959 1364; x_wconf 92' lang='lat' dir='ltr'><strong>om-</strong></span> 
     </span>
    </p>
   </div>
   <div class='ocr_carea' id='block_1_24' title="bbox 312 1384 1964 1465">
    <p class='ocr_par' dir='ltr' id='par_1_24' title="bbox 312 1384 1964 1465">
     <span class='ocr_line' id='line_1_24' title="bbox 312 1384 1964 1465; baseline 0.003 -18"><span class='ocrx_word' id='word_1_171' title='bbox 312 1384 871 1465; x_wconf 90' lang='lat' dir='ltr'><strong>nibus,hujusmodi</strong></span> <span class='ocrx_word' id='word_1_172' title='bbox 894 1405 1130 1448; x_wconf 90' lang='lat' dir='ltr'><strong>causam</strong></span> <span class='ocrx_word' id='word_1_173' title='bbox 1152 1406 1186 1449; x_wconf 91' lang='lat' dir='ltr'><strong>a</strong></span> <span class='ocrx_word' id='word_1_174' title='bbox 1202 1387 1425 1450; x_wconf 84' lang='lat' dir='ltr'><strong>Judacis</strong></span> <span class='ocrx_word' id='word_1_175' title='bbox 1453 1390 1790 1452; x_wconf 88' lang='lat' dir='ltr'><strong>nullatenus</strong></span> <span class='ocrx_word' id='word_1_176' title='bbox 1812 1393 1964 1454; x_wconf 89' lang='lat' dir='ltr'><strong>acci-</strong></span> 
     </span>
    </p>
   </div>
   <div class='ocr_carea' id='block_1_25' title="bbox 314 1473 1960 1559">
    <p class='ocr_par' dir='ltr' id='par_1_25' title="bbox 314 1473 1960 1559">
     <span class='ocr_line' id='line_1_25' title="bbox 314 1473 1960 1559; baseline 0.005 -25"><span class='ocrx_word' id='word_1_177' title='bbox 314 1476 403 1556; x_wconf 88' lang='lat' dir='ltr'><strong>pi:</strong></span> <span class='ocrx_word' id='word_1_178' title='bbox 432 1473 688 1555; x_wconf 83' lang='lat' dir='ltr'><strong>«Siquis</strong></span> <span class='ocrx_word' id='word_1_179' title='bbox 707 1475 1044 1558; x_wconf 89' lang='lat' dir='ltr'><strong>episcopus,</strong></span> <span class='ocrx_word' id='word_1_180' title='bbox 1068 1486 1168 1539; x_wconf 91' lang='lat' dir='ltr'><strong>aut</strong></span> <span class='ocrx_word' id='word_1_181' title='bbox 1190 1478 1517 1559; x_wconf 80' lang='lat' dir='ltr'><strong>presbyter,</strong></span> <span class='ocrx_word' id='word_1_182' title='bbox 1541 1488 1640 1541; x_wconf 90' lang='lat' dir='ltr'><strong>aut</strong></span> <span class='ocrx_word' id='word_1_183' title='bbox 1655 1480 1960 1554; x_wconf 88' lang='lat' dir='ltr'><strong>diaconus,</strong></span> 
     </span>
    </p>
   </div>
   <div class='ocr_carea' id='block_1_26' title="bbox 309 1565 1948 1647">
    <p class='ocr_par' dir='ltr' id='par_1_26' title="bbox 309 1565 1948 1647">
     <span class='ocr_line' id='line_1_26' title="bbox 309 1565 1948 1647; baseline 0.003 -23"><span class='ocrx_word' id='word_1_184' title='bbox 309 1569 411 1625; x_wconf 89' lang='lat' dir='ltr'><strong>aut</strong></span> <span class='ocrx_word' id='word_1_185' title='bbox 434 1565 676 1626; x_wconf 91' lang='lat' dir='ltr'><strong>omnino</strong></span> <span class='ocrx_word' id='word_1_186' title='bbox 702 1582 770 1626; x_wconf 85' lang='lat' dir='ltr'><strong>ex</strong></span> <span class='ocrx_word' id='word_1_187' title='bbox 794 1584 1041 1627; x_wconf 91' lang='lat' dir='ltr'><strong>numero</strong></span> <span class='ocrx_word' id='word_1_188' title='bbox 1064 1566 1415 1628; x_wconf 89' lang='lat' dir='ltr'><strong>clericorum</strong></span> <span class='ocrx_word' id='word_1_189' title='bbox 1438 1569 1793 1647; x_wconf 88' lang='lat' dir='ltr'><strong>jejunaverit</strong></span> <span class='ocrx_word' id='word_1_190' title='bbox 1813 1591 1948 1632; x_wconf 89' lang='lat' dir='ltr'><strong>cum</strong></span> 
     </span>
    </p>
   </div>
   <div class='ocr_carea' id='block_1_27' title="bbox 2045 1209 3777 1275">
    <p class='ocr_par' dir='ltr' id='par_1_27' title="bbox 2045 1209 3777 1275">
     <span class='ocr_line' id='line_1_27' title="bbox 2045 1209 3777 1275; baseline 0.002 -6"><span class='ocrx_word' id='word_1_191' title='bbox 2045 1209 2236 1270; x_wconf 90' lang='lat' dir='ltr'><strong>adhuc</strong></span> <span class='ocrx_word' id='word_1_192' title='bbox 2286 1220 2413 1272; x_wconf 89' lang='lat' dir='ltr'><strong>erat</strong></span> <span class='ocrx_word' id='word_1_193' title='bbox 2439 1220 2618 1274; x_wconf 65' lang='lat' dir='ltr'><strong>sextae</strong></span> <span class='ocrx_word' id='word_1_194' title='bbox 2659 1212 2822 1274; x_wconf 65' lang='lat' dir='ltr'><strong>feria:</strong></span> <span class='ocrx_word' id='word_1_195' title='bbox 2868 1213 3019 1274; x_wconf 88' lang='lat' dir='ltr'><strong>dies.</strong></span> <span class='ocrx_word' id='word_1_196' title='bbox 3054 1213 3252 1275; x_wconf 89' lang='lat' dir='ltr'><strong>Tertia</strong></span> <span class='ocrx_word' id='word_1_197' title='bbox 3294 1213 3538 1275; x_wconf 89' lang='lat' dir='ltr'><strong>decima</strong></span> <span class='ocrx_word' id='word_1_198' title='bbox 3589 1225 3777 1274; x_wconf 76' lang='lat' dir='ltr'><strong>erat.</strong></span> 
     </span>
    </p>
   </div>
   <div class='ocr_carea' id='block_1_28' title="bbox 2046 1297 3772 1383">
    <p class='ocr_par' dir='ltr' id='par_1_28' title="bbox 2046 1297 3772 1383">
     <span class='ocr_line' id='line_1_28' title="bbox 2046 1297 3772 1383; baseline 0.004 -27"><span class='ocrx_word' id='word_1_199' title='bbox 2046 1297 2184 1357; x_wconf 88' lang='lat' dir='ltr'><strong>luna</strong></span> <span class='ocrx_word' id='word_1_200' title='bbox 2206 1298 2266 1359; x_wconf 92' lang='lat' dir='ltr'><strong>in</strong></span> <span class='ocrx_word' id='word_1_201' title='bbox 2284 1299 2385 1360; x_wconf 91' lang='lat' dir='ltr'><strong>illa</strong></span> <span class='ocrx_word' id='word_1_202' title='bbox 2405 1303 2609 1377; x_wconf 88' lang='lat' dir='ltr'><strong>quinta</strong></span> <span class='ocrx_word' id='word_1_203' title='bbox 2629 1302 2799 1375; x_wconf 88' lang='lat' dir='ltr'><strong>feria,</strong></span> <span class='ocrx_word' id='word_1_204' title='bbox 2821 1309 2877 1362; x_wconf 91' lang='lat' dir='ltr'><strong>et</strong></span> <span class='ocrx_word' id='word_1_205' title='bbox 2896 1321 3012 1364; x_wconf 89' lang='lat' dir='ltr'><strong>non</strong></span> <span class='ocrx_word' id='word_1_206' title='bbox 3027 1309 3155 1363; x_wconf 90' lang='lat' dir='ltr'><strong>erat</strong></span> <span class='ocrx_word' id='word_1_207' title='bbox 3176 1321 3463 1383; x_wconf 87' lang='lat' dir='ltr'><strong>azymum,</strong></span> <span class='ocrx_word' id='word_1_208' title='bbox 3496 1321 3772 1383; x_wconf 87' lang='lat' dir='ltr'><strong>neque</strong></span> 
     </span>
    </p>
   </div>
   <div class='ocr_carea' id='block_1_29' title="bbox 2047 1386 2877 1452">
    <p class='ocr_par' dir='ltr' id='par_1_29' title="bbox 2047 1386 2877 1452">
     <span class='ocr_line' id='line_1_29' title="bbox 2047 1386 2877 1452; baseline 0.007 -6"><span class='ocrx_word' id='word_1_209' title='bbox 2047 1386 2240 1448; x_wconf 86' lang='lat' dir='ltr'><strong>adhuc</strong></span> <span class='ocrx_word' id='word_1_210' title='bbox 2270 1387 2485 1451; x_wconf 90' lang='lat' dir='ltr'><strong>oblatio</strong></span> <span class='ocrx_word' id='word_1_211' title='bbox 2517 1390 2877 1452; x_wconf 81' lang='lat' dir='ltr'><strong>fermentati.</strong></span> 
     </span>
    </p>
   </div>
   <div class='ocr_carea' id='block_1_30' title="bbox 2129 1474 3763 1561">
    <p class='ocr_par' dir='ltr' id='par_1_30' title="bbox 2129 1474 3763 1561">
     <span class='ocr_line' id='line_1_30' title="bbox 2129 1474 3763 1561; baseline 0.004 -25"><span class='ocrx_word' id='word_1_212' title='bbox 2129 1474 2280 1537; x_wconf 89' lang='lat' dir='ltr'><strong>VIII.</strong></span> <span class='ocrx_word' id='word_1_213' title='bbox 2307 1479 2519 1558; x_wconf 87' lang='lat' dir='ltr'><strong>Azyma</strong></span> <span class='ocrx_word' id='word_1_214' title='bbox 2540 1479 2695 1540; x_wconf 90' lang='lat' dir='ltr'><strong>enim</strong></span> <span class='ocrx_word' id='word_1_215' title='bbox 2717 1480 2773 1539; x_wconf 93' lang='lat' dir='ltr'><strong>in</strong></span> <span class='ocrx_word' id='word_1_216' title='bbox 2797 1478 3238 1559; x_wconf 89' lang='lat' dir='ltr'><strong>quintadecima</strong></span> <span class='ocrx_word' id='word_1_217' title='bbox 3266 1479 3406 1542; x_wconf 90' lang='lat' dir='ltr'><strong>luna</strong></span> <span class='ocrx_word' id='word_1_218' title='bbox 3428 1499 3623 1561; x_wconf 89' lang='lat' dir='ltr'><strong>prom</strong></span> <span class='ocrx_word' id='word_1_219' title='bbox 3639 1481 3763 1542; x_wconf 88' lang='lat' dir='ltr'><strong>ul-</strong></span> 
     </span>
    </p>
   </div>
   <div class='ocr_carea' id='block_1_31' title="bbox 2034 1567 3752 1648">
    <p class='ocr_par' dir='ltr' id='par_1_31' title="bbox 2034 1567 3752 1648">
     <span class='ocr_line' id='line_1_31' title="bbox 2034 1567 3752 1648; baseline 0.002 -22"><span class='ocrx_word' id='word_1_220' title='bbox 2034 1576 2166 1644; x_wconf 87' lang='lat' dir='ltr'><strong>gala</strong></span> <span class='ocrx_word' id='word_1_221' title='bbox 2189 1577 2356 1627; x_wconf 88' lang='lat' dir='ltr'><strong>erant</strong></span> <span class='ocrx_word' id='word_1_222' title='bbox 2384 1567 2443 1628; x_wconf 92' lang='lat' dir='ltr'><strong>in</strong></span> <span class='ocrx_word' id='word_1_223' title='bbox 2474 1568 2625 1647; x_wconf 85' lang='lat' dir='ltr'><strong>lege,</strong></span> <span class='ocrx_word' id='word_1_224' title='bbox 2653 1579 2713 1629; x_wconf 90' lang='lat' dir='ltr'><strong>ut</strong></span> <span class='ocrx_word' id='word_1_225' title='bbox 2737 1568 2795 1629; x_wconf 89' lang='lat' dir='ltr'><strong>in</strong></span> <span class='ocrx_word' id='word_1_226' title='bbox 2833 1568 3279 1648; x_wconf 88' lang='lat' dir='ltr'><strong>quartadecima</strong></span> <span class='ocrx_word' id='word_1_227' title='bbox 3321 1569 3418 1630; x_wconf 92' lang='lat' dir='ltr'><strong>die</strong></span> <span class='ocrx_word' id='word_1_228' title='bbox 3455 1571 3532 1630; x_wconf 89' lang='lat' dir='ltr'><strong>ad</strong></span> <span class='ocrx_word' id='word_1_229' title='bbox 3589 1588 3752 1629; x_wconf 78' lang='lat' dir='ltr'><strong>ve—</strong></span> 
     </span>
    </p>
   </div>
   <div class='ocr_carea' id='block_1_32' title="bbox 309 1651 3741 1739">
    <p class='ocr_par' dir='ltr' id='par_1_32' title="bbox 309 1651 3741 1739">
     <span class='ocr_line' id='line_1_32' title="bbox 309 1651 3741 1739; baseline 0.002 -25"><span class='ocrx_word' id='word_1_230' title='bbox 309 1651 598 1730; x_wconf 83' lang='lat' dir='ltr'><strong>Hebraeis,</strong></span> <span class='ocrx_word' id='word_1_231' title='bbox 622 1661 719 1714; x_wconf 90' lang='lat' dir='ltr'><strong>aut</strong></span> <span class='ocrx_word' id='word_1_232' title='bbox 743 1653 1009 1733; x_wconf 89' lang='lat' dir='ltr'><strong>epulatus</strong></span> <span class='ocrx_word' id='word_1_233' title='bbox 1048 1654 1224 1716; x_wconf 90' lang='lat' dir='ltr'><strong>fuerit</strong></span> <span class='ocrx_word' id='word_1_234' title='bbox 1266 1674 1398 1716; x_wconf 89' lang='lat' dir='ltr'><strong>cum</strong></span> <span class='ocrx_word' id='word_1_235' title='bbox 1427 1657 1533 1728; x_wconf 90' lang='lat' dir='ltr'><strong>eis,</strong></span> <span class='ocrx_word' id='word_1_236' title='bbox 1562 1665 1621 1717; x_wconf 91' lang='lat' dir='ltr'><strong>et</strong></span> <span class='ocrx_word' id='word_1_237' title='bbox 1656 1658 1952 1739; x_wconf 89' lang='lat' dir='ltr'><strong>acceperit</strong></span> <span class='ocrx_word' id='word_1_238' title='bbox 1974 1690 2012 1737; x_wconf 71' lang='grc' dir='ltr'>Β</span> <span class='ocrx_word' id='word_1_239' title='bbox 2035 1672 2267 1734; x_wconf 89' lang='lat' dir='ltr'><strong>speram</strong></span> <span class='ocrx_word' id='word_1_240' title='bbox 2292 1676 2476 1732; x_wconf 87' lang='lat' dir='ltr'><strong>agnus</strong></span> <span class='ocrx_word' id='word_1_241' title='bbox 2497 1658 2929 1731; x_wconf 64' lang='lat' dir='ltr'><strong>immolaretur,</strong></span> <span class='ocrx_word' id='word_1_242' title='bbox 2962 1666 3017 1717; x_wconf 90' lang='lat' dir='ltr'><strong>et</strong></span> <span class='ocrx_word' id='word_1_243' title='bbox 3036 1658 3098 1717; x_wconf 91' lang='lat' dir='ltr'><strong>in</strong></span> <span class='ocrx_word' id='word_1_244' title='bbox 3120 1658 3573 1737; x_wconf 84' lang='lat' dir='ltr'><strong>quartadecima</strong></span> <span class='ocrx_word' id='word_1_245' title='bbox 3594 1658 3741 1720; x_wconf 84' lang='lat' dir='ltr'><strong>die</strong></span> 
     </span>
    </p>
   </div>
   <div class='ocr_carea' id='block_1_33' title="bbox 305 1740 1952 1822">
    <p class='ocr_par' dir='ltr' id='par_1_33' title="bbox 305 1740 1952 1822">
     <span class='ocr_line' id='line_1_33' title="bbox 305 1740 1952 1822; baseline 0.005 -21"><span class='ocrx_word' id='word_1_246' title='bbox 305 1740 686 1803; x_wconf 87' lang='lat' dir='ltr'><strong>festivitatum</strong></span> <span class='ocrx_word' id='word_1_247' title='bbox 721 1760 928 1804; x_wconf 90' lang='lat' dir='ltr'><strong>eorum</strong></span> <span class='ocrx_word' id='word_1_248' title='bbox 956 1762 1225 1820; x_wconf 91' lang='lat' dir='ltr'><strong>munera,</strong></span> <span class='ocrx_word' id='word_1_249' title='bbox 1253 1753 1317 1804; x_wconf 91' lang='lat' dir='ltr'><strong>ut</strong></span> <span class='ocrx_word' id='word_1_250' title='bbox 1349 1753 1484 1805; x_wconf 90' lang='lat' dir='ltr'><strong>sunt</strong></span> <span class='ocrx_word' id='word_1_251' title='bbox 1513 1764 1715 1822; x_wconf 84' lang='lat' dir='ltr'><strong>azyma</strong></span> <span class='ocrx_word' id='word_1_252' title='bbox 1732 1757 1830 1809; x_wconf 88' lang='lat' dir='ltr'><strong>aut</strong></span> <span class='ocrx_word' id='word_1_253' title='bbox 1849 1749 1952 1810; x_wconf 89' lang='lat' dir='ltr'><strong>ali-</strong></span> 
     </span>
    </p>
   </div>
   <div class='ocr_carea' id='block_1_34' title="bbox 312 1830 1949 1913">
    <p class='ocr_par' dir='ltr' id='par_1_34' title="bbox 312 1830 1949 1913">
     <span class='ocr_line' id='line_1_34' title="bbox 312 1830 1949 1913; baseline 0.004 -21"><span class='ocrx_word' id='word_1_254' title='bbox 312 1830 452 1911; x_wconf 94' lang='lat' dir='ltr'><strong>quid</strong></span> <span class='ocrx_word' id='word_1_255' title='bbox 488 1830 852 1911; x_wconf 87' lang='lat' dir='ltr'><strong>hujusmodi,</strong></span> <span class='ocrx_word' id='word_1_256' title='bbox 902 1831 1266 1913; x_wconf 88' lang='lat' dir='ltr'><strong>deponatur:</strong></span> <span class='ocrx_word' id='word_1_257' title='bbox 1295 1834 1345 1895; x_wconf 89' lang='lat' dir='ltr'><strong>si</strong></span> <span class='ocrx_word' id='word_1_258' title='bbox 1376 1842 1571 1896; x_wconf 90' lang='lat' dir='ltr'><strong>autem</strong></span> <span class='ocrx_word' id='word_1_259' title='bbox 1604 1836 1809 1912; x_wconf 74' lang='lat' dir='ltr'><strong>laicus,</strong></span> <span class='ocrx_word' id='word_1_260' title='bbox 1852 1858 1949 1899; x_wconf 90' lang='lat' dir='ltr'><strong>se-</strong></span> 
     </span>
    </p>
   </div>
   <div class='ocr_carea' id='block_1_35' title="bbox 310 1926 728 1999">
    <p class='ocr_par' dir='ltr' id='par_1_35' title="bbox 310 1926 728 1999">
     <span class='ocr_line' id='line_1_35' title="bbox 310 1926 728 1999; baseline -0.01 -20"><span class='ocrx_word' id='word_1_261' title='bbox 310 1926 670 1999; x_wconf 88' lang='lat' dir='ltr'><strong>questretur.</strong></span> <span class='ocrx_word' id='word_1_262' title='bbox 705 1945 728 1975; x_wconf 77' lang='grc' dir='ltr'><strong>υ</strong></span> 
     </span>
    </p>
   </div>
   <div class='ocr_carea' id='block_1_36' title="bbox 390 2006 1950 2083">
    <p class='ocr_par' dir='ltr' id='par_1_36' title="bbox 390 2006 1950 2083">
     <span class='ocr_line' id='line_1_36' title="bbox 390 2006 1950 2083; baseline 0.005 -14"><span class='ocrx_word' id='word_1_263' title='bbox 390 2006 484 2072; x_wconf 89' lang='lat' dir='ltr'><strong>VI.</strong></span> <span class='ocrx_word' id='word_1_264' title='bbox 508 2008 574 2069; x_wconf 89' lang='lat' dir='ltr'><strong>Si</strong></span> <span class='ocrx_word' id='word_1_265' title='bbox 602 2015 801 2071; x_wconf 90' lang='lat' dir='ltr'><strong>autem</strong></span> <span class='ocrx_word' id='word_1_266' title='bbox 822 2007 1019 2070; x_wconf 90' lang='lat' dir='ltr'><strong>dicitis</strong></span> <span class='ocrx_word' id='word_1_267' title='bbox 1041 2026 1055 2071; x_wconf 86' lang='lat'><strong>:</strong></span> <span class='ocrx_word' id='word_1_268' title='bbox 1082 2009 1234 2083; x_wconf 89' lang='lat' dir='ltr'><strong>Quia</strong></span> <span class='ocrx_word' id='word_1_269' title='bbox 1255 2008 1326 2071; x_wconf 92' lang='lat' dir='ltr'><strong>ab</strong></span> <span class='ocrx_word' id='word_1_270' title='bbox 1351 2008 1619 2075; x_wconf 67' lang='lat' dir='ltr'><strong>Hebrmis</strong></span> <span class='ocrx_word' id='word_1_271' title='bbox 1651 2034 1766 2076; x_wconf 89' lang='lat' dir='ltr'><strong>non</strong></span> <span class='ocrx_word' id='word_1_272' title='bbox 1789 2018 1950 2077; x_wconf 92' lang='lat' dir='ltr'><strong>acci-</strong></span> 
     </span>
    </p>
   </div>
   <div class='ocr_carea' id='block_1_37' title="bbox 308 2095 1950 2178">
    <p class='ocr_par' dir='ltr' id='par_1_37' title="bbox 308 2095 1950 2178">
     <span class='ocr_line' id='line_1_37' title="bbox 308 2095 1950 2178; baseline 0.007 -21"><span class='ocrx_word' id='word_1_273' title='bbox 308 2095 646 2178; x_wconf 85' lang='lat' dir='ltr'><strong>pimus,sed</strong></span> <span class='ocrx_word' id='word_1_274' title='bbox 666 2096 827 2158; x_wconf 92' lang='lat' dir='ltr'><strong>domi</strong></span> <span class='ocrx_word' id='word_1_275' title='bbox 849 2097 1043 2158; x_wconf 70' lang='lat' dir='ltr'><strong>facere</strong></span> <span class='ocrx_word' id='word_1_276' title='bbox 1065 2099 1501 2175; x_wconf 84' lang='lat' dir='ltr'><strong>consuevimus;</strong></span> <span class='ocrx_word' id='word_1_277' title='bbox 1525 2120 1630 2163; x_wconf 92' lang='lat' dir='ltr'><strong>cur</strong></span> <span class='ocrx_word' id='word_1_278' title='bbox 1652 2103 1763 2164; x_wconf 91' lang='lat' dir='ltr'><strong>hoc</strong></span> <span class='ocrx_word' id='word_1_279' title='bbox 1782 2103 1811 2163; x_wconf 87' lang='lat'><strong>?</strong></span> <span class='ocrx_word' id='word_1_280' title='bbox 1830 2104 1950 2168; x_wconf 91' lang='lat' dir='ltr'><strong>sive</strong></span> 
     </span>
    </p>
   </div>
   <div class='ocr_carea' id='block_1_38' title="bbox 307 2182 1949 2270">
    <p class='ocr_par' dir='ltr' id='par_1_38' title="bbox 307 2182 1949 2270">
     <span class='ocr_line' id='line_1_38' title="bbox 307 2182 1949 2270; baseline 0.005 -24"><span class='ocrx_word' id='word_1_281' title='bbox 307 2184 381 2246; x_wconf 93' lang='lat' dir='ltr'><strong>ab</strong></span> <span class='ocrx_word' id='word_1_282' title='bbox 402 2185 521 2247; x_wconf 91' lang='lat' dir='ltr'><strong>illis</strong></span> <span class='ocrx_word' id='word_1_283' title='bbox 540 2182 863 2266; x_wconf 90' lang='lat' dir='ltr'><strong>accipiatis,</strong></span> <span class='ocrx_word' id='word_1_284' title='bbox 890 2189 1013 2247; x_wconf 87' lang='lat' dir='ltr'><strong>sive</strong></span> <span class='ocrx_word' id='word_1_285' title='bbox 1031 2185 1192 2247; x_wconf 91' lang='lat' dir='ltr'><strong>domi</strong></span> <span class='ocrx_word' id='word_1_286' title='bbox 1213 2186 1460 2263; x_wconf 85' lang='lat' dir='ltr'><strong>faciatis,</strong></span> <span class='ocrx_word' id='word_1_287' title='bbox 1486 2208 1683 2270; x_wconf 84' lang='lat' dir='ltr'><strong>azyma</strong></span> <span class='ocrx_word' id='word_1_288' title='bbox 1704 2202 1859 2255; x_wconf 91' lang='lat' dir='ltr'><strong>sunt.</strong></span> <span class='ocrx_word' id='word_1_289' title='bbox 1878 2193 1949 2255; x_wconf 87' lang='lat' dir='ltr'><strong>Et</strong></span> 
     </span>
    </p>
   </div>
   <div class='ocr_carea' id='block_1_39' title="bbox 300 2273 1944 2361">
    <p class='ocr_par' dir='ltr' id='par_1_39' title="bbox 300 2273 1944 2361">
     <span class='ocr_line' id='line_1_39' title="bbox 300 2273 1944 2361; baseline 0.006 -27"><span class='ocrx_word' id='word_1_290' title='bbox 300 2273 469 2354; x_wconf 82' lang='lat' dir='ltr'><strong>juxta</strong></span> <span class='ocrx_word' id='word_1_291' title='bbox 507 2274 621 2337; x_wconf 87' lang='lat' dir='ltr'><strong>hoc</strong></span> <span class='ocrx_word' id='word_1_292' title='bbox 660 2274 991 2353; x_wconf 80' lang='lat' dir='ltr'><strong>graviorem</strong></span> <span class='ocrx_word' id='word_1_293' title='bbox 1032 2292 1267 2354; x_wconf 66' lang='lat' dir='ltr'><strong>poenam</strong></span> <span class='ocrx_word' id='word_1_294' title='bbox 1304 2277 1620 2354; x_wconf 89' lang='lat' dir='ltr'><strong>habebitis,</strong></span> <span class='ocrx_word' id='word_1_295' title='bbox 1666 2284 1944 2361; x_wconf 89' lang='lat' dir='ltr'><strong>quoniam</strong></span> 
     </span>
    </p>
   </div>
   <div class='ocr_carea' id='block_1_40' title="bbox 2035 1743 3726 1827">
    <p class='ocr_par' dir='ltr' id='par_1_40' title="bbox 2035 1743 3726 1827">
     <span class='ocr_line' id='line_1_40' title="bbox 2035 1743 3726 1827; baseline 0.004 -24"><span class='ocrx_word' id='word_1_296' title='bbox 2035 1743 2188 1805; x_wconf 71' lang='lat' dir='ltr'><strong>lunae</strong></span> <span class='ocrx_word' id='word_1_297' title='bbox 2208 1746 2380 1824; x_wconf 87' lang='lat' dir='ltr'><strong>primi</strong></span> <span class='ocrx_word' id='word_1_298' title='bbox 2408 1746 2626 1806; x_wconf 88' lang='lat' dir='ltr'><strong>mensis</strong></span> <span class='ocrx_word' id='word_1_299' title='bbox 2652 1748 2872 1808; x_wconf 79' lang='lat' dir='ltr'><strong>Pascha</strong></span> <span class='ocrx_word' id='word_1_300' title='bbox 2905 1746 3358 1827; x_wconf 85' lang='lat' dir='ltr'><strong>appellaretlex,</strong></span> <span class='ocrx_word' id='word_1_301' title='bbox 3379 1748 3726 1826; x_wconf 87' lang='lat' dir='ltr'><strong>quintam-</strong></span> 
     </span>
    </p>
   </div>
   <div class='ocr_carea' id='block_1_41' title="bbox 2034 1832 3728 1914">
    <p class='ocr_par' dir='ltr' id='par_1_41' title="bbox 2034 1832 3728 1914">
     <span class='ocr_line' id='line_1_41' title="bbox 2034 1832 3728 1914; baseline 0.004 -22"><span class='ocrx_word' id='word_1_302' title='bbox 2034 1832 2325 1894; x_wconf 89' lang='lat' dir='ltr'><strong>decimam</strong></span> <span class='ocrx_word' id='word_1_303' title='bbox 2346 1834 2502 1895; x_wconf 88' lang='lat' dir='ltr'><strong>diem</strong></span> <span class='ocrx_word' id='word_1_304' title='bbox 2530 1835 2781 1913; x_wconf 90' lang='lat' dir='ltr'><strong>primum</strong></span> <span class='ocrx_word' id='word_1_305' title='bbox 2803 1854 3134 1914; x_wconf 81' lang='lat' dir='ltr'><strong>azymorum</strong></span> <span class='ocrx_word' id='word_1_306' title='bbox 3155 1833 3555 1899; x_wconf 85' lang='lat' dir='ltr'><strong>etSabbatum</strong></span> <span class='ocrx_word' id='word_1_307' title='bbox 3581 1856 3728 1898; x_wconf 90' lang='lat' dir='ltr'><strong>no—</strong></span> 
     </span>
    </p>
   </div>
   <div class='ocr_carea' id='block_1_42' title="bbox 2034 1922 3728 2002">
    <p class='ocr_par' dir='ltr' id='par_1_42' title="bbox 2034 1922 3728 2002">
     <span class='ocr_line' id='line_1_42' title="bbox 2034 1922 3728 2002; baseline 0.004 -21"><span class='ocrx_word' id='word_1_308' title='bbox 2034 1929 2221 1984; x_wconf 90' lang='lat' dir='ltr'><strong>naret.</strong></span> <span class='ocrx_word' id='word_1_309' title='bbox 2261 1922 2412 1983; x_wconf 87' lang='lat' dir='ltr'><strong>Proh</strong></span> <span class='ocrx_word' id='word_1_310' title='bbox 2457 1923 2628 1983; x_wconf 89' lang='lat' dir='ltr'><strong>dolor</strong></span> <span class='ocrx_word' id='word_1_311' title='bbox 2683 1922 3085 2002; x_wconf 76' lang='lat' dir='ltr'><strong>insipientiam</strong></span> <span class='ocrx_word' id='word_1_312' title='bbox 3127 1923 3589 1986; x_wconf 84' lang='lat' dir='ltr'><strong>illiteratorum!</strong></span> <span class='ocrx_word' id='word_1_313' title='bbox 3620 1924 3728 1986; x_wconf 86' lang='lat' dir='ltr'><strong>Et</strong></span> 
     </span>
    </p>
   </div>
   <div class='ocr_carea' id='block_1_43' title="bbox 2033 2010 3717 2091">
    <p class='ocr_par' dir='ltr' id='par_1_43' title="bbox 2033 2010 3717 2091">
     <span class='ocr_line' id='line_1_43' title="bbox 2033 2010 3717 2091; baseline 0.001 -19"><span class='ocrx_word' id='word_1_314' title='bbox 2033 2031 2150 2072; x_wconf 91' lang='lat' dir='ltr'><strong>non</strong></span> <span class='ocrx_word' id='word_1_315' title='bbox 2169 2020 2294 2072; x_wconf 88' lang='lat' dir='ltr'><strong>erat</strong></span> <span class='ocrx_word' id='word_1_316' title='bbox 2314 2030 2512 2091; x_wconf 82' lang='lat' dir='ltr'><strong>azyma</strong></span> <span class='ocrx_word' id='word_1_317' title='bbox 2534 2011 2592 2072; x_wconf 92' lang='lat' dir='ltr'><strong>in</strong></span> <span class='ocrx_word' id='word_1_318' title='bbox 2617 2010 2819 2091; x_wconf 89' lang='lat' dir='ltr'><strong>quinta</strong></span> <span class='ocrx_word' id='word_1_319' title='bbox 2849 2011 3016 2089; x_wconf 90' lang='lat' dir='ltr'><strong>feria,</strong></span> <span class='ocrx_word' id='word_1_320' title='bbox 3045 2031 3177 2072; x_wconf 93' lang='lat' dir='ltr'><strong>cum</strong></span> <span class='ocrx_word' id='word_1_321' title='bbox 3198 2020 3355 2073; x_wconf 88' lang='lat' dir='ltr'><strong>esset</strong></span> <span class='ocrx_word' id='word_1_322' title='bbox 3388 2011 3529 2073; x_wconf 89' lang='lat' dir='ltr'><strong>luna</strong></span> <span class='ocrx_word' id='word_1_323' title='bbox 3550 2021 3717 2074; x_wconf 83' lang='lat' dir='ltr'><strong>ter-</strong></span> 
     </span>
    </p>
   </div>
   <div class='ocr_carea' id='block_1_44' title="bbox 2034 2100 3705 2180">
    <p class='ocr_par' dir='ltr' id='par_1_44' title="bbox 2034 2100 3705 2180">
     <span class='ocr_line' id='line_1_44' title="bbox 2034 2100 3705 2180; baseline 0.001 -20"><span class='ocrx_word' id='word_1_324' title='bbox 2034 2100 2367 2173; x_wconf 87' lang='lat' dir='ltr'><strong>tiadecima,</strong></span> <span class='ocrx_word' id='word_1_325' title='bbox 2393 2108 2450 2160; x_wconf 89' lang='lat' dir='ltr'><strong>et</strong></span> <span class='ocrx_word' id='word_1_326' title='bbox 2482 2119 2598 2160; x_wconf 90' lang='lat' dir='ltr'><strong>non</strong></span> <span class='ocrx_word' id='word_1_327' title='bbox 2630 2100 3088 2179; x_wconf 80' lang='lat' dir='ltr'><strong>quartadecima.</strong></span> <span class='ocrx_word' id='word_1_328' title='bbox 3122 2100 3462 2161; x_wconf 89' lang='lat' dir='ltr'><strong>Secundum</strong></span> <span class='ocrx_word' id='word_1_329' title='bbox 3494 2101 3705 2180; x_wconf 84' lang='lat' dir='ltr'><strong>quin-</strong></span> 
     </span>
    </p>
   </div>
   <div class='ocr_carea' id='block_1_45' title="bbox 2032 2188 3691 2267">
    <p class='ocr_par' dir='ltr' id='par_1_45' title="bbox 2032 2188 3691 2267">
     <span class='ocr_line' id='line_1_45' title="bbox 2032 2188 3691 2267; baseline 0 -17"><span class='ocrx_word' id='word_1_330' title='bbox 2032 2197 2147 2250; x_wconf 89' lang='lat' dir='ltr'><strong>tam</strong></span> <span class='ocrx_word' id='word_1_331' title='bbox 2179 2188 2471 2249; x_wconf 91' lang='lat' dir='ltr'><strong>decimam</strong></span> <span class='ocrx_word' id='word_1_332' title='bbox 2495 2189 2696 2249; x_wconf 88' lang='lat' dir='ltr'><strong>lunam</strong></span> <span class='ocrx_word' id='word_1_333' title='bbox 2729 2188 2919 2249; x_wconf 86' lang='lat' dir='ltr'><strong>fuerat</strong></span> <span class='ocrx_word' id='word_1_334' title='bbox 2938 2188 3271 2249; x_wconf 72' lang='lat' dir='ltr'><strong>inSIitutum</strong></span> <span class='ocrx_word' id='word_1_335' title='bbox 3296 2206 3495 2267; x_wconf 87' lang='lat' dir='ltr'><strong>azyma</strong></span> <span class='ocrx_word' id='word_1_336' title='bbox 3512 2189 3647 2250; x_wconf 83' lang='lat' dir='ltr'><strong>ﬁeri</strong></span> <span class='ocrx_word' id='word_1_337' title='bbox 3668 2240 3691 2264; x_wconf 92' lang='lat'><strong>,</strong></span> 
     </span>
    </p>
   </div>
   <div class='ocr_carea' id='block_1_46' title="bbox 2030 2276 3686 2357">
    <p class='ocr_par' dir='ltr' id='par_1_46' title="bbox 2030 2276 3686 2357">
     <span class='ocr_line' id='line_1_46' title="bbox 2030 2276 3686 2357; baseline 0 -19"><span class='ocrx_word' id='word_1_338' title='bbox 2030 2277 2182 2339; x_wconf 91' lang='lat' dir='ltr'><strong>sicut</strong></span> <span class='ocrx_word' id='word_1_339' title='bbox 2209 2286 2269 2338; x_wconf 90' lang='lat' dir='ltr'><strong>et</strong></span> <span class='ocrx_word' id='word_1_340' title='bbox 2310 2295 2494 2355; x_wconf 90' lang='lat' dir='ltr'><strong>agnus</strong></span> <span class='ocrx_word' id='word_1_341' title='bbox 2531 2277 2602 2337; x_wconf 88' lang='lat' dir='ltr'><strong>ad</strong></span> <span class='ocrx_word' id='word_1_342' title='bbox 2636 2295 2940 2356; x_wconf 88' lang='lat' dir='ltr'><strong>vesperam</strong></span> <span class='ocrx_word' id='word_1_343' title='bbox 2984 2276 3463 2357; x_wconf 67' lang='lat' dir='ltr'><strong>quartzedecimaa</strong></span> <span class='ocrx_word' id='word_1_344' title='bbox 3548 2277 3686 2339; x_wconf 85' lang='lat' dir='ltr'><strong>diei</strong></span> 
     </span>
    </p>
   </div>
   <div class='ocr_carea' id='block_1_47' title="bbox 307 2362 3679 2446">
    <p class='ocr_par' dir='ltr' id='par_1_47' title="bbox 307 2362 3679 2446">
     <span class='ocr_line' id='line_1_47' title="bbox 307 2362 3679 2446; baseline 0.001 -23"><span class='ocrx_word' id='word_1_345' title='bbox 307 2362 645 2445; x_wconf 89' lang='lat' dir='ltr'><strong>relinquitis</strong></span> <span class='ocrx_word' id='word_1_346' title='bbox 661 2381 836 2443; x_wconf 89' lang='lat' dir='ltr'><strong>agere</strong></span> <span class='ocrx_word' id='word_1_347' title='bbox 857 2382 987 2444; x_wconf 64' lang='lat' dir='ltr'><strong>quae</strong></span> <span class='ocrx_word' id='word_1_348' title='bbox 1014 2364 1182 2444; x_wconf 90' lang='lat' dir='ltr'><strong>jussa</strong></span> <span class='ocrx_word' id='word_1_349' title='bbox 1200 2367 1520 2429; x_wconf 91' lang='lat' dir='ltr'><strong>suntvobis</strong></span> <span class='ocrx_word' id='word_1_350' title='bbox 1560 2387 1593 2429; x_wconf 90' lang='lat' dir='ltr'><strong>a</strong></span> <span class='ocrx_word' id='word_1_351' title='bbox 1632 2370 1861 2433; x_wconf 86' lang='lat' dir='ltr'><strong>Christo</strong></span> <span class='ocrx_word' id='word_1_352' title='bbox 1892 2380 1950 2433; x_wconf 90' lang='lat' dir='ltr'><strong>et</strong></span> <span class='ocrx_word' id='word_1_353' title='bbox 2023 2367 2254 2446; x_wconf 88' lang='lat' dir='ltr'><strong>jussum</strong></span> <span class='ocrx_word' id='word_1_354' title='bbox 2285 2365 2746 2445; x_wconf 88' lang='lat' dir='ltr'><strong>esseimmolari,</strong></span> <span class='ocrx_word' id='word_1_355' title='bbox 2777 2365 3101 2426; x_wconf 88' lang='lat' dir='ltr'><strong>secundum</strong></span> <span class='ocrx_word' id='word_1_356' title='bbox 3126 2384 3301 2445; x_wconf 86' lang='lat' dir='ltr'><strong>quam</strong></span> <span class='ocrx_word' id='word_1_357' title='bbox 3331 2365 3679 2427; x_wconf 89' lang='lat' dir='ltr'><strong>immolatus</strong></span> 
     </span>
    </p>
   </div>
   <div class='ocr_carea' id='block_1_48' title="bbox 313 2451 1949 2537">
    <p class='ocr_par' dir='ltr' id='par_1_48' title="bbox 313 2451 1949 2537">
     <span class='ocr_line' id='line_1_48' title="bbox 313 2451 1949 2537; baseline 0.004 -22"><span class='ocrx_word' id='word_1_358' title='bbox 313 2451 610 2533; x_wconf 86' lang='lat' dir='ltr'><strong>Apostolis</strong></span> <span class='ocrx_word' id='word_1_359' title='bbox 625 2452 1130 2534; x_wconf 90' lang='lat' dir='ltr'><strong>ipsius,facientes</strong></span> <span class='ocrx_word' id='word_1_360' title='bbox 1148 2455 1301 2516; x_wconf 92' lang='lat' dir='ltr'><strong>velut</strong></span> <span class='ocrx_word' id='word_1_361' title='bbox 1325 2455 1410 2516; x_wconf 92' lang='lat' dir='ltr'><strong>illi</strong></span> <span class='ocrx_word' id='word_1_362' title='bbox 1433 2456 1530 2537; x_wconf 90' lang='lat' dir='ltr'><strong>qui</strong></span> <span class='ocrx_word' id='word_1_363' title='bbox 1548 2457 1657 2519; x_wconf 91' lang='lat' dir='ltr'><strong>sub</strong></span> <span class='ocrx_word' id='word_1_364' title='bbox 1669 2459 1949 2522; x_wconf 90' lang='lat' dir='ltr'><strong>servitute</strong></span> 
     </span>
    </p>
   </div>
   <div class='ocr_carea' id='block_1_49' title="bbox 309 2541 1953 2622">
    <p class='ocr_par' dir='ltr' id='par_1_49' title="bbox 309 2541 1953 2622">
     <span class='ocr_line' id='line_1_49' title="bbox 309 2541 1953 2622; baseline 0.004 -19"><span class='ocrx_word' id='word_1_365' title='bbox 309 2541 461 2619; x_wconf 82' lang='lat' dir='ltr'><strong>legis</strong></span> <span class='ocrx_word' id='word_1_366' title='bbox 476 2542 837 2622; x_wconf 88' lang='lat' dir='ltr'><strong>sunt,qualia</strong></span> <span class='ocrx_word' id='word_1_367' title='bbox 852 2541 1035 2605; x_wconf 74' lang='lat' dir='ltr'><strong>Judaei</strong></span> <span class='ocrx_word' id='word_1_368' title='bbox 1054 2541 1362 2618; x_wconf 85' lang='lat' dir='ltr'><strong>faciunt,in</strong></span> <span class='ocrx_word' id='word_1_369' title='bbox 1386 2545 1600 2607; x_wconf 87' lang='lat' dir='ltr'><strong>umbra</strong></span> <span class='ocrx_word' id='word_1_370' title='bbox 1616 2556 1673 2608; x_wconf 90' lang='lat' dir='ltr'><strong>et</strong></span> <span class='ocrx_word' id='word_1_371' title='bbox 1692 2548 1953 2611; x_wconf 81' lang='lat' dir='ltr'><strong>tenebris</strong></span> 
     </span>
    </p>
   </div>
   <div class='ocr_carea' id='block_1_50' title="bbox 314 2630 1949 2707">
    <p class='ocr_par' dir='ltr' id='par_1_50' title="bbox 314 2630 1949 2707">
     <span class='ocr_line' id='line_1_50' title="bbox 314 2630 1949 2707; baseline 0.004 -15"><span class='ocrx_word' id='word_1_372' title='bbox 314 2630 464 2707; x_wconf 80' lang='lat' dir='ltr'><strong>legis</strong></span> <span class='ocrx_word' id='word_1_373' title='bbox 485 2630 786 2707; x_wconf 86' lang='lat' dir='ltr'><strong>sedentes,</strong></span> <span class='ocrx_word' id='word_1_374' title='bbox 806 2632 1141 2693; x_wconf 82' lang='lat' dir='ltr'><strong>nullatenus</strong></span> <span class='ocrx_word' id='word_1_375' title='bbox 1167 2632 1385 2693; x_wconf 90' lang='lat' dir='ltr'><strong>dicenti</strong></span> <span class='ocrx_word' id='word_1_376' title='bbox 1411 2633 1588 2695; x_wconf 91' lang='lat' dir='ltr'><strong>Paulo</strong></span> <span class='ocrx_word' id='word_1_377' title='bbox 1610 2637 1949 2706; x_wconf 79' lang='lat' dir='ltr'><strong>credentes;</strong></span> 
     </span>
    </p>
   </div>
   <div class='ocr_carea' id='block_1_51' title="bbox 316 2720 1946 2808">
    <p class='ocr_par' dir='ltr' id='par_1_51' title="bbox 316 2720 1946 2808">
     <span class='ocr_line' id='line_1_51' title="bbox 316 2720 1946 2808; baseline 0.006 -27"><span class='ocrx_word' id='word_1_378' title='bbox 316 2720 1024 2808; x_wconf 56' lang='lat' dir='ltr'><strong>aFratres,unusquisque</strong></span> <span class='ocrx_word' id='word_1_379' title='bbox 1046 2720 1108 2781; x_wconf 91' lang='lat' dir='ltr'><strong>in</strong></span> <span class='ocrx_word' id='word_1_380' title='bbox 1126 2738 1195 2781; x_wconf 92' lang='lat' dir='ltr'><strong>eo</strong></span> <span class='ocrx_word' id='word_1_381' title='bbox 1208 2722 1416 2784; x_wconf 86' lang='lat' dir='ltr'><strong>ordine</strong></span> <span class='ocrx_word' id='word_1_382' title='bbox 1436 2743 1552 2803; x_wconf 90' lang='lat' dir='ltr'><strong>quo</strong></span> <span class='ocrx_word' id='word_1_383' title='bbox 1576 2730 1917 2808; x_wconf 68' lang='lat' dir='ltr'><strong>vocatusjest</strong></span> <span class='ocrx_word' id='word_1_384' title='bbox 1930 2777 1946 2807; x_wconf 94' lang='lat'><strong>,</strong></span> 
     </span>
    </p>
   </div>
   <div class='ocr_carea' id='block_1_52' title="bbox 305 2805 1945 2889">
    <p class='ocr_par' dir='ltr' id='par_1_52' title="bbox 305 2805 1945 2889">
     <span class='ocr_line' id='line_1_52' title="bbox 305 2805 1945 2889; baseline 0.007 -21"><span class='ocrx_word' id='word_1_385' title='bbox 305 2805 369 2868; x_wconf 91' lang='lat' dir='ltr'><strong>in</strong></span> <span class='ocrx_word' id='word_1_386' title='bbox 390 2805 518 2887; x_wconf 92' lang='lat' dir='ltr'><strong>ipso</strong></span> <span class='ocrx_word' id='word_1_387' title='bbox 539 2815 881 2886; x_wconf 88' lang='lat' dir='ltr'><strong>permaneat</strong></span> <span class='ocrx_word' id='word_1_388' title='bbox 900 2807 962 2885; x_wconf 87' lang='grc' dir='ltr'><strong>(Ι</strong></span> <span class='ocrx_word' id='word_1_389' title='bbox 974 2806 1114 2869; x_wconf 88' lang='lat' dir='ltr'><strong>Cor.</strong></span> <span class='ocrx_word' id='word_1_390' title='bbox 1137 2826 1238 2883; x_wconf 76' lang='lat' dir='ltr'><strong>vn,</strong></span> <span class='ocrx_word' id='word_1_391' title='bbox 1268 2810 1346 2872; x_wconf 67' lang='lat'><strong>90</strong></span> <span class='ocrx_word' id='word_1_392' title='bbox 1366 2814 1566 2889; x_wconf 44' lang='lat' dir='ltr'><strong>et,24).</strong></span> <span class='ocrx_word' id='word_1_393' title='bbox 1583 2838 1603 2869; x_wconf 77' lang='grc' dir='ltr'><strong>η</strong></span> <span class='ocrx_word' id='word_1_394' title='bbox 1632 2815 1761 2877; x_wconf 88' lang='lat' dir='ltr'><strong>Non</strong></span> <span class='ocrx_word' id='word_1_395' title='bbox 1788 2805 1945 2879; x_wconf 79' lang='lat' dir='ltr'><strong>enim</strong></span> 
     </span>
    </p>
   </div>
   <div class='ocr_carea' id='block_1_53' title="bbox 307 2894 1949 2987">
    <p class='ocr_par' dir='ltr' id='par_1_53' title="bbox 307 2894 1949 2987">
     <span class='ocr_line' id='line_1_53' title="bbox 307 2894 1949 2987; baseline 0.007 -31"><span class='ocrx_word' id='word_1_396' title='bbox 307 2894 627 2987; x_wconf 76' lang='lat' dir='ltr'><strong>invenietis</strong></span> <span class='ocrx_word' id='word_1_397' title='bbox 648 2895 891 2987; x_wconf 82' lang='lat' dir='ltr'><strong>omnino</strong></span> <span class='ocrx_word' id='word_1_398' title='bbox 914 2897 974 2958; x_wconf 92' lang='lat' dir='ltr'><strong>in</strong></span> <span class='ocrx_word' id='word_1_399' title='bbox 998 2897 1195 2963; x_wconf 87' lang='lat' dir='ltr'><strong>divina</strong></span> <span class='ocrx_word' id='word_1_400' title='bbox 1211 2900 1514 2979; x_wconf 88' lang='lat' dir='ltr'><strong>Scriptura</strong></span> <span class='ocrx_word' id='word_1_401' title='bbox 1528 2907 1802 2982; x_wconf 90' lang='lat' dir='ltr'><strong>quoniam</strong></span> <span class='ocrx_word' id='word_1_402' title='bbox 1825 2926 1949 2987; x_wconf 90' lang='lat' dir='ltr'><strong>azy-</strong></span> 
     </span>
    </p>
   </div>
   <div class='ocr_carea' id='block_1_54' title="bbox 2033 2453 3668 2534">
    <p class='ocr_par' dir='ltr' id='par_1_54' title="bbox 2033 2453 3668 2534">
     <span class='ocr_line' id='line_1_54' title="bbox 2033 2453 3668 2534; baseline -0.001 -17"><span class='ocrx_word' id='word_1_403' title='bbox 2033 2463 2121 2517; x_wconf 88' lang='lat' dir='ltr'><strong>est</strong></span> <span class='ocrx_word' id='word_1_404' title='bbox 2152 2454 2438 2529; x_wconf 87' lang='lat' dir='ltr'><strong>Christus,</strong></span> <span class='ocrx_word' id='word_1_405' title='bbox 2471 2453 2671 2532; x_wconf 86' lang='lat' dir='ltr'><strong>Agnus</strong></span> <span class='ocrx_word' id='word_1_406' title='bbox 2702 2453 2829 2529; x_wconf 88' lang='lat' dir='ltr'><strong>Dei,</strong></span> <span class='ocrx_word' id='word_1_407' title='bbox 2863 2453 2963 2533; x_wconf 87' lang='lat' dir='ltr'><strong>qui</strong></span> <span class='ocrx_word' id='word_1_408' title='bbox 2995 2454 3143 2513; x_wconf 89' lang='lat' dir='ltr'><strong>tollit</strong></span> <span class='ocrx_word' id='word_1_409' title='bbox 3173 2462 3416 2534; x_wconf 89' lang='lat' dir='ltr'><strong>peccata</strong></span> <span class='ocrx_word' id='word_1_410' title='bbox 3439 2454 3668 2516; x_wconf 90' lang='lat' dir='ltr'><strong>mundi.</strong></span> 
     </span>
    </p>
   </div>
   <div class='ocr_carea' id='block_1_55' title="bbox 2036 2542 3671 2607">
    <p class='ocr_par' dir='ltr' id='par_1_55' title="bbox 2036 2542 3671 2607">
     <span class='ocr_line' id='line_1_55' title="bbox 2036 2542 3671 2607; baseline -0.002 0"><span class='ocrx_word' id='word_1_411' title='bbox 2036 2543 2099 2607; x_wconf 91' lang='lat' dir='ltr'><strong>Si</strong></span> <span class='ocrx_word' id='word_1_412' title='bbox 2121 2552 2320 2605; x_wconf 90' lang='lat' dir='ltr'><strong>autem</strong></span> <span class='ocrx_word' id='word_1_413' title='bbox 2358 2542 2628 2605; x_wconf 79' lang='lat' dir='ltr'><strong>Christus</strong></span> <span class='ocrx_word' id='word_1_414' title='bbox 2669 2542 3006 2603; x_wconf 89' lang='lat' dir='ltr'><strong>immolatus</strong></span> <span class='ocrx_word' id='word_1_415' title='bbox 3057 2551 3142 2603; x_wconf 90' lang='lat' dir='ltr'><strong>est</strong></span> <span class='ocrx_word' id='word_1_416' title='bbox 3174 2553 3234 2602; x_wconf 85' lang='lat' dir='ltr'><strong>et</strong></span> <span class='ocrx_word' id='word_1_417' title='bbox 3263 2542 3582 2605; x_wconf 78' lang='lat' dir='ltr'><strong>cruciﬁxus</strong></span> <span class='ocrx_word' id='word_1_418' title='bbox 3613 2544 3671 2604; x_wconf 91' lang='lat' dir='ltr'><strong>in</strong></span> 
     </span>
    </p>
   </div>
   <div class='ocr_carea' id='block_1_56' title="bbox 2038 2630 3667 2713">
    <p class='ocr_par' dir='ltr' id='par_1_56' title="bbox 2038 2630 3667 2713">
     <span class='ocr_line' id='line_1_56' title="bbox 2038 2630 3667 2713; baseline -0.001 -19"><span class='ocrx_word' id='word_1_419' title='bbox 2038 2632 2268 2694; x_wconf 90' lang='lat' dir='ltr'><strong>decima</strong></span> <span class='ocrx_word' id='word_1_420' title='bbox 2297 2640 2501 2713; x_wconf 88' lang='lat' dir='ltr'><strong>quarta</strong></span> <span class='ocrx_word' id='word_1_421' title='bbox 2537 2631 2634 2693; x_wconf 89' lang='lat' dir='ltr'><strong>die</strong></span> <span class='ocrx_word' id='word_1_422' title='bbox 2678 2632 2853 2711; x_wconf 79' lang='lat' dir='ltr'><strong>lunae,</strong></span> <span class='ocrx_word' id='word_1_423' title='bbox 2896 2631 3056 2691; x_wconf 68' lang='lat' dir='ltr'><strong>feriae</strong></span> <span class='ocrx_word' id='word_1_424' title='bbox 3089 2640 3287 2705; x_wconf 57' lang='lat' dir='ltr'><strong>sextae,</strong></span> <span class='ocrx_word' id='word_1_425' title='bbox 3323 2631 3384 2691; x_wconf 91' lang='lat' dir='ltr'><strong>in</strong></span> <span class='ocrx_word' id='word_1_426' title='bbox 3416 2630 3667 2694; x_wconf 89' lang='lat' dir='ltr'><strong>Sabbato</strong></span> 
     </span>
    </p>
   </div>
   <div class='ocr_carea' id='block_1_57' title="bbox 2036 2720 3669 2800">
    <p class='ocr_par' dir='ltr' id='par_1_57' title="bbox 2036 2720 3669 2800">
     <span class='ocr_line' id='line_1_57' title="bbox 2036 2720 3669 2800; baseline -0.001 -17"><span class='ocrx_word' id='word_1_427' title='bbox 2036 2729 2231 2783; x_wconf 91' lang='lat' dir='ltr'><strong>autem</strong></span> <span class='ocrx_word' id='word_1_428' title='bbox 2250 2721 2600 2798; x_wconf 81' lang='lat' dir='ltr'><strong>eratfestum</strong></span> <span class='ocrx_word' id='word_1_429' title='bbox 2621 2739 2980 2800; x_wconf 85' lang='lat' dir='ltr'><strong>azymorum,</strong></span> <span class='ocrx_word' id='word_1_430' title='bbox 3003 2720 3237 2799; x_wconf 89' lang='lat' dir='ltr'><strong>quando</strong></span> <span class='ocrx_word' id='word_1_431' title='bbox 3256 2738 3455 2800; x_wconf 83' lang='lat' dir='ltr'><strong>azyma</strong></span> <span class='ocrx_word' id='word_1_432' title='bbox 3474 2739 3669 2781; x_wconf 90' lang='lat' dir='ltr'><strong>come-</strong></span> 
     </span>
    </p>
   </div>
   <div class='ocr_carea' id='block_1_58' title="bbox 2031 2807 3659 2891">
    <p class='ocr_par' dir='ltr' id='par_1_58' title="bbox 2031 2807 3659 2891">
     <span class='ocr_line' id='line_1_58' title="bbox 2031 2807 3659 2891; baseline -0.003 -18"><span class='ocrx_word' id='word_1_433' title='bbox 2031 2810 2153 2873; x_wconf 81' lang='lat' dir='ltr'><strong>dit?</strong></span> <span class='ocrx_word' id='word_1_434' title='bbox 2179 2811 2351 2872; x_wconf 90' lang='lat' dir='ltr'><strong>etiam</strong></span> <span class='ocrx_word' id='word_1_435' title='bbox 2371 2810 2654 2891; x_wconf 89' lang='lat' dir='ltr'><strong>apostolis</strong></span> <span class='ocrx_word' id='word_1_436' title='bbox 2676 2811 2762 2871; x_wconf 90' lang='lat' dir='ltr'><strong>sic</strong></span> <span class='ocrx_word' id='word_1_437' title='bbox 2792 2810 2986 2872; x_wconf 90' lang='lat' dir='ltr'><strong>facere</strong></span> <span class='ocrx_word' id='word_1_438' title='bbox 3016 2808 3077 2868; x_wconf 89' lang='lat' dir='ltr'><strong>in</strong></span> <span class='ocrx_word' id='word_1_439' title='bbox 3096 2807 3259 2872; x_wconf 82' lang='lat' dir='ltr'><strong>Novo</strong></span> <span class='ocrx_word' id='word_1_440' title='bbox 3288 2808 3659 2869; x_wconf 86' lang='lat' dir='ltr'><strong>Testamento</strong></span> 
     </span>
    </p>
   </div>
   <div class='ocr_carea' id='block_1_59' title="bbox 2032 2896 3652 2976">
    <p class='ocr_par' dir='ltr' id='par_1_59' title="bbox 2032 2896 3652 2976">
     <span class='ocr_line' id='line_1_59' title="bbox 2032 2896 3652 2976; baseline -0.003 -16"><span class='ocrx_word' id='word_1_441' title='bbox 2032 2898 2317 2961; x_wconf 84' lang='lat' dir='ltr'><strong>tradidit?</strong></span> <span class='ocrx_word' id='word_1_442' title='bbox 2346 2898 2651 2970; x_wconf 89' lang='lat' dir='ltr'><strong>Quomodo</strong></span> <span class='ocrx_word' id='word_1_443' title='bbox 2683 2898 2882 2960; x_wconf 88' lang='lat' dir='ltr'><strong>dicitis</strong></span> <span class='ocrx_word' id='word_1_444' title='bbox 2929 2897 2999 2959; x_wconf 91' lang='lat' dir='ltr'><strong>ab</strong></span> <span class='ocrx_word' id='word_1_445' title='bbox 3037 2896 3316 2976; x_wconf 87' lang='lat' dir='ltr'><strong>apostolis</strong></span> <span class='ocrx_word' id='word_1_446' title='bbox 3358 2896 3652 2975; x_wconf 88' lang='lat' dir='ltr'><strong>accepisse</strong></span> 
     </span>
    </p>
   </div>
   <div class='ocr_carea' id='block_1_60' title="bbox 312 2983 3654 3071">
    <p class='ocr_par' dir='ltr' id='par_1_60' title="bbox 312 2983 3654 3071">
     <span class='ocr_line' id='line_1_60' title="bbox 312 2983 3654 3071; baseline -0.001 -26"><span class='ocrx_word' id='word_1_447' title='bbox 312 3001 474 3045; x_wconf 92' lang='lat' dir='ltr'><strong>mum</strong></span> <span class='ocrx_word' id='word_1_448' title='bbox 496 2983 718 3045; x_wconf 90' lang='lat' dir='ltr'><strong>dictum</strong></span> <span class='ocrx_word' id='word_1_449' title='bbox 755 2985 1137 3049; x_wconf 90' lang='lat' dir='ltr'><strong>sitaChristo</strong></span> <span class='ocrx_word' id='word_1_450' title='bbox 1161 2995 1258 3049; x_wconf 88' lang='lat' dir='ltr'><strong>aut</strong></span> <span class='ocrx_word' id='word_1_451' title='bbox 1294 2989 1573 3068; x_wconf 91' lang='lat' dir='ltr'><strong>apostolis</strong></span> <span class='ocrx_word' id='word_1_452' title='bbox 1613 2992 1762 3070; x_wconf 86' lang='lat' dir='ltr'><strong>ejus,</strong></span> <span class='ocrx_word' id='word_1_453' title='bbox 1810 2983 1941 3056; x_wconf 82' lang='lat' dir='ltr'><strong>cum</strong></span> <span class='ocrx_word' id='word_1_454' title='bbox 1964 3004 2002 3053; x_wconf 93' lang='lat' dir='ltr'><strong>C</strong></span> <span class='ocrx_word' id='word_1_455' title='bbox 2029 3006 2133 3050; x_wconf 86' lang='lat' dir='ltr'><strong>vos</strong></span> <span class='ocrx_word' id='word_1_456' title='bbox 2155 2988 2350 3050; x_wconf 87' lang='lat' dir='ltr'><strong>facere</strong></span> <span class='ocrx_word' id='word_1_457' title='bbox 2378 3007 2577 3068; x_wconf 85' lang='lat' dir='ltr'><strong>azyma</strong></span> <span class='ocrx_word' id='word_1_458' title='bbox 2597 2989 2721 3068; x_wconf 91' lang='lat' dir='ltr'><strong>jam</strong></span> <span class='ocrx_word' id='word_1_459' title='bbox 2754 2995 2882 3067; x_wconf 90' lang='lat' dir='ltr'><strong>post</strong></span> <span class='ocrx_word' id='word_1_460' title='bbox 2913 2986 3398 3047; x_wconf 87' lang='lat' dir='ltr'><strong>resurrectionem</strong></span> <span class='ocrx_word' id='word_1_461' title='bbox 3428 3002 3654 3071; x_wconf 86' lang='lat' dir='ltr'><strong>amor-</strong></span> 
     </span>
    </p>
   </div>
   <div class='ocr_carea' id='block_1_61' title="bbox 309 3071 1941 3159">
    <p class='ocr_par' dir='ltr' id='par_1_61' title="bbox 309 3071 1941 3159">
     <span class='ocr_line' id='line_1_61' title="bbox 309 3071 1941 3159; baseline 0.006 -28"><span class='ocrx_word' id='word_1_462' title='bbox 309 3071 827 3159; x_wconf 73' lang='lat' dir='ltr'><strong>administrarelur</strong></span> <span class='ocrx_word' id='word_1_463' title='bbox 846 3074 920 3136; x_wconf 91' lang='lat' dir='ltr'><strong>ab</strong></span> <span class='ocrx_word' id='word_1_464' title='bbox 947 3075 1048 3137; x_wconf 91' lang='lat' dir='ltr'><strong>illo</strong></span> <span class='ocrx_word' id='word_1_465' title='bbox 1069 3075 1588 3138; x_wconf 87' lang='lat' dir='ltr'><strong>NoviTestamenti</strong></span> <span class='ocrx_word' id='word_1_466' title='bbox 1610 3082 1941 3159; x_wconf 89' lang='lat' dir='ltr'><strong>myterium.</strong></span> 
     </span>
    </p>
   </div>
   <div class='ocr_carea' id='block_1_62' title="bbox 214 3154 1948 3233">
    <p class='ocr_par' dir='ltr' id='par_1_62' title="bbox 214 3154 1948 3233">
     <span class='ocr_line' id='line_1_62' title="bbox 214 3154 1948 3233; baseline 0.007 -13"><span class='ocrx_word' id='word_1_467' title='bbox 214 3154 219 3159; x_wconf 82' lang='grc'><em>’</em></span> <span class='ocrx_word' id='word_1_468' title='bbox 308 3156 523 3221; x_wconf 87' lang='lat' dir='ltr'><strong>Paulus</strong></span> <span class='ocrx_word' id='word_1_469' title='bbox 545 3161 702 3221; x_wconf 91' lang='lat' dir='ltr'><strong>enim</strong></span> <span class='ocrx_word' id='word_1_470' title='bbox 728 3158 1047 3223; x_wconf 89' lang='lat' dir='ltr'><strong>Corinthiis</strong></span> <span class='ocrx_word' id='word_1_471' title='bbox 1066 3164 1338 3225; x_wconf 87' lang='lat' dir='ltr'><strong>scribens</strong></span> <span class='ocrx_word' id='word_1_472' title='bbox 1363 3163 1568 3226; x_wconf 65' lang='lat' dir='ltr'><strong>dicitzt</strong></span> <span class='ocrx_word' id='word_1_473' title='bbox 1595 3154 1948 3233; x_wconf 78' lang='lat' dir='ltr'><strong>Discernere</strong></span> 
     </span>
    </p>
   </div>
   <div class='ocr_carea' id='block_1_63' title="bbox 308 3249 1943 3332">
    <p class='ocr_par' dir='ltr' id='par_1_63' title="bbox 308 3249 1943 3332">
     <span class='ocr_line' id='line_1_63' title="bbox 308 3249 1943 3332; baseline 0.007 -24"><span class='ocrx_word' id='word_1_474' title='bbox 308 3265 412 3311; x_wconf 91' lang='lat' dir='ltr'><strong>vos</strong></span> <span class='ocrx_word' id='word_1_475' title='bbox 447 3256 682 3329; x_wconf 86' lang='lat' dir='ltr'><strong>oportet</strong></span> <span class='ocrx_word' id='word_1_476' title='bbox 713 3249 957 3313; x_wconf 91' lang='lat' dir='ltr'><strong>calicem</strong></span> <span class='ocrx_word' id='word_1_477' title='bbox 988 3250 1423 3313; x_wconf 87' lang='lat' dir='ltr'><strong>benedictionis</strong></span> <span class='ocrx_word' id='word_1_478' title='bbox 1441 3272 1615 3332; x_wconf 92' lang='lat' dir='ltr'><strong>quem</strong></span> <span class='ocrx_word' id='word_1_479' title='bbox 1634 3254 1943 3319; x_wconf 88' lang='lat' dir='ltr'><strong>benedici-</strong></span> 
     </span>
    </p>
   </div>
   <div class='ocr_carea' id='block_1_64' title="bbox 310 3340 1944 3420">
    <p class='ocr_par' dir='ltr' id='par_1_64' title="bbox 310 3340 1944 3420">
     <span class='ocr_line' id='line_1_64' title="bbox 310 3340 1944 3420; baseline 0.007 -23"><span class='ocrx_word' id='word_1_480' title='bbox 310 3354 465 3414; x_wconf 90' lang='lat' dir='ltr'><strong>mus;</strong></span> <span class='ocrx_word' id='word_1_481' title='bbox 482 3356 681 3400; x_wconf 89' lang='lat' dir='ltr'><strong>nonne</strong></span> <span class='ocrx_word' id='word_1_482' title='bbox 695 3340 1152 3402; x_wconf 90' lang='lat' dir='ltr'><strong>communicatio</strong></span> <span class='ocrx_word' id='word_1_483' title='bbox 1174 3342 1434 3420; x_wconf 90' lang='lat' dir='ltr'><strong>sanginis</strong></span> <span class='ocrx_word' id='word_1_484' title='bbox 1453 3342 1669 3405; x_wconf 91' lang='lat' dir='ltr'><strong>Christi</strong></span> <span class='ocrx_word' id='word_1_485' title='bbox 1692 3352 1812 3408; x_wconf 90' lang='lat' dir='ltr'><strong>est?</strong></span> <span class='ocrx_word' id='word_1_486' title='bbox 1830 3346 1944 3408; x_wconf 88' lang='lat' dir='ltr'><strong>Pa-</strong></span> 
     </span>
    </p>
   </div>
   <div class='ocr_carea' id='block_1_65' title="bbox 202 3426 1947 3515">
    <p class='ocr_par' dir='ltr' id='par_1_65' title="bbox 202 3426 1947 3515">
     <span class='ocr_line' id='line_1_65' title="bbox 202 3426 1947 3515; baseline 0.006 -30"><span class='ocrx_word' id='word_1_487' title='bbox 202 3490 207 3493; x_wconf 21' lang='grc' dir='ltr'><strong>ν</strong></span> <span class='ocrx_word' id='word_1_488' title='bbox 310 3442 447 3515; x_wconf 88' lang='lat' dir='ltr'><strong>nem</strong></span> <span class='ocrx_word' id='word_1_489' title='bbox 462 3426 973 3507; x_wconf 87' lang='lat' dir='ltr'><strong>quemfrangimus</strong></span> <span class='ocrx_word' id='word_1_490' title='bbox 986 3448 1183 3492; x_wconf 85' lang='lat' dir='ltr'><strong>nonne</strong></span> <span class='ocrx_word' id='word_1_491' title='bbox 1198 3431 1654 3493; x_wconf 88' lang='lat' dir='ltr'><strong>communicatio</strong></span> <span class='ocrx_word' id='word_1_492' title='bbox 1679 3435 1947 3515; x_wconf 91' lang='lat' dir='ltr'><strong>corporis</strong></span> 
     </span>
    </p>
   </div>
   <div class='ocr_carea' id='block_1_66' title="bbox 308 3514 1949 3603">
    <p class='ocr_par' dir='ltr' id='par_1_66' title="bbox 308 3514 1949 3603">
     <span class='ocr_line' id='line_1_66' title="bbox 308 3514 1949 3603; baseline 0.005 -26"><span class='ocrx_word' id='word_1_493' title='bbox 308 3514 527 3577; x_wconf 85' lang='lat' dir='ltr'><strong>Christi</strong></span> <span class='ocrx_word' id='word_1_494' title='bbox 540 3517 661 3579; x_wconf 84' lang='lat' dir='ltr'><strong>est?</strong></span> <span class='ocrx_word' id='word_1_495' title='bbox 681 3517 969 3591; x_wconf 88' lang='lat' dir='ltr'><strong>Quoniam</strong></span> <span class='ocrx_word' id='word_1_496' title='bbox 987 3538 1139 3581; x_wconf 91' lang='lat' dir='ltr'><strong>unus</strong></span> <span class='ocrx_word' id='word_1_497' title='bbox 1161 3521 1543 3600; x_wconf 89' lang='lat' dir='ltr'><strong>panis,unum</strong></span> <span class='ocrx_word' id='word_1_498' title='bbox 1556 3514 1949 3603; x_wconf 79' lang='lat' dir='ltr'><strong>corpus,mul-</strong></span> 
     </span>
    </p>
   </div>
   <div class='ocr_carea' id='block_1_67' title="bbox 311 3603 1947 3693">
    <p class='ocr_par' dir='ltr' id='par_1_67' title="bbox 311 3603 1947 3693">
     <span class='ocr_line' id='line_1_67' title="bbox 311 3603 1947 3693; baseline 0.006 -29"><span class='ocrx_word' id='word_1_499' title='bbox 311 3603 356 3693; x_wconf 85' lang='lat' dir='ltr'><strong>ti</strong></span> <span class='ocrx_word' id='word_1_500' title='bbox 377 3606 853 3668; x_wconf 87' lang='lat' dir='ltr'><strong>sumus.Etenim</strong></span> <span class='ocrx_word' id='word_1_501' title='bbox 881 3626 1089 3670; x_wconf 89' lang='lat' dir='ltr'><strong>omnes</strong></span> <span class='ocrx_word' id='word_1_502' title='bbox 1115 3628 1185 3671; x_wconf 86' lang='lat' dir='ltr'><strong>ex</strong></span> <span class='ocrx_word' id='word_1_503' title='bbox 1212 3628 1329 3671; x_wconf 89' lang='lat' dir='ltr'><strong>uno</strong></span> <span class='ocrx_word' id='word_1_504' title='bbox 1356 3629 1506 3690; x_wconf 88' lang='lat' dir='ltr'><strong>pane</strong></span> <span class='ocrx_word' id='word_1_505' title='bbox 1527 3613 1947 3693; x_wconf 90' lang='lat' dir='ltr'><strong>participamus</strong></span> 
     </span>
    </p>
   </div>
   <div class='ocr_carea' id='block_1_68' title="bbox 310 3691 1948 3782">
    <p class='ocr_par' dir='ltr' id='par_1_68' title="bbox 310 3691 1948 3782">
     <span class='ocr_line' id='line_1_68' title="bbox 310 3691 1948 3782; baseline 0.005 -26"><span class='ocrx_word' id='word_1_506' title='bbox 310 3691 372 3773; x_wconf 92' lang='grc' dir='ltr'><strong>(Ι</strong></span> <span class='ocrx_word' id='word_1_507' title='bbox 391 3695 767 3782; x_wconf 8' lang='lat' dir='ltr'><strong>Cor.x,716).</strong></span> <span class='ocrx_word' id='word_1_508' title='bbox 793 3700 913 3776; x_wconf 88' lang='lat' dir='ltr'><strong>Ego</strong></span> <span class='ocrx_word' id='word_1_509' title='bbox 934 3699 1093 3759; x_wconf 92' lang='lat' dir='ltr'><strong>enim</strong></span> <span class='ocrx_word' id='word_1_510' title='bbox 1122 3699 1326 3780; x_wconf 91' lang='lat' dir='ltr'><strong>accepi</strong></span> <span class='ocrx_word' id='word_1_511' title='bbox 1353 3717 1387 3760; x_wconf 89' lang='lat' dir='ltr'><strong>a</strong></span> <span class='ocrx_word' id='word_1_512' title='bbox 1407 3691 1681 3775; x_wconf 88' lang='lat' dir='ltr'><strong>Domino,</strong></span> <span class='ocrx_word' id='word_1_513' title='bbox 1708 3691 1862 3782; x_wconf 85' lang='lat' dir='ltr'><strong>quod</strong></span> <span class='ocrx_word' id='word_1_514' title='bbox 1889 3712 1948 3764; x_wconf 87' lang='lat' dir='ltr'><strong>et</strong></span> 
     </span>
    </p>
   </div>
   <div class='ocr_carea' id='block_1_69' title="bbox 308 3781 1949 3871">
    <p class='ocr_par' dir='ltr' id='par_1_69' title="bbox 308 3781 1949 3871">
     <span class='ocr_line' id='line_1_69' title="bbox 308 3781 1949 3871; baseline 0.006 -29"><span class='ocrx_word' id='word_1_515' title='bbox 308 3782 527 3845; x_wconf 88' lang='lat' dir='ltr'><strong>tradidi</strong></span> <span class='ocrx_word' id='word_1_516' title='bbox 548 3781 713 3846; x_wconf 88' lang='lat' dir='ltr'><strong>vobis</strong></span> <span class='ocrx_word' id='word_1_517' title='bbox 737 3802 751 3847; x_wconf 93' lang='lat'><strong>:</strong></span> <span class='ocrx_word' id='word_1_518' title='bbox 778 3786 1056 3866; x_wconf 89' lang='lat' dir='ltr'><strong>quoniam</strong></span> <span class='ocrx_word' id='word_1_519' title='bbox 1075 3786 1360 3849; x_wconf 91' lang='lat' dir='ltr'><strong>Dominus</strong></span> <span class='ocrx_word' id='word_1_520' title='bbox 1374 3791 1401 3848; x_wconf 70' lang='grc' dir='ltr'><strong>,Ι</strong></span> <span class='ocrx_word' id='word_1_521' title='bbox 1410 3807 1547 3851; x_wconf 91' lang='lat' dir='ltr'><strong>esus</strong></span> <span class='ocrx_word' id='word_1_522' title='bbox 1567 3781 1761 3871; x_wconf 89' lang='lat' dir='ltr'><strong>in&#39;qua</strong></span> <span class='ocrx_word' id='word_1_523' title='bbox 1779 3800 1949 3852; x_wconf 89' lang='lat' dir='ltr'><strong>nocte</strong></span> 
     </span>
    </p>
   </div>
   <div class='ocr_carea' id='block_1_70' title="bbox 310 3872 1950 3962">
    <p class='ocr_par' dir='ltr' id='par_1_70' title="bbox 310 3872 1950 3962">
     <span class='ocr_line' id='line_1_70' title="bbox 310 3872 1950 3962; baseline 0.005 -27"><span class='ocrx_word' id='word_1_524' title='bbox 310 3872 676 3962; x_wconf 80' lang='lat' dir='ltr'><strong>tradebatur,</strong></span> <span class='ocrx_word' id='word_1_525' title='bbox 709 3877 940 3957; x_wconf 91' lang='lat' dir='ltr'><strong>accepit</strong></span> <span class='ocrx_word' id='word_1_526' title='bbox 980 3895 1218 3957; x_wconf 89' lang='lat' dir='ltr'><strong>panem,</strong></span> <span class='ocrx_word' id='word_1_527' title='bbox 1252 3898 1280 3937; x_wconf 82' lang='grc'><strong>)</strong></span> <span class='ocrx_word' id='word_1_528' title='bbox 1305 3888 1497 3941; x_wconf 90' lang='lat' dir='ltr'><strong>etnon</strong></span> <span class='ocrx_word' id='word_1_529' title='bbox 1522 3898 1807 3962; x_wconf 79' lang='lat' dir='ltr'><strong>azymum,</strong></span> <span class='ocrx_word' id='word_1_530' title='bbox 1842 3903 1869 3940; x_wconf 74' lang='grc' dir='ltr'><strong>(ι</strong></span> <span class='ocrx_word' id='word_1_531' title='bbox 1893 3890 1950 3943; x_wconf 91' lang='lat' dir='ltr'><strong>et</strong></span> 
     </span>
    </p>
   </div>
   <div class='ocr_carea' id='block_1_71' title="bbox 309 3960 1950 4047">
    <p class='ocr_par' dir='ltr' id='par_1_71' title="bbox 309 3960 1950 4047">
     <span class='ocr_line' id='line_1_71' title="bbox 309 3960 1950 4047; baseline 0.005 -24"><span class='ocrx_word' id='word_1_532' title='bbox 309 3960 675 4027; x_wconf 91' lang='lat' dir='ltr'><strong>benedicens</strong></span> <span class='ocrx_word' id='word_1_533' title='bbox 697 3965 891 4046; x_wconf 83' lang='lat' dir='ltr'><strong>fregit,</strong></span> <span class='ocrx_word' id='word_1_534' title='bbox 915 3975 973 4027; x_wconf 90' lang='lat' dir='ltr'><strong>et</strong></span> <span class='ocrx_word' id='word_1_535' title='bbox 1002 3966 1182 4029; x_wconf 85' lang='lat' dir='ltr'><strong>dixit:</strong></span> <span class='ocrx_word' id='word_1_536' title='bbox 1208 3967 1475 4047; x_wconf 89' lang='lat' dir='ltr'><strong>Accipite</strong></span> <span class='ocrx_word' id='word_1_537' title='bbox 1521 3977 1579 4030; x_wconf 92' lang='lat' dir='ltr'><strong>et</strong></span> <span class='ocrx_word' id='word_1_538' title='bbox 1608 3960 1901 4030; x_wconf 81' lang='lat' dir='ltr'><strong>comedite</strong></span> <span class='ocrx_word' id='word_1_539' title='bbox 1938 3991 1950 4032; x_wconf 92' lang='lat'><strong>:</strong></span> 
     </span>
    </p>
   </div>
   <div class='ocr_carea' id='block_1_72' title="bbox 307 4051 1953 4138">
    <p class='ocr_par' dir='ltr' id='par_1_72' title="bbox 307 4051 1953 4138">
     <span class='ocr_line' id='line_1_72' title="bbox 307 4051 1953 4138; baseline 0.004 -26"><span class='ocrx_word' id='word_1_540' title='bbox 307 4051 422 4113; x_wconf 91' lang='lat' dir='ltr'><strong>hoc</strong></span> <span class='ocrx_word' id='word_1_541' title='bbox 444 4060 534 4113; x_wconf 91' lang='lat' dir='ltr'><strong>est</strong></span> <span class='ocrx_word' id='word_1_542' title='bbox 565 4071 780 4133; x_wconf 92' lang='lat' dir='ltr'><strong>corpus</strong></span> <span class='ocrx_word' id='word_1_543' title='bbox 804 4073 1028 4132; x_wconf 90' lang='lat' dir='ltr'><strong>meum,</strong></span> <span class='ocrx_word' id='word_1_544' title='bbox 1075 4057 1231 4138; x_wconf 92' lang='lat' dir='ltr'><strong>quod</strong></span> <span class='ocrx_word' id='word_1_545' title='bbox 1281 4075 1385 4138; x_wconf 90' lang='lat' dir='ltr'><strong>pro</strong></span> <span class='ocrx_word' id='word_1_546' title='bbox 1420 4056 1584 4118; x_wconf 88' lang='lat' dir='ltr'><strong>vobis</strong></span> <span class='ocrx_word' id='word_1_547' title='bbox 1628 4058 1953 4137; x_wconf 77' lang='lat' dir='ltr'><strong>frangetur,</strong></span> 
     </span>
    </p>
   </div>
   <div class='ocr_carea' id='block_1_73' title="bbox 307 4139 1949 4223">
    <p class='ocr_par' dir='ltr' id='par_1_73' title="bbox 307 4139 1949 4223">
     <span class='ocr_line' id='line_1_73' title="bbox 307 4139 1949 4223; baseline 0 -19"><span class='ocrx_word' id='word_1_548' title='bbox 307 4139 433 4204; x_wconf 90' lang='lat' dir='ltr'><strong>Hoc</strong></span> <span class='ocrx_word' id='word_1_549' title='bbox 461 4141 637 4203; x_wconf 88' lang='lat' dir='ltr'><strong>facite</strong></span> <span class='ocrx_word' id='word_1_550' title='bbox 664 4142 728 4204; x_wconf 91' lang='lat' dir='ltr'><strong>in</strong></span> <span class='ocrx_word' id='word_1_551' title='bbox 749 4161 941 4205; x_wconf 87' lang='lat' dir='ltr'><strong>meam</strong></span> <span class='ocrx_word' id='word_1_552' title='bbox 979 4148 1606 4208; x_wconf 89' lang='lat' dir='ltr'><strong>commemorationem</strong></span> <span class='ocrx_word' id='word_1_553' title='bbox 1632 4149 1692 4223; x_wconf 89' lang='grc' dir='ltr'><strong>(Ι</strong></span> <span class='ocrx_word' id='word_1_554' title='bbox 1710 4147 1850 4207; x_wconf 86' lang='lat' dir='ltr'><strong>Cor.</strong></span> <span class='ocrx_word' id='word_1_555' title='bbox 1868 4163 1949 4218; x_wconf 82' lang='lat' dir='ltr'><strong>XI,</strong></span> 
     </span>
    </p>
   </div>
   <div class='ocr_carea' id='block_1_74' title="bbox 308 4230 1948 4316">
    <p class='ocr_par' dir='ltr' id='par_1_74' title="bbox 308 4230 1948 4316">
     <span class='ocr_line' id='line_1_74' title="bbox 308 4230 1948 4316; baseline -0.001 -21"><span class='ocrx_word' id='word_1_556' title='bbox 308 4231 408 4307; x_wconf 79' lang='lat'><strong>23,</strong></span> <span class='ocrx_word' id='word_1_557' title='bbox 434 4230 680 4311; x_wconf 68' lang='lat' dir='ltr'><strong>94).»Et</strong></span> <span class='ocrx_word' id='word_1_558' title='bbox 698 4251 816 4294; x_wconf 89' lang='lat' dir='ltr'><strong>non</strong></span> <span class='ocrx_word' id='word_1_559' title='bbox 835 4235 1021 4296; x_wconf 90' lang='lat' dir='ltr'><strong>semel</strong></span> <span class='ocrx_word' id='word_1_560' title='bbox 1045 4234 1189 4296; x_wconf 84' lang='lat' dir='ltr'><strong>dixit</strong></span> <span class='ocrx_word' id='word_1_561' title='bbox 1210 4235 1556 4316; x_wconf 88' lang='lat' dir='ltr'><strong>panem,sed</strong></span> <span class='ocrx_word' id='word_1_562' title='bbox 1579 4235 1754 4296; x_wconf 89' lang='lat' dir='ltr'><strong>etiam</strong></span> <span class='ocrx_word' id='word_1_563' title='bbox 1771 4254 1948 4315; x_wconf 70' lang='lat' dir='ltr'><strong>smpe.</strong></span> 
     </span>
    </p>
   </div>
   <div class='ocr_carea' id='block_1_75' title="bbox 2029 3072 3662 3156">
    <p class='ocr_par' dir='ltr' id='par_1_75' title="bbox 2029 3072 3662 3156">
     <span class='ocr_line' id='line_1_75' title="bbox 2029 3072 3662 3156; baseline -0.004 -19"><span class='ocrx_word' id='word_1_564' title='bbox 2029 3077 2183 3138; x_wconf 88' lang='lat' dir='ltr'><strong>tuis?</strong></span> <span class='ocrx_word' id='word_1_565' title='bbox 2213 3076 2341 3138; x_wconf 91' lang='lat' dir='ltr'><strong>Non</strong></span> <span class='ocrx_word' id='word_1_566' title='bbox 2372 3076 2583 3137; x_wconf 86' lang='lat' dir='ltr'><strong>videtis</strong></span> <span class='ocrx_word' id='word_1_567' title='bbox 2607 3076 2745 3156; x_wconf 90' lang='lat' dir='ltr'><strong>quia</strong></span> <span class='ocrx_word' id='word_1_568' title='bbox 2774 3075 3080 3137; x_wconf 90' lang='lat' dir='ltr'><strong>manifeste</strong></span> <span class='ocrx_word' id='word_1_569' title='bbox 3102 3093 3174 3135; x_wconf 80' lang='lat' dir='ltr'><strong>ex</strong></span> <span class='ocrx_word' id='word_1_570' title='bbox 3192 3074 3365 3136; x_wconf 91' lang='lat' dir='ltr'><strong>rebus</strong></span> <span class='ocrx_word' id='word_1_571' title='bbox 3387 3072 3662 3152; x_wconf 83' lang='lat' dir='ltr'><strong>arguimi-</strong></span> 
     </span>
    </p>
   </div>
   <div class='ocr_carea' id='block_1_76' title="bbox 2029 3161 3673 3246">
    <p class='ocr_par' dir='ltr' id='par_1_76' title="bbox 2029 3161 3673 3246">
     <span class='ocr_line' id='line_1_76' title="bbox 2029 3161 3673 3246; baseline -0.001 -21"><span class='ocrx_word' id='word_1_572' title='bbox 2029 3165 2112 3239; x_wconf 91' lang='lat' dir='ltr'><strong>ni,</strong></span> <span class='ocrx_word' id='word_1_573' title='bbox 2139 3167 2419 3246; x_wconf 90' lang='lat' dir='ltr'><strong>quoniam</strong></span> <span class='ocrx_word' id='word_1_574' title='bbox 2450 3184 2569 3226; x_wconf 92' lang='lat' dir='ltr'><strong>non</strong></span> <span class='ocrx_word' id='word_1_575' title='bbox 2600 3174 2737 3227; x_wconf 91' lang='lat' dir='ltr'><strong>tunc</strong></span> <span class='ocrx_word' id='word_1_576' title='bbox 2768 3183 2987 3244; x_wconf 88' lang='lat' dir='ltr'><strong>azyma,</strong></span> <span class='ocrx_word' id='word_1_577' title='bbox 3035 3183 3167 3224; x_wconf 92' lang='lat' dir='ltr'><strong>cum</strong></span> <span class='ocrx_word' id='word_1_578' title='bbox 3221 3162 3494 3242; x_wconf 89' lang='lat' dir='ltr'><strong>mysteria</strong></span> <span class='ocrx_word' id='word_1_579' title='bbox 3522 3161 3673 3223; x_wconf 86' lang='lat' dir='ltr'><strong>Novi</strong></span> 
     </span>
    </p>
   </div>
   <div class='ocr_carea' id='block_1_77' title="bbox 2028 3251 3346 3334">
    <p class='ocr_par' dir='ltr' id='par_1_77' title="bbox 2028 3251 3346 3334">
     <span class='ocr_line' id='line_1_77' title="bbox 2028 3251 3346 3334; baseline -0.004 -19"><span class='ocrx_word' id='word_1_580' title='bbox 2028 3253 2391 3316; x_wconf 86' lang='lat' dir='ltr'><strong>Testamenti</strong></span> <span class='ocrx_word' id='word_1_581' title='bbox 2423 3254 2685 3316; x_wconf 89' lang='lat' dir='ltr'><strong>traderet</strong></span> <span class='ocrx_word' id='word_1_582' title='bbox 2712 3253 2998 3334; x_wconf 82' lang='lat' dir='ltr'><strong>apostolis</strong></span> <span class='ocrx_word' id='word_1_583' title='bbox 3029 3253 3293 3314; x_wconf 90' lang='lat' dir='ltr'><strong>Christus</strong></span> <span class='ocrx_word' id='word_1_584' title='bbox 3315 3251 3346 3309; x_wconf 85' lang='lat'><strong>‘?</strong></span> 
     </span>
    </p>
   </div>
   <div class='ocr_carea' id='block_1_78' title="bbox 2107 3340 3668 3420">
    <p class='ocr_par' dir='ltr' id='par_1_78' title="bbox 2107 3340 3668 3420">
     <span class='ocr_line' id='line_1_78' title="bbox 2107 3340 3668 3420; baseline -0.001 -16"><span class='ocrx_word' id='word_1_585' title='bbox 2107 3343 2203 3405; x_wconf 87' lang='lat' dir='ltr'><strong>IX.</strong></span> <span class='ocrx_word' id='word_1_586' title='bbox 2238 3344 2562 3408; x_wconf 87' lang='lat' dir='ltr'><strong>Ostendam</strong></span> <span class='ocrx_word' id='word_1_587' title='bbox 2594 3343 2757 3405; x_wconf 88' lang='lat' dir='ltr'><strong>vobis</strong></span> <span class='ocrx_word' id='word_1_588' title='bbox 2787 3345 2899 3404; x_wconf 92' lang='lat' dir='ltr'><strong>hoc</strong></span> <span class='ocrx_word' id='word_1_589' title='bbox 2940 3360 3010 3403; x_wconf 88' lang='lat' dir='ltr'><strong>ex</strong></span> <span class='ocrx_word' id='word_1_590' title='bbox 3054 3340 3421 3420; x_wconf 89' lang='lat' dir='ltr'><strong>legislalione</strong></span> <span class='ocrx_word' id='word_1_591' title='bbox 3460 3340 3668 3420; x_wconf 81' lang='lat' dir='ltr'><strong>Moysi.</strong></span> 
     </span>
    </p>
   </div>
   <div class='ocr_carea' id='block_1_79' title="bbox 2031 3429 3676 3511">
    <p class='ocr_par' dir='ltr' id='par_1_79' title="bbox 2031 3429 3676 3511">
     <span class='ocr_line' id='line_1_79' title="bbox 2031 3429 3676 3511; baseline -0.004 -17"><span class='ocrx_word' id='word_1_592' title='bbox 2031 3431 2316 3511; x_wconf 84' lang='lat' dir='ltr'><strong>Loquitur</strong></span> <span class='ocrx_word' id='word_1_593' title='bbox 2345 3432 2502 3493; x_wconf 88' lang='lat' dir='ltr'><strong>enim</strong></span> <span class='ocrx_word' id='word_1_594' title='bbox 2541 3452 2554 3491; x_wconf 92' lang='lat'><strong>:</strong></span> <span class='ocrx_word' id='word_1_595' title='bbox 2595 3455 2622 3487; x_wconf 73' lang='grc' dir='ltr'>α</span> <span class='ocrx_word' id='word_1_596' title='bbox 2654 3434 2757 3494; x_wconf 81' lang='lat' dir='ltr'><strong>liae</strong></span> <span class='ocrx_word' id='word_1_597' title='bbox 2780 3439 2916 3492; x_wconf 91' lang='lat' dir='ltr'><strong>sunt</strong></span> <span class='ocrx_word' id='word_1_598' title='bbox 2958 3430 3303 3493; x_wconf 87' lang='lat' dir='ltr'><strong>festivitates</strong></span> <span class='ocrx_word' id='word_1_599' title='bbox 3338 3429 3572 3490; x_wconf 90' lang='lat' dir='ltr'><strong>Domini</strong></span> <span class='ocrx_word' id='word_1_600' title='bbox 3617 3436 3676 3488; x_wconf 92' lang='lat' dir='ltr'><strong>et</strong></span> 
     </span>
    </p>
   </div>
   <div class='ocr_carea' id='block_1_80' title="bbox 2029 3517 3674 3602">
    <p class='ocr_par' dir='ltr' id='par_1_80' title="bbox 2029 3517 3674 3602">
     <span class='ocr_line' id='line_1_80' title="bbox 2029 3517 3674 3602; baseline -0.002 -22"><span class='ocrx_word' id='word_1_601' title='bbox 2029 3520 2173 3600; x_wconf 67' lang='lat' dir='ltr'><strong>ipsa:</strong></span> <span class='ocrx_word' id='word_1_602' title='bbox 2202 3528 2440 3592; x_wconf 71' lang='lat' dir='ltr'><strong>sanctae,</strong></span> <span class='ocrx_word' id='word_1_603' title='bbox 2462 3540 2608 3602; x_wconf 90' lang='lat' dir='ltr'><strong>quas</strong></span> <span class='ocrx_word' id='word_1_604' title='bbox 2631 3520 2914 3582; x_wconf 89' lang='lat' dir='ltr'><strong>vocabitis</strong></span> <span class='ocrx_word' id='word_1_605' title='bbox 2943 3520 3004 3579; x_wconf 89' lang='lat' dir='ltr'><strong>in</strong></span> <span class='ocrx_word' id='word_1_606' title='bbox 3038 3517 3403 3599; x_wconf 89' lang='lat' dir='ltr'><strong>temporibus</strong></span> <span class='ocrx_word' id='word_1_607' title='bbox 3433 3518 3581 3579; x_wconf 66' lang='lat' dir='ltr'><strong>suis.</strong></span> <span class='ocrx_word' id='word_1_608' title='bbox 3612 3519 3674 3579; x_wconf 91' lang='lat' dir='ltr'><strong>ln</strong></span> 
     </span>
    </p>
   </div>
   <div class='ocr_carea' id='block_1_81' title="bbox 2032 3606 3673 3690">
    <p class='ocr_par' dir='ltr' id='par_1_81' title="bbox 2032 3606 3673 3690">
     <span class='ocr_line' id='line_1_81' title="bbox 2032 3606 3673 3690; baseline -0.001 -22"><span class='ocrx_word' id='word_1_609' title='bbox 2032 3608 2222 3688; x_wconf 90' lang='lat' dir='ltr'><strong>primo</strong></span> <span class='ocrx_word' id='word_1_610' title='bbox 2248 3628 2452 3670; x_wconf 92' lang='lat' dir='ltr'><strong>mense</strong></span> <span class='ocrx_word' id='word_1_611' title='bbox 2477 3610 2534 3669; x_wconf 89' lang='lat' dir='ltr'><strong>in</strong></span> <span class='ocrx_word' id='word_1_612' title='bbox 2558 3607 2997 3690; x_wconf 76' lang='lat' dir='ltr'><strong>quintadecima</strong></span> <span class='ocrx_word' id='word_1_613' title='bbox 3026 3608 3123 3668; x_wconf 93' lang='lat' dir='ltr'><strong>die</strong></span> <span class='ocrx_word' id='word_1_614' title='bbox 3146 3607 3369 3667; x_wconf 91' lang='lat' dir='ltr'><strong>mensis</strong></span> <span class='ocrx_word' id='word_1_615' title='bbox 3392 3606 3673 3685; x_wconf 87' lang='lat' dir='ltr'><strong>hujusfe-</strong></span> 
     </span>
    </p>
   </div>
   <div class='ocr_carea' id='block_1_82' title="bbox 2030 3693 3677 3777">
    <p class='ocr_par' dir='ltr' id='par_1_82' title="bbox 2030 3693 3677 3777">
     <span class='ocr_line' id='line_1_82' title="bbox 2030 3693 3677 3777; baseline -0.001 -20"><span class='ocrx_word' id='word_1_616' title='bbox 2030 3706 2185 3758; x_wconf 92' lang='lat' dir='ltr'><strong>stum</strong></span> <span class='ocrx_word' id='word_1_617' title='bbox 2215 3716 2547 3777; x_wconf 89' lang='lat' dir='ltr'><strong>azymorum</strong></span> <span class='ocrx_word' id='word_1_618' title='bbox 2600 3698 2869 3774; x_wconf 87' lang='lat' dir='ltr'><strong>Domini;</strong></span> <span class='ocrx_word' id='word_1_619' title='bbox 2902 3706 2962 3758; x_wconf 88' lang='lat' dir='ltr'><strong>et</strong></span> <span class='ocrx_word' id='word_1_620' title='bbox 3004 3696 3064 3757; x_wconf 91' lang='lat' dir='ltr'><strong>in</strong></span> <span class='ocrx_word' id='word_1_621' title='bbox 3104 3695 3548 3776; x_wconf 88' lang='lat' dir='ltr'><strong>quartadecima</strong></span> <span class='ocrx_word' id='word_1_622' title='bbox 3579 3693 3677 3755; x_wconf 88' lang='lat' dir='ltr'><strong>die</strong></span> 
     </span>
    </p>
   </div>
   <div class='ocr_carea' id='block_1_83' title="bbox 2033 3783 3677 3866">
    <p class='ocr_par' dir='ltr' id='par_1_83' title="bbox 2033 3783 3677 3866">
     <span class='ocr_line' id='line_1_83' title="bbox 2033 3783 3677 3866; baseline -0.002 -20"><span class='ocrx_word' id='word_1_623' title='bbox 2033 3786 2256 3847; x_wconf 90' lang='lat' dir='ltr'><strong>mensis</strong></span> <span class='ocrx_word' id='word_1_624' title='bbox 2286 3787 2439 3847; x_wconf 88' lang='lat' dir='ltr'><strong>intra</strong></span> <span class='ocrx_word' id='word_1_625' title='bbox 2470 3786 2730 3849; x_wconf 89' lang='lat' dir='ltr'><strong>medium</strong></span> <span class='ocrx_word' id='word_1_626' title='bbox 2748 3789 2820 3848; x_wconf 83' lang='lat' dir='ltr'><strong>ad</strong></span> <span class='ocrx_word' id='word_1_627' title='bbox 2849 3805 3158 3866; x_wconf 83' lang='lat' dir='ltr'><strong>vesperum</strong></span> <span class='ocrx_word' id='word_1_628' title='bbox 3187 3783 3301 3845; x_wconf 88' lang='lat' dir='ltr'><strong>erit</strong></span> <span class='ocrx_word' id='word_1_629' title='bbox 3325 3783 3549 3844; x_wconf 79' lang='lat' dir='ltr'><strong>Pascha</strong></span> <span class='ocrx_word' id='word_1_630' title='bbox 3570 3786 3677 3845; x_wconf 86' lang='lat' dir='ltr'><strong>Do-</strong></span> 
     </span>
    </p>
   </div>
   <div class='ocr_carea' id='block_1_84' title="bbox 2038 3873 3677 3957">
    <p class='ocr_par' dir='ltr' id='par_1_84' title="bbox 2038 3873 3677 3957">
     <span class='ocr_line' id='line_1_84' title="bbox 2038 3873 3677 3957; baseline -0.002 -21"><span class='ocrx_word' id='word_1_631' title='bbox 2038 3875 2231 3952; x_wconf 82' lang='lat' dir='ltr'><strong>mino;</strong></span> <span class='ocrx_word' id='word_1_632' title='bbox 2263 3885 2319 3937; x_wconf 91' lang='lat' dir='ltr'><strong>et</strong></span> <span class='ocrx_word' id='word_1_633' title='bbox 2341 3877 2399 3936; x_wconf 91' lang='lat' dir='ltr'><strong>in</strong></span> <span class='ocrx_word' id='word_1_634' title='bbox 2418 3876 2857 3957; x_wconf 87' lang='lat' dir='ltr'><strong>quintadecima</strong></span> <span class='ocrx_word' id='word_1_635' title='bbox 2887 3877 2983 3937; x_wconf 92' lang='lat' dir='ltr'><strong>die</strong></span> <span class='ocrx_word' id='word_1_636' title='bbox 3014 3876 3188 3954; x_wconf 89' lang='lat' dir='ltr'><strong>hujus</strong></span> <span class='ocrx_word' id='word_1_637' title='bbox 3222 3876 3442 3934; x_wconf 81' lang='lat' dir='ltr'><strong>mensis</strong></span> <span class='ocrx_word' id='word_1_638' title='bbox 3464 3873 3677 3933; x_wconf 86' lang='lat' dir='ltr'><strong>festum</strong></span> 
     </span>
    </p>
   </div>
   <div class='ocr_carea' id='block_1_85' title="bbox 2038 3961 3679 4046">
    <p class='ocr_par' dir='ltr' id='par_1_85' title="bbox 2038 3961 3679 4046">
     <span class='ocr_line' id='line_1_85' title="bbox 2038 3961 3679 4046; baseline -0.002 -22"><span class='ocrx_word' id='word_1_639' title='bbox 2038 3982 2373 4044; x_wconf 83' lang='lat' dir='ltr'><strong>azymorum</strong></span> <span class='ocrx_word' id='word_1_640' title='bbox 2392 3965 2919 4046; x_wconf 87' lang='lat' dir='ltr'><strong>Domino.l.eptem</strong></span> <span class='ocrx_word' id='word_1_641' title='bbox 2948 3966 3108 4026; x_wconf 89' lang='lat' dir='ltr'><strong>enim</strong></span> <span class='ocrx_word' id='word_1_642' title='bbox 3126 3961 3336 4024; x_wconf 89' lang='lat' dir='ltr'><strong>diebus</strong></span> <span class='ocrx_word' id='word_1_643' title='bbox 3357 3980 3556 4041; x_wconf 86' lang='lat' dir='ltr'><strong>azyma</strong></span> <span class='ocrx_word' id='word_1_644' title='bbox 3579 3980 3679 4022; x_wconf 91' lang='lat' dir='ltr'><strong>co-</strong></span> 
     </span>
    </p>
   </div>
   <div class='ocr_carea' id='block_1_86' title="bbox 2043 4051 3678 4135">
    <p class='ocr_par' dir='ltr' id='par_1_86' title="bbox 2043 4051 3678 4135">
     <span class='ocr_line' id='line_1_86' title="bbox 2043 4051 3678 4135; baseline -0.002 -23"><span class='ocrx_word' id='word_1_645' title='bbox 2043 4052 2264 4114; x_wconf 87' lang='lat' dir='ltr'><strong>medile</strong></span> <span class='ocrx_word' id='word_1_646' title='bbox 2287 4053 2503 4133; x_wconf 68' lang='lat' dir='ltr'><strong>(Levii.</strong></span> <span class='ocrx_word' id='word_1_647' title='bbox 2524 4072 2686 4134; x_wconf 82' lang='lat' dir='ltr'><strong>xxnl,</strong></span> <span class='ocrx_word' id='word_1_648' title='bbox 2713 4056 2874 4135; x_wconf 74' lang='grc'><strong>4-6).</strong></span> <span class='ocrx_word' id='word_1_649' title='bbox 2900 4079 2925 4108; x_wconf 83' lang='grc'><strong>››</strong></span> <span class='ocrx_word' id='word_1_650' title='bbox 2952 4053 3105 4115; x_wconf 89' lang='lat' dir='ltr'><strong>Ecce</strong></span> <span class='ocrx_word' id='word_1_651' title='bbox 3138 4051 3296 4112; x_wconf 88' lang='lat' dir='ltr'><strong>enim</strong></span> <span class='ocrx_word' id='word_1_652' title='bbox 3335 4069 3404 4111; x_wconf 88' lang='lat' dir='ltr'><strong>ex</strong></span> <span class='ocrx_word' id='word_1_653' title='bbox 3436 4051 3678 4128; x_wconf 72' lang='lat' dir='ltr'><strong>legis’a-</strong></span> 
     </span>
    </p>
   </div>
   <div class='ocr_carea' id='block_1_87' title="bbox 2041 4142 3675 4225">
    <p class='ocr_par' dir='ltr' id='par_1_87' title="bbox 2041 4142 3675 4225">
     <span class='ocr_line' id='line_1_87' title="bbox 2041 4142 3675 4225; baseline -0.003 -22"><span class='ocrx_word' id='word_1_654' title='bbox 2041 4142 2202 4204; x_wconf 89' lang='lat' dir='ltr'><strong>tione</strong></span> <span class='ocrx_word' id='word_1_655' title='bbox 2226 4143 2404 4225; x_wconf 85' lang='lat' dir='ltr'><strong>Moysi</strong></span> <span class='ocrx_word' id='word_1_656' title='bbox 2428 4142 2744 4219; x_wconf 72' lang='lat' dir='ltr'><strong>didicistis,</strong></span> <span class='ocrx_word' id='word_1_657' title='bbox 2776 4143 3054 4225; x_wconf 88' lang='lat' dir='ltr'><strong>quoniam</strong></span> <span class='ocrx_word' id='word_1_658' title='bbox 3104 4160 3220 4202; x_wconf 91' lang='lat' dir='ltr'><strong>non</strong></span> <span class='ocrx_word' id='word_1_659' title='bbox 3272 4149 3412 4201; x_wconf 90' lang='lat' dir='ltr'><strong>tunc</strong></span> <span class='ocrx_word' id='word_1_660' title='bbox 3450 4157 3675 4218; x_wconf 89' lang='lat' dir='ltr'><strong>azyma,</strong></span> 
     </span>
    </p>
   </div>
   <div class='ocr_carea' id='block_1_88' title="bbox 2036 4228 3679 4312">
    <p class='ocr_par' dir='ltr' id='par_1_88' title="bbox 2036 4228 3679 4312">
     <span class='ocr_line' id='line_1_88' title="bbox 2036 4228 3679 4312; baseline -0.003 -21"><span class='ocrx_word' id='word_1_661' title='bbox 2036 4231 2271 4310; x_wconf 87' lang='lat' dir='ltr'><strong>quando</strong></span> <span class='ocrx_word' id='word_1_662' title='bbox 2304 4239 2436 4312; x_wconf 86' lang='lat' dir='ltr'><strong>post</strong></span> <span class='ocrx_word' id='word_1_663' title='bbox 2460 4251 2693 4294; x_wconf 67' lang='lat' dir='ltr'><strong>caenam</strong></span> <span class='ocrx_word' id='word_1_664' title='bbox 2725 4231 3053 4294; x_wconf 88' lang='lat' dir='ltr'><strong>secundum</strong></span> <span class='ocrx_word' id='word_1_665' title='bbox 3084 4229 3244 4291; x_wconf 90' lang='lat' dir='ltr'><strong>diem</strong></span> <span class='ocrx_word' id='word_1_666' title='bbox 3276 4228 3495 4308; x_wconf 69' lang='lat' dir='ltr'><strong>quintm</strong></span> <span class='ocrx_word' id='word_1_667' title='bbox 3516 4229 3679 4288; x_wconf 62' lang='lat' dir='ltr'><strong>feriae</strong></span> 
     </span>
    </p>
   </div>
   <div class='ocr_carea' id='block_1_89' title="bbox 307 4316 3675 4403">
    <p class='ocr_par' dir='ltr' id='par_1_89' title="bbox 307 4316 3675 4403">
     <span class='ocr_line' id='line_1_89' title="bbox 307 4316 3675 4403; baseline -0.003 -21"><span class='ocrx_word' id='word_1_668' title='bbox 307 4320 441 4382; x_wconf 89' lang='lat' dir='ltr'><strong>Non</strong></span> <span class='ocrx_word' id='word_1_669' title='bbox 466 4320 563 4381; x_wconf 90' lang='lat' dir='ltr'><strong>hic</strong></span> <span class='ocrx_word' id='word_1_670' title='bbox 580 4320 742 4383; x_wconf 92' lang='lat' dir='ltr'><strong>solus</strong></span> <span class='ocrx_word' id='word_1_671' title='bbox 773 4321 940 4397; x_wconf 85' lang='lat' dir='ltr'><strong>dixit,</strong></span> <span class='ocrx_word' id='word_1_672' title='bbox 971 4323 1076 4386; x_wconf 92' lang='lat' dir='ltr'><strong>sed</strong></span> <span class='ocrx_word' id='word_1_673' title='bbox 1103 4330 1159 4385; x_wconf 89' lang='lat' dir='ltr'><strong>et</strong></span> <span class='ocrx_word' id='word_1_674' title='bbox 1196 4323 1391 4386; x_wconf 72' lang='lat' dir='ltr'><strong>czeteri</strong></span> <span class='ocrx_word' id='word_1_675' title='bbox 1436 4323 1858 4403; x_wconf 88' lang='lat' dir='ltr'><strong>apostolorum,</strong></span> <span class='ocrx_word' id='word_1_676' title='bbox 1894 4333 1953 4384; x_wconf 91' lang='lat' dir='ltr'><strong>et</strong></span> <span class='ocrx_word' id='word_1_677' title='bbox 1974 4350 2016 4398; x_wconf 83' lang='lat' dir='ltr'><strong>D</strong></span> <span class='ocrx_word' id='word_1_678' title='bbox 2036 4321 2301 4383; x_wconf 91' lang='lat' dir='ltr'><strong>Christus</strong></span> <span class='ocrx_word' id='word_1_679' title='bbox 2333 4321 2693 4402; x_wconf 85' lang='lat' dir='ltr'><strong>tradiditper</strong></span> <span class='ocrx_word' id='word_1_680' title='bbox 2716 4320 3062 4383; x_wconf 89' lang='lat' dir='ltr'><strong>fractionem</strong></span> <span class='ocrx_word' id='word_1_681' title='bbox 3096 4319 3260 4399; x_wconf 88' lang='lat' dir='ltr'><strong>panis</strong></span> <span class='ocrx_word' id='word_1_682' title='bbox 3287 4317 3432 4380; x_wconf 84' lang='lat' dir='ltr'><strong>Novi</strong></span> <span class='ocrx_word' id='word_1_683' title='bbox 3465 4316 3675 4376; x_wconf 85' lang='lat' dir='ltr'><strong>Testa-</strong></span> 
     </span>
    </p>
   </div>
   <div class='ocr_carea' id='block_1_90' title="bbox 308 4407 1953 4488">
    <p class='ocr_par' dir='ltr' id='par_1_90' title="bbox 308 4407 1953 4488">
     <span class='ocr_line' id='line_1_90' title="bbox 308 4407 1953 4488; baseline 0.001 -17"><span class='ocrx_word' id='word_1_684' title='bbox 308 4407 616 4471; x_wconf 68' lang='lat' dir='ltr'><strong>Matthaaus</strong></span> <span class='ocrx_word' id='word_1_685' title='bbox 661 4407 902 4488; x_wconf 90' lang='lat' dir='ltr'><strong>quidem</strong></span> <span class='ocrx_word' id='word_1_686' title='bbox 929 4411 1053 4473; x_wconf 91' lang='lat' dir='ltr'><strong>ait:</strong></span> <span class='ocrx_word' id='word_1_687' title='bbox 1097 4434 1118 4468; x_wconf 77' lang='grc' dir='ltr'>α</span> <span class='ocrx_word' id='word_1_688' title='bbox 1156 4412 1540 4475; x_wconf 76' lang='lat' dir='ltr'><strong>Cmnanlibus</strong></span> <span class='ocrx_word' id='word_1_689' title='bbox 1591 4421 1785 4473; x_wconf 90' lang='lat' dir='ltr'><strong>autem</strong></span> <span class='ocrx_word' id='word_1_690' title='bbox 1835 4412 1953 4473; x_wconf 90' lang='lat' dir='ltr'><strong>illis</strong></span> 
     </span>
    </p>
   </div>
   <div class='ocr_carea' id='block_1_91' title="bbox 317 4497 1950 4580">
    <p class='ocr_par' dir='ltr' id='par_1_91' title="bbox 317 4497 1950 4580">
     <span class='ocr_line' id='line_1_91' title="bbox 317 4497 1950 4580; baseline 0.004 -22"><span class='ocrx_word' id='word_1_691' title='bbox 317 4504 486 4577; x_wconf 69' lang='lat' dir='ltr'><strong>atque</strong></span> <span class='ocrx_word' id='word_1_692' title='bbox 502 4497 954 4560; x_wconf 86' lang='lat' dir='ltr'><strong>comedentibus</strong></span> <span class='ocrx_word' id='word_1_693' title='bbox 973 4499 1273 4580; x_wconf 89' lang='lat' dir='ltr'><strong>accipiens</strong></span> <span class='ocrx_word' id='word_1_694' title='bbox 1288 4504 1316 4560; x_wconf 78' lang='grc' dir='ltr'><strong>,Ι</strong></span> <span class='ocrx_word' id='word_1_695' title='bbox 1325 4519 1458 4562; x_wconf 89' lang='lat' dir='ltr'><strong>esus</strong></span> <span class='ocrx_word' id='word_1_696' title='bbox 1478 4519 1687 4580; x_wconf 89' lang='lat' dir='ltr'><strong>panem</strong></span> <span class='ocrx_word' id='word_1_697' title='bbox 1710 4500 1950 4565; x_wconf 64' lang='lat' dir='ltr'><strong>(Matth.</strong></span> 
     </span>
    </p>
   </div>
   <div class='ocr_carea' id='block_1_92' title="bbox 308 4585 1952 4670">
    <p class='ocr_par' dir='ltr' id='par_1_92' title="bbox 308 4585 1952 4670">
     <span class='ocr_line' id='line_1_92' title="bbox 308 4585 1952 4670; baseline 0.001 -21"><span class='ocrx_word' id='word_1_698' title='bbox 308 4585 955 4665; x_wconf 66' lang='lat' dir='ltr'><strong>xxv1,26):»Aspicis,</strong></span> <span class='ocrx_word' id='word_1_699' title='bbox 1002 4606 1216 4668; x_wconf 87' lang='lat' dir='ltr'><strong>panem</strong></span> <span class='ocrx_word' id='word_1_700' title='bbox 1267 4597 1324 4650; x_wconf 90' lang='lat' dir='ltr'><strong>et</strong></span> <span class='ocrx_word' id='word_1_701' title='bbox 1372 4590 1467 4651; x_wconf 92' lang='lat' dir='ltr'><strong>hic</strong></span> <span class='ocrx_word' id='word_1_702' title='bbox 1515 4590 1726 4670; x_wconf 89' lang='lat' dir='ltr'><strong>inquit,</strong></span> <span class='ocrx_word' id='word_1_703' title='bbox 1782 4614 1811 4645; x_wconf 76' lang='grc' dir='ltr'><strong>α</strong></span> <span class='ocrx_word' id='word_1_704' title='bbox 1843 4589 1952 4650; x_wconf 93' lang='lat' dir='ltr'><strong>be-</strong></span> 
     </span>
    </p>
   </div>
   <div class='ocr_carea' id='block_1_93' title="bbox 311 4673 1944 4758">
    <p class='ocr_par' dir='ltr' id='par_1_93' title="bbox 311 4673 1944 4758">
     <span class='ocr_line' id='line_1_93' title="bbox 311 4673 1944 4758; baseline 0.001 -22"><span class='ocrx_word' id='word_1_705' title='bbox 311 4673 596 4737; x_wconf 90' lang='lat' dir='ltr'><strong>nedicens</strong></span> <span class='ocrx_word' id='word_1_706' title='bbox 627 4673 822 4753; x_wconf 86' lang='lat' dir='ltr'><strong>fregit,</strong></span> <span class='ocrx_word' id='word_1_707' title='bbox 859 4683 919 4736; x_wconf 89' lang='lat' dir='ltr'><strong>et</strong></span> <span class='ocrx_word' id='word_1_708' title='bbox 947 4675 1109 4738; x_wconf 90' lang='lat' dir='ltr'><strong>dedit</strong></span> <span class='ocrx_word' id='word_1_709' title='bbox 1149 4677 1457 4758; x_wconf 90' lang='lat' dir='ltr'><strong>discipulis</strong></span> <span class='ocrx_word' id='word_1_710' title='bbox 1489 4680 1611 4740; x_wconf 89' lang='lat' dir='ltr'><strong>suis</strong></span> <span class='ocrx_word' id='word_1_711' title='bbox 1650 4687 1707 4739; x_wconf 93' lang='lat' dir='ltr'><strong>et</strong></span> <span class='ocrx_word' id='word_1_712' title='bbox 1753 4678 1897 4739; x_wconf 65' lang='lat' dir='ltr'><strong>dixit</strong></span> <span class='ocrx_word' id='word_1_713' title='bbox 1931 4698 1944 4738; x_wconf 92' lang='lat'><strong>:</strong></span> 
     </span>
    </p>
   </div>
   <div class='ocr_carea' id='block_1_94' title="bbox 193 4761 1943 4847">
    <p class='ocr_par' dir='ltr' id='par_1_94' title="bbox 193 4761 1943 4847">
     <span class='ocr_line' id='line_1_94' title="bbox 193 4761 1943 4847; baseline 0.003 -28"><span class='ocrx_word' id='word_1_714' title='bbox 193 4808 205 4819; x_wconf 93' lang='lat'><strong>.</strong></span> <span class='ocrx_word' id='word_1_715' title='bbox 309 4761 538 4825; x_wconf 89' lang='lat' dir='ltr'><strong>Sumite</strong></span> <span class='ocrx_word' id='word_1_716' title='bbox 559 4762 947 4845; x_wconf 92' lang='lat' dir='ltr'><strong>etcomedite,</strong></span> <span class='ocrx_word' id='word_1_717' title='bbox 973 4764 1085 4826; x_wconf 86' lang='lat' dir='ltr'><strong>hoc</strong></span> <span class='ocrx_word' id='word_1_718' title='bbox 1108 4773 1196 4826; x_wconf 85' lang='lat' dir='ltr'><strong>est</strong></span> <span class='ocrx_word' id='word_1_719' title='bbox 1218 4784 1432 4845; x_wconf 87' lang='lat' dir='ltr'><strong>corpus</strong></span> <span class='ocrx_word' id='word_1_720' title='bbox 1457 4785 1650 4827; x_wconf 77' lang='lat' dir='ltr'><strong>meum</strong></span> <span class='ocrx_word' id='word_1_721' title='bbox 1675 4767 1851 4847; x_wconf 79' lang='lat' dir='ltr'><strong>(Ibid.</strong></span> <span class='ocrx_word' id='word_1_722' title='bbox 1852 4768 1943 4845; x_wconf 73' lang='lat'><strong>).»</strong></span> 
     </span>
    </p>
   </div>
   <div class='ocr_carea' id='block_1_95' title="bbox 308 4851 1947 4935">
    <p class='ocr_par' dir='ltr' id='par_1_95' title="bbox 308 4851 1947 4935">
     <span class='ocr_line' id='line_1_95' title="bbox 308 4851 1947 4935; baseline 0 -20"><span class='ocrx_word' id='word_1_723' title='bbox 308 4851 598 4915; x_wconf 87' lang='lat' dir='ltr'><strong>Similiter</strong></span> <span class='ocrx_word' id='word_1_724' title='bbox 638 4860 833 4915; x_wconf 88' lang='lat' dir='ltr'><strong>autem</strong></span> <span class='ocrx_word' id='word_1_725' title='bbox 865 4860 924 4914; x_wconf 87' lang='lat' dir='ltr'><strong>et</strong></span> <span class='ocrx_word' id='word_1_726' title='bbox 961 4853 1075 4915; x_wconf 92' lang='lat' dir='ltr'><strong>hoc</strong></span> <span class='ocrx_word' id='word_1_727' title='bbox 1134 4857 1366 4917; x_wconf 89' lang='lat' dir='ltr'><strong>Marcus</strong></span> <span class='ocrx_word' id='word_1_728' title='bbox 1405 4854 1630 4935; x_wconf 87' lang='lat' dir='ltr'><strong>inquit,</strong></span> <span class='ocrx_word' id='word_1_729' title='bbox 1694 4864 1752 4915; x_wconf 90' lang='lat' dir='ltr'><strong>et</strong></span> <span class='ocrx_word' id='word_1_730' title='bbox 1807 4855 1947 4916; x_wconf 87' lang='lat' dir='ltr'><strong>reli-</strong></span> 
     </span>
    </p>
   </div>
   <div class='ocr_carea' id='block_1_96' title="bbox 309 4940 1947 5024">
    <p class='ocr_par' dir='ltr' id='par_1_96' title="bbox 309 4940 1947 5024">
     <span class='ocr_line' id='line_1_96' title="bbox 309 4940 1947 5024; baseline 0.001 -22"><span class='ocrx_word' id='word_1_731' title='bbox 309 4940 534 5022; x_wconf 82' lang='lat' dir='ltr'><strong>quizet</strong></span> <span class='ocrx_word' id='word_1_732' title='bbox 575 4960 944 5023; x_wconf 90' lang='lat' dir='ltr'><strong>nequaquam</strong></span> <span class='ocrx_word' id='word_1_733' title='bbox 998 4962 1264 5024; x_wconf 89' lang='lat' dir='ltr'><strong>azymum</strong></span> <span class='ocrx_word' id='word_1_734' title='bbox 1314 4943 1387 5005; x_wconf 91' lang='lat' dir='ltr'><strong>ab</strong></span> <span class='ocrx_word' id='word_1_735' title='bbox 1446 4944 1534 5005; x_wconf 91' lang='lat' dir='ltr'><strong>eis</strong></span> <span class='ocrx_word' id='word_1_736' title='bbox 1581 4961 1947 5005; x_wconf 91' lang='lat' dir='ltr'><strong>commemo-</strong></span> 
     </span>
    </p>
   </div>
   <div class='ocr_carea' id='block_1_97' title="bbox 308 5037 491 5092">
    <p class='ocr_par' dir='ltr' id='par_1_97' title="bbox 308 5037 491 5092">
     <span class='ocr_line' id='line_1_97' title="bbox 308 5037 491 5092; baseline 0.005 -1"><span class='ocrx_word' id='word_1_737' title='bbox 308 5037 491 5092; x_wconf 89' lang='lat' dir='ltr'><strong>ratur.</strong></span> 
     </span>
    </p>
   </div>
   <div class='ocr_carea' id='block_1_98' title="bbox 387 5117 1944 5202">
    <p class='ocr_par' dir='ltr' id='par_1_98' title="bbox 387 5117 1944 5202">
     <span class='ocr_line' id='line_1_98' title="bbox 387 5117 1944 5202; baseline -0.001 -20"><span class='ocrx_word' id='word_1_738' title='bbox 387 5117 514 5183; x_wconf 87' lang='lat' dir='ltr'><strong>VII.</strong></span> <span class='ocrx_word' id='word_1_739' title='bbox 546 5118 830 5189; x_wconf 86' lang='lat' dir='ltr'><strong>Quoniam</strong></span> <span class='ocrx_word' id='word_1_740' title='bbox 862 5120 1108 5200; x_wconf 92' lang='lat' dir='ltr'><strong>quidem</strong></span> <span class='ocrx_word' id='word_1_741' title='bbox 1137 5121 1444 5202; x_wconf 90' lang='lat' dir='ltr'><strong>oportebat</strong></span> <span class='ocrx_word' id='word_1_742' title='bbox 1492 5120 1605 5201; x_wconf 91' lang='lat' dir='ltr'><strong>pati</strong></span> <span class='ocrx_word' id='word_1_743' title='bbox 1650 5118 1944 5182; x_wconf 90' lang='lat' dir='ltr'><strong>Christum</strong></span> 
     </span>
    </p>
   </div>
   <div class='ocr_carea' id='block_1_99' title="bbox 307 5207 1946 5292">
    <p class='ocr_par' dir='ltr' id='par_1_99' title="bbox 307 5207 1946 5292">
     <span class='ocr_line' id='line_1_99' title="bbox 307 5207 1946 5292; baseline 0.001 -22"><span class='ocrx_word' id='word_1_744' title='bbox 307 5207 635 5271; x_wconf 83' lang='lat' dir='ltr'><strong>secundum</strong></span> <span class='ocrx_word' id='word_1_745' title='bbox 666 5208 828 5271; x_wconf 91' lang='lat' dir='ltr'><strong>diem</strong></span> <span class='ocrx_word' id='word_1_746' title='bbox 865 5209 1071 5288; x_wconf 90' lang='lat' dir='ltr'><strong>legalis</strong></span> <span class='ocrx_word' id='word_1_747' title='bbox 1106 5211 1358 5292; x_wconf 79' lang='lat' dir='ltr'><strong>paschae,</strong></span> <span class='ocrx_word' id='word_1_748' title='bbox 1393 5211 1452 5272; x_wconf 89' lang='lat' dir='ltr'><strong>in</strong></span> <span class='ocrx_word' id='word_1_749' title='bbox 1496 5229 1611 5292; x_wconf 88' lang='lat' dir='ltr'><strong>qua</strong></span> <span class='ocrx_word' id='word_1_750' title='bbox 1659 5217 1716 5270; x_wconf 89' lang='lat' dir='ltr'><strong>et</strong></span> <span class='ocrx_word' id='word_1_751' title='bbox 1755 5227 1946 5285; x_wconf 77' lang='lat' dir='ltr'><strong>agnus</strong></span> 
     </span>
    </p>
   </div>
   <div class='ocr_carea' id='block_1_100' title="bbox 306 5295 1953 5380">
    <p class='ocr_par' dir='ltr' id='par_1_100' title="bbox 306 5295 1953 5380">
     <span class='ocr_line' id='line_1_100' title="bbox 306 5295 1953 5380; baseline 0.001 -23"><span class='ocrx_word' id='word_1_752' title='bbox 306 5295 378 5357; x_wconf 91' lang='lat' dir='ltr'><strong>ab</strong></span> <span class='ocrx_word' id='word_1_753' title='bbox 396 5296 649 5360; x_wconf 90' lang='lat' dir='ltr'><strong>Hebreis</strong></span> <span class='ocrx_word' id='word_1_754' title='bbox 666 5296 1105 5361; x_wconf 88' lang='lat' dir='ltr'><strong>immolabatur.</strong></span> <span class='ocrx_word' id='word_1_755' title='bbox 1124 5296 1396 5380; x_wconf 80' lang='lat' dir='ltr'><strong>Oportuit</strong></span> <span class='ocrx_word' id='word_1_756' title='bbox 1416 5299 1573 5361; x_wconf 91' lang='lat' dir='ltr'><strong>enim</strong></span> <span class='ocrx_word' id='word_1_757' title='bbox 1586 5297 1714 5359; x_wconf 84' lang='lat' dir='ltr'><strong>ﬁeri</strong></span> <span class='ocrx_word' id='word_1_758' title='bbox 1736 5299 1953 5377; x_wconf 88' lang='lat' dir='ltr'><strong>pascha</strong></span> 
     </span>
    </p>
   </div>
   <div class='ocr_carea' id='block_1_101' title="bbox 305 5384 1947 5470">
    <p class='ocr_par' dir='ltr' id='par_1_101' title="bbox 305 5384 1947 5470">
     <span class='ocr_line' id='line_1_101' title="bbox 305 5384 1947 5470; baseline 0.002 -25"><span class='ocrx_word' id='word_1_759' title='bbox 305 5384 378 5446; x_wconf 88' lang='lat' dir='ltr'><strong>ab</strong></span> <span class='ocrx_word' id='word_1_760' title='bbox 399 5384 879 5449; x_wconf 89' lang='lat' dir='ltr'><strong>interfectoribus</strong></span> <span class='ocrx_word' id='word_1_761' title='bbox 901 5388 1009 5449; x_wconf 92' lang='lat' dir='ltr'><strong>Dei</strong></span> <span class='ocrx_word' id='word_1_762' title='bbox 1028 5388 1090 5450; x_wconf 91' lang='lat' dir='ltr'><strong>in</strong></span> <span class='ocrx_word' id='word_1_763' title='bbox 1116 5397 1280 5450; x_wconf 84' lang='lat' dir='ltr'><strong>sexta</strong></span> <span class='ocrx_word' id='word_1_764' title='bbox 1300 5390 1467 5470; x_wconf 88' lang='lat' dir='ltr'><strong>feria,</strong></span> <span class='ocrx_word' id='word_1_765' title='bbox 1488 5389 1544 5450; x_wconf 90' lang='lat' dir='ltr'><strong>in</strong></span> <span class='ocrx_word' id='word_1_766' title='bbox 1570 5406 1685 5469; x_wconf 89' lang='lat' dir='ltr'><strong>qua</strong></span> <span class='ocrx_word' id='word_1_767' title='bbox 1709 5385 1947 5448; x_wconf 89' lang='lat' dir='ltr'><strong>tandem</strong></span> 
     </span>
    </p>
   </div>
   <div class='ocr_carea' id='block_1_102' title="bbox 305 5475 1942 5560">
    <p class='ocr_par' dir='ltr' id='par_1_102' title="bbox 305 5475 1942 5560">
     <span class='ocr_line' id='line_1_102' title="bbox 305 5475 1942 5560; baseline 0.002 -25"><span class='ocrx_word' id='word_1_768' title='bbox 305 5481 365 5536; x_wconf 90' lang='lat' dir='ltr'><strong>et</strong></span> <span class='ocrx_word' id='word_1_769' title='bbox 382 5482 587 5555; x_wconf 86' lang='lat' dir='ltr'><strong>quarta</strong></span> <span class='ocrx_word' id='word_1_770' title='bbox 607 5475 845 5538; x_wconf 90' lang='lat' dir='ltr'><strong>decima</strong></span> <span class='ocrx_word' id='word_1_771' title='bbox 864 5477 1004 5540; x_wconf 89' lang='lat' dir='ltr'><strong>luna</strong></span> <span class='ocrx_word' id='word_1_772' title='bbox 1025 5486 1149 5540; x_wconf 92' lang='lat' dir='ltr'><strong>erat</strong></span> <span class='ocrx_word' id='word_1_773' title='bbox 1171 5480 1337 5558; x_wconf 85' lang='lat' dir='ltr'><strong>juxta</strong></span> <span class='ocrx_word' id='word_1_774' title='bbox 1362 5480 1617 5560; x_wconf 89' lang='lat' dir='ltr'><strong>primum</strong></span> <span class='ocrx_word' id='word_1_775' title='bbox 1647 5492 1913 5540; x_wconf 90' lang='lat' dir='ltr'><strong>mensem</strong></span> <span class='ocrx_word' id='word_1_776' title='bbox 1928 5527 1942 5555; x_wconf 94' lang='lat'><strong>,</strong></span> 
     </span>
    </p>
   </div>
   <div class='ocr_carea' id='block_1_103' title="bbox 2037 4409 3676 4490">
    <p class='ocr_par' dir='ltr' id='par_1_103' title="bbox 2037 4409 3676 4490">
     <span class='ocr_line' id='line_1_103' title="bbox 2037 4409 3676 4490; baseline -0.004 -21"><span class='ocrx_word' id='word_1_777' title='bbox 2037 4409 2221 4470; x_wconf 91' lang='lat' dir='ltr'><strong>menti</strong></span> <span class='ocrx_word' id='word_1_778' title='bbox 2253 4411 2619 4490; x_wconf 88' lang='lat' dir='ltr'><strong>mysterium.</strong></span> <span class='ocrx_word' id='word_1_779' title='bbox 2665 4411 2814 4471; x_wconf 90' lang='lat' dir='ltr'><strong>Ante</strong></span> <span class='ocrx_word' id='word_1_780' title='bbox 2845 4411 3058 4471; x_wconf 88' lang='lat' dir='ltr'><strong>festum</strong></span> <span class='ocrx_word' id='word_1_781' title='bbox 3101 4416 3299 4469; x_wconf 90' lang='lat' dir='ltr'><strong>autem</strong></span> <span class='ocrx_word' id='word_1_782' title='bbox 3344 4422 3676 4485; x_wconf 85' lang='lat' dir='ltr'><strong>azymorum</strong></span> 
     </span>
    </p>
   </div>
   <div class='ocr_carea' id='block_1_104' title="bbox 2035 4491 3676 4573">
    <p class='ocr_par' dir='ltr' id='par_1_104' title="bbox 2035 4491 3676 4573">
     <span class='ocr_line' id='line_1_104' title="bbox 2035 4491 3676 4573; baseline -0.004 -15"><span class='ocrx_word' id='word_1_783' title='bbox 2035 4498 2147 4558; x_wconf 90' lang='lat' dir='ltr'><strong>hoc</strong></span> <span class='ocrx_word' id='word_1_784' title='bbox 2169 4497 2470 4573; x_wconf 85' lang='lat' dir='ltr'><strong>fecit,cum</strong></span> <span class='ocrx_word' id='word_1_785' title='bbox 2491 4507 2645 4560; x_wconf 83' lang='lat' dir='ltr'><strong>esset</strong></span> <span class='ocrx_word' id='word_1_786' title='bbox 2663 4499 3070 4559; x_wconf 86' lang='lat' dir='ltr'><strong>tertiadecima</strong></span> <span class='ocrx_word' id='word_1_787' title='bbox 3091 4496 3217 4558; x_wconf 90' lang='lat' dir='ltr'><strong>dies</strong></span> <span class='ocrx_word' id='word_1_788' title='bbox 3236 4495 3454 4555; x_wconf 88' lang='lat' dir='ltr'><strong>mensis</strong></span> <span class='ocrx_word' id='word_1_789' title='bbox 3471 4491 3676 4564; x_wconf 89' lang='lat' dir='ltr'><strong>.Quin-</strong></span> 
     </span>
    </p>
   </div>
   <div class='ocr_carea' id='block_1_105' title="bbox 2036 4581 3681 4665">
    <p class='ocr_par' dir='ltr' id='par_1_105' title="bbox 2036 4581 3681 4665">
     <span class='ocr_line' id='line_1_105' title="bbox 2036 4581 3681 4665; baseline -0.004 -20"><span class='ocrx_word' id='word_1_790' title='bbox 2036 4585 2325 4647; x_wconf 81' lang='lat' dir='ltr'><strong>tadecima</strong></span> <span class='ocrx_word' id='word_1_791' title='bbox 2345 4589 2504 4648; x_wconf 91' lang='lat' dir='ltr'><strong>enim</strong></span> <span class='ocrx_word' id='word_1_792' title='bbox 2530 4588 2624 4648; x_wconf 89' lang='lat' dir='ltr'><strong>die</strong></span> <span class='ocrx_word' id='word_1_793' title='bbox 2651 4587 2966 4661; x_wconf 87' lang='lat' dir='ltr'><strong>mensis,ut</strong></span> <span class='ocrx_word' id='word_1_794' title='bbox 2989 4584 3278 4665; x_wconf 87' lang='lat' dir='ltr'><strong>legislatio</strong></span> <span class='ocrx_word' id='word_1_795' title='bbox 3311 4581 3681 4661; x_wconf 86' lang='lat' dir='ltr'><strong>Moysis,erat</strong></span> 
     </span>
    </p>
   </div>
   <div class='ocr_carea' id='block_1_106' title="bbox 2037 4672 3680 4756">
    <p class='ocr_par' dir='ltr' id='par_1_106' title="bbox 2037 4672 3680 4756">
     <span class='ocr_line' id='line_1_106' title="bbox 2037 4672 3680 4756; baseline -0.003 -23"><span class='ocrx_word' id='word_1_796' title='bbox 2037 4672 2251 4735; x_wconf 89' lang='lat' dir='ltr'><strong>festum</strong></span> <span class='ocrx_word' id='word_1_797' title='bbox 2287 4694 2646 4756; x_wconf 90' lang='lat' dir='ltr'><strong>azymorum.</strong></span> <span class='ocrx_word' id='word_1_798' title='bbox 2688 4675 2757 4736; x_wconf 85' lang='lat' dir='ltr'><strong>Et</strong></span> <span class='ocrx_word' id='word_1_799' title='bbox 2783 4674 3049 4736; x_wconf 74' lang='lat' dir='ltr'><strong>Christus</strong></span> <span class='ocrx_word' id='word_1_800' title='bbox 3080 4674 3137 4733; x_wconf 89' lang='lat' dir='ltr'><strong>in</strong></span> <span class='ocrx_word' id='word_1_801' title='bbox 3179 4672 3323 4733; x_wconf 88' lang='lat' dir='ltr'><strong>feria</strong></span> <span class='ocrx_word' id='word_1_802' title='bbox 3354 4679 3514 4731; x_wconf 80' lang='lat' dir='ltr'><strong>sexta</strong></span> <span class='ocrx_word' id='word_1_803' title='bbox 3540 4688 3680 4730; x_wconf 91' lang='lat' dir='ltr'><strong>cru-</strong></span> 
     </span>
    </p>
   </div>
   <div class='ocr_carea' id='block_1_107' title="bbox 2034 4758 3677 4845">
    <p class='ocr_par' dir='ltr' id='par_1_107' title="bbox 2034 4758 3677 4845">
     <span class='ocr_line' id='line_1_107' title="bbox 2034 4758 3677 4845; baseline -0.007 -18"><span class='ocrx_word' id='word_1_804' title='bbox 2034 4765 2259 4837; x_wconf 85' lang='lat' dir='ltr'><strong>ciﬁxus,</strong></span> <span class='ocrx_word' id='word_1_805' title='bbox 2283 4765 2612 4826; x_wconf 82' lang='lat' dir='ltr'><strong>secundum</strong></span> <span class='ocrx_word' id='word_1_806' title='bbox 2644 4765 3206 4845; x_wconf 87' lang='lat' dir='ltr'><strong>quartamdecimam</strong></span> <span class='ocrx_word' id='word_1_807' title='bbox 3238 4760 3395 4822; x_wconf 87' lang='lat' dir='ltr'><strong>diem</strong></span> <span class='ocrx_word' id='word_1_808' title='bbox 3431 4758 3677 4845; x_wconf 88' lang='lat' dir='ltr'><strong>mensis,</strong></span> 
     </span>
    </p>
   </div>
   <div class='ocr_carea' id='block_1_108' title="bbox 2033 4844 3680 4934">
    <p class='ocr_par' dir='ltr' id='par_1_108' title="bbox 2033 4844 3680 4934">
     <span class='ocr_line' id='line_1_108' title="bbox 2033 4844 3680 4934; baseline -0.005 -21"><span class='ocrx_word' id='word_1_809' title='bbox 2033 4852 2265 4934; x_wconf 83' lang='lat' dir='ltr'><strong>quando</strong></span> <span class='ocrx_word' id='word_1_810' title='bbox 2289 4852 2582 4914; x_wconf 87' lang='lat' dir='ltr'><strong>debebant</strong></span> <span class='ocrx_word' id='word_1_811' title='bbox 2602 4844 2787 4916; x_wconf 66' lang='lat' dir='ltr'><strong>Judaei</strong></span> <span class='ocrx_word' id='word_1_812' title='bbox 2811 4852 3121 4914; x_wconf 85' lang='lat' dir='ltr'><strong>immolare</strong></span> <span class='ocrx_word' id='word_1_813' title='bbox 3143 4867 3384 4928; x_wconf 85' lang='lat' dir='ltr'><strong>agnum;</strong></span> <span class='ocrx_word' id='word_1_814' title='bbox 3420 4844 3680 4909; x_wconf 87' lang='lat' dir='ltr'><strong>Sabbato</strong></span> 
     </span>
    </p>
   </div>
   <div class='ocr_carea' id='block_1_109' title="bbox 2032 4934 3678 5022">
    <p class='ocr_par' dir='ltr' id='par_1_109' title="bbox 2032 4934 3678 5022">
     <span class='ocr_line' id='line_1_109' title="bbox 2032 4934 3678 5022; baseline -0.007 -18"><span class='ocrx_word' id='word_1_815' title='bbox 2032 4950 2231 5005; x_wconf 90' lang='lat' dir='ltr'><strong>autem</strong></span> <span class='ocrx_word' id='word_1_816' title='bbox 2264 4942 2591 5004; x_wconf 89' lang='lat' dir='ltr'><strong>secundum</strong></span> <span class='ocrx_word' id='word_1_817' title='bbox 2630 4939 3190 5022; x_wconf 88' lang='lat' dir='ltr'><strong>quintamdecimam</strong></span> <span class='ocrx_word' id='word_1_818' title='bbox 3230 4936 3386 4996; x_wconf 83' lang='lat' dir='ltr'><strong>diem</strong></span> <span class='ocrx_word' id='word_1_819' title='bbox 3431 4934 3678 5006; x_wconf 89' lang='lat' dir='ltr'><strong>mensis,</strong></span> 
     </span>
    </p>
   </div>
   <div class='ocr_carea' id='block_1_110' title="bbox 2034 5023 3685 5111">
    <p class='ocr_par' dir='ltr' id='par_1_110' title="bbox 2034 5023 3685 5111">
     <span class='ocr_line' id='line_1_110' title="bbox 2034 5023 3685 5111; baseline -0.007 -18"><span class='ocrx_word' id='word_1_820' title='bbox 2034 5040 2194 5093; x_wconf 88' lang='lat' dir='ltr'><strong>esset</strong></span> <span class='ocrx_word' id='word_1_821' title='bbox 2214 5032 2425 5092; x_wconf 89' lang='lat' dir='ltr'><strong>festum</strong></span> <span class='ocrx_word' id='word_1_822' title='bbox 2446 5050 2806 5111; x_wconf 87' lang='lat' dir='ltr'><strong>azymorum,</strong></span> <span class='ocrx_word' id='word_1_823' title='bbox 2837 5031 2896 5090; x_wconf 91' lang='lat' dir='ltr'><strong>in</strong></span> <span class='ocrx_word' id='word_1_824' title='bbox 2922 5029 3192 5109; x_wconf 85' lang='lat' dir='ltr'><strong>sepulcro</strong></span> <span class='ocrx_word' id='word_1_825' title='bbox 3208 5026 3395 5105; x_wconf 88' lang='lat' dir='ltr'><strong>jacuit</strong></span> <span class='ocrx_word' id='word_1_826' title='bbox 3415 5023 3685 5104; x_wconf 70' lang='lat' dir='ltr'><strong>sepultus</strong></span> 
     </span>
    </p>
   </div>
   <div class='ocr_carea' id='block_1_111' title="bbox 2028 5117 3682 5201">
    <p class='ocr_par' dir='ltr' id='par_1_111' title="bbox 2028 5117 3682 5201">
     <span class='ocr_line' id='line_1_111' title="bbox 2028 5117 3682 5201; baseline -0.007 -19"><span class='ocrx_word' id='word_1_827' title='bbox 2028 5123 2252 5201; x_wconf 90' lang='lat' dir='ltr'><strong>Azyma</strong></span> <span class='ocrx_word' id='word_1_828' title='bbox 2272 5138 2410 5198; x_wconf 90' lang='lat' dir='ltr'><strong>ergo</strong></span> <span class='ocrx_word' id='word_1_829' title='bbox 2433 5120 2573 5180; x_wconf 90' lang='lat' dir='ltr'><strong>dum</strong></span> <span class='ocrx_word' id='word_1_830' title='bbox 2602 5138 2719 5180; x_wconf 89' lang='lat' dir='ltr'><strong>non</strong></span> <span class='ocrx_word' id='word_1_831' title='bbox 2741 5127 2939 5180; x_wconf 90' lang='lat' dir='ltr'><strong>essent</strong></span> <span class='ocrx_word' id='word_1_832' title='bbox 2962 5125 3095 5177; x_wconf 88' lang='lat' dir='ltr'><strong>ante</strong></span> <span class='ocrx_word' id='word_1_833' title='bbox 3113 5117 3323 5176; x_wconf 91' lang='lat' dir='ltr'><strong>festum</strong></span> <span class='ocrx_word' id='word_1_834' title='bbox 3345 5130 3682 5193; x_wconf 85' lang='lat' dir='ltr'><strong>azymorum</strong></span> 
     </span>
    </p>
   </div>
   <div class='ocr_carea' id='block_1_112' title="bbox 2028 5202 3775 5288">
    <p class='ocr_par' dir='ltr' id='par_1_112' title="bbox 2028 5202 3775 5288">
     <span class='ocr_line' id='line_1_112' title="bbox 2028 5202 3775 5288; baseline -0.006 -18"><span class='ocrx_word' id='word_1_835' title='bbox 2028 5209 2091 5271; x_wconf 87' lang='lat' dir='ltr'><strong>in</strong></span> <span class='ocrx_word' id='word_1_836' title='bbox 2109 5218 2226 5270; x_wconf 93' lang='lat' dir='ltr'><strong>toto</strong></span> <span class='ocrx_word' id='word_1_837' title='bbox 2248 5228 2401 5270; x_wconf 90' lang='lat' dir='ltr'><strong>anno</strong></span> <span class='ocrx_word' id='word_1_838' title='bbox 2422 5209 2555 5288; x_wconf 92' lang='lat' dir='ltr'><strong>ipso</strong></span> <span class='ocrx_word' id='word_1_839' title='bbox 2580 5226 2593 5271; x_wconf 93' lang='lat'><strong>:</strong></span> <span class='ocrx_word' id='word_1_840' title='bbox 2624 5217 2852 5288; x_wconf 89' lang='lat' dir='ltr'><strong>septem</strong></span> <span class='ocrx_word' id='word_1_841' title='bbox 2878 5208 3036 5268; x_wconf 91' lang='lat' dir='ltr'><strong>enim</strong></span> <span class='ocrx_word' id='word_1_842' title='bbox 3057 5204 3268 5267; x_wconf 88' lang='lat' dir='ltr'><strong>diebus</strong></span> <span class='ocrx_word' id='word_1_843' title='bbox 3290 5202 3687 5264; x_wconf 80' lang='lat' dir='ltr'><strong>cometlebant</strong></span> <span class='ocrx_word' id='word_1_844' title='bbox 3771 5225 3775 5229; x_wconf 94' lang='grc'><strong>·</strong></span> 
     </span>
    </p>
   </div>
   <div class='ocr_carea' id='block_1_113' title="bbox 2035 5290 3688 5379">
    <p class='ocr_par' dir='ltr' id='par_1_113' title="bbox 2035 5290 3688 5379">
     <span class='ocr_line' id='line_1_113' title="bbox 2035 5290 3688 5379; baseline -0.005 -19"><span class='ocrx_word' id='word_1_845' title='bbox 2035 5297 2458 5379; x_wconf 70' lang='lat' dir='ltr'><strong>azymaJudmi,</strong></span> <span class='ocrx_word' id='word_1_846' title='bbox 2478 5315 2586 5358; x_wconf 93' lang='lat' dir='ltr'><strong>ceu</strong></span> <span class='ocrx_word' id='word_1_847' title='bbox 2606 5296 2858 5357; x_wconf 89' lang='lat' dir='ltr'><strong>instituit</strong></span> <span class='ocrx_word' id='word_1_848' title='bbox 2879 5301 3126 5376; x_wconf 76' lang='lat' dir='ltr'><strong>Moyses:</strong></span> <span class='ocrx_word' id='word_1_849' title='bbox 3163 5293 3223 5353; x_wconf 92' lang='lat' dir='ltr'><strong>in</strong></span> <span class='ocrx_word' id='word_1_850' title='bbox 3243 5290 3688 5373; x_wconf 86' lang='lat' dir='ltr'><strong>quintadecima</strong></span> 
     </span>
    </p>
   </div>
   <div class='ocr_carea' id='block_1_114' title="bbox 2035 5379 3681 5466">
    <p class='ocr_par' dir='ltr' id='par_1_114' title="bbox 2035 5379 3681 5466">
     <span class='ocr_line' id='line_1_114' title="bbox 2035 5379 3681 5466; baseline -0.004 -18"><span class='ocrx_word' id='word_1_851' title='bbox 2035 5387 2131 5448; x_wconf 91' lang='lat' dir='ltr'><strong>die</strong></span> <span class='ocrx_word' id='word_1_852' title='bbox 2156 5385 2329 5466; x_wconf 89' lang='lat' dir='ltr'><strong>primi</strong></span> <span class='ocrx_word' id='word_1_853' title='bbox 2355 5385 2578 5446; x_wconf 90' lang='lat' dir='ltr'><strong>mensis</strong></span> <span class='ocrx_word' id='word_1_854' title='bbox 2599 5384 2951 5464; x_wconf 86' lang='lat' dir='ltr'><strong>incipientes</strong></span> <span class='ocrx_word' id='word_1_855' title='bbox 2969 5385 3182 5445; x_wconf 89' lang='lat' dir='ltr'><strong>festum</strong></span> <span class='ocrx_word' id='word_1_856' title='bbox 3208 5383 3444 5459; x_wconf 90' lang='lat' dir='ltr'><strong>horum,</strong></span> <span class='ocrx_word' id='word_1_857' title='bbox 3468 5379 3568 5440; x_wconf 89' lang='lat' dir='ltr'><strong>ubi</strong></span> <span class='ocrx_word' id='word_1_858' title='bbox 3590 5398 3681 5441; x_wconf 91' lang='lat' dir='ltr'><strong>re-</strong></span> 
     </span>
    </p>
   </div>
   <div class='ocr_carea' id='block_1_115' title="bbox 2035 5469 3684 5558">
    <p class='ocr_par' dir='ltr' id='par_1_115' title="bbox 2035 5469 3684 5558">
     <span class='ocr_line' id='line_1_115' title="bbox 2035 5469 3684 5558; baseline -0.004 -20"><span class='ocrx_word' id='word_1_859' title='bbox 2035 5484 2202 5558; x_wconf 90' lang='lat' dir='ltr'><strong>perta</strong></span> <span class='ocrx_word' id='word_1_860' title='bbox 2231 5482 2366 5537; x_wconf 85' lang='lat' dir='ltr'><strong>sunt</strong></span> <span class='ocrx_word' id='word_1_861' title='bbox 2395 5492 2612 5555; x_wconf 89' lang='lat' dir='ltr'><strong>azyma,</strong></span> <span class='ocrx_word' id='word_1_862' title='bbox 2638 5472 2874 5555; x_wconf 86' lang='lat' dir='ltr'><strong>quando</strong></span> <span class='ocrx_word' id='word_1_863' title='bbox 2918 5492 3053 5535; x_wconf 89' lang='lat' dir='ltr'><strong>cum</strong></span> <span class='ocrx_word' id='word_1_864' title='bbox 3106 5470 3354 5551; x_wconf 87' lang='lat' dir='ltr'><strong>dispulis</strong></span> <span class='ocrx_word' id='word_1_865' title='bbox 3401 5469 3525 5530; x_wconf 89' lang='lat' dir='ltr'><strong>suis</strong></span> <span class='ocrx_word' id='word_1_866' title='bbox 3554 5487 3684 5531; x_wconf 76' lang='lat' dir='ltr'><strong>cce-</strong></span> 
     </span>
    </p>
   </div>
  </div>
