4052 6134
316 266 483 331 1017
1685 268 1990 336 CONTRA
2033 266 2384 334 LATINOS.
3570 266 3722 331 1018

315 418 472 461 nam
508 403 863 465 comederet
891 402 1160 466 Christus
1190 402 1301 465 ‘tSi
1337 403 1498 465 enim
1528 403 1681 465 sicut
1709 404 1931 477 dicitis,
1964 420 1997 464 a
2016 408 2056 458 A
2080 418 2206 461 rem
2237 403 2394 465 circa
2416 422 2552 465 eum
2582 405 2785 466 ﬂetum
2809 402 3109 466 habebant
3136 420 3310 483 quam
3340 400 3618 481 gaudium
3649 419 3718 462 ex

319 486 608 550 Domino
638 492 889 571 apostoli
921 499 1281 571 acceperunt
1319 510 1539 573 azyma,
1575 499 1633 553 et
1664 492 1752 553 illi
1780 492 1994 554 iterum
2082 492 2369 552 memoria
2398 492 2611 555 divina;
2640 492 3021 574 operationis.
3061 517 3088 547 »
3139 490 3558 553 Verumtamen
3591 491 3719 551 haec

320 576 728 640 tradiderunt
755 578 921 640 vobis
951 580 1078 641 haec
1109 581 1171 641 in
1200 581 1386 659 ﬁgura
1406 579 1671 661 corporis
1699 579 1915 642 Christi
1936 580 1994 641 in
2081 580 2324 658 mystice
2354 600 2459 661 per
2486 583 2855 644 Clementem
2889 599 3096 662 papam
3124 579 3579 641 constituentem
3599 597 3717 639 non

322 669 634 745 mysterio
667 666 808 728 Novi
836 667 1228 748 Testamenti,
1262 670 1401 731 dum
1434 687 1545 730 nec
1576 668 1794 731 ablatio
1829 671 1996 749 panis
2079 669 2507 750 steterunthic,
2540 671 2643 732 sed
2678 670 2937 731 scientes
2970 686 3244 737 magnam
3277 665 3713 727 damnationem

318 753 515 815 fieret
534 755 869 817 secundum
892 756 1372 818 constitutionem
1393 757 1809 838 Moysi,neque
1827 767 1991 821 erant
2079 772 2209 815 esse
2257 757 2535 837 jejunare
2578 757 2853 830 Sabbata,
2886 754 3501 818 excummunicatione
3529 754 3720 816 valida

317 849 474 903 tunc
506 862 742 923 azyma,
776 844 875 905 ubi
895 852 1131 924 reperta
1150 854 1287 908 sunt
1307 845 1337 905 ‘?
1369 845 1674 918 Quomodo
1699 844 1993 908 oblivisci-
2074 842 2258 921 ligant
2285 864 2355 907 ex
2386 848 2501 908 hoc
2526 846 2853 909 Ecclesiam
2903 846 3057 908 Dicit
3079 847 3236 907 enim
3258 844 3321 905 in
3353 842 3718 923 sexagesimo

314 948 469 992 mur
503 931 950 1011 legislationum
984 932 1241 1013 Moysis?
1290 935 1529 1014 Septem
1564 952 1821 1013 namque
1851 934 1992 995 solis
2072 942 2281 1010 quarto
2309 953 2558 998 canone.
2592 961 2619 991 α
2682 935 2742 998 Si
2776 935 2907 1015 quis
2938 936 3213 997 inventus
3243 932 3420 995 fuerit
3448 931 3717 994 Domini-

306 1019 557 1082 diebus
587 1022 787 1083 facere
817 1020 1060 1082 tradidit
1089 1021 1276 1085 vobis.
1313 1020 1427 1084 Sed
1459 1040 1564 1084 vos
1597 1021 1658 1082 in
1689 1029 1808 1083 toto
1832 1040 1989 1085 anno
2072 1040 2206 1082 cum
2241 1022 2399 1085 diem
2425 1024 2726 1103 jejunare,
2764 1032 2869 1099 aut
2902 1023 3248 1098 Sabbatum,
3293 1029 3508 1102 praeter
3536 1040 3720 1082 unum

304 1110 703 1172 conculcatis
723 1110 989 1171 instituta
1019 1109 1256 1190 Moysis.
1283 1112 1356 1173 Et
1377 1109 1647 1172 Christus
1666 1128 1785 1172 non
1814 1130 1990 1173 vene-
2071 1110 2287 1186 solum,
2320 1112 2695 1193 deponatur;
2723 1113 2993 1174 siautem
3017 1112 3221 1182 laicus,
3248 1117 3655 1190 sequestretur
3687 1133 3715 1165 n

308 1205 412 1260 rat
445 1200 691 1262 solvere
722 1200 937 1278 legem,
970 1199 1076 1260 sed
1105 1199 1434 1280 adimplere
1489 1198 1728 1275 (Matth.
1762 1217 1822 1280 v,
1860 1201 1980 1279 17).
2149 1198 2273 1263 XII.
2295 1201 2419 1262 Hoc
2440 1209 2634 1263 autem
2659 1209 3051 1283 exsequentes
3092 1209 3150 1262 et
3192 1199 3294 1281 qui
3326 1203 3385 1259 in
3429 1206 3593 1260 sexta
3622 1218 3720 1278 sy-

402 1287 486 1350 X.
525 1287 717 1351 Valde
749 1287 909 1351 enim
959 1288 1266 1350 veritatem
1313 1288 1621 1363 obsistitis,
1655 1289 1887 1353 fratres.
1922 1287 1984 1351 Si
2067 1288 2223 1350 nodo
2250 1290 3072 1365 Patres,convenienterhuic
3088 1289 3174 1351 sic
3196 1287 3569 1369 promulgant
3589 1305 3721 1349 san-

321 1376 502 1438 enim
540 1378 822 1439 traditum
853 1376 1018 1440 vobis
1064 1377 1175 1439 fuit
1225 1377 1297 1441 ab
1355 1376 1638 1458 apostolis
1665 1378 1982 1441 comedere
2066 1383 2182 1451 cte,
2214 1380 2571 1458 praesidente
2619 1380 2851 1459 synodo
2881 1379 3189 1457 Agathone
3219 1396 3367 1459 papa
3398 1376 3622 1453 Romae,
3662 1384 3719 1437 et

312 1483 494 1545 azym
505 1484 566 1541 a,
581 1466 878 1545 quomodo
893 1466 1160 1545 Agathon
1175 1466 1585 1528 sanctissimus
1599 1486 1667 1546 pa
1678 1485 1749 1547 pa
1762 1476 1978 1545 vester,
2066 1467 2341 1544 Gregorio
2356 1487 2487 1530 cum
2502 1468 3103 1547 eisAgrigentinorum
3117 1467 3395 1548 episcopo
3410 1473 3717 1547 prasente:

315 1572 665 1633 praesessor
694 1574 829 1617 cum
855 1569 1013 1617 esset
1035 1564 1210 1617 sextae
1231 1555 1436 1637 synodi
1466 1555 1575 1617 sub
1601 1555 1982 1619 Constantino
2072 1575 2093 1611 α
2118 1554 2408 1627 Quoniam
2431 1558 2673 1639 quidem
2687 1557 2973 1619 discimus
2992 1575 3094 1619 eos
3111 1556 3211 1637 qui
3237 1556 3297 1617 in
3314 1557 3715 1616 Romanorum

315 1642 405 1703 im
423 1651 730 1723 peratore,
767 1652 825 1706 et
854 1644 1087 1706 divinus
1117 1645 1429 1724 Cregorius
1457 1645 1983 1724 Acragantinorum
2008 1648 2046 1697 Β
2070 1642 2216 1706 urbe
2238 1653 2391 1721 sunt,
2421 1648 2477 1708 in
2502 1655 2721 1708 sanctae
2742 1646 3217 1725 Quadragesimaa
3233 1644 3482 1725 jejuniis
3504 1641 3713 1705 eadem

320 1731 673 1812 episcopus
696 1752 815 1794 non
838 1733 1213 1811 abstinuere;
1237 1753 1395 1810 cum,
1420 1734 1759 1814 sicuthujus
1778 1735 1986 1815 synodi

312 1820 520 1881 divini
538 1823 758 1902 Patres,
785 1822 1097 1884 adversum
1119 1840 1320 1909 azyma
1339 1824 1528 1901 legem
1545 1823 1988 1885 constituissent

316 1926 354 1969 a
379 1910 637 1972 nemine
660 1911 928 1973 fidelium
951 1913 1064 1973 hoc
1090 1912 1267 1973 ﬁeri?
1291 1916 1376 1987 Et,
1403 1918 1466 1973 ut
1490 1912 1797 1974 ostendam
1821 1911 1985 1974 vobis

316 1997 555 2059 horum
582 1999 1021 2079 legislationem
1053 2010 1258 2063 contra
1285 2019 1502 2082 azyma,
1536 2002 1751 2081 adjicio
1771 1998 1986 2063 rationi

315 2095 696 2150 etcanonem
713 2089 977 2170 ipsorum
991 2090 1076 2152 sic
1090 2091 1409 2152 habentem
1425 2092 1485 2152 in
1498 2092 1815 2153 undecimo
1829 2091 1987 2172 capi-

315 2176 451 2237 tulo
481 2194 495 2238 :
538 2201 565 2233 α
599 2176 786 2239 Nemo
810 2178 869 2239 in
892 2178 1244 2242 sacerdotali
1267 2181 1620 2243 constitutus
1641 2180 1873 2255 ordine,
1887 2188 1988 2243 aut

314 2264 546 2345 laicus,
585 2284 655 2327 ea
685 2286 818 2347 quae
844 2267 1000 2348 apud
1031 2268 1265 2331 .ludwos
1296 2277 1432 2329 sunt
1460 2288 1660 2351 azyma
1688 2268 1981 2342 comedat,

313 2362 422 2415 aut
440 2373 586 2415 cum
614 2355 701 2416 eis
722 2356 1047 2438 cohabitet,
1077 2364 1178 2418 aut
1206 2358 1266 2417 in
1292 2357 1736 2419 inﬁrmitatibus
1754 2358 1982 2433 invitet,

312 2450 420 2504 aut
452 2442 818 2506 medicinam
850 2445 921 2507 ab
956 2446 1042 2507 eis
1074 2446 1344 2527 accipiat,
1379 2447 1471 2509 vel
1504 2448 1564 2508 in
1596 2446 1824 2508 balneis
1848 2466 1983 2508 cum

316 2532 410 2593 eis
445 2532 783 2595 lavetur.Si
807 2534 940 2615 quis
967 2536 1076 2597 hoc
1103 2553 1277 2612 agere
1308 2536 1649 2610 initiaverit,
1684 2534 1981 2615 siquidem

314 2620 588 2683 clericus
608 2620 807 2703 fuerit,
830 2623 1196 2703 deponatur;
1220 2624 1269 2685 si
1293 2632 1486 2686 autem
1521 2624 1731 2701 laicus,
1757 2643 1974 2704 seque-

315 2716 573 2773 stretur.
596 2729 626 2771 ›
649 2710 1036 2792 Quiazymum
1056 2712 1292 2775 coniicit
1321 2721 1379 2774 et
1407 2714 1686 2789 comedit,
1718 2714 1829 2775 etsi
1858 2732 1975 2775 non

2069 1733 2140 1794 Sa
2151 1730 2326 1795 bbata
2335 1735 2418 1814 jej
2428 1754 2613 1797 unare
2636 1747 2804 1797 extra
2826 1734 3102 1796 traditam
3116 1734 3231 1795 sibi
3248 1731 3712 1795 ecclesiasticam

2069 1823 2554 1902 consequentiam
2589 1842 2603 1887 :
2638 1824 2856 1904 placuit
2886 1831 3107 1884 sanctae
3136 1822 3361 1903 synodo
3394 1820 3714 1882 observare

2068 1910 2470 1973 Romanorum
2484 1911 3190 1975 Ecclesiamimmobilem
3205 1928 3495 1973 canonem
3512 1908 3713 1971 dicen-

2070 2005 2220 2061 tem:
2247 2000 2463 2082 Siquis
2504 2002 2759 2063 clericus
2794 2000 2973 2062 fuerit
3012 2000 3375 2075 inventus,.»
3410 2006 3469 2060 ct
3498 2006 3712 2060 caetera

2068 2106 2199 2169 quae
2219 2089 2438 2152 deinde
2457 2090 2683 2153 scribit.
2710 2093 2847 2154 Haec
2865 2090 3062 2169 igitur,
3079 2089 3231 2150 sicut
3259 2088 3524 2159 cernitis,
3557 2106 3709 2167 apo—

2068 2176 2295 2239 stolicis
2308 2179 2832 2242 constitutionibus
2847 2178 3217 2240 etcanonicis
3233 2175 3711 2239 fideliumEccle-

2067 2264 2215 2327 siam
2238 2266 2377 2346 ligat
2396 2286 2529 2329 cum
2552 2286 2704 2349 papa
2726 2267 3269 2346 RomaaAgathone.
3285 2269 3403 2326 Vos
3425 2264 3583 2326 unde
3596 2265 3707 2326 ali-

2068 2360 2158 2413 ter
2175 2362 2311 2415 etex
2323 2375 2439 2435 quo
2443 2357 2721 2437 jejunare
2741 2354 2996 2418 Sabbata
3012 2354 3352 2433 accepistis?
3373 2353 3709 2427 Quinetiam

2067 2440 2425 2505 oblationem
2444 2445 2722 2524 perfectae
2745 2444 2938 2506 missae
2961 2462 3069 2525 per
3088 2463 3323 2506 omnem
3340 2443 3497 2505 diem
3516 2442 3712 2504 facere

2066 2530 2128 2591 in
2143 2533 2325 2595 sacris
2338 2533 2551 2595 diebus
2554 2533 3077 2614 jejuniorum,sive
3090 2531 3345 2595 Sabbato
3364 2532 3484 2593 sive
3506 2531 3712 2593 Domi-

2058 2617 2197 2681 nico
2209 2619 2325 2681 die:
2342 2621 2499 2683 unde
2520 2620 2926 2683 assuevistis?a
2946 2640 3061 2701 quo
3087 2620 3544 2702 doctoreaccepi
3559 2618 3707 2682 stis?

2059 2707 2141 2770 Ex
2175 2710 2459 2790 apostolis
2490 2711 2515 2771 ?
2564 2711 2927 2773 nullatenus.
2981 2710 3257 2790 Apostoli
3305 2711 3465 2771 enim
3496 2729 3567 2773 ex
3596 2712 3711 2772 hoc

315 2799 636 2879 acceperit
663 2801 776 2861 hoc
806 2819 841 2861 a
869 2800 1110 2875 Judazis,
1138 2802 1244 2863 sed
1264 2802 1527 2865 imitator
1542 2802 1716 2864 fuerit
1745 2802 1806 2863 in
1838 2802 1973 2874 hoc,
2063 2816 2317 2879 posuere
2331 2818 2622 2861 canonem
2637 2800 2721 2861 sic
2746 2799 3113 2879 loquentem:
3137 2798 3379 2879 «Siquis
3396 2800 3711 2881 episcopus

316 2895 383 2948 ut
403 2888 965 2968 Judaeusintelligit,
988 2897 1043 2950 et
1068 2899 1227 2952 extra
1248 2891 1440 2967 legem
1456 2900 1568 2965 est,
1584 2890 1975 2971 quemadmo-
2060 2894 2161 2948 aut
2191 2887 2516 2968 presbyter,
2551 2888 2641 2950 vel
2682 2888 2972 2950 diaconus
3000 2894 3098 2948 aut
3128 2887 3316 2949 lector
3348 2897 3449 2949 aut
3479 2896 3707 2972 cantor,

316 2975 465 3037 dum
484 2977 1063 3039 etsicircumciderit
1093 2978 1223 3059 quis
1254 2980 1539 3060 seipsum,
1565 2988 1665 3042 aut
1693 2998 1727 3042 a
1756 2978 1978 3042 Judaeis
1997 3041 2034 3060 η
2061 2995 2186 3038 sant
2206 2983 2323 3038 tam
2339 2996 2457 3038 non
2473 2978 2556 3059 jej
2568 2977 2835 3041 unaverit
2877 2975 3712 3057 Quadragesimamquartam-

315 3064 800 3141 circumciditur,
820 3067 993 3127 simul
1018 3041 1144 3128 etin
1161 3041 1409 3130 scientia
1428 3068 1662 3150 estillis,
1679 3087 1973 3130 canones-
1996 3041 2035 3092 Ο
2060 3084 2173 3145 que
2204 3075 2264 3128 et
2294 3041 2791 3141 sextam'feriam,
2838 3041 3188 3145 deponatur,
3220 3053 3335 3127 nisi
3364 3041 3710 3129 intirmitate

313 3171 435 3233 que
460 3162 524 3215 et
543 3155 811 3216 instituta
836 3156 1232 3236 apostolorum
1257 3165 1712 3238 sanctorumque
1733 3159 1970 3219 Patrum
2056 3155 2328 3234 corporis
2346 3154 2723 3235 impediatur.
2738 3180 2764 3210 ι)
2779 3154 3179 3217 ministrantes
3197 3174 3338 3234 ergo
3354 3163 3528 3236 atque
3548 3174 3710 3217 com-

315 3244 803 3322 transgrediens,
839 3254 899 3305 et
926 3245 1095 3308 irrita
1124 3246 1321 3307 omnia
1338 3246 1496 3322 facit,
1516 3255 1580 3309 ut
1601 3247 1748 3309 ratio
1773 3256 1972 3310 nostra
2055 3244 2287 3322 pientes
2309 3243 2807 3306 ministrationem
2836 3254 3056 3306 sancta;
3074 3245 3269 3306 missae
3282 3263 3455 3306 secus
3474 3245 3708 3306 tertiam

313 3332 774 3405 demonstravit,
802 3334 915 3396 Sed
941 3335 1015 3396 de
1032 3353 1229 3416 azymo
1248 3336 1610 3397 suﬂicienter
1632 3336 1795 3397 vobis
1811 3336 1966 3417 quod

316 3421 693 3503 prohibitum
720 3424 797 3485 sit
823 3423 896 3485 ab
927 3424 1091 3485 omni
1136 3426 1439 3505 Scriptura
1489 3425 1686 3488 divina
1715 3426 1967 3487 demon-

316 3509 667 3573 stravimus.

402 3597 504 3659 XI.
540 3601 668 3675 Age
696 3618 856 3665 nunc
872 3601 973 3681 qui
992 3610 1204 3665 caetera
1226 3604 1761 3665 demonstravimus
1784 3605 1970 3677 vobis,

318 3697 377 3773 et
412 3687 612 3748 subito
642 3691 945 3751 memoriae
969 3702 1306 3769 suggestum
1336 3694 1610 3755 estvobis
1642 3694 1715 3754 de
1742 3693 1972 3773 jejunio

320 3770 746 3855 Sabbatorum,
772 3778 1048 3857 quoniam
1074 3778 1367 3842 insultatis
1390 3782 1560 3842 nobis
1591 3802 1604 3841 :
1634 3770 1970 3861 undejcju-

323 3881 471 3924 nare
513 3861 794 3940 Sabbata,
822 3885 889 3927 ex
915 3886 1029 3947 qua
1056 3869 1580 3950 saucta,Scriptura
1608 3870 1920 3951 accepistis
1942 3872 1971 3931 ?

315 3951 411 4012 Ab
429 3952 718 4031 apostolis
735 3960 762 4016 ?
785 3953 1185 4036 Nequaquam.
1208 3958 1623 4038 Apostolorum
1648 3958 1971 4019 verticesin

316 4040 528 4119 quinto
559 4040 799 4121 quidem
834 4043 985 4105 libro
1018 4046 1483 4120 ordinationum,
1519 4047 1618 4128 qui
1650 4046 1725 4108 de
1747 4056 1968 4127 marty-

316 4129 490 4189 ribus
518 4129 891 4205 inscribitur,
919 4134 1086 4212 juxta
1107 4134 1469 4197 Clementem
1498 4156 1512 4196 :
1539 4161 1565 4191 α
1591 4135 1868 4209 Quartam
1889 4135 1972 4197 fe-

320 4218 477 4279 riam
511 4227 568 4279 et
597 4229 819 4281 sextam
856 4223 1121 4303 prwcipit
1150 4223 1624 4305 nobisjejunare
1658 4225 1969 4286 Dominus.

324 4305 517 4369 Unam
549 4307 788 4388 quidem
822 4320 1064 4391 pr0pter
1096 4313 1496 4387 traditionem,
1526 4315 1768 4375 alteram
1827 4333 1970 4395 pro-

324 4404 461 4474 pter
491 4398 848 4476 passionem.
883 4398 1079 4479 Ipsum
1113 4410 1309 4463 autem
1343 4402 1663 4465 Sabbatum
1697 4423 1811 4464 non
1849 4412 1969 4464 tra-

2053 3332 2258 3393 horam
2286 3332 2429 3411 diei,
2454 3333 2513 3394 in
2533 3353 2647 3415 qua
2675 3342 2731 3394 et
2776 3335 3209 3414 promulgatum
3258 3343 3346 3395 est
3376 3334 3577 3396 oﬂ'erri
3606 3352 3707 3395 sa-

2051 3422 2366 3503 criﬁcium,
2393 3423 2689 3503 quomodo
2707 3423 3007 3503 jejunium
3032 3441 3224 3504 usque
3248 3422 3318 3483 ad
3351 3423 3557 3484 horam
3582 3422 3705 3485 diei

2057 3529 2272 3572 nonam
2300 3510 2668 3573 observatis?
2710 3512 3009 3572 solventes
3033 3514 3152 3572 haec
3171 3513 3225 3572 in
3245 3518 3510 3590 tempore
3525 3511 3706 3571 mini-

2056 3601 2357 3660 strationis
2371 3599 2606 3661 missae?
2628 3597 3033 3680 Nequaquam.
3057 3599 3117 3661 Si
3135 3607 3330 3661 autem
3356 3600 3705 3681 tocimpos-

2055 3688 2232 3749 sibile
2265 3697 2372 3763 est,
2408 3688 2829 3749 maledicticne
2863 3689 3237 3769 plectemini.

2134 3778 2283 3840 XIII.
2312 3778 2420 3851 Qui
2445 3780 2504 3839 in
2529 3783 2846 3855 Gangreno
2868 3780 3037 3841 fuere
3068 3782 3271 3841 Patres
3293 3778 3546 3841 concilio
3572 3798 3701 3862 cap.

2058 3867 2127 3929 19
2156 3867 2293 3928 talia
2334 3869 2623 3930 etfantur:
2680 3866 2742 3929 Si
2770 3868 2903 3948 quis
2926 3867 3293 3929 continentia
3323 3866 3453 3929 sine
3483 3886 3703 3949 cmpo-

2051 3955 2159 4017 rali
2180 3958 2538 4019 necessitate
2554 3957 2745 4020 elatus
2762 3957 2960 4023 fuerit.
2982 3965 3040 4018 et
3056 3957 3619 4037 constitutajejunia
3642 3957 3702 4019 in

2051 4064 2369 4108 commune
2390 4056 2445 4109 et
2463 4047 2770 4109 observata
2793 4047 2867 4109 ab
2890 4046 3156 4109 Ecclesia
3169 4045 3526 4123 dissolverit,
3547 4065 3701 4127 prae-

2052 4136 2342 4197 sumendo
2365 4136 2478 4198 sibi
2502 4136 2822 4216 perfectam
2846 4136 3162 4210 rationem,
3196 4136 3511 4197 anathema
3541 4135 3635 4197 sit.
3672 4162 3694 4192 ι

2054 4221 2341 4286 Similiter
2374 4229 2574 4285 Patres
2612 4224 2711 4305 qui
2756 4225 2816 4285 in
2847 4224 3202 4287 Laodicensi
3237 4224 3401 4285 fuere
3423 4224 3698 4299 concilio,

2054 4313 2382 4374 secundum
2397 4314 2949 4395 quinquagesimum
2965 4332 3252 4374 canonem
3272 4312 3357 4374 sic
3371 4314 3528 4375 eti‘ati
3541 4324 3699 4377 sunt:

2061 4427 2085 4456 ‹‹
2107 4402 2250 4474 Qeia
2276 4422 2390 4462 non
2416 4410 2653 4482 Oportet
2676 4402 2735 4462 in
2761 4402 3225 4479 Quadragesima
3253 4411 3571 4483 martyrum
3593 4422 3699 4463 ua-

326 4484 481 4546 didit
510 4485 681 4547 nobis
704 4487 1008 4570 jejunare,
1042 4490 1318 4573 quoniam
1379 4511 1496 4553 non
1542 4501 1793 4572 oportet,
1832 4511 1960 4571 pro-
1992 4490 2696 4563 Dtaliiiacelebrare,sed
2712 4499 3051 4552 sanctorum
3071 4492 3698 4553 commemorationem

322 4581 460 4651 pter
488 4573 632 4635 illud
659 4576 873 4648 solum,
908 4576 969 4636 in
992 4597 1105 4658 quo
1134 4579 1377 4641 Creator
1400 4582 1663 4642 omnium
1689 4581 1893 4642 subter
1908 4601 1972 4641 ra

324 4661 452 4722 fuit.
480 4688 504 4717 ››
528 4662 715 4731 Unde.
733 4664 901 4743 juxta
924 4666 1145 4727 calcem
1174 4669 1441 4746 ejusdem
1467 4670 1624 4742 libri,
1649 4669 1860 4731 iterum
1885 4671 1972 4732 sic

325 4750 623 4831 loquitur:
656 4777 682 4808 α
708 4752 899 4816 Omne
919 4754 1155 4835 quidem
1174 4756 1494 4818 Sabbatum
1520 4768 1576 4818 et
1598 4776 1833 4819 omnem
1858 4757 1968 4819 Do-

326 4841 609 4901 minicum
635 4842 1061 4905 celebrandum
1085 4863 1216 4907 esse
1230 4845 1502 4908 dicimus.
1525 4847 1793 4910 Gaudere
1810 4850 1967 4909 enim

330 4929 639 5009 oportetin
663 4931 755 4991 his
778 4939 971 4993 etnon
998 4933 1218 5012 lugere.
1270 4957 1297 4995 »
1336 4934 1593 5015 Septimo
1624 4935 1861 5015 quidem
1894 4936 1970 4995 li-

328 5015 434 5078 bro
446 5036 645 5079 earum
662 5020 1328 5103 constitutionumjnxta
1344 5024 1683 5085 vicesimum
1700 5032 1968 5103 quartum

330 5114 505 5186 caput
526 5107 638 5167 hoc
666 5108 973 5187 inquiunt:
1006 5135 1031 5163 «
1069 5110 1387 5172 Sabbatum
1413 5130 1666 5192 namque
1697 5111 1973 5174 etDomi-

332 5194 525 5255 nicum
542 5195 937 5273 celebramus,
955 5198 1093 5278 quia
1107 5199 1248 5260 illud
1269 5199 1506 5281 quidem
1524 5200 1735 5260 divina:
1752 5218 1968 5279 opera-

331 5281 507 5343 tionis
526 5293 613 5346 est
636 5286 923 5345 memoria
949 5304 963 5361 ;
991 5287 1084 5348 hic
1107 5307 1246 5350 vero
1267 5288 1747 5351 resurrectionis.
1774 5291 1968 5350 Unum

327 5388 463 5432 vero
497 5380 721 5434 tantum
772 5374 1092 5436 Sabbatum
1145 5377 1602 5439 custodiendum
1636 5385 1723 5439 est
1754 5377 1811 5438 in
1849 5386 1967 5439 toto

328 5463 1468 5546 annosepulturzeDomini,quojejcnare
1481 5466 1969 5547 oportet.Quando

332 5549 490 5611 enim
514 5550 783 5615 Christus
806 5553 866 5615 in
880 5554 1155 5635 sepulcro
1164 5556 1365 5636 jacuit,
1382 5556 1972 5638 discipulipotentio-

2055 4581 2329 4642 tacerein
2354 4579 2630 4642 Sabbatis
2651 4590 2709 4640 et
2747 4579 3076 4641 Dominicis
3113 4580 3343 4641 diebus.
3389 4607 3407 4635 ι
3444 4580 3514 4640 Et
3537 4582 3702 4660 juxta

2055 4670 2573 4750 quadragesimum
2598 4678 2867 4731 octavum
2891 4689 3176 4730 canonem
3201 4670 3342 4729 item
3361 4672 3522 4730 aiunt
3542 4668 3654 4748 ipsi
3681 4685 3694 4729 :

2061 4783 2086 4813 α
2115 4759 2282 4830 Quod
2306 4777 2423 4819 non
2450 4759 2622 4820 decet
2652 4758 2710 4818 in
2746 4757 3214 4836 Quadragcsima
3228 4776 3438 4837 panem
3456 4758 3589 4818 ofl‘eu
3609 4774 3695 4829 re,

2053 4848 2168 4908 nisi
2200 4848 2258 4907 in
2292 4846 2545 4909 Sabbata
2577 4857 2633 4907 et
2665 4848 2977 4909 Dominico
3012 4847 3136 4906 solo
3203 4872 3227 4900 »

2136 4936 2284 4998 XIV.
2313 4936 2377 4997 Et
2404 4936 2503 5017 qui
2530 4939 2588 4996 in
2615 4944 2780 4998 sexto
2807 4935 3124 4997 universali
3144 4934 3393 4995 concilio
3409 4951 3695 4994 convene-

2055 5035 2191 5086 runt
2215 5026 2415 5087 Patres
2440 5025 2884 5104 sumiliterjuxta
2908 5022 3463 5104 quinquagesimum
3492 5040 3702 5083 secun-

2054 5116 2193 5177 dum
2227 5131 2519 5177 canonem
2544 5114 2817 5176 sanciunt
2837 5133 2969 5175 cum
2995 5110 3368 5173 sanctissimo
3391 5112 3701 5189 Agathone

2054 5223 2201 5286 papa
2231 5205 2465 5266 dicente
2490 5204 2575 5264 sic
2602 5222 2613 5265 :
2656 5228 2682 5256 σ
2710 5204 2773 5262 In
2806 5201 3082 5263 omnibus
3110 5199 3333 5260 sanctis
3364 5198 3702 5279 Quadrage-

2052 5293 2215 5355 simae
2231 5294 2599 5374 jejuninrum
2621 5290 2853 5365 diebus,
2882 5290 3010 5350 sine
3033 5287 3288 5351 Sabbato
3311 5296 3370 5349 et
3392 5287 3699 5351 Dominico

2053 5383 2172 5463 die,
2193 5391 2248 5443 et
2265 5384 2394 5443 sine
2415 5387 2617 5442 Sancto
2638 5376 3115 5463 Annuntiationis
3138 5375 3257 5447 die,
3294 5376 3389 5437 Iiat
3420 5376 3600 5439 missa
3626 5395 3697 5439 ex

2055 5462 3002 5532 antesanctiticatisoblalionibus.
3033 5491 3055 5519 υ
3076 5462 3173 5526 Sic
3188 5464 3700 5544 ergoaccipientes

2057 5577 2164 5625 nos
2193 5559 2451 5622 Sabbato
2485 5565 2541 5619 et
2572 5554 2881 5619 Dominica
2937 5555 3058 5632 die,
3108 5571 3284 5616 secus
3315 5553 3545 5617 tertiam
3579 5552 3699 5616 diei
