4052 6134
337 235 522 300 1019

1301 244 1605 307 NICET/E
1639 245 2066 310 PECTORATI
2107 246 2414 308 CONTRA
2458 247 2806 311 LATINOS.

3593 244 3773 311 1020

330 370 660 464 horam-in
689 391 806 464 qua
837 371 1184 464 etSpiritus
1212 382 1452 464 sanctus
1480 375 1793 441 descendit
1812 398 1995 460 super
2012 394 2051 440 A
2076 381 2490 462 busipsorum,
2514 385 2666 464 quia
2689 382 2861 445 nobis
2881 383 3449 464 praedictisunt,non
3462 382 3757 464 abjicere

337 459 684 541 discipulos,
710 461 1117 536 immolantes,
1135 461 1197 522 in
1220 461 1367 543 ipsis
1389 465 1827 528 sanctiﬁcamus
1852 459 1987 531 mu-

330 565 495 629 nera,
517 567 586 609 ex
609 549 826 629 quibus
847 549 1203 610 sufﬁcientia
1229 551 1288 611 in
1313 560 1432 613 tota
1454 553 1825 618 hebdomada
1837 575 1987 619 con-

333 655 663 701 servamus.
698 637 761 698 In
784 638 917 699 aliis
948 647 1144 699 autem
1176 639 1388 701 diebus
1412 641 1990 725 hebdomadisjuxta

335 733 566 806 tempus
591 727 753 788 horae
779 745 947 788 nouae
971 727 1091 789 diei
1109 728 1536 791 concludentes
1558 751 1799 794 omnem
1819 735 1993 797 mini-

321 815 681 905 .strationem
695 816 756 876 in
776 817 1351 905 consummationem
1365 820 1991 902 completorii,agimus

337 922 445 965 nos
458 903 800 967 sacerdotes
811 924 946 967 cum
966 904 1316 967 diaconibns
1336 906 1703 987 ingressum,
1720 912 1992 974 thuribu-

337 994 459 1054 lum
475 994 665 1055 solum
692 993 978 1055 ferentes.
992 993 1065 1055 Et
1082 1002 1214 1075 post
1232 994 1547 1057 lectionem
1566 1001 1987 1080 pr0phetarum

335 1083 691 1145 constitutas
719 1082 1020 1144 orationes
1049 1101 1083 1144 a
1114 1101 1324 1162 magno
1355 1085 1574 1147 Basilio
1605 1088 1991 1170 facientes,et

337 1190 586 1234 munera
613 1172 1040 1234 transferentes
1057 1172 1668 1252 appositionisaltario
1683 1184 1741 1238 et
1756 1186 1992 1241 orantes

336 1279 471 1322 cum
502 1260 674 1340 ipsis.
708 1259 957 1342 Insuper
988 1267 1183 1322 autem
1209 1268 1269 1322 et
1294 1261 1568 1323 traditam
1604 1265 1776 1327 nobis
1803 1286 1838 1328 a
1866 1270 1990 1330 Do-

339 1349 502 1411 mino
526 1350 855 1411 orationem
876 1348 1166 1426 dicentes,
1188 1349 1513 1412 exaltamus
1530 1356 1989 1433 praesanctiﬁca-

340 1445 463 1499 tum
496 1456 737 1519 panem,
772 1447 830 1500 et
858 1437 1068 1499 damus
1098 1439 1589 1519 praesanctiﬁcata
1617 1453 1817 1507 sancta
1849 1463 1991 1507 san-

340 1526 470 1602 ctis,
502 1535 561 1589 et
584 1526 732 1588 uniti
752 1526 1173 1588 communione
1196 1546 1351 1607 pane
1373 1537 1432 1590 et
1460 1529 1643 1593 calice
1671 1534 1985 1612 mysterio-

340 1633 471 1676 rum
506 1614 747 1679 Christi.
780 1615 852 1676 Et
880 1615 960 1677 ita
988 1623 1237 1694 agentes
1255 1617 1473 1695 gratias
1496 1619 1642 1695 Deo,
1666 1620 1988 1701 linquimus

342 1722 447 1765 eos
478 1713 656 1786 atque
687 1704 1043 1766 dimittimus
1071 1724 1141 1765 ex
1168 1706 1650 1783 congregatione,
1684 1719 1989 1773 sumentes

343 1812 451 1855 nos
475 1811 854 1855 communem
887 1811 1154 1854 mensam
1186 1811 1291 1873 per
1318 1794 1455 1855 folia
1491 1804 1548 1856 et
1579 1797 1902 1876 legumina,
1929 1807 1991 1861 et

342 1882 591 1945 calidam
625 1901 834 1963 aquam
866 1881 968 1961 qui
1002 1881 1323 1943 voluerint.
1377 1881 1530 1946 Sunt
1585 1893 1783 1947 autem
1810 1897 1867 1950 et
1893 1889 1993 1951 alii

344 1972 444 2052 qui
470 1970 1527 2034 solacommunioneetbenedictione
1541 1982 1835 2054 pertotam
1853 1995 1988 2058 per-

342 2070 616 2123 severant
644 2058 1102 2123 hebdomadam.
1134 2058 1254 2121 Vos
1298 2071 1493 2123 autem
1527 2062 1854 2125 referentes
1887 2085 1992 2146 per

344 2168 831 2233 unumquemque
865 2148 1023 2210 diem
1069 2148 1389 2228 perfectam
1442 2150 1503 2211 in
1532 2150 1993 2233 Quadragesima

346 2240 869 2317 ministrationem,
891 2256 1022 2319 quae
1040 2255 1301 2317 congrua
1323 2246 1408 2300 est
1417 2240 1586 2319 juxta
1610 2243 1844 2303 tertiam
1877 2243 1987 2304 ho-

341 2350 469 2391 ram
498 2330 618 2391 diei
666 2327 889 2397 offerri,
939 2325 1162 2407 positos
1213 2329 1700 2407 transgredimini
1731 2349 1992 2395 canones

335 2419 639 2482 Ecclesiae.
660 2417 800 2480 Etin
818 2417 931 2477 hoc
953 2415 1358 2477 maledictioni
1380 2416 1617 2480 Patrum
1642 2418 1986 2500 subjacetis,

338 2508 494 2570 sicut
522 2508 742 2570 dictum
778 2514 892 2569 est.

417 2596 542 2659 XV.
575 2596 718 2669 Quis
748 2595 851 2657 ille
883 2600 974 2656 est
1017 2593 1120 2675 qui
1181 2594 1423 2657 tradidit
1470 2595 1635 2658 vobis
1667 2598 1988 2678 prohibere

342 2694 400 2748 et
427 2685 782 2749 abscindere
814 2683 1048 2763 nuptias
1073 2682 1454 2747 sacerdotum
1470 2684 1500 2744 ‘I
1519 2684 1663 2757 Quis
1685 2704 1753 2749 ex
1776 2688 1985 2751 docto-

336 2774 505 2836 ribus
524 2772 805 2835 Ecclesiae
825 2773 978 2833 hanc
1000 2769 1163 2832 vobis
1191 2771 1432 2833 tradidit
1461 2774 1802 2853 pravitatem
1830 2782 1858 2839 ?
1890 2775 1984 2839 Si-

340 2863 582 2944 quidem
613 2863 733 2925 nisi
755 2860 1052 2942 nupserit,
1068 2860 1687 2941 manusimpositionis
1709 2865 1965 2946 accipiet

2072 472 2383 554 episcopos
2412 483 2470 535 et
2488 474 2864 553 presbyteros
2891 474 3203 536 occasione
3216 474 3551 553 religionis,
3584 493 3758 534 uxo-

2069 579 2168 623 res
2192 570 2539 636 sanxerunt,
2574 570 2632 622 et
2662 570 2727 622 ut
2754 562 3041 624 caderent
3069 581 3168 624 res
3200 566 3628 643 episcoporum
3660 580 3751 624 ex

2074 650 2462 730 potestatibus
2493 670 2698 711 eorum
2731 658 2969 731 propter
2990 651 3143 713 ﬁlios
3166 659 3226 712 et
3249 652 3532 713 mulieres
3555 652 3747 732 ipso-

2071 757 2203 800 rum
2218 789 2230 801 .

2153 828 2306 892 XVI.
2333 826 2395 891 Si
2417 836 2612 890 autem
2632 828 2848 909 aliquis
2894 827 3111 891 dixerit
3143 829 3217 891 de
3249 837 3457 891 sancta
3490 835 3550 889 et
3581 829 3745 889 uni-

2071 918 2282 979 versali
2316 918 2561 997 synodo,
2596 917 2752 996 quod
2805 935 3013 997 papam
3046 917 3247 979 Romae
3276 917 3742 979 sanctissimum

2071 1006 3162 1087 Agathonem,utsaepissimediximus,
3178 1025 3604 1087 praesessorein
3623 1009 3751 1068 ha-

2074 1094 2219 1177 buit,
2238 1097 2367 1177 ipsa
2381 1104 2616 1157 centum
2630 1095 3006 1175 septuaginta
3022 1097 3279 1171 Patrum,
3297 1096 3405 1156 sed
3432 1093 3698 1157 Constan
3709 1127 3744 1140 -

2074 1184 2197 1246 tino
2220 1184 2298 1245 im
2308 1191 2604 1264 peratore,
2618 1194 2837 1262 nepote
2850 1182 3108 1245 Heraclii
3124 1192 3181 1244 et
3196 1194 3361 1263 patre
3373 1182 3740 1245 Iustiniani:

2072 1274 2370 1354 quomodo
2405 1292 2522 1334 non
2554 1271 2780 1334 obstitit
2809 1270 3042 1333 divinus
3067 1272 3339 1351 Agathon
3369 1280 3592 1333 sanctae
3627 1291 3743 1352 sy—

2070 1363 2225 1425 nodo
2239 1361 2827 1425 sancientiadversus
2843 1361 2952 1422 hoc
2970 1360 3189 1440 impios
3202 1379 3350 1441 quos
3361 1379 3550 1441 usque
3564 1380 3745 1423 nunc

2070 1451 2330 1512 habetis?
2349 1449 2411 1513 Si
2439 1468 2576 1511 vero
2597 1448 2672 1511 ab
2687 1449 2968 1529 apostolis
2993 1448 3291 1510 haberetis
3313 1450 3419 1511 has
3442 1449 3689 1510 traditio
3714 1484 3741 1495 -

2070 1558 2198 1615 nes,
2232 1538 2548 1601 obsisteret
2592 1537 2857 1611 forsitan,
2917 1548 2978 1599 et
3035 1557 3151 1598 non
3207 1539 3568 1617 suscepisset
3599 1538 3738 1602 haec

2070 1646 2202 1708 quae
2234 1627 2389 1707 apud
2424 1644 2533 1688 nos
2564 1625 2637 1686 ab
2667 1643 2736 1685 ea
2781 1624 3146 1704 promulgata
3196 1633 3353 1687 sunt.
3397 1625 3555 1705 Papa
3584 1644 3732 1686 cum

2073 1724 2237 1779 esset
2255 1725 2471 1795 vester,
2499 1712 2777 1795 quoniam
2801 1713 3099 1776 adulteras
3119 1712 3511 1791 cognoscebat
3535 1713 3734 1774 tradi-

2075 1806 2268 1866 tiones
2289 1806 2450 1885 ipsas
2470 1812 2528 1865 et
2548 1810 2857 1864 extraneas
2878 1800 2950 1862 ab
2974 1803 3377 1881 apostolorum
3408 1802 3690 1863 doctrina
3711 1824 3729 1859 :

2075 1904 2390 1975 propterea
2412 1892 2632 1972 pariter
2646 1890 3059 1953 cumPatribus
3078 1908 3257 1950 sacrae
3282 1898 3463 1952 sexta:
3477 1889 3723 1969 synodi,

2075 1984 2229 2045 sicut
2258 1985 2333 2044 de
2361 2002 2454 2060 δι)
2474 1980 2585 2041 mis
2615 1988 2674 2040 et
2724 1978 2974 2058 jejuniis
3024 1976 3414 2039 Sabbatorum
3446 1986 3507 2038 et
3534 1996 3733 2039 sacra:

2076 2073 2270 2134 missae
2288 2070 2606 2151 mysteriis,
2637 2068 2722 2129 sic
2745 2075 2805 2128 et
2831 2066 2909 2127 de
2938 2067 3156 2146 nuptiis
3178 2065 3557 2128 sacerdotum
3582 2085 3733 2144 pro-

2075 2161 2356 2240 mulgavit
2376 2160 2584 2221 dicens
2605 2157 2667 2217 in
2690 2155 2924 2217 decimo
2946 2154 3118 2215 tertio
3138 2159 3330 2234 capite
3366 2172 3378 2215 :
3420 2179 3447 2209 α
3483 2153 3637 2225 Quia
3662 2154 3727 2214 in

2073 2252 2474 2313 Romanorum
2488 2244 2756 2308 Ecclesia
2768 2244 2830 2305 in
2842 2244 3051 2304 ordine
3060 2243 3308 2304 canonis
3329 2242 3485 2305 tradi
3498 2261 3727 2321 cogno-

2071 2339 2282 2419 vimus,
2307 2345 2627 2416 praasentes
2648 2332 2883 2395 diaconi
2904 2340 3004 2393 aut
3024 2330 3349 2412 presbyteri
3372 2330 3581 2408 dignas
3597 2330 3728 2392 fore

2072 2447 2355 2489 manuum
2380 2424 2800 2507 impositiones
2821 2421 3120 2484 conﬁteri.
3150 2429 3212 2482 ut
3236 2439 3378 2481 nom
3398 2419 3658 2500 amplius
3690 2439 3727 2480 a

2069 2517 2191 2577 suis
2216 2516 2630 2595 disjungantur
2652 2510 3024 2591 conjugibus.
3057 2512 3179 2572 Nos
3200 2510 3507 2590 antiquum
3540 2526 3724 2570 exse-

2068 2614 2319 2686 quentes
2337 2622 2629 2667 canonem
2642 2597 3319 2682 aposxolicaediligentize
3336 2597 3728 2660 etordinatio-

2070 2696 2185 2769 nis,
2212 2702 2553 2756 sanctorum
2571 2691 2833 2753 virorum
2854 2687 3257 2769 copulationes
3278 2686 3606 2747 secundum
3629 2686 3724 2749 le-

2072 2803 2204 2862 gem
2227 2791 2286 2844 et
2305 2801 2339 2845 a
2360 2782 2536 2845 modo
2554 2781 2746 2842 valere
2769 2776 3061 2851 volumus,
3089 2775 3427 2836 nullatenus
3446 2793 3480 2835 a
3503 2776 3718 2854 conju-

2073 2893 2210 2952 gum
2232 2871 2607 2953 copulatione
2627 2867 3019 2930 dissolventes
3040 2873 3141 2926 aut
3180 2864 3479 2944 privantes
3502 2879 3603 2953 eos
3631 2864 3705 2923 ab

337 2951 410 3013 Et
439 2952 523 3015 ita
552 2952 625 3014 ad
659 2951 894 3032 nuptias
923 2949 1060 3024 ruit,
1096 2949 1196 3030 qui
1226 2950 1529 3012 ordinatus
1559 2961 1650 3014 est
1683 2955 1982 3034 innuptus,
2007 2958 2049 3011 C
2073 2949 2354 3035 invicem,
2381 2959 2712 3022 secundum
2751 2964 2983 3029 tempus
3014 2971 3340 3031 congruum
3373 2952 3690 3015 locationis.

339 3041 631 3121 legitime,
664 3043 791 3103 Hoc
815 3047 871 3101 et
901 3039 1225 3099 secundum
1246 3056 1504 3101 canones
1537 3041 1750 3113 facitis,
1777 3043 1987 3123 hujus-

342 3131 501 3193 modi
526 3131 758 3212 nuptias
780 3128 1164 3210 prohibentes
1186 3129 1211 3189 Υ
1252 3128 1313 3191 Si
1339 3136 1534 3190 autem
1559 3140 1693 3192 ante
1716 3130 1989 3196 habuerit

343 3238 587 3283 uxorem
614 3219 717 3281 ille
751 3219 851 3300 qui
875 3217 1180 3279 ordinatus
1199 3225 1287 3278 est
1304 3220 1608 3295 sacerdos,
1639 3237 1982 3299 persevera-

339 3310 610 3390 veritque
637 3309 700 3369 in
731 3306 998 3369 castitate
1033 3324 1363 3386 magnaque
1413 3306 1554 3386 vita,
1591 3308 1824 3388 nuptias
1856 3309 1985 3388 ejus

340 3398 586 3479 solvitis,
622 3394 1124 3477 transgredimini,
1161 3403 1221 3456 ut
1255 3413 1323 3455 ex
1366 3406 1664 3477 prtecepto
1696 3398 1983 3476 apostoli-

340 3506 543 3550 corum
567 3505 863 3549 canonum
896 3483 1204 3546 ostendam
1230 3481 1414 3545 vobis.
1442 3482 1507 3545 In
1537 3492 1702 3545 sexto
1725 3488 1885 3547 enim
1913 3487 1985 3548 li-

338 3577 447 3640 bro
479 3574 800 3640 Clementis
829 3573 1265 3636 ordinationum
1299 3590 1429 3653 quae
1450 3572 1522 3633 ab
1545 3590 1614 3637 eo
1631 3576 1987 3655 conscriptae

337 3675 494 3742 sunt,
513 3667 683 3747 juxta
704 3665 1025 3746 septimum
1056 3662 1354 3723 decimum
1379 3664 1831 3743 caputApostoli
1861 3665 1987 3727 haec

337 3755 579 3818 dicunt:
620 3780 647 3811 α
683 3755 1040 3836 Episcopum
1069 3760 1128 3814 et
1159 3750 1570 3833 presbyterum
1595 3760 1652 3812 et
1673 3752 1987 3815 diaconum

336 3844 611 3918 dicimus,
638 3845 741 3925 qui
757 3862 932 3907 unam
948 3842 1445 3920 habentuxorem,
1472 3840 1759 3918 ordinari,
1774 3860 1984 3922 quam-

341 3935 425 3997 vis
455 3934 648 3996 vivant
678 3952 880 3996 eorum
909 3934 1214 4013 conjuges,
1246 3930 1511 4011 quamvis
1526 3930 1840 4005 defunctae,
1866 3951 1982 3992 non

340 4024 480 4087 licet
509 4044 613 4087 eos
644 4031 778 4106 post
809 4043 1019 4086 manus
1049 4020 1496 4102 impositionem
1520 4020 1803 4100 innuptos
1829 4039 1982 4096 esse,

336 4133 448 4177 nec
477 4114 723 4195 insuper
745 4114 816 4175 ad
843 4112 1080 4194 nuptias
1102 4112 1211 4186 ire,
1229 4122 1332 4172 aut
1352 4108 1401 4169 si
1425 4109 1757 4190 nupserint,
1774 4109 1991 4177 alteras

337 4203 641 4284 amplecti,
667 4202 1220 4282 sedsufﬁcerequas
1243 4197 1465 4260 habent
1486 4217 1619 4260 cum
1638 4199 1712 4259 ad
1734 4199 1977 4260 ordina-

2071 3050 2219 3123 Quia
2241 3068 2375 3112 vero
2394 3050 2442 3109 si
2458 3048 2589 3129 quis
2611 3046 2826 3125 dignus
2846 3043 3124 3104 inventus
3146 3041 3345 3116 fuerit,
3374 3058 3567 3101 manus
3580 3039 3698 3099 im-

2072 3138 2366 3218 positione
2396 3128 2680 3219 diaconus
2710 3132 2798 3193 vel
2829 3130 3230 3219 subdiaconus
3261 3140 3361 3190 aut
3382 3128 3704 3219 presbyter,

2069 3217 2165 3288 hic
2197 3217 2535 3287 nullatenus
2567 3221 2946 3305 prohibeatur
2975 3219 3049 3281 ad
3096 3218 3439 3297 hujusmodi
3468 3217 3712 3294 gradum

2066 3314 2415 3389 ascendere,
2452 3311 2688 3392 conjugi
2718 3308 3163 3372 cohabitaturus
3193 3305 3452 3384 legitime
3480 3326 3497 3380 ;
3529 3325 3721 3385 neque

2070 3406 2127 3467 in
2155 3414 2421 3485 tempore
2441 3397 3105 3474 ordinationisexigatur
3120 3395 3395 3485 conﬁteri
3424 3395 3498 3456 ad
3526 3395 3716 3473 legem

2070 3484 2322 3575 propriae
2349 3492 2660 3555 locationis
2684 3498 2922 3570 propter
2952 3484 3249 3566 propriam
3282 3502 3554 3575 ultorem.
3586 3507 3609 3542 ν
3645 3485 3720 3546 Et

2070 3573 2203 3664 post
2227 3601 2440 3664 pauca:
2476 3607 2502 3637 α
2528 3580 2592 3641 Si
2616 3580 2747 3659 quis
2769 3595 2909 3655 ergo
2928 3573 3374 3656 praesumpserit
3395 3580 3560 3634 extra
3582 3592 3717 3653 apo-

2070 3674 2308 3735 stolicos
2329 3672 2571 3732 ordines
2598 3667 3120 3747 motusquemdam
3140 3680 3444 3724 sacrorum
3471 3664 3719 3743 presby-

2073 3769 2330 3822 terorum
2364 3769 2422 3820 et
2442 3759 2829 3820 diaconorum
2854 3754 3081 3835 privare
3107 3772 3142 3814 a
3169 3751 3545 3831 copulatione
3568 3752 3719 3830 legi-

2072 3849 2345 3910 timarum
2380 3848 2717 3917 mulierum,
2753 3864 2787 3905 a
2837 3843 3256 3904 communione
3286 3848 3717 3919 sequestretur.

2071 3936 2359 4001 Similiter
2370 3936 2562 4017 siquis
2576 3934 2880 4016 presbyter
2892 3930 3716 3993 autdiaconuscollactaneam

2072 4044 2235 4088 suam
2268 4022 2914 4102 occasione'religionis
2974 4020 3317 4101 projecerit,
3349 4027 3666 4098 separetur
3700 4040 3716 4094 ;

2075 4132 2461 4195 perseverans
2493 4121 2688 4175 autem
2721 4113 3072 4191 deponatur.
3107 4130 3136 4168 ι

2114 4202 2286 4267 XVII.
2312 4202 2480 4266 Unde
2504 4202 2683 4279 igitur
2709 4200 2874 4262 vobis
2895 4208 2953 4261 et
2977 4217 3046 4259 ex
3065 4198 3282 4280 quibus
3296 4199 3384 4259 has
3399 4196 3717 4259 horribiles

339 4283 563 4353 tionem
595 4298 904 4354 venerunt.
940 4316 966 4347 ι
993 4293 1056 4353 1η
1079 4290 1287 4370 quinto
1309 4295 1649 4349 sanctorum
1685 4305 1977 4349 canonum
2000 4283 2044 4332 ι)
2063 4293 2438 4356 inﬁrmitates
2461 4297 2951 4373 supervenerunt,
2979 4308 3011 4350 o
3037 4288 3145 4349 viri
3185 4288 3586 4350 Romanorum
3615 4307 3714 4347 sa-

338 4381 420 4442 ita
439 4380 592 4441 fatur
614 4379 676 4440 in
703 4379 738 4441 2
762 4398 889 4459 cap.
919 4401 932 4437 :
990 4403 1012 4436 α
1061 4378 1389 4458 Episcopus
1421 4385 1521 4437 aut
1547 4397 1562 4454 ι
1584 4376 1851 4457 resbyter
1883 4385 1983 4438 aut

338 4469 625 4530 diaconus
639 4485 878 4529 uxorem
900 4486 1064 4529 suam
1089 4485 1204 4527 non
1222 4465 1463 4545 ahjiciat
1480 4465 1723 4526 obtentu
1748 4465 1986 4544 religio-

337 4558 473 4633 nis;
507 4557 555 4618 si
588 4564 782 4619 autem
804 4555 1986 4637 abjecerit,sequestretur.Perseverans

337 4655 537 4709 autem
566 4645 918 4726 deponatur.
950 4670 972 4701 ι
1000 4644 1064 4706 In
1083 4644 1530 4724 quadragesimo
1564 4662 1698 4704 vero
1732 4664 1985 4711 canone,

338 4735 618 4816 inquiunt
650 4734 879 4815 palam:
914 4760 935 4789 ο
965 4733 1223 4812 PrOpriae
1248 4732 1514 4812 episcOpi
1542 4751 1658 4795 res.
1692 4758 1713 4789 υ
1753 4736 1825 4795 Et
1854 4731 1990 4814 post

338 4843 561 4906 pauca:
596 4848 617 4881 α
647 4822 731 4885 Ne
754 4821 1067 4884 occasione
1089 4821 1625 4883 ecclesiasticarum
1652 4840 1851 4883 rerum
1880 4841 1983 4883 ca-

345 4916 488 4979 dere
518 4916 859 4997 episeopum
890 4915 962 4976 ab
993 4914 1078 4976 eis
1114 4933 1243 4995 qua:
1268 4923 1403 4975 sunt
1434 4913 1718 4994 episcopi,
1755 4914 1815 4975 in
1850 4934 1983 4975 mu-

348 5007 551 5068 lierem
579 5015 635 5067 et
658 5023 870 5086 pueros
888 5013 946 5065 et
968 5005 1349 5084 propinquos,
1380 5022 1455 5063 ne
1479 5021 1583 5081 per
1611 5003 1983 5064 occasionem

341 5113 573 5168 eorum,
602 5113 672 5157 ea
696 5112 825 5175 qua:
844 5089 1982 5156 Ecclesiaesuntsubtrahat.)Etdeinde:

345 5208 367 5239 α
392 5184 696 5261 Siquidem
717 5192 852 5244 sunt
874 5184 974 5264 qui
1002 5179 1989 5263 prohibeantsacerdoteslegitimis

338 5272 708 5352 conjugibus.
750 5298 773 5328 υ
811 5272 941 5335 Non
972 5272 1052 5332 ita
1081 5272 1331 5333 vertices
1367 5268 1766 5349 apostolorum
1799 5287 1982 5348 expo-

341 5370 588 5423 suerunt
611 5361 1045 5423 eeclesiasticos
1074 5376 1354 5422 canones.
1380 5359 1441 5419 Si
1462 5365 1655 5419 autem
1680 5356 1830 5417 dacis
1851 5376 1983 5417 mu-

340 5451 549 5512 lierem
582 5450 911 5512 Ecclesiam
942 5450 1162 5511 dixisse
1205 5450 1527 5529 apostolos,
1566 5455 1702 5507 tunc
1729 5445 1990 5508 inﬁdelis

340 5537 865 5620 apparebitsermo
887 5546 1018 5601 tuus
1040 5549 1098 5602 et
1123 5556 1363 5616 vacuus,
1391 5556 1522 5599 cum
1546 5534 1732 5598 sacris
1754 5540 1990 5599 canoni-

2068 4382 2423 4462 pienlissimi
2446 4390 2502 4443 et
2521 4379 3048 4442 omniumaliarum
3062 4378 3286 4455 getiam
3303 4375 3715 4438 nobilissimi?

2070 4471 2317 4533 [Estimo
2340 4471 2493 4550 quod
2513 4468 2749 4550 quidam
2774 4486 2845 4529 ex
2869 4466 3088 4530 Judaais
3106 4467 3167 4526 in
3191 4474 3457 4544 tempore
3473 4472 3713 4544 aposto-

2076 4560 2265 4621 Iurum
2289 4560 2625 4632 credentes,
2655 4576 2723 4618 va
2769 4576 2803 4617 a
2823 4557 2985 4618 lucra
3007 4555 3315 4635 cupientes
3338 4570 3397 4615 et
3431 4552 3712 4631 pecunia-

2074 4667 2202 4708 rum
2227 4657 2517 4709 amatores
2537 4646 2780 4727 reperti,
2802 4646 3066 4708 volentes
3080 4642 3570 4704 multosﬁdelium
3585 4641 3717 4703 abs-

2074 4738 2310 4798 trahere
2333 4756 2400 4797 ex
2416 4736 2752 4815 Evangelio,
2768 4737 2879 4796 hoc
2892 4746 3004 4806 est,
3028 4752 3095 4793 ex
3112 4732 3250 4793 ﬁdei
3268 4731 3709 4811 praedicatione,

2071 4825 2365 4905 (rurruptis
2378 4825 2517 4885 dum
2536 4824 2946 4906 praedixissent
2960 4826 3067 4898 eis,
3086 4823 3143 4884 in
3165 4824 3274 4883 hoc
3288 4820 3712 4883 etChristiani-

2072 4926 2157 4976 tas
2181 4924 2237 4976 et
2257 4913 2597 4977 Judaismus
2619 4921 2896 4993 corrupta
2917 4921 3073 4974 sunt.
3109 4912 3190 4973 De
3222 4910 3438 4991 quibus
3452 4908 3713 4972 Joannes

2070 5004 2340 5067 fatuscsl:
2368 5028 2386 5059 (ι
2408 5002 2489 5063 Ex
2506 5002 2673 5064 nobis
2690 5002 2980 5074 exierunt,
3016 5002 3118 5064 sed
3154 5010 3270 5062 non
3303 5008 3469 5061 erant
3499 5016 3569 5059 ex
3598 5017 3709 5059 no-

2073 5093 2183 5154 bis.
2222 5093 2283 5153 Si
2316 5092 2474 5153 enim
2505 5092 2750 5152 fuissent
2784 5111 2850 5152 ex
2887 5092 3076 5162 nobis,
3111 5088 3574 5170 permansissent
3603 5087 3715 5149 uti-

2072 5202 2184 5262 que
2215 5182 2523 5243 nobiscum
2560 5181 2605 5260 (Ι
2642 5182 2819 5242 Joun.
2857 5198 2921 5251 ιι,
2977 5182 3093 5260 t9),
3144 5207 3164 5237 υ
3202 5180 3276 5243 de
3307 5179 3398 5240 his
3426 5177 3526 5257 qui
3555 5176 3714 5239 circa

2067 5271 2372 5332 Simonem
2422 5278 2481 5332 et
2526 5268 2772 5343 Deman,
2826 5267 3250 5348 Nicolaumque
3301 5277 3359 5328 et
3406 5265 3710 5328 Cleobium

2070 5359 2457 5421 subtexendo.
2484 5356 2753 5438 Reliquia
2774 5365 2968 5417 autem
2993 5357 3275 5420 verticum
3297 5356 3358 5416 in
3383 5354 3633 5435 septimo
3650 5355 3709 5414 li-

2070 5448 2176 5509 bro
2199 5447 2637 5509 Institutionum
2659 5446 2828 5526 juxta
2844 5454 3069 5506 sextum
3095 5445 3395 5507 decimum
3437 5451 3613 5524 caput
3638 5443 3711 5503 li-

2072 5535 2312 5617 quidius
2345 5537 2653 5599 dixerunt:
2682 5557 2711 5594 a
2750 5532 2985 5597 Scimus
3015 5534 3198 5612 enim,
3231 5533 3447 5614 inquit,
3480 5530 3620 5612 quia
3654 5532 3690 5592 h
