4052 6134
342 287 491 353 1021

1027 288 1430 352 HUMBERTI
1473 287 1536 348 S.
1581 288 1652 348 Β.
1699 287 1768 348 Ε.
1816 282 2280 348 CABDINALIS
2321 285 2625 348 CONTRA
2670 285 3044 350 NICETAM.

3573 275 3732 347 1022

348 422 476 504 qui,
501 421 661 483 circa
681 421 985 484 Simonem
1010 429 1067 483 et
1088 419 1395 484 Cleobium
1421 419 1728 495 etJudam,
1745 418 2007 481 conscri-
2025 426 2068 473 Α
2092 434 2273 504 nunc,
2299 415 2459 496 quod
2485 419 2741 496 primum
2766 424 3096 486 esteorum,
3115 435 3184 478 ex
3198 413 3736 496 omniaDeoinspi-

353 519 602 592 pserunt
631 510 815 572 libros
847 511 908 571 in
939 509 1182 571 nomine
1237 509 1459 571 Christi
1489 516 1546 570 et
1574 507 2000 588 discipulorum

349 602 504 680 ejus,
532 599 958 662 circumferunt
980 598 1050 659 ad
1069 597 1772 670 seductionemvestram,
1807 605 1862 657 et
1895 613 2002 657 eo-

352 706 485 749 rum
515 687 617 768 qui
647 687 898 767 diligunt
927 687 1249 762 Christum,
1282 694 1341 747 et
1367 704 1476 746 nos
1505 704 1706 746 servos
1735 684 1945 764 ipsius.
1970 707 1997 738 n

353 777 426 839 Et
454 776 518 836 in
545 775 849 837 veteribus
883 775 1121 856 quidam
1145 775 1630 855 conscripserunt
1650 773 1832 835 libros
1854 791 2002 854 apo-

354 864 607 944 cryphos
629 865 815 944 Moysi
836 873 893 925 et
911 863 1118 925 Enoch
1139 872 1197 925 et
1216 863 1425 944 Adam,
1451 863 1616 926 Isaiae
1638 870 1697 924 et
1715 862 1922 936 David,
1949 869 2007 922 et

355 952 521 1028 Elite,
548 960 606 1014 et
637 952 812 1013 trium
838 953 1329 1033 patriarcharum,
1356 951 2002 1031 corruptionesfacien-

359 1049 446 1102 tes
474 1048 650 1121 atque
678 1042 940 1102 veritatis
969 1041 1246 1102 inimicos
1276 1039 1483 1103 libros.
1520 1040 1638 1103 Sed
1670 1049 1729 1102 et
1759 1039 2005 1101 Paulum

354 1129 594 1193 Domini
619 1129 949 1210 apostolum
974 1131 1101 1191 haec
1122 1129 1558 1210 prwscientem,
1581 1136 1645 1190 ut
1664 1127 2006 1202 aestimo,sic

351 1218 428 1279 ad
447 1237 549 1279 vos
569 1217 914 1280 ascendisse
934 1217 1269 1297 bujusmodi
1291 1218 1659 1292 seductores,
1684 1217 1886 1278 dolum
1910 1224 2003 1278 te-

354 1313 565 1368 xentes
583 1305 768 1382 vobis,
787 1306 1271 1387 Philippensibus
1283 1306 1511 1369 scribit:
1535 1305 1784 1368 (Videte
1800 1324 2000 1380 canes,

356 1393 551 1456 videte
565 1393 750 1456 malos
765 1394 1101 1474 operarios,
1117 1394 1312 1456 videte
1323 1393 1750 1456 abscissionem
1774 1403 2002 1474 (Philip.

357 1499 448 1557 Ill,
469 1482 556 1562 2).
591 1506 615 1537 η
644 1482 719 1545 Et
740 1481 1056 1544 Timotheo
1077 1482 1316 1544 iterum:
1339 1507 1366 1538 α
1386 1481 1451 1544 In
1475 1481 1696 1543 ultimis
1717 1481 2005 1561 tempori-

357 1570 470 1633 bus
491 1570 802 1632 discedent
831 1571 1068 1651 quidam
1097 1590 1130 1634 a
1147 1571 1286 1645 ﬁde,
1313 1571 1684 1633 attendentes
1701 1569 2005 1652 spiritibus

357 1667 417 1722 et
445 1659 734 1722 doctrinis
761 1659 1124 1732 daemonum,
1188 1660 1249 1721 in
1297 1660 1594 1741 hypocrisi
1633 1659 2000 1740 loquentium

2085 512 2210 564 rata
2233 503 2573 586 Scriptura;
2598 505 2781 582 fugite
2808 525 2936 586 quze
2958 504 3297 585 hujusmodi
3315 505 3733 584 suntactitare,

2087 611 2222 654 cum
2244 593 2371 653 sitis
2394 593 2659 656 Ecclesia
2685 593 2791 655 Dei
2815 602 2872 655 et
2895 596 3075 658 totius
3101 593 3260 654 orbis
3283 611 3520 670 semper
3539 593 3735 672 Splen-

2087 680 2264 743 didus
2298 681 2528 753 oculus,
2563 692 2628 743 ut
2659 683 2808 744 uniti
2842 682 3012 743 nebis
3040 681 3250 744 vestris
3281 682 3682 742 confratribus
3715 699 3729 742 :

2087 788 2234 849 quos
2267 788 2373 850 per
2391 771 2518 849 jam
2540 771 2695 833 dicta
2718 771 2999 846 scidistis,
3022 790 3156 832 cum
3179 770 3307 832 sitis
3325 788 3539 849 corpus
3558 768 3729 832 Chri-

2090 860 2164 921 sti
2199 881 2214 937 ;
2247 862 2507 925 revelata
2535 863 2684 924 facie
2715 863 2963 940 gloriam
2994 863 3232 924 Domini
3262 863 3322 923 in
3354 873 3643 922 concentu
3676 872 3735 925 et

2089 948 2312 1013 unitate
2335 969 2466 1010 cum
2496 951 2820 1012 orthodoxa
2841 951 2957 1012 ﬁde
2970 949 3482 1032 conspeculemur,
3508 949 3732 1010 elima-

2087 1035 2282 1114 ginem
2304 1038 2432 1118 ejus
2450 1039 3008 1101 transformemusin
3025 1039 3216 1105 nobis,
3229 1039 3354 1100 viva
3367 1039 3735 1100 demonstra-

2088 1125 2271 1198 tione,
2306 1135 2365 1187 et
2393 1127 2578 1205 ipsius
2606 1128 2678 1189 ad
2737 1128 2985 1206 gloriam
3035 1128 3484 1208 sempiternam,
3520 1127 3677 1189 sicut
3703 1145 3738 1188 a

2087 1213 2323 1275 Domini
2354 1215 2588 1294 spiritu,
2620 1216 2897 1297 quoniam
2931 1217 3058 1298 ipse
3089 1224 3182 1278 est
3198 1226 3372 1297 caput
3390 1213 3728 1278 nostmEc-

2085 1302 2282 1365 clesiae
2301 1305 2566 1385 corporis
2588 1325 2603 1380 ;
2629 1314 2686 1366 et
2711 1305 2772 1366 in
2804 1324 2873 1367 eo
2905 1305 3058 1368 sicut
3088 1306 3150 1366 in
3183 1325 3298 1367 uno
3313 1323 3734 1386 corpore,om-

2089 1409 2196 1452 nes
2229 1411 2336 1454 nos
2367 1394 2809 1473 conjungimur.

2166 1478 2317 1542 XIX.
2340 1481 2478 1543 Haec
2498 1482 2664 1544 vobis
2687 1481 2994 1547 Romanis.
3021 1482 3082 1546 Si
3105 1501 3248 1562 ergo
3281 1480 3576 1564 possimus
3606 1501 3734 1558 vos,

2089 1587 2221 1630 cum
2245 1569 2374 1632 sitis
2394 1571 2690 1644 homines,
2721 1574 2791 1636 ad
2808 1573 3218 1635 credulitatem
3237 1573 3546 1635 nobiscum
3559 1571 3736 1634 redu-

2088 1676 2225 1720 cere
2247 1676 2356 1740 per
2382 1678 2452 1721 ea
2475 1679 2603 1741 quae
2627 1660 2904 1738 diximus,
2930 1669 2988 1723 et
3017 1661 3285 1723 docendo
3307 1680 3409 1722 vos
3437 1680 3506 1723 ex
3539 1660 3736 1722 divina

361 1747 694 1821 mendacia,
715 1755 773 1808 et
793 1747 1200 1811 incedentium
1221 1749 1458 1830 propria
1480 1749 1868 1828 conscientia,
1894 1747 2000 1808 im-
2087 1747 2392 1829 Scriptura
2415 1750 2714 1828 arguimus
2744 1771 2758 1826 ;
2783 1751 2971 1830 gratia
2989 1751 3116 1826 Dei,
3145 1760 3202 1812 et
3224 1751 3387 1813 vobis
3409 1749 3734 1812 scientibus

362 1837 729 1919 pedientium
753 1837 1002 1914 nubere,
1030 1846 1086 1900 et
1105 1837 1407 1900 abstinere
1435 1857 1468 1899 a
1498 1838 1647 1900 cibis
1679 1857 1825 1918 quos
1848 1840 2005 1901 Dens
2087 1835 2242 1898 bene
2256 1836 2499 1918 Spiritui
2528 1855 2734 1901 sancto
2768 1840 3041 1920 credere,
3061 1848 3118 1901 et
3138 1839 3416 1921 prosequi
3439 1839 3732 1899 rationem

357 1927 653 2006 creavit(l
684 1929 838 1989 Tim.
872 1944 950 2006 iv,
993 1927 1153 2008 1-3).
1191 1951 1218 1983 ι
1254 1927 1327 1989 Et
1354 1946 1422 1990 ea
1444 1947 1574 2008 qua;
1595 1927 1830 1989 exinde.
1855 1929 2003 1989 Pro-
2080 1926 2446 2006 jamdictam
2471 1946 2540 1988 ex
2565 1926 2982 2008 Scripturis.Si
3005 1946 3141 1992 vero
3158 1929 3330 1990 aliter
3351 1926 3732 2006 tenetis,date

359 2023 492 2097 pter
514 2015 669 2097 quod
712 2025 769 2077 et
808 2015 936 2078 Tito
970 2018 1285 2098 praecepit:
1341 2040 1368 2072 α
1400 2017 1602 2095 Argue
1633 2035 1756 2088 eos,
1790 2016 2002 2097 inquit,
2090 2013 2262 2076 nobis
2285 2017 2625 2078 testimonia
2649 2035 2717 2078 ex
2738 2017 2936 2078 divina
2967 2018 3271 2099 Scriptura
3302 2015 3686 2078 consistentia
3715 2034 3728 2075 :

361 2103 610 2178 duriter,
633 2111 698 2166 ut
721 2104 847 2165 sani
870 2105 990 2166 sint
1016 2103 1078 2164 in
1102 2105 1242 2178 ﬁde,
1267 2123 1388 2166 non
1406 2104 1781 2166 attendentes
1795 2102 2005 2167 Judai-
2089 2102 2150 2163 in
2181 2103 2396 2184 quibus
2426 2104 2555 2166 volo
2584 2104 2908 2168 benevolos
2937 2125 3039 2168 vos
3069 2125 3226 2181 esse,
3258 2114 3322 2168 ut
3351 2123 3530 2185 super
3559 2103 3734 2165 sedes

357 2192 444 2254 cis
472 2193 708 2268 fabulis,
745 2202 803 2254 et
839 2195 1154 2274 praeceptis
1184 2194 1490 2257 hominum
1535 2193 2005 2271 subvertentium
2087 2192 2497 2275 intelligentia;
2525 2196 2936 2275 requiescatis,
2972 2205 3030 2256 et
3059 2214 3187 2269 nos,
3223 2191 3736 2256 scientesobedire

355 2282 672 2343 veritatem
703 2272 856 2360 (Tit.
886 2300 928 2356 1,
965 2272 1088 2356 l4).
1130 2307 1153 2341 ι)
2086 2272 2472 2343 inenarrabili
2494 2272 2708 2344 rationi
2739 2284 3010 2362 spiritus,
3043 2285 3261 2345 docere
3284 2283 3484 2345 omnia
3505 2281 3636 2362 qua;
3660 2281 3732 2342 ad

439 2368 648 2435 XVIII.
681 2369 1078 2443 Quamobrem
1109 2370 1562 2448 diligentissime
1592 2368 2008 2451 inquisivimus
2089 2387 2192 2431 vos
2220 2369 2592 2449 scripsimus.
2621 2371 2956 2434 Salutamus
2983 2390 3082 2434 vos
3112 2372 3172 2432 in
3206 2369 3437 2434 Christo
3459 2371 3596 2433 Jesu
3613 2368 3734 2430 Do-

359 2458 433 2520 de
456 2467 671 2520 caetero
694 2459 853 2520 circa
873 2460 1023 2535 haec,
1050 2479 1082 2521 o
1107 2461 1339 2534 fratres,
1371 2477 1446 2520 ne
1466 2457 1782 2540 aliquando
1816 2476 1886 2519 ex
1915 2458 2009 2519 his
2091 2457 2251 2519 mino
2273 2466 2496 2535 nostro,
2523 2459 2618 2520 cui
2640 2468 2730 2522 est
2750 2460 2936 2540 gloria
2977 2469 3034 2522 et
3077 2460 3360 2540 potentia,
3393 2477 3527 2520 cum
3560 2460 3735 2520 Patre

359 2566 492 2627 quae,
519 2546 678 2609 dicta
705 2556 842 2609 sunt
871 2556 929 2609 et
957 2548 1278 2628 redarguta
1307 2547 1470 2610 vobis
1499 2546 1828 2622 mendacia,
1871 2546 2007 2608 dico
2090 2554 2149 2610 et
2178 2545 2401 2627 Spiritu
2449 2558 2680 2630 sancto,
2728 2569 2888 2612 nunc
2942 2558 3001 2613 et
3044 2567 3304 2631 semper,
3339 2557 3394 2612 et
3427 2547 3489 2609 in
3518 2546 3737 2610 saecula

360 2653 520 2696 nunc
547 2653 766 2717 azyma,
791 2635 1182 2697 Sabbatorum
1194 2636 1444 2716 jejunia,
1467 2636 1703 2717 nuptias
1725 2635 2006 2696 sacerdo-

365 2731 486 2786 tum
513 2730 570 2786 et
593 2723 654 2785 in
667 2723 915 2805 jejuniis
927 2723 1257 2789 oblationes
1273 2721 1576 2806 accipiatis
1597 2741 1613 2799 ',
1634 2725 1740 2786 sed
1752 2722 2010 2786 scientes

2091 2635 2466 2698 saeculorum.
2501 2641 2714 2702 Amtn.

721 2883 904 2947 Fim's
933 2883 1124 2948 libelli
1152 2884 1394 2965 Nicetw,
1417 2885 1760 2966 presbyteri
1788 2890 1845 2947 et
1875 2887 2162 2949 monachi
2201 2887 2557 2948 monasterii
2585 2885 2816 2964 Studii,
2852 2893 3067 2951 contra
3099 2887 3370 2950 Latinos.

2797 3044 3696 3073 Μ

1831 3169 2242 3254 INCIPIT

899 3380 1672 3490 RESPONSIO
1765 3381 2073 3488 SlVE
2167 3381 3202 3492 CONTRADICTIO

1617 3595 1694 3658 IN
1739 3598 2060 3659 EUMDEM
2109 3597 2499 3660 LIBELLUM

1176 3759 1286 3854 A
1365 3760 1988 3855 FRATRE
2081 3761 2952 3860 HUMBERTO

1510 3941 1862 4003 EPISCOPO
1906 3941 2152 4005 8ΠΝίΕ
2198 3942 2575 4005 CANDID/E.

441 4224 486 4286 Ι.
521 4224 584 4287 Si
615 4224 933 4302 diligenter
988 4230 1206 4285 sanctae
1263 4221 1761 4288 Chalcedonensis
1792 4225 2056 4307 synodiC
2083 4223 2603 4301 leonis,etmurum
2623 4226 3061 4291 adamantinum
3084 4229 3360 4306 frangere
3381 4193 3736 4288 tentast’illn.

365 4325 637 4396 quartum
671 4316 1108 4378 considerasses
1140 4321 1334 4396 caput,
1371 4314 1567 4395 quiete
1602 4317 1923 4379 monastica
1946 4327 2004 4381 et

356 4405 608 4484 jejuniis
624 4413 798 4486 atque
821 4403 1258 4466 orationibusin
1277 4404 1634 4465 monasterio
1655 4413 1752 4466 tuo
1767 4415 2006 4468 conten-

361 4502 854 4575 tus,nequaquam
869 4493 1286 4555 ecclesiasticis
1301 4492 1476 4553 rebus
1491 4493 2006 4570 communicasses,

363 4601 470 4643 nec
493 4583 996 4663 importunitatem
1024 4582 1346 4644 intulisses.
1369 4581 2005 4661 Quapropter-sexcen-

365 4677 554 4732 torum
582 4673 857 4751 tringinta
870 4671 1102 4733 Patrum
1117 4670 1396 4732 concordi
1416 4671 1655 4730 decreto
1679 4691 1710 4731 a
1735 4690 2005 4733 commu-

369 4758 545 4820 nione
603 4779 664 4822 es
721 4779 1066 4842 suspensus,
1118 4778 1194 4819 ne
1251 4779 1358 4840 per
1409 4765 1464 4818 te
1523 4777 1739 4819 nomen
1773 4761 2006 4822 Domini

368 4845 2010 4929 blasphemetur.Dccetenimunamquauqueprofessio-

365 4955 498 4997 nem
524 4957 588 5000 se
615 4939 724 5001 sub
744 4958 1022 5001 mensura
1045 4937 1134 4999 sui
1155 4936 1388 4998 habitus
1411 4935 1692 5013 etgradus
1706 4938 2004 5013 cohibere,

365 5045 438 5086 ne
463 5028 777 5090 conturbet
799 5026 1490 5105 ecclesiasticidogmads
1505 5025 1774 5086 ordinem
1792 5033 2004 5108 totum,

364 5114 530 5190 dum,
563 5137 678 5177 non
712 5135 815 5178 suo
849 5125 1160 5178 contentus
1192 5115 1411 5194 ofﬁcio,
1445 5113 1765 5192 praeripere
1799 5117 2009 5194 quaerit

364 5203 644 5266 alienum.
669 5206 782 5269 Sed
809 5225 887 5268 vae
920 5207 1048 5282 tibi,
1074 5205 1396 5277 Sarabaita,
1427 5204 1527 5283 qui
1552 5204 1713 5264 nulla
1744 5205 2006 5268 caenobi-

365 5293 461 5353 tali
477 5295 845 5357 examinatus
863 5295 1508 5376 disciplina,voluntate
1524 5301 1698 5373 atque
1713 5293 2009 5375 voluptate

362 5381 574 5444 ductus
605 5387 870 5464 propria,
921 5395 1126 5446 contra
1173 5391 1440 5445 sanctam
1501 5389 1558 5442 et
1593 5383 1919 5444 Romanam
1953 5392 2011 5444 et

357 5472 1068 5551 apostolicamEcclesiam
1089 5481 1138 5534 et
1157 5471 1420 5532 omnium
1435 5479 2008 5536 sanctorumPatrum

361 5559 614 5624 concilia
631 5561 998 5624 horribiliter
1024 5560 1274 5642 Iatrasti,
1302 5558 1734 5636 stultiorasino,
1755 5560 2010 5624 frontem

2086 4331 2202 4392 quo
2223 4314 2426 4396 utique
2451 4325 2686 4390 conatu,
2714 4335 2830 4377 non
2853 4329 2940 4380 est
2963 4318 3149 4379 victor
3169 4317 3411 4396 erroris,
3429 4315 3528 4377 sed
3547 4315 3736 4380 victus

2090 4421 2292 4464 errore
2314 4426 2329 4476 ;
2348 4424 2458 4467 nec
2481 4405 2810 4486 presbyter,
2838 4408 2940 4468 sed
2965 4407 3327 4468 inveteratus
3353 4406 3583 4467 dierum
3608 4423 3735 4465 ma-

2090 4491 2303 4566 lorum,
2322 4503 2541 4573 etpuer
2563 4502 2802 4556 centum
2828 4515 3118 4556 annorum
3147 4495 3495 4556 maledictus
3512 4515 3528 4568 ;
3547 4498 3737 4574 potius

2091 4581 2701 4663 dicendusEpicurus,
2723 4605 2897 4665 quam
2913 4584 3389 4647 monachusNec
3403 4583 3736 4645 credendus

2088 4689 2151 4730 es
2174 4673 2390 4751 degere
2413 4674 2474 4734 in
2493 4675 2850 4736 monasterio
2870 4675 3072 4748 studii,
3095 4675 3198 4735 sed
3219 4677 3274 4736 in
3302 4673 3734 4754 amphitheatro

2089 4762 2496 4842 autlupanari.
2523 4761 2822 4834 Quietiam
2845 4783 2977 4826 vere
2999 4763 3450 4845 prmnominaris
3463 4769 3732 4842 pactam-

2095 4859 2208 4922 (τις,
2244 4852 2522 4932 quoniam
2556 4873 2689 4914 cum
2723 4865 3002 4933 serpente
3043 4855 3286 4935 antiquo
3319 4871 3500 4933 super
3529 4866 3736 4932 pectus

2097 4949 2256 5000 tuum
2290 4941 2576 5016 graderis.
2600 4941 2793 5016 Quod,
2818 4943 2971 5004 sicut
3003 4944 3240 5024 quidam
3278 4944 3508 5002 Patrum
3537 4941 3681 5001 dixit
3717 4962 3729 5000 :

2102 5053 2121 5078 π
2160 5028 2510 5110 Quicunque
2540 5031 2680 5104 vult,
2739 5031 2916 5092 intrat
2975 5043 3031 5093 et
3084 5031 3253 5091 solvit
3282 5031 3511 5092 asinum
3546 5050 3559 5090 :
3601 5053 3628 5084 ι
3665 5048 3735 5091 ex

2091 5116 2454 5179 abundantia
2470 5119 2627 5179 enim
2649 5120 2844 5180 cordis
2864 5139 2928 5179 os
2946 5118 3450 5200 loquitur(.tlulth.
3474 5135 3578 5192 xu,
3609 5118 3730 5194 34).

2089 5205 2317 5268 Deinde
2343 5206 2751 5269 detestabilor
2770 5230 2792 5267 ε
2810 5209 3248 5281 mniveneﬁcio,
3271 5208 3421 5270 labia
3448 5207 3734 5268 mortiferi

2093 5295 2287 5376 poculi
2320 5296 2495 5357 melle
2527 5295 2835 5357 charitatis
2869 5305 2927 5358 et
2985 5297 3141 5358 bono
3174 5298 3358 5358 odore
3387 5295 3734 5358 humilitatis

2092 5383 2388 5463 imbuens,
2424 5403 2491 5445 ex
2524 5383 2822 5464 prmdictis
2844 5385 3156 5449 virtutibus
3177 5385 3529 5448 delectabile
3561 5385 3730 5446 exhi-

2093 5471 2274 5535 buisti
2305 5472 2680 5553 prooemium,
2715 5481 2778 5533 ut
2826 5469 3175 5553 przegustata
3230 5475 3480 5536 dulcedo
3512 5474 3732 5535 faceret

2092 5560 2524 5636 incunctanter,
2550 5559 2855 5624 absorberi
2886 5563 2961 5625 fel
2991 5562 3315 5626 draconum
3347 5572 3404 5627 et
3431 5563 3725 5647 reliquum
