4052 6134
357 225 508 291 1023

1389 233 1841 299 HUMBERTIS
1883 238 1951 301 S.
1994 239 2066 300 Β.
2115 240 2183 301 Ε.
2228 239 2698 304 CARDINALIS

3616 239 3641 301 1
3654 236 3783 301 024

347 362 726 461 veneﬁcium:
750 366 863 429 Sed
886 386 970 461 vae
995 367 1049 428 ei
1070 367 1167 461 qui
1187 374 1352 461 potat
1388 368 1643 431 amicum
1675 390 1847 435 suum
1884 396 1995 457 po-
2016 398 2057 433 Α
2079 376 2344 439 tenebris
2365 377 2629 441 ambulat
2651 378 2909 459 (IJoan.
2936 397 3000 455 II,
3029 380 3110 453 9).
3142 404 3170 436 ι
3199 378 3312 442 Hic
3342 380 3526 461 plane
3563 379 3786 460 liquet

350 450 510 512 tione
534 452 872 516 turbulenta
893 460 906 514 l
933 454 1117 527 Quam
1147 455 1282 516 ideo
1304 461 1698 520 necessariam
1721 450 1999 528 duximus

349 538 642 602 subtiliori
669 541 850 604 linteo
874 544 1126 605 colatum
1151 543 1259 624 ire,
1278 552 1341 605 ut
1362 545 1569 606 modus
1584 551 1996 614 concinnatic-

349 628 620 718 nis_ej_us,
636 639 693 690 et
715 632 977 710 potentia
996 632 1365 712 aliquatenus
1390 634 1576 713 possit
1598 638 1995 718 deprehendi,

350 723 407 777 et
438 715 732 810 deinceps
761 721 976 797 caveri,
1011 721 1149 802 quia
1178 721 1513 800 ingreditur
1534 715 1773 810 blande,
1808 731 1914 793 sed
1935 715 1996 793 in

347 804 1013 899 novissimoumordebit
1040 819 1104 872 ut
1160 810 1428 885 coluber,
1490 820 1548 874 et
1574 814 1727 878 sicut
1756 804 1997 899 regulus

344 912 572 955 venena
598 894 911 961 diffundet.

425 981 676 1077 II._Ecce
707 987 767 1048 in
799 987 927 1068 ipso
958 989 1240 1052 livoratu's
1270 991 1354 1052 tui
1384 990 1674 1054 vestibulo
1708 994 1820 1055 tria
1851 1016 1994 1077 pro-

346 1071 616 1152 posuisti:
640 1074 714 1137 de
731 1094 933 1158 azymo
950 1078 1210 1154 scilicet,
1230 1080 1305 1140 de
1321 1078 1578 1143 Sabbato
1609 1090 1667 1143 et
1692 1083 1766 1144 de
1792 1071 1996 1148 sacer-

345 1158 547 1249 dolum
567 1163 805 1242 nuptiis.
835 1165 916 1226 Ex
939 1166 1152 1247 quibus
1190 1174 1274 1228 tot
1302 1177 1362 1231 et
1390 1176 1549 1231 tanta
1578 1172 1908 1249 evomuisti,
1934 1184 1999 1237 ut

343 1247 403 1308 in
425 1252 814 1328 pervertendo
827 1252 1055 1316 divinas
1068 1256 1392 1317 sententias
1409 1276 1527 1318 non
1549 1247 1994 1325 interim-videa-

344 1337 429 1433 ris
461 1342 755 1433 perversis
772 1350 834 1433 et
858 1343 1110 1407 rabiosis
1135 1344 1624 1409 canibusJuliano
1650 1357 1708 1411 et
1725 1349 1992 1433 Porphy-

344 1426 456 1487 rio.
491 1427 759 1511 Denique
776 1432 960 1493 divini
987 1433 1207 1515 eloquii
1229 1435 1448 1496 scalam
1470 1437 1540 1497 ad
1573 1438 1753 1499 coelos
1774 1426 1987 1505 subreo

2081 465 2239 541 quod
2256 486 2373 527 non
2391 466 2463 529 ab
2480 467 2746 548 apostolo
2768 478 2994 542 sancto,
3021 467 3125 530 sed
3146 468 3219 529 ab
3230 476 3500 549 apostata
3532 471 3786 546 angelo

2080 555 2389 633 accepisti,
2418 571 2480 617 ut
2503 556 2769 619 diceres:
2796 556 2921 633 Qui
2949 575 3092 639 ergo
3121 575 3346 637 azyma
3376 558 3698 638 comedit,
3720 565 3791 618 in

2085 644 2355 705 tenebris
2385 643 2534 723 legis
2563 644 2859 729 ambulat,
2887 645 3027 726 quia
3061 654 3179 706 tota
3208 646 3632 726 epistolailla,
3657 664 3785 707 nec

2081 730 2500 795 fermentatum
2524 752 2633 797 nec
2649 753 2911 817 azymum
2935 743 3385 811 commemorat,
3415 736 3527 797 sed
3546 737 3784 798 solum

2079 820 2454 883 charitatem.

2157 910 2227 971 V.
2262 912 2402 973 Post
2431 900 2559 971 haec
2589 926 2706 974 non
2740 910 2956 973 minori
3017 911 3331 992 sacrilegio
3361 915 3613 978 abusus
3652 911 3790 975 alio

2078 997 2421 1060 testimonio
2456 998 2722 1078 ejusdem
2755 998 3007 1078 apostoli
3036 1001 3326 1063 dicentis:
3368 1026 3392 1058 α
3419 1002 3589 1064 Tres
3612 1009 3793 1063 sunt.

2081 1088 2181 1167 qui
2203 1087 2610 1149 testimonium
2635 1087 2952 1166 perhibent
2972 1088 3035 1149 in
3064 1095 3246 1163 terra,
3273 1091 3564 1171 Spiritus,
3598 1109 3790 1172 aqua

2081 1183 2139 1237 et
2157 1176 2419 1257 sanguis,
2455 1186 2512 1238 et
2541 1176 2602 1238 hi
2631 1183 2754 1238 tres
2785 1196 2966 1239 unum
3000 1186 3137 1239 sunt
3179 1179 3234 1259 (1
3260 1178 3451 1242 Joan.
3483 1199 3545 1253 v,
3586 1182 3635 1241 7
3682 1202 3704 1260 ;
3751 1204 3781 1233 ιι

2080 1283 2355 1344 perverse
2369 1266 2605 1327 conaris
2618 1265 2688 1326 ad
2704 1283 2916 1343 panem
2933 1265 3368 1330 mensaaChristi
3383 1268 3788 1342 transferre,

2076 1353 2345 1432 quodille
2360 1354 2435 1415 de
2447 1352 2738 1433 baptismo
2751 1355 3392 1433 ejusvoluitintimare.
3416 1356 3785 1438 Inbaptis-

2074 1442 2475 1522 mosiquidem
2500 1444 2623 1504 haec
2646 1443 2924 1518 triasunt,
2946 1452 3004 1505 et
3037 1464 3219 1506 unum
3259 1445 3560 1526 baptisma
3612 1447 3781 1508 efﬁ-

346 1523 522 1591 ctam,
557 1528 839 1614 quantum
874 1521 935 1581 in
956 1530 1022 1614 te
1054 1523 1187 1598 fuit,
1220 1525 1510 1614 retorsisti
1540 1526 1612 1586 ad
1643 1526 1887 1604 inferos,
1916 1552 1988 1595 ne
2071 1521 3785 1614 ciunt.EtSpiritusquidemsanctiﬁcat,aquaabluit,san-

346 1621 478 1665 cum
509 1608 736 1702 angelis
790 1611 1115 1702 scanderes
1170 1613 1242 1675 ad
1303 1614 1650 1695 catholicos,
1712 1617 1819 1678 sed
1851 1608 3776 1702 cumBguisreditnit.Siquodlibethorumdefuerit,baptiSmus

345 1698 635 1775 apostasis
657 1699 1060 1764 descenderes
1080 1702 1151 1764 ad
1171 1704 1504 1766 haereticos.
1530 1704 1674 1768 Inde
1700 1711 1984 1789 estquod,
2075 1724 2193 1767 non
2244 1708 2378 1782 erit,
2412 1698 2595 1769 sicut'
2615 1708 2969 1770 venerabilis
3001 1719 3168 1789 pater
3195 1698 3568 1789 Augustinus
3600 1713 3711 1774 ait
3750 1734 3767 1773 :

343 1793 566 1879 sancta:
595 1789 876 1879 Romanae
906 1797 963 1851 et
992 1793 1334 1869 apostolica;
1364 1792 1522 1856 sedis
1554 1795 1847 1859 sacriﬁcio
1878 1801 1989 1861 de-
2081 1816 2105 1849 ι
2141 1791 2310 1855 Tolle
2342 1813 2578 1876 aquam,
2614 1814 2736 1857 non
2768 1803 2861 1857 est
2891 1796 3241 1876 baptismus,
3278 1798 3419 1860 tolle
3451 1799 3765 1879 verbum,

344 1873 604 1947 trahens,
638 1875 956 1941 falsissime
980 1880 1301 1943 deﬁnivisti
1325 1900 1432 1943 nos
1459 1901 1724 1945 mensam
1746 1886 1987 1949 Juda’zo-
2073 1898 2193 1942 non
2224 1889 2312 1942 est
2331 1873 2684 1963 ba'plismus.
2715 1882 2828 1945 Sed
2843 1873 3333 1947 accédilverbum
3353 1885 3427 1947 ad
3451 1873 3766 1948 elemen;

335 1970 451 2023 rtm
482 1965 824 2027 comedere.
859 1966 1023 2039 Quod
1058 1969 1206 2031 satis
1237 1970 1571 2032 ostenditur
1600 1973 1661 2033 in
1692 1969 1989 2056 superiori
2074 1971 2378 2041 ium,elﬁt
2402 1980 2867 2034 sacramentum.
2890 1997 2911 2028 ι
2932 1972 3227 2034 Tuautem
3248 1992 3503 2054 nequam
3517 1984 3763 2054 pecto-

335 2059 537 2113 nostra
567 2055 928 2131 narratione,
963 2056 1065 2118 ubi
1096 2062 1448 2121 commentis
1469 2055 1826 2141 complicum
1850 2072 1985 2127 tuo-

336 2157 490 2215 rum,
519 2142 829 2207 Michaelis
849 2145 1081 2207 scilicet
1101 2146 1734 2228 Constantinopolitani
1762 2154 1984 2216 etLeo-

339 2228 432 2289 nis
454 2229 735 2294 Acridani
783 2234 1081 2296 voluimus
1130 2234 1397 2298 obviare.
1450 2236 1573 2299 Nec
1625 2248 1712 2301 est
1742 2259 1985 2304 necesse

338 2318 545 2409 eadem
578 2339 685 2382 nos
719 2321 892 2385 toties
922 2335 1221 2403 repetere.
1281 2325 1431 2398 Quia
1460 2336 1689 2409 stuppa:
1718 2330 1982 2392 collecta:

332 2415 391 2498 et
421 2408 614 2489 paleae
645 2413 933 2491 conjecta;
963 2413 1322 2494 zizaniisque
1352 2415 1616 2477 collectis
1650 2437 1766 2479 una
1790 2427 1983 2498 potest

332 2495 570 2560 ﬂamma
588 2499 885 2566 sufﬁcere.
919 2502 1087 2565 Unde
1112 2522 1182 2565 ea
1207 2512 1429 2565 tantum
1449 2495 1978 2569 decrevimuslevi-

336 2590 427 2645 ter
457 2590 842 2675 succendere,
877 2610 1007 2672 quae
1055 2592 1219 2654 solus
1270 2593 1489 2656 videris
1520 2594 1651 2675 plus
1679 2596 1797 2657 illis
1829 2616 1978 2659 con-

332 2690 611 2750 gessisse.

413 2760 512 2823 III.
548 2765 749 2844 Itaque
779 2767 933 2847 quod
969 2768 1169 2829 dixisti
1196 2769 1761 2832 consubstantialem
1786 2781 1843 2833 et
1870 2793 1976 2835 su-

2066 2065 2216 2139 rate,
2245 2059 2981 2140 nequiterinterpretando
2995 2070 3053 2123 et
3073 2062 3449 2142 depravando
3470 2071 3756 2126 senten—

2068 2145 2205 2206 tiam
2222 2147 2630 2210 recumbentis
2650 2167 2831 2229 super
2854 2149 3236 2230 pectusJesu,
3265 2150 3504 2214 dixisti:
3538 2151 3634 2213 Et
3668 2154 3758 2215 Ιιί

2068 2243 2190 2297 tres
2214 2238 2277 2298 in
2299 2255 2419 2300 uno
2461 2246 2625 2313 sunt,
2651 2238 2885 2300 scilicet
2913 2238 2974 2299 in
3004 2257 3252 2319 corpore
3283 2240 3525 2315 Christi,
3557 2241 3744 2321 quod

2064 2322 2385 2405 dilectusej
2397 2345 2463 2387 us
2486 2345 2596 2388 nec
2618 2326 2828 2402 sensit,
2854 2346 2965 2389 nec
2985 2328 3243 2408 scripsit,
3271 2328 3398 2403 sed,
3441 2349 3470 2388 ‹
3497 2328 3561 2390 hi
3586 2337 3726 2391 tres

2063 2430 2245 2474 unum
2271 2423 2409 2475 sunt
2437 2417 2497 2492 (Ι
2511 2414 2689 2478 Joan.
2715 2434 2813 2491 νη,
2840 2419 2921 2493 8),
2942 2446 2969 2473 ι-
2989 2416 3317 2479 secundum
3340 2418 3735 2497 superiorem

2063 2500 2136 2561 de
2168 2501 2464 2583 baptismo
2499 2522 2767 2567 sensum.

2142 2588 2240 2653 \‘I.
2272 2591 2455 2653 Parva
2483 2601 2622 2653 sunt
2651 2594 2778 2654 haec
2806 2601 2866 2655 et
2913 2612 3066 2673 pene
3096 2593 3258 2655 nulla
3286 2593 3359 2654 ad
3389 2611 3712 2675 compara-

2061 2677 2282 2740 tionem
2294 2681 2596 2760 sequentis
2614 2680 3024 2763 blasphemiae,
3039 2701 3153 2762 qua
3163 2700 3437 2744 asserere
3452 2682 3713 2764 laboras,

2059 2768 2213 2846 quod
2249 2776 2515 2849 tempore
2544 2770 2867 2831 Dominica:
2885 2771 3178 2850 passionis
3198 2779 3257 2831 et
3278 2770 3702 2846 cruciﬁxionis,

335 2851 893 2929 persubstantialem
910 2855 1071 2918 idem
1089 2876 1242 2931 esse,
1264 2858 1504 2919 omnino
1519 2860 1648 2921 estf
1647 2862 1808 2923 utile.
1832 2862 1978 2934 Quia
2059 2857 2293 2937 quando
2308 2859 2546 2936 sanguis
2565 2867 2621 2919 et
2636 2877 2786 2939 aqua
2800 2860 2874 2921 de
2890 2859 3074 2921 latere
3104 2860 3232 2937 ejus
3245 2860 3444 2933 exivit,
3462 2868 3696 2920 sanctus

336 2937 833 3019 Dominuslesus,
852 2948 1116 3025 quamvis
1140 2946 1313 3007 nobis
1328 2949 1697 3011 humanitate
1722 2950 1797 3010 sit
1828 2970 1974 3013 con-
2059 2945 2390 3007 etviviﬁcus
2412 2947 2656 3027 spiritus
2682 2937 2742 3008 in
2766 2947 3041 3008 deiﬁcata
3057 2947 3381 3026 ejuscarne
3394 2945 3687 3008 remansit.

334 3025 741 3091 substantialis
779 3052 794 3107 ;
845 3033 929 3094 sic
963 3042 1019 3094 et
1051 3035 1324 3096 humanae
1357 3054 1576 3097 mensa;
1601 3057 1804 3117 panes,
1839 3037 2035 3101 licetC
2061 3033 2229 3106 Quod
2260 3036 2313 3096 si
2342 3025 2693 3112 con—stiterit,
2730 3045 3000 3097 mortuus
3031 3025 3148 3096 non
3178 3035 3310 3098 fuit.
3346 3034 3410 3097 Si
3442 3042 3685 3095 mortuus

335 3114 449 3176 sint
466 3119 1570 3199 consubstantialessilii,mensmtamen
1586 3114 1801 3188 divinae
1814 3128 1980 3207 panis
2063 3141 2178 3183 non
2204 3122 2333 3195 fuit,
2358 3142 2550 3202 neque
2570 3122 2909 3184 resurrexit.
2927 3123 3123 3185 Sinon
3143 3124 3494 3199 resurrexit,
3518 3122 3699 3183 inanis
3728 3196 3733 3200 ν

334 3206 1240 3295 supersubstantialisesteis.Et,
1267 3206 1980 3295 omentiteDeo,etaperte
2063 3217 2151 3270 est
2182 3211 2328 3271 ﬁdes
2359 3220 2415 3271 et
2445 3212 2783 3292 praedicatio
2814 3221 3037 3287 nostra,
3073 3212 3207 3294 quia
3242 3228 3354 3275 nec
3377 3231 3486 3272 nos
3507 3229 3703 3272 resur-

334 3292 713 3383 impugna'or
741 3300 924 3361 sancti
954 3300 1295 3379 Evangelii!
1332 3302 1433 3362 ubi
1468 3312 1525 3364 et
1556 3303 1791 3383 quando
1816 3292 1982 3366 dixit
2061 3319 2289 3380 gemas.
2327 3303 2399 3363 Et
2456 3302 2607 3363 sicut
2660 3301 2978 3381 Apostolus
3007 3292 3133 3363 ait:
3205 3325 3233 3357 α
3293 3300 3357 3363 Si
3385 3300 3460 3361 ad
3493 3299 3709 3361 bestias

332 3381 589 3466 Veritas,
616 3389 843 3450 veracis
863 3389 1052 3451 Patris
1093 3391 1276 3453 Filius
1303 3409 1316 3453 :
1372 3417 1398 3446 α
1431 3381 1645 3454 Cavete
1674 3392 1746 3454 ab
1778 3412 1977 3474 azymo
2062 3390 2311 3469 pugnavi
2339 3389 2582 3470 Ephesi,
2616 3389 2759 3469 quid
2789 3389 2937 3451 mihi
2969 3391 3233 3467 prodest,
3268 3389 3318 3450 si
3349 3390 3572 3450 mortui
3594 3407 3710 3449 non

329 3471 621 3537 fermento
639 3478 1072 3541 l’harismorum
1091 3481 1116 3541 Υ
1133 3501 1160 3541 ‹
1177 3480 1391 3560 (.llarc.
1407 3498 1532 3562 vm,
1556 3482 1674 3562 15).
1700 3471 1973 3563 Nunquid
2058 3482 2463 3555 resurgunt?»
2498 3478 2553 3558 (Ι
2575 3478 2711 3540 Cor.
2737 3496 2835 3549 xv,
2861 3479 2986 3557 32.)
3014 3479 3242 3559 thuid
3257 3477 3415 3539 enim
3435 3478 3710 3558 quotidie

330 3582 610 3645 azymum
641 3568 906 3648 quolibet
962 3571 1138 3632 modo
1198 3578 1391 3651 potest
1446 3571 1562 3632 dici
1593 3572 1972 3649 fermentum,
2049 3575 2218 3651 tanta
2233 3567 2519 3648 patimur?
2536 3566 3316 3630 Comedamusetbibamus:
3345 3568 3464 3627 imo
3485 3565 3710 3627 bestia-

329 3656 566 3735 quando
589 3676 852 3738 azymum
884 3659 1134 3735 dicatur,
1163 3650 1409 3741 ecquod
1432 3661 1655 3742 absque
1688 3662 1976 3724 fermento
2048 3650 2197 3719 'liter
2217 3662 2498 3733 vivamus,
2533 3675 2664 3717 cras
2694 3656 2851 3717 enim
2875 3666 2940 3718 ut
2964 3656 3168 3718 bestiae
3192 3657 3538 3718 moriemur.
3568 3655 3631 3718 Si
3654 3654 3714 3716 in

330 3744 451 3806 sit?
473 3753 531 3805 et
562 3745 901 3828 ubicunque
932 3751 1289 3810 fermentum
1315 3750 1515 3831 fuerit,
1539 3769 1781 3813 necesse
1809 3761 1897 3814 est
1918 3762 1980 3815 ut
2063 3746 2533 3809 hacvitalantum
2553 3744 2613 3805 in
2657 3744 2890 3807 Clll‘iSlO
2923 3754 3233 3825 ερθτειηιθε
3263 3763 3490 3818 sumus.
3528 3745 3713 3805 mise-

331 3841 431 3893 aut
454 3834 809 3897 fermentum
837 3838 1072 3908 efﬁciat,
1098 3847 1194 3898 aut
1220 3839 1572 3900 fermentum
1601 3842 1979 3920 permaneat?
2059 3833 3257 3909 rabilioresomnibussumushominibus;
3288 3832 3392 3894 sed
3409 3833 3567 3894 absit
3599 3834 3716 3895 hoc

331 3919 477 3982 Cum
509 3939 648 4000 ergo
671 3924 1085 3987 fermentatum
1120 3946 1238 3987 non
1261 3926 1337 3988 sit
1360 3925 1490 3987 sine
1525 3919 1839 4011 fermento,
1865 3951 1975 3992 nec
2057 3925 2130 3985 ab
2149 3925 2542 4004 omnigenere
2560 3921 3000 3984 humano?Nam
3020 3923 3176 3983 idem
3194 3922 3714 4003 praeclarusevan-

328 4008 682 4074 fermentum
700 4013 1018 4095 aliquando
1039 4015 1683 4098 possitessesineipso,
1718 4008 1973 4098 quomo-
2056 4013 2285 4090 gelista,
2320 4013 2422 4093 qni
2454 4014 2565 4073 hoc
2627 4015 2819 4091 ipsum
2880 4029 3141 4092 praesens
3198 4012 3362 4086 vidit,
3397 4019 3719 4073 attestatur

328 4101 403 4163 do
420 4102 628 4163 saltem
651 4104 948 4164 somniare
966 4122 1144 4165 ausus
1166 4123 1226 4165 es
1242 4124 1506 4185 azymum
1527 4108 1974 4168 fermentatum?
2056 4119 2293 4161 carnem
2330 4100 2546 4164 Christi
2576 4116 2714 4160 vere
2746 4101 3140 4161 exanimatam
3188 4099 3249 4159 in
3281 4118 3459 4161 cruce
3489 4100 3708 4181 fuisse,

329 4189 441 4252 Sed
476 4193 745 4270 quamvis
776 4193 914 4254 talia
943 4193 1194 4255 dicendo
1251 4194 1396 4255 telas
1422 4214 1654 4257 araneae
1688 4198 1966 4271 texueris,
1995 4264 2028 4271 _
2055 4190 2293 4252 dicens:
2329 4217 2349 4247 (ι
2381 4194 2451 4253 Et
2471 4190 2753 4251 inclinato
2778 4190 2968 4270 capite
2991 4189 3187 4250 emisit
3204 4189 3477 4270 spiritum
3498 4191 3707 4269 (Joan.

332 4264 564 4340 muscas
595 4288 654 4341 et
701 4281 927 4342 culices
981 4300 1086 4344 seu
1116 4284 1469 4345 vermiculos
1501 4284 1848 4347 aberrantes
1879 4286 1972 4347 his
1995 4264 2173 4355 Dxrx,
2207 4280 2333 4360 30}.
2374 4307 2399 4335 »
2456 4284 2641 4342 Porro
2700 4281 2935 4341 Marcus
2997 4288 3053 4339 et
3111 4277 3298 4340 Lucas
3331 4280 3538 4340 dicunt
3568 4297 3710 4340 eum

328 4367 567 4430 irretire
600 4369 823 4448 poteris
855 4391 871 4446 ;
930 4388 1047 4431 non
1079 4378 1273 4433 autem
1328 4373 1636 4434 columbas
1669 4374 1976 4455 simplices
2056 4372 2387 4451 exspirasse
2419 4370 2635 4450 (.llarc.
2670 4387 2768 4442 xv,
2824 4370 2901 4432 39
2931 4388 2946 4445 ;
2996 4368 3123 4430 Luc
3172 4385 3339 4445 xxiii,
3376 4370 3500 4447 46).
3536 4369 3712 4432 Unde

330 4465 389 4518 et
417 4475 554 4517 oves
582 4466 1084 4535 recognoscentes
1116 4477 1318 4521 vocem
1352 4461 1445 4521 sui
1472 4462 1752 4525 auctoris.
2054 4469 2115 4523 et
2143 4460 2203 4520 in
2236 4459 2500 4540 symbolo
2534 4460 2888 4520 conﬁtemur
2926 4466 3233 4520 mortuum
3283 4466 3341 4519 et
3373 4456 3705 4537 sepultum.

410 4545 506 4608 IV.
542 4544 794 4619 Deinde,
830 4562 865 4609 ο
922 4545 1207 4608 subverse
1258 4547 1596 4631 subversor,
1631 4551 1974 4615 subvertere
2055 4549 2293 4630 Alioqui
2326 4548 2568 4629 sepeliri
2601 4568 2716 4610 non
2750 4547 2979 4628 debuit,
3013 4547 3113 4628 qui
3143 4556 3417 4609 mortuus
3440 4546 3709 4608 nonfuit.

327 4643 574 4697 conatus
600 4635 953 4695 sententiam
976 4637 1225 4714 apostoli
1247 4638 1491 4699 Joannis
1515 4640 1767 4701 dicentis
1794 4659 1807 4703 :
1850 4665 1872 4697 (ι
1910 4640 1968 4703 Si
2056 4637 2436 4713 Obmutesce,
2472 4637 2635 4698 canis
2668 4659 2681 4696 :
2711 4639 2993 4717 linguam,
3022 4637 3187 4698 canis
3219 4635 3517 4717 improbe,
3542 4655 3707 4698 mor-

327 4723 653 4784 dixerimus
672 4723 810 4803 quia
828 4724 1170 4785 serietatem
1198 4724 1486 4787 habemus
1530 4747 1663 4789 cum
1700 4747 1791 4792 eo.
1823 4738 1882 4791 et
1911 4731 1969 4791 in
2055 4727 2170 4801 de;
2207 4726 2478 4789 Christus
2511 4726 2671 4786 enim
2696 4745 2833 4788 vere
2861 4734 3127 4787 mortuus
3187 4732 3275 4785 est
3323 4732 3566 4804 propter
3595 4724 3708 4785 de-

327 4810 1007 4887 tenebris'ambulamus,
1030 4814 1355 4874 mentimur
1378 4823 1434 4875 et
1458 4835 1575 4877 non
1597 4816 1842 4879 facimus
1868 4838 1966 4879 ve-

326 4900 561 4963 ritatem
597 4901 854 4969 (IJoan.
876 4919 918 4977 ι,
943 4902 1034 4983 6),
1061 4927 1087 4957 »
1117 4911 1174 4963 et
1197 4902 1427 4964 cmteris
1452 4906 1706 4985 nequius
1733 4927 1874 4969 usus
1909 4927 1972 4970 es

327 4990 440 5051 hoc
471 4991 598 5072 ejus
630 4991 994 5071 testimonio,
1048 5009 1221 5071 quam
1274 4992 1507 5053 adulter
1535 4994 1705 5054 oculo
1739 5004 1797 5057 et
1826 4997 1970 5056 latro

327 5078 505 5153 ferro,
531 5099 663 5161 quae
680 5079 886 5160 utique
909 5079 1059 5141 bona
1090 5089 1245 5140 sunt.
1273 5080 1364 5142 Illi
1390 5081 1545 5142 enim
1580 5082 1794 5144 laedere
1834 5092 1967 5145 ten-

328 5175 451 5228 tant
479 5167 728 5249 aliquos,
764 5177 822 5228 tu
857 5169 1107 5249 perdere
1135 5177 1399 5232 cunctos.
1424 5168 1594 5233 Unde
1625 5178 1682 5231 et
1712 5171 1795 5232 sic
1826 5191 1970 5233 con-

325 5257 541 5319 cludis:
577 5259 692 5332 Qui
722 5276 862 5335 ergo
887 5276 1113 5337 azyma
1136 5259 1414 5332 comedit,
1446 5259 1798 5322 intenebris
1824 5262 1971 5340 legis

323 5346 741 5409 ambulat.Sed
757 5347 913 5410 idem
927 5347 1190 5410 Joannes
1208 5348 1601 5410 intentionem
1619 5356 1773 5409 tuam
1792 5368 1970 5411 enar-

323 5452 484 5510 rans,
519 5437 648 5498 luce
678 5435 898 5497 clarius
924 5438 1312 5512 demonstrat,
1334 5438 1434 5516 qui
1454 5437 1689 5510 dixerit,
1716 5438 1967 5519 subjun-

325 5541 502 5606 gens:
528 5548 554 5580 α
572 5524 681 5600 Qui
697 5525 819 5586 odit
836 5544 1004 5586 suum
1020 5525 1285 5604 fratrem,
1302 5527 1363 5587 in
1391 5528 1655 5591 tenebris
1676 5537 1789 5603 est,
1821 5537 1880 5591 et
1907 5529 1968 5591 in

2055 4815 2191 4877 licta
2226 4825 2445 4885 nostra,
2499 4822 2558 4875 et
2613 4824 2857 4895 propter
2913 4813 3402 4893 justiﬁcationem
3435 4821 3701 4874 nostram

2058 4904 2253 4984 (Rom.
2292 4923 2371 4978 iv,
2407 4904 2509 4982 25)
2537 4904 2863 4966 resurrexit
2896 4921 2929 4962 a
2977 4903 3226 4963 mortuis
3256 4901 3534 4983 primitiae
3564 4902 3709 4963 dor-

2056 4993 2368 5052 mientium
2399 4993 2461 5071 (Ι
2489 4995 2623 5055 Cor.
2661 5010 2761 5071 xv,
2786 4992 2912 5071 ΞΟ).

2140 5080 2259 5144 VII.
2295 5080 2446 5141 Ecce
2478 5082 2761 5160 pestifera
2781 5080 3230 5159 dootrina,ecce
3243 5076 3537 5139 diabolica
3559 5095 3706 5155 sug-

2053 5171 2269 5250 gestio,
2305 5171 2476 5248 cujus
2507 5179 2565 5230 lu
2589 5170 2836 5247 signifer
2858 5170 3107 5231 elfectus
3131 5166 3368 5228 conaris
3391 5165 3712 5246 opiniones

2055 5271 2113 5322 et
2140 5258 2594 5321 adinventiones
2626 5269 2863 5320 tuorum
2895 5266 3101 5319 contra
3133 5255 3711 5335 traditionemapos-

2055 5349 2312 5421 tolicam,
2335 5356 2392 5409 et
2416 5358 2621 5409 contra
2636 5349 2999 5411 manifestam
3018 5348 3328 5409 veritatem
3351 5342 3707 5419 defendere,

2054 5439 2309 5499 dicendo
2335 5458 2347 5496 :
2374 5436 2599 5517 Aquam
2632 5438 2884 5501 calidam
2917 5449 2977 5500 et
3006 5436 3355 5516 sanguinem
3385 5437 3462 5499 de
3485 5434 3613 5497 vivo
3645 5444 3707 5496 et

2052 5526 2241 5591 calido
2259 5525 2477 5590 Christi
2497 5545 2749 5608 corpore
2772 5529 2987 5610 exisse,
3001 5536 3059 5590 et
3079 5526 3211 5589 ideo
3233 5528 3469 5590 Graecos
3485 5542 3703 5605 aquam
