4052 6134
307 301 467 365 1095
1621 300 1924 368 CONTRA
1967 294 2334 363 NICETAM.
3553 289 3708 356 1026

313 435 645 497 ferventem
671 436 957 516 sanguine
990 439 1120 518 ejus
1137 438 1270 518 jure
1301 438 1577 499 miscere.
1603 435 1771 508 Quod
1788 442 1969 496 totum
1991 443 2032 489 Α
2133 430 2230 491 ΙΧ.
2251 430 2338 491 Τυ
2367 448 2507 491 vero
2537 428 2850 490 maledicte
2882 435 2943 518 et
2970 429 3313 492 maledictus
3354 449 3550 492 sermo
3582 429 3704 492 oris

318 525 494 603 longe
524 525 694 587 aliter
723 536 831 587 est.
867 517 1289 588 Namveraces
1314 527 1686 605 evangelistae
1715 541 1970 586 concor-
2053 520 2160 592 tui,
2197 519 2681 598 sanctamlegem,
2729 519 2884 579 sicut
2917 517 3292 592 Severianus,
3328 521 3700 582 maledictam

324 613 479 675 diter
492 614 1057 676 narrantDominum
1077 623 1342 676 nostrum
1366 617 1510 676 hora
1531 633 1688 675 nona
1707 613 1767 674 in
1799 629 1975 674 cruce
2057 607 2279 671 dixisti.
2303 607 2426 669 Nec
2448 607 2663 670 mirum
2690 626 2822 668 cum
2842 606 3015 668 etiam
3042 626 3250 687 panem
3278 617 3438 669 tuum
3464 610 3704 672 laudare

326 709 650 777 mortuum,
682 710 742 763 et
772 720 905 764 sero
929 703 1235 784 aJosepho
1257 704 1611 783 postulatum
1645 701 1977 782 depositum
2063 715 2240 776 supra
2272 697 2509 757 modum
2544 697 2810 776 cupiens,
2872 695 3118 756 nimium
3169 696 3509 777 vituperasti
3540 699 3705 760 illum

327 790 401 851 de
423 790 580 867 ligno
595 797 650 851 et
668 792 986 870 sepultum.
1014 795 1149 872 Ipso
1164 792 1320 854 enim
1338 793 1665 854 emittentte
1681 791 1979 871 spiritum,

328 879 523 939 velum
557 880 758 958 templi
819 887 876 940 et
932 889 1110 960 petrae
1165 883 1364 943 scissae
1416 890 1575 955 sunt,
1611 888 1767 942 terra
1797 886 1980 950 mota,

2067 785 2273 845 dicens
2299 803 2311 847 :
2349 809 2373 840 (ί
2400 785 2694 846 Modicum
2712 786 3067 845 fermentum
3094 794 3271 844 totam
3297 804 3547 847 massam
3571 808 3703 849 cor-

2067 874 2308 952 rumpit,
2347 882 2401 934 ct
2435 875 2601 954 panis
2633 873 2892 946 tandem,
2929 892 3047 933 non
3077 891 3341 953 azymum
3374 877 3648 939 elﬁcitur.
3681 904 3701 934 ι

331 982 716 1029 monumenta
744 978 969 1048 aperta,
1022 977 1080 1030 et
1132 970 1312 1030 multa
1369 988 1616 1048 corpora
1645 975 1978 1030 sanctorum
2062 961 2184 1021 Deo
2216 963 2422 1036 gratia,
2455 961 2593 1042 quia
2641 981 2902 1041 azymum
2938 981 3054 1022 non
3112 963 3368 1025 efficitur
3415 965 3488 1026 de
3520 986 3712 1028 massa

331 1066 810 1118 resurrexerunt.
863 1058 929 1119 In
986 1065 1144 1120 tanta
1200 1059 1399 1138 itaque
1456 1057 1896 1138 perturbatione
1927 1062 1985 1116 et

331 1145 498 1223 quasi
528 1147 832 1225 naufragio
863 1148 1046 1210 totius
1103 1156 1405 1223 creaturae,
1467 1167 1584 1208 non
1615 1148 1805 1208 solum
1835 1146 1984 1206 latus

330 1232 570 1295 Domini
603 1254 720 1295 non
753 1235 860 1296 fuit
889 1243 1158 1316 apertum
1191 1238 1420 1313 lancea,
1451 1237 1555 1297 sed
1587 1237 1762 1298 etiam
1795 1235 1854 1295 hi
1886 1239 1988 1315 qui

332 1323 500 1402 prius
524 1323 577 1383 ei
601 1323 1056 1399 insultaverunt,
1088 1333 1149 1387 et
1169 1325 1240 1386 ad
1258 1326 1658 1404 spectaculum
1682 1323 1824 1386 illud
1850 1343 1987 1384 con-

332 1421 638 1488 venerant,
665 1413 788 1473 viso
813 1421 1151 1476 terraamotu
1169 1422 1227 1476 et
1248 1415 1340 1475 his
1363 1433 1492 1494 qua;
1512 1413 1749 1489 ﬁebant,
1783 1421 1988 1493 pectus

333 1516 505 1560 suum
537 1499 957 1579 percutientes,
1019 1503 1486 1564 revertebantur.
1542 1504 1710 1564 Adeo
1767 1509 1832 1562 ut
1859 1502 1987 1582 ipse

336 1589 631 1665 centurio,
665 1589 760 1650 cui
785 1591 1030 1651 traditus
1078 1591 1266 1652 fuerat
1288 1592 1359 1652 ad
1393 1591 1781 1672 puniendum,
1817 1590 1987 1652 dice-

331 1683 427 1737 ret
453 1696 466 1737 :
502 1696 530 1736 c
553 1675 708 1740 Vere
728 1678 834 1740 Dei
858 1680 1012 1741 ﬁlius
1035 1687 1159 1741 erat
1178 1681 1287 1741 iste
1312 1680 1546 1759 (Matth.
1572 1697 1753 1755 xxv",
1791 1679 1916 1758 54,)
1957 1703 1979 1734 ι)

333 1764 408 1826 At
430 1764 531 1826 ubi
557 1767 836 1828 tumultus
867 1769 1077 1829 mundi
1117 1769 1559 1849 conquieverat,
1594 1777 1652 1829 et
1706 1758 2048 1829 securitasB

338 1852 534 1934 aliqua
561 1855 762 1936 rediit,
794 1875 925 1918 cum
953 1858 1077 1936 jam
1128 1875 1260 1918 sero
1290 1863 1470 1934 esset,
1502 1856 1782 1919 Pharisaei
1812 1875 1988 1932 roga-

335 1951 545 2004 verunt
575 1943 823 2004 Pilatum
857 1952 919 2006 ut
941 1951 1187 2025 propter
1205 1946 1534 2007 solemnem
1560 1946 1719 2007 diem
1751 1943 1990 2006 Sabbati

337 2029 754 2109 frangerentur
786 2033 1198 2097 crucifixorum
1231 2051 1403 2096 crura
1432 2044 1491 2096 et
1521 2035 1980 2114 deponerentur.

337 2115 504 2180 Tunc
533 2138 772 2200 quoque
790 2121 1504 2202 Josephrogavitl’ilatum
1521 2131 1584 2183 ut
1606 2123 1838 2185 tolleret
1863 2140 1983 2182 cor-

338 2226 449 2286 pus
466 2207 497 2271 J
505 2227 630 2269 esu.
659 2210 882 2272 Pilatus
902 2229 1042 2272 vero
1065 2210 1392 2273 mirabatur
1412 2214 1458 2272 si
1479 2213 1602 2291 jam
1631 2211 1895 2274 obiisset.
1919 2209 1992 2271 Et

337 2298 623 2359 accersito
653 2299 1028 2375 centurione,
1049 2300 1151 2362 ubi
1177 2302 1447 2380 cognovit
1475 2301 1672 2364 Jesum
1689 2302 1813 2380 jam
1838 2319 1992 2362 mor-

337 2392 524 2460 tuum,
551 2386 1022 2468 donavit'corpus
1042 2387 1285 2469 Joseph.
1312 2389 1498 2451 Porro
1517 2389 1734 2451 milites
1748 2389 1820 2450 ad
1845 2407 1991 2469 prae-

338 2482 576 2554 ceptum
607 2474 778 2536 Pilati
828 2477 1134 2561 fregerunt
1190 2495 1359 2538 crura
1419 2478 1634 2557 prioris
1661 2486 1718 2538 et
1747 2477 1991 2538 alterius

343 2562 945 2626 latronis.AdJesum
980 2575 1176 2628 autem
1211 2585 1345 2627 cum
1371 2566 1691 2641 venissent,
1725 2575 1788 2627 ut
1823 2566 1991 2629 vide—

335 2659 477 2712 runt
496 2671 632 2712 eum
653 2653 776 2732 jam
798 2660 1124 2728 mortuum,
1153 2673 1273 2716 non
1309 2656 1605 2732 fregerant
1636 2655 1764 2734 ejus
1791 2674 1984 2729 crura,

338 2739 444 2800 sed
478 2759 631 2803 unus
654 2742 906 2803 militum
935 2741 1138 2804 lancea
1153 2743 1306 2804 latus
1333 2743 1458 2822 ejus
1487 2744 1738 2823 aperuit,
1766 2752 1823 2804 et
1843 2763 1989 2804 con-

344 2828 510 2890 tinuo
526 2829 954 2910 exivitsanguis
999 2841 1056 2892 et
1094 2850 1263 2912 aqua,
1283 2832 1992 2911 quibusformareturEc-

338 2916 540 2993 clesia,
579 2919 1083 3000 quemadmodum
1127 2939 1195 2982 ex
1254 2929 1414 2982 costa
1467 2922 1609 2983 Adae
1637 2921 1991 2984 dormientis

339 3004 591 3068 formata
623 3018 712 3070 est
732 3008 872 3069 Eva.
920 3007 1134 3070 Eccesi
1190 3010 1336 3070 hora
1384 3029 1540 3071 nona
1562 3010 1727 3091 obiit,
1756 3017 1986 3083 etsero,

329 3093 456 3173 jam
489 3094 562 3156 de
593 3114 768 3158 cruce
800 3098 1206 3178 deponendus,
1240 3099 1445 3160 lancea
1494 3073 1810 3179 percussus
1839 3099 1949 3159 fuit
1972 3118 1988 3174 ;
2010 3073 2050 3122 α

345 3184 588 3260 sanguis
617 3185 726 3246 fuit
760 3185 882 3261 ille,
919 3187 1264 3248 naturaliter
1294 3187 1522 3249 calidus
1559 3207 1676 3248 non
1708 3188 1836 3263 fuit,
1873 3195 1993 3250 toto

345 3289 600 3352 corpore
624 3275 747 3352 jam
783 3283 1135 3354 prmmortuo
1167 3284 1224 3338 et
1251 3277 1487 3356 frigido.
1523 3277 1688 3348 Quod
1721 3277 1771 3337 si
1800 3277 1994 3358 aliquo

341 3361 521 3422 modo
556 3362 732 3423 caluit
758 3364 1166 3442 :Evangelium
1192 3384 1375 3445 quare
1399 3373 1620 3427 tantum
1646 3366 1996 3428 miraculum

341 3456 401 3510 et
429 3460 861 3512 sacramentum
899 3453 1125 3514 tacuit?
1154 3453 1325 3516 Unde
1357 3472 1454 3516 vos
1504 3455 1640 3516 novi
1667 3463 1998 3535 symmystae

342 3537 612 3600 volumus
648 3539 857 3601 dicatis
883 3560 958 3602 an
990 3543 1227 3621 sanguis
1259 3553 1513 3617 tantum,
1567 3552 1664 3604 aut
1693 3563 1845 3624 aqua
1866 3552 1997 3604 tan-

347 3635 500 3707 tum,
542 3635 642 3688 aut
664 3629 839 3690 simul
876 3636 1190 3711 utrumque
1213 3631 1492 3694 caluerit‘?
1521 3632 1584 3694 Si
1615 3633 1851 3711 sanguis
1882 3639 2004 3693 tan-

347 3723 492 3791 tum,
528 3733 712 3796 quare
768 3735 979 3797 aquam
1039 3719 1406 3791 calefacitis;
1461 3719 1510 3780 si
1567 3738 1714 3798 aqua
1747 3727 2000 3796 tantum,

348 3823 531 3884 quare
593 3823 663 3868 ex
715 3825 784 3868 ea
833 3807 1154 3870 calefacitis
1210 3809 1559 3887 sanguinem
1611 3807 1878 3868 Christi?
1935 3806 1995 3868 Si

345 3902 662 3974 utrumque
674 3895 870 3969 simul,
889 3913 1072 3975 quare
1087 3904 1406 3977 utrumque
1428 3896 1738 3972 simulgnon
1762 3893 1996 3956 caleﬂt‘?

346 3983 463 4043 Sed
495 3984 665 4062 cujus
695 3984 819 4045 visu
851 3986 934 4047 tel
962 3992 1117 4046 tactu
1151 3986 1342 4065 potuit
1370 3983 1656 4057 discerni,
1690 3983 1996 4063 quodlibet

347 4071 558 4133 horum
573 4072 824 4133 duorum
837 4092 904 4134 ex
928 4092 1046 4134 uno
1069 4073 1313 4134 vulnere
1331 4072 1506 4134 simul
1531 4071 1992 4151 erumpentium,

347 4159 601 4221 calidum
629 4169 729 4222 aut
749 4161 1026 4240 frigidum
1055 4161 1276 4223 fuisse?
1307 4161 1597 4222 Praeterea
1626 4160 1675 4220 si
1723 4179 1872 4240 aqua
1901 4161 2001 4221 illa

349 4249 550 4323 caluit,
575 4267 753 4330 quare
777 4257 835 4310 et
880 4269 1031 4330 aqua
1077 4250 1444 4331 baptismatis
1467 4269 1584 4311 non
1616 4249 1830 4330 caletit,
1866 4268 1998 4310 cum

2064 1053 2356 1115 fermento
2381 1062 2679 1133 corrupta,
2705 1054 2855 1114 sicut
2881 1062 3012 1114 tuus
3037 1054 3223 1132 panis.
3249 1055 3393 1116 Nam
3409 1060 3710 1140 corruptio

2068 1160 2370 1221 nunquam
2405 1151 2466 1204 et
2497 1161 2787 1220 nusquam
2820 1141 2880 1202 in
2938 1141 3158 1202 bonum
3215 1144 3542 1226 accipitur;
3575 1150 3713 1228 quia

2069 1229 2428 1311 ubicumque
2455 1235 2773 1310 corruptio,
2791 1231 2872 1292 ibi
2895 1232 3070 1292 etiam
3087 1232 3426 1294 substantiae
3447 1235 3711 1298 deterio-

2069 1320 2238 1380 ratio.
2274 1319 2605 1391 Quinetiam
2629 1339 2761 1381 cum
2794 1337 3123 1397 exponeres
3164 1323 3524 1385 sententiam
3561 1325 3715 1387 beati

2069 1409 2255 1484 Pauli,
2291 1429 2470 1488 quam
2494 1417 2623 1490 post
2645 1416 2726 1468 tot
2749 1409 3108 1470 orthodoxos
3141 1413 3362 1486 Patres,
3398 1414 3568 1476 nobis
3600 1435 3713 1477 no—

2070 1497 2346 1558 lumusab
2363 1497 2654 1559 haareticis
2671 1497 2904 1576 exponi,
2933 1499 3195 1576 quamvis
3215 1501 3422 1561 nolens
3446 1521 3710 1584 azymum

2069 1584 2318 1646 laudasti
2348 1586 2593 1646 dicens:
2627 1585 2956 1647 Sicutestis
2975 1586 3269 1667 baptizati,
3303 1589 3360 1651 id
3399 1600 3508 1670 est,
3534 1603 3718 1674 azymi

2072 1683 2128 1736 et
2157 1678 2309 1754 puri.
2365 1674 2426 1738 Si
2482 1693 2620 1753 ergo
2680 1675 3006 1737 secundum
3070 1685 3225 1738 tuam
3281 1681 3715 1744 confessionem

2072 1763 2348 1843 baptizati
2375 1774 2512 1826 sunt
2538 1765 2746 1844 azymi,
2779 1765 2918 1845 quid
2952 1773 3086 1826 sunt
3118 1786 3234 1828 non
3267 1768 3567 1849 baptizati,
3599 1772 3718 1833 nisi

2070 1852 2432 1928 fermentati,
2464 1854 2521 1914 id
2555 1862 2644 1916 est
2671 1853 2985 1933 corrupti?

2150 1942 2220 2003 Χ.
2254 1945 2356 2004 Dic
2384 1950 2582 2004 tamen
2611 1943 2711 2004 ubi
2746 1943 3339 2023 etquomodoPaulus
3357 1966 3490 2007 cum
3522 1949 3713 2011 unde-

2071 2030 2186 2090 cim
2220 2032 2498 2111 apostolis
2521 2051 2776 2094 canones
2796 2031 2928 2092 illos
2979 2051 3110 2092 cum
3163 2036 3716 2100 excommuuatione

2073 2121 2364 2199 exposuit,
2400 2139 2649 2201 quorum
2691 2129 2750 2182 tu
2807 2121 2978 2181 nobis
3010 2123 3507 2201 septuagesimum
3541 2133 3717 2206 caput

2073 2207 2285 2287 objicis
2311 2216 2337 2272 ?
2363 2211 2604 2271 omnino
2631 2210 2903 2270 nesciens
2927 2210 3065 2289 quid
3096 2211 3390 2290 loquaris:
3435 2236 3458 2269 α
3483 2212 3545 2274 Si
3570 2214 3724 2294 quis,

2073 2296 2288 2374 inquit,
2314 2299 2636 2378 episcopus
2658 2307 2757 2360 aut
2808 2299 3115 2380 presbyter
3154 2308 3253 2360 aut
3284 2300 3590 2378 diaconus,
3625 2311 3726 2362 aut

2074 2387 2315 2448 omnino
2340 2408 2408 2448 ex
2433 2407 2680 2449 numero
2705 2387 3059 2449 clericorum
3077 2389 3436 2468 jejunavcrit
3457 2410 3588 2451 cum
3612 2389 3727 2452 He-

2074 2474 2267 2552 braeis,
2293 2484 2392 2537 aut
2415 2477 2684 2556 epulatus
2703 2475 2879 2538 fuerit
2909 2495 3042 2537 cum
3074 2477 3185 2552 eis,
3213 2487 3270 2538 et
3298 2479 3603 2558 acceperit
3632 2479 3723 2540 fe-

2073 2564 2387 2625 stivitatum
2422 2583 2625 2626 eorum
2645 2583 2912 2639 munera,
2941 2573 3002 2625 ut
3032 2575 3167 2626 sunt
3189 2586 3408 2646 azyma,
3435 2575 3534 2628 aut
3563 2569 3723 2629 aliud

2073 2652 2434 2733 hujusmodi,
2455 2653 3214 2734 deponatur;laciusautem
3232 2664 3663 2735 sequestretur.
3694 2682 3722 2713 ιο

2074 2741 2264 2802 Etiam
2285 2745 2332 2802 si
2365 2742 2476 2803 hoc
2501 2742 2822 2822 capitulum
2847 2762 2915 2804 ex
2942 2743 3112 2804 libris
3133 2745 3490 2805 authenticis
3526 2745 3730 2825 prola-

2075 2836 2196 2890 tum
2231 2840 2405 2905 esset,
2436 2831 2598 2891 nullo
2624 2832 2799 2893 modo
2832 2851 2940 2892 nos
2962 2840 3252 2913 tangeret,
3281 2833 3420 2913 quia
3447 2853 3559 2895 nec
3589 2853 3727 2896 cum

2073 2917 2335 2979 Hebraeis
2350 2920 2716 2999 jejunamus,
2745 2939 2854 2982 nec
2876 2939 3008 2981 cum
3036 2921 3124 2982 eis
3170 2922 3484 3000 epulamur
3512 2930 3609 2984 aut
3637 2923 3727 2983 fe—

2075 3006 2388 3068 stivitatem
2416 3025 2618 3068 eorum
2650 3026 2901 3068 munera
2956 3009 3150 3088 aliqua
3187 3009 3532 3088 accipimus.
3561 3009 3729 3082 Quod

2076 3102 2274 3156 autem
2299 3103 2360 3156 tu
2406 3114 2621 3157 vesane
2643 3096 2986 3176 subjungis:
3015 3096 3150 3158 Sive
3172 3097 3244 3158 ab
3265 3098 3380 3158 illis
3400 3098 3726 3179 accipiatis.

2077 3183 2199 3245 sive
2220 3184 2381 3245 domi
2405 3183 2651 3260 faciatis,
2705 3204 2904 3266 azyma
2945 3193 3101 3248 sunt.
3127 3185 3190 3247 Id
3208 3187 3473 3265 jaculum
3508 3187 3611 3248 tibi
3643 3207 3732 3249 re-

2078 3280 2426 3352 torquemus
2449 3274 2755 3336 dicentes:
2786 3299 2812 3330 α
2849 3273 2983 3336 Sive
3016 3295 3149 3336 cum
3181 3275 3447 3336 Hebraeis
3475 3276 3731 3338 Sabbato

2080 3361 2426 3441 epulemini,
2458 3363 2582 3425 sive
2613 3363 2798 3443 domi,
2851 3365 3111 3444 epulatio
3171 3373 3280 3428 est.
3348 3390 3374 3420 «
3435 3365 3588 3427 Sane
3621 3366 3732 3426 hoc

2081 3451 2314 3529 dignius
2345 3466 2554 3513 contra
2585 3471 2685 3512 vos
2715 3451 3090 3531 dirigeretur,
3117 3453 3252 3533 quia
3273 3473 3373 3514 vos
3399 3453 3543 3513 nihil
3568 3453 3730 3513 aliud

2080 3538 2141 3599 in
2173 3538 2424 3600 Sabbato
2446 3559 2619 3620 quam
2646 3540 3088 3602 solemnitatem
3109 3542 3472 3616 Judmorum,
3501 3560 3607 3602 nos
3633 3560 3734 3601 au-

2088 3633 2202 3688 tem
2234 3627 2295 3687 in
2327 3647 2523 3708 azymo
2557 3631 2728 3706 longe
2757 3629 2916 3690 aliud
2948 3630 3729 3692 sacramentumretinemus

2087 3723 2145 3776 et
2162 3715 2595 3795 amplectimur.
2619 3717 2676 3778 Si
2699 3717 3570 3794 eniminterrogemusJudmos,
3591 3717 3729 3797 quid

2085 3803 2390 3865 celebrent
2414 3804 2473 3864 in
2506 3804 2762 3868 Sabbato
2785 3805 2815 3864 ‘?
2843 3805 3308 3884 Respondt-bunt
3337 3826 3350 3869 :
3383 3828 3412 3867 «
3443 3807 3732 3881 Requiem

2078 3891 2338 3954 Domini.
2374 3914 2402 3952 »
2438 3891 2499 3954 Si
2531 3892 2788 3969 Graecos,
2841 3894 2999 3955 idem
3056 3901 3112 3954 et
3170 3913 3290 3955 non
3320 3896 3476 3956 aliud
3506 3895 3729 3957 dicent.

2078 3979 2228 4059 Ergo
2261 3982 2369 4043 sub
2400 3981 2682 4043 servitute
2713 3981 2858 4062 legis
2917 3993 3074 4045 sunt.
3135 3982 3201 4044 In
3234 3986 3402 4064 cujus
3435 3984 3646 4045 umbra
3677 3993 3736 4046 et

2083 4066 2349 4128 tenebris
2379 4069 2802 4133 consederunt.

2163 4153 2266 4217 XI.
2300 4157 2528 4218 Deinde
2561 4170 2690 4236 post
2720 4158 2930 4220 inanes
2963 4161 3206 4222 latratus
3233 4179 3414 4240 super
3453 4159 3736 4221 vocabulo

2084 4248 2274 4325 panis,
2297 4245 2580 4307 reduxisti
2603 4247 2772 4308 nobis
2794 4267 2981 4309 annos
3005 4249 3077 4310 ab
3099 4250 3271 4311 initio
3296 4249 3526 4324 mundi,
3548 4267 3738 4329 usque

352 4338 648 4418 praecipue
675 4338 805 4418 ipsa
820 4338 1175 4419 baptismum
1196 4337 1999 4419 prmﬁguravitsicutsanguis
2019 4343 2062 4392 D
2082 4333 2155 4394 ad
2176 4334 2508 4413 passionem
2537 4335 2776 4411 Christi,
2821 4336 3056 4416 quando
3091 4339 3418 4400 secundum
3464 4346 3522 4400 te
3545 4339 3740 4419 cyclus

351 4426 825 4507 redemptionem
840 4427 1151 4489 ‘Ivolumus
1169 4436 1362 4488 autem
1379 4428 1534 4489 scire
1550 4426 2004 4507 quaintentione
2085 4423 2294 4484 solaris
2324 4433 2449 4485 erat
2472 4442 2613 4486 xvut
2637 4437 2697 4486 et
2721 4426 2877 4487 luna;
2896 4444 2966 4489 v:
2992 4436 3054 4488 ut
3082 4429 3194 4490 hoc
3217 4429 3427 4489 saltem
3460 4427 3742 4505 ﬁgmento

355 4521 577 4576 costam
608 4515 828 4578 Christi
854 4515 1288 4578 immaculatam
1323 4514 1548 4576 dixeris
1579 4514 1692 4577 ?Si
1723 4533 1827 4594 pro
1859 4532 2000 4574 san-
2087 4510 2276 4590 possis
2301 4512 2549 4575 evadere
2580 4533 2713 4574 cum
2735 4515 3025 4576 fermento
3052 4526 3175 4598 tuo,
3207 4517 3374 4597 quasi
3404 4517 3572 4596 juxta
3594 4517 3746 4576 hanc

353 4604 556 4666 ctitate
585 4604 1270 4684 etinnocentia:0ptime
1301 4604 1386 4680 ;si
1409 4612 1605 4666 autem
1630 4622 1733 4684 pro
1762 4621 1830 4664 eo
1845 4603 2003 4682 quod
2085 4601 2573 4680 supputationem
2610 4613 2797 4678 tuam,
2863 4613 3140 4667 occurrat
3195 4606 3258 4667 in
3314 4623 3482 4666 cmna
3509 4603 3746 4666 Domini

357 4693 824 4772 impenetrabilis
852 4694 1009 4756 ferro
1055 4694 1165 4755 fuit
1197 4715 1210 4754 :
1248 4694 1547 4772 pessime;
1608 4691 1745 4773 quia
1773 4692 1845 4753 de
1874 4710 2012 4754 vero

357 4783 602 4843 vulnere
629 4801 852 4861 verum,
887 4802 1004 4844 non
1039 4783 1499 4863 phantasticum,
1528 4782 1875 4859 sanguinem
1907 4799 2012 4861 pro

359 4867 534 4930 nobis
555 4870 726 4934 fudit.
757 4872 829 4934 Et
850 4891 970 4934 non
991 4871 1066 4933 de
1096 4879 1278 4946 costa,
1307 4872 1540 4932 sicuttu
1559 4869 1794 4945 scribis,
1821 4869 1925 4930 sed
1939 4869 2014 4930 de

362 4957 570 5033 latere,
595 4960 730 5039 quia
754 4979 820 5022 os
837 4961 1190 5039 sanguinem
1216 4979 1333 5021 non
1364 4959 1515 5020 solet
1559 4959 1854 5033 emittere,
1902 4976 2014 5020 nec

362 5065 430 5107 os
460 5047 885 5111 comminutum
912 5051 1019 5111 fuit
1043 5068 1113 5112 ex
1142 5048 1454 5113 Dominico
1484 5064 1756 5128 corpore.

444 5134 594 5199 VIII.
619 5138 909 5200 Caeterum
939 5139 1098 5220 quod
1130 5139 1298 5219 panis
1355 5137 1430 5198 sit
1463 5145 1520 5198 et
1579 5137 1811 5198 dicatur
1840 5136 2015 5199 etiam

365 5243 623 5305 azymus,
657 5234 722 5289 et
749 5229 904 5307 quod
937 5247 1055 5289 non
1087 5246 1221 5290 cum
1279 5225 1734 5306 Theupaschitis
1763 5227 1822 5287 in
1851 5243 2020 5287 sacra

366 5313 662 5377 oblatione
694 5335 986 5392 erremus,
1027 5325 1084 5378 et
1116 5316 1273 5397 quod
1329 5333 1446 5376 non
1502 5333 1770 5392 azymum
1801 5315 2018 5376 veteris

2099 4687 2238 4750 luna
2263 4706 2390 4765 xm,
2451 4690 2512 4751 in
2550 4711 2666 4772 qua
2723 4693 2986 4755 nondum
3049 4695 3403 4756 fermentum
3451 4692 3749 4771 abjecerat

2099 4776 2266 4856 plebs
2282 4776 2550 4842 Hebraea.
2574 4781 2689 4842 Sed
2706 4801 2813 4842 nos
2848 4781 3321 4862 chronographis
3364 4778 3748 4841 etcalculato-

2097 4864 2262 4926 ribus
2286 4866 2424 4929 talia
2441 4869 2871 4951 relinquentes,
2896 4870 3154 4931 maxime
3178 4889 3310 4931 cum
3338 4867 3492 4947 apud
3513 4864 3748 4930 Graecos

2097 4971 2157 5014 et
2182 4953 2420 5016 Latinos
2448 4965 2622 5037 atque
2673 4959 2955 5020 Hebraeos
2989 4959 3238 5020 diversae
3266 4958 3341 5018 de
3385 4955 3751 5035 temporibus

2099 5041 2428 5106 habeantur
2475 5047 2787 5110 rationes:
2850 5049 2963 5108 hoc
3019 5055 3247 5109 tantum
3304 5046 3580 5119 dicimus,
3615 5045 3753 5126 quia

2103 5129 2371 5194 Christus
2394 5153 2503 5195 nec
2526 5155 2706 5196 unum
2732 5135 2850 5197 iota
2875 5144 2975 5198 aut
3001 5135 3228 5215 apicem
3253 5135 3474 5195 veteris
3493 5133 3639 5210 legis
3661 5150 3756 5195 re-

2104 5220 2297 5284 solvit.
2335 5221 2500 5285 Unde
2532 5232 2588 5285 et
2614 5243 2711 5288 xw
2742 5224 2880 5285 luna
2903 5225 2975 5285 ad
3027 5241 3338 5304 vesperum
3363 5221 3570 5303 quinta
3598 5221 3750 5284 Sab-

2101 5307 2219 5370 bati
2251 5309 2476 5372 Pascha
2498 5312 2842 5392 celebravit,
2877 5321 2934 5374 et
2964 5331 3098 5373 mox
3131 5313 3336 5373 eadem
3373 5319 3542 5372 nocte
3580 5327 3752 5372 com-

332 5402 538 5480 ‘legis,
555 5405 656 5466 sed
673 5406 1029 5471 sinceritatis
1041 5414 1100 5467 et
1119 5404 1378 5467 veritatis
1399 5404 1804 5484 comedamus,
1836 5403 2023 5482 quod-
2104 5398 2457 5478 prehensus,
2479 5401 2792 5462 cruciﬁxus
2817 5419 2906 5462 εει
2934 5401 3372 5482 quintadecima
3402 5400 3558 5476 luna,
3584 5399 3642 5460 id
3666 5407 3758 5461 est

370 5510 485 5572 que
516 5501 718 5556 vetera
771 5494 1160 5569 transierunt,
1210 5501 1267 5554 et
1316 5493 1470 5554 facta
1497 5499 1633 5553 sunt
1673 5509 1846 5569 nova,
1881 5491 2022 5554 satis
2104 5497 2268 5549 sexta
2289 5489 2553 5565 Sabbati,
2575 5509 2707 5571 quae
2727 5490 3064 5571 specialiter
3086 5489 3394 5553 dicebatur
3415 5489 3608 5570 prima
3629 5487 3759 5550 dies

371 5583 706 5646 ostenditur
729 5585 792 5646 in
814 5583 929 5646 alia
957 5591 1159 5648 nostra
1188 5581 1457 5664 epistola.
2106 5594 2464 5655 azymorum.
2495 5577 2772 5650 Quamvis
2792 5589 2850 5642 et
2890 5579 2953 5642 in
2985 5586 3103 5642 tota
3133 5579 3512 5660 praecedente
3541 5577 3663 5655 die,
3697 5576 3761 5639 id
