4052 6134
401 265 555 332 1027
1472 275 1878 339 HUMBERTI
1921 276 1980 337 S.

2255 272 2726 336 CARDINALIS
3699 264 3833 329 1028

407 415 494 470 est
511 413 715 488 quarta
737 403 1138 491 decimaluna.
1157 403 1576 470 fermentatum
1599 427 1717 471 non
1735 417 2049 491 appareret
2069 418 2110 467 Α
2211 404 2360 468 ΧΝΙ.
2389 405 2539 468 Hinc
2560 406 2864 468 videamus
2876 407 2924 468 si
2945 425 3062 467 non
3088 407 3231 468 estis
3256 401 3677 491 Sabbatiani,
3698 419 3828 480 quos

406 497 466 580 i_n
491 495 765 558 omnibus
781 491 1001 554 ﬁnibus
1021 490 1226 556 Israel.
1250 494 1396 557 Nam
1419 505 1672 574 etagnus
1689 489 1830 561 cum
1837 500 2054 580 azymis
2137 503 2605 556 commemorant
2635 499 2844 558 Patres
2873 504 3090 557 sanctae
3143 496 3382 576 quinia)
3423 489 3836 580 synodiaBe-

404 576 847 648 c'omedebatur.
905 581 1071 653 Quod
1131 583 1180 643 si
1227 585 1389 663 juxta
1449 594 1601 647 tuam
1661 576 2048 650 assertionem
2135 584 3296 664 prehendensenimnoscurjejunemus
3321 578 3833 648 Sabbatis,dicis:

405 674 676 738 Christus
707 671 931 734 Pascha
961 669 1097 731 fecit
1157 673 1564 736 tertiadecima
1593 676 1732 737 luna
1763 697 1898 739 cum
1924 678 2051 739 fer-
2140 695 2163 726 α
2201 675 2421 746 Quarta
2451 682 2510 734 et
2540 683 2706 735 sexta
2739 675 2886 734 feria
2935 675 3158 752 jugiter
3205 671 3698 752 jejunandum:
3734 687 3845 729 una

405 769 686 835 mentato,
715 757 1035 838 dupliciter
1061 777 1198 820 reus
1230 760 1368 841 fuit;
1399 763 1557 840 juste
1582 764 1917 843 puniendus
1948 784 2050 827 se--
2134 768 2381 840 propter
2403 761 2806 838 traditionem,
2831 763 3016 823 altera
3049 775 3293 841 propter
3317 760 3713 842 passionem
3743 756 3844 816 Do-

403 850 660 912 cundum
694 849 910 926 legem,
937 847 1076 927 quia
1125 850 1347 910 Pascha
1368 850 1505 912 fecit
1545 853 1602 912 in
1634 862 1900 934 tempore
1931 874 2050 916 non
2133 848 2304 921 mini,
2341 849 2600 910 Sabbato
2632 859 2828 911 autem
2862 869 3161 930 nunquam
3194 849 3307 910 nisi
3333 868 3512 909 uno.
3541 869 3575 906 ›
3619 849 3695 908 Et
3738 845 3844 934 hoc

403 961 532 1014 suo,
560 949 620 1003 et
645 940 784 1022 quia
805 958 936 1001 cum
960 939 1332 1004 fermentata.
1353 941 1723 1026 Quapropter
1743 933 1900 1007 mors
1923 947 2050 1026 ejus
2131 955 2402 1026 asserere
2422 939 2656 999 conaris
2679 957 2746 999 ex
2779 938 3131 1018 apOCryphis
3185 937 3354 998 libris
3395 945 3470 999 et
3497 933 3851 1026 canonibus

402 1031 550 1092 nihil
593 1021 766 1092 nobis
815 1030 1106 1108 conferet,
1188 1029 1290 1102 qui
1348 1021 1626 1113 non—pro
1681 1035 1900 1096 nostris
1945 1021 2048 1096 sed
2133 1025 2258 1113 pari
2289 1027 2585 1087 sententia
2613 1035 2952 1088 sanctorum
2987 1027 3227 1088 Patrum
3258 1025 3663 1106 repudiatis.
3701 1021 3846 1113 Nam

405 1138 510 1200 pro
544 1118 666 1180 suis
699 1117 956 1197 peccatis
980 1116 1225 1193 interiit,
1292 1111 1686 1201 scilicet—quia
1715 1122 1820 1183 fuit
1853 1133 2050 1185 trans-
2133 1112 2643 1186 Clementisliber,
2665 1115 2725 1175 id
2751 1123 2860 1189 est,
2894 1114 3265 1177 itinerarium
3291 1114 3471 1175 Petri
3502 1111 3855 1201 apostoliet

404 1199 642 1286 gressor
671 1213 886 1268 sanctae
912 1204 1080 1283 legis.
1115 1203 1229 1267 Sed
1261 1207 1334 1269 de
1358 1207 1449 1270 his
1480 1199 1626 1272 alias
1655 1213 1894 1292 copiose
1923 1211 2049 1274 dis-
2133 1221 2392 1263 canones
2411 1205 2812 1283 apostolorum
2842 1216 3234 1264 numerantur
3257 1203 3426 1265 iuter
3447 1199 3852 1281 apocrypha.

403 1297 721 1360 seruimus.
2133 1292 2397 1371 exceptis
2419 1293 2694 1372 capitulis
2725 1293 3176 1373 quinquaginta,
3235 1311 3369 1371 qua;
3399 1293 3858 1352 decreverunt

482 1384 608 1447 XII.
633 1383 857 1446 Deinde
879 1383 927 1444 si
951 1381 1212 1463 exceptis
1235 1392 1460 1464 septem
1488 1387 1698 1449 diebus
1717 1387 1906 1451 Judaei
1931 1396 2048 1451 toto
2131 1381 2351 1458 regulis
2387 1381 2728 1442 orthodoxis
2760 1382 3155 1461 adiungenda.
3214 1379 3386 1442 Unde
3431 1398 3574 1441 nos
3602 1395 3857 1458 quoque

404 1494 559 1536 anno
580 1474 1021 1547 fermentatum,
1052 1478 1117 1533 ut
1139 1475 1376 1547 asseris,
1399 1477 1739 1554 comedunt,
1761 1478 2048 1557 quiscon-
2135 1487 2310 1530 omne
2338 1472 2717 1550 apocrypbon
2746 1469 3121 1549 abjicientes,
3157 1468 3590 1546 dedignamur
3623 1467 3859 1557 audire

403 1561 1130 1637 venientiusdebetargui,
1157 1562 1256 1623 ille
1278 1564 1377 1643 qui
1400 1565 1642 1627 minimo
1661 1554 1924 1647 tempore
1951 1586 2052 1628 eos
2135 1575 2337 1647 ςεπυιη
2370 1559 2672 1647 i'ahulosas
2703 1558 3075 1628 traditiones,
3109 1557 3244 1638 quia
3294 1577 3410 1647 non
3451 1564 3731 1647 suntut
3763 1554 3854 1647 lex

402 1653 666 1712 imitatur
686 1651 746 1711 in
771 1649 1006 1730 azymis,
1032 1669 1106 1710 an
1131 1650 1232 1711 ille
1249 1653 1349 1731 qui
1373 1661 1489 1713 toto
1515 1670 1670 1715 anno
1694 1654 1754 1714 in
1784 1644 2050 1715 Iermen-
2135 1645 2392 1706 Domini.
2416 1646 2786 1727 Quapropter
2805 1647 2896 1707 his
2925 1647 3185 1719 omissis,
3211 1647 3271 1706 in
3304 1646 3509 1706 altera
3543 1644 3850 1731 epistola,

403 1739 584 1803 tatis?
614 1738 787 1802 Absit
839 1747 1034 1799 tamen
1082 1748 1145 1800 ut
1194 1730 1398 1801 eorum
1451 1742 1748 1804 carnalem
1781 1743 1959 1805 rilnm
1989 1733 2267 1818 inBvide
2297 1734 2437 1814 quid
2469 1737 2785 1795 sentierint
2831 1737 2906 1796 de
2961 1734 3214 1796 Sabbato
3280 1733 3439 1795 beati
3479 1742 3559 1794 et
3593 1730 3851 1810 antiqui

401 1830 598 1906 aliquo
628 1825 964 1889 imitemur!
2136 1822 2447 1902 pontiﬁces
2470 1823 2740 1897 Romani,
2777 1822 3060 1885 Silvester
3089 1831 3146 1883 et
3198 1821 3643 1896 Innocentius,
3687 1839 3847 1902 quo-

481 1916 631 1979 XIII.
671 1919 889 1978 Verum
925 1915 1203 1996 quoniam
1237 1917 1612 1998 labyrintheo
1642 1937 1844 1981 errore
1874 1920 2052 1982 duce.
2133 1929 2263 1970 rum
2284 1913 2905 1999 sententize_sente.ntia
2923 1911 3247 1991 Agathonis
3263 1909 3846 1990 quamvissanctis-

397 2010 508 2083 ris,
547 2014 609 2066 ut
638 2025 798 2066 nunc
826 2023 938 2085 qua
967 2005 1170 2066 exibas
1201 2006 1406 2082 intres,
1442 2027 1598 2068 nunc
1647 2027 1761 2089 qua
1790 2008 2053 2070 intr-abas
2135 1999 2267 2060 simi
2299 2001 2635 2061 nullatenus
2679 2002 3011 2081 praefertur.
3045 2000 3161 2062 Sed
3192 1999 3345 2060 absit
3375 2007 3436 2060 ut
3470 1999 3841 2078 aliquando

404 2114 600 2170 exeas,
619 2095 834 2157 iterum
861 2094 1134 2155 eamdem
1160 2095 1315 2156 viam
1340 2098 1502 2171 leris,
1528 2095 1735 2158 dicens
1763 2119 1774 2159 ;
1803 2118 1831 2158 ε
1859 2096 1918 2158 Si
1940 2107 2052 2158 ira-
2135 2091 2427 2151 contraria
2461 2093 2547 2152 eis
2575 2093 2801 2169 Agatho
2833 2091 3156 2151 sensisset!
3206 2089 3275 2150 Et
3326 2099 3534 2150 tamen
3572 2090 3650 2148 in
3688 2089 3834 2164 hoc,

403 2184 589 2245 (litum
620 2182 790 2243 vobis
827 2182 935 2242 fuit
992 2181 1065 2242 ab
1114 2183 1394 2262 apostolis
1450 2185 1767 2248 comedere
1825 2205 2049 2266 azyma,
2134 2177 2288 2266 sicut
2317 2187 2374 2239 et
2406 2180 2462 2239 in
2495 2180 2625 2241 aliis
2655 2179 2898 2253 falleris,
2957 2179 3113 2259 quod
3173 2197 3309 2240 eum
3365 2193 3834 2266 praesessorem

401 2271 697 2354 quomodo
727 2271 954 2349 Agatho
1006 2288 1160 2350 papa
1213 2279 1429 2352 vester,
1487 2292 1808 2352 praesessor
1835 2264 2052 2336 sanetae
2135 2264 2294 2326 illius
2323 2267 2530 2346 synodi
2561 2268 2742 2329 fuisse
2773 2268 2944 2340 dicis,
2981 2285 3113 2327 cum
3166 2274 3390 2327 tantum
3451 2267 3649 2344 legati
3691 2265 3831 2342 ejus

401 2369 579 2423 sextae
601 2360 836 2439 synodi,
900 2377 1031 2419 cum
1062 2358 1344 2438 Gregorio
1368 2359 1887 2440 Agrigentinorum
1916 2364 2049 2444 epi-
2133 2355 2326 2414 eidem
2359 2357 2580 2434 synodo
2617 2356 3032 2436 prmsederint.
3065 2357 3247 2435 Cujus
3291 2363 3455 2434 gesta
3489 2357 3600 2416 hic
3636 2372 3826 2416 sum-

402 2467 581 2531 scopo
613 2457 669 2510 et
700 2449 832 2510 aliis
890 2447 1183 2522 Patribus,
1245 2457 1452 2511 contra
1507 2469 1700 2530 azyma
1733 2471 1809 2514 ne
1839 2454 2051 2514 ﬁerent
2133 2445 2814 2531 mntijnplaouitinseri-

401 2529 590 2618 legem
626 2536 1121 2611 ειαιυίιϊηΑωΙί,
1146 2536 1346 2618 stulte,
1369 2529 1703 2602 vaneznon
1733 2540 2046 2603 tantumab
2136 2616 2145 2618 Α
2212 2529 2386 2593 XVII.
2439 2533 2732 2614 Tempore
2789 2533 3182 2606 Constantini,
3245 2533 3350 2593 ﬁlii
3413 2529 3817 2595 Constantini

399 2616 703 2708 apostolis,
743 2633 1025 2706 quantum
1073 2625 1144 2685 ab
1204 2616 1340 2706 ipso?
1365 2627 1614 2689 Domino
1670 2639 1873 2691 nostro
1904 2630 1999 2692 Jes

2201 2621 2532 2698 tperatoﬁs,
2567 2641 2720 2682 anno
2752 2621 2989 2702 imperii
3051 2623 3178 2701 ejus
3233 2622 3491 2702 septimo
3524 2621 3801 2695 decimo,

399 2716 632 2779 Christo
664 2715 944 2775 traditum
976 2722 1063 2775 est
1088 2713 1282 2790 nobis,
1317 2733 1524 2792 azyma
1580 2736 1697 2778 non
1748 2717 1824 2780 de
1861 2719 2046 2782 Phase
2126 2708 2352 2787 Agatho
2390 2718 2583 2792 papa,i
2614 2732 2687 2773 ex
2745 2723 2950 2791 rogatu
3009 2712 3402 2787 Constantini,
3437 2711 3710 2774 Heraclii
3745 2716 3804 2770 et

397 2804 641 2866 Judaico
671 2802 1009 2877 comedere,
1037 2803 1139 2863 sed
1172 2803 1245 2864 de
1277 2805 1512 2886 Pascha,
1541 2805 1872 2870 Christiano
1903 2827 2044 2889 per-
2127 2801 2348 2863 Tiberii
2372 2805 2704 2886 principum
2721 2805 3144 2886 piissimorum,
3171 2806 3409 2867 m:sitin
3431 2806 3664 2884 regiam
3695 2823 3790 2866 ur-

401 2894 624 2974 cipere.
2132 2889 2268 2952 bem
2304 2896 2524 2971 legatos
2555 2913 2714 2958 suos.
2749 2894 2816 2956 In
2844 2895 3058 2976 quibus
3078 2895 3479 2956 eratJoannes
3505 2897 3778 2956 Romana

479 2979 628 3042 XIV.
644 2981 769 3042 Nec
789 2979 877 3040 rei
903 2978 1294 3041 tenemurillo
1339 2980 1494 3060 quod
1517 2981 1788 3062 objecisti
1811 3004 1940 3065 cap.
1981 2987 2042 3049 11
2132 2978 2415 3042 Ecclesia:
2446 2990 2584 3043 tunc
2601 2983 2904 3058 diaconus,
2938 2984 3110 3062 longe
3142 2990 3269 3064 post
3302 2984 3632 3063 episcopus,
3666 2998 3767 3062 pro

402 3078 583 3132 sextae
604 3069 834 3172 synodi,
861 3067 1068 3172 dicens
1093 3085 1111 3167 Ξ
1140 3091 1165 3122 ε
1186 3066 1371 3149 Nemo
1397 3068 1457 3129 in
1505 3072 2052 3135 sacerdotalicons-
2073 3122 2111 3172 α
2136 3069 2493 3172 adunatione
2524 3071 2796 3133 facienda
2825 3080 3160 3134 sanctarum
3195 3073 3301 3134 Dei
3352 3071 3775 3167 Ecclesiarum.

405 3160 610 3220 titutus
639 3156 871 3231 ordine,
907 3167 1009 3217 aut
1038 3155 1221 3218 laicus
1251 3175 1317 3218 ea
1347 3176 1477 3237 quae
1497 3161 1896 3239 apudJudaeos
1917 3172 2052 3225 sunt
2073 3155 2111 3172 ν
2137 3157 2248 3228 Qui
2276 3158 2699 3239 benignissime
2730 3163 2992 3242 suscepti
3045 3179 3080 3222 a
3110 3161 3607 3222 reverendissimo
3643 3157 3782 3220 ﬁdei

411 3264 611 3326 azyma
635 3245 928 3325 comedat,
955 3253 1210 3305 autcum
1243 3245 1330 3306 eis
1386 3247 1628 3323 habitet,
1657 3263 1758 3311 aut
1784 3250 1846 3311 in
1876 3251 2048 3312 inﬁr-
2135 3248 3783 3329 catholicaedefensoreConstantino,jussisuntremissis

406 3336 712 3399 mitatibus
724 3353 828 3398 eos
849 3335 1192 3410 invitet,aut
1213 3337 1569 3399 medicinam
1592 3341 1664 3400 ab
1679 3339 2047 3423 eisaccipiat,
2134 3335 2629 3417 disputationibus
2650 3339 3095 3420 philosophicis,
3119 3338 3361 3419 pacitico
3384 3337 3684 3418 colloquio
3708 3338 3782 3397 de

400 3426 489 3488 vel
512 3426 572 3487 in
592 3424 821 3486 balneis
841 3443 974 3487 cum
1001 3425 1086 3486 eis
1106 3425 1354 3488 lavetur.
1387 3425 1448 3488 Si
1498 3429 1632 3509 quis
1678 3431 1804 3492 haec
1835 3432 2046 3511 egerit,
2131 3424 2250 3486 ﬁde
2279 3445 2420 3488 vera
2449 3429 2819 3508 perquirere,
2856 3429 3006 3489 datis
3029 3429 3116 3489 eis
3146 3429 3219 3488 de
3249 3426 3613 3490 bibliotheca
3631 3429 3776 3490 Con-

401 3513 693 3596 siquidem
733 3514 983 3576 clericus
1030 3513 1207 3576 fuerit
1235 3515 1596 3596 deponatur:
1633 3519 1680 3581 si
1711 3527 1904 3581 autem
1936 3521 2048 3582 lai-
2132 3515 2650 3596 stantinopolitana
2678 3517 2906 3578 cunctis
2937 3516 3314 3596 antiquorum
3368 3518 3612 3577 Patrum
3636 3534 3780 3596 quos

399 3611 968 3685 cus,sequestretur.
996 3627 1022 3658 ω
1049 3602 1193 3675 Quis
1214 3613 1502 3680 nostrum,
1526 3624 1903 3689 rogo,azyma
1919 3629 2049 3690 quae
2131 3604 2430 3682 petebant,
2447 3604 2684 3667 libellis.
2704 3605 3253 3667 Adfueruntautem
3278 3612 3337 3664 et
3355 3604 3620 3685 episcopi
3647 3605 3773 3683 150,

400 3693 557 3782 apud
582 3693 817 3782 Iudaeos
847 3700 991 3782 sunt
1005 3693 1264 3754 comedit
1288 3695 1315 3753 ?
1339 3692 1614 3766 Quamvis
1637 3697 1794 3758 enim
1818 3699 2050 3782 reliqua
2129 3692 2469 3771 presidente
2490 3692 2771 3782 Gregorio
2793 3694 2972 3773 regiae
2998 3693 3161 3756 urbis
3183 3693 3437 3773 praesule
3464 3701 3523 3753 et
3568 3693 3774 3756 Antio-

400 3781 657 3870 capitulii
714 3783 910 3870 hujus
944 3781 1348 3870 observemus,
1402 3783 1547 3846 illud
1617 3793 1814 3849 tamen
1866 3781 2050 3870 super
2129 3782 2620 3845 chiaaMachario.
2650 3781 2719 3844 Et
2741 3782 2996 3844 convicti
3019 3791 3154 3843 sunt
3177 3782 3276 3861 qui
3307 3800 3484 3842 unam
3507 3784 3771 3844 volunta-

399 3869 600 3931 omnia
629 3869 703 3930 de
731 3868 946 3950 azymis
968 3868 1377 3935 observamus.
1946 3868 1959 3870 “
2129 3877 2249 3931 tem
2281 3879 2338 3932 et
2368 3873 2768 3951 operationem
2800 3871 3144 3934 astruebant
3165 3871 3223 3930 in
3251 3871 3506 3944 Christo,
3533 3870 3776 3933 falsasse

476 3956 598 4018 XV.
633 3957 750 4020 Sed
780 3958 882 4038 qui
912 3957 1076 4020 dices
1107 3959 1132 4021 ἵ
1187 3965 1404 4025 Nonne
1458 3979 1701 4041 magnus
1732 3963 1986 4028 Basilius
2015 3986 2048 4028 a
2131 3961 2369 4021 Patrum
2400 3961 2821 4022 catholicorum
2848 3961 3001 4022 dicta
3028 3979 3134 4041 per
3156 3960 3430 4042 plurima.
3457 3959 3652 4020 Finito
3684 3979 3756 4021 au

393 4045 834 4128 JosephJudaao
852 4046 1210 4110 medicinam
1235 4050 1533 4112 multoties
1561 4053 1919 4133 aceepit?tu
1938 4073 2047 4116 au-
2133 4054 2249 4107 tem
2282 4048 2582 4125 conﬁictu,
2621 4068 2689 4110 ea
2744 4051 2886 4110 hora
2944 4057 3118 4111 tanta;
3169 4067 3518 4110 aranearum
3556 4048 3689 4110 telae
3720 4049 3780 4108 in

397 4142 515 4198 tem
540 4134 976 4198 sicutdiabolus
992 4137 1310 4218 psalmum,
1340 4139 1420 4200 ita
1447 4142 1798 4219 exponendo
1831 4143 2054 4222 capitu.
2136 4135 2398 4197 medium
2431 4138 2631 4219 populi
2657 4138 3027 4220 occiderunt,
3060 4147 3122 4199 ut
3169 4156 3375 4200 omnes
3399 4136 3779 4199 mirarentur.

399 4228 521 4290 lum
552 4227 941 4308 subjunxisti:
985 4253 1012 4285 ι
1046 4229 1157 4302 Qui
1208 4249 1347 4311 ergo
1404 4250 1669 4312 azymum
1732 4234 1969 4297 conﬁcit
1997 4243 2055 4298 et
2135 4224 2219 4285 Ac
2250 4243 2355 4305 per
2375 4227 2488 4288 hoc
2519 4227 2908 4306 signiﬁcatum
2942 4236 3031 4288 est
3060 4227 3216 4308 quod
3249 4227 3457 4288 sordes
3483 4227 3782 4289 haeretica

399 4317 680 4390 comedit,
699 4317 964 4396 quamvis
985 4318 1099 4379 hoc
1121 4338 1246 4380 non
1263 4322 1561 4402 acceperit
1583 4339 1616 4382 a
1643 4320 1886 4400 Judwis,
1910 4323 2051 4385 imi-
2078 4396 2108 4402 _
2136 4313 2437 4393 proritatis
2467 4315 2727 4396 depulsa
2783 4323 3002 4378 essent.
3051 4320 3120 4379 Et
3165 4316 3483 4395 Gregorius
3539 4315 3784 4396 quidem

399 4412 556 4466 tator
572 4411 768 4466 tamen
786 4402 1125 4491 Judaaorum
1148 4417 1258 4483 est,
1287 4396 1438 4470 sicut
1458 4417 1514 4470 et
1534 4409 1584 4470 is
1606 4412 1706 4491 qui
1728 4396 2052 4475 circumci-
2073 4396 2117 4446 ι)
2137 4413 2438 4464 correctus
2451 4412 2557 4468 est.
2578 4405 2915 4467 Macharius
2927 4414 3120 4466 autem
3143 4425 3276 4467 cum
3295 4407 3416 4467 suis
3428 4405 3784 4486 sequacibus

397 4491 579 4581 ditur.
613 4490 923 4581 )_Perdes,
977 4493 1251 4569 Domine,
1309 4516 1518 4559 omnes
1580 4490 1680 4579 qui
1735 4499 1997 4581 loquunlt

2180 4492 2308 4581 .mul
2342 4502 2399 4553 et
2429 4493 2994 4572 praedecessoribus,
3029 4495 3202 4574 Cyro,
3235 4494 3464 4574 Sergio,
3493 4493 3780 4568 Honorio,

398 4578 1497 4666 mendaciumlll’sal.v,3.)Numquid
1513 4578 1791 4649 omnibus
1807 4578 2051 4653 omnino
2135 4580 2376 4658 Pyrrho,
2405 4581 2583 4642 Paulo
2607 4589 2665 4642 et
2709 4582 2884 4643 Petro
2923 4583 3421 4656 anathematizati,
3471 4592 3531 4644 et
3560 4585 3620 4642 in
3653 4584 3782 4643 loco

397 4667 748 4731 Christianis
780 4668 1156 4732 interdicitur
1178 4690 1252 4733 ne
1276 4673 1594 4755 aliquando
1615 4675 1828 4738 alicubi
1853 4696 2052 4759 azyma
2134 4668 2267 4759 gius
2297 4667 2718 4749 Theophauius
2743 4670 2891 4732 abba
2915 4671 2988 4733 de
3004 4671 3212 4733 Cilicia
3231 4671 3540 4751 episcopus
3560 4671 3776 4734 factus.

396 4759 734 4835 comedant,
763 4761 1327 4825 sicutinterdtcitur
1355 4754 1431 4825 ne
1490 4783 1554 4826 se
1583 4766 1898 4847 aliquando
1923 4754 2048 4830 'cir-
2133 4754 2437 4847 Tantaque
2461 4759 2645 4836 gratia
2669 4760 2894 4838 legatos
2947 4760 3251 4822 catholicae
3299 4759 3459 4840 pacis
3495 4759 3778 4822 comitata

395 4847 782 4910 cumcidant‘?
797 4847 989 4921 Quare
1019 4851 1133 4913 hoc
1156 4850 1187 4911 εν
1214 4851 1352 4932 quia
1374 4852 1436 4914 in
1484 4853 1579 4914 his
1609 4845 1914 4918 imitantur
1940 4859 2048 4920 .lu-
2133 4853 2246 4921 est.
2271 4845 2606 4910 ιιῑδοὶιῐιῐιθδ
2626 4847 2966 4910 Ροτῐυθηδίε
2982 4849 3321 4930 episcopus:
3343 4849 3584 4929 quierat
3622 4867 3780 4909 unus

396 4935 604 4998 daeos?
631 4939 1026 5001 Concedimus
1059 4947 1252 5002 tamen
1304 4941 1824 5006 circumcisionem
1856 4947 2047 5009 solum
2131 4934 2695 5015 exipsis,Dominica
2710 4937 3399 4998 octavisPascbzemissas
3424 4937 3691 5017 publicas
3719 4937 3782 4998 in

395 5023 578 5085 fuisse
623 5022 960 5088 Judaaorum
991 5047 1005 5091 :
1054 5036 1460 5091 verumtamen
1515 5049 1722 5110 azyma
1779 5033 2046 5096 omnium
2130 5023 2383 5085 ecclesia
2403 5027 2631 5087 Sanctae
2651 5023 2886 5105 Sophia)
2903 5044 3096 5089 coram
3120 5025 3394 5107 principe
3416 5035 3473 5086 et
3495 5026 3775 5106 episcopo

396 5111 686 5195 gentium,
719 5133 850 5194 quze
879 5123 939 5176 tu
971 5116 1259 5179 malitiose
1311 5136 1430 5180 non
1487 5117 1675 5180 solum
1733 5139 1766 5182 a
1822 5121 2042 5186 divina,
2128 5111 3781 5195 ipsiusurbisLatinecelebraret.EotemporeDamianns

395 5200 500 5291 sed
531 5199 604 5263 ab
629 5201 886 5265 humana
907 5223 1112 5268 mensa
1141 5210 1382 5268 omnino
1442 5207 1704 5287 repellis,
1752 5210 1871 5272 Sed
1903 5211 2045 5290 quid
2129 5201 2764 5269 TicinensisEcclesiaa
2784 5207 3099 5291 episcopus
3113 5212 3220 5273 sub
3236 5213 3476 5276 nomine
3495 5215 3781 5276 Mansueti

389 5289 595 5379 facies,
625 5309 658 5351 ο
715 5291 1116 5358 fermentate‘?
1165 5295 1371 5370 Judaei,
1408 5315 1514 5357 ceu
1571 5298 1845 5378 superius
1873 5289 2042 5362 asse-
2128 5297 2393 5378 episcopi
2423 5297 2704 5359 Ecclesiae
2759 5297 2960 5361 Sancti
2992 5289 3338 5379 Michaelis,
3375 5305 3520 5367 satis
3575 5306 3773 5366 utilem

391 5377 591 5475 ruisti,
625 5381 884 5475 exceptis
918 5391 1143 5463 septem
1177 5471 1190 5475 _
1202 5383 1416 5475 diebus
1448 5393 1568 5446 toto
1598 5403 1754 5475 anno
1777 5386 2042 5449 fermen-
2126 5391 2421 5475 rectaeque
2445 5385 2584 5475 ﬁdei
2625 5386 2934 5467 epistolam
2976 5377 3332 5472 composuit,
3379 5412 3512 5475 quae
3541 5394 3602 5456 in
3625 5412 3771 5475 pra),-

393 5473 573 5556 tatum
606 5469 1018 5556 comedebant,
1054 5481 1113 5534 et
1140 5471 1454 5554 aliquando
1485 5473 1834 5539 offerebant.
1866 5475 2046 5538 Num-
2124 5470 2241 5535 fata
2268 5491 2386 5534 non
2418 5474 2721 5536 mediocre
2751 5477 3077 5556 suﬂ‘ragum
3109 5469 3262 5547 tulit.

397 5555 535 5636 quid
569 5562 626 5618 et
651 5555 762 5618 hoc
795 5559 966 5621 tolles
998 5560 1388 5624 hominibus?
2206 5559 2409 5625 XVIII.
2441 5564 2623 5626 Recta
2669 5572 2862 5627 autem
2907 5555 2967 5629 et
2987 5589 3127 5634 vera
3150 5573 3298 5637 ﬁdes
3317 5573 3442 5635 haec
3463 5581 3553 5634 est
3579 5592 3591 5635 :
3621 5573 3693 5636 Ut
3720 5573 3779 5635 in
