4052 6134
266 283 426 351 1029

1602 289 1912 352 CONTRA
1954 281 2322 352 NICETAM.

3500 291 3664 362 1030

259 420 520 483 Domino
551 428 753 484 nostro
775 425 913 483 Jesu
940 421 1174 484 Christo
1198 420 1496 484 sicutduaa
1517 427 1914 493 suntnaturre,
1941 427 1981 474 Α
2003 417 2334 509 liramenta,
2364 431 2422 484 et
2453 443 2582 504 quin
2607 432 2703 485 aut
2722 425 2969 487 ﬁnxistis
3018 429 3304 509 capitula,
3325 449 3458 491 cum
3483 433 3660 494 etiam

264 510 383 571 hoc
416 518 524 579 est,
547 510 653 572 Dei
687 519 744 572 et
772 511 1056 590 hominis,
1090 511 1175 571 sic
1226 510 1401 571 etiam
1450 509 1580 570 duae
1611 509 1931 572 credantur

269 617 402 660 essc
433 599 766 660 voluntates
797 600 918 660 sive
970 601 1371 680 operationes.
1411 598 1515 660 Vis
1545 599 1750 659 audire
1771 597 1928 677 quod

267 687 514 748 deitatis
541 687 674 750 est?
715 711 737 745 ‹‹
774 687 919 766 Ego,
958 689 1170 768 inquit,
1213 699 1270 749 et
1304 687 1478 748 Pater
1508 706 1687 748 unum
1725 705 1930 747 sumus

267 778 464 855 (Joan.
491 796 550 853 Χ,
580 777 702 852 30).
727 803 753 834 ιι
783 778 889 840 Vis
910 779 1119 840 audire
1136 778 1290 858 quod
1315 777 1697 838 humanitatis
1717 776 1747 836 ‘?
1777 800 1798 832 α
1829 780 1930 836 Pa-

269 874 366 928 ter
397 868 588 947 major
618 887 714 928 me
739 875 829 928 est
859 870 1056 939 (Joan.
1090 885 1212 943 xxv,
1243 865 1362 941 28).
1402 887 1431 926 »
1489 867 1680 929 Cerne
1706 883 1924 927 secun-

273 955 416 1038 dum
446 957 869 1017 humanitatem
895 976 1027 1018 eum
1049 957 1107 1018 in
1135 956 1266 1017 navi
1292 955 1712 1018 dormientem.
1737 958 1926 1017 Cerne

272 1047 409 1122 ejus
440 1044 804 1106 divinitatem
863 1065 997 1106 cum
1058 1044 1420 1122 evangelista
1477 1045 1658 1106 dicit:
1695 1065 1723 1104 ε
1759 1043 1924 1105 Tunc

269 1149 522 1210 surgens
546 1133 1078 1212 imperavitiventis
1109 1143 1164 1194 et
1195 1133 1366 1208 mari,
1402 1141 1460 1194 et
1485 1133 1638 1194 facta
1660 1137 1748 1194 est
1781 1143 1936 1193 tran-

278 1225 524 1305 quilitas
558 1245 769 1306 magna
796 1226 1013 1308 (Math.
1047 1245 1174 1306 VIII,
1206 1227 1330 1305 26),
1365 1252 1387 1284 »

357 1313 505 1376 VIX.
535 1314 671 1375 Haec
695 1323 783 1376 est
801 1323 966 1376 sexta
990 1317 1246 1396 synodus
1273 1315 1627 1377 universalis
1645 1316 1933 1378 Conslan-

274 1404 531 1484 tinopoli
559 1404 857 1466 celebrata
905 1414 962 1465 et
993 1407 1196 1469 Graeco
1257 1423 1536 1466 sermone
1567 1405 1927 1485 conscripta,

269 1491 648 1572 temporibus
662 1493 1543 1574 papaaAgathonis,exsequente
1557 1513 1622 1555 ac
1635 1494 1934 1556 residente

271 1580 543 1661 piissimo
568 1583 834 1660 principe
857 1582 1240 1646 Constantino
1259 1585 1412 1645 intra
1428 1583 1705 1663 palatium
1736 1602 1930 1662 suum,

2011 508 2526 588 ipsiDominoJesu
2541 522 2597 574 et
2610 515 2887 594 apostolis
2903 515 3033 594 ejus
3046 508 3350 597 imputetis
3364 519 3663 598 ﬁgmenta.

2010 598 2179 661 Unde
2197 601 2594 674 nos,scientes
2608 612 2831 664 sextam
2848 604 3131 683 synodum
3153 605 3223 666 ad
3246 607 3665 670 destruendam

2013 689 2284 749 haeresim
2339 692 2676 753 Graacorum
2729 691 3267 768 Monothelilarum,
3323 715 3440 756 nou
3471 706 3666 760 autem

2010 776 2080 837 ad
2103 778 2458 839 tradendum
2480 778 2759 840 Romanis
2787 800 2964 842 novas
2987 782 3388 845 institutiones
3420 805 3668 865 congre-

2008 874 2223 944 gatam,
2279 866 2536 946 capitula
2585 888 2713 949 quae
2763 869 2934 930 nobis
2989 871 3100 931 sub
3159 872 3290 951 ejus
3319 875 3669 938 auctoritate

2009 957 2326 1035 opponitis,
2363 958 2608 1018 omnino
2640 959 2989 1041 refutamus,
3022 960 3160 1041 quia
3209 962 3400 1040 prima
3431 972 3488 1024 et
3517 983 3667 1044 apo-

2010 1043 2217 1104 stolica
2233 1045 2427 1106 sedes.
2462 1065 2571 1106 nec
2585 1047 2902 1126 aliquando
2921 1068 2990 1109 ea
3005 1051 3253 1129 accepit,
3267 1069 3373 1112 nec
3388 1043 3665 1115 observat

2016 1133 2341 1210 hactenus;
2376 1142 2434 1194 et
2480 1135 2615 1214 quia
2668 1144 2767 1196 aut
2824 1146 2961 1198 sunt
3012 1138 3194 1212 nulla,
3255 1147 3374 1213 aut,
3411 1150 3472 1202 ut
3501 1141 3668 1202 vobis

2017 1221 2206 1295 libuit,
2243 1223 2553 1303 depravata
2584 1234 2740 1287 sunt.
2774 1226 3151 1308 Depravastis
3199 1227 3444 1290 Joannis
3473 1231 3665 1311 Chry-

2017 1312 2259 1372 sostomi
2274 1321 2448 1392 atque
2465 1314 2771 1390 Gregoroii
2795 1315 3054 1393 theologi
3075 1316 3444 1397 aliorumque
3461 1321 3665 1380 ortho-

2015 1398 2301 1488 doxorum
2322 1400 2561 1462 Patrum
2587 1403 2765 1483 dicta,
2792 1412 2848 1464 et
2873 1405 3221 1466 exhibuistis
3243 1405 3303 1466 in
3322 1407 3530 1468 eadem
3563 1427 3664 1488 sy-

2019 1487 2172 1548 nodo
2201 1499 2386 1550 sexta.
2411 1493 2638 1570 Nempe
2661 1511 2694 1552 a
2721 1493 2909 1572 prima
2938 1493 3159 1573 synodo
3201 1495 3453 1557 Niccena
3479 1487 3666 1576 usque

2017 1576 2087 1636 ad
2120 1578 2269 1638 hanc
2301 1587 2524 1639 sextam
2558 1581 2803 1641 trecenti
2837 1592 2894 1644 et
2924 1583 3179 1662 amplius
3219 1584 3358 1644 anni
3388 1585 3667 1646 dicuntur

273 1669 572 1748 simulque
604 1669 810 1747 legatis
841 1672 1181 1750 apostolicae
1207 1672 1366 1734 sedis
1396 1680 1454 1732 et
1493 1671 1787 1751 episcopis
1823 1671 1987 1754 150_
2019 1666 2256 1728 evoluti.
2291 1667 2361 1728 Et
2392 1669 2687 1747 quomodo
2710 1669 2771 1730 in
2800 1669 3038 1732 Nicaena
3067 1681 3124 1732 et
3145 1673 3388 1752 reliquis
3411 1674 3668 1754 quatuor

271 1757 700 1832 residentibus,
736 1759 834 1840 qui
869 1749 1076 1821 omnes
1101 1761 1338 1841 quidem
1373 1749 1645 1821 haeresim
1679 1749 1930 1821 damna-
1953 1749 1992 1797 Β
2016 1755 2256 1835 synodis
2286 1756 2718 1818 nniversalihus
2749 1759 2911 1820 nulla
2967 1761 3188 1820 mentio
3220 1749 3291 1822 tit
3310 1763 3384 1822 de
3413 1749 3531 1823 tam
3563 1781 3664 1825 ne-

277 1854 512 1909 verunt.
548 1845 714 1908 Tunc
741 1848 1040 1927 piissimus
1097 1850 1374 1930 princeps
1397 1850 1812 1912 Constantinus
1837 1850 1928 1910 in-

275 1936 594 2013 terrogavit
608 1955 709 1997 eos
722 1937 974 2016 qualiter
991 1937 1252 2000 Romana
1269 1937 1535 2000 Ecclesia
1553 1937 1624 2001 de
1638 1939 1930 2001 sacriﬁcio

283 2023 555 2100 corporis
587 2033 644 2085 et
675 2025 981 2103 sanguinis
1028 2025 1266 2088 Domini
1312 2027 1498 2088 nostri
1544 2025 1684 2088 Jesu
1713 2028 1933 2090 Christi

279 2112 552 2173 ordinem
573 2113 828 2176 teneret?
845 2115 933 2176 llli
948 2117 1402 2196 responderunt;
1432 2115 1721 2177 .Incalice
1736 2118 1930 2180 Domi-

281 2201 347 2261 ni
367 2219 488 2262 non
511 2201 895 2266 debetsolum
920 2205 1086 2266 oﬁ‘eri
1106 2205 1330 2281 vinum,
1361 2207 1463 2268 sed
1484 2224 1632 2286 aqua
1663 2207 1929 2271 mistum.

282 2291 430 2352 Nam
462 2291 510 2351 si
531 2293 720 2352 solum
741 2293 940 2354 vinum
966 2295 1474 2372 oﬂ‘ertur,sanguis
1498 2295 1937 2374 Christiincipit

2016 1844 2268 1905 cessaris
2289 1845 2468 1906 rebus
2487 1848 2513 1904 ?
2532 1845 2808 1926 Nunquid
2832 1867 3019 1929 usque
3044 1849 3112 1910 ad
3127 1858 3348 1912 sextam
3381 1853 3666 1930 synodum

2015 1933 2204 1996 Graeci
2228 1942 2286 1994 et
2312 1934 2798 1997 Latinirationem
2822 1937 3014 1998 missae.
3035 1956 3102 1999 ac
3106 1938 3190 2017 jej
3201 1939 3470 2001 uniorum
3491 1941 3666 2018 igno-

2013 2033 2314 2104 raverunt,
2353 2033 2412 2085 et
2441 2044 2547 2104 per
2576 2033 2889 2087 sexcentos
2907 2034 2965 2086 et
2993 2026 3246 2106 amplius
3274 2046 3462 2089 annos
3482 2049 3516 2091 a
3542 2049 3668 2109 pas-

2015 2111 2183 2173 sione
2211 2112 2430 2174 Christi
2459 2116 2519 2174 in
2552 2115 2768 2176 talibus
2791 2122 3110 2178 errarunt?
3132 2118 3224 2178 An
3253 2116 3448 2179 forsan
3479 2120 3670 2182 Graeci

2014 2201 2139 2262 haec
2171 2209 2480 2278 noverunt,
2535 2212 2592 2264 et
2633 2202 2882 2265 Romani
2941 2205 3416 2287 ignqraverunt!
3454 2207 3568 2270 Sed
3603 2227 3674 2270 ex

2014 2287 2347 2352 Missalibus
2363 2291 2762 2353 Romanorum
2783 2293 2972 2367 libris,
2995 2294 3067 2354 ab
3090 2296 3249 2354 omni
3267 2294 3538 2356 Ecclesia
3560 2294 3671 2359 Oc.

287 2397 420 2465 esse
444 2380 573 2442 sine
596 2382 790 2443 nobis.
815 2381 955 2443 Etsi
985 2401 1133 2464 aqua
1156 2402 1301 2462 pura
1323 2385 1584 2447 offertur.
1617 2385 1741 2446 sola
1768 2385 1936 2465 plebs
2024 2379 2302 2441 cidentali
2333 2381 2590 2462 antiquis
2637 2383 2913 2462 receptis,
2963 2383 3268 2445 evidenter
3297 2385 3674 2463 cognoscitur

280 2463 649 2548 incipitesse
676 2469 806 2531 sine
828 2463 1086 2533 Christo.
1132 2471 1376 2543 Quando
1400 2479 1717 2552 utrumque
1748 2463 1943 2534 admi-
2026 2487 2199 2548 quam
2223 2470 2510 2531 rationem
2534 2471 2753 2551 jejunii
2779 2480 2837 2533 et
2876 2471 3073 2533 missae
3093 2472 3537 2535 habuerintsub
3569 2493 3672 2535 re-

293 2564 520 2629 scetur,
557 2557 612 2619 id
641 2565 750 2631 est,
782 2559 981 2620 vinum
1035 2568 1092 2621 et
1133 2579 1308 2641 aqua,
1341 2569 1480 2621 tunc
1512 2568 1944 2622 sacramentum
2024 2558 2471 2621 verendissimis
2491 2561 2886 2639 pontificibus,
2910 2559 3190 2622 Silvestre
3205 2562 3682 2624 scilicetauctore

289 2645 597 2725 spirituale
625 2647 952 2726 perﬁcitur.
989 2647 1220 2710 Oblatio
1264 2667 1404 2710 vero
1464 2668 1592 2729 qua:
1622 2650 1682 2709 in
1714 2650 1945 2710 sacriﬁ-
2028 2645 2280 2708 Nicaenaa
2306 2649 2534 2728 synodi.
2570 2649 2804 2710 Gelasio
2853 2650 3201 2711 damnatore
3258 2651 3437 2713 vestri
3493 2651 3678 2723 Acaii,

289 2733 447 2794 cium
481 2734 680 2795 altaris
730 2736 1003 2812 oﬁ‘ertur,
1057 2738 1281 2798 nullam
1339 2738 1819 2800 commistionem
1849 2746 1949 2800 aut
2029 2735 2697 2816 maximequeGregorio
2716 2739 3680 2820 dialogo,compatreimperatoris

291 2822 732 2902 corruptionem
766 2825 1044 2886 fermenti
1076 2827 1254 2890 debet
1316 2826 1562 2898 habere,
1596 2827 1750 2888 sicut
1778 2827 1950 2890 beata
2029 2824 2310 2887 Mauritii.
2337 2824 2402 2885 In
2424 2827 2596 2906 cujus
2619 2827 2794 2889 libris
2814 2827 3496 2892 Missalibusomnisdies
3517 2829 3679 2901 Qua-

292 2910 456 2990 virgo
477 2911 661 2973 Maria
672 2912 899 2994 absque
912 2915 1076 2976 omni
1098 2916 1483 2996 corruptione
1498 2915 1792 2978 Christum
1814 2935 1952 2978 con-
2031 2913 2382 2992 dragesimze
2394 2915 2567 2977 habet
2581 2916 2855 2996 specialis
2871 2917 3064 2978 missae
3077 2918 3407 2996 plenarium
3423 2919 3678 2980 ofﬁcium

299 3005 456 3085 cepit
482 3013 540 3067 et
589 3009 842 3089 peperit.
870 3009 1021 3071 Hinc
1051 3009 1110 3069 in
1126 3009 1394 3072 Ecclesia
1424 3028 1553 3070 mos
1603 3008 1858 3070 obtinuit
1887 3015 2008 3071 utc
2035 3009 2114 3077 et,
2142 3010 2386 3083 excepta
2410 3003 2741 3087 Dominica,
2767 3005 3259 3086 nullusdiesejus
3280 3007 3453 3069 solvit
3475 3026 3680 3068 susce-

292 3095 648 3157 sacriﬁcium
671 3098 876 3160 altaris
895 3099 1087 3160 nonin
1111 3098 1304 3160 serico
1327 3099 1503 3159 autin
1525 3117 1718 3180 panno
1738 3098 1945 3173 tincto,
2031 3092 2742 3174 plum,jejunium,quam
2759 3096 3134 3157 traditionem
3156 3100 3202 3157 si
3221 3104 3512 3158 tentasset
3529 3115 3680 3177 papa

294 3183 398 3244 sed
420 3183 480 3243 in
505 3184 645 3246 limo
669 3196 909 3249 terreno
939 3186 1693 3268 ctslebretur,sicutcorpus
1714 3187 1949 3256 Domini
2029 3181 2256 3260 Agatho
2279 3181 2654 3262 aliquatenus
2697 3184 3317 3261 removereRomanis,
3345 3204 3462 3246 non
3476 3185 3683 3246 audire

293 3271 497 3333 fuitin
527 3273 782 3337 sindone
837 3275 1058 3336 munda
1112 3275 1432 3356 sepultum.
1488 3277 1584 3339 Sic
1642 3284 1700 3338 et
1728 3277 1946 3338 oblatio

295 3362 520 3424 munda
549 3363 725 3426 debet
755 3383 887 3426 esse
911 3384 944 3425 a
972 3365 1284 3440 fermento,
1306 3366 1470 3444 juxta
1494 3365 1651 3446 quod
1679 3364 1740 3426 in
1764 3366 1947 3444 gestis

295 3450 739 3531 pontiﬁcalibus
759 3472 793 3513 a
814 3452 983 3514 beato
1007 3452 1290 3514 Silveslro
1315 3454 1568 3532 legimus
1591 3472 1724 3516 esse
1759 3461 1948 3515 statu-

297 3547 446 3602 tum.
477 3563 500 3597 a
539 3540 705 3602 Tunc
729 3542 948 3622 placuit
980 3541 1248 3622 piissimo
1276 3542 1532 3623 principi
1563 3542 1603 3604 C
1629 3543 1948 3604 ~pnstantino

297 3630 425 3691 haec
455 3629 690 3690 traditio
722 3631 1063 3710 apostolicae
1111 3629 1292 3692 sedis.
1355 3629 1506 3692 Ecce
1555 3631 1726 3692 istius
1761 3641 1819 3692 et
1849 3649 1951 3692 sex

300 3726 646 3782 caeterarum
676 3719 1036 3799 synodorum
1059 3717 1336 3780 omnibus
1366 3719 1584 3781 sanctis
1611 3719 1874 3799 patribus
1899 3736 1956 3788 et

302 3808 644 3868 orthodoxis
674 3808 1070 3888 imperatoris,
1134 3826 1241 3887 per
1299 3808 1498 3869 omnia
1555 3808 1782 3888 placuit
1807 3807 1956 3868 ﬁdes

305 3901 366 3957 et
382 3895 618 3956 traditio
640 3895 980 3974 apostolicae
1002 3895 1184 3958 sedis.
1214 3895 1282 3956 Et
1298 3903 1357 3956 tu
1379 3896 1476 3976 qui
1502 3914 1587 3968 es,
1623 3896 1718 3957 cui
1738 3895 1950 3975 displi-

305 3991 401 4046 cet
427 3983 452 4046 ?
477 3983 592 4046 Sed
614 3985 881 4046 volumus
910 3985 1107 4048 dicas:
1141 3984 1469 4046 Videturne
1492 3983 1597 4045 tibi
1627 4002 1951 4062 congruum

303 4073 544 4134 utomni
570 4080 773 4154 quarta
797 4080 1036 4135 etsexta
1059 4073 1204 4135 feria
1219 4073 1458 4152 jejunes
1491 4081 1733 4152 propter
1766 4072 1952 4133 tradi-

304 4161 526 4225 tionem
552 4170 610 4223 et
631 4162 963 4241 passionem
985 4161 1223 4236 Christi,
1251 4169 1306 4222 et
1322 4171 1566 4241 propter
1588 4163 1950 4239 sepulturam

304 4251 470 4314 nullo
493 4250 774 4328 Sabbato,
803 4250 916 4310 nisi
935 4269 1052 4312 uno
1077 4249 1266 4312 ‘?Cum
1295 4267 1434 4328 ergo
1466 4249 1628 4310 omni
1648 4248 1956 4310 Dominica

307 4339 574 4402 celebres
595 4340 1127 4413 resurrectionem,
1152 4338 1434 4417 omnique
1465 4345 1671 4418 quarta
1701 4346 1761 4400 et
1791 4346 1957 4399 sexta

306 4428 456 4491 feria
478 4430 716 4509 jejunes
748 4435 990 4509 propter
1020 4427 1408 4492 traditionem.
1456 4435 1513 4487 et
1542 4445 1817 4503 crucem;
1848 4445 1956 4488 cur

310 4537 430 4579 non
461 4526 518 4579 et
547 4517 709 4579 omni
733 4517 986 4580 Sabbato
1019 4523 1264 4597 propter
1292 4515 1681 4595 sepulturam,
1717 4535 1851 4577 cum
1881 4516 1956 4577 de

311 4606 672 4670 celebrando
707 4605 966 4668 Sabbato
995 4606 1216 4666 nullam
1248 4607 1538 4666 rationem
1572 4613 1798 4678 teneas,
1841 4603 1958 4665 nisi

311 4715 486 4777 quam
518 4694 730 4769 Judaei,
763 4695 1010 4756 scillicet
1039 4694 1175 4774 quia
1204 4694 1265 4754 in
1325 4713 1394 4755 eo
1440 4693 1730 4774 requievit
1757 4691 1960 4754 Deus?

312 4785 422 4857 Qui
445 4785 645 4864 utique
670 4784 941 4861 fatigatus
965 4801 1082 4844 non
1109 4792 1215 4857 est,
1245 4781 1422 4843 verbo
1447 4799 1659 4843 creans
1674 4780 1962 4862 quidquid

309 4873 513 4945 voluit,
541 4871 646 4932 sed
676 4871 737 4932 in
768 4872 878 4932 hoc
933 4879 1191 4932 nostram
1246 4868 1515 4950 requiem
1551 4869 1960 4950 praeﬁguravit.

315 4960 485 5034 Quod
515 4960 564 5020 si
584 4980 700 5022 uno
728 4959 984 5022 Sabbato
1008 4960 1071 5021 in
1103 4967 1221 5021 toto
1253 4977 1406 5019 anno
1424 4957 1818 5038 jejunandum
1850 4967 1962 5036 est,

316 5055 559 5128 propter
583 5049 943 5128 sepulturam
999 5046 1244 5126 Christi,
1308 5064 1446 5124 ergo
1505 5053 1564 5107 et
1617 5064 1735 5106 una
1764 5053 1968 5126 quarta

314 5136 460 5197 feria
496 5144 732 5216 propter
763 5135 1170 5213 traditionem,
1207 5143 1264 5196 et
1291 5152 1409 5196 una
1451 5143 1614 5196 sexta
1652 5134 1800 5196 feria
1823 5152 1967 5214 pro-

317 5231 447 5306 pter
469 5225 830 5305 passionem,
878 5226 943 5285 in
1000 5233 1129 5288 toto
1178 5242 1332 5285 anno
1401 5229 1490 5284 est
1537 5222 1958 5302 jejunandum.

316 5312 444 5377 Una
499 5334 736 5396 quoque
791 5315 1100 5377 Dominica
1158 5319 1401 5395 prepter
1456 5312 1959 5375 resurrectionem

317 5403 700 5468 celebranda.

2031 3278 2125 3331 tur
2142 3270 2214 3332 ab
2238 3270 2344 3333 eis.
2363 3271 2527 3344 Quia,
2540 3273 2818 3354 licetipse
2833 3293 3076 3353 magnus
3091 3274 3404 3350 exstiterit,
3425 3275 3681 3354 praefatis

2031 3367 2229 3421 tamen
2263 3360 2678 3423 decessoribus
2696 3362 2820 3424 suis
2842 3361 2995 3424 sicut
3018 3372 3304 3444 tempore,
3329 3364 3410 3424 ita
3432 3363 3683 3425 scientia

2034 3456 2092 3509 et
2113 3449 2460 3512 auctoritate
2482 3451 2674 3514 minor
2694 3451 2822 3513 fuit.
2839 3451 3235 3523 Quamobrem
3259 3459 3558 3532 caputque
3580 3470 3679 3512 as-

2034 3539 2231 3599 seritis
2245 3557 2379 3600 eum
2409 3540 2815 3619 promulgasse
2838 3549 2900 3601 ut
2923 3542 2968 3601 si
2989 3539 3686 3621 quisclericusjejunaret

2038 3625 2352 3689 Sabbatum
2369 3638 2583 3707 praeter
2597 3648 2800 3701 unum,
2828 3629 3252 3709 deponeretur,
3277 3629 3462 3706 magis
3485 3628 3688 3691 dicen-

2038 3714 2176 3774 dum
2203 3724 2261 3776 et
2279 3717 2716 3778 Nazarenorum
2745 3735 2876 3778 esse
2896 3735 3068 3798 quam
3093 3717 3516 3797 apostolorum,
3535 3718 3688 3779 Che-

2037 3803 2178 3864 riuti
2201 3812 2258 3864 et
2281 3803 2564 3866 Habionis
2595 3825 2766 3885 quam
2818 3813 2996 3867 sextae
3017 3805 3303 3885 synodiet
3352 3825 3516 3886 papae
3534 3806 3687 3884 Aga-

2039 3891 2257 3953 thonis.
2283 3893 2389 3956 Cui
2409 3913 2550 3955 sane
2575 3895 2830 3973 capitulo
2853 3895 3102 3972 epistola
3127 3895 3286 3957 Pauli
3316 3904 3523 3974 aperte
3544 3914 3687 3957 con-

2037 3982 2297 4055 tradicit,
2323 3981 2424 4042 ubi
2447 3982 2554 4044 ait:
2593 4005 2615 4037 «
2636 3981 2822 4044 Nemo
2845 4001 2946 4044 vos
2959 3982 3260 4062 judicetin
3275 3982 3405 4043 cibo
3429 3992 3524 4044 aut
3543 3992 3687 4064 potu

2037 4080 2137 4133 aut
2157 4071 2217 4132 in
2240 4079 2405 4152 parte
2426 4070 2546 4131 diei
2571 4072 2815 4154 festi,_et
2836 4071 3164 4133 neomeniae
3187 4080 3244 4132 et
3269 4069 3682 4148 Sabbatorum,

2036 4179 2165 4242 quae
2187 4158 2548 4221 suntumbra
2567 4160 2915 4224 futurorum.
2941 4183 2964 4218 ι
2993 4159 3161 4223 Unde
3177 4159 3426 4221 Romani
3443 4159 3683 4239 proprio

2036 4251 2262 4312 auctori
2292 4249 2650 4328 et,magistro
2675 4249 2940 4327 gentium
2963 4249 3022 4310 in
3051 4249 3168 4311 ﬁde
3191 4256 3250 4310 et
3267 4249 3507 4310 veritate
3536 4248 3686 4310 obe-

2037 4338 2270 4400 dientes
2293 4336 2444 4398 nulli
2466 4335 2718 4398 Sabbato
2741 4337 2954 4399 festum
2977 4337 3068 4399 vel
3097 4337 3279 4398 otium
3311 4337 3684 4417 dependunt,

2038 4427 2189 4488 sicut
2219 4443 2332 4487 nec
2360 4425 2696 4500 neomenia,
2731 4425 2868 4506 quia
2885 4426 3146 4507 profecto
3171 4424 3414 4488 Judaica
3445 4433 3601 4502 sunt,
3634 4433 3692 4487 et

2039 4514 2240 4596 utique
2267 4514 2479 4576 umbra
2509 4514 2862 4577 futurorum.

2075 4602 2225 4666 XXI.
2243 4602 2426 4665 Porro
2446 4602 3014 4684 undeacceperimus
3032 4604 3194 4665 omni
3219 4603 3315 4666 die
3321 4603 3688 4684 jejuniorum

2041 4694 2359 4775 perfectam
2396 4691 2637 4754 missam
2670 4692 2891 4768 facere,
2926 4711 3103 4774 supra
3133 4700 3468 4754 curavimus
3496 4699 3691 4753 osten-

2045 4783 2189 4845 dere
2217 4803 2228 4840 :
2264 4800 2372 4844 nec
2395 4780 2674 4843 timemus
2695 4790 2870 4862 caput
2892 4783 3047 4862 quod
3075 4781 3268 4843 dicitis
3289 4781 3689 4861 apostolorum

2045 4870 2120 4932 de
2142 4870 2234 4931 his
2257 4870 2358 4950 qui
2381 4889 2499 4931 non
2515 4869 3464 4950 jejunaverintQuadragesimam,
3484 4877 3694 4948 quarta

2047 4977 2280 5040 quoque
2312 4967 2369 5020 et
2398 4964 2564 5020 sexta
2589 4959 2756 5034 feria,
2789 4978 2926 5039 qua,
2951 4967 3194 5039 excepta
3223 4957 3566 5036 gravissima
3597 4956 3688 5018 in-

2048 5045 2606 5124 ﬁrmitate,sollicite
2633 5047 2832 5109 cuncti
2846 5048 3190 5125 jejuuamus
3211 5046 3424 5107 diebus
3440 5044 3699 5117 Quadra-

2049 5137 2312 5217 gesimae,
2341 5136 2491 5197 adeo
2515 5143 2580 5196 ut
2600 5136 2904 5198 interdum
2926 5136 3226 5197 decennes
3249 5152 3469 5214 pueros
3501 5133 3699 5195 nobis-

2050 5244 2184 5287 cum
2211 5225 2496 5287 faciamus
2515 5225 2815 5304 jejunare,
2871 5242 2981 5285 nec
3007 5223 3288 5284 solvimus
3311 5241 3418 5304 per
3441 5221 3699 5286 Sabbata

2045 5314 2622 5396 quadragesimalem
2665 5311 3112 5387 abstinentiam,
3168 5330 3344 5392 quam
3410 5309 3700 5372 Dominus

2047 5415 2253 5468 noster
2276 5423 2392 5466 non
2441 5403 2614 5466 solvit
2641 5403 2703 5464 in
2725 5401 3109 5484 quadraginta
3123 5401 3323 5481 jejuni
3344 5401 3435 5463 sui
3457 5398 3694 5462 diebus.

398 5493 523 5556 XX.
579 5491 709 5554 Non
753 5498 950 5554 autem
1009 5492 1227 5554 mirum
1288 5491 1339 5552 si
1389 5491 1679 5570 Agathoni
1710 5509 1874 5573 papae
1911 5503 1971 5558 et
2047 5495 2170 5559 Nec
2193 5494 2556 5556 solveremus
2574 5491 2832 5555 etiamin
2853 5491 2954 5555 die
2978 5489 3285 5556 Dominica
3303 5493 3694 5572 quemadmo-

320 5581 541 5647 sanctis
569 5579 837 5642 Patribus
867 5589 1046 5643 sextae
1063 5580 1270 5662 synodi
1311 5588 1504 5644 vestra
1524 5580 1829 5660 imputatis
1857 5582 1968 5646 de-

2052 5584 2192 5648 dum
2215 5600 2327 5646 nec
2349 5582 2500 5663 ipse,
2537 5599 2656 5662 prae
2694 5580 2911 5660 gaudio
2959 5579 3416 5643 resurrectionis
3437 5579 3564 5659 ejus
3585 5578 3700 5641 hoc
