4052 6134
492 273 635 340 1031

1556 278 1962 341 HUMBERTI
2004 279 2065 340 S.
2112 277 2186 338 R.
2236 277 2301 338 Ε.
2349 278 2813 343 CARDINALIS

3749 273 3867 341 1032

485 400 645 472 inter
663 409 909 477 dixisset
923 411 996 474 ab
1046 410 1216 474 initio
1267 410 1533 474 omnium
1567 410 1992 473 catholicorum
2015 413 2131 476 Pa-
2153 422 2195 469 Α
2217 408 2406 473 dium.
2430 409 2551 474 Nec
2573 411 2968 475 dubitandum
2985 414 3046 476 in
3070 415 3623 495 quantulacunque
3635 413 3875 493 portione

484 504 641 560 trum
654 500 978 580 sententia,
1008 500 1185 562 etiam
1199 518 1333 564 cum
1356 501 1760 565 anathemate.
1783 499 1943 573 Quos
1957 500 2146 563 secuti

484 587 672 648 sancti
699 591 903 650 Patres
928 588 1296 667 Gangrensis
1310 588 1868 652 conciliidixerunt:
1888 612 1909 647 α
1930 588 1993 652 Si
2012 589 2145 670 quis

485 693 604 736 non
632 676 969 756 dijudicans
990 678 1147 739 diem
1194 677 1586 755 Dominicam,
1627 678 2143 759 jejunaverittau-

483 783 658 844 quam
684 764 747 827 in
770 767 906 846 ejus
935 774 1302 847 contemptu,
1327 768 1641 829 anathema
1662 768 1757 830 sit.
1790 794 1815 822 η
1841 766 1954 830 Ubi
1983 775 2143 830 certe

482 852 635 914 sicut
658 854 747 915 eis
798 862 1155 918 attestantur
1200 874 1410 917 omnes
1455 856 1782 917 authentici
1832 856 1971 917 libri
1999 875 2140 928 non,

496 942 908 1006 contradicunt
921 944 1153 1025 jejunio
1185 943 1450 1021 Sabbati,
1490 945 1593 1006 sed
1643 944 1967 1007 Dominicte
1997 944 2138 1006 diei.

564 1029 745 1095 XXII.
779 1031 920 1109 Sed,
957 1053 991 1095 o
1045 1034 1272 1115 perfide
1331 1032 1805 1110 Stercorianista,
1841 1034 1941 1115 qui
1971 1042 2144 1115 putas

483 1121 645 1184 ﬁdeli
677 1122 1130 1202 participatione
1161 1122 1428 1203 corporis
1461 1131 1516 1184 et
1573 1123 1878 1201 sanguinis
1905 1123 2143 1186 Domini

491 1213 1021 1295 quadragesimalia
1040 1223 1215 1295 atque
1233 1215 1915 1295 ecclesiasticadissolvij
1926 1216 2143 1295 ejunia,

492 1303 737 1366 omnino
758 1303 1020 1365 credens
1037 1305 1338 1365 caelestem
1353 1322 1552 1365 escam
1565 1305 1721 1365 velut
1740 1313 2032 1366 terrenam
2047 1324 2151 1385 per

496 1392 813 1473 aqualiculi
837 1391 1084 1454 fetidam
1109 1402 1166 1454 et
1181 1392 1483 1454 sordidam
1501 1393 1863 1472 egestionem
1878 1393 1938 1454 in
1954 1412 2150 1455 seces-

479 1500 609 1543 sum
634 1481 878 1561 dimitti,
919 1483 1095 1562 plane
1120 1481 1310 1542 sentis
1355 1501 1484 1543 cum
1531 1482 1693 1544 Ario.
1730 1481 1841 1555 Qui
1872 1501 2006 1544 cum
2038 1501 2143 1563 pro

477 1569 609 1632 aliis
630 1569 1000 1650 blasphemis
1024 1569 1084 1630 in
1103 1569 1316 1631 Filium
1344 1569 1478 1643 Dei,
1505 1578 1627 1630 tum
1676 1570 1851 1631 etiam
1879 1589 1984 1650 pro
2007 1570 2138 1641 ista,

474 1656 703 1723 foveam
732 1658 1014 1739 delapsus
1035 1658 1095 1719 in
1119 1667 1326 1731 atram,
1388 1657 1714 1720 visceribus
1747 1658 1891 1720 fusis
1923 1678 2139 1721 vacuus

474 1765 709 1829 quoque
741 1756 956 1808 ventre
988 1747 1291 1808 remansit.
1344 1746 1418 1807 Et
1470 1747 1574 1808 ubi
1621 1756 1710 1809 est
1738 1746 2004 1810 Salvator
2034 1749 2137 1827 qui

473 1836 622 1898 dans
641 1834 960 1916 discipulis
990 1854 1203 1916 panem
1221 1854 1255 1897 a
1277 1854 1343 1897 se
1381 1834 1761 1897 benedictum
1783 1844 1840 1897 et
1888 1838 2136 1899 fractum

471 1924 657 1986 dixit:
726 1925 1060 2003 «Accipite
1121 1934 1179 1986 et
1239 1924 1560 2000 comedite,
1624 1925 1737 1986 hoc
1782 1933 1875 1987 est
1919 1944 2137 2007 corpus

474 2032 669 2074 meum
699 2012 723 2074 ?
753 2039 777 2068 »
805 2013 1044 2093 (Matth.
1073 2031 1236 2083 xxvr,
1264 2013 1393 2093 26.)
1449 2012 1512 2074 In
1535 2033 1651 2094 quo
1677 2013 1817 2094 quid
1851 2015 2127 2076 traderet.

476 2103 620 2165 alibi
644 2102 788 2164 dicit
820 2123 833 2162 :
872 2128 892 2159 α
929 2102 1099 2164 Panis
1122 2121 1300 2183 quem
1326 2119 1433 2180 ego
1455 2103 1702 2183 dedero,
1727 2121 1861 2165 caro
1892 2123 2024 2166 mea
2053 2119 2142 2172 est

473 2209 579 2272 pro
615 2190 951 2252 mundivita
988 2190 1173 2263 (Joan
1227 2210 1304 2264 vi,
1368 2192 1509 2268 52);
1541 2216 1562 2250 ι
1627 2200 1730 2268 et;
1769 2215 1791 2246 αι
1829 2193 1977 2255 Caro
2009 2212 2139 2255 mea

471 2299 612 2342 vere
646 2290 736 2344 est
787 2279 981 2354 cibus,
1040 2288 1098 2340 et
1154 2281 1394 2360 sanguis
1453 2299 1620 2342 meus
1676 2298 1812 2342 vere
1845 2289 1934 2343 est
1966 2289 2136 2361 potus

471 2373 669 2441 (Joan.
689 2387 771 2443 vn,
795 2370 925 2450 56).
960 2395 982 2427 ι
1013 2369 1325 2442 Quomodo
1352 2387 1528 2431 verus
1548 2369 1579 2429 ?
1597 2368 1748 2442 Quia
1775 2392 1798 2425 α
1829 2370 1931 2450 qui
1960 2390 2130 2431 man-

470 2459 646 2521 ducat
665 2476 909 2521 carnem
930 2477 1147 2533 meam,
1170 2467 1227 2520 et
1246 2458 1755 2538 bibitsanguinem
1783 2477 2007 2540 meum,
2031 2460 2129 2522 ha-

482 2548 583 2610 bet
606 2548 780 2609 vitam
802 2557 1082 2609 aeternam
1107 2546 1296 2626 (Joan
1336 2564 1419 2617 x1.
1448 2550 1576 2629 55).
1617 2572 1637 2604 ι
1668 2546 1885 2629 ΕΗ]Πῶ
1907 2558 1997 2610 est
2018 2550 2133 2612 vita

469 2642 733 2698 aeterna?
754 2636 980 2716 Nempe
1003 2636 1274 2699 Christus
1322 2637 1518 2716 Jesus,
1572 2636 1724 2697 sicut
1781 2636 1910 2718 ipse
1940 2638 2125 2703 dicit:

474 2751 501 2781 α
527 2725 646 2804 Ego
665 2744 796 2787 sum
823 2728 935 2801 via,
963 2725 1178 2787 veritas
1202 2733 1261 2787 et
1283 2724 1396 2786 vita
1427 2724 1637 2805 (Joun.
1668 2742 1791 2798 xxv,
1827 2727 1915 2807 6).
1956 2751 1983 2783 »
2019 2726 2130 2801 Qui

468 2832 611 2893 ergo
627 2833 838 2895 panem
852 2814 958 2877 Dei
975 2814 1309 2889 manducat,
1333 2833 1577 2876 carnem
1590 2815 1696 2879 Dei
1725 2816 1944 2877 Christi
1964 2836 2131 2879 man-

467 2902 664 2965 ducat.
688 2902 800 2975 Qui
820 2910 1017 2964 autem
1040 2921 1281 2964 carnem
1304 2905 1435 2983 ejus
1459 2907 1804 2985 manducat,
1826 2906 2125 2968 Christum

2229 499 2358 577 ejus
2407 501 2554 562 fides
2612 502 2971 565 manducare
3030 504 3150 566 sibi
3208 513 3392 566 totam
3461 504 3675 582 vitam,
3734 502 3784 562 id
3813 509 3884 562 est

2228 586 2550 663 Christum,
2572 592 2845 653 infideles
2870 602 3062 654 autem
3083 604 3360 675 mortem,
3385 594 3454 655 id
3475 602 3597 672 est,
3620 592 3878 672 judicium

2227 695 2421 757 suum,
2442 687 2642 757 utpote
2667 680 2767 761 qui
2789 680 2877 742 rei
2904 681 3050 742 fiunt
3071 683 3341 762 corporis
3363 691 3426 745 et
3454 681 3773 760 sanguinis
3787 678 3880 740 Do-

2227 765 2389 825 mini.
2426 766 2653 829 Deinde
2704 769 2970 849 quotidie
3014 771 3136 831 sive
3169 770 3360 853 tertia,
3395 771 3541 833 sive
3575 788 3755 843 nona,
3786 768 3881 831 sive

2226 873 2574 935 quacunque
2607 858 2753 918 hora
2796 858 2895 920 fiat
2914 878 2947 919 a
2971 858 3144 920 nobis
3160 859 3362 934 missa,
3382 879 3518 921 non
3539 859 3611 919 ﬁt
3634 858 3746 918 nisi
3769 875 3881 938 per-

2226 943 2395 1005 ferta.
2424 949 2549 1009 Nec
2578 956 2917 1009 reservatur
2936 967 3006 1010 ex
3027 948 3325 1011 oblatione
3342 950 3491 1028 ejus
3518 967 3662 1029 pars
3683 947 3876 1026 aliqua,

2226 1042 2287 1090 ut
2316 1051 2420 1111 per
2439 1033 2567 1096 dies
2587 1036 2846 1116 quinque
2867 1045 3072 1113 agatur
3094 1037 3272 1099 missa
3313 1037 3716 1117 imperfecta.
3758 1034 3884 1105 Quia

2227 1138 2337 1181 nec
2359 1122 2550 1183 sancti
2570 1125 2823 1203 apostoli
2842 1126 3122 1203 leguntur
3134 1126 3468 1206 quidquam
3504 1125 3702 1187 exilio
3722 1125 3883 1205 primo

2232 1211 2501 1289 corporis
2522 1220 2579 1272 et
2595 1213 3117 1291 sanguinisChristi
3140 1215 3420 1294 mysterio
3449 1214 3576 1276 sub
3601 1215 3733 1294 ipsa
3747 1231 3887 1275 creua

2229 1296 2543 1360 distributo
2561 1319 2923 1372 reservasse.
2952 1322 3061 1364 nec
3081 1312 3244 1364 actus
3270 1323 3490 1365 eorum
3520 1304 3791 1363 indicant
3809 1320 3888 1363 eos

2229 1386 2543 1467 aliquando
2562 1390 2676 1452 tale
2689 1391 2829 1471 quid
2850 1392 3042 1471 egisse
3064 1392 3578 1473 autprazcepisse.
3604 1392 3887 1464 Quinimo,

2230 1474 2383 1536 sicut
2406 1478 2591 1539 Lucas
2613 1488 2810 1541 narrat
2832 1499 2846 1542 :
2872 1504 2898 1535 α
2922 1480 3321 1542 Eranttideles
3340 1488 3819 1560 perseverantes
3841 1477 3888 1539 iu

2225 1562 2488 1626 doctrina
2509 1568 2909 1646 apostolorum
2935 1577 2992 1629 et
3017 1570 3574 1633 communicatione
3599 1567 3887 1636 fractiouis

2225 1653 2393 1730 panis
2420 1658 2571 1728 (Act.
2598 1673 2660 1723 ιι,
2688 1657 2806 1733 42).
2839 1683 2861 1711 η
2892 1658 3033 1730 Quae
3052 1658 3526 1720 communicatio
3561 1658 3818 1740 qualiter
3835 1664 3882 1716 et

2220 1741 2658 1821 quibusdiebus
2676 1748 2867 1820 fieret,
2892 1757 3219 1828 postpauca
3239 1748 3873 1821 demonstrat,dicens:

2224 1854 2246 1886 α
2275 1828 2551 1902 Quotidie
2576 1844 3021 1913 perseverantes
3051 1836 3417 1898 unanimiter
3447 1837 3517 1897 in
3556 1837 3807 1915 templo,
3831 1841 3876 1894 et

2217 1920 2720 2006 frangentes-circa
2736 1924 2942 1985 domos
2958 1943 3170 2005 panem
3186 1924 3869 2006 sumebant(Ibid.,46j-.-

2216 2004 2368 2069 Ecce
2384 2027 2556 2070 verax
2577 2012 2936 2088 evangelista
2959 2004 3207 2074 testatur
3227 2014 3339 2074 sub
3360 2004 3669 2092 apostolis
3692 2010 3878 2071 ﬁdeles

2223 2097 2493 2176 quotidie
2515 2117 2716 2160 orasse
2739 2109 2797 2160 et
2814 2118 3029 2180 panem
3053 2102 3325 2181 fregisse,
3348 2104 3569 2175 Etvos,
3598 2101 3700 2181 qui
3724 2099 3869 2172 estis,

2221 2185 2320 2264 qui
2352 2184 2548 2246 dicitis
2577 2187 2808 2249 duobus
2831 2197 3054 2249 tantum
3082 2188 3293 2250 diebus
3325 2187 3732 2250 hebdomadis
3756 2187 3873 2247 mis-

2218 2291 2339 2333 sam
2368 2276 2694 2354 perfectam
2719 2277 2850 2338 ﬁeri
2872 2277 3115 2353 debere,
3150 2277 3397 2358 reliquis
3420 2296 3571 2338 vero
3619 2278 3867 2357 quinque

2214 2364 2653 2443 imperfectam?
2676 2364 2900 2447 Nempe
2922 2366 3020 2428 hic
3039 2367 3101 2429 in
3128 2367 3297 2446 panis
3320 2367 3625 2429 fractione
3650 2378 3705 2426 et
3727 2383 3869 2425 com-

2216 2452 2638 2525 municatione,
2673 2473 2790 2514 non
2824 2456 2937 2515 nisi
2966 2455 3290 2535 perfectam
3348 2456 3657 2518 actionem
3687 2455 3857 2515 missae

2213 2539 2504 2602 debemus
2527 2541 2828 2623 accipere,
2851 2543 3643 2624 quemadmodumetipsum
3673 2543 3849 2604 Domi-

2213 2648 2353 2690 num
2372 2629 3331 2712 legimus,nonimperfectam,sed
3348 2635 3677 2713 perfectam
3713 2650 3845 2695 com-

2213 2720 2705 2780 memorationem
2727 2719 2851 2781 suis
2874 2721 3184 2801 discipulis
3211 2722 3562 2796 tradidisse,
3583 2723 3646 2783 in
3673 2739 3802 2803 pane
3820 2738 3846 2779 a

2213 2825 2276 2868 se
2296 2806 2609 2869 benedicto
2634 2816 2691 2869 et
2711 2828 2843 2870 mox
2866 2810 3050 2871 fracto
3098 2824 3161 2871 et
3181 2811 3526 2875 distributo.
3557 2811 3687 2873 Non
3711 2812 3837 2871 enim

2213 2894 2516 2957 benedixit
2540 2905 2761 2958 tantum
2785 2906 2842 2959 et
2863 2899 3112 2959 servavit
3139 2900 3535 2977 frangendum
3562 2902 3625 2962 in
3657 2897 3834 2961 crasti-

467 2992 781 3054 manducat
804 3013 819 3064 ;
846 2991 945 3072 qui
977 2989 1273 3053 Christum
1304 2992 1642 3067 manducat,
1706 2995 1912 3073 procul
1943 2994 2182 3057 dubioc
2207 3003 2370 3055 num,
2402 3003 2512 3046 nec
2533 2986 2704 3065 fregit
2728 2994 2950 3048 tantum
2976 2989 3449 3069 etreposuit,sed
3478 2990 3829 3052 fractumsta-

465 3080 642 3143 vitam
667 3088 947 3143 aeternam
976 3081 1312 3142 manducat.
1338 3081 1514 3160 Ergo,
1538 3101 1572 3142 o
1599 3082 1997 3162 pestiferleno
2024 3102 2129 3145 an-

464 3170 615 3252 tiqui
638 3169 957 3250 serpentis,
981 3169 1081 3250 qui
1104 3169 1343 3231 conaris
1364 3168 1582 3230 astutia
1614 3178 1711 3231 tua
1741 3189 2133 3250 corrumpere

468 3277 685 3321 sensus
706 3258 926 3321 Christi
946 3276 1348 3338 sponsm,quae
1370 3257 1773 3334 estEcclesia,
1797 3268 1863 3320 ut
1889 3260 2132 3323 excida-

460 3366 609 3426 tura
631 3347 919 3409 charitate
942 3346 1087 3408 tanti
1107 3354 1165 3408 et
1190 3346 1325 3408 talis
1380 3346 1611 3427 sponsi,
1669 3346 1868 3409 credis
1900 3366 2009 3410 nos
2038 3352 2128 3412 vi-

462 3456 580 3507 tam
603 3435 1117 3517 incorruptibilem
1139 3435 1549 3511 comedentes,
1574 3454 1960 3517 corrumpere
1978 3438 2131 3502 inte-

462 3528 730 3610 gritatem
749 3527 1140 3607 jejuniorum,
1162 3526 1319 3587 velut
1341 3525 1538 3605 aliquo
1559 3524 1699 3588 cibo
1719 3529 2130 3608 corruptibili?

515 3615 723 3682 XXIII.
740 3619 1067 3679 Horremus
1080 3614 1323 3695 quidem
1338 3613 1565 3690 dicere,
1588 3614 1695 3676 sed
1709 3617 2129 3697 compellimur

458 3724 493 3767 a
515 3713 611 3768 tua
630 3704 961 3786 impudenti
981 3702 1385 3783 improbitate.
1408 3702 2126 3787 Conaris|Christum,imo

457 3794 645 3875 ipsam
676 3794 853 3855 vitam
886 3811 990 3873 per
1017 3790 1420 3871 digestionem
1445 3791 1599 3853 sicut
1625 3812 1861 3855 caenum
1895 3794 2120 3858 olidum

459 3882 775 3944 demittere
794 3880 1147 3942 inlatrinam
1166 3929 1174 3939 .
1196 3879 1268 3941 Et
1296 3880 1396 3943 ubi
1423 3888 1534 3953 est,
1559 3882 1717 3960 quod
1741 3882 1889 3943 dixit
1914 3905 1927 3947 :
1954 3908 1981 3940 α
2013 3884 2125 3957 Qui

460 3971 775 4034 manducat
794 3988 1034 4031 carnem
1056 3987 1272 4044 meam,
1293 3979 1351 4031 et
1366 3969 1882 4050 bibitsanguinem
1899 3991 2120 4056 meum,

455 4057 518 4118 in
544 4074 643 4122 me
665 4065 951 4132 manet,et
991 4074 1102 4135 ego
1140 4059 1199 4117 in
1218 4057 1319 4117 eo?
1339 4081 1360 4113 ιο
1398 4056 1602 4137 (Joan.
1621 4058 1988 4139 vr,57.)Sine
2004 4080 2123 4142 qua

454 4145 780 4208 refectione
803 4146 943 4226 quia
964 4163 1080 4205 non
1104 4143 1360 4206 habetur
1380 4145 1520 4221 vita,
1547 4145 1676 4226 ipsa
1698 4146 1854 4222 Vita,
1882 4167 2014 4228 quae
2035 4168 2123 4222 est

2214 3073 2321 3143 tim
2352 3074 2675 3137 distribuit.
2706 3074 2877 3138 Unde
2934 3076 3141 3138 beatus
3191 3078 3540 3141 Alexander
3572 3086 3773 3156 martyr
3797 3082 3839 3134 et

2217 3181 2364 3243 papa
2389 3162 2436 3225 V
2458 3162 2529 3224 ab
2562 3164 2827 3244 apostolo
2850 3164 3046 3240 Petro,
3070 3166 3407 3247 passionem
3434 3169 3674 3230 Domini
3701 3167 3838 3226 iuse-

2213 3270 2355 3313 rens
2376 3253 2587 3313 canoni
2613 3253 2827 3328 missae,
2850 3273 2966 3314 non
2986 3255 3065 3316 ait
3092 3274 3104 3316 :
3134 3255 3255 3317 Hoc
3274 3258 3745 3336 quotiescunque
3771 3252 3837 3312 fe-

2214 3340 2435 3414 ceritis,
2452 3341 2557 3402 sed
2576 3367 2599 3395 α
2616 3341 2751 3403 Haec
2767 3344 3237 3425 quotiescunque
3276 3346 3569 3421 feceritis,
3590 3346 3648 3406 id
3662 3341 3838 3405 estbe-

2212 3429 2884 3507 nedixeritis,fregerilis
2899 3440 2958 3493 et
2976 3433 3493 3509 distribueritis,in
3509 3435 3626 3496 mei
3643 3448 3836 3495 memo-

2208 3518 2357 3579 riam
2380 3516 2634 3593 facietis,
2665 3544 2691 3573 ι)
2718 3518 2858 3598 quia
2874 3519 3182 3599 quodlibet
3204 3522 3417 3582 borum
3442 3523 3646 3590 trium.
3670 3521 3715 3580 si
3732 3517 3835 3578 sine

2208 3604 2453 3685 reliquis
2485 3608 2603 3681 fiat,
2635 3606 2867 3669 scilicet
2904 3608 3246 3670 benedictio
3280 3609 3410 3671 sine
3444 3607 3828 3671 distributione

2208 3704 2307 3756 aut
2332 3695 2544 3755 fractio
2575 3696 2703 3757 sine
2728 3696 3144 3759 benedictione
3166 3698 3683 3769 etdistributioue,
3712 3711 3826 3776 per-

2208 3782 2419 3844 fectam
2452 3782 2667 3844 Christi
2701 3784 3048 3845 memoriam
3091 3804 3208 3847 non
3241 3793 3676 3866 representant,
3703 3782 3828 3866 sicut

2205 3869 2542 3931 distributio
2563 3870 2722 3931 nulla
2735 3871 2865 3933 sine
2878 3865 3824 3942 benedictioueetfractione.Quod

2209 3968 2403 4020 autem
2427 3959 2694 4039 quotidie
2717 3968 2773 4021 et
2794 3969 3205 4043 quotacunque
3228 3963 3651 4038 boradiei,non
3664 3966 3823 4021 autem

2209 4048 2522 4111 solatertia
2545 4048 2867 4129 perfectam
2894 4049 3136 4115 missam
3169 4052 3417 4130 agimus,
3451 4050 3822 4115 auctoritatem

2208 4142 2482 4198 tenemus
2504 4154 2573 4199 ex
2597 4136 2792 4198 verbis
2815 4138 3003 4218 ipsius
3017 4140 3247 4201 Domini
3260 4141 3431 4219 juxta
3444 4141 3673 4203 beatum
3698 4139 3822 4199 Pau-

455 4234 750 4309 Christus,
773 4221 941 4314 quasi
966 4231 1225 4313 quodam
1244 4221 1640 4314 jurejurando
1662 4221 2023 4316 proteStatur
2040 4221 2127 4299 di.
2146 4308 2184 4316 _
2210 4226 2332 4285 lum
2354 4224 2613 4287 dicentis
2644 4247 2655 4283 ε
2682 4245 2710 4284 α
2731 4224 3045 4289 Hocfacile
3058 4231 3529 4310 quotiescunque
3542 4221 3822 4316 sumitisdﬂ

457 4339 627 4383 cens:
662 4308 918 4394 «Amen,
940 4308 1264 4384 amendico
1279 4308 1466 4398 vobis,
1490 4322 1605 4384 nisi
1622 4308 2127 4395 manducaveritis
2146 4308 2190 4357 D
2211 4332 2404 4375 meam
2427 4316 3054 4377 commemorationem
3084 4317 3151 4397 (Ῑ
3194 4319 3334 4382 00θί
3375 4308 3449 4379 Χι-
3482 4320 3603 4391 25)ο
3631 4342 3652 4373 ο
3686 4308 3823 4375 Unde

458 4409 835 4470 carnemFilii
848 4409 1615 4492 hominis,ethiberitisejus
1632 4412 2130 4490 sanguinem,non

455 4496 750 4582 habebitis
776 4496 952 4556 vitam
984 4496 1046 4556 in
1072 4496 1241 4557 vobis
1266 4498 1478 4576 (Ibid.,
1506 4502 1631 4579 54).
1657 4526 1683 4557 )›
1706 4502 2008 4582 Numquid
2031 4503 2128 4575 hic

453 4581 1213 4647 dixit:Simanducaveris
1262 4604 1503 4649 carnem
1553 4607 1747 4650 meam
1774 4598 1832 4650 et
1853 4581 2129 4661 b’iberitis

459 4672 817 4751 sanguinem
837 4690 1064 4749 meum,
1095 4672 1432 4736 dissolvetis
1443 4676 1739 4756 jejunium
1764 4677 1789 4741 ?
1808 4677 1879 4739 Et
1901 4678 2126 4741 utinam

2212 4421 2345 4463 mox
2370 4402 2528 4463 idem
2552 4403 2868 4483 Apostolus
2888 4413 3127 4466 secutus
3145 4407 3363 4486 adjecit
3387 4429 3400 4470 :
3421 4432 3450 4463 α
3467 4406 3818 4480 Quotiescun-

2210 4510 2327 4571 que
2358 4491 2790 4553 manducabitis
2813 4511 3024 4573 panem
3052 4495 3209 4556 hunc
3232 4504 3290 4556 et
3335 4497 3583 4558 calicem
3613 4486 3816 4559 bibetis,

2210 4588 2461 4642 mortem
2514 4580 2752 4642 Domini
2800 4582 3225 4646 annuntiabitis
3287 4585 3496 4663 (Ibid.,
3544 4586 3712 4657 26).»
3763 4573 3817 4636 El

2208 4638 2468 4750 graia};
2492 4638 2752 4733 {ob—{:2}!
2767 4638 3248 4754 υὲὶὶὲὶῖι”‹’ἰιέἷιὶξ’)ἐ
3289 4638 3818 4756 scilicet-judicare
3926 4638 3933 4756 ᾖ

451 4761 569 4824 hoc
593 4762 719 4823 solo
740 4768 1268 4849 sacramento,non
1290 4763 1360 4824 ad
1377 4764 1670 4843 judicium
1701 4774 2120 4849 nostrum,om.
2205 4760 2366 4849 γίνοε
2396 4767 2454 4849 9t
2509 4766 2797 4849 ῐηοτωοετ
2854 4758 3114 4823 Putasne
3166 4762 3385 4827 alicUbi
3440 4763 3681 4825 dixerit:
3715 4757 3813 4849 Ho‘j

450 4850 513 4912 ni
534 4851 680 4916 hora
698 4851 1122 4913 reﬁceremurl
1148 4848 1265 4912 Sed
1288 4838 1428 4931 quia
1450 4871 1700 4930 corpore
1719 4838 2114 4939 corruptibili,
2200 4848 2369 4939 facile
2399 4847 2548 4939 hora
2575 4847 2751 4939 tertia
2784 4847 2859 4939 i!_1_
2920 4868 3112 4911 meam
3172 4838 3812 4939 commemorationem?

454 4939 716 5001 etnimia
734 4940 973 5001 miseria
990 4940 1375 5003 conscientia:
1396 4950 1612 5005 nostra;
1660 4945 1904 5025 gravati,
1941 4947 2117 5008 etiam

448 5025 670 5088 bonum
686 5037 953 5090 nostrum
970 5028 1285 5109 nequimus
1297 5029 1614 5111 sutl‘erre,a
1626 5032 2118 5097 sanctisPatribus

450 5122 631 5178 certae
646 5116 720 5178 ad
748 5116 1201 5198 percipiendum
1221 5124 1446 5179 tantum
1474 5128 1911 5182 sacramentum
1953 5141 2108 5202 prae-

2200 4938 2331 4999 Non
2365 4935 2587 5017 utique,
2610 4936 2713 4997 sed
2739 4936 2961 4999 nullam
2994 4940 3199 5001 horam
3248 4949 3347 5002 aut
3392 4948 3654 5022 tempora
3674 4930 3804 4997 exci-

2201 5025 2370 5106 piens
2391 5025 2539 5086 dixit
2564 5043 2577 5086 :
2603 5026 3101 5108 Quotiescunque.
3129 5028 3251 5092 Nec
3275 5030 3403 5111 ipse
3450 5030 3660 5092 Paulus
3677 5024 3806 5105 jeju-

2196 5116 2296 5175 nia
2308 5114 2503 5194 aliqua
2522 5122 2621 5175 aut
2642 5124 2862 5176 certam
2882 5117 3211 5197 quamlibet
3231 5118 3629 5181 evolutionem
3649 5129 3802 5178 anno-

447 5204 575 5266 ﬁxae
598 5207 943 5268 sunthorae.
972 5205 1139 5278 Quod
1167 5225 1243 5268 ne
1262 5206 1510 5269 vilescat
1549 5208 1910 5286 carnalibus,
1946 5219 2004 5272 et
2049 5211 2111 5272 in
2194 5226 2323 5270 rum
2351 5208 2663 5270 attendens
2700 5208 2780 5269 ait
2813 5229 2827 5271 :
2881 5209 3363 5292 Quotiescunque
3416 5231 3521 5293 per
3551 5221 3633 5274 tot
3654 5218 3804 5272 annos

446 5293 833 5374 percipiendo
850 5313 1046 5357 escam
1062 5295 2116 5380 spiritussubmurmuretaliquiscar.
2195 5297 2342 5358 hora
2366 5315 2522 5358 nona
2555 5296 2988 5360 manducabitis
3020 5318 3231 5379 panem
3266 5303 3447 5363 hunc.
3507 5314 3568 5362 et
3596 5299 3801 5365 calicem

448 5380 542 5442 nis
564 5384 886 5462 appetitus,
912 5401 1044 5445 cum
1069 5401 1299 5447 summa
1325 5387 1603 5464 parcitate
1636 5396 2108 5467 praegustamus;

2198 5385 2436 5461 bibetis,
2489 5397 2744 5447 mortem
2797 5385 3034 5449 Domini
3079 5390 3556 5466 annuntiabitis;
3609 5386 3701 5453 sed
3726 5382 3799 5444 in-

446 5467 652 5530 videre
680 5470 1090 5532 tantummodo
1111 5472 1422 5551 cupientes
1452 5492 1628 5555 quam
1657 5476 1851 5537 suavis
1881 5484 1971 5538 est
1999 5476 2111 5538 Do-
2191 5472 2537 5535 ditl‘ereuter
2564 5495 2576 5537 :
2614 5473 3089 5556 Quotiescunque
3119 5499 3135 5553 ;
3163 5487 3222 5540 et
3243 5480 3445 5542 Donec
3473 5483 3687 5543 veniat.

448 5556 668 5633 minus,
690 5558 861 5637 cujus
876 5558 1045 5639 panis
1067 5578 1192 5623 non
1205 5561 1353 5639 vult,
1374 5563 1549 5626 sicuti
1570 5583 1681 5626 nec
1704 5582 1922 5629 manna
1943 5565 2110 5629 fasti-

2270 5561 2471 5627 XXIV.
2497 5563 2617 5626 Nec
2648 5564 2949 5627 nescimus
2974 5578 3209 5631 sanctos
3254 5570 3459 5632 Patres
3479 5570 3598 5632 diei
3628 5557 3793 5631 Domi-
