4052 6134
226 334 382 401 1033
1564 334 1869 401 CONTRA

1956 335 2288 400 lICETAM.
3451 342 3606 408 1034

224 470 375 532 nicas
388 479 445 531 et
462 470 892 551 pmcipuarum
916 469 1354 531 solemnitatum
1379 470 1870 532 missasborater-
1887 474 1932 523 Α
1952 484 2129 530 unam
2152 466 2515 531 oblationem
2549 469 2838 533 videmini
2874 469 2966 532 bis
3003 470 3320 536 oﬁ'erre.Et
3353 492 3458 537 cor
3483 494 3604 539 non

224 561 302 620 tia
323 559 657 620 celebrasse
680 558 1159 637 solitos,propter
1170 556 1423 637 Spiritus
1435 558 1623 621 sancti
1634 556 1873 619 eﬂ‘usio-
1951 555 2283 619 attendistis
2309 557 2371 619 in
2396 558 2644 637 epistola
2668 578 2834 640 papae
2854 558 3198 641 Clementis,
3217 563 3386 642 cujus
3408 564 3599 627 tradi-

224 666 360 709 nem
392 646 536 707 hora
569 647 741 707 tertia
770 646 831 707 in
862 644 1208 726 discipulos,
1238 655 1295 708 et
1326 649 1438 710 hoc
1459 646 1769 709 mandasse
1796 647 1868 707 ad
1953 644 2161 720 tiones,
2186 654 2252 706 ut
2284 647 2523 726 putatis,
2560 656 2766 710 contra
2803 664 2913 710 nos
2957 647 3299 731 defenditis,
3332 652 3488 732 quod
3518 652 3604 715 ibi

222 743 488 813 posteros
510 741 799 815 quatenus
829 734 931 794 illa
987 733 1162 795 unius
1195 734 1348 797 actio
1402 735 1597 797 missae
1626 733 1866 814 gemino
1949 735 2351 814 promulgasse
2374 737 2651 815 putatur?
2674 761 2701 793 α
2727 738 2923 812 Certe,
2950 736 3163 818 inquit,
3190 746 3352 800 tanta
3372 739 3434 801 in
3454 740 3598 804 alta-

224 823 531 902 privilegio
587 823 976 902 insigniretur
1030 844 1042 885 :
1100 824 1539 887 resurrectione
1589 822 1867 885 videlicet
1945 821 2034 883 rio
2066 822 2406 886 holocausta
2430 826 2702 901 offerant,
2726 833 2947 907 quanta
2966 826 3470 907 populosufﬁcere
3492 829 3601 892 de-

222 912 775 974 Cbristietadventu
800 912 1304 994 Paracleti,utque
1329 921 1572 994 propter
1584 911 1862 991 gaudium
1947 909 2318 983 beant.Quod
2343 913 2391 974 si
2413 915 2901 987 remanserint,in
2926 914 3250 977 crastinum
3273 935 3394 980 non
3407 935 3601 980 reser-

222 999 357 1061 festi
386 1000 751 1081 temporibus
777 1001 1181 1062 relaxarentur
1209 999 1860 1080 cunctisfrenajejunii.
1945 1000 2288 1081 ventur,sed
2314 1020 2447 1063 cum
2476 1002 2690 1065 timore
2709 1010 2768 1065 et
2792 1010 3049 1065 tremore
3071 1003 3428 1067 clericorum
3453 1024 3599 1069 cau-

224 1091 647 1152 Verumtamen
659 1090 773 1151 alia
788 1106 964 1151 causa
977 1089 1401 1151 estDominicae
1421 1090 1637 1170 diei,ac
1653 1089 1863 1150 solem-
1947 1087 2059 1148 tela
2071 1098 2131 1148 et
2150 1087 2460 1166 diligentia
2483 1099 2967 1154 consumantur.)
2987 1090 3080 1154 Ad
3105 1091 3229 1154 haec
3253 1093 3409 1175 quod
3427 1110 3594 1157 asse-

221 1185 435 1257 tatum,
454 1177 566 1238 alia
577 1178 945 1257 jejuniorum
972 1199 987 1255 ;
1012 1179 1059 1239 si
1086 1197 1224 1256 ergo
1258 1180 1406 1240 hora
1444 1197 1601 1240 nona
1629 1186 1729 1239 aut
1757 1196 1861 1239 ve-
1944 1174 2049 1251 ris,
2065 1194 2160 1238 vos
2181 1176 2254 1237 ab
2278 1177 2404 1258 ipsa
2426 1186 2629 1241 sancta
2653 1180 3082 1243 communione
3108 1174 3308 1242 statim
3336 1181 3413 1244 ad
3434 1201 3598 1245 com-

218 1265 486 1345 spertina
512 1265 723 1328 diebus
747 1267 1141 1346 jejuniorum,
1170 1268 1429 1346 perfecta
1446 1268 1635 1346 agitur
1660 1267 1857 1341 missa,
1946 1282 2154 1326 munes
2167 1264 2332 1326 cibos
2349 1267 2753 1342 transire,non
2770 1268 2856 1330 sic
2873 1269 3136 1331 sensisse
3151 1268 3305 1331 idem
3318 1270 3597 1334 Clemens

219 1354 381 1415 nulla
412 1356 616 1434 procul
644 1355 824 1417 dubio
850 1356 989 1417 inde
1020 1356 1389 1418 contrahitur
1423 1375 1600 1431 noxa,
1637 1357 1773 1436 quia
1803 1367 1863 1417 et
1944 1353 2245 1416 invenitur
2268 1354 2328 1415 in
2354 1355 2588 1435 praefata
2614 1356 3208 1437 epistola,ubidehis
3229 1358 3332 1439 qui
3351 1358 3596 1424 residua

217 1441 579 1504 Dominusin
593 1462 761 1505 omna
772 1445 843 1505 ad
864 1462 1178 1524 vesperum
1201 1445 1449 1526 primam
1465 1453 1523 1507 et
1546 1445 1861 1527 perfectam
1944 1443 2215 1504 sacriﬁcii
2240 1446 2724 1524 consumpserint
2751 1445 3008 1527 subjecit
3032 1463 3045 1508 :
3072 1471 3100 1502 α
3125 1445 3239 1519 Qui
3255 1454 3479 1529 autem,
3502 1447 3595 1510 in-

216 1531 791 1594 administrationem
814 1535 956 1595 tanti
977 1534 1331 1596 sacramenti
1358 1534 1669 1613 discipulis
1689 1533 1861 1595 insti-
1944 1531 2336 1610 quit,residua
2355 1534 2623 1613 corporis
2635 1533 2872 1597 Domini
2886 1553 3017 1616 quae
3032 1534 3095 1596 in
3108 1535 3370 1599 sacrario
3384 1536 3593 1600 relicta

218 1620 354 1701 tuit,
393 1628 453 1681 et
481 1620 627 1681 hora
651 1639 808 1681 nona
830 1620 1103 1701 spiritum
1129 1621 1369 1683 tradens
1391 1622 1750 1684 sacriﬁcium
1766 1640 1860 1682 ve-
1944 1627 2083 1679 sunt
2103 1629 2610 1702 consumunt,non
2632 1624 2832 1684 statim
2846 1624 2922 1686 ad
2934 1625 3593 1705 communesaccipien-

215 1707 843 1801 spertinumexpansis
864 1710 1139 1771 manibus
1159 1711 1219 1770 in
1243 1728 1446 1791 cruce,
1472 1720 1531 1772 et
1560 1711 1861 1790 praemissa
1882 1752 1921 1801 Β
1945 1710 2086 1768 dum
2127 1709 2293 1770 cibos
2323 1710 2700 1785 conveniant,
2752 1730 2829 1773 ne
2862 1720 3069 1792 putent
3098 1721 3304 1775 sancta
3333 1713 3592 1794 portioni

219 1794 490 1856 oratione
512 1796 583 1856 ad
604 1798 836 1858 Patrem
858 1798 1309 1858 consummavit.
1331 1797 1648 1878 Propterea
1659 1818 1860 1878 quam-
1885 1794 1919 1801 ”
1944 1814 2076 1857 esse
2097 1797 2567 1859 commiscendos
2596 1799 2763 1861 cibos
2782 1804 2879 1880 qui
2904 1801 3338 1881 peraqualiculi
3354 1809 3591 1879 egestus

217 1884 308 1944 vis
336 1883 483 1944 hora
503 1883 679 1944 tertia
696 1895 757 1946 et
780 1902 933 1946 nona
948 1892 1193 1966 propter
1213 1886 1580 1966 supradictas
1601 1887 1862 1950 rationes
1943 1887 2003 1947 in
2022 1903 2323 1948 secessum
2354 1886 2702 1951 funduntur.
2740 1886 2803 1950 Si
2830 1889 3008 1968 igitur
3054 1907 3228 1951 mane
3281 1889 3593 1953 Dominica

218 1972 340 2031 sint
368 1971 629 2051 aptiores
652 1973 966 2035 missarum
996 1976 1241 2055 actioni,
1267 1975 1738 2056 quotiescunque
1769 1982 1859 2036 ta-
1945 1974 2138 2054 portio
2158 1974 2219 2035 in
2240 1975 2499 2036 sacrario
2527 1974 2757 2052 edatur,
2773 1994 2960 2057 usque
2989 1976 3050 2037 in
3065 1982 3290 2039 sextam
3306 1976 3589 2055 jejunent

218 2077 359 2121 men
392 2060 556 2121 horis
585 2061 714 2122 aliis
732 2062 1660 2141 liuntoccupationeitineris,aut
1679 2067 1863 2140 gratia
1948 2062 2202 2123 ministri
2234 2063 2335 2143 qui
2367 2064 2493 2125 haec
2524 2065 3026 2144 consumpserint.
3059 2064 3129 2127 Et
3179 2067 3227 2127 si
3276 2064 3452 2127 tertia
3481 2072 3586 2129 aut

219 2148 545 2227 cujuslibet
574 2150 1478 2231 necessariaerei,inmemoriam
1499 2153 1647 2214 ﬁunt
1667 2151 1865 2215 Chris—
1945 2160 2171 2231 quarta,
2199 2152 2474 2231 jejunent
2521 2172 2711 2234 usque
2766 2154 2828 2215 in
2877 2170 3215 2235 vesperum.
3260 2152 3326 2214 In
3371 2152 3589 2234 quibus

219 2238 288 2311 ti;
315 2255 423 2298 nec
448 2237 697 2298 violatur
729 2238 865 2302 inde
895 2238 1203 2315 integritas
1218 2239 1633 2318 jejunii.Quod
1663 2241 1863 2321 utique
1947 2258 2088 2303 sane
2114 2240 2511 2322 verbisliquet
2533 2241 2689 2322 quod
2711 2260 2830 2303 non
2852 2242 3044 2304 solum
3079 2243 3226 2304 hora
3251 2241 3446 2318 tertia,
3481 2241 3590 2305 sed

220 2325 426 2387 beatus
444 2324 846 2405 Telesphorus
859 2345 1008 2407 papa
1024 2345 1056 2387 a
1074 2327 1250 2389 Petro
1269 2329 1556 2407 septimus
1573 2330 1859 2405 sentiens,
1949 2327 2126 2390 etiam
2159 2346 2335 2391 mane
2362 2330 2508 2390 hora
2524 2337 2735 2409 quarta
2757 2330 2968 2392 missas
2990 2330 3120 2393 ﬁeri
3136 2330 3590 2411 licet,quodque

218 2415 396 2476 etiam
420 2423 592 2478 nocte
609 2413 937 2476 Nativitatis
960 2415 1193 2477 Domini
1216 2417 1425 2480 missas
1444 2417 1735 2480 celebrari
1766 2418 1863 2479 in-
1949 2434 2016 2477 ex
2038 2417 2330 2478 sacriﬁcio
2336 2418 2631 2497 jejunium
2647 2436 2766 2480 non
2782 2418 3336 2500 solvitur,dumillic
3348 2418 3585 2495 dicitur,

219 2503 428 2577 stituit,
465 2521 575 2564 nec
598 2504 778 2564 ullam
801 2504 1225 2566 resolutionem
1251 2505 1467 2585 jejunii
1501 2514 1638 2568 ante
1663 2507 1864 2568 horam
1950 2506 2119 2585 utqui
2134 2506 3133 2587 consumpserintusqueadsextam
3147 2506 3238 2568 vel
3255 2524 3588 2588 vesperam:

223 2592 460 2652 tertiam
495 2599 551 2653 et
579 2591 853 2653 diurnam
906 2592 1146 2654 missam
1204 2593 1344 2654 inde
1382 2594 1534 2671 ﬁeri,
1569 2595 1720 2657 sicut
1764 2614 1867 2657 vos
1944 2594 2163 2675 alioqui
2201 2594 2496 2674 quomodo
2530 2594 2961 2676 jejunabant,si
3008 2612 3080 2657 ex
3112 2594 3589 2675 sacriﬁciojeju-

223 2699 502 2760 perverse
532 2682 771 2761 putatis,
807 2680 1025 2742 timuit.
1060 2682 1253 2744 Dicite
1274 2690 1493 2757 autem,
1519 2683 1572 2745 si
1596 2684 1861 2765 potestis,
1946 2682 2107 2743 nium
2126 2682 2455 2744 solverunt?
2487 2684 2716 2745 Deinde
2747 2683 3167 2746 abstinentiam
3189 2683 3587 2765 paucissimo-

223 2787 330 2829 cur
346 2766 665 2829 Sabbatum
688 2776 746 2829 et
766 2776 992 2830 caeterae
1018 2777 1177 2831 extra
1193 2768 1559 2833 Dominicam
1580 2771 1741 2834 feria;
1762 2772 1866 2833 ho-
1942 2787 2074 2832 rum
2090 2770 2261 2832 nobis
2276 2771 3228 2851 pmdicantes,tacetisingluviem
3244 2771 3588 2848 multorum,

222 2875 289 2918 ra
315 2858 484 2918 tertia
507 2857 746 2917 missam
772 2856 1031 2918 debeant
1053 2857 1293 2935 habere,
1320 2878 1453 2920 cum
1485 2859 1547 2921 in
1578 2861 1663 2922 eis
1684 2861 1864 2941 Spiri-
1946 2858 2047 2939 qui
2070 2867 2167 2920 aut
2178 2877 2385 2938 parum
2406 2867 2505 2927 aut
2524 2859 3447 2941 nihilQuadragesimalisjejunii
3464 2859 3589 2923 Deo

224 2956 317 3008 tus
337 2955 543 3008 anctus
561 2946 1869 3029 nonlegaturdescendisseltaquenos,sicut
1950 2947 2226 3022 offerunt,
2250 2947 2388 3009 dum
2418 2967 2452 3009 a
2479 2948 2672 3027 primo
2701 2967 2875 3011 mane
2900 2968 3089 3030 usque
3119 2967 3431 3030 vesperum
3461 2965 3592 3010 cra-

221 3053 404 3129 supra
419 3035 975 3129 oste_n_ditur,divi_na
1004 3036 1351 3129 auctoritate
1373 3037 1751 3113 subnixi,nec
1768 3040 1865 3118 je-
1885 3080 1924 3129 ο
1952 3035 2141 3129 pulari
2167 3054 2286 3129 non
2316 3044 2589 3129 metuunt
2623 3055 2734 3129 nec
2783 3036 3382 3129 erubescunt._Ali_qui
3411 3035 3589 3099 etiam

213 3122 815 3203 juniaresolvimusin
828 3123 1229 3185 celebratione
1243 3124 1866 3207 missaequotacunque
1890 3122 1924 3129 “
1948 3124 2019 3186 ad
2050 3124 2372 3185 Ecclesiam
2417 3124 2720 3203 legumina
2749 3134 2801 3186 et
2836 3125 2950 3187 alia
2980 3124 3226 3187 obsonia
3256 3124 3593 3187 deferentes

222 3213 371 3273 hora
391 3212 511 3274 diei
534 3213 631 3293 ﬁt;
661 3230 773 3273 nec
806 3214 864 3273 in
898 3213 1095 3293 aliquo
1129 3212 1389 3275 natalitio
1407 3214 1867 3294 martyrum,sed
1948 3212 2097 3273 inibi
2128 3213 2590 3288 comedunt,nec
2620 3214 2865 3276 Paulum
2898 3215 3210 3277 attendunt
3235 3212 3535 3277 dicentem
3568 3230 3585 3277 :

225 3320 337 3363 nec
355 3301 416 3361 in
437 3300 907 3363 Annuntiatione
928 3301 1125 3362 Mariae
1139 3301 1477 3381 virginis.Et
1499 3301 1635 3364 ideo
1651 3304 1870 3366 nullius

226 3388 578 3451 universalis
597 3389 806 3470 synodi
837 3389 1219 3470 percellimur
1246 3392 1642 3453 anathemate.
1665 3395 1871 3455 Cmteri

224 3487 423 3540 autem
458 3477 723 3558 quamvis
753 3485 1087 3539 sanctorum
1121 3480 1359 3540 Patrum
1389 3488 1732 3556 conventus,
1753 3480 1871 3542 etsi

227 3573 550 3648 potuerunt
589 3567 663 3628 de
694 3565 940 3628 utilitate
988 3574 1046 3628 et
1102 3568 1544 3629 conversatione
1569 3567 1870 3630 Ecclesia-

225 3673 359 3717 rum
382 3673 617 3717 suarum
652 3662 925 3728 tractare,
948 3656 1140 3716 nullas
1161 3662 1356 3717 tamen
1380 3656 1731 3719 traditiones
1748 3657 1874 3718 uni-

225 3743 728 3806 versaliEcclesiae
742 3746 1065 3825 praeﬁgere.
1078 3746 1162 3807 De
1180 3763 1331 3825 papa
1351 3764 1586 3826 quoque
1604 3746 1869 3823 Agatho-

227 3852 305 3895 ne
333 3833 576 3895 omnino
607 3833 827 3895 scimus
848 3833 985 3914 quia
1012 3852 1121 3894 nec
1143 3842 1319 3895 sextae
1338 3835 1560 3913 synodo
1582 3853 1686 3914 per
1708 3836 1868 3914 seip-

227 3940 357 3983 sum
381 3921 678 4002 prmsedit,
699 3940 809 3982 nec
829 3921 1125 4001 aliquibus
1140 3921 1411 4000 capitulis
1428 3922 1554 4001 ejus
1574 3922 1874 4003 subscrip-

227 4010 325 4085 sit,
348 4010 461 4071 nisi
476 4028 603 4090 qua;
622 4010 989 4090 promulgata
1010 4009 1541 4071 fueruntadversus
1565 4012 1869 4073 Monothe—

226 4098 468 4160 litarum
480 4096 903 4160 haeresim.Vos
920 4097 1112 4159 videte
1123 4097 1281 4158 unde
1298 4098 1423 4159 haec
1441 4116 1571 4177 qua:
1593 4100 1872 4178 proponi-

228 4188 301 4246 tis
322 4184 614 4266 habeatis,
635 4184 773 4266 quia
813 4183 1082 4247 Ecclesia
1104 4188 1376 4246 Romana
1407 4185 1545 4247 talia
1582 4186 1869 4248 hactenus

226 4272 671 4352 iguoravit.Nec
693 4272 860 4336 credi
884 4281 1076 4353 potest
1097 4280 1228 4354 post
1248 4279 1332 4335 tot
1351 4292 1538 4335 annos
1560 4275 1868 4337 Romano-

226 4380 354 4423 rum
381 4362 721 4443 pontiﬁcem
735 4359 956 4424 Graecis
973 4361 1377 4441 promulgasse
1389 4362 1620 4442 aliquas
1640 4362 1715 4424 de
1731 4362 1873 4425 mis-

1958 3324 1980 3358 α
2008 3301 2119 3374 Qui
2144 3302 2355 3376 esurit,
2391 3301 2551 3363 domi
2585 3304 2903 3366 manducet
2928 3303 2984 3383 (l
3006 3304 3144 3367 Cor.
3168 3319 3247 3377 χι,
3272 3303 3400 3384 34);
3431 3324 3456 3361 ι
3488 3309 3585 3366 et:

1958 3410 1985 3449 σ
2013 3390 2290 3471 Nunquid
2323 3390 2531 3451 domos
2553 3410 2672 3452 non
2694 3390 2925 3453 habetis
2936 3390 3011 3453 ad
3027 3390 3505 3454 manducandum
3527 3396 3589 3452 et

1953 3478 2310 3541 bibendum?
2332 3487 2428 3539 aut
2452 3477 2775 3541 Ecclesiam
2804 3479 2910 3540 Dei
2940 3477 3339 3552 contemnitis,
3367 3486 3425 3539 et
3444 3495 3592 3539 con-

1953 3566 2195 3630 funditis
2208 3585 2308 3629 eos
2321 3566 2423 3646 qui
2444 3586 2563 3628 non
2580 3567 2863 3629 habent?»
2883 3566 3068 3645 (Ibid.
3084 3566 3183 3648 2'2)
3198 3568 3296 3629 .At
3317 3584 3425 3627 nos
3439 3564 3594 3639 Qua-

1953 3655 2344 3734 dragesimam
2370 3656 2547 3716 unius
2577 3656 2943 3736 septimana,
2968 3673 3140 3737 quam
3164 3654 3361 3716 dicitis
3403 3653 3595 3717 sancti

1953 3741 2833 3820 Theodori,nescientes,solam
2855 3741 3376 3821 Quadregesimam
3394 3740 3595 3803 Domi-

1952 3829 2014 3890 ni
2036 3829 2221 3891 nostri
2243 3828 2272 3892 J
2280 3846 2382 3889 esu
2400 3830 2617 3892 Christi
2641 3830 3026 3911 quadraginta
3052 3830 3264 3893 diebus
3278 3829 3595 3910 diligenter

1952 3917 2265 3978 observare
2289 3918 2727 3995 contendimus,
2755 3938 2928 3999 quam
2964 3928 3029 3979 ut
3066 3918 3301 3998 aliquis,
3344 3925 3593 4000 excepta

1950 4005 2109 4085 gravi
2130 4004 2494 4083 inﬁrmitate,
2510 4007 2569 4067 in
2583 4007 2781 4088 aliquo
2802 4007 3084 4086 infringat
3103 4006 3355 4069 sufferre
3373 4008 3594 4088 nequi-

1955 4112 2110 4156 mus.
2141 4093 2261 4155 Nec
2292 4093 2431 4157 licet
2463 4094 2736 4175 cuiquam
2763 4095 2917 4176 apud
2945 4114 3072 4177 nos,
3100 4096 3254 4157 sicut
3276 4094 3436 4175 apud
3459 4112 3588 4171 vos,

1954 4190 2085 4262 post
2110 4200 2291 4244 unam
2338 4182 2729 4245 refectionem
2781 4183 3103 4264 quidquam
3154 4200 3466 4263 pomorum
3494 4190 3597 4247 aut

1956 4269 2274 4333 herbarum
2306 4270 2516 4333 diebus
2538 4272 2907 4352 jejuniorum
2938 4271 3273 4353 percipere.

2034 4357 2210 4422 XXV.
2236 4358 2386 4421 Hinc
2412 4360 2852 4441 perpendentes
2881 4379 2915 4422 a
2944 4368 3002 4422 te
3033 4368 3151 4422 tam
3175 4374 3455 4440 perverse
3483 4357 3597 4424 de-

227 4469 292 4512 sa
314 4449 1011 4514 observationes.Deinde
1030 4449 1206 4511 ritum
1238 4457 1449 4512 vestrae
1482 4450 1712 4513 discere
1752 4469 1868 4512 non
1892 4461 1934 4511 D
1954 4447 2117 4509 fendi
2147 4447 2440 4510 adulteria
2467 4448 2661 4528 potius
2691 4466 2869 4529 quam
2920 4448 3157 4529 nuptias
3198 4448 3598 4525 sacerdotum,

227 4539 675 4620 curamus,quia
697 4537 1001 4599 minimam
1025 4537 1313 4601 cautelam
1340 4545 1398 4599 et
1420 4538 1737 4599 maximam
1758 4557 1871 4600 ne-

226 4629 568 4709 gligentiam
584 4628 849 4689 eiinesse
871 4626 1455 4704 cognoscimus,dum
1481 4634 1748 4688 sanctum
1774 4644 1874 4705 pa-

227 4735 363 4778 nem
394 4718 734 4797 frangentes
760 4722 817 4777 et
840 4723 1165 4790 sumentes,
1198 4714 1338 4775 hinc
1362 4714 1502 4776 inde
1526 4714 1874 4778 decidentes

230 4806 415 4867 micas
446 4824 563 4866 non
592 4805 834 4867 curatis.
868 4802 1034 4875 Quod
1084 4803 1263 4866 etiam
1298 4803 1449 4865 solet
1499 4803 1864 4883 contingere,

228 4895 371 4955 dum
402 4893 633 4973 patinas
663 4900 895 4956 sanctas
913 4892 1069 4954 foliis
1095 4893 1424 4973 palmarum
1456 4901 1515 4955 et
1552 4911 1866 4972 porcorum

229 4983 373 5043 setis
396 4982 613 5043 fricatis
641 4981 976 5043 inhoneste.
997 4981 1165 5043 Multi
1185 4998 1420 5062 quoque
1463 4989 1718 5042 vestrum
1752 4988 1867 5042 tam

230 5072 601 5131 ireverenter
649 5087 863 5150 corpus
900 5069 1117 5131 Christi
1156 5076 1473 5149 reponunt,
1510 5077 1573 5131 ut
1631 5069 1869 5149 pyxides

232 5157 373 5220 inde
396 5158 720 5235 cumulent,
754 5165 813 5219 et
831 5174 903 5218 ne
923 5158 1158 5219 decidat
1186 5166 1284 5219 aut
1313 5158 1660 5237 superﬂuat,
1695 5175 1869 5218 manu

232 5248 547 5310 inculcant.
572 5247 871 5329 Reliquias
895 5266 1128 5328 quoque
1160 5247 1489 5321 oblationis,
1526 5246 1684 5307 velut
1714 5264 1871 5307 com-

232 5354 440 5399 munes
473 5355 1110 5418 panes,nonnunquam
1136 5354 1321 5416 usque
1349 5335 1421 5396 ad
1444 5333 1740 5396 fastidium
1765 5353 1868 5395 su-

229 5435 423 5490 munt.
448 5425 518 5488 Et
543 5427 593 5489 si
615 5445 856 5489 sumere
879 5446 995 5488 non
1016 5424 1337 5499 sufﬁciunt,
1374 5422 1737 5501 subterrant,
1772 5430 1874 5483 aut

231 5519 291 5576 in
321 5515 980 5597 puteumprojiciunt.Si
1009 5522 1233 5589 autem,
1258 5520 1321 5574 ut
1339 5512 1733 5589 ilicis,panem
1748 5510 1871 5589 jam

230 5604 465 5688 pridem
476 5604 739 5668 oblatum
756 5613 814 5666 et
834 5604 1261 5666 sanctiﬁcatum
1276 5600 1541 5663 exaltatis
1553 5600 1739 5662 altera
1749 5598 1870 5679 die,

552 5754 818 5818 Ρλτιιοι..
853 5755 963 5817 Gn.
1009 5753 1192 5817 CXX.

1955 4535 2310 4597 arbitramur
2338 4536 2411 4596 ab
2434 4536 2654 4611 inferis
2685 4537 3004 4599 emersisse
3036 4537 3371 4617 principem
3416 4536 3598 4615 hujus

1956 4624 2202 4685 haeresis
2215 4623 2533 4686 nefandum
2558 4625 2867 4687 diaconum
2882 4624 3187 4687 Nicolaum
3199 4672 3213 4687 .
3228 4624 3315 4686 De
3331 4642 3446 4704 quo
3462 4622 3599 4704 Epi-

1957 4710 2209 4790 phanius
2231 4719 2426 4774 vester
2455 4712 2539 4774 sic
2570 4712 2840 4793 scripsit:
2878 4736 2905 4768 α
2931 4711 3150 4784 Quarta
3178 4710 3599 4773 Nicolaitarum

1954 4817 1989 4860 a
2007 4798 2247 4861 Nicolao
2268 4800 2515 4863 haeresis
2539 4809 2627 4863 est
2647 4802 3111 4882 adinventa,uno
3137 4818 3207 4861 ex
3225 4806 3456 4879 septem
3478 4797 3598 4859 dia-

1948 4887 2199 4950 conibus
2215 4887 2288 4949 ab
2301 4890 2584 4969 apostolis
2595 4888 3016 4952 ordinato.lste
3033 4906 3167 4952 cum
3179 4887 3305 4949 zelo
3319 4885 3596 4967 pulcher-

1948 4979 2117 5039 rima;
2138 4978 2410 5057 conjugis
2431 4978 3020 5060 culparetur,docere
3040 4975 3221 5057 coepit
3236 4974 3591 5037 indifferen-

1952 5075 2041 5129 ter
2062 5066 2145 5126 uti
2168 5067 2543 5146 conjugibus,
2562 5086 2681 5129 non
2703 5065 2892 5127 solum
2918 5064 3125 5139 laicos,
3151 5062 3256 5124 sed
3290 5060 3467 5124 etiam
3493 5061 3598 5142 qui

1952 5153 2265 5217 sacerdotii
2282 5155 2667 5233 fungerentur
2688 5152 3032 5216 otﬁcio.Hos
3043 5149 3341 5213 damnavit
3354 5156 3599 5213 sanctus

1953 5241 2313 5321 evangelista
2344 5251 2402 5304 et
2426 5243 2724 5324 apostolus
2753 5240 3034 5315 Joannes,
3068 5246 3127 5300 et
3149 5238 3329 5318 jussit
3356 5245 3423 5298 ut
3452 5237 3594 5318 qui-

1953 5348 2186 5411 cunque
2217 5349 2351 5391 cum
2382 5331 2468 5393 eis
2497 5331 2587 5392 vel
2619 5345 2957 5390 sermonem
3002 5324 3284 5406 colloquii
3313 5324 3596 5386 miscuis-

1954 5429 2107 5494 sent,
2135 5438 2204 5481 ex
2234 5422 2345 5481 hoc
2374 5422 2505 5501 ipso
2536 5417 2959 5481 communione
2988 5415 3323 5497 privandos.
3356 5417 3594 5476 Docens

1954 5507 2392 5570 rationabiliter
2422 5528 2455 5570 a
2485 5507 2695 5570 mundi
2716 5504 2951 5585 origine
2974 5505 3097 5567 Deo
3116 5502 3442 5566 castitatem
3467 5502 3595 5583 plu-

1955 5597 2173 5659 rimum
2188 5597 2503 5677 placuisse.
2516 5595 2686 5657 Tunc
2697 5592 2951 5656 etiamin
2964 5594 3162 5675 seipso
3176 5591 3476 5656 Christum
3489 5589 3601 5654 Dei

3206 5734 3283 5799 33
