4052 6134
498 329 663 396 ’1035

1557 334 1965 398 HUMBERTI
2014 336 2073 397 S.
2123 335 2194 394 R.
2242 336 2309 395 Ε.
2360 335 2822 397 CARDINALIS

3732 335 3885 399 1036

502 464 716 527 Filium
737 464 1020 528 castitatis
1038 465 1285 544 gloriam
1310 463 1640 543 dedicasse,
1667 485 1825 542 cum,
1854 465 2140 545 virginem
2167 470 2201 517 Α
2228 462 2530 542 apostolos
2579 462 2830 540 legimus
2874 462 3089 543 egisse,
3141 463 3313 526 beato
3367 467 3553 528 Paulo
3583 464 3828 525 dicente
3859 485 3874 524 :

503 552 817 633 possidens
848 562 1096 616 matrem
1127 550 1289 633 virgo
1308 554 2150 634 mansurus,nullumdiscipu—

504 641 697 703 lorum
714 660 954 704 suorum
970 642 1387 705 commistione
1399 643 1577 705 etiam
1594 644 1856 723 legitima
1867 641 2152 723 conjugii-

503 730 591 792 uti
616 730 911 811 permisit,
936 731 1179 794 dicens:
1213 755 1240 786 α
1268 730 1333 793 Si
1356 732 1490 812 quis
1506 732 1626 794 vult
1647 741 1777 812 post
1805 751 1901 794 me
1922 732 2144 805 venire,

503 817 752 898 abneget
781 821 1162 900 semetipsum
1192 844 1214 877 ι
1237 819 1378 893 sibi,
1398 845 1421 876 «ι
1450 827 1509 882 et
1528 821 1693 883 tollat
1712 840 1950 883 crucem
1980 839 2146 881 suam

503 914 564 968 et
608 916 889 986 sequatur
942 926 1036 969 me
1091 907 1330 989 (Matth.
1377 926 1499 984 xvr,
1532 910 1659 989 24).
1694 934 1720 965 »
1757 908 1925 972 Unde
1982 909 2143 969 idem

501 994 787 1057 Dominus
813 995 985 1059 Jesus
1022 996 1084 1058 in
1111 998 1463 1079 Apocalypsi
1499 997 1850 1079 praecipiens
1879 997 2143 1077 apostolo

501 1082 717 1145 Joanni
759 1084 1022 1147 scribere
1050 1085 1263 1165 angelo
1293 1085 1534 1166 Ephesi,
1570 1088 1726 1148 inter
1755 1087 1873 1147 alia
1904 1086 2093 1166 inquit
2126 1103 2138 1146 :

511 1192 535 1228 ι
560 1170 687 1233 Hoc
715 1171 923 1247 habes,
950 1172 1088 1254 quia
1116 1173 1288 1235 odisti
1309 1173 1462 1236 facta
1481 1173 1922 1245 Nicolaitarum,
1939 1194 2069 1255 quae
2090 1182 2147 1234 et

510 1281 535 1317 ι
570 1277 679 1339 ego
711 1259 810 1322 odi
831 1262 1043 1342 (Apoc.
1066 1281 1130 1337 ιι,
1163 1262 1251 1342 6).
1286 1288 1313 1318 »
1348 1262 1500 1324 Hinc
1549 1264 1723 1325 etiam
1757 1264 1963 1342 angelo
2000 1262 2144 1323 Per-

501 1350 658 1428 gami
686 1348 831 1411 dicit
857 1371 870 1407 :
898 1373 925 1405 α
950 1348 1152 1413 Habeo
1174 1350 1487 1412 adversum
1517 1361 1571 1413 te
1597 1352 1947 1433 pauca,quia
1967 1351 2149 1412 habes

508 1458 533 1493 σ
572 1436 716 1500 illuc
746 1444 1019 1501 tenentes
1036 1439 1365 1501 doctrinam
1379 1439 1638 1521 Baalam,
1657 1441 1757 1521 qui
1776 1440 2021 1501 docebat
2042 1442 2148 1502 Ba-

508 1547 532 1583 ι
568 1524 693 1587 alae
724 1525 959 1591 mittere
986 1528 1332 1590 scandalum
1364 1548 1559 1591 coram
1593 1530 1732 1591 ﬁliis
1754 1529 2147 1608 Israel,edere

512 1633 537 1669 ι
575 1620 635 1675 et
650 1612 930 1677 fornicari
958 1636 973 1676 :
1007 1616 1087 1677 ita
1123 1616 1305 1679 habes
1336 1626 1394 1680 et
1414 1625 1478 1680 tu
1520 1626 1789 1680 tenentes
1819 1617 2144 1679 doctrinam

508 1720 539 1761 (
569 1699 990 1764 Nicolaitarum
1020 1703 1234 1783 (Ibid.,
1263 1706 1360 1774 14,
1401 1707 1520 1786 15).
1556 1730 1579 1764 ο

579 1788 787 1853 XXVI.
822 1773 1189 1853 Suﬂ‘ecerant
1213 1773 1453 1872 quidem
1476 1773 1633 1868 haec,
1669 1812 1701 1853 ο
1726 1792 2013 1853 Nicolaita
2043 1790 2140 1851 Ni-
2169 1773 2204 1820 Β

505 1878 736 1954 ceta,ad
757 1879 1225 1942 convincendum
1245 1899 1507 1943 errorem
1520 1882 1643 1962 ,sed
1660 1881 1798 1961 quia
1816 1879 2142 1941 canonibus

503 1966 615 2030 sub
644 1966 887 2030 nomine
915 1969 1253 2049 apostoloru
1268 1988 1317 2029 :r.
1334 1969 1510 2030 editis
1530 1988 1636 2030 nos
1654 1988 1867 2047 urgere
1893 1968 2136 2029 videris:

500 2073 797 2137 exponere
825 2055 937 2118 tibi
960 2065 1059 2118 tua
1079 2057 1335 2138 capitula
1368 2056 1761 2132 decrevimus,
1785 2059 2049 2137 quamvis
2074 2075 2143 2116 ea

494 2143 656 2206 inter
670 2146 1002 2226 apocrypha
1029 2164 1216 2227 usque
1244 2165 1403 2208 nunc
1436 2164 1647 2225 magna
1678 2164 1746 2206 ex
1778 2153 1944 2223 parte
1967 2162 2135 2205 com-

500 2231 917 2313 putaverimus,
941 2240 1005 2294 ut
1024 2242 1229 2313 aperte
1244 2243 1632 2313 cognoscatur
1657 2252 1768 2295 nec
1784 2233 2137 2313 apocryphis

500 2339 611 2383 nec
621 2320 980 2384 authenticis
990 2339 1090 2383 vos
1099 2330 1322 2385 vestras
1334 2322 1588 2403 ineptias
1600 2340 1775 2403 posse
1788 2322 2135 2383 defendere.

497 2412 650 2473 Ante
678 2410 877 2472 omnia
898 2417 1094 2472 autem
1113 2411 1567 2492 comprobemus
1591 2420 1648 2473 te
1670 2430 1800 2472 esse
1827 2410 2137 2472 mentitum

497 2496 613 2579 ipsi
642 2497 891 2575 veritati,
916 2498 977 2559 in
1002 2517 1071 2561 eo
1101 2500 1256 2579 quod
1288 2499 1491 2561 dixisti
1521 2508 1753 2561 nostros
1780 2498 1940 2579 prius
1970 2497 2134 2559 ordiu

497 2586 650 2661 nari,
679 2586 897 2649 deinde
926 2606 1137 2650 uxores
1160 2588 1383 2651 sortiri.
1413 2588 1559 2661 Quia
1589 2588 1741 2668 apud
1775 2605 1880 2650 nos
1912 2605 2023 2648 nec
2063 2587 2133 2647 ad

499 2673 955 2737 subdiaconatus
1004 2676 1248 2755 gradum
1293 2678 1603 2758 quisquam
1636 2676 1988 2755 admittitur,
2024 2676 2137 2739 nisi

500 2769 848 2843 perpetuam
874 2765 1297 2828 continentiam
1332 2765 1511 2828 etiam
1537 2785 1571 2826 a
1598 2764 1835 2845 propria
1881 2764 2138 2843 conjuge

500 2850 868 2931 proﬁteatur.
883 2850 1006 2916 Nec
1027 2861 1162 2933 post
1190 2853 1434 2932 gradum
1463 2854 1736 2941 cuiquam
1768 2871 2009 2914 uxorem
2033 2854 2138 2941 du-

498 2957 638 3001 cere
683 2959 942 3021 unquam
995 2943 1362 3005 conceditur.
1399 2941 1515 3005 Sed
1567 2940 1641 3003 tu
1676 2942 1998 3003 Ecclesiam
2034 2940 2138 3002 Dei

498 3027 701 3090 volens
731 3029 970 3092 efficere
999 3048 1347 3110 synagogam
1398 3030 1626 3093 Satanae
1656 3036 1715 3093 et
1745 3030 2134 3111 prostibulum

497 3115 734 3179 Balaam
764 3127 821 3179 et
842 3117 1100 3194 Jezabel,
1136 3138 1270 3181 cum
1299 3117 1540 3181 Nicolao
1571 3119 1720 3180 dicis
1754 3138 1766 3181 :
1811 3142 1834 3175 α
1885 3118 2134 3199 Episco-

499 3224 636 3286 pum
655 3214 714 3268 et
733 3205 1139 3287 presbyterum
1153 3207 1533 3269 etdiaconum
1564 3206 1947 3285 dicimus,qui
1961 3226 2133 3268 unam

495 3292 678 3356 habet
707 3295 1541 3376 uxorem,ordinari,quamvis
1559 3295 1965 3356 vivanteorum
1986 3315 2133 3356 con-

490 3382 962 3464 juges,quamvis
985 3384 1301 3447 defunctae.
1338 3384 1458 3447 Nec
1487 3385 1625 3446 licet
1650 3403 1753 3446 eos
1775 3392 1904 3465 post
1926 3404 2134 3446 manus

496 3469 940 3549 impositionem
993 3471 1276 3552 innuptos
1312 3472 1855 3551 esse,necinsuper
1887 3471 1957 3532 ad
1992 3491 2135 3552 nup-

497 3557 610 3620 tias
640 3558 1489 3641 ire,autsinupserint,alteras
1502 3560 1905 3642 amplecti,sed
1921 3561 2142 3621 sufﬁce-

493 3664 561 3709 re
581 3648 667 3710 eis
679 3666 823 3728 quas
844 3649 1066 3710 habent
1088 3668 1220 3709 cum
1239 3649 1310 3711 ad
1329 3650 1760 3712 ordinationem
1785 3658 2133 3714 venerunt.»

494 3734 986 3798 Oabominabilis
1034 3738 1270 3817 Cyniee,
1324 3738 1618 3817 quomodo
1677 3757 1793 3798 non
1848 3737 2140 3799 erubuisli

492 3829 717 3886 tantum
739 3824 907 3887 nefas
929 3826 1234 3887 evomere?
1257 3830 1410 3903 Ergo
1437 3845 1554 3888 non
1578 3827 1717 3888 licet
1733 3827 1985 3905 aliquem
2009 3838 2141 3907 post

493 3928 702 3973 manus
727 3910 1169 3992 impositionem
1198 3913 1328 3975 sine
1359 3932 1539 3976 uxore
1592 3913 1772 3975 esse?
1821 3914 1879 3975 Si
1916 3919 2135 3982 italest.

492 3998 623 4080 ipse
651 3998 909 4065 Joannes
957 4001 1256 4082 apostolus
1305 4013 1362 4064 et
1409 4003 1621 4065 Paulus
1665 4011 1720 4063 et
1752 4002 2052 4064 Barnabas
2084 4017 2145 4070 et

492 4088 686 4149 omnis
714 4089 1022 4152 continens
1052 4090 1110 4150 in
1142 4090 1325 4168 gradu
1348 4090 1753 4153 ecclesiastico
1786 4091 1843 4151 in
1863 4092 2036 4170 culpa
2054 4100 2143 4154 est

493 4175 921 4256 proculdubio.
956 4177 1128 4241 Unde
1160 4196 1406 4242 necesse
1437 4191 1525 4243 est.
1552 4188 1615 4240 ut
1644 4182 1878 4241 futurus
1911 4181 2136 4260 episco-

495 4282 626 4345 pus,
685 4267 1010 4346 presbyter,
1074 4266 1361 4329 diaconus
1418 4276 1477 4329 et
1527 4268 1906 4346 sudiaconus,
1972 4269 2133 4348 prius

2237 573 2266 607 α
2300 549 2580 629 Nunquid
2602 570 2721 612 non
2739 551 3032 614 habemus
3056 560 3428 632 potestatem,
3463 572 3727 614 sororem
3757 573 3880 613 mu-

2231 637 2439 700 lierem
2478 639 2995 715 circumducendi,
3047 641 3201 703 sicut
3257 642 3476 705 fratres
3534 642 3773 703 Domini
3822 652 3879 705 et

2232 727 2493 807 Cephas?
2516 749 2543 787 »
2576 727 2638 807 (Ι
2653 727 2795 790 Cor.
2826 745 2910 804 1x,
2937 730 3029 805 5.)
3057 727 3208 792 Vide
3238 730 3553 811 insipiens,
3587 731 3725 811 quia
3761 749 3879 789 non

2230 815 2377 876 dixit
2403 835 2415 878 :
2443 816 2724 896 Nunquid
2758 836 2874 878 non
2905 817 3197 881 habemus
3225 828 3574 900 potestatem
3607 837 3874 880 sororem

2230 904 2539 965 mulierem
2571 905 3105 984 amplectendi,sed
3130 907 3880 980 circumducendi,scilicet

2229 1001 2290 1053 ut
2319 993 2393 1054 de
2429 996 2707 1054 mercede
2737 993 3175 1073 praedicationis
3200 1004 3636 1057 sustentaretur
3657 995 3731 1056 ab
3766 995 3876 1067 eis,

2227 1099 2337 1142 nec
2366 1089 2562 1143 tamen
2590 1082 2738 1143 foret
2770 1082 3051 1162 deinceps
3086 1083 3240 1145 inter
3263 1103 3365 1145 eos
3396 1085 3632 1146 carnale
3656 1085 3871 1162 conju-

2225 1169 2407 1247 gium.
2446 1176 2733 1231 Prmterea
2762 1189 2868 1232 cur
2896 1172 3110 1249 aliquis
3160 1172 3344 1234 laicus
3383 1182 3664 1234 uxoratus
3694 1172 3877 1233 dubi-

2233 1258 2377 1319 tabit
2426 1259 2499 1319 ad
2558 1260 2991 1320 ecclesiasticos
3023 1261 3242 1339 gradus
3269 1262 3617 1337 ascendere,
3653 1280 3793 1322 cum
3827 1261 3879 1321 ei

2233 1366 2368 1415 una.
2416 1348 2545 1408 sine
2576 1367 2690 1427 qua
2721 1367 2852 1409 esse
2881 1367 2998 1409 non
3032 1349 3228 1425 debet,
3264 1352 3446 1428 possit
3491 1351 3561 1411 ad
3604 1350 3878 1410 carnales

2231 1435 2536 1513 amplexus
2567 1435 2953 1498 sufﬁcere?Et
2976 1455 3159 1517 quare
3178 1441 3371 1518 tu,qui
3396 1448 3700 1518 tantopere
3734 1439 3875 1501 Cle-

2233 1524 2448 1584 mentis
2498 1527 2751 1603 capitula
2797 1526 3103 1605 proponis,
3140 1527 3446 1605 epistolam
3494 1528 3625 1605 ejus
3656 1527 3732 1587 de
3763 1545 3879 1606 qua

2231 1613 2503 1689 superius
2522 1613 2926 1686 diximus,non
2948 1614 3331 1678 attendis‘?lbi
3352 1616 3508 1677 enim
3531 1615 3612 1675 ita
3634 1615 3874 1676 dicitur:

2237 1728 2261 1755 (ς
2285 1700 2497 1762 Tribus
2520 1701 2798 1779 gradibus
2813 1702 3146 1762 divinorum
3172 1704 3485 1765 commissa
3499 1712 3875 1766 secretorum

2227 1799 2363 1850 sunt
2382 1800 2773 1862 sacramenta,
2800 1790 2857 1850 id
2881 1798 2988 1863 est,
3023 1791 3402 1870 presbyteris,
3439 1792 3799 1853 diaeonibus
3818 1802 3875 1853 et

2222 1877 2707 1940 subdiaconibus.
2723 1906 2747 1933 ι)
2761 1880 2830 1940 Et
2849 1887 2981 1959 post
3003 1898 3117 1939 non
3133 1881 3324 1944 nulla:
3353 1906 3377 1936 c
3405 1880 3873 1943 Ministrialtaris

2223 1967 2293 2027 ad
2316 1965 2780 2027 Dominicatales
2795 1968 3086 2046 eligantur
3110 1969 3329 2043 ofﬁcia,
3357 1970 3609 2049 quiante
3632 1970 3846 2030 ordina

2227 2054 2444 2115 tionem
2473 2056 3321 2134 conjugesnoverunt,scilicet
3341 2058 3390 2117 si
3411 2076 3659 2137 semper
3673 2058 3868 2119 conti-

2223 2162 2363 2204 nere
2378 2144 2463 2205 vol
2476 2146 2599 2205 ueri
2612 2144 2871 2216 nt.Quod
2887 2145 2936 2205 si
2952 2154 3079 2223 post
3095 2145 3530 2207 ordinationem
3555 2148 3870 2224 contigerit

2222 2232 2559 2293 ministrum
2579 2238 2828 2311 propriae
2844 2231 3123 2294 invadere
3143 2234 3337 2296 cubile
3352 2235 3550 2296 uxoris
3563 2235 3871 2297 secretarii

2222 2338 2340 2379 non
2389 2327 2540 2380 terat
2588 2320 2811 2395 limina,
2845 2339 2955 2380 nec
3003 2322 3279 2382 sacriﬁcii
3319 2323 3571 2401 portitor
3600 2324 3724 2396 ﬁat,
3760 2341 3870 2385 nec

2221 2407 2405 2469 altare
2431 2408 2759 2489 contingat,
2794 2427 2904 2469 nec
2929 2408 3001 2470 ab
3022 2409 3408 2471 offerentibus
3424 2410 3771 2473 holocausta
3784 2411 3871 2473 vel

2220 2495 2551 2557 oblationes
2611 2498 2915 2577 suscipiat,
2972 2514 3080 2559 nec
3130 2498 3202 2559 ad
3252 2497 3547 2560 Dominici
3599 2499 3870 2579 corporis

2221 2584 2553 2663 portionem
2570 2586 3071 2665 accedat.Aquam
3087 2586 3396 2647 sacerdotu
3408 2606 3460 2646 m
3481 2589 3738 2667 porrigat
3751 2606 3868 2649 ma-

2221 2671 2417 2750 nibus,
2443 2671 2589 2732 ostia
2612 2673 2945 2734 forinsecus
2983 2674 3234 2754 claudat;
3260 2675 3492 2736 minora
3514 2684 3736 2736 tantum
3757 2694 3862 2753 ge-

2221 2768 2310 2821 rat
2334 2760 2549 2833 oflicia,
2581 2780 2825 2822 urceum
2853 2780 2995 2823 sane
3026 2762 3095 2823 ad
3129 2762 3312 2824 altare
3337 2783 3455 2824 non
3495 2774 3793 2842 suggerat.
3833 2788 3855 2821 ι

2300 2848 2561 2911 XXVIII.
2587 2848 2769 2909 Porro
2795 2851 3052 2929 synodus
3082 2850 3321 2913 Nicwna
3348 2853 3583 2912 omnino
3607 2870 3861 2913 venera-

2220 2937 2354 2999 bilis
2380 2947 2436 2999 et
2465 2939 2823 3005 authentica,
2844 2940 2929 3001 sic
2959 2940 3034 3001 de
3065 2942 3187 3001 suis
3215 2941 3385 3013 actis,
3420 2940 3471 2999 id
3501 2947 3606 3011 est,
3634 2939 3855 3000 subin-

2218 3027 2505 3087 troductis
2536 3026 3155 3089 habetzaOmnimodis
3184 3026 3475 3089 interdicit
3501 3033 3699 3086 sancta
3740 3045 3844 3106 sy-

2155 3093 2193 3142 C
2219 3115 2499 3188 nodus,et
2524 3134 2717 3195 neque
2742 3116 3248 3197 episcopo,neque
3280 3114 3632 3196 presbytero,
3654 3093 3855 3194 nquie

2216 3203 2489 3280 diacono,
2522 3222 2716 3284 neque
2746 3205 2846 3264 ulli
2877 3204 3122 3265 omnino
3163 3204 3512 3266 clericorum
3572 3204 3863 3284 permittit

2217 3292 2439 3352 habere
2471 3311 2672 3353 secum
2710 3292 3021 3353 mulierem
3053 3292 3540 3367 extraneam,nisi
3569 3294 3720 3353 forte
3742 3311 3867 3353 ma-

2219 3388 2306 3441 ter
2323 3381 2666 3455 sit,sororve
2691 3390 2793 3442 aut
2816 3380 3095 3445 amita.Iu
3110 3382 3213 3443 .his
3232 3400 3486 3461 namque
3513 3381 3789 3461 personis
3810 3390 3867 3442 et

2225 3470 2432 3530 horum
2458 3468 2753 3531 similibus
2774 3471 2966 3532 omnis
2980 3470 3240 3551 suspicio
3262 3469 3738 3543 declinatur.Qui
3756 3489 3863 3532 au-

2226 3567 2341 3619 tem
2371 3560 2727 3640 prteteragit,
2753 3559 3182 3640 periclitabitur
3207 3559 3281 3620 de
3311 3560 3523 3620 ordine
3554 3577 3689 3621 suo.
3714 3583 3739 3613 ι

2304 3646 2502 3707 XXIX.
2542 3647 2756 3709 Beatus
2805 3667 3036 3728 quoque
3087 3667 3231 3728 papa
3276 3647 3662 3709 Innocentius
3695 3648 3865 3708 latius

2224 3734 2362 3795 hinc
2388 3735 2656 3797 scribens
2676 3735 3003 3816 Exsuperio
3034 3737 3310 3816 episcopo
3341 3735 3636 3797 Tolosano
3667 3736 3815 3797 dicit
3845 3754 3860 3797 :

2224 3841 2252 3879 ‹
2278 3822 2639 3900 Proposuisti
2670 3823 2809 3902 quid
2841 3824 2914 3885 de
2947 3824 3039 3884 his
3067 3824 3365 3885 observari
3417 3822 3660 3898 debeat,
3709 3842 3861 3904 quos

2221 3908 2478 3973 diaconii
2501 3912 2851 3987 ministerio,
2884 3921 2982 3973 aut
3013 3912 3074 3973 in
3106 3913 3299 3973 ofﬁcio
3332 3912 3553 3993 positus
3593 3912 3859 3975 inconti—

2223 4008 2431 4059 nentes
2446 4019 2579 4062 esse
2594 4009 2691 4061 aut
2713 4001 2894 4064 fuisse
2911 4002 3173 4081 generati
3196 4002 3297 4062 ﬁlii
3319 4000 3756 4081 prodidere.De
3768 4002 3863 4063 his

2223 4095 2281 4148 et
2305 4088 2631 4150 divinarum
2650 4090 2843 4167 legum
2862 4090 3359 4171 estdisciplina,et
3387 4090 3573 4152 beatae
3591 4091 3869 4153 recorda-

2225 4176 2402 4237 tionis
2418 4178 2527 4239 viri
2557 4178 2753 4240 Siricii
2794 4179 3055 4259 episcopi
3094 4180 3318 4241 monita
3365 4178 3663 4241 evidentia
3689 4199 3860 4241 com-

2218 4273 2509 4339 mearunt,
2544 4276 2607 4328 ut
2634 4267 3071 4329 incontinentes
3102 4268 3159 4329 in
3194 4268 3405 4329 ofﬁciis
3438 4267 3655 4329 talibus
3685 4269 3863 4347 positi

494 4369 735 4414 uxorem
793 4354 1092 4431 sortiatur,
1131 4375 1263 4435 qua;
1320 4356 1433 4418 sibi
1488 4357 1767 4419 sufﬁcere
1809 4356 2020 4418 debeat
2062 4358 2131 4418 ad
2159 4352 2379 4412 Domni
2410 4354 2635 4415 honore
2662 4355 3063 4417 ecclesiastico
3097 4356 3615 4437 privarentur,nec
3638 4356 3861 4418 admit-

492 4440 759 4501 carnales
778 4441 1399 4524 amplexus'1Nunquid
1426 4444 1592 4506 laicis
1619 4463 1736 4505 non
1761 4445 2134 4509 sufﬁcituna?

492 4526 608 4589 nisi
629 4527 778 4590 forte
802 4528 1110 4610 discipulis
1131 4532 1377 4613 maligni
1407 4533 1748 4610 Muhamed,
1789 4534 1958 4613 cujus
1987 4534 2130 4595 fari-

495 4634 585 4677 na:
601 4624 754 4678 totus
777 4617 957 4680 es.Tu
975 4637 1210 4699 quoque
1231 4622 1367 4700 quia
1389 4621 1696 4702 presbyter
1721 4641 1804 4697 es,
1831 4624 1960 4684 sine
1984 4643 2128 4685 uxo-

492 4723 559 4767 re
589 4722 721 4767 esse
745 4724 861 4767 non
892 4705 1097 4781 debes,
1138 4709 1464 4771 secundum
1496 4710 1854 4771 assertiones
1884 4718 2032 4772 tuas.

570 4791 802 4858 XXVII.
836 4793 952 4856 Sed
976 4794 1100 4874 jam
1125 4796 1426 4859 videamus
1448 4798 1705 4878 capitula
1735 4799 1947 4879 quibus
1963 4807 2128 4879 putas

493 4899 668 4962 posse
685 4882 925 4944 defendi
947 4883 1240 4947 adulteria
1261 4886 1658 4966 sacerdotum,
1686 4905 1803 4947 non
1827 4906 1934 4948 con
1936 4888 2123 4967 jugia.

497 4971 1122 5053 (Episc0pus,inquam
1134 4973 1462 5057 ,presbyter
1473 4982 1573 5035 aut
1590 4974 2123 5038 diaconusuxorem

490 5074 658 5119 suam
704 5077 825 5120 non
866 5058 1107 5140 abjiciat
1155 5061 1397 5124 obtentu
1439 5062 1766 5141 religionis.
1819 5063 1879 5127 Si
1928 5072 2122 5126 autem

489 5142 797 5224 abjecerit,
831 5155 1255 5228 sequestretur,
1294 5168 1684 5232 perseverans
1708 5160 1910 5213 autem
1935 5151 2125 5233 depo-

489 5240 681 5296 natur.
704 5258 731 5291 ι
759 5235 1014 5300 Omnino
1037 5239 1392 5301 confitemur
1412 5258 1531 5300 non
1550 5239 1730 5300 licere
1754 5240 2119 5321 episcopum,

489 5321 915 5407 presbyterum,
951 5325 1258 5389 diaconem
1296 5328 1385 5390 vel
1420 5326 1844 5391 subdiaconem
1877 5347 2122 5389 uxorem

489 5410 787 5497 prepriam
810 5431 986 5475 causa
1004 5414 1312 5495 religionis
1333 5415 1592 5497 abjicere
1613 5434 1646 5477 a
1664 5433 1804 5478 cura
1843 5434 1967 5489 sua,
2001 5416 2121 5478 sci-

488 5496 628 5559 licet
660 5506 733 5587 ut
778 5501 833 5562 ei
879 5500 1096 5563 victum
1147 5511 1205 5566 et
1252 5505 1527 5567 vestitum
1549 5505 1877 5587 provideat,
1907 5524 2027 5566 non
2061 5515 2124 5567 ut

489 5598 622 5656 cum
654 5585 756 5648 illa
785 5605 855 5649 ex
887 5606 1052 5652 more
1081 5592 1393 5657 carnaliter
1410 5585 1632 5674 jaceat.
1676 5592 1773 5657 Sic
1804 5585 1871 5656 et
1889 5602 2122 5657 sanctos

2216 4448 2481 4503 terentur
2501 4443 2788 4506 accedere
2816 4444 2885 4505 ad
2913 4445 3310 4506 ministerium
3334 4448 3490 4525 quod
3515 4444 3645 4506 sola
3672 4445 3862 4506 conti-

2216 4528 2419 4588 nentia
2447 4540 2677 4610 oportet
2698 4532 2956 4612 impleri.
2988 4558 3013 4589 ω
3046 4534 3211 4595 Idem
3241 4535 3313 4595 ad
3340 4533 3695 4594 Victricium
3729 4534 3859 4614 epi-

2215 4635 2462 4695 scopum
2492 4639 2505 4677 ε
2550 4644 2573 4673 «
2612 4622 2903 4682 Praeterea
2932 4622 3090 4702 quod
3121 4621 3363 4700 dignum
3399 4632 3457 4683 et
3485 4621 3773 4702 pudicum
3804 4632 3862 4685 et

2213 4704 2526 4767 honestum
2550 4716 2754 4770 tenere
2781 4709 3046 4772 Ecclesia
3066 4711 3410 4772 omnimodo
3441 4710 3646 4791 debet,
3680 4724 3855 4774 utsa-

2210 4794 2483 4857 cerdotes
2513 4802 2573 4860 et
2603 4797 2792 4859 levitae
2824 4818 2956 4861 cum
2990 4799 3272 4862 uxoribus
3302 4801 3423 4862 suis
3453 4818 3571 4861 non
3613 4809 3851 4876 coeant,

2207 4883 2343 4963 quia
2366 4884 2677 4947 ministerii
2701 4888 3026 4967 quotidiani
3066 4889 3517 4951 necessitatibus
3547 4907 3852 4971 occupan-

2207 4979 2318 5031 tur.
2344 4971 2633 5054 Scriptum
2650 4976 3180 5039 estenim:«Sancti
3196 4986 3408 5053 estote,
3433 4976 3715 5059 quoniam
3745 4997 3851 5057 ego

2212 5069 2483 5122 «sanctus
2516 5082 2670 5138 sum,
2703 5064 2850 5127 dicit
2888 5065 3175 5128 Dominus
3205 5069 3361 5129 Deus
3394 5075 3587 5128 vester
3621 5068 3845 5144 (Leuit.

2208 5150 2609 5226 x1,44).»Nam
2634 5152 2811 5234 pricis
2832 5154 3198 5233 temporibus
3227 5155 3303 5217 de
3324 5156 3543 5236 templo
3562 5156 3673 5218 Dei
3692 5175 3848 5218 anno

2207 5239 2350 5301 vicis
2371 5259 2491 5301 suae
2512 5260 2628 5302 non
2667 5242 3081 5319 discedebant,
3107 5244 3259 5306 sicut
3277 5244 3356 5307 de
3378 5245 3666 5307 Zacharia
3695 5246 3846 5325 legi-

2209 5345 2362 5409 mus,
2388 5347 2496 5388 nec
2521 5329 2757 5393 domum
2785 5349 2951 5396 suam
2979 5332 3220 5395 omnino
3261 5333 3601 5413 tangebant,
3633 5334 3845 5414 quibus

2205 5417 2406 5497 utique
2426 5426 2667 5499 propter
2687 5419 2908 5481 sobolis
2940 5423 3404 5503 successionem,
3423 5423 3665 5484 uxorius
3705 5442 3843 5485 usus

2204 5505 2393 5569 fuerat
2411 5505 2874 5589 relaxatus;quia
2893 5527 2960 5571 ex
2981 5510 3094 5571 alia
3117 5512 3271 5573 tribu
3286 5518 3344 5573 et
3369 5518 3612 5592 propter
3634 5530 3840 5574 semen

2206 5596 2401 5657 Aaron
2413 5596 2482 5657 ad
2499 5597 2871 5660 sacerdotum
2894 5598 3090 5662 nullus
3110 5600 3300 5664 fuerat
3321 5601 3651 5683 permissus
3665 5619 3837 5665 acce-
