4052 6134
256 156 398 223 1041

1749 153 2092 218 ΝΟΤΙΤΙΑ.

3446 151 3608 220 1042

240 285 554 367 iambicos,
605 286 840 367 aliaque
901 288 1107 360 multa,
1165 285 1342 365 digna
1389 303 1522 366 quae
1576 283 1954 347 laudenturA
1974 281 2714 364 demOpusculacontinet,
2740 289 2879 363 puta
2907 281 3180 346 Canones
3211 282 3603 364 parastaticas

242 383 527 455 grataque
586 375 961 438 habeantur:
1029 375 1244 436 multos
1321 373 1567 454 insuper
1619 372 1890 435 homines

248 464 348 543 pie
383 463 661 544 erudivit,
694 474 897 546 utpote
927 464 1190 545 repletus
1221 463 1404 541 gratia
1434 462 1689 543 Spiritus
1721 478 1890 523 sanc-

241 566 312 612 lt.
354 576 376 606 ii

329 639 596 720 Scriptor
619 639 908 719 praemissi
929 640 1154 702 codicis
1175 649 1410 702 notatur
1433 639 1616 702 fuisse
1647 637 1886 720 quidam

245 730 512 791 Andreas
533 729 842 790 Damarius
863 729 1263 808 Epidauriota,
1281 729 1448 809 cujus
1480 729 1744 808 ejusdem
1774 745 1884 790 n0-

247 836 383 878 men
417 816 548 878 aliis
577 836 809 896 quoque
841 817 1148 880 codicibus
1176 816 1233 877 in
1261 816 1597 878 biblotheca
1625 817 1890 880 Caesarea

240 905 592 985 inscriptum
623 905 857 984 legitur,
888 925 955 967 ac
969 906 1292 985 praesertim
1306 905 1630 968 centesimo
1644 912 1885 984 septua-

235 993 466 1074 gesimo
527 993 794 1054 secundo
852 994 1009 1054 inter
1058 994 1470 1072 theologicos;
1527 993 1630 1054 ubi
1680 994 1890 1055 leviter

239 1088 472 1142 mutato
504 1082 748 1143 nomine
801 1090 1037 1144 vocatur
1094 1081 1201 1143 sub
1257 1083 1437 1143 ﬁnem
1469 1080 1605 1142 libri
1637 1080 1880 1160 Ἀνδρέας

239 1172 520 1250 Τάρμαρος
553 1175 580 1228 ὁ
611 1170 1026 1251 Ἐπιδαυριώτης
1061 1191 1074 1231 :
1123 1179 1258 1232 astas
1286 1189 1518 1250 quoque
1573 1169 1704 1248 ejus
1759 1169 1880 1230 ibi-

238 1259 376 1318 dem
395 1258 714 1332 indicatur,
736 1278 842 1340 per
853 1259 1215 1339 descriptum
1229 1259 1446 1320 Christi
1457 1276 1676 1320 annum
1704 1259 1876 1322 1560.

238 1345 528 1408 Eamdem
558 1346 852 1408 Darmarii
899 1355 1130 1409 aetatem
1162 1348 1472 1408 conﬁrmat
1501 1345 1784 1425 Gangius,
1819 1345 1879 1407 in

241 1434 476 1497 Prmfat.
513 1435 584 1496 ad
618 1454 788 1496 suum
813 1435 1210 1508 Paschalium,
1236 1453 1368 1496 cum
1399 1435 1559 1497 illius
1587 1435 1883 1514 ecgrapho

242 1523 520 1586 collatum
550 1543 610 1585 n.
643 1523 740 1597 33,
776 1523 875 1584 ubi
907 1523 1132 1585 inducit
1160 1522 1426 1585 Isaacum
1455 1523 1768 1586 Casaubon
1783 1541 1879 1611 um
1905 1562 1944 1611 Β

235 1620 632 1684 asserentem,
658 1613 812 1692 quod
838 1612 912 1673 ab
941 1611 1155 1673 eodem
1180 1614 1486 1674 Darmario
1514 1637 1540 1667 α
1564 1610 1886 1692 ΕηιίιΑΐι-ἰέ

233 1718 451 1761 canum
491 1700 581 1762 De
612 1691 823 1762 bellico
853 1708 1182 1780 apparatu,
1220 1709 1276 1762 et
1291 1700 1710 1780 Fragmentum
1727 1691 1885 1762 Petri

233 1789 626 1850 Alexandrini
658 1789 732 1850 (le
761 1788 1068 1850 Paschate.
1133 1812 1156 1846 ι)
1216 1791 1402 1852 Natus
1455 1789 1616 1851 enim
1648 1789 1884 1851 Isaacus

235 1877 342 1939 ille
372 1877 478 1938 fuit
507 1896 662 1940 anno
694 1879 868 1953 1559,
907 1886 966 1940 et
985 1880 1109 1958 jam
1142 1887 1267 1940 erat
1290 1878 1882 1958 ajuventuteGraecis

239 1965 828 2046 Latinisquelittet‘is
887 1966 1228 2028 excolendis
1285 1975 1459 2047 atque
1488 1967 1880 2030 eruderandis

237 2053 538 2116 veteribus
572 2055 969 2116 monumentis
998 2054 1282 2128 intentus,
1314 2055 1485 2118 facile
1516 2057 1702 2136 potuit
1729 2058 1877 2119 ado—

243 2143 477 2205 lescens
507 2143 634 2223 ipse
661 2144 962 2204 seniorem
1011 2143 1383 2205 Darmarium
1441 2145 1785 2206 convenisse
1816 2145 1875 2206 in

241 2231 456 2294 Gallia.
485 2230 559 2293 Ut
583 2239 776 2292 autem
808 2231 1088 2311 praecitati
1113 2232 1335 2294 codicis
1364 2233 1617 2312 scriptor
1647 2234 1878 2295 exstite-

242 2320 320 2380 rit
357 2320 690 2381 Darmarius
720 2339 875 2381 anno
912 2320 1084 2400 1560,
1119 2328 1259 2382 tunc
1289 2320 1438 2382 forte
1485 2320 1679 2382 adhuc
1701 2321 1878 2400 juve-

241 2413 356 2483 nis,
391 2412 470 2473 ita
497 2411 731 2472 videtur
756 2420 960 2473 auctor
1011 2411 1193 2474 fuisse
1239 2412 1502 2492 adjuncti
1531 2413 1880 2492 Compendii

235 2502 406 2570 Vita},
437 2508 494 2561 et
517 2500 755 2582 quidem
775 2500 1006 2582 primus
1027 2518 1377 2563 :recensens
1399 2500 1556 2563 enim
1579 2501 1640 2561 in
1660 2501 1762 2562 illo
1779 2519 1880 2562 an-

240 2609 351 2652 nos
369 2591 464 2671 qui
487 2590 644 2651 inter
661 2590 1110 2651 Constantinum
1144 2591 1596 2653 Monomachum
1622 2602 1681 2650 et
1709 2608 1872 2651 suam

239 2687 468 2740 aetatem
499 2678 988 2754 intercesserunt,
1045 2677 1224 2740 debet
1274 2678 1403 2759 ipse
1457 2678 1876 2758 compendium

244 2767 387 2827 illud
422 2775 519 2828 aut
551 2767 777 2847 primus
807 2766 1116 2846 scripsisse
1145 2775 1246 2828 aut
1290 2765 1673 2828 contraxisse.
1706 2766 1874 2838 Quod

244 2863 436 2917 tamen
462 2874 774 2917 numerum
799 2874 1090 2917 annorum
1131 2855 1446 2935 aliquando
1460 2855 1747 2934 majorem
1765 2874 1874 2935 po-

241 2953 339 3004 nat
369 2944 798 3017 intercessisse,
832 2963 1006 3024 quam
1037 2953 1277 3024 recepta
1298 2943 1472 3005 modo
1495 2943 1878 3021 chronologia

238 3031 477 3113 patitur,
498 3033 712 3093 factum
736 3051 865 3094 esse
880 3040 1070 3112 potest
1086 3033 1320 3093 defectu
1332 3038 1622 3092 accuratae
1660 3031 1881 3092 notitiae

235 3121 542 3202 temporis,
568 3141 682 3202 quo
707 3120 1468 3200 Monomachnsimperavit.
1492 3119 1875 3184 Potestetiam

243 3209 373 3290 ipse
403 3210 692 3272 codicem.
725 3210 800 3271 de
829 3228 945 3290 quo
989 3210 1087 3270 hic
1117 3209 1413 3290 praecipue
1442 3207 1696 3286 agimus,
1726 3209 1879 3270 scri-

239 3300 426 3376 psisse
455 3296 558 3358 diu
593 3305 723 3377 post
751 3297 946 3371 illum,
978 3297 1075 3358 cui
1104 3315 1322 3358 annum
1368 3296 1513 3357 I560
1541 3297 1864 3359 annotavit.

234 3387 406 3448 Certe
425 3384 642 3467 aliquid
662 3394 761 3447 aut
782 3385 990 3459 errori,
1033 3395 1132 3446 aut
1172 3385 1540 3464 ignorantiae,
1577 3393 1676 3446 aut
1696 3386 1866 3442 ἐπιει-

233 3477 347 3530 κεία
375 3474 826 3536 concedendum
857 3482 946 3535 est
993 3475 1043 3536 A
1080 3482 1266 3541 morte
1295 3473 1451 3534 enim
1500 3472 1868 3536 Constantini

233 3565 606 3626 Monomachi
629 3567 701 3626 ad
727 3583 912 3645 usque
933 3583 1154 3626 annum
1183 3564 1868 3629 1560deﬂuxeruntanni

230 3653 512 3714 duntaxat
539 3655 678 3726 506,
713 3661 969 3733 ponente
989 3652 1226 3714 interim
1250 3652 1487 3715 Andrea
1509 3671 1696 3714 annos
1725 3654 1862 3716 56’1.

231 3740 305 3803 Ut
328 3749 388 3802 ut
411 3750 497 3802 est
517 3742 590 3803 de
619 3759 798 3803 sensu
819 3743 1060 3821 scripto:
1081 3742 1131 3801 is
1161 3740 1444 3810 Andreae;
1481 3741 1541 3801 in
1568 3760 1639 3802 eo
1660 3740 1867 3802 saltem

233 3849 348 3890 non
378 3831 615 3902 erravit,
650 3830 804 3909 quod
835 3829 1124 3892 Joannem
1161 3827 1592 3908 metropolitam
1624 3827 1872 3889 Euchai-

231 3927 420 3979 tarum
455 3919 650 3999 (quem
682 3926 739 3979 et
765 3918 1186 3998 Mauropodem
1233 3916 1518 3997 appellari
1572 3917 1730 3995 lego)
1760 3916 1868 3977 sub

234 4009 624 4068 Constantino
660 4007 1048 4068 Monomacho
1090 4006 1304 4066 vixisse
1333 4011 1577 4066 asserat.
1611 4003 1674 4064 Id
1707 4003 1864 4065 enim

230 4114 297 4154 ex
324 4094 560 4174 scriptis
587 4095 773 4174 ipsius
800 4094 974 4154 etiam
997 4093 1240 4155 Joannis
1261 4093 1486 4153 eruitur
1509 4110 1525 4167 ;
1549 4099 1750 4171 utpote
1766 4092 1863 4172 qui

1971 375 2362 454 quosCantica
2374 373 2768 437 consolatoria
2786 373 3315 456 interpretarilicet
3341 397 3364 433 α
3386 375 3458 438 ad
3481 378 3599 440 Do-

1971 462 2198 524 minum
2219 471 2278 525 et
2299 463 2487 526 Deum
2511 470 2777 525 nostrum
2799 463 3343 541 JesumChriszum;
3368 489 3396 521 ι
3423 475 3600 526 sunt-

1969 570 2084 632 que
2107 552 2306 630 viginti
2329 560 2578 634 quatuor
2597 559 2944 626 numero,et
2979 551 3195 628 singuli
3231 570 3398 614 suam
3426 571 3600 615 acro-

1967 640 2277 702 stichidem
2309 640 2553 704 habent.
2609 639 2883 703 Continet
2935 638 3154 702 deinde
3202 639 3351 703 alios
3379 640 3605 704 similes

1969 747 2224 790 canones
2255 727 2404 790 duos
2433 729 2506 791 ad
2538 728 2817 792 eumdem
2849 727 3167 791 Dominum
3197 736 3466 792 nostrum
3496 752 3513 809 ;
3545 737 3606 792 et

1968 817 2205 878 tertium
2237 817 2308 878 ad
2359 815 2633 896 angelum
2683 816 2990 878 custodem
3025 837 3040 878 :
3095 835 3347 898 quorum
3377 817 3607 899 priores

1968 905 2098 967 sine
2129 906 2428 986 posterior
2457 924 2590 967 cum
2620 905 3019 968 acrostichide
3033 914 3192 968 sunt.
3217 905 3606 989 Subsequen-

1969 1001 2066 1056 tur
2085 1013 2221 1056 mox
2247 1020 2275 1051 α
2301 995 2363 1056 in
2396 995 2828 1058 sanctissimam
2858 994 3172 1058 Dominam
3212 1003 3473 1058 nostram
3495 997 3605 1060 Dei

1967 1080 2328 1145 Genitricem
2349 1101 2608 1146 canones
2631 1085 2730 1158 67,
2760 1091 2817 1146 et
2834 1082 2897 1144 in
2919 1081 2983 1146 S.
3019 1085 3304 1146 Joannem
3332 1086 3601 1150 Praecur-

1961 1188 2159 1233 sorem
2192 1187 2451 1236 canones
2503 1171 2813 1235 undecim.
2877 1196 2905 1227 ι»
2968 1171 3238 1252 Denique
3268 1171 3457 1234 codex
3483 1173 3603 1238 309

1961 1258 2372 1340 complectitur
2391 1260 2617 1341 aliquot
2653 1259 2726 1322 ad
2737 1258 3035 1322 Christum
3049 1278 3602 1344 canones,quorum

1962 1347 2153 1428 primo
2196 1349 2330 1410 talis
2389 1350 2709 1430 praeligitur
2763 1349 3138 1427 acrosticbis,
3199 1357 3410 1429 Πρῶτόν
3457 1351 3602 1433 φέρω

1967 1436 2198 1512 μέλισμά
2224 1460 2330 1508 σοι,
2363 1445 2493 1496 Θεοῦ
2521 1439 2682 1518 Λόγε⁷
2714 1439 2953 1518 μοναχὸς
2984 1437 3256 1506 Ἰωάννης.

2046 1527 2243 1606 Atque
2265 1525 2326 1587 bi
2349 1525 2583 1588 codices
2608 1531 2860 1606 quatuor
2878 1543 3039 1587 nunc
3055 1534 3192 1588 sunt
3227 1525 3604 1592 bibliotheca)

1973 1613 2274 1691 Caesareae,
2299 1633 2370 1676 eo
2392 1614 2536 1675 illati
2559 1632 2593 1675 a
2609 1612 2839 1677 duobus
2856 1613 3052 1676 studio
3075 1621 3134 1676 et
3157 1613 3427 1678 doctrina
3447 1635 3602 1697 prm-

1968 1702 2258 1764 stantibus
2288 1702 2451 1775 viris,
2475 1701 2712 1763 natione
2739 1701 2957 1781 Belgis,
2991 1701 3247 1782 Augerio
3269 1703 3599 1768 Busbeckio

1968 1798 2028 1853 et
2047 1791 2392 1854 Sebastiano
2415 1791 2835 1872 Tengnagelio.
2863 1791 2934 1853 Et
2956 1791 3428 1856 ducentesimum
3459 1796 3598 1876 qui-

1964 1879 2100 1941 dem
2159 1880 2541 1943 undecimum
2597 1899 2732 1942 cum
2791 1880 3060 1961 pluribus
3114 1881 3248 1944 aliis
3302 1900 3374 1944 eo
3403 1882 3601 1948 intulit

1960 1968 2392 2049 Tengnagelius
2429 1991 2446 2046 ;
2505 1969 2770 2050 reliquos
2819 1987 2958 2030 vero
2988 1975 3110 2031 tres
3143 1988 3277 2033 cum
3309 1971 3443 2034 aliis
3468 1974 3600 2052 plus

1961 2076 2138 2138 quam
2170 2057 2442 2120 ducentis
2470 2057 2670 2119 intulit
2697 2056 3087 2134 Busbeckius,
3148 2077 3182 2120 a
3239 2077 3307 2122 se
3336 2060 3601 2124 studiose

1961 2146 2326 2228 conquisitos
2353 2155 2411 2207 et
2469 2153 2841 2224 comparatos
2882 2145 2944 2206 in
2994 2144 3246 2222 Graecia,
3302 2165 3441 2210 cum
3491 2167 3596 2231 pro

1960 2235 2394 2314 August‘issimo
2451 2235 2682 2298 Caesare
2737 2233 3116 2296 Ferdinando
3157 2238 3187 2299 Ι
3238 2235 3595 2316 legationem

1961 2323 2154 2385 obiret
2200 2323 2734 2404 Constantinopoli.
2792 2321 2911 2385 Sed
2971 2340 3170 2402 operai
3219 2325 3475 2406 pretium
3503 2326 3597 2389 fe-

1961 2431 2119 2492 cero,
2155 2411 2207 2472 si
2259 2412 2351 2472 his
2407 2428 3086 2492 apposuero‘canonum
3142 2410 3206 2472 in
3250 2413 3596 2495 Deiparam,

1961 2501 2035 2562 de
2057 2499 2269 2581 quibus
2289 2501 2494 2562 codice
2515 2501 2654 2574 299,
2677 2499 2910 2560 titulum
2932 2506 3140 2577 totum,
3168 2507 3234 2562 ut
3251 2500 3338 2562 ibi
3358 2501 3595 2582 legitur,

1957 2589 2029 2650 ad
2082 2589 2564 2668 cognoscendum
2617 2587 2958 2650 distinctius
3015 2595 3317 2651 auctorem
3375 2589 3594 2671 ipsum.

1961 2679 2184 2741 Κανόνες
2281 2678 2667 2758 παρεικλητικοὶ
2749 2681 2845 2746 τῆς
2925 2677 3207 2757 ὑπεραγίκς
3307 2681 3598 2748 Δεσποίνης

1957 2769 2108 2842 ἡμῶν
2165 2767 2442 2825 Θεοτόκου.
2489 2768 2702 2842 Ποίημα
2758 2765 3000 2824 Ἰωάννου
3065 2773 3328 2847 μοναχοῦ,
3376 2769 3438 2824 τὸ
3479 2767 3592 2826 ἐπί-

1957 2855 2092 2922 κλην
2141 2854 2502 2935 Μαυρόποδος,
2548 2855 2642 2913 τοῦ
2682 2854 2735 2912 ἐν
2776 2854 3012 2934 ὑστέροις
3081 2855 3296 2935 χρόνοις
3366 2879 3592 2938 χρημα-

1960 2944 2196 3008 τίσαντος
2251 2943 2540 3023 ἀρχιερέως
2587 2945 2892 3022 Εὗχα’ίτων,
2967 2946 3029 3000 οὗ
3081 2945 3143 2999 τὸ
3209 2942 3376 3020 ὄνομα
3443 2944 3595 3002 ἐντέ-

1960 3055 2144 3089 nam
2174 3039 2241 3110 τῇ
2283 3029 2620 3113 ἀχροστιχίδι
2649 3033 2880 3100 ἑκάστης
2912 3030 3130 3099 ἒννάτης
3173 3031 3338 3107 ᾠδῆς.
3393 3053 3418 3090 ι
3473 3034 3592 3095 Ca-

1962 3138 2148 3182 nones
2174 3119 2454 3201 paracleti
2497 3119 2884 3182 sanctissimae
2932 3119 3208 3182 Dominae
3247 3127 3462 3184 nostra
3488 3120 3600 3186 Dei

1962 3209 2300 3274 Genitricis.
2333 3209 2551 3270 Poema
2591 3208 2838 3272 Joannis
2871 3208 3168 3290 monachi,
3201 3217 3592 3290 cognomento

1948 3298 2328 3379 Mauropodis
2348 3316 2453 3361 seu
2474 3297 2522 3359 Ν
2529 3297 2830 3378 igripedis,
2857 3296 2958 3378 qui
2979 3295 3202 3359 ultimis
3222 3297 3593 3380 temporibus

1949 3387 2171 3450 exstitit
2197 3386 2682 3469 archiepiscopus
2696 3385 3118 3448 Euchaitarum
3146 3405 3162 3457 ;
3185 3388 3354 3464 cujus
3384 3394 3444 3449 et
3472 3405 3586 3449 no-

1949 3495 2088 3537 men
2138 3475 2428 3537 insertum
2484 3481 2574 3536 est
2626 3471 3008 3537 acrosticbidi
3063 3491 3236 3534 nonae
3291 3474 3584 3556 cujusque

1949 3564 2099 3626 σάω.
2140 3588 2168 3621 ι

2030 3650 2185 3713 Addi
2209 3650 2400 3712 citatis
2422 3648 2726 3711 Euchaitae
2742 3648 2978 3728 scriptis
3014 3655 3282 3730 possunt,
3320 3665 3450 3730 qua
3479 3667 3586 3712 no-

1952 3747 2031 3800 tat
2060 3739 2308 3802 Allatius
2333 3739 2393 3799 in
2422 3737 2688 3799 Diatriba
2737 3737 2813 3798 de
2855 3736 3261 3812 Simeonibus,
3297 3737 3586 3818 producto

1920 3826 2318 3909 singulorum
2379 3828 2667 3909 principio
2722 3826 3011 3908 tituloque
3039 3829 3293 3903 Graece;
3340 3845 3584 3910 nempe,

1958 3941 1979 3974 α
2009 3917 2321 3982 Orationes
2343 3917 2403 3976 in
2431 3917 2647 3978 festum
2685 3923 3028 3979 sanctorum
3051 3915 3412 3994 Angelorum
3449 3936 3466 3992 ;
3525 3916 3590 3979 in

1949 4015 2209 4067 sanctam
2235 4004 2665 4066 Dormitionem
2693 4003 3081 4066 sanctissimae
3098 4003 3532 4068 DeiGenitricis
3567 4026 3585 4080 ;

1948 4093 2008 4154 in
2031 4092 2376 4154 memoriam
2395 4091 2584 4155 sancti
2605 4091 3116 4171 megalomartyris
3147 4091 3487 4174 Theodori;
3521 4093 3586 4155 in

231 4182 415 4242 tribus
429 4181 956 4262 poematibussuis,
981 4181 1258 4242 videlicet
1277 4181 1374 4253 74,
1403 4181 1472 4244 8'7
1502 4180 1648 4241 et88
1671 4180 1728 4240 in
1761 4200 1862 4242 co-
1888 4181 1928 4230 Ι)
1949 4181 2296 4244 memoriam
2313 4179 3481 4261 sanctimartyrisTheodoriTironissive
3511 4184 3585 4248 εἷς

227 4273 361 4333 tlice
387 4276 680 4345 Caesareo,
701 4273 773 4329 de
800 4270 1184 4333 Constantino
1206 4279 1478 4349 tanquam
1501 4269 1866 4331 viventelau-

225 4360 1005 4440 dabiliteragitallirmatque
1029 4360 1160 4438 ejus
1183 4359 1500 4436 imaginem
1521 4359 1580 4419 in
1605 4359 1863 4420 Euchai-

226 4451 299 4510 tis
329 4450 625 4510 asservari

308 4538 606 4600 Hactenus
627 4539 700 4599 de
725 4536 846 4597 viro
870 4537 1022 4616 ipso,
1049 4555 1250 4616 parum
1268 4536 1490 4598 Latinis
1511 4545 1646 4598 noto
1698 4536 1868 4599 Nunc

225 4628 300 4689 de
333 4627 568 4707 scriptis
598 4627 752 4705 eius,
786 4627 982 4686 minus
1014 4626 1187 4686 etiam
1215 4645 1228 4683 ε
1254 4629 1389 4700 olis,
1412 4625 1636 4704 juverit
1667 4625 1865 4687 brevi-

226 4726 320 4777 ter
355 4725 626 4784 tractare,
662 4713 1160 4794 eaqueimprimis
1181 4713 1467 4786 indicare,
1497 4733 1625 4793 quae
1648 4713 1866 4775 biblio-

228 4806 402 4865 theca
427 4802 689 4864 Caasarea
712 4802 1121 4862 subministrat
1147 4821 1288 4863 mss.
1326 4801 1522 4862 Exstat
1551 4801 1635 4862 ibi
1662 4802 1868 4864 codice

222 4893 344 4954 204
372 4891 530 4952 inter
566 4893 893 4971 theologos,
963 4913 986 4944 α
1050 4891 1292 4952 Joannis
1321 4891 1710 4970 Metropolitae
1739 4895 1862 4954 Eu-

221 4980 549 5041 cltaitarum
584 4979 769 5040 oratio
799 4979 860 5039 in
916 4988 1035 5038 tres
1087 4986 1322 5041 sanctos
1353 4978 1552 5040 Patres
1584 4979 1862 5041 Basiliam

222 5071 521 5148 Magnum,
537 5068 883 5144 Gregorium
904 5066 1270 5145 Theologum
1289 5085 1391 5127 seu
1407 5067 1860 5140 Nazianzenum,

220 5166 279 5218 et
308 5159 593 5219 Joannem
623 5157 1140 5232 Chrtsostomum.
1180 5174 1210 5214 ›
1243 5155 1438 5218 Codex
1469 5156 1609 5236 2H,
1639 5174 1710 5218 ex
1743 5175 1858 5236 quo

216 5244 645 5325 Compendium
709 5247 851 5304 Vita:
901 5244 1026 5322 jam
1082 5243 1584 5324 deprompsimus,
1621 5244 1860 5306 exhibet

1945 4273 2033 4327 τὸν
2064 4271 2332 4346 ἀνθισμόν’
2380 4269 2441 4330 in
2483 4272 2833 4330 memoriam
2863 4268 3052 4330 sancti
3083 4269 3355 4350 martyris
3381 4269 3586 4334 Theo-

1947 4359 2076 4418 dori
2099 4361 2221 4420 sive
2239 4369 2330 4418 τοῦ
2353 4366 2512 4428 Πεζοῦ
2539 4375 2552 4388 ο
2605 4357 2666 4418 in
2709 4365 2830 4419 tres
2867 4363 3104 4418 sanctos
3141 4357 3434 4421 antistites
3467 4362 3583 4422 Ba-

1948 4443 2168 4516 silium,
2201 4445 2701 4524 Chrysostomum,
2733 4453 2793 4506 et
2817 4444 3172 4524 Gregorium
3208 4467 3222 4504 :
3285 4467 3310 4502 ι
3344 4444 3494 4508 Item
3524 4447 3586 4509 in

1950 4534 2191 4594 eosdem
2224 4534 2410 4596 oratio
2439 4534 2573 4610 alia,
2617 4552 2867 4616 quarum
2896 4533 3061 4614 prior
3091 4533 3300 4597 eadem
3331 4543 3423 4599 est
3452 4553 3586 4598 cum

1948 4622 2122 4684 citata
2151 4641 2221 4684 ex
2273 4621 2632 4684 bibliotheca
2687 4621 2972 4697 Caesarea,
3031 4621 3330 4703 posterior
3382 4621 3455 4684 ab
3488 4622 3593 4686 illa

1948 4711 2202 4773 diversa.
2228 4711 2314 4772 Ad
2334 4712 2458 4772 haec
2494 4733 2516 4767 α
2546 4709 2859 4773 Orationes
2885 4711 2947 4771 in
2979 4711 3328 4772 memoriam
3358 4717 3582 4773 sanctas

1950 4799 2220 4878 martyris
2239 4799 2507 4861 Eusebiae
2529 4799 2683 4880 apud
2733 4797 3089 4875 Euchaitas;
3139 4798 3202 4859 in
3234 4797 3586 4863 memoriam

1949 4888 2146 4965 magni
2176 4887 2650 4968 Triumphatoris
2708 4895 2842 4969 post
2889 4887 3256 4950 celebratum
3285 4886 3594 4949 Paschatis

1947 4977 2238 5058 triduum;
2264 4977 2325 5038 in
2347 4977 2505 5038 diem
2527 4977 2835 5039 memoriae
2872 4975 3071 5055 magni
3087 4974 3592 5056 Triumphatoris,

1945 5064 2126 5145 inque
2161 5084 2349 5144 nuper
2377 5065 2598 5127 factum
2619 5064 2774 5146 apud
2807 5063 3098 5127 Barbaros
3143 5061 3518 5124 miraculum.
3556 5086 3587 5120 ι

1945 5153 2214 5235 Denique
2243 5153 2400 5229 Vita,
2443 5171 2616 5234 quam
2653 5168 2752 5214 vos
2801 5151 2956 5214 intra
2980 5150 3360 5232 proferimus,
3401 5151 3592 5214 sancti

1945 5243 2132 5307 Patris
2153 5243 2336 5305 nostri
2359 5242 2639 5306 Dorothei
2655 5241 2918 5304 Junioris
2939 5241 3066 5306 sive
3088 5248 3180 5299 τοῦ
3194 5242 3248 5299 ἐν
3271 5249 3349 5317 τῷ
3389 5241 3588 5300 mm-

211 5341 485 5414 poemata
515 5331 630 5391 duo
664 5349 840 5410 supra
894 5337 1159 5403 centum,
1210 5330 1489 5410 pleraque
1519 5331 1857 5405 argumenti
1937 5334 2126 5408 κώμω.
2161 5331 2233 5394 Et
2266 5333 2393 5394 hmo
2447 5329 2693 5410 quidem
2751 5329 2976 5410 scripta
3031 5331 3189 5409 ejus,
3239 5329 3312 5394 ab
3368 5329 3583 5394 Allatio

205 5421 392 5495 sacri,
427 5437 596 5481 versu
629 5418 882 5480 iambico
912 5418 1288 5478 concinnata.
1323 5418 1519 5482 Codex
1543 5419 1661 5480 299
1685 5419 1854 5498 ejus-

1943 5422 2220 5503 indicata,
2244 5420 2331 5482 uti
2355 5419 2686 5501 superiora,
2706 5419 2769 5482 in
2793 5417 3102 5482 codicibus
3122 5419 3411 5485 Ctesareis
3433 5437 3584 5483 con-
