4052 6134
461 155 615 223 1043

1626 224 1639 236 ,
1670 157 1992 222 JOANNIS
2033 154 2593 224 EUCHAITENSIS

3665 155 3824 223 1044

455 299 644 374 tenta,
665 299 983 355 annotasse
1025 292 1301 355 sufﬁciat.
1333 291 1661 354 [ndicatum
1691 300 1888 355 tamen
1919 288 2375 370 cupi-Aponto.
2435 289 2585 353 Hinc
2641 292 2927 374 colligere
2985 301 3098 369 est,
3182 293 3431 355 multum
3513 290 3826 353 aberrasse

455 401 590 445 mus
619 385 841 446 amanti
879 391 1221 447 sanctorum
1269 384 1472 464 gloria
1500 384 1731 459 lectori,
1766 380 2091 444 desiderari

455 471 628 534 nobis
643 489 1008 554 magnopere
1034 473 1369 554 pracitatas
1390 472 1691 534 orationes
1707 471 2093 553 metropolita

455 561 531 626 de
561 560 619 623 S.
657 561 938 637 Eusebia,
973 570 1033 624 et
1060 561 1135 623 de
1166 570 1418 642 utroque
1448 560 1785 623 Theodoro.

536 648 615 711 At
642 666 782 711 vero
812 649 979 712 lubet
1004 649 1322 714 Lambecio
1345 649 1843 729 grammaticalem
1863 666 2097 729 quoque

458 736 845 819 quastionem
858 737 1529 815 movere,dicendumne
1544 737 2093 806 sitEuchaitarum,

457 825 1428 906 anEuchaitorum?censetqueex
1441 825 2094 905 Gracaterminatione,

456 914 848 996 posteriorem
870 916 1155 997 loquendi
1179 916 1420 978 modum
1438 916 1621 996 priori
1639 915 2094 996 praferendum,

459 1001 573 1065 Sed
610 1022 719 1083 ego
750 1007 811 1065 in
844 1004 1169 1079 locutione,
1204 1004 1358 1085 apud
1413 1004 1652 1067 Latinos
1674 1006 1801 1085 jam
1834 1012 2097 1082 recepta,

459 1092 897 1155 nilmutandum
921 1092 1093 1170 duxi;
1119 1093 1656 1174 Euchaitarumque
1679 1093 1892 1175 potius,
1924 1112 2099 1174 quam

458 1178 879 1243 Euchaitarum
902 1182 1247 1262 episcOpum
1273 1182 1571 1263 appellare
1593 1183 1770 1243 malui
1787 1185 2101 1255 Joannem;

461 1268 785 1332 accedente
816 1272 1143 1351 praesertim
1176 1271 1249 1333 ad
1310 1271 1648 1333 Latinorum
1698 1288 1892 1346 usum,
1927 1271 2101 1332 etiam

461 1357 801 1421 Gracorum
820 1359 1193 1435 auctoritate,
1220 1359 1279 1421 id
1290 1378 1381 1421 em
1404 1378 1621 1421 nomen
1645 1377 1752 1440 per
1764 1359 2108 1421 declinatio-

2176 377 2541 455 Ferrarium,
2557 381 2617 441 in
2629 383 2793 444 Nova
2811 381 3226 462 Topograpbia
3245 382 3317 444 ad
3342 378 3826 461 Martyrologium

2178 467 2532 542 Romanum,
2568 469 2804 550 quando
2845 470 3190 533 Heracleam
3248 470 3555 531 Ponticam
3588 466 3827 529 descri-

2178 552 2349 629 bens,
2384 555 2587 617 urbem
2621 558 2675 619 ei
2708 561 3028 638 proximam
3086 560 3222 622 facit
3270 558 3640 620 Euchaitam.
3676 557 3831 619 Nam

2177 641 2465 707 Heraclea
2482 645 2543 706 in
2568 648 2872 727 provincia
2897 647 3257 722 Honoriade,
3279 656 3341 709 et
3359 646 3605 728 quidem
3631 664 3834 706 remo-

2179 729 2408 794 tissima
2422 735 2552 813 ejus
2578 743 2741 813 parte
2763 735 2896 811 sita,
2924 754 3040 797 non
3088 744 3311 799 tantum
3357 742 3478 797 toto
3503 731 3831 815 provincia

2179 837 2321 893 sua,
2356 840 2529 902 quam
2557 823 2673 885 late
2704 832 2884 904 pa'et,
2937 825 3165 906 spatio;
3213 824 3318 886 sed
3350 823 3525 886 etiam
3562 821 3829 902 Paphla-

2181 909 2392 986 gonia,
2424 930 2557 991 qua
2586 912 2739 973 inter
2787 913 3188 976 Honoriadem
3237 921 3297 975 et
3342 912 3828 991 Helenopontum

2184 999 2513 1078 interjacet,
2571 1000 3017 1063 disterminatur
3073 1003 3147 1063 ab
3191 1001 3513 1063 Euchaitis.
3576 999 3830 1061 Voriora

2186 1086 2406 1148 habent
2434 1088 2580 1151 Acta
2616 1091 2876 1170 martyrii
2933 1090 2997 1154 S.
3051 1089 3352 1153 Theodori
3406 1089 3645 1151 Tironis
3681 1106 3827 1148 mss.

2188 1176 2408 1256 Latina,
2460 1196 2708 1257 quorum
2755 1179 3120 1259 exemplaria
3154 1188 3428 1261 quatuor
3482 1195 3673 1260 penes
3724 1194 3835 1236 nos

2186 1272 2341 1338 sunt,
2359 1284 2429 1326 ex
2444 1265 2620 1328 variis
2633 1266 3011 1330 bibliothecis
3024 1269 3400 1349 deprompta:
3427 1287 3609 1348 eaque
3623 1265 3834 1327 omnia

2189 1353 2547 1416 unanimiter
2602 1355 2786 1431 aiunt,
2840 1366 3167 1419 matronam
3215 1358 3474 1418 nobilem
3507 1354 3830 1418 Eusebiam

462 1465 599 1509 nem
643 1465 809 1510 suam
840 1448 1167 1510 secundam
1230 1467 1388 1529 sape
1444 1448 1725 1529 (quamvis
1755 1448 1971 1529 sapius
2002 1465 2108 1527 per
2189 1442 2559 1503 transtulisse
2576 1461 2794 1524 corpus
2815 1445 3002 1506 sancti
3042 1445 3311 1526 martyris
3347 1467 3369 1499 α
3410 1445 3471 1505 in
3504 1444 3836 1525 possessio-

466 1535 725 1617 tertiam)
760 1536 1213 1599 inﬂectentium.
1250 1539 1412 1616 Lege
1440 1536 1599 1599 enim
1623 1537 1683 1598 in
1714 1537 1957 1600 Menais
1986 1537 2104 1598 im-
2130 1576 2169 1625 Β
2190 1547 2325 1625 ηοξηρ
2350 1547 2539 1625 suam,
2572 1551 2702 1612 qua
2732 1533 2963 1625 distata
3002 1533 3504 1625 ci_vitateAAmasia
3531 1535 3624 1625 via
3654 1530 3838 1625 unius

464 1622 707 1704 pressis,
732 1624 805 1685 ad
826 1625 985 1688 diem
1011 1627 1048 1691 8
1090 1624 1426 1701 Februarii,
1469 1626 1522 1681 ἐν
1550 1640 1670 1692 ταῖς
1701 1628 2003 1705 sulatum,
2053 1634 2111 1686 et
2135 1618 2166 1625 ⁷
2196 1618 2338 1695 diei,
2358 1618 2418 1679 in
2442 1620 2635 1684 locum
2660 1624 2758 1702 qui
2778 1632 3018 1685 vocatur
3036 1622 3337 1685 Euchaita.
3356 1643 3384 1682 ι
3417 1619 3835 1683 JacetAmasia

463 1711 535 1773 ad
557 1712 777 1775 8Junii
823 1715 877 1771 ἒν
918 1718 1184 1796 Εὐχαΐτα.
1221 1717 1365 1776 Item
1398 1716 1459 1776 in
1488 1713 1818 1794 Menologio
1853 1733 1964 1777 ms.
2002 1719 2114 1775 Ba—
2198 1707 2532 1796 inextrema
2572 1710 2844 1773 orientali
2878 1721 3040 1793 parte
3069 1711 3462 1792 Helenoponti
3482 1711 3558 1773 ad
3584 1710 3832 1771 fluvium

462 1797 581 1861 silii
611 1794 1327 1882 imperatoris,inarrante
1356 1802 1430 1864 ad
1488 1803 1645 1864 diem
1690 1803 1726 1863 8
1753 1802 1911 1865 Junii
1945 1803 2023 1864 de
2052 1802 2114 1865 S.
2201 1794 2339 1856 Irim
2368 1819 2383 1879 ;
2418 1799 2558 1861 hinc
2586 1800 2768 1879 igitur
2794 1802 2865 1863 ad
2898 1802 3070 1863 aliam
3097 1801 3362 1882 quamvis
3393 1800 3621 1880 plagam
3652 1798 3838 1876 hujus

463 1886 804 1971 Theodoro,
826 1892 981 1972 quod
1002 1891 1269 1973 reliquia
1292 1893 1419 1972 ejus
1447 1891 1729 1972 deposita
1747 1900 1883 1953 sunt
1910 1894 1962 1949 ἐν
1994 1898 2100 1952 E3-
2202 1883 2390 1963 ipsius
2434 1888 2747 1967 provincia
2777 1890 2827 1949 si
2881 1890 3095 1951 itinere
3152 1888 3325 1949 unius
3352 1888 3473 1949 diei
3499 1887 3837 1949 subsistere

464 1978 604 2056 χαΐᾳ
631 1978 854 2047 πλησίον
886 1981 1191 2061 Εὗχαϊτῶν.
1223 1980 1392 2042 Adde
1448 1980 1755 2056 Zonaram,
1789 1981 1850 2042 in
1880 1982 2103 2045 Joanne

2195 1974 2414 2061 vesperi
2444 1976 2695 2054 cegeris,
2731 1978 3087 2057 perrexeris,
3120 1976 3279 2037 inter
3308 1975 3651 2057 pradictum
3689 1973 3829 2036 Irim

464 2063 714 2129 Zimisce
742 2060 1127 2143 scribentem,
1160 2071 1293 2128 κατὰ
1348 2070 1446 2136 τὴν
1495 2072 1758 2149 Εὒχανίαν
1808 2070 1844 2137 ἢ
1895 2071 2100 2150 15-3111-

2195 2067 2243 2120 et
2275 2060 2464 2123 Halim
2498 2065 2741 2139 ﬂuvios;
2765 2075 2940 2146 atque
2964 2066 3112 2127 adeo
3133 2064 3290 2127 inter
3306 2063 3546 2126 eosdem
3570 2062 3830 2126 Euchai-

464 2175 583 2217 ταν.
609 2152 914 2219 Cedrenus
935 2177 1170 2238 quoque
1190 2157 1251 2218 in
1282 2159 1493 2219 eodem
1525 2157 1794 2232 Zimisce,
1823 2160 2097 2219 eumdem

467 2240 663 2304 locum
687 2246 980 2326 Εὐχανείαν
1009 2246 1290 2328 appellat.
1310 2245 1526 2319 Quidni
1559 2246 1736 2326 igitur
1759 2246 1967 2308 eadem
2000 2266 2107 2308 vox

467 2333 711 2410 Εὐχαΐτα
748 2333 859 2395 sub
906 2353 1022 2396 una
1072 2334 1490 2396 terminatione
1548 2335 1861 2414 singularis
1888 2336 2112 2414 pariter

467 2434 540 2479 ac
569 2419 813 2499 pluralis
844 2422 922 2485 sit
955 2423 1210 2499 numeri,
1262 2432 1323 2486 et
1373 2440 1481 2503 per
1512 2424 1760 2504 primam
1794 2424 2014 2503 pariter
2041 2443 2111 2485 ac

468 2506 789 2569 secundam
861 2509 1203 2572 Latinorum
1263 2511 1721 2573 declinationem
1786 2512 2110 2594 flectatur;

469 2595 966 2671 quemadmodum
997 2599 1181 2660 scitur
1211 2599 1341 2661 ﬁeri
1388 2599 1446 2660 in
1507 2599 1742 2661 urbium
1774 2599 2113 2661 nominibus

464 2679 719 2768 Solyma
750 2684 1027 2765 Gangra,
1088 2688 1363 2768 aliisque.
1423 2687 1574 2760 Quid
1633 2688 1807 2749 etiam
1840 2687 2114 2767 prohibet

468 2766 670 2832 dicere
699 2789 904 2835 vocem
934 2766 1516 2837 Euchaila'numero
1549 2766 1857 2854 singulari,
1892 2775 2113 2853 gentile

2184 2154 2300 2210 tam
2335 2170 2584 2233 quaque
2615 2154 2872 2216 colloces
2903 2154 3126 2217 licebit.

2273 2239 2596 2303 Clariorem
2650 2244 2814 2306 hisce
2887 2245 3127 2305 aﬂ‘erret
3209 2244 3383 2306 etiam
3444 2244 3637 2303 lucem
3701 2240 3828 2301 Vita

2192 2328 2395 2392 Graca
2425 2350 2515 2392 ms
2574 2331 2637 2394 S.
2673 2332 2967 2403 Barbara,
3029 2352 3205 2413 quam
3256 2351 3446 2413 nuper
3503 2331 3830 2393 eruimuse

2195 2417 2554 2481 bibliotheca
2577 2423 2862 2494 Casarea,
2902 2422 2950 2482 si
2986 2422 3225 2485 termini
3248 2421 3541 2483 distantia
3572 2420 3830 2480 notiores

2194 2506 2407 2571 forent.
2440 2508 2629 2572 Habet
2658 2509 2791 2571 Vita
2815 2510 2916 2571 illa
2945 2510 3005 2570 in
3038 2510 3328 2590 principio
3363 2532 3376 2568 :
3463 2518 3535 2566 Ην
3583 2510 3638 2565 δὲ
3680 2509 3735 2564 ἐν
3764 2516 3825 2582 τί,

2196 2597 2348 2675 χώρᾳ
2372 2604 2439 2673 τῇ
2466 2599 2774 2675 ἀνατολικῇ,
2934 2599 3231 2675 καλουμένῃ
3288 2592 3644 2677 Ἡλιουπόλει⁷
3704 2599 3827 2674 ἀνὴρ

2194 2692 2457 2742 κατοικῶν
2528 2689 2581 2743 ἐν
2639 2691 2822 2767 χωρίῳ
2864 2688 3224 2766 ἐπιλεγομένῳ
3267 2688 3543 2754 Γελασέοις
3602 2692 3674 2751 ὡς
3730 2689 3825 2742 ἀπο

2196 2773 2385 2847 μιλίων
2415 2774 2644 2831 δεκαδύο)
2676 2779 2959 2856 Εὖχκὶτων
3023 2802 3049 2831 ι
3084 2776 3221 2838 Erat
3263 2776 3323 2837 in
3353 2778 3599 2857 regione
3623 2775 3820 2837 orien-

465 2874 601 2947 esse
613 2860 837 2947 populi,
864 2861 1157 2925 civitatem
1171 2863 1863 2944 Euchaitamincolentis,
1890 2884 2103 2945 quem-
2124 2896 2162 2945 ο
2192 2860 2318 2937 tali,
2353 2881 2482 2942 qua
2510 2864 2839 2943 appellatur
2867 2864 3213 2944 Heliopolis,
3269 2866 3359 2926 vir
3390 2866 3621 2947 quidam
3654 2860 3815 2923 habi-

464 2944 784 3009 admodum
808 2967 843 3009 a
862 2950 1218 3029 civitatibus,
1247 2973 1365 3014 non
1384 2953 1701 3015 admodum
1729 2952 1801 3014 ab
1823 2944 2103 3014 Euihaita
2142 2944 2147 2945 ί
2186 2956 2316 3011 tans
2341 2953 2398 3012 in
2424 2951 2553 3013 loco
2576 2954 2992 3032 cognominato
3018 2954 3305 3030 Gelaseis,
3327 2980 3341 3015 ι
3363 2944 3561 3018 irciter
3577 2970 3658 3016 XII
3673 2950 3804 3011 mil-

468 3035 736 3123 remotis,
756 3037 1130 3102 deducuntur
1146 3043 1384 3121 gentilia
1416 3043 1560 3115 hac,
1581 3043 1874 3123 Cypasita,
1900 3042 2098 3115 Zelita,

465 3122 662 3186 Berita
682 3145 698 3202 ;
717 3134 781 3187 ut
804 3127 953 3190 nihil
975 3130 1049 3191 de
1068 3130 1488 3193 remotioribus
1501 3122 1721 3203 dicam,
1741 3131 2103 3211 Ascalonita,

466 3214 881 3293 Bethleemita,
895 3217 1141 3300 aliisque
1154 3220 1656 3299 sexcentiszhujus
1679 3228 1841 3281 certe
1862 3227 2107 3280 senten-

463 3301 1143 3369 tiafuitinmss.nostris
1175 3327 1499 3383 nonnemo,
1543 3308 1643 3389 qui
1679 3307 1886 3369 scribit
1914 3309 1965 3365 ἐν
1996 3322 2111 3371 τοῖς

464 3394 781 3471 Εὑχαΐταις.
815 3392 933 3456 Sed
962 3396 1088 3458 hac
1119 3397 1520 3476 grammaticis
1545 3396 1955 3477 relinquenda.
1990 3395 2112 3459 Nos

461 3479 651 3561 ipsam
684 3481 894 3545 urbem
948 3484 1288 3548 Euchaitam
1347 3486 1596 3566 ejusque
1644 3485 1821 3547 situm
1858 3485 2109 3564 indage-

464 3586 616 3631 mus.

542 3659 1173 3742 AntiquumEuchaitis
1188 3663 1370 3726 fuisse
1382 3664 1782 3745 episcopatum
1797 3661 2111 3743 aliquando

465 3747 935 3837 credidiLabbeo
948 3758 1149 3814 nostro
1165 3760 1282 3814 tom
1296 3749 2111 3837 ,Ιίϐοηοὶιίονιιτηεοι,ὄβριιί

465 3834 622 3897 inter
640 3837 789 3899 alios
824 3840 1133 3921 episcopos
1166 3841 1227 3903 in
1258 3842 1599 3923 Egyptiaca
1628 3840 1879 3921 quadam
1912 3834 2113 3901 charta

466 3924 796 4008 descriptos
820 3928 992 4009 (quos
1009 3930 1136 4010 ipse
1162 3939 1328 4011 putat
1367 3932 1618 3993 concilio
1655 3929 1891 3990 Nicano
1924 3928 2112 3989 inter-

466 4014 677 4093 fuisse)
701 4017 1044 4080 nominatur
1082 4019 1258 4080 etiam
1296 4021 1624 4100 Ἐπιφάνιος,
1652 4017 1857 4083 ἀνάξιος
1889 4019 2101 4074 ἐπίσκο-

466 4125 565 4167 πος
587 4109 685 4172 τῆς
716 4107 1000 4185 Εὗχαΐτων
1043 4107 1276 4188 πόλεως,
1317 4115 1415 4176 τῆς
1462 4108 1789 4165 Ἐλελιώτων
1822 4106 2103 4185 ἐπαρχίας,

467 4194 643 4293 opipari:
664 4193 941 4293 ὶπέκίραξιία
996 4217 1017 4251 a
1064 4197 1453 4293 Epiphanius,
1484 4196 1775 4293 indignus
1798 4192 2111 4293 episcopus
2132 4244 2174 4293 υ

467 4277 633 4340 urbis
662 4278 1106 4364 Euchaitarum,
1132 4285 1448 4365 provincia
1474 4282 1883 4347 Eleliotorum.
1922 4307 1949 4336 α
1983 4281 2105 4343 Ve—

466 4382 600 4453 rum
631 4383 766 4426 cum
797 4369 1039 4431 eosdem
1069 4389 1276 4433 omnes
1334 4373 1645 4453 episcopos
1689 4370 1899 4432 eodem
1933 4370 2108 4431 modo

469 4451 1149 4534 subscriptosinveniam
1179 4467 1320 4520 tom.
1340 4451 1418 4523 VI
1442 4451 1671 4523 Conril.
1699 4458 1810 4520 col.
1846 4457 2017 4531 1002,
2053 4466 2113 4519 et

468 4539 683 4602 iterum
715 4542 827 4603 col.
888 4544 1066 4621 lOGt,
1118 4565 1298 4625 cogor
1352 4547 1599 4610 credere
1656 4547 1917 4608 chartam
1951 4545 2110 4605 illam

469 4628 820 4710 Egyptiam,
856 4639 1156 4714 utcunque
1184 4636 1424 4717 antiqua
1482 4638 1603 4698 visa
1657 4634 1754 4715 sit,
1804 4634 1874 4695 ad
1907 4634 2114 4695 conci-

470 4718 615 4779 lium
645 4721 761 4782 CP.
798 4721 876 4782 Μ.
914 4739 1011 4784 an.
1073 4724 1191 4786 680
1251 4724 1585 4788 inchoatum
1619 4724 1939 4805 pertinere.
1977 4721 2118 4793 Qua

470 4806 650 4869 fuerit
677 4807 1066 4871 Eleliotorum
1097 4811 1421 4890 provincia,
1477 4814 1762 4875 hactenus
1793 4828 1911 4869 non
1948 4828 2114 4870 com-

472 4896 662 4976 perio.
684 4896 806 4969 Qua
816 4896 1377 4979 ndocunqueautem
1405 4900 1639 4962 initium
1656 4917 1825 4961 suum
1842 4897 2118 4959 habuerit

471 4982 890 5047 Euchaitarum
917 4986 1313 5069 episcopatus,
1353 4991 1539 5068 magis
1562 5009 1630 5052 ex
1657 4997 1922 5067 tempore
1947 4986 2117 5047 istius

474 5072 712 5135 concilii
740 5075 1036 5152 inclaruit,
1070 5076 1260 5139 factus
1310 5081 1483 5141 etiam
1535 5076 2063 5155 archiepiscopalis
2098 5096 2111 5135 :

474 5179 610 5223 nam
640 5163 795 5244 apud
823 5165 1097 5226 Carolum
1131 5184 1166 5227 a
1192 5164 1253 5230 S.
1309 5168 1490 5230 Paulo
1549 5168 1607 5228 in
1639 5164 1870 5227 duabus
1902 5162 2118 5224 tabulis

474 5249 813 5313 notitiarum
883 5253 1259 5335 antiquarum
1324 5262 1746 5317 annumeratur
1804 5254 2114 5331 Αὒτοκεφά-

474 5338 610 5414 λοις,
646 5358 776 5420 qua
803 5341 895 5403 sui
911 5341 1063 5421 juris
1093 5351 1249 5421 sunt,
1276 5363 1345 5406 ac
1365 5345 1514 5407 nulli
1542 5340 1934 5423 metropolita
1977 5340 2119 5401 sub-

481 5424 639 5504 dita,
676 5435 734 5490 et
755 5427 1067 5513 utrobique
1087 5430 1407 5496 collocatur
1426 5434 1486 5495 in
1519 5430 1823 5516 provincia
1852 5428 2118 5491 Helene-

2186 3037 2372 3101 liariis
2394 3039 2607 3101 dissito
2628 3042 2699 3102 ab
2727 3041 3048 3106 Euchaitis.
3074 3068 3097 3098 ι
3133 3042 3321 3105 Habet
3352 3045 3560 3107 iterum
3590 3044 3645 3104 in
3675 3043 3805 3113 ﬁne,

2191 3127 2293 3189 ubi
2321 3128 2396 3189 de
2422 3130 2724 3207 sepultura
2755 3129 2858 3195 SS.
2895 3130 3168 3194 Barbara
3192 3144 3249 3195 et
3269 3133 3543 3209 Juliana,
3583 3149 3817 3214 quarum

2194 3235 2361 3277 sacra
2389 3235 2637 3297 corpora
2666 3217 3013 3281 Valentinus
3049 3246 3074 3276 α
3137 3222 3386 3284 sollicite
3419 3224 3703 3285 mandans
3729 3239 3823 3280 se-

2197 3305 2465 3385 pultura,
2502 3306 2696 3385 posuit
2752 3308 2811 3368 in
2863 3308 3013 3382 loco,
3062 3311 3160 3388 qui
3218 3320 3454 3372 VOCiltUl'
3483 3307 3825 3389 Heliopolis,

2197 3410 2379 3473 prope
2400 3393 2653 3455 insulam
2678 3396 2736 3456 in
2760 3395 3025 3458 Gelaseis
3047 3415 3215 3478 pago,
3250 3399 3307 3459 in
3337 3397 3641 3460 domicilio
3662 3414 3829 3457 vene’

2196 3483 2404 3557 rando,
2438 3497 2521 3542 xu
2552 3481 2676 3543 fere
2720 3483 3075 3548 milliaribus
3104 3486 3175 3547 ab
3207 3486 3531 3549 Euchaitis.
3569 3511 3597 3541 ι
3634 3486 3830 3549 Grata

2195 3577 2380 3631 sunt:
2454 3570 2822 3651 Οὒιλεντϊνος,
2895 3575 3161 3650 ἐπιμελῶς
3229 3574 3487 3642 κηδεύσας
3563 3578 3629 3630 τὰ
3685 3577 3829 3648 ripa:

2195 3659 2416 3733 λείψανα
2448 3660 2640 3739 αὐτῶν,
2672 3661 2891 3718 ἀπέθετο
2940 3664 2994 3719 ἐν
3049 3664 3197 3738 τόπιρ
3247 3663 3555 3739 καλουμὲνῷ
3616 3657 3829 3720 Ἥλιον-

2195 3746 2371 3827 πόλει²
2432 3747 2655 3814 πλησίον
2716 3751 2808 3818 τῆς
2864 3754 3028 3820 νήσου
3091 3753 3144 3808 ἐν
3196 3752 3463 3817 Γελασὲοις
3508 3761 3582 3827 τῷ
3625 3755 3830 3832 χωρέρ,

2196 3836 2247 3891 ἐν
2283 3838 2530 3910 οἰκήματι
2586 3843 2781 3918 σεμνῷ,
2831 3843 2901 3903 ὡς
2948 3842 3052 3896 ἀπὸ
3110 3841 3295 3917 μιλίων
3337 3840 3565 3897 δεκαδύω
3626 3843 3831 3920 Εὖγᾳέ-

2194 3947 2320 3986 των.
2355 3922 2654 3987 Habemus
2684 3926 2778 3987 hic
2809 3926 3175 4004 Euchaitam,
3210 3928 3495 3990 habemus
3524 3929 3827 4000 Gelasecs,

2196 4012 2482 4073 habemus
2512 4010 2869 4094 Heliopolim
2907 4038 2919 4076 :
2954 4018 3058 4078 sed
3092 4017 3353 4078 incertus
3383 4018 3647 4079 omnium
3674 4018 3825 4078 si'us

2194 4108 2259 4160 ut
2282 4099 2499 4160 nullius
2518 4119 2587 4161 ex
2610 4102 2860 4164 aliorum
2879 4106 3268 4166 determinari
3291 4108 3494 4184 possit.
3513 4106 3826 4168 Notissima

2195 4187 2435 4268 quidem
2466 4187 2789 4269 Heliopolis
2846 4200 2900 4253 et
2962 4194 3221 4255 maxime
3276 4194 3463 4275 varia,
3508 4197 3608 4256 sed
3643 4195 3823 4259 nulla.

2194 4295 2324 4357 qua
2344 4276 2613 4339 videatur
2640 4279 2753 4340 huc
2776 4299 2948 4359 posse
2969 4282 3187 4350 facere.
3235 4283 3521 4343 hactenus
3551 4283 3827 4343 innotuit.

2192 4364 2335 4437 Qua
2358 4366 2621 4445 proxima
2667 4370 2849 4448 possit
2879 4389 3032 4443 esse,
3069 4371 3383 4432 collocatur
3408 4371 3482 4432 ab
3507 4369 3728 4433 Ortelio
3761 4390 3825 4430 ex

2199 4453 2499 4515 Michaelis
2529 4456 2702 4535 Glyca
2734 4457 2979 4538 Phrygia
3008 4477 3023 4534 ;
3085 4460 3189 4520 sed
3220 4459 3343 4521 hac
3374 4459 3514 4521 (sive
3543 4459 3828 4520 minorem

2196 4541 2318 4602 sive
2346 4543 2626 4622 majorem
2679 4545 2993 4628 intelligas)
3028 4557 3309 4629 quantum
3340 4548 3517 4609 distat
3547 4548 3619 4609 ab
3650 4548 3827 4608 Hele-

2200 4639 2461 4709 n0ponto
2497 4640 2556 4693 et
2584 4633 2822 4696 Amasia
2854 4645 2865 4698 !

2279 4717 2497 4780 Tenuit
2527 4739 2701 4800 porro
2734 4726 3014 4787 Euchaita
3071 4745 3286 4788 nomen
3345 4746 3515 4788 suum
3548 4726 3619 4787 ad
3654 4745 3836 4806 usque

2198 4806 2513 4888 imperium
2546 4808 2786 4873 Joannis
2808 4813 3098 4891 Zimisca,
3127 4816 3226 4895 qui
3274 4834 3428 4877 anno
3459 4816 3576 4878 969
3607 4824 3838 4876 creatus

2199 4903 2290 4957 est
2317 4896 2658 4976 imperator.
2697 4902 3059 4981 Pracipuum
3105 4904 3341 4984 imperii
3373 4905 3499 4982 ejus
3528 4903 3710 4964 decus
3733 4904 3839 4962 fuit

2197 4985 2463 5059 viatoria,
2494 5005 2669 5065 quam
2690 4992 3005 5069 reportavit
3024 5012 3057 5053 a
3074 4992 3275 5055 Russis
3297 4994 3393 5055 die
3433 4997 3495 5054 S.
3529 4994 3840 5055 Theodoro

2199 5073 2336 5134 duci
2361 5084 2777 5150 sacro,eode.n
2794 5090 2994 5142 sancto
3010 5083 3258 5158 favente,
3278 5090 3335 5143 et
3375 5108 3401 5137 α
3432 5083 3603 5143 visoa
3642 5082 3846 5141 multis

2198 5161 2259 5222 in
2280 5180 2431 5241 equo
2453 5162 2748 5227 Romanos
2766 5167 3110 5241 defendere,
3165 5180 3223 5231 et
3270 5170 3659 5232 Barbarorum
3697 5171 3840 5248 pha-

2202 5252 2402 5329 langes
2433 5253 2811 5324 conturbare.
2852 5278 2879 5315 »
2946 5265 3093 5319 teste
3155 5259 3396 5321 Zonara.
3438 5257 3843 5331 Quamobrem

2202 5340 2548 5419 imperator,
2585 5350 2647 5402 ut
2678 5344 2914 5423 martyri
2974 5364 3078 5426 pro
3139 5356 3350 5408 novata
3386 5365 3569 5427 opera
3598 5347 3848 5423 gratiam

2202 5428 2474 5509 referret,
2493 5428 2998 5509 elegantissimum
3016 5434 3068 5495 ei
3093 5443 3208 5497 tem
3218 5435 3376 5516 plum
3393 5434 3712 5497 Euchania
3725 5436 3849 5497 sive
