4052 6134
278 176 429 241 1045
1718 206 1721 207 ⁷
1792 187 2134 249 ΝΟΤΙΤΙΑ.
3475 187 3632 254 1046

268 306 572 404 Euchailae
593 311 1252 404 strurit‘,_veterediruto
1275 315 1363 395 ;ἰη
1381 335 1498 396 quo
1517 336 1729 398 corpus
1764 321 1916 399 ejus,
1940 346 1983 379 Α
2006 328 2212 381 norata
2252 320 2361 382 fuit
2393 338 2409 394 ',
2474 328 2531 381 et
2593 321 3009 383 miraculorum
3065 323 3127 384 in
3178 342 3243 385 se
3272 328 3663 404 patratorumr

273 396 477 492 multis
507 399 931 492 certaminibus
963 402 1325 492 defunctum,
1380 396 1705 483 repositum
1739 396 1863 469 erat
1895 430 1910 488 ;
2000 410 2209 471 famam
2244 416 2357 470 tam
2390 409 2507 471 late
2538 409 2900 489 propagavit,
2957 419 3021 472 ut
3067 411 3197 490 ipsa
3226 396 3461 492 quoque
3490 410 3647 473 inter

274 493 335 544 ct
362 484 593 579 urbem.
632 489 816 548 veteri
847 490 1089 579 nomine
1137 492 1378 567 abolito,
1412 484 1911 576 Theodoropolim
1999 497 2329 559 celebriora
2360 484 2612 559 evaserit
2636 484 2787 573 loca,
2820 484 2891 558 ad
2925 517 3056 579 quae
3093 484 3282 578 pietas
3310 484 3645 562 Christiana

272 574 618 652 appellavit.
650 601 673 629 »
700 578 1029 658 Appellatio
1059 588 1253 641 tamen
1275 582 1401 642 haec
1428 601 1542 643 non
1565 584 1643 644 ita
1660 574 1918 646 abolevit
2003 587 2437 666 peregrinatum
2471 586 2557 646 ire
2587 585 2835 647 solebat.
2870 574 3237 649 ld-testa'tum
3270 587 3409 649 facit
3434 605 3643 649 exem-

159 724 177 735 ,
270 669 442 724 vetus
464 683 706 738 nomen,
734 679 797 755 ut
821 686 935 727 non
954 668 1130 729 fuerit
1166 669 1341 730 etiam
1364 679 1564 750 postea
1585 672 1646 732 in
1669 694 1777 734 usu
1801 673 1915 735 ali-
2003 676 2159 755 plum
2182 674 2427 737 Joannis
2441 674 2814 736 anachoretae
2837 674 3328 755 apudMoschum,
3361 674 3425 736 in
3452 674 3646 739 Prata

273 770 524 843 quo-per
574 754 852 814 saeculum
917 755 1124 816 saltem
1188 757 1501 843 integrum,
1550 760 1620 820 ad
1658 770 1919 841 tempora
1998 754 2333 843 spirituali,
2367 782 2419 825 c.
2455 762 2590 837 180,
2626 754 3077 825 enumerantem
3114 762 3542 839 Iocacelebria,
3568 764 3643 825 ad

274 837 550 933 videlicet
581 859 767 933 usque
806 844 1059 933 goannis
1116 840 1518 924 Mauro‘podis,
1571 867 1745 927 quem
1778 837 1917 928 pas-
2003 837 2132 932 quae
2155 854 2265 913 iste
2315 837 2680 913 ePalaestina
2710 859 2798 912 sat
2819 850 2994 930 longo
3024 851 3243 913 itinere
3277 875 3297 907 ι
3336 837 3641 933 pergebat,

277 925 389 986 sim
415 928 789 1022 metropolim
806 929 1228 992 Euchaitarum
1271 932 1517 995 inscribi
1557 925 1734 1016 supra
1763 925 1915 999 vidi-
2011 925 2166 1001 nunc
2196 938 2432 1019 quidem
2462 938 2761 1019 Ephesum
2792 939 2866 999 ad
2899 925 2956 1001 Si.
3000 940 3313 1014 Joannem,
3336 925 3506 1000 ’Παιῖο
3535 957 3645 1000 au-

281 1033 435 1076 mus.
2009 1037 2126 1088 tem
2156 1027 2503 1089 Euchaitam
2533 1027 2604 1088 ad
2636 1025 2699 1088 S.
2754 1026 3157 1102 Theodorum,
3212 1045 3373 1088 nunc
3402 1044 3541 1089 vero
3569 1027 3645 1089 ad

359 1101 561 1183 Neque
585 1123 721 1166 vero
744 1106 944 1168 civitas
966 1107 1266 1185 Euchaita,
1311 1112 1485 1173 modo
1526 1111 1665 1191 dicti
1698 1113 1913 1174 dunta-
2008 1119 2071 1178 S.
2093 1115 2370 1177 Theclam
2397 1115 2456 1175 in
2480 1113 2808 1177 Seleuciam
2832 1114 3090 1191 Isauriae,
3118 1101 3276 1176 nunc
3299 1114 3373 1176 ad
3403 1110 3467 1177 S.
3500 1116 3645 1178 Ser-

277 1200 373 1284 _xat
403 1191 702 1284 Theodori
747 1196 926 1284 ducis
980 1215 1046 1257 ac
1104 1198 1371 1278 martyris
1433 1199 1629 1280 (quem
1662 1202 1825 1280 prius
1852 1201 1912 1262 in
2008 1204 2166 1281 gium
2201 1206 2257 1265 in
2290 1202 2605 1284 Saraphas.
2649 1227 2670 1259 n
2709 1201 2950 1264 Talibus
2992 1202 3171 1281 igitur
3198 1202 3477 1266 decorata
3504 1220 3646 1264 san-

276 1279 472 1341 lucem
500 1281 626 1361 ipsa
647 1283 1153 1359 dederat,deinde
1181 1295 1309 1366 post
1328 1279 1643 1366 gloriOsam
1667 1279 1917 1352 mortem
1996 1279 2127 1368 etis,
2180 1291 2394 1353 talibus
2438 1279 2656 1352 ornata
2713 1290 2968 1372 templis,
3021 1279 3245 1353 talibus
3274 1290 3647 1372 frequentata

275 1385 507 1463 sacrum
527 1373 1001 1463 corpusrecepit,
1030 1376 1367 1456 temploque
1388 1378 1516 1457 ejus
1539 1378 1916 1439 nominicon-
1999 1378 2571 1463 peregrinationibus
2600 1379 2908 1457 Euchaita,
2937 1387 3129 1461 potest
3152 1380 3441 1443 meruisse
3464 1381 3526 1443 in
3550 1399 3647 1444 se-

274 1456 400 1548 dito
430 1457 649 1548 decore
678 1462 1038 1536 asservavit),
1074 1463 1176 1525 sed
1208 1456 1452 1528 alterius
1475 1485 1709 1546 quoque
1730 1466 1920 1529 Theo-
2000 1456 2132 1530 dem
2146 1456 2726 1548 archiepiscopalem
2750 1456 2919 1547 erigi,
2938 1456 3004 1531 et
3022 1468 3096 1530 ab
3127 1468 3391 1533 antistite
3418 1470 3642 1527 αὐτοκε-

271 1543 401 1605 dori
437 1546 664 1638 militis,
700 1549 865 1629 vulgo
897 1552 1135 1614 TIPODIS
1165 1552 1327 1630 dicti,
1364 1543 1535 1634 paulo
1560 1543 1706 1617 ante
1740 1554 1917 1617 istum
1999 1558 2151 1638 φάλῳ
2177 1543 2524 1635 gubernari.

276 1635 556 1713 martyrio
579 1638 867 1714 coronati,
897 1639 1169 1719 reliquiis
1215 1641 1433 1721 pariter
1461 1651 1519 1705 et
1550 1645 1768 1724 templo
1801 1644 1912 1705 ho-
1939 1656 1976 1704 Β

1253 1907 1772 2000 IVOTITIA
1852 1909 2001 2002 EX
2088 1906 2670 2002 FABRICIO

1074 2074 1378 2153 (Bibliotb.
1444 2079 1631 2141 Graec.
1695 2079 1793 2141 ed.
1854 2077 2085 2154 Harles,
2145 2085 2286 2140 tom.
2348 2074 2502 2152 VIII,
2554 2096 2611 2157 p.
2670 2073 2837 2154 6%).

358 2302 555 2364 Poetis
582 2302 930 2367 Christianis
960 2306 1416 2385 elegantioribus
1447 2310 1620 2370 etiam
1670 2311 2081 2373 accensendus
2109 2310 2270 2372 venit
2298 2310 2556 2373 Joannes
2607 2307 2923 2385 Mauropus
2955 2306 3050 2384 (α)
3083 2308 3430 2370 monachus.
3462 2314 3639 2388 atque

275 2391 412 2480 inde
435 2393 805 2471 metropolita
834 2393 1264 2476 Euchaitensis,
1298 2399 1421 2459 sive
1470 2398 1786 2460 Euchanize
1835 2407 1984 2480 (quae
2025 2400 2199 2461 etiam
2246 2397 2699 2476 Theodoripolis
2743 2415 2777 2457 a
2803 2394 3142 2466 Theodoro,
3177 2403 3430 2476 martyre
3456 2396 3635 2473 dicta,

274 2479 368 2541 cui
401 2481 683 2560 templum
712 2482 876 2545 Joan.
916 2485 1216 2559 Zimisces,
1253 2487 1465 2567 imper.
1500 2488 1789 2564 condidit,
1822 2479 1963 2550 urbs
1992 2488 2331 2568 Heloponti,
2393 2485 2709 2567 provinciae
2765 2484 2826 2544 in
2852 2483 2989 2545 Asia
3020 2482 3286 2564 Minori),
3320 2484 3421 2563 qui
3444 2484 3639 2565 scrip-

274 2571 424 2630 sisse
454 2588 517 2630 se
547 2579 795 2634 testatur
826 2573 1188 2653 temporibus
1213 2574 1579 2637 Constantini
1630 2577 2022 2653 Monomachi,
2083 2578 2226 2638 Zoes
2281 2596 2349 2638 ac
2404 2575 2753 2653 Theodoraa,
2808 2574 2868 2635 h.
2917 2591 2970 2634 θ.
3005 2571 3162 2633 circa
3189 2589 3285 2634 an.
3314 2573 3423 2634 Ch.
3459 2574 3618 2635 1050

274 2655 463 2734 Rogat
493 2658 673 2732 enim,
711 2680 743 2739 p
799 2661 897 2740 43,
935 2662 1250 2737 Christum,
1307 2673 1369 2725 ut
1413 2665 1909 2745 quemadmodum
1965 2667 2025 2726 in
2082 2666 2321 2727 fornace
2378 2662 2735 2745 Babylonica
2793 2661 2933 2723 olim
2968 2659 3158 2722 tribus
3185 2660 3523 2741 juvenibus,
3555 2664 3643 2727 sic

280 2747 453 2808 etiam
484 2746 547 2808 in
580 2748 828 2832 imperio
862 2750 1045 2813 tribus
1079 2752 1242 2815 hisce
1271 2753 1424 2815 adsit
1448 2773 1560 2835 ope
1590 2774 1714 2820 sua.

1362 2919 1521 2980 Οὗτος
1552 2918 1671 2996 γὰρ,
1706 2917 1881 2996 ὥσπερ
1910 2931 2025 2980 τοῖς
2058 2918 2193 2996 τρισὶ
2221 2917 2446 2977 νεανίαις

1367 3010 1535 3070 Συνῆν
1564 3005 1807 3083 τέταρτος
1850 3005 1903 3060 ἐν
1935 3006 2080 3080 μὲσω
2108 3005 2307 3086 φλογὸς
2337 3003 2523 3075 πάλαι,

1407 3093 1430 3111 ν
1769 3096 1777 3111 1
2002 3095 2025 3115 ’I
2211 3094 2224 3113 ν
2312 3091 2358 3112 νδ

1363 3104 1512 3149 Ουτω
1535 3093 1692 3151 πάλιν
1726 3117 1970 3173 τεταρτος
2004 3117 2138 3150 εστω
2168 3097 2405 3172 κανθαοε,

1367 3184 1661 3260 Δροσισμὸς
1690 3185 1817 3257 ὑμῖν
1848 3183 1900 3238 ἐν
1928 3182 2210 3259 βασιλείοις
2242 3181 2447 3256 μέσοις,

1366 3272 1465 3326 Τὸν
1492 3270 1642 3337 ἥλιόν
1673 3293 1730 3326 σε
1761 3277 1942 3351 πρῶτα
1976 3272 2167 3351 σώζον,
2199 3272 2287 3327 καὶ
2317 3269 2490 3344 νέμων

1366 3359 1515 3424 Ζωήν
1538 3358 1753 3431 ἄλοπον,
1793 3362 2016 3439 εὐτυχῆ,
2048 3361 2354 3440 νικηφόρον,

1366 3445 1563 3524 Ιξαλοϊς
1599 3469 1655 3503 τε
1687 3462 1804 3512 τοῖς
1836 3450 2099 3524 σύμπασιν
2131 3446 2514 3522 εὖθηνουμέννη

1377 3518 1584 3593 ’Ῐεπειτα
1612 3538 1806 3605 ταύτην
1828 3540 1924 3605 τὴν
1948 3537 2177 3607 σελήνην
2206 3544 2300 3592 τοῦ
2340 3536 2558 3614 κράτους

1372 3626 1479 3691 Τὴν
1521 3626 1908 3705 κοσμολαμπῆ,
1955 3628 2041 3682 καὶ
2070 3624 2546 3705 διαπρεπεστάτην,

1368 3714 1475 3779 Τὴν
1506 3712 1650 3770 οὒδὲν
1681 3714 1811 3771 ἄλλο
1840 3714 1981 3781 πλὴν
2010 3716 2038 3769 ὃ
2068 3713 2322 3779 κέκληται
2355 3713 2515 3787 μόνον
2549 3730 2563 3745 ’

1372 3802 1491 3867 Ζωὴ
1526 3803 1623 3880 γὰρ
1654 3802 1815 3867 ὅντως
1844 3806 1878 3869 ἡ
1909 3803 2031 3868 Ζωὴ
2058 3811 2150 3861 τοῦ
2181 3801 2265 3857 νῦν
2295 3803 2429 3877 βίου.

1368 3890 1557 3967 Τρίτην
1588 3888 1641 3945 δέ
1672 3913 1762 3964 μοι
1793 3893 2040 3946 σύνταττε
2071 3892 2154 3945 καὶ
2185 3890 2283 3956 τὴν
2313 3887 2553 3968 δευτέραν

1370 3980 1441 4058 '_l_‘b
1470 3976 1679 4057 φαιδρὸν
1712 3979 1898 4057 ἄστρον
1926 3988 2017 4037 τοῦ
2045 3974 2326 4033 πανολϐίου
2355 3978 2573 4058 στέφους

1468 4050 1565 4133 ’έην
1594 4050 2161 4144 ἒκείνηςάὖταδέλφην
2193 4064 2333 4130 ἀξίαν

1366 4139 1428 4211 “0
1460 4157 1654 4218 παντὸς
1686 4154 1845 4214 ἄλλοι)
1876 4162 2058 4231 μεῖζον
2104 4156 2176 4217 εἷς
2208 4152 2457 4220 εὗδοξίαν.

282 4336 367 4397 Ad
401 4337 673 4399 eamdem
704 4335 855 4396 Zoen
888 4354 955 4396 ac
986 4333 1356 4396 Theodoram
1390 4333 1766 4396 referendum
1800 4352 1882 4395 cat

2050 4383 2058 4408 ι
2096 4354 2155 4415 ρο
2191 4335 2299 4397 441
2337 4334 2424 4401 Ἐς
2456 4339 2546 4401 τὰς
2596 4341 2902 4414 Δεσποίναις,
2936 4356 3050 4418 quo
3084 4353 3195 4398 nec
3224 4334 3650 4415 imperatorem

281 4425 588 4487 celebrare
619 4423 857 4500 omittit.

1399 4506 1499 4561 Τὸν
1545 4504 1728 4580 εὖγενῆ
1763 4505 1880 4582 μὲν,
1916 4504 2113 4579 εὖτ)χῆ
2144 4503 2197 4559 δὲ
2221 4503 2506 4578 δεσπότην,

1400 4593 1498 4649 Τὺν
1528 4591 1727 4671 εὔτυχῆ
1759 4592 1878 4666 μὲν,
1913 4589 2100 4659 εὐσεϐῆ
2132 4591 2185 4647 δὲ
2215 4594 2301 4648 καὶ
2323 4591 2507 4666 πλέον,

1397 4686 1505 4763 Τῆς
1545 4686 1645 4757 γῆς
1674 4682 1737 4735 ’τὸ
1765 4680 1964 4754 Οαῦμα,
1996 4683 2084 4736 τὸν
2118 4680 2283 4758 μέγαν
2333 4683 2689 4763 Μονομάχον,

1400 4755 1492 4848 inv
1529 4771 1563 4837 ἡ
1594 4770 1811 4848 πρόνοια
1841 4776 2113 4844 κοσμικῶν
2143 4775 2320 4825 κακῶν
2353 4769 2496 4828 λύσιν

1403 4840 1622 4923 Ἵίδειξεν
1651 4859 1811 4937 ἡμῖν,
1845 4860 1931 4913 καὶ
1962 4858 2139 4914 καλῶν
2172 4860 2384 4916 πάντων
2413 4861 2613 4938 βρύσιν.

367 4987 542 5051 Adde
564 5004 803 5048 carmen
833 4989 891 5048 in
924 4989 1292 5052 Constantini
1324 4985 1692 5051 Monomachi
1724 4985 2065 5066 imaginem,
2096 4987 2149 5043 ἐν
2182 4991 2472 5067 Εὗχαΐτοις
2502 4989 2655 5071 apud
2682 4990 3104 5053 Euchaitenses
3133 4986 3485 5061 dedicatam,
3519 5003 3654 5047 cum

291 5075 578 5158 particula
608 5075 799 5135 crncis
828 5076 1067 5148 Christi,
1104 5096 1231 5155 pag.
1265 5077 1364 5137 47.
1397 5076 1569 5136 Plura
1594 5076 1654 5137 in
1684 5074 2064 5137 Monomachi
2092 5074 2348 5150 laudem,
2403 5096 2534 5157 pag.
2588 5078 2669 5139 23
2698 5092 2761 5141 et
2790 5081 2856 5142 51
2891 5078 2971 5159 (b)
3005 5085 3179 5157 atque
3207 5075 3269 5137 in
3299 5072 3653 5147 Theodoraa,

293 5181 426 5244 pag.
461 5162 536 5224 52
596 5160 710 5223 Sed
739 5161 1113 5241 imperatoris
1141 5163 1365 5225 obitum
1398 5164 1597 5240 deﬂet,
1630 5183 1689 5244 p.
1722 5164 1797 5226 54
1829 5181 1993 5243 seqq.
2029 5163 2236 5243 Neque
2266 5162 2353 5224 illi
2383 5173 2607 5228 tantum
2639 5173 2696 5230 et
2724 5165 2855 5228 Zoae
2880 5184 2949 5227 ac
2974 5163 3301 5228 Theodoraa
3320 5162 3430 5224 fuit
3445 5180 3652 5243 super-

377 5295 459 5373 ((1)
493 5296 796 5370 Μαυρόπωυς
848 5294 1003 5356 idem
1057 5305 1144 5357 est
1200 5315 1267 5357 ac
1321 5297 1678 5359 Μελανοπους.
1713 5293 1929 5356 Confer

2066 5292 2181 5373 (ὁ),
2212 5291 2503 5355 Nonnulla
2529 5314 2663 5357 cum
2686 5294 2898 5373 Argoli
2924 5293 3131 5373 Latina
3171 5291 3448 5365 versione
3476 5293 3660 5357 refert

294 5372 697 5456 lambecium,
735 5378 950 5456 to_m.ﬁl,
975 5394 1102 5454 pag.
1128 5376 1566 5456 249[pag.272,
1593 5373 1905 5437 ed.Kollar
2011 5372 2281 5456 Allatius,
2302 5372 3382 5456 Delibrisecclesimvttcisercogum,
3402 5374 3654 5456 pag.A97,

292 5453 449 5517 conf.
510 5452 583 5534 de
640 5471 711 5534 eo
769 5450 987 5516 Oudin.
1046 5450 1296 5516 Comm."
1329 5450 1406 5517 (ie
1457 5456 1762 5534 scriptun,
1817 5460 1892 5534 ett

2062 5450 2129 5534 bi
2150 5450 2323 5513 etiam
2376 5453 2576 5515 titulus
2627 5452 2932 5533 integrior,
2968 5456 3054 5517 Εἰς
3084 5455 3144 5511 τὸ
3169 5451 3365 5534 βιϐλίον
3393 5450 3503 5520 iic—
3536 5454 3657 5512 δια-

289 5553 422 5614 pag.
455 5532 627 5614 606;
684 5533 857 5614 Cave,
914 5534 1327 5614 Histulitter.
1389 5528 1594 5614 script.
1628 5534 1831 5597 eccles.
1862 5530 1889 5592 l‘.

2060 5533 2194 5614 ονὶας
2242 5543 2332 5591 τοῦ
2386 5528 2791 5613 τροπαιοφόροιῖ,
2837 5528 2945 5612 pro
3000 5551 3116 5614 quo
3171 5528 3396 5597 Bustus
3436 5539 3660 5601 tantum

293 5609 427 5693 pag.
464 5609 707 5694 139,'ad
739 5631 837 5677 an.
876 5614 1046 5678 1054.
1080 5612 1297 5690 Hanc].
1509 5609 1525 5614 ’

1509 5609 1525 5614 -
2025 5609 2210 5671 edidit
2237 5630 2254 5673 ἶ
2281 5614 2368 5676 Εἷς
2398 5609 2485 5669 ’έδν
2513 5609 2915 5693 τροπαιοφὸρον,
