4052 6134
420 129 579 196 1047
1641 131 1963 196 JOANNIS
2006 133 2020 192 ]

2226 128 2568 193 AITENSIS
3690 113 3826 183 1M3

423 268 569 338 stes,
600 262 706 326 sed
720 264 898 327 etiam
921 263 1114 326 Alexii
1135 262 1422 327 Comneni
1451 262 1998 343 attigitimperium,
2029 261 2325 343 siquidem
2346 263 2407 324 in
2427 261 2570 324 Jure
2595 260 3132 341 Graeco-Romano,
3159 261 3262 323 lib.
3285 279 3348 334 ιι,
3384 277 3454 338 p.
3496 257 3666 343 215,
3691 253 3831 343 inter

425 351 912 433 metropolitanos
939 353 1040 434 qui
1068 351 1338 427 Nicolao,
1374 339 1722 432 patriarchae
1742 339 1867 415 'CP.
1904 339 2311 414 mense'Junio
2339 351 2550 413 indict.
2588 351 2662 411 15
2693 351 2832 428 (hoc
2864 357 2952 413 est
2982 339 3197 412 Christi
3248 349 3423 422 1092,
3485 342 3698 410 Alexii
3729 339 3832 401 Co-

425 441 630 503 mneni
652 441 780 521 (12)
813 441 1184 521 assederunt,
1220 447 1585 502 memoratur
1613 445 1640 498 ὁ
1676 443 1962 520 tab-Amata:
1996 441 2025 497 ἰ

663 441 780 521 [12)
813 441 1184 521 assederunt,
1220 447 1585 502 memoratur
1613 445 1640 498 ὁ
1676 443 1962 520 tab-Amata:
1996 441 2263 508 Ἰωάννης.

503 527 571 590 Ιιι
627 517 690 592 S.
748 517 1254 610 Theophylactum
1311 547 1567 610 quoque,
1629 517 1843 608 quiet
1924 529 2052 609 ipse
2135 528 2324 590 Alexii
2407 529 2697 591 Comneni
2778 527 3020 606 contigit
3079 536 3366 607 tempora,
3433 528 3656 585 exstat
3715 517 3833 598 epi-

423 634 711 698 gramma,
743 637 804 698 p.
838 618 942 680 47.

508 705 795 786 [Auctore
822 707 1003 782 Cave,
1036 705 1079 770 l.
1109 723 1166 770 c.
1197 704 1437 786 scripsit
1461 707 1552 768 Jo.
1585 705 1920 786 Mauropus.

505 785 868 857 Orationem
887 785 1378 858 encomiasticam
1398 794 1466 858 in
1495 801 1612 858 tres
1633 793 1749 858 SS.
1773 785 2004 869 Patres,
2029 793 2322 856 Basiliam
2350 797 2460 867 Μ.,
2494 793 2860 873 Gregorium
2894 791 2943 856 Τ
2939 791 3253 871 heologum
3307 799 3362 852 et
3386 788 3602 851 Joan.
3645 785 3843 873 Chry-

424 890 775 946 sostomum.
806 881 874 946 In
903 882 1036 945 cod.
1069 881 1329 945 Vindob.
1365 885 1512 946 Caes.
1543 883 1685 957 204,
1720 902 1782 944 ιι.
1817 884 1874 946 5.
1907 881 1981 946 V.
2016 881 2292 945 Lambec.
2323 870 2654 944 Comment.
2691 880 2762 961 V,
2799 898 2935 961 pag.
2983 881 3052 943 11
3112 897 3277 958 seqq.
3331 873 3640 938 Meminit
3673 870 3846 934 etiam

424 971 558 1050 ejus
586 977 740 1034 orat.
769 969 888 1034 Leo
926 969 1179 1034 Allatius
1206 970 1271 1032 in
1299 969 1484 1036 Diatr.
1515 969 1591 1032 de
1619 969 1962 1034 Simeonum
1994 969 2252 1050 scriptis,
2288 987 2419 1051 pag.
2461 969 2596 1031 105.
2635 967 2767 1030 Vid.
2803 987 3038 1049 quoque
3066 986 3243 1047 supra
3265 965 3340 1028 de
3361 965 3843 1044 Chrysostomo,

425 1065 484 1121 et
511 1058 666 1120 infra
690 1060 807 1122 vol.
833 1059 940 1134 IX,
979 1079 1036 1134 p.
1070 1057 1174 1122 62.

511 1079 666 1120 mira
690 1079 807 1122 v01.
833 1079 940 1134 ιλ,
979 1079 1036 1141 p.
1070 1079 1174 1122 oz.

508 1149 869 1212 Orationem
898 1152 970 1214 εἷς
1011 1149 1111 1217 τὴν
1141 1151 1362 1226 μνήμην
1387 1158 1480 1208 τοῦ
1508 1149 1656 1227 ἁγίου
1682 1150 1940 1228 μάρτυρος
1971 1147 2108 1205 Θεοδι

2248 1193 2257 1222 ,
2314 1146 2430 1215 ἤτοι
2488 1157 2578 1204 τοῦ
2631 1153 2788 1218 πεζοῦ
2822 1163 2835 1176 ⁸
2884 1145 3093 1226 incipit
3149 1143 3277 1223 [119’
3332 1147 3472 1221 ἡμῖν
3527 1141 3583 1197 δ’
3637 1141 3737 1196 οὖν
3793 1142 3848 1194 οὐ

423 1237 621 1296 σπάνια
647 1237 715 1295 τὰ
743 1237 902 1313 καλὰ,
931 1241 994 1296 τὸ
1022 1245 1115 1296 τοῦ
1144 1237 1306 1316 λογοῠ
1339 1258 1352 1272 ·
1383 1255 1558 1318 quam
1589 1236 1900 1300 confundit
1929 1240 2022 1302 Ne

2267 1235 2327 1296 in
2360 1236 2482 1300 Cat.
2520 1234 2695 1298 codd.
2729 1235 2945 1298 Caesar.
2981 1243 3130 1314 part.
3163 1250 3206 1313 ι,
3269 1251 3399 1313 pag.
3464 1230 3639 1302 224,
3710 1243 3842 1288 cum

429 1342 654 1405 priore.

509 1415 784 1477 Canones
805 1413 1238 1494 paraclelicos,
1269 1413 1392 1475 sive
1421 1412 1685 1476 carmina
1711 1411 2108 1475 consolatoria
2133 1411 2232 1492 24,
2266 1411 2340 1473 ad
2370 1411 2700 1485 Christum,
2731 1418 2950 1473 sotera.
2984 1413 3049 1474 In
3081 1409 3214 1473 cod.
3241 1407 3499 1470 Vindob.
3545 1407 3845 1469 Caesareo

427 1501 612 1565 theol.
645 1501 748 1578 98,
779 1501 1107 1566 secundum
1137 1501 1372 1564 Nesseli
1397 1502 1521 1565 Cat.
1558 1521 1620 1564 ιι.
1658 1510 1713 1582 1,
1746 1501 1848 1564 fol.
1890 1504 1942 1565 1.
1977 1503 2170 1564 Unum
2202 1501 2478 1581 quodque
2507 1518 2749 1562 carmen
2781 1499 3144 1580 peculiarem
3175 1517 3340 1560 suam
3385 1497 3585 1558 habet
3622 1510 3842 1556 acros-

426 1588 738 1670 tichidem,
769 1607 900 1670 qum
927 1588 1135 1651 itidem
1167 1598 1229 1651 ut
1258 1591 1533 1671 quaelibet
1562 1590 1697 1665 ode,
1739 1608 1896 1654 nona
1941 1589 2182 1652 nomine
2216 1589 2463 1651 Joannis
2514 1588 2792 1668 insignita
2842 1598 2950 1650 est.
2982 1588 3117 1650 Haec
3147 1595 3204 1649 et
3236 1585 3562 1667 sequentia
3599 1582 3845 1645 cantica

419 1677 546 1740 sive
576 1695 841 1741 canones
869 1677 1212 1757 diligentius
1241 1678 1544 1761 fusiusque
1572 1677 2176 1759 recensuithambec.
2212 1681 2438 1741 Comm.
2475 1679 2546 1752 V,
2582 1696 2640 1758 p.
2695 1677 2813 1740 560
2871 1695 3040 1757 seqq.
3086 1677 3161 1737 de
3217 1675 3350 1736 cod.
3406 1673 3526 1753 (uti
3605 1688 3838 1733 nume-

422 1766 542 1844 rat)
567 1765 712 1828 219.

503 1853 660 1918 Ibid.
690 1851 796 1915 fol.
830 1851 930 1926 77,
959 1871 1093 1935 pag.
1123 1855 1185 1931 2,
1219 1854 1333 1917 alia
1359 1862 1498 1918 sunt
1527 1854 1648 1918 duo
1706 1855 1966 1920 Cantica
2022 1854 2124 1934 ad]
2153 1854 2471 1928 Christum,
2533 1864 2751 1928 sotera,
2814 1851 2944 1914 sine
3001 1852 3394 1915 acrostichide
3451 1858 3507 1911 et
3569 1848 3835 1910 nomine

425 1940 710 2005 auctoris.

502 2028 591 2093 Ib.
614 2028 718 2091 fol.
741 2028 844 2105 33,
870 2047 1003 2110 pag.
1031 2031 1088 2105 1,
1117 2030 1353 2095 Canon.
1382 2032 1506 2094 sive
1523 2033 1827 2096 Canticum
1851 2031 1924 2094 ad
1943 2041 2208 2095 sanctum
2229 2031 2506 2108 angelum
2528 2033 2855 2095 custodem.
2885 2067 2961 2077 —
2999 2029 3126 2092 Fol.
3151 2029 3251 2102 88,
3278 2047 3403 2108 pag.
3445 2029 3498 2099 1,
3535 2027 3832 2089 Canones

420 2118 544 2181 sive
563 2117 791 2180 cantica
809 2118 909 2194 67,
929 2117 1003 2179 ad
1025 2119 1270 2181 Mariam
1293 2118 1633 2201 Deiparam,
1660 2138 1909 2202 quorum
1949 2139 2129 2182 unum
2152 2122 2424 2203 quodque
2445 2123 2805 2203 peculiarem
2833 2140 2999 2184 suam
3025 2118 3200 2181 habet
3223 2116 3729 2194 acrostichidem,
3766 2124 3827 2177 et

422 2206 654 2281 itidem,
681 2215 745 2270 ut
761 2205 1036 2288 quaelibet
1053 2207 1188 2283 ode,
1215 2225 1371 2270 nona
1389 2209 1629 2273 nomine
1643 2208 1886 2273 Joannis
1907 2218 1996 2271 est
2014 2209 2313 2288 insignita.
2347 2245 2424 2256 —
2469 2211 2596 2274 Fol.
2630 2211 2769 2288 315,
2806 2231 2861 2292 p.
2901 2213 2959 2286 1,
2994 2210 3268 2271 (Iunones
3311 2206 3433 2268 sive
3465 2205 3713 2292 cantica
3753 2207 3813 2263 11

421 2295 496 2357 ad
528 2297 593 2361 S.
623 2295 916 2359 Joannem
950 2296 1295 2376 Baptistam,
1329 2297 1564 2378 eodem,
1589 2317 1705 2377 quo
1729 2299 1951 2379 priora,
1971 2299 2142 2362 modo
2161 2300 2419 2362 condita.
2454 2335 2532 2344 —
2555 2291 3086 2382 Aliquot’canones
3101 2296 3459 2377 paracletici
3474 2291 3817 2356 suntetiam

421 2385 485 2448 in
515 2385 649 2447 cod.
685 2383 898 2449 Cessat.
932 2383 1072 2461 309,
1107 2385 1211 2448 ﬁn.
1244 2383 1315 2447 V.
1349 2385 1630 2450 Lambec.
1663 2389 1736 2448 V.
1766 2407 1824 2468 p.
1860 2388 1999 2451 575.

502 2471 653 2536 Ibid.
687 2473 821 2537 cod.
861 2473 997 2554 103,
1030 2473 1410 2536 continentur
1438 2475 1705 2554 ejusdem
1739 2475 1856 2536 102
1881 2475 2380 2553 sacra_iambica,
2417 2478 2858 2557 praefixaipsius
2874 2475 3162 2557 Epitome.
3189 2471 3459 2535 Curatius
3481 2468 3811 2546 descripsit

425 2561 709 2625 Lambec.
743 2563 902 2625 hunc
929 2559 1062 2624 cod.
1095 2580 1272 2642 quem
1303 2571 1573 2624 numerat
1603 2563 1742 2639 211,
1777 2563 1839 2623 in
1871 2565 2198 2627 Comment.
2231 2565 2348 2628 vol.
2382 2564 2455 2646 V,
2489 2583 2622 2645 pag.
2658 2566 2736 2630 66
2765 2584 2894 2646 sqq.
2925 2586 2938 2644 ;
2999 2572 3061 2624 et
3087 2562 3452 2640 singulorum
3481 2567 3802 2639 poematum

419 2649 842 2731 inscriptiones
869 2658 1046 2731 atque
1076 2650 1365 2731 principia
1393 2652 1610 2732 posuit,
1643 2652 1905 2732 itemque
1933 2652 2188 2714 correxit
2217 2653 2512 2734 Hippolyti
2543 2653 2816 2716 Maraceii
2853 2651 3158 2724 Lucensis,
3214 2649 3314 2730 qui
3339 2650 3398 2710 in
3427 2647 3800 2709 Bibliotheca

422 2738 710 2800 Mariana
737 2738 812 2799 de
838 2737 1082 2800 Joannis
1111 2739 1299 2802 Maur.
1332 2746 1523 2814 astate,
1557 2746 1834 2819 tanquam
1865 2758 1931 2801 re
1960 2739 2182 2802 incerta
2213 2741 2352 2820 agit,
2386 2750 2443 2802 et
2471 2741 2616 2804 Sim.
2644 2742 3044 2819 Wagnereck,
3069 2738 3245 2819 quiin
3269 2739 3506 2799 Pietate
3521 2735 3796 2799 Mariana

431 2825 804 2900 Graecorum,
829 2834 982 2906 part.
1017 2843 1058 2905 ι,
1091 2827 1148 2887 in
1181 2824 1513 2905 Prolegom.
1548 2845 1607 2887 ιι.
1643 2826 1741 2901 23,
1777 2826 1982 2888 scribit
2022 2846 2086 2889 se
2134 2829 2398 2890 nondum
2432 2829 2750 2910 quidquam
2781 2829 2856 2890 de
2888 2837 3086 2889 nostro
3118 2825 3439 2898 invenisse,
3475 2823 3621 2904 quod
3656 2821 3788 2882 viris

421 2913 612 2976 doctis
641 2913 894 2994 probare
922 2931 986 2976 se
1016 2931 1190 2994 posse
1214 2914 1558 2977 confideret.
1591 2914 1722 2996 [pse
1751 2923 1946 2976 tamen
1977 2915 2256 2979 Lambec.
2291 2917 2574 2996 ignoravit
2603 2918 2742 2979 edit.
2779 2917 2942 2979 Busti
2970 2916 3351 2986 Etonensem,
3378 2913 3626 2984 miratus,
3643 2927 3776 2989 poe-

424 3008 584 3065 mata
611 3019 779 3063 sacra
807 3009 1136 3064 memorata
1165 3019 1198 3063 a
1227 2999 1376 3064 Joan
1406 3002 1662 3064 Meursio
1689 3003 1883 3064 sexies
1913 3003 2082 3065 citari
2111 3004 2171 3065 in
2205 3004 2502 3068 Glossario
2553 3006 3070 3085 Graeco-Barbare,
3119 3013 3180 3064 et
3227 3001 3471 3083 quidem
3502 3000 3638 3062 velut
3657 2999 3766 3076 jam

420 3089 606 3152 edita.
639 3088 755 3152 Sed
785 3088 1082 3151 Kollarius
1111 3089 1232 3169 jam
1260 3089 1322 3150 in
1353 3098 1492 3151 nota
1519 3091 1593 3163 A,
1625 3090 1752 3151 loco
1784 3091 1974 3152 nostri
2003 3091 2257 3154 Fabricii
2289 3092 2488 3173 allato,
2519 3094 2772 3156 certiora
2801 3094 3023 3156 docuit.

499 3175 665 3240 Idem
691 3177 862 3240 Joan.
896 3179 1084 3240 Maur.
1117 3175 1357 3257 scripsit
1393 3177 1593 3239 Vitam
1630 3177 1694 3241 S.
1731 3177 2032 3253 Eusebia,
2063 3181 2216 3260 apud
2246 3181 2558 3243 Euchaitas
2589 3181 2650 3241 in
2700 3201 2912 3261 magna
2954 3177 3333 3243 veneratione
3364 3176 3578 3239 habin
3611 3194 3624 3249 ;
3654 3176 3786 3236 item

423 3263 622 3328 Vitam
645 3267 714 3328 S.
740 3263 1023 3328 Dorothei
1046 3265 1312 3341 iunioris
1341 3269 1412 3327 in
1438 3264 1829 3341 Chiliocomo,
1855 3283 1924 3327 ex
1946 3266 2160 3346 quibus
2180 3269 2507 3346 fragmenta
2528 3271 2794 3350 quaedam
2825 3270 3045 3351 prolata
3071 3286 3200 3329 esse
3219 3286 3252 3328 a
3274 3269 3469 3327 Leone
3484 3264 3718 3351 Allatio,
3733 3261 3791 3351 in

416 3351 570 3416 libro
591 3353 684 3417 De
703 3370 1004 3418 consensu
1015 3358 1331 3432 utriusque
1348 3353 1634 3418 Ecclesiae
1658 3356 1723 3417 in
1744 3353 2120 3434 dogmatede
2140 3359 2519 3437 purgatorio,
2540 3349 2598 3439 p.
2624 3359 2759 3433 754,
2785 3349 3007 3421 indicat
3027 3356 3200 3420 Cave.
3229 3355 3382 3417 Add.
3428 3353 3620 3433 ipsum
3651 3349 3788 3412 Fab.

416 3441 480 3504 in
511 3443 630 3506 line
657 3441 943 3507 sectionis
969 3441 1045 3504 de
1064 3442 1213 3504 Joan
1267 3445 1457 3504 Maur.

500 3534 718 3595 Praeter
740 3537 1102 3594 memoratos
1121 3530 1298 3594 codd.
1324 3529 1662 3594 Vindobon.
1699 3539 1834 3594 sunt
1862 3533 1963 3594 alii
1994 3552 2252 3614 quoque,
2286 3535 2345 3596 in
2377 3536 2593 3617 quibus
2625 3544 2852 3599 exstant
2883 3539 3048 3599 Joan.
3081 3529 3451 3610 Mauropodis
3479 3526 3789 3607 Opuscula-

416 3620 735 3684 Florentiae
761 3620 824 3683 in
852 3619 998 3683 bibl.
1028 3618 1303 3682 Laurent.
1339 3619 1554 3683 Canon
1584 3620 1652 3682 in
1681 3622 1747 3684 S.
1781 3622 2065 3703 angelum
2094 3625 2424 3705 custodem,
2457 3626 2519 3686 in
2550 3626 2683 3687 cod.
2717 3627 2816 3705 17,
2851 3645 2912 3686 n.
2953 3625 3042 3698 12,
3079 3624 3222 3703 plut.
3255 3623 3326 3682 15
3359 3619 3634 3699 (Bandin.
3672 3617 3788 3679 Cat.

416 3709 592 3773 codd.
623 3709 725 3772 Gr.
758 3709 934 3771 Laur.
965 3706 1011 3781 Ι,
1045 3726 1177 3788 pag.
1214 3710 1334 3781 40).
1370 3743 1449 3754 —-
1477 3708 1828 3772 Encomium
1858 3711 1915 3771 in
1949 3710 2054 3773 SS.
2088 3711 2312 3784 Patres,
2339 3714 2495 3775 Basil
2544 3717 2624 3777 Μ.
2659 3714 2901 3792 Gregor'
2941 3713 3224 3790 Theolng.
3261 3721 3317 3773 et
3347 3709 3519 3772 Joan.
3552 3708 3793 3788 Chryso-

416 3805 698 3880 stomum,
730 3799 791 3860 in
822 3797 955 3860 cod.
993 3799 1090 3871 17,
1127 3817 1187 3860 ιι.
1220 3796 1299 3862 29
1333 3795 1535 3872 (Band.
1570 3798 1611 3858 l.
1647 3816 1701 3860 c.
1739 3817 1867 3878 pag.
1908 3800 2072 3878 418).
2105 3802 2210 3864 Est
2241 3819 2476 3883 quoque
2527 3803 2674 3864 illud
2731 3802 3081 3866 Encomium
3114 3801 3173 3861 in
3204 3800 3377 3862 codd.
3419 3798 3685 3859 Vatican.
3732 3794 3786 3857 l’.

415 3886 620 3951 Montf.
657 3886 817 3950 Bibl.
854 3885 992 3950 bibl.
1023 3903 1168 3948 mss.
1201 3885 1246 3960 Ι,
1280 3904 1412 3966 pag.
1446 3885 1521 3947 12
1549 3886 1619 3956 D,
1655 3893 1717 3948 et
1753 3889 1822 3949 13
1854 3887 1915 3952 C.
1949 3910 1964 3968 ;
1999 3924 2076 3934 —
2104 3891 2165 3951 in
2193 3890 2327 3951 cod.
2355 3890 2592 3955 Mediol.
2619 3892 2822 3954 Ambr.
2851 3891 2996 3952 ibid.
3027 3908 3154 3970 pag.
3176 3889 3293 3953 500
3315 3894 3396 3968 A;
3430 3921 3508 3932 —-
3538 3887 3595 3946 in
3621 3885 3785 3946 codd.

415 3977 606 4043 Paris.
631 3975 775 4038 bibl.
803 3974 965 4056 publ.
989 3974 1130 4050 559,
1159 3993 1220 4039 n.
1244 3974 1304 4055 9,
1339 3982 1398 4037 et
1431 3975 1606 4049 1557,
1630 3994 1692 4035 ιι.
1729 3980 1828 4046 2t,
1865 3977 2114 4040 secund.
2145 3979 2268 4042 Cat.
2300 3981 2475 4041 codd.
2510 3981 2693 4043 Paris.
2727 3982 2820 4042 vol
2855 3979 2941 4059 II;
2978 4014 3049 4024 ——
3086 3978 3144 4038 in
3179 3977 3351 4039 codd.
3403 3974 3648 4037 Coislin.
3681 3972 3786 4035 304

417 4074 476 4130 et
503 4065 729 4141 307,in
750 4063 1022 4127 Homiliis
1042 4072 1103 4126 et
1120 4061 1266 4125 Vitis
1290 4060 1398 4127 SS.
1425 4069 1663 4143 martyr.
1687 4065 1815 4126 Jan.
1854 4065 1917 4128 V.
1945 4067 2261 4128 Montfauc.
2312 4069 2373 4129 in
2425 4069 2578 4131 Bibl.
2631 4070 2810 4133 Coisl.
2846 4087 2973 4149 pag.
3010 4068 3147 4138 418,
3185 4084 3358 4146 quem
3392 4064 3598 4142 miror,
3651 4081 3787 4122 nus-

414 4175 590 4238 quam
611 4155 773 4217 illius
792 4153 1152 4216 mentionem
1177 4151 1386 4213 factam
1405 4152 1743 4233 reperisse;
1765 4167 1819 4214 et
1846 4172 1976 4234 pag.
2003 4154 2142 4231 433,
2170 4155 2271 4217 ubi
2293 4167 2470 4237 errat,
2498 4160 2747 4220 Caveum
2775 4177 2892 4219 non
2922 4157 3260 4217 meminisse
3307 4153 3469 4214 illius
3500 4151 3786 4230 opusculi.

411 4277 490 4290 —
509 4241 751 4307 Taurini
770 4242 832 4302 in
854 4240 1008 4303 Bibl.
1038 4243 1186 4319 Reg.
1212 4240 1387 4302 codd.
1406 4240 1507 4314 70,
1537 4241 1636 4303 fol.
1661 4241 1800 4311 329.
1829 4250 1886 4302 et
1913 4243 2043 4304 115.
2081 4244 2139 4304 in
2168 4243 2271 4306 SS.
2297 4248 2532 4308 Patrum
2551 4246 2938 4309 Sermonibus
2952 4245 3240 4325 Vilisque,
3261 4241 3711 4303 menseJanuar.
3734 4239 3766 4298 d

411 4331 513 4395 30.
541 4331 604 4394 V.
622 4331 749 4394 Cat.
773 4329 948 4392 codd.
977 4327 1078 4393 Gr.
1104 4328 1347 4391 Taurin.
1374 4348 1504 4410 pag.
1535 4330 1644 4393 167
1674 4330 1910 4403 61221).
1949 4365 2022 4377 -—
2048 4335 2195 4392 Tum
2220 4333 2280 4393 in
2313 4335 2447 4397 cod.
2477 4337 2755 4397 Laurent.
2812 4336 2903 4407 18,
2929 4355 2987 4397 n.
3025 4339 3085 4405 3,
3123 4334 3272 4414 plut.
3305 4332 3364 4404 9,
3397 4330 3566 4392 Joan.
3604 4333 3789 4414 Maur.

407 4420 714 4486 Invocatio
725 4425 779 4480 et
801 4418 1090 4495 confessio
1113 4419 1178 4479 in
1191 4417 1476 4499 angelum
1489 4417 1793 4480 custodem
1809 4419 1950 4481 vitae
1968 4421 2488 4496 nostrw,versibus
2505 4425 2617 4487 456
2631 4425 2743 4485 iam
2755 4423 2918 4486 bacis.
2933 4460 3004 4468 ——
3017 4411 3242 4486 Sermo
3260 4421 3324 4482 in
3356 4420 3537 4480 Dor-m
3549 4411 3792 4479 itionem

407 4505 786 4590 Deiparaa,in
799 4505 932 4570 cod.
949 4505 1046 4581 31,
1063 4524 1124 4566 n.
1148 4503 1217 4567 21
1232 4552 1248 4577 ,
1257 4505 1402 4586 plut.
1431 4507 1532 4570 10.
1554 4541 1628 4551 —-
1645 4506 2128 4586 Etymologicum
2142 4511 2458 4573 metricum
2474 4514 2786 4574 nominum
2805 4514 2867 4573 in
2885 4512 2932 4573 S
2943 4562 2954 4574 .
2970 4510 3294 4589 Scriptura
3306 4507 3718 4576 celebriorum,
3737 4506 3793 4566 in

409 4596 545 4660 cod.
571 4594 678 4670 13,
715 4613 777 4656 ιι.
806 4593 911 4682 49,
944 4593 1095 4674 plut.
1123 4595 1222 4682 74.
1264 4593 1334 4682 ἐν.
1369 4594 1621 4658 Bandin.
1660 4597 1704 4676 l,
1741 4615 1868 4676 pag.
1906 4597 2009 4661 42(

2189 4599 2280 4664 96.
2313 4619 2381 4661 ac
2415 4608 2556 4663 tom.
2608 4601 2705 4676 Ill,
2759 4622 2816 4682 p.
2856 4619 2921 4665 ιιι
2952 4601 3051 4662 ubi
3083 4599 3333 4664 dubitat.
3370 4616 3507 4656 num
3540 4596 3639 4656 illa
3663 4614 3789 4656 car-

411 4684 574 4748 mina
603 4681 974 4764 etymologici
1005 4682 1067 4743 in
1099 4681 1193 4746 ed.
1233 4681 1406 4746 Eton.
1439 4686 1839 4764 reperiantur.
1871 4685 1936 4747 In
1969 4687 2107 4750 eod.
2138 4687 2270 4749 cod.
2313 4690 2404 4752 13.
2440 4709 2499 4752 n.
2537 4692 2636 4765 50,
2672 4681 3032 4752 estlnitium
3047 4688 3792 4767 etymologiarumeorum.

406 4792 540 4856 qua:
561 4774 642 4837 ad
660 4772 958 4835 hominem
980 4771 1314 4850 pertinent,
1332 4770 1602 4833 versibus
1617 4772 1882 4848 iambic.,
1904 4793 2153 4854 quorum
2167 4784 2465 4838 auctorem
2481 4779 2759 4841 eumdem
2779 4782 3062 4842 Joannem
3096 4797 3224 4839 esse
3247 4774 3577 4855 suspicatur
3608 4774 3792 4836 Band.

412 4881 548 4946 pag.
568 4861 709 4926 112.
726 4895 807 4907 ο-
818 4857 1086 4933 Taurini,
1109 4859 1170 4920 in
1183 4859 1334 4922 bibl.
1351 4862 1500 4937 Reg.
1519 4859 1653 4924 cod.
1676 4863 1814 4941 108,
1835 4864 2247 4942 Hypomnema
2268 4871 2329 4927 in
2347 4865 2695 4930 Dominicas
2706 4867 2937 4929 solemn
2951 4862 3798 4941 itatesiambicisaliisquever-

411 4950 578 5014 sibus
601 4948 904 5031 przemissa
927 4946 1175 5011 Joannis
1207 4951 1395 5036 Maur.
1425 4946 1770 5036 Vita.Plura
1783 4950 1915 5011 v.in
1929 4951 2050 5014 Cat.
2070 4953 2167 5013 cit.
2189 4972 2316 5033 pag.
2333 4956 2474 5017 244.
2499 4989 2574 5001 —-
2598 4957 2785 5019 Paris.
2809 4956 2869 5017 in
2893 4956 3038 5016 bibl.
3067 4953 3229 5036 publ.
3256 4952 3389 5014 cod.
3433 4951 3572 5023 847,
3617 4949 3796 5012 iambi

413 5036 477 5100 in
506 5037 961 5110 Thesdoretum,
989 5036 1170 5117 hujus
1203 5035 1644 5098 Commentario
1676 5037 1736 5097 in
1767 5055 1846 5100 XII
1882 5057 2013 5118 pro;

2196 5042 2446 5105 minores
2478 5045 2700 5124 praefixi
2731 5065 2752 5121 ;
2784 5046 2842 5105 in
2875 5045 3006 5106 cod.
3047 5044 3224 5114 1182,
3262 5039 3475 5101 n.113.
3500 5037 3796 5100 Je-an.Eu-

412 5127 748 5190 chaitarum
770 5125 1162 5208 metropolitaa
1182 5125 1470 5207 Epistola.
1492 5160 1572 5171 —
1595 5127 1890 5188 Monachii
1915 5127 1976 5188 in
1999 5128 2144 5192 bibl.
2174 5131 2415 5195 elector.
2449 5134 2558 5194 cod
2587 5135 2724 5207 235,
2748 5136 2969 5195 Versus
2999 5131 3237 5194 iambici
3267 5131 3328 5190 in
3357 5129 3530 5190 Festa
3563 5127 3793 5190 Domini

413 5216 560 5280 etin
587 5214 1222 5302 aliaidiversigeneris
1250 5222 1618 5302 argumenta.
1657 5213 1752 5295 (V.
1787 5216 1913 5278 Cat.
1946 5218 2120 5280 codd.
2183 5221 2284 5284 Gr.
2311 5221 2519 5284 Bavar.
2556 5242 2612 5302 p.
2675 5224 2769 5285 82.
2779 5231 2802 5299 )
2861 5258 2938 5268 -—
2993 5222 3077 5284 De
3133 5221 3302 5285 Joan.
3360 5218 3541 5279 Maur.
3575 5215 3796 5277 inedita

411 5303 667 5387 quadam
699 5301 1003 5379 Oratione,
1037 5303 1096 5365 in
1131 5322 1246 5386 qua
1274 5303 1498 5365 dictum
1531 5301 1556 5364 Ι
1583 5301 1758 5368 Joan.
1789 5321 1848 5385 ν,
1880 5305 1914 5366 7
1953 5325 1966 5368 :

2195 5311 2273 5366 τοὶ
2315 5325 2460 5390 τρεῖς
2493 5301 2578 5367 καὶ
2609 5314 2682 5382 ἓν,
2745 5311 2862 5390 agit
2914 5310 3126 5373 Franc.
3189 5315 3404 5373 Anton.
3461 5307 3702 5369 Knittel.
3732 5306 3792 5367 in

411 5391 1008 5560 Netttvgn(gmi)ckcn
1035 5391 1182 5456 uber
1204 5391 1473 5455 dember.
1509 5393 1770 5472 Spruch.
1807 5391 1972 5474 Drey
2002 5395 2165 5472 siml,
2197 5398 2298 5460 die
2325 5401 2406 5460 da
2435 5417 2662 5479 zeugen
2694 5402 2779 5463 im
2809 5400 3098 5480 Himmel,
3124 5407 3237 5462 etc.
3257 5397 3501 5460 Brunsv.
3537 5399 3707 5471 1785,
3729 5396 3788 5470 8,

411 5497 514 5544 sec
541 5521 559 5541 .
633 5528 650 5546 .
879 5521 899 5541 .

410 5486 559 5544 sect.
589 5486 899 5546 2.1mm).
