4052 6134
289 189 315 252 i
327 188 447 256 053

1395 190 1580 255 VITA
1624 190 1684 253 S.
1730 188 2121 252 DOROTHEI
2162 191 2534 254 JUNIORIS.

3488 186 3637 254 1054

290 322 361 384 εἷς
431 322 529 389 τὴν
599 322 703 378 τῶν
774 322 1170 401 προγεγονότων
1263 321 1537 396 ὁμοίωσιν,
1610 318 1788 396 ὥσπερ
1860 318 1932 379 εἷς

2030 313 2159 377 ium
2188 316 2290 378 illa
2317 337 2446 398 qua
2477 337 2631 380 nunc
2662 328 2977 401 geruntur,
3009 322 3228 385 similia
3255 321 3329 385 iis
3354 341 3484 404 qua
3512 320 3653 383 olim

289 411 564 489 προγόνων
632 409 915 488 εὐγένειαν,
984 413 1044 466 τὸ
1137 409 1199 465 δα
1288 408 1441 474 κλέος
1542 407 1753 465 ἐκείνων
1811 405 1941 482 ὑπὲρ

293 500 467 555 πίστιν
537 496 712 561 ἄλλως
780 496 965 558 δοκοῦν
1048 497 1131 554 διὰ
1222 499 1283 553 τὸ
1354 494 1644 577 παράδοξον
1709 494 1769 551 ἐκ
1835 498 1941 549 τῶν

294 586 567 665 παρόντων
648 588 997 663 πιστούμενος
1032 605 1048 620 ·
1106 588 1194 642 καὶ
1276 585 1417 663 παρά
1500 607 1557 641 τε
1613 589 1711 651 τῆς
1767 581 1942 657 ὅψεως

295 676 437 755 παρά
478 697 535 733 τε
604 681 702 742 τῆς
754 676 921 742 ἀκοῆς
977 677 1038 732 τὸ
1092 676 1220 754 πρὸς
1263 674 1454 754 ἀρετὴν
1524 671 1721 752 ἀνδρῶν
1791 670 1942 749 γόνι-

298 787 396 841 μον
466 765 554 821 καὶ
635 763 932 845 πολυφόρον
1037 764 1483 844 μαρτυρούμενος,
1581 765 1655 818 ὧν
1734 759 1943 817 ἅπασαν

298 851 478 931 πλήρη
508 853 606 920 τὴν
638 853 825 913 ἑαυτοῦ
864 852 1160 934 περίχωρον
1218 851 1335 932 ἔχει
1370 868 1384 881 ⁸
1421 849 1583 909 ἄλλου
1634 847 1751 907 κατ’
1811 845 1941 904 ἄλλο

301 942 457 1022 μέρος
515 942 679 1009 αὐτῆς
760 942 813 998 ἐν
883 941 1148 1022 διαφόροις
1220 952 1428 1019 καιροῖς
1494 941 1592 1008 τὴν
1635 945 1726 996 τοῦ
1777 935 1942 994 καλοῦ

299 1031 625 1110 κατόρθωσιν
678 1029 1090 1106 ἐπιδειξαμένου,
1149 1033 1237 1087 καὶ
1309 1029 1488 1107 μέντοι
1545 1030 1634 1086 καὶ
1675 1029 1736 1084 τὸ
1787 1032 1943 1101 σῶμα

302 1120 437 1195 μετὰ
464 1121 585 1183 τοὺς
640 1117 823 1185 ἄθλους
879 1120 1038 1178 αἰ)τοῦ
1094 1140 1193 1175 που
1247 1118 1628 1183 καταλιπόντος
1682 1116 1823 1192 παρὰ
1849 1115 1941 1170 τὸν

216 1202 235 1221 ”
300 1208 463 1265 τόπον
523 1213 622 1276 τῆς
666 1208 921 1286 ἀγωνίας,
976 1222 1096 1271 τοϊς
1152 1208 1434 1287 περιοίκοις
1478 1206 1725 1286 ἐνέχυρον
1781 1204 1943 1283 ἆσφα·

303 1294 395 1362 λὲς
428 1298 729 1377 σωτηρίας,

381 1375 456 1463 β’.
518 1375 725 1444 Τούτων
786 1390 869 1450 εἷς
927 1388 1014 1443 καὶ
1074 1387 1362 1467 Δωρόθεος,
1402 1390 1430 1443 ὁ
1474 1386 1638 1465 μέγας
1668 1384 1722 1441 ἐν
1764 1384 1940 1448 ἀσκη-

2021 412 2184 492 gesta
2198 414 2387 469 sunta
2409 408 2805 486 generositate
2836 411 3140 489 majorum
3171 418 3529 492 nostrorum,
3566 409 3656 470 bis

2020 491 2172 573 ipsis
2201 494 2378 556 fidem
2429 504 2728 575 prastant.
2788 497 3004 560 futuris
3055 498 3271 579 alioqui
3303 491 3544 580 propter
3571 498 3660 559 ni-

2024 580 2202 643 miam
2221 600 2383 644 suam
2404 584 2924 648 admirabilitatem
2940 586 3415 663 incredibilibus;
3428 595 3486 649 et
3504 586 3657 648 visus

2023 669 2375 752 auditusque
2408 672 2585 734 simul
2616 674 3017 737 testimonium
3049 674 3366 754 perhibent
3393 675 3659 737 fecunda

2023 757 2326 822 hominum
2358 759 2595 823 illorum
2625 762 2698 824 ad
2729 763 3220 840 virtutemindoli,
3241 763 3659 845 quibusomnis

2023 846 2138 909 late
2166 848 2327 927 regio
2358 848 2583 910 circum
2635 850 2896 912 abundat
2930 872 2945 933 ;
3007 852 3137 913 aliis
3165 860 3337 933 atque
3366 850 3519 926 aliis,
3555 871 3660 933 per

2023 935 2285 999 diversas
2305 937 2432 1017 ejus
2454 947 2652 1018 partes
2678 947 3056 1022 temporaque
3088 942 3365 1022 praeclara
3377 940 3656 1003 virtutum

2023 1027 2293 1107 exempla
2321 1028 2725 1108 prabentibus
2746 1051 2760 1110 ;
2782 1029 2921 1110 quin
2940 1030 3112 1091 etiam
3146 1049 3384 1111 corpus,
3411 1030 3659 1091 decursa

2024 1115 2150 1175 vita
2180 1116 2468 1196 palastra,
2502 1116 2757 1179 subinde
2786 1118 3259 1199 relinquentibus
3287 1120 3346 1180 in
3381 1119 3510 1179 loco
3534 1135 3659 1180 cer-

2023 1200 2260 1262 taminis
2288 1211 2568 1265 tesseram
2601 1204 2803 1267 salutis
2827 1205 3213 1269 indubitatam
3232 1206 3455 1270 circum
3489 1205 3658 1267 inco-

2023 1288 2285 1352 lentibus
2317 1310 2689 1356 mansurum.

2104 1378 2162 1441 2.
2191 1377 2271 1440 Ex
2295 1381 2507 1443 horum
2529 1401 2776 1445 numero
2800 1383 2909 1444 fuit
2930 1383 3103 1446 etiam
3129 1386 3487 1461 Dorotheus,
3504 1405 3658 1468 pra-

305 1488 424 1538 ταϊς
462 1492 478 1509 ⁸
522 1474 663 1552 λέγω
717 1473 772 1531 δὲ
827 1476 918 1531 τὸν
976 1473 1090 1531 νέόν
1132 1476 1219 1531 καὶ
1277 1475 1390 1532 καθ’
1464 1477 1605 1551 ἡμᾶς
1639 1491 1655 1507 ⁶
1715 1474 1831 1552 περὶ
1881 1473 1941 1527 οὗ

2030 1466 2217 1529 clarus
2244 1468 2345 1531 iile
2373 1471 2433 1532 in
2466 1472 2666 1551 paucis
2695 1481 2922 1533 ascetes
2956 1497 2968 1533 :
3005 1473 3365 1536 Dorotheum
3394 1466 3527 1538 dico
3553 1476 3628 1539 Ju

302 1564 468 1629 πολὺς
532 1564 712 1644 λόγος,
772 1567 860 1622 καὶ
917 1572 1123 1643 μακρᾶς
1194 1571 1497 1646 συγγραφῆς
1569 1567 1658 1622 καὶ
1714 1564 1941 1641 ἱστορίας

2030 1555 2280 1639 niorem,
2305 1558 2407 1640 qui
2435 1568 2634 1622 nostra
2661 1567 2829 1622 atate
2857 1561 3057 1623 ﬂoruit
3089 1582 3104 1642 ;
3136 1563 3210 1625 de
3240 1582 3351 1644 quo
3383 1563 3664 1646 frequens

302 1623 549 1730 δεόμενος
583 1623 621 1690 ⁸.
660 1623 794 1729 bimi
836 1651 882 1710 δ’
912 1623 1243 1735 ὲποὶρῆσειν
1272 1623 1345 1711 't'i
1385 1623 1601 1712 ⁸πολλῶν
1630 1652 1780 1731 ὀλίγα
1807 1623 1941 1709 δᾉκῶ

2030 1662 2246 1722 sermo,
2265 1623 2483 1709 multa
2511 1647 2855 1727 scriptionis
2884 1667 2951 1711 ac
2982 1623 3343 1713 narrationis
3373 1623 3612 1730 indigus
3646 1675 3659 1716 :

304 1765 399 1818 μοι
433 1746 450 1773 ‘
484 1742 597 1798 ἀντὶ
653 1741 865 1799 πολλῶν
895 1743 994 1821 γὰρ
1024 1732 1218 1804 ⁷ταύτα.
1246 1742 1349 1800 κᾶν
1393 1744 1451 1800 οὗ
1480 1742 1654 1800 πολλά
1687 1760 1700 1774 ·
1736 1740 1941 1818 ἐπείπερ

2030 1732 2131 1794 sed
2163 1734 2334 1796 nobis
2363 1735 2678 1798 suffectura
2701 1745 2837 1818 puto
2871 1755 2904 1799 e
2933 1738 3133 1801 multis
3163 1758 3350 1819 pauca
3383 1762 3398 1817 ;
3438 1760 3573 1803 cum
3605 1752 3667 1805 et

303 1832 460 1888 ἱκανὰ
514 1832 602 1888 καὶ
658 1832 788 1888 αὐτὰ
842 1831 903 1887 τό
952 1852 1010 1888 τε
1052 1829 1225 1911 ἄκρως
1274 1830 1562 1913 φιλόσοφον
1619 1840 1711 1889 τοῦ
1766 1827 1941 1906 ἀνδρὸς

2030 1838 2217 1901 pauca
2244 1821 2343 1885 illa
2362 1912 2369 1913 γ
2390 1824 2711 1887 multorum
2769 1825 2956 1888 instar
2981 1826 3257 1890 habitura
3285 1830 3427 1907 sint,
3460 1838 3662 1912 utpote

308 1925 642 1999 παραστῆσαι
686 1922 775 1978 καὶ
825 1922 886 1977 τὸ
941 1921 1077 1980 πάνυ
1125 1912 1388 2002 φιλόθεον,
1448 1919 1524 1978 ἔτι
1579 1918 1633 1976 δὲ
1673 1921 1761 1976 καὶ
1816 1917 1941 1985 ὅσης

2030 1912 2472 1975 accommodata
2519 1914 2592 1975 ad
2641 1915 3188 1995 reprasentandum
3232 1936 3524 1983 summam
3555 1920 3663 1982 viri

308 2007 580 2079 ἀπήλαυσε
619 2015 715 2077 τῆς
773 2009 992 2090 χάριτος
1046 2009 1136 2066 ἐπὶ
1174 2000 1401 2086 τούτοις,
1464 2012 1550 2066 καί
1594 2010 1710 2088 πρὶν
1767 2007 1941 2065 ἐντεῦ-

2030 2000 2376 2080 sapientiam
2435 2021 2847 2086 summamque
2902 2004 3299 2086 religionem;
3360 2016 3419 2069 et
3473 2008 3535 2070 in
3592 2009 3666 2071 iis

305 2100 390 2154 θεν
445 2098 835 2170 ἆπαναστῆναι,
924 2096 1195 2177 ἀρραϐῶνα
1276 2104 1375 2166 τῆς
1445 2101 1530 2154 νῦν
1599 2095 1941 2172 ἐκδεξαμένης

2030 2096 2245 2169 quanta
2304 2099 2635 2172 praventus
2684 2093 2759 2155 sit
2803 2093 3008 2172 gratia,
3073 2113 3368 2176 quamque
3417 2105 3660 2161 certam.

310 2186 464 2243 οὒτὸν
504 2189 593 2244 καὶ
621 2189 750 2267 πρὸς
795 2188 922 2244 Θεὸν
973 2188 1311 2252 οἷκειώσεως.
1373 2190 1532 2252 Οὗτος
1590 2195 1862 2264 τοιγαροῦν
1919 2186 1941 2240 ὃ

2032 2177 2369 2259 priusquam
2402 2181 2891 2260 bincemigraret,
2918 2183 3215 2262 acceperit
3234 2185 3469 2247 arrbam
3484 2185 3663 2263 illius,

310 2282 554 2339 τοσοΰτος
600 2277 733 2357 ἐφύη
765 2276 859 2353 μέν
910 2280 1065 2334 ποθεν
1116 2275 1255 2333 ἔνθεν
1312 2276 1362 2342 ἐξ
1420 2276 1684 2351 ἐπισήμου
1740 2272 1941 2336 πόλεως

2032 2284 2145 2347 qua
2165 2285 2322 2330 nunc
2344 2268 2578 2344 fruitur,
2601 2268 3012 2331 familiaritatis
3033 2270 3265 2333 divinae.
3310 2271 3468 2335 Talis
3487 2274 3666 2353 igitur

306 2365 560 2442 γείτονος,
625 2364 825 2440 μᾶλλον
881 2364 936 2422 δὲ
990 2364 1367 2444 μητροπόλεως
1436 2364 1609 2428 ἔθνους
1664 2366 1758 2419 οὒκ
1814 2359 1941 2417 ἄνω-

2031 2366 2342 2440 tantusque
2369 2360 2477 2442 vir,
2513 2380 2583 2423 ex
2612 2361 2710 2423 illa
2736 2362 2975 2441 regione
3002 2362 3315 2443 aliquando
3346 2364 3511 2427 duxit
3552 2366 3667 2427 ori-

305 2456 493 2531 νύμου.
526 2458 929 2535 Τραπεζούντίος
973 2458 1071 2537 γάρ
1107 2474 1120 2487 ⁸
1168 2457 1319 2536 γένος
1373 2460 1461 2514 καὶ
1517 2458 1621 2513 τῶν
1678 2456 1734 2511 εὖ
1787 2477 1941 2533 γεγο-

2030 2447 2248 2526 ginem,
2268 2457 2473 2537 utpote
2499 2458 2668 2512 natus
2706 2450 2767 2511 in
2797 2450 3018 2513 celebri
3042 2453 3210 2533 urbe,
3238 2452 3421 2515 Ponto
3447 2454 3661 2536 vicina,

309 2543 498 2623 νότων,
533 2547 621 2602 καὶ
668 2548 773 2601 τῶν
816 2546 870 2602 ὲν
922 2535 1062 2602 τέλει
1106 2548 1171 2602 τὰ
1227 2547 1410 2625 πρῶτα
1447 2563 1459 2576 '
1509 2546 1561 2602 ἐν
1602 2546 1700 2624 γὰρ
1753 2566 1941 2622 πατρι-

2030 2544 2127 2599 aut
2161 2535 2353 2618 potius
2402 2538 2462 2599 in
2522 2539 2833 2619 metropoli
2894 2539 3232 2601 clarissima
3285 2541 3498 2620 gentis.
3532 2542 3670 2604 Erat

304 2634 437 2695 κίοις
497 2631 705 2691 ἐτέλουν
776 2637 822 2691 οἱ
876 2636 1007 2715 πρὸς
1077 2624 1280 2714 πατρὸς
1331 2635 1553 2712 πατέρες
1610 2638 1750 2707 αὑτῴ
1785 2652 1797 2665 ·
1861 2633 1941 2687 καῖ

2030 2625 2187 2715 enim
2212 2643 2246 2686 a
2268 2624 2693 2708 Trapezuntius
2716 2626 2792 2708 (ι)
2825 2632 3050 2706 fgenus
3073 2629 3315 2691 trahens
3353 2649 3385 2692 e
3415 2630 3663 2693 nobilis-

310 2721 510 2778 τούτων
566 2723 624 2780 οὔ
674 2737 791 2786 τοῖς
847 2721 899 2789 ἐξ
921 2712 928 2715 ⁷
952 2721 1171 2781 ἰδιωτῶν
1232 2721 1346 2803 ἄρτι
1403 2726 1609 2802 πρῶτον
1681 2724 1752 2785 εἷς
1797 2730 1941 2780 τοῦτο

2031 2712 2197 2775 simis
2220 2716 2581 2794 parentib:.s,
2601 2715 2791 2797 iisque
2816 2718 2871 2777 in
2894 2716 3234 2796 magistratu
3254 2718 3620 2800 principibus
3646 2742 3661 2800 ;

312 2810 690 2890 παραγγείλασι
761 2814 822 2869 τὸ
896 2812 1119 2888 ἀξίωμα,
1197 2811 1313 2868 ἀλλ’
1371 2815 1478 2885 οἷς,
1538 2815 1611 2874 ὡς
1683 2809 1743 2866 ἂν
1805 2809 1941 2866 εἴποι

2032 2803 2287 2882 majores
2306 2804 2524 2885 quippe
2554 2805 2682 2885 ejus
2707 2823 2776 2865 ex
2801 2811 2965 2885 parte
2991 2806 3171 2885 patris
3209 2807 3671 2870 numerabantur

314 2919 416 2973 τις,
471 2901 606 2956 κατὰ
658 2900 857 2980 κλῆρον
911 2901 977 2968 ἧν
1045 2903 1079 2968 ἡ
1126 2901 1381 2981 εὐγένεια,
1421 2903 1509 2956 καὶ
1563 2902 1648 2963 οὒς
1704 2899 1941 2977 γενεσίως

2038 2890 2190 2981 inter
2222 2894 2519 2972 patricios,
2557 2914 2674 2956 non
2726 2894 2858 2956 illos
2915 2895 3012 2976 qui
3062 2913 3275 2957 recens
3331 2915 3363 2959 e
3395 2897 3565 2978 plebe
3596 2898 3669 2959 ad

312 2984 388 3043 ἔτι
446 2990 533 3046 καὶ
609 2996 721 3069 νῦν,
802 2992 874 3053 ὡς
951 2989 1212 3066 ἐπίσημόν
1282 3012 1331 3046 τι
1370 2980 1579 3068 γένους
1638 2988 1941 3067 λαμπρότα-

2035 2980 2205 3042 istam
2231 2981 2573 3061 dignitatem
2620 2991 3032 3064 pervenerant,
3068 2992 3171 3046 sed
3206 2984 3420 3065 quibus
3450 2985 3670 3049 nobili-

312 3098 425 3157 τον,
485 3081 603 3134 οἷον
662 3069 997 3156 Ἡρακλείδας
1065 3080 1207 3144 τινας
1268 3081 1353 3135 καὶ
1406 3076 1694 3140 Πελοπίδαις
1751 3077 1941 3158 ἐπιφη-

2038 3076 2145 3158 tas,
2171 3079 2232 3132 ut
2252 3070 2470 3146 dicam,
2495 3072 2865 3135 bareditaria
2889 3084 3016 3134 erat
3044 3093 3059 3149 ;
3099 3073 3318 3153 quique
3334 3073 3673 3137 etiamnunc

314 3165 571 3240 μίζουσιν,
1858 3157 1861 3158 ⁷
2037 3157 2111 3219 ob
2141 3158 2369 3239 insigne
2400 3161 2685 3242 prosapia
2714 3179 2835 3223 sua
2865 3161 3073 3243 decus,
3100 3162 3184 3223 uti
3199 3161 3673 3244 Heraclidaqui-

2037 3246 2172 3309 dam
2201 3257 2300 3311 aut
2329 3249 2627 3331 Pelopida
2656 3249 2755 3327 (2),
2788 3250 3119 3313 laudantur.

392 3333 465 3421 γ’.
514 3341 611 3401 Ἐκ
667 3345 865 3401 τούτων
922 3344 1009 3401 οὗν
1078 3343 1345 3424 προελθὼν
1405 3347 1491 3401 καὶ
1559 3345 1624 3400 τὶ
1691 3351 1782 3400 τοῦ
1843 3345 1941 3420 βίοι

2120 3346 2177 3398 5.
2196 3338 2436 3402 Talibus
2457 3340 2653 3420 itaque
2669 3347 2987 3419 prognatus
2997 3338 3675 3418 parentibus,exordium

310 3434 561 3511 προοιμία
615 3432 717 3489 ὕπὸ
772 3431 1103 3496 διδασκάλοις
1160 3435 1393 3510 κοσμίως
1448 3434 1537 3489 καὶ
1593 3431 1941 3510 παιδαγωγοῖς

2038 3425 2169 3488 vita
2198 3428 2306 3490 sub
2337 3428 2651 3509 disciplina
2677 3427 3085 3507 magistrorum
3117 3446 3188 3488 ac
3228 3428 3675 3508 paedagogorum

310 3518 577 3591 διανύσας,
613 3521 687 3583 ὡς
719 3522 855 3584 εἰκὸς
897 3521 964 3588 ῆν
994 3520 1164 3591 δήπου
1194 3524 1283 3577 τὸν
1327 3526 1515 3600 εὐγενῆ
1551 3537 1563 3550 '
1614 3519 1701 3577 ὅτε
1748 3527 1941 3600 πρῶτοι

2040 3517 2341 3597 praclare,
2374 3525 2437 3579 ut
2465 3517 2723 3579 nobilem
2764 3524 2957 3596 pecet,
2990 3515 3241 3595 peregit.
3279 3515 3389 3578 Ubi
3422 3516 3676 3596 primum

312 3605 474 3675 ἀνέϐη
528 3606 882 3679 δωδεκαέτης,
956 3607 1145 3677 ἡδίστη
1202 3610 1508 3666 καθίσταται
1578 3611 1784 3690 φροντὶς
1841 3624 1941 3666 tot:

2039 3606 2225 3685 attigit
2254 3624 2473 3667 annum
2504 3605 2693 3667 atatis
2726 3604 3166 3679 duodecimum,
3224 3604 3416 3665 suavis
3453 3604 3675 3667 sollici-

313 3698 536 3776 πατράσι
607 3699 696 3753 καὶ
790 3697 976 3773 σκέψις
1064 3697 1149 3754 ἐπ’
1234 3700 1374 3773 αὖτῷ
1442 3700 1796 3777 παραχρῆμα,
1872 3702 1941 3753 κα

2042 3694 2178 3754 tudo
2223 3693 2559 3769 parentibus
2613 3692 2820 3753 oborta
2878 3699 2989 3769 est,
3039 3691 3553 3754 considerantibus
3607 3712 3677 3755 ac

315 3784 479 3861 βουλὴ
569 3785 1040 3867 περισπούδαστος,
1126 3788 1300 3864 γάμου
1374 3785 1665 3853 καταδῆσαι
1739 3784 1941 3861 δεσμοῖς

2040 3782 2302 3843 studiose
2330 3778 2796 3844 consultantibus
2843 3778 2919 3840 de
2967 3778 3088 3841 lilio
3142 3779 3203 3840 in
3234 3781 3679 3843 matrimonium

312 3877 401 3931 τὸν
448 3874 734 3954 ἐλεύθερον.
793 3853 903 3933 "li-tt
958 3878 1058 3955 γὰρ
1115 3875 1340 3952 ἠγνόουν
1397 3879 1443 3932 οἱ
1508 3876 1768 3955 ἄνθρωποι
1813 3879 1886 3941 ὡς
1930 3880 1941 3932 ἑ

2039 3870 2408 3933 collocando.
2463 3867 2816 3949 lgnorabant
2860 3867 3022 3929 enim
3078 3876 3327 3932 eatenus
3383 3869 3680 3951 homines,

307 3976 437 4025 παῖς
494 3963 675 4027 αὒτοϊς
705 3963 1069 4043 εὐγενέστερος
1112 3965 1212 4031 τὴν
1270 3966 1456 4043 ψυχὴν
1512 3964 1547 4031 ἢ
1592 3966 1653 4020 τὸ
1683 3968 1862 4040 σῶμα,
1898 3964 1941 4020 δι

2043 3978 2288 4039 puerum
2322 3957 2708 4039 illum;animi
2748 3956 2933 4035 magis
2960 3974 3133 4036 quam
3167 3958 3433 4037 corporis
3464 3957 3681 4020 nobili-

311 4073 370 4130 γε
414 4052 501 4107 καὶ
557 4054 659 4130 πρὸ
700 4058 799 4118 τῆς
845 4059 1157 4128 σωματικῆς
1227 4052 1437 4120 ἡλικίας
1492 4053 1623 4131 ὑπὲρ
1694 4055 1755 4108 τὸ
1804 4060 1941 4129 σῶμς

2042 4056 2158 4111 tate
2192 4055 2488 4128 prastare,
2524 4045 2625 4127 qui
2656 4052 2790 4106 ante
2820 4052 3046 4106 atatem
3097 4046 3469 4125 corporalem
3502 4065 3684 4128 supra

313 4142 598 4220 φρονήσας,
659 4142 744 4197 καὶ
815 4144 956 4221 παρα
1008 4144 1107 4209 τῆν
1150 4142 1367 4221 πρώτην
1426 4141 1568 4205 εὖθὺς
1632 4141 1941 4220 εἷςῇὺψηλό·

2044 4156 2257 4218 corpus
2284 4136 2542 4216 sapiens,
2600 4153 2633 4194 a
2689 4134 2910 4195 teneris
2939 4133 3133 4194 statim
3167 4133 3339 4196 annis
3368 4134 3679 4198 oculorum

313 4228 436 4307 τέρα
478 4227 680 4305 βλέψας
724 4232 826 4284 τῶν
891 4236 1080 4285 κοινῶν
1149 4231 1236 4286 καὶ
1294 4229 1708 4310 νενομισμένων,
1768 4234 1941 4310 σαρκὸε

2044 4226 2229 4288 aciem
2260 4226 2319 4285 in
2353 4224 2721 4296 sublimiora,
2752 4240 2928 4301 quam
2963 4221 3273 4302 putabatur
3301 4231 3361 4284 et
3390 4223 3489 4284 alii
3550 4223 3683 4302 ple-

316 4316 412 4391 μὲν
455 4318 541 4372 καὶ
586 4316 815 4392 α’ῗματος
874 4316 1138 4396 ὑπεριδεῖν
1208 4317 1318 4376 δεῖν
1376 4319 1549 4393 ᾠήθη,
1610 4317 1732 4375 ὅλον
1775 4318 1828 4376 δὲ
1877 4342 1941 4375 κα

2046 4332 2294 4395 rumque
2311 4313 2523 4387 solent,
2550 4309 2802 4372 intendit
2828 4334 2842 4380 ;
2871 4328 3216 4389 persuasum
3242 4310 3486 4387 habens,
3519 4312 3684 4373 carni

316 4412 470 4481 σῶμα
539 4407 627 4461 καὶ
696 4415 902 4481 πνεῦμα
977 4407 1201 4483 καθαρὸν
1259 4406 1487 4483 τηρῆσαι
1546 4414 1623 4481 τῷ
1680 4410 1935 4485 πνεύματι

2048 4411 2105 4464 et
2134 4402 2406 4481 sanguini
2433 4399 2852 4463 remittendum
2885 4400 3154 4459 nuntium
3190 4418 3343 4480 esse,
3382 4408 3687 4483 totumque

317 4495 489 4571 Ταύτῃ
548 4516 630 4552 τοι
702 4497 789 4551 xui
859 4492 1032 4556 ἄλλως
1089 4498 1193 4574 οὐχ
1250 4493 1392 4574 ἔχων
1446 4492 1505 4549 ἐκ
1546 4500 1643 4561 τῆς
1702 4496 1936 4574 κεφαλῆς

2050 4502 2328 4573 etcorpus
2344 4499 2401 4553 et
2420 4490 2685 4552 animum
2705 4486 2764 4548 in
2791 4489 3077 4549 munditia
3097 4489 3330 4570 spiritui
3359 4508 3683 4577 reservan-

316 4582 586 4658 ἐπιθυμίας
683 4583 883 4649 ταύτης
955 4595 1169 4662 τυχεῖν,
1244 4583 1332 4639 καὶ
1428 4588 1532 4638 τῶν
1603 4582 1941 4641 ἐιντελκόντιι)⁴

2046 4583 2212 4645 dum.
2246 4580 2446 4661 Itaque
2476 4579 2823 4657 desperans,
2874 4577 3046 4640 aliter
3094 4588 3427 4659 compotem
3460 4598 3525 4641 se
3556 4579 3685 4642 fieri

316 4671 526 4727 ἐκείνων
626 4669 885 4746 ἒμποδίων
995 4670 1376 4749 περιγενέσθαι,
1507 4671 1689 4728 ἑαυτὸν
1787 4674 1941 4750 σοφῶς

2044 4668 2449 4734 ardentissimi
2468 4665 2753 4731 desiderii
2773 4665 2863 4727 sui
2885 4676 2941 4727 et
2964 4667 3332 4729 obstaculaid
3357 4667 3434 4728 im
3445 4668 3685 4749 pedien-

315 4758 689 4831 ὑπεκκλέπτει,
748 4763 838 4817 καὶ
907 4762 1047 4840 ταχὺ
1104 4761 1269 4839 φυγὰς
1325 4762 1354 4816 ὁ
1416 4774 1683 4837 γενναῖος,
1732 4762 1941 4820 ἐντεῦθεε

2046 4762 2124 4823 tia
2148 4777 2531 4842 perrumpere
2554 4773 2726 4837 posse
2753 4773 2768 4831 ;
2793 4754 2939 4815 clam
2972 4773 3104 4817 sese
3133 4754 3410 4817 subducit
3440 4763 3499 4817 et
3528 4756 3688 4817 cele-

407 4933 675 5034 (1.)Ett‘go
706 4934 1296 5034 Trapezuntepatus,
1345 4936 1566 4999 celebri
1602 4938 1840 5034 ocivittate
1899 4939 1973 5032 ad
2057 4930 3691 5034 celeberrimi-iramvirorumGeorgii,vulgoTrapezuntii,

323 5012 890 5098 PontumEuxinum,
911 5016 1167 5098 quaalio
1196 5012 1434 5098 qucque
1456 5017 1697 5098 nomine
1725 5016 1977 5082 Oezenis
2059 5031 2118 5081 et
2146 5016 2464 5098 cardinalis
2495 5014 2883 5098 Bessarioiis.

334 5093 687 5173 appellatur.
724 5094 824 5155 Est
857 5087 1242 5178 ethrapezus
1294 5087 1403 5158 alia
1437 5098 1505 5159 ad
1541 5096 1733 5178 sinum
1766 5100 1981 5161 Arabi-
2143 5100 2225 5178 (2)
2257 5102 2397 5178 Duae
2426 5097 2517 5157 ha
2544 5094 2797 5178 familia
2820 5091 3252 5178 celeberrima
3298 5087 3697 5178 comebantur

322 5169 457 5233 curn
496 5190 509 5234 :
575 5182 634 5234 et
686 5177 862 5259 tertia
921 5175 981 5259 i_n
1033 5169 1305 5259 Arcadia.
1370 5177 1483 5259 Sed
1545 5177 1621 5238 de
1651 5178 1851 5259 priore
1883 5180 1981 5241 hic
2064 5169 2425 5259 ab'Hercule
2455 5184 2512 5235 et
2539 5174 2756 5259 Pelope
2797 5175 3008 5259 d_ucta_,
3060 5172 3217 5232 inter
3244 5187 3389 5251 quas
3417 5170 3492 5259 de
3520 5169 3696 5259 Pelo-

322 5270 542 5339 sermo,
602 5253 774 5339 cujus
830 5255 1169 5339 aptiquitati
1223 5248 1973 5339 grandgdecuiyaddidit
2054 5258 2301 5339 ponensi
2337 5248 2917 5339 possessioneadeo
2977 5252 3201 5339 famosa
3233 5248 3534 5339 contentio
3562 5248 3694 5339 iuit,

324 5331 636 5417 imp_eriu_m
662 5328 1470 5417 Orientis,Constant‘nopoli
1504 5336 1680 5417 eoab
1707 5335 1968 5417 impera-
2057 5328 2119 5397 ut
2148 5328 2595 5408 Heraciidarum
2645 5333 2702 5393 in
2734 5332 2893 5417 illam
2933 5330 3169 5417 reditus
3198 5328 3492 5408 aliquibus
3521 5328 3694 5417 etiam

321 5408 1513 5496 toribusGracisszeculoxmtranslatum,
1549 5414 1751 5496 ibique
1783 5408 1973 5479 annos
2056 5434 2160 5495 pro
2192 5417 2671 5495 epocha‘luerit.
2734 5410 2880 5473 Vide
2930 5410 3226 5473 Salianusn
3282 5430 3337 5471 a.
3384 5427 3463 5470 Ill.
3515 5408 3695 5482 2950,

320 5490 444 5554 fere
474 5490 764 5555 ducentos
794 5502 1115 5556 retentum.
1152 5495 1283 5558 Fuit
1313 5490 1518 5558 eadem
1554 5490 1747 5558 natale
1778 5498 1969 5559 solum
2058 5490 2316 5559 num-3.
