4052 6134
317 320 466 391 1057
1437 339 1624 403 VITA
1668 339 1726 400 S.
1775 335 2163 400 DOROTHEI
2202 334 2555 401 JUNIORIS
3523 333 3677 400 1058

317 462 575 543 ἐχόμενα,
622 468 854 546 καθάπερ
913 467 1246 535 πολύπλοκος
1302 471 1450 550 σειρά
1518 494 1598 536 τις
1653 477 1852 551 χρυσῆ,
1897 473 1958 527 τὸ

2043 470 2318 551 quoniam
2371 472 2554 551 magis
2609 471 2876 536 minusve
2926 471 3175 556 insignis
3225 473 3477 536 evaserit
3502 483 3676 556 atque

317 568 584 630 γενναῖον,
634 558 694 612 τὸ
741 557 1029 636 πρόθυμον,
1077 580 1132 613 τε
1187 557 1585 639 λελογισμένον,
1631 563 1691 616 τὸ
1742 559 1954 641 περιδέ-

2043 557 2616 639 apparuerit.0mnia
2645 561 2803 622 enim
2832 561 2958 640 ejus
2979 560 3256 622 virtutum
3281 561 3496 623 decora
3517 563 3678 626 inter

318 640 446 718 ξιον,
495 645 556 699 τὸ
604 647 792 701 θᾶττον
837 645 873 713 ἢ
929 646 1269 713 κελευσθῆναι
1327 651 1456 728 πρὸς
1498 651 1560 705 τὸ
1613 640 1956 725 κελευόμενον

2043 665 2102 707 se
2133 647 2292 726 paria
2320 667 2388 708 ac
2419 649 2747 724 simillima,
2796 657 2854 711 et
2883 650 2954 711 ad
2987 649 3172 711 instar
3216 657 3438 712 catenae
3482 670 3677 714 aurea:

317 733 646 812 ὕπακοεύειν,
677 735 738 789 τὸ
795 747 1035 811 κρεῖττον
1098 733 1302 800 ἐλπίδος
1347 735 1574 801 ἐξανύειν
1631 739 1692 794 τὸ
1752 735 1900 816 ἔργον
1937 753 1952 767 ’

320 820 404 876 ἐπὶ
448 827 601 895 πᾶσι,
647 823 708 876 τὸ
766 823 975 879 πάντων
1031 823 1366 898 ὑψηλότατόν
1426 847 1482 881 τε
1548 827 1635 882 καὶ
1682 824 1954 905 μέγιστον,

319 911 379 966 τὸ
425 907 589 986 μηδὲν
647 909 786 988 μέγα
841 915 1120 989 κατορθοῦν
1177 912 1402 994 οἴεσθαι,
1460 912 1556 970 κᾶν
1617 915 1681 970 τὰ
1749 913 1959 973 πάντων

319 997 506 1078 ἄριστα
572 997 933 1079 κατεπράξατο
969 1021 982 1034 ’
1061 1000 1196 1057 ἀλλά
1265 1005 1398 1082 πρὸς
1471 1003 1568 1070 τὴν
1628 1003 1961 1068 Λεσποτικὴν

320 1090 444 1166 ὁρᾷν
476 1087 721 1167 ἐντολὴν,
765 1090 1017 1162 καὶμετά
1063 1091 1162 1157 τὴν
1204 1097 1308 1148 τῶν
1363 1093 1575 1148 πάντων
1629 1089 1960 1167 ἐκπλήρωσιν

320 1174 543 1255 ἀχρεῖδν
585 1176 769 1232 ἑαυτὸν
813 1176 1001 1234 καλεῖν
1055 1175 1257 1258 δοῦλον,
1317 1183 1404 1237 καὶ
1460 1182 1558 1246 τῆς
1616 1185 1723 1236 τῶν
1750 1179 1956 1257 ὑπηρε-

319 1265 588 1341 τουμένων
631 1265 798 1345 εὐχῆς
829 1267 916 1322 καὶ
947 1265 1183 1346 εὐλογίας
1213 1267 1442 1335 ἀνάξιον,

2041 735 2357 796 multorum
2385 736 2736 797 annulorum
2762 756 3025 798 connexa
3044 746 3231 814 erant;
3258 755 3474 816 nempe
3495 739 3676 802 animi

2041 822 2168 901 ejus
2213 823 2554 901 magnitudo
2603 843 2670 887 ac
2720 826 3141 907 promptitudo,
3199 825 3532 904 prudentia,
3579 847 3677 891 sa-

2041 910 2628 990 pientia,obedientia
2659 914 2996 975 mandatum
3026 922 3402 996 praeverteris,
3426 933 3642 979 exsecu

2042 1001 2123 1060 tio
2155 1017 2398 1078 operum
2436 1002 2751 1080 perfectior
2779 1021 2951 1082 quam
3001 1003 3229 1082 sperari
3267 1017 3487 1084 posset;
3515 1005 3678 1067 deni-

2041 1105 2156 1168 que
2180 1091 2340 1167 quod
2376 1089 2637 1150 omnium
2691 1091 3050 1172 praecipuum
3103 1099 3161 1153 et
3211 1092 3528 1153 maximum
3564 1107 3676 1176 est,

2042 1176 2132 1240 sui
2162 1177 2474 1239 aestimati:
2507 1197 2620 1258 qua
2651 1180 2797 1240 nihil
2825 1179 3142 1260 quidquam
3175 1180 3457 1259 praeclare
3487 1182 3618 1244 fieri
3647 1201 3683 1244 a

2041 1282 2104 1326 se
2129 1265 2630 1344 putabat,tametsi
2651 1269 3105 1348 praeclarissima
3125 1287 3372 1350 quaeque
3403 1288 3680 1350 operare-

319 1362 452 1435 tur;
484 1352 588 1415 sed
617 1352 990 1415 Dominicum
1018 1355 1349 1436 respiciens
1382 1365 1762 1440 praceptum,
1793 1374 1925 1419 cum
1976 1353 2175 1414 omnia
2227 1354 2596 1434 explevisset,
2630 1354 2902 1419 inutilem
2932 1374 2996 1418 se
3025 1356 3152 1437 ipse
3179 1357 3512 1439 appellabat
3541 1378 3675 1424 ser-

319 1458 451 1504 vum
469 1442 532 1526 _3,
561 1449 617 1503 et
647 1441 768 1506 Deo
797 1442 1204 1505 famulantium
1237 1445 1540 1526 precibus,
1576 1455 1634 1508 et
1663 1443 2081 1509 benedictione
2109 1442 2435 1520 indignum.

397 1521 498 1605 ς’.
559 1531 707 1589 Οὕτω
747 1530 791 1588 δ’
823 1531 907 1589 ἐπὶ
962 1521 1458 1605 μήκιστον-’χρόνον
1512 1551 1634 1601 ταῖς
1685 1538 1829 1596 τοιαύ

484 1577 498 1590 ο
559 1556 707 1589 υυτω
747 1556 774 1588 Ο
823 1556 907 1589 επι
962 1556 1221 1609 μηκιστον
1266 1559 1458 1616 χρονον
1512 1556 1634 1601 ταῖς
1685 1556 1949 1598 τοιαύταις

2112 1531 2166 1591 6.
2190 1530 2333 1593 Cum
2366 1531 2942 1612 talibuslongissimo
2969 1541 3234 1617 tempore
3255 1536 3517 1600 dedisset
3536 1557 3679 1620 ope.

321 1621 586 1700 ἐργασίαις
650 1618 1042 1703 διαγενόμενος,
1099 1626 1186 1680 καὶ
1242 1623 1404 1692 δεξιὸς
1460 1628 1532 1690 ὡς
1591 1623 1751 1690 ἄλλος
1795 1623 1954 1688 ούδεὶς

2043 1635 2160 1680 ram
2179 1620 2475 1708 exercitiis
2490 1621 2863 1684 ethominum
2882 1621 3318 1686 famulatuitam
3339 1618 3676 1708 promptum

320 1711 385 1767 τὰ
451 1711 581 1786 πρὸς
649 1710 923 1788 θεραπείαν
999 1712 1283 1792 ἀνθρώπων
1358 1717 1725 1795 μαρτυρηθεὶς,
1784 1714 1959 1770 ἐντεῦ-

320 1803 405 1855 θεν
447 1797 587 1864 ἄξιος
632 1797 859 1876 κρίνεται
899 1801 985 1856 καὶ
1055 1808 1183 1858 Θεοῦ
1241 1800 1586 1884 λειτουργίας,
1630 1805 1719 1861 καὶ
1772 1801 1956 1859 διακο-

324 1889 486 1958 νήσας
535 1886 713 1951 καλῶς
777 1888 866 1967 (τὸ
921 1890 1020 1968 γὰρ
1074 1890 1424 1948 ἀποστολικὸν
1467 1895 1638 1950 εἰπεῖν
1693 1889 1952 1970 εὔκαιρον)

325 1977 522 2053 βαθμὸν
609 1976 779 2050 ἐαυτῷ
861 1975 1025 2032 καλὸν
1115 1993 1494 2058 περιποιεῖται,
1581 1981 1634 2038 ἐν
1738 1977 1958 2058 καθέδρᾳ

324 2061 680 2144 πρεσϐυτέρων
736 2066 904 2122 αἰνεῖν
958 2067 1051 2122 τὸν
1134 2067 1321 2147 Κύριον
1409 2070 1626 2134 εἰκότως
1696 2067 1954 2134 ἀξιωθείς.

325 2156 424 2211 Τὸν
477 2151 530 2209 δὲ
586 2159 822 2211 τοιοῦτον
897 2155 1097 2231 βαθμὸν
1163 2155 1439 2225 ἐπιστεύθη
1525 2159 1620 2234 μὲν
1691 2157 1747 2214 εὖ
1815 2156 1958 2233 μάλα

321 2247 726 2319 κατακοσμῆσαι
796 2240 863 2298 δι’
935 2242 1100 2323 ἔργων
1156 2248 1261 2300 τῶν
1330 2247 1667 2314 καθηκόντων
1699 2262 1715 2277 ⁸
1793 2267 1955 2302 κατε-

319 2331 560 2406 κόσμησε
603 2330 655 2387 ἒὲ
687 2330 890 2407 μᾶλλον
920 2332 956 2400 ἢ
989 2332 1266 2400 ἐπιστεύθη
1306 2351 1316 2364 ·
1368 2333 1504 2391 οὕτω
1533 2335 1630 2411 μὲν
1659 2333 1956 2416 φιλοπόνως

321 2421 437 2499 περὶ
511 2420 609 2487 τὴν
682 2421 824 2496 ἱερὰν
891 2419 1214 2500 λειτουργίαν
1289 2423 1486 2489 ταύτην
1541 2422 1812 2498 διατεθεὶς,
1885 2424 1958 2486 ὡς

323 2508 406 2564 ἐπὶ
436 2506 579 2574 ὅλοις
634 2507 770 2564 ἔτεσι
826 2507 936 2566 δυσὶ
991 2512 1078 2566 καὶ
1134 2509 1408 2587 ἐξήκοντα,
1458 2512 1510 2576 ἐξ
1538 2509 1661 2569 ὅτου
1702 2513 1793 2568 τὸν
1822 2532 1958 2590 πρε-

323 2593 568 2675 σόύτερον
598 2594 895 2670 ἀνεδέξατο,
927 2598 1084 2655 αὐτὸν
1112 2599 1229 2656 καθ’
1285 2600 1516 2667 ἑκάστην
1567 2601 1634 2656 τὰ
1673 2603 1773 2669 τῆς
1831 2599 1956 2655 εὒα-

321 2691 444 2763 γοῦς
488 2686 858 2763 μυσταγωγίας
902 2683 1170 2742 ἐπιτελεῖν
1227 2687 1404 2753 πάσης
1475 2686 1595 2744 ἄνευ
1647 2687 1958 2766 προφάσεως

321 2775 407 2830 καὶ
476 2772 630 2830 ὄκνου
698 2770 823 2852 δίχα
879 2774 1076 2838 παντός
1114 2793 1130 2809 ’
1218 2773 1355 2832 οὕτω
1410 2773 1464 2830 δὲ
1520 2775 1817 2855 φιλοσόφως
1873 2776 1961 2830 καὶ

321 2864 580 2939 καθαρῶς,
614 2863 688 2924 ὡς
747 2863 880 2936 μετὰ
921 2863 1021 2930 τὴν
1071 2862 1191 2919 νέαν
1246 2864 1414 2939 μονὴν
1467 2865 1607 2942 (περι
1645 2865 1712 2930 ἧς
1781 2864 1961 2920 αὐτίκα

320 2948 610 3029 λελέξεται)
689 2951 777 3006 καὶ
845 2951 944 3018 τὴν
1012 2953 1144 3030 πρὸς
1213 2952 1410 3019 ταύτην
1491 2949 1775 3028 μετάϐασιν
1833 2953 1962 3027 μήτ’

2038 1724 2102 1768 se
2123 1706 2406 1769 exhibere
2430 1709 2708 1788 probatus
2739 1719 2915 1790 esset,
2953 1719 3014 1771 ut
3044 1729 3219 1774 nemo
3249 1713 3435 1792 magis
3463 1706 3678 1793 dignus

2040 1811 2273 1874 quoque
2296 1794 2594 1874 judicatus
2623 1805 2714 1858 est
2742 1798 2843 1878 qui
2890 1798 3088 1860 divino
3142 1799 3340 1862 missae
3387 1802 3680 1864 sacriﬁcio

1980 1862 2018 1912 Β
2040 1862 2476 1962 applicar'etur;
2508 1893 2565 1946 et
2586 1862 2818 1964 egregie
2839 1885 3231 1948 ministerium
3265 1905 3438 1950 suum
3469 1889 3680 1952 obiens

2044 1971 2140 2050 (ad
2171 1991 2296 2033 rem
2327 1973 2546 2054 quippe
2574 1973 2711 2034 facit
2738 1974 3007 2055 Apostoli
3032 1976 3327 2037 sententia
3349 1977 3677 2058 5),gradum

2039 2057 2151 2120 sibi
2181 2059 2399 2121 bonum
2447 2062 2777 2142 acquisivit,
2821 2080 2892 2124 ex
2937 2063 3148 2126 merito
3200 2063 3436 2144 dignus,
3486 2067 3678 2148 quiin

2038 2149 2318 2210 cathedra
2337 2151 2638 2212 seniorum
2681 2151 2944 2214 laudaret
2964 2152 3302 2217 Dominum.
3334 2153 3677 2219 Istiusmodi

2041 2255 2214 2317 porro
2261 2237 2529 2316 gradum,
2582 2257 2687 2319 per
2719 2258 2959 2320 operam
3007 2241 3207 2304 eidem
3237 2243 3674 2321 convenientia,

2039 2325 2301 2387 creditus
2355 2327 2461 2388 fuit
2515 2345 2688 2407 quam
2737 2328 2960 2408 Optime
3004 2347 3251 2409 ornare;
3285 2331 3393 2393 sed
3448 2333 3677 2395 ornavit

2041 2413 2238 2494 reipsa
2260 2414 2444 2495 magis
2474 2435 2646 2496 quam
2664 2417 2924 2479 creditus
2945 2415 3055 2478 fuit
3084 2439 3097 2480 :
3129 2435 3265 2480 nam
3297 2429 3675 2484 sacrosancto

2040 2502 2331 2565 sacriﬁcio
2361 2504 2714 2584 operabatur
2744 2512 2904 2567 tanta
2921 2506 3158 2587 quidem
3183 2525 3316 2569 cum
3335 2508 3673 2584 sedulitate,

2041 2601 2103 2652 ut
2133 2592 2270 2653 totis
2309 2592 2608 2672 saxaginta
2653 2593 2887 2656 duobus
2941 2594 3134 2673 annis,
3165 2613 3234 2657 ex
3289 2613 3406 2676 quo
3465 2597 3678 2660 ordine

2041 2681 2389 2742 sacerdotali
2420 2681 2682 2742 initiatus
2709 2681 2838 2757 fuit,
2864 2701 3094 2744 sacram
3132 2683 3383 2744 hostiam
3416 2683 3536 2745 Deo
3567 2685 3672 2746 ob-

2043 2768 2244 2830 tulerit
2275 2769 2566 2851 quotidie,
2616 2770 2776 2832 nulla
2835 2789 2900 2833 se
2953 2771 3231 2851 impediri
3275 2771 3348 2833 ab
3406 2771 3675 2836 instituto

2042 2873 2244 2937 causa,
2280 2856 2443 2918 nullo
2475 2863 2733 2938 torpore,
2764 2857 3186 2940 passus.Tanta
3213 2876 3350 2920 vero
3380 2877 3512 2922 cum
3539 2877 3678 2940 pru-

2043 2943 2244 3006 dentia
2297 2951 2355 3006 et
2405 2946 2702 3025 puritate;
2749 2954 2815 3010 ut
2869 2956 3004 3027 post
3047 2945 3401 3010 aedificatum
3459 2965 3675 3010 novum

322 3038 472 3102 ἐκτὸς
526 3045 634 3095 τῶν
677 3037 810 3118 ὅρων
867 3039 1032 3106 αὐτῆς
1082 3041 1149 3098 τὰ
1205 3047 1312 3097 τῶν
1355 3039 1528 3098 ποδῶν
1586 3038 1723 3120 ἴχνη
1765 3043 1958 3114 θεῖναι,

2045 3033 2494 3121 monasterium,
2527 3033 2604 3096 de
2649 3053 2764 3116 quo
2804 3053 2938 3097 mox
2982 3053 3180 3098 sermo
3212 3036 3347 3114 erit,
3379 3043 3438 3098 et
3464 3036 3676 3099 factam

321 3129 458 3202 μήτε
517 3129 721 3205 γυναικὶ
760 3129 822 3183 τὸ
878 3129 1125 3204 παράπαν
1167 3131 1238 3192 εἷς
1289 3129 1410 3204 ὄψιν
1452 3131 1737 3206 ὑπομεῖναι
1792 3151 1962 3208 παρα-

322 3215 560 3294 γενέσθαι
594 3233 608 3247 ’
657 3218 744 3273 καὶ
797 3222 904 3272 τῶν
959 3214 1155 3295 ἀνδρῶν
1205 3215 1280 3292 δὲ,
1313 3217 1494 3292 μόνοις
1525 3220 1596 3281 ὡς
1633 3215 1814 3283 ἥδιστα
1845 3240 1961 3275 συν-

323 3317 463 3361 εῖναι
505 3317 622 3369 τοῖς
681 3304 964 3385 φιλοθέοις,
1031 3307 1120 3362 καὶ
1178 3307 1276 3373 τὴν
1330 3306 1522 3386 ἀρετὴν
1591 3304 1775 3373 ἐπίσης
1821 3308 1961 3382 αὐτῷ

322 3392 540 3461 διηνεκῆ
634 3392 864 3469 μελέτην
955 3395 1363 3470 πεποιημένοις,
1443 3400 1549 3450 τῶν
1640 3392 1688 3450 δ’
1770 3394 1958 3474 ἑτέρως

325 3483 564 3562 ἐχόντων
604 3484 696 3547 τὰς
730 3482 938 3558 ὁμιλίας
983 3482 1318 3563 ἐκτρέπεσθαι
1342 3499 1356 3514 ⁶
1405 3484 1576 3558 ἑαυτῷ
1615 3480 1670 3538 δὲ
1727 3496 1960 3551 συνεῖναι

321 3576 408 3631 καὶ
453 3581 568 3650 Θεῷ
623 3575 690 3630 τὰ
744 3566 943 3651 πολλὰ,
989 3575 1092 3654 οὐχ
1148 3574 1328 3640 ἁπλῶς
1368 3575 1462 3638 τὰς
1516 3575 1704 3654 εὖχᾶς,
1751 3573 1855 3630 οὐδ’
1887 3576 1960 3638 ὡς

323 3663 385 3720 ἄν
438 3685 518 3726 τις
574 3661 733 3728 ἄλλος
789 3663 1187 3744 ἀφοσιούμενος,
1263 3661 1382 3720 ἀλλ’
1455 3661 1668 3742 ὄμϐροις
1725 3663 1960 3726 ἀεννάοις

323 3750 554 3830 δακρύων
611 3750 961 3831 καταϐρέχων
1002 3754 1063 3808 τὸ
1121 3751 1327 3831 ἔδαφος,
1386 3759 1463 3826 τῷ
1520 3753 1642 3826 θείῳ
1696 3752 1817 3830 πυρὶ
1863 3757 1961 3818 τῆς

323 3843 629 3916 θαυμαστῆς
712 3838 1038 3906 κατανύξεως
1128 3837 1483 3918 εὖαγγελικῶς
1568 3841 1665 3908 τὴν
1749 3837 1962 3917 καρδίαν

324 3928 616 4006 καιομένην
659 3927 802 4009 ἔχων
859 3928 913 3984 ἐν
957 3930 1146 4004 ἑαυτῷ,
1206 3929 1294 3984 καὶ
1346 3929 1408 3985 τὸ
1447 3928 1750 4007 πρόσωπον,
1785 3927 1962 4006 ὥσπερ

324 4019 352 4074 ὁ
411 4019 654 4086 Θεόπτης
709 4019 769 4073 τὸ
839 4017 1117 4098 πρότερον,
1175 4015 1234 4072 ἐκ
1289 4021 1388 4084 τῆς
1459 4021 1624 4084 αὐτῆς
1667 4017 1833 4080 αἰτίας
1877 4017 1964 4075 καὶ

326 4109 475 4171 οὗτος
533 4104 909 4182 δεδολασμένον
965 4104 1165 4169 δεικνὺς
1220 4106 1310 4163 καὶ
1379 4112 1564 4184 μικροῦ
1619 4128 1668 4162 τι
1721 4118 1962 4184 κρεῖττον

325 4195 522 4269 ὁμοίως
607 4193 782 4270 ὅψεως
853 4195 1202 4274 ἀνθρωπίνης.
1286 4190 1463 4257 Οὕτως
1528 4191 1642 4270 ᾔδει
1720 4199 1878 4268 τιμᾷν
1934 4195 1964 4249 ὁ

325 4283 460 4361 ἱερὸς
529 4282 732 4345 ἐκεῖνος
799 4282 1108 4361 ἱερωσύνην,
1179 4280 1315 4338 οὕτω
1383 4278 1430 4336 δ’
1486 4281 1550 4337 αὗ
1623 4279 1781 4339 πάλιν
1838 4279 1964 4360 παρ’

2042 3137 2112 3181 eo
2171 3120 2741 3200 commigratiouem,
2799 3141 3098 3204 nunquam
3155 3131 3318 3185 extra
3357 3131 3522 3205 septa
3551 3124 3678 3204 ejus

2043 3207 2255 3289 pedem
2310 3210 2607 3288 extulerit,
2665 3219 2766 3274 aut
2822 3212 3131 3274 mulierem
3198 3213 3440 3274 omnine
3499 3212 3677 3274 ullam

2041 3305 2422 3378 conspectum
2483 3317 2654 3362 suum
2721 3299 2924 3364 subire
2987 3299 3352 3364 sustinuerit.
3401 3300 3546 3364 Cum
3605 3301 3680 3362 iis

2043 3393 2268 3448 tantum
2304 3387 2442 3449 viris
2463 3388 2811 3452 suavissime
2840 3387 3314 3469 conversabatur,
3348 3389 3448 3469 qui
3476 3407 3681 3452 amore

2043 3473 2148 3536 Dei
2178 3475 2502 3553 ﬂagrabant
2530 3484 2588 3539 et
2620 3486 2922 3558 perpetua,
2955 3478 3040 3540 uti
3069 3477 3224 3558 ipse,
3249 3477 3481 3540 virtutis
3501 3495 3676 3541 exer-

2043 3562 2182 3626 citia
2209 3563 2486 3646 obibant;
2521 3582 2724 3627 eorum
2749 3583 2908 3642 vero,
2942 3565 3044 3646 qui
3073 3565 3248 3627 aliter
3267 3565 3460 3627 affecti
3486 3573 3676 3642 erant,

2042 3651 2532 3714 consuetudinem
2587 3653 2944 3718 declinabat.
3005 3651 3220 3716 Secum
3278 3661 3337 3714 et
3381 3671 3516 3714 cum
3555 3655 3680 3716 Deo

2043 3739 2253 3818 agebat
2277 3740 2647 3821 plerumque,
2673 3760 2791 3803 non
2820 3741 2944 3804 sola
2968 3741 3106 3803 huic
3125 3759 3346 3823 praeces
3371 3759 3680 3823 suas,que-

2047 3826 2423 3890 u.admodum
2467 3829 2566 3890 alii
2608 3830 2820 3909 solent,
2871 3829 3260 3910 persolvens;
3293 3828 3397 3891 sed
3449 3829 3681 3892 interea

2045 3923 2326 3996 perpetuo
2373 3917 2550 3978 etiam
2604 3918 2990 3998 lacrymarum
3043 3917 3238 3979 imbre
3281 3917 3680 3997 pavimentum

2044 4003 2287 4082 rigans:
2322 4004 2772 4068 circumferebat
2821 4005 2981 4068 enim
3031 4024 3157 4080 cor,
3183 4006 3353 4086 juxta
3409 4004 3678 4084 Evange-

2046 4092 2190 4154 lium
2219 4093 2271 4170 4,
2305 4091 2500 4154 divina
2520 4096 2667 4156 mire
2687 4093 3165 4174 compunctionis
3194 4094 3431 4156 flamma
3461 4094 3681 4156 ardens

2043 4181 2105 4242 in
2129 4181 2348 4262 seipso,
2382 4181 2708 4262 eademque
2736 4200 2808 4244 ex
2837 4200 3013 4244 causa
3042 4181 3392 4263 praeferebat
3441 4181 3674 4258 faciem,

2044 4277 2108 4332 ut
2137 4269 2278 4331 olim
2307 4269 2358 4332 is
2404 4271 2498 4350 (6)
2526 4270 2628 4351 qui
2656 4269 2840 4331 Deum
2889 4269 3135 4344 viderat,
3184 4269 3574 4348 glorificatam
3623 4277 3683 4332 et

325 4357 531 4438 ἐκείνης
589 4357 980 4446 ἀντιτιμᾶσθαι.
1036 4371 1097 4428 Τί
1137 4367 1192 4425 δὲ
1249 4373 1342 4428 οὒκ
1391 4367 1632 4446 ἔμελλεν,
1693 4373 1739 4444 ᾧ
1779 4357 1961 4426 τοσού-

2046 4358 2268 4440 aliquid
2291 4359 2544 4420 humana
2565 4358 2766 4439 specie
2795 4359 2984 4438 majus
3013 4357 3429 4446 exhibentem,
3450 4359 3538 4421 Ita
3565 4375 3679 4420 no-

333 4482 414 4517 cov
471 4445 772 4535 ἐξέλαμψεν
809 4461 837 4515 ὁ
880 4460 993 4536 βίος
1036 4461 1064 4516 ὁ
1117 4459 1252 4533 μετὰ
1313 4463 1497 4537 ταῦτα,
1555 4459 1642 4514 καὶ
1697 4457 1962 4520 τοιαύταις

2045 4453 2211 4511 verot
2227 4453 2466 4511 sanctus
2495 4446 2595 4508 ille
2623 4446 3018 4537 sacerdotium
3053 4446 3387 4537 honorare,
3416 4445 3497 4509 ita
3543 4464 3682 4537 rur-

323 4550 384 4605 τὸ
436 4552 582 4606 θεῖον
627 4532 950 4629 ’θεραπείαις
1014 4532 1373 4622 ἐξῳκειώσατο
1415 4532 1535 4620 (ἵνα
1591 4546 1671 4621 μὴ
1723 4547 1790 4602 τὰ
1847 4543 1962 4603 καθ’

2045 4554 2174 4598 sum
2215 4554 2250 4598 a
2282 4534 2614 4598 sacerdotio
2662 4533 3084 4598 honorabatur.
3109 4532 3260 4629 Quid
3292 4533 3453 4629 enim
3486 4533 3683 4629 minus

325 4637 518 4694 ἕκαστα
541 4644 646 4694 τῶν
675 4620 850 4693 ἄλλων
894 4635 1056 4692 ἐπιὼν
1085 4620 1376 4714 διατρίϐω),
1423 4635 1497 4698 ὡς
1550 4620 1636 4690 καὶ
1691 4634 1962 4710 θεαμάτων

2047 4624 2286 4687 evenire
2315 4624 2400 4685 illi
2423 4630 2674 4704 poterat,
2705 4623 2873 4714 cujus
2899 4623 3132 4704 reliqua
3158 4620 3370 4685 exinde
3398 4622 3521 4714 vita
3531 4621 3682 4684 adeo

326 4723 634 4804 ἀποῤῥήτων
692 4723 975 4792 ἀξιωθῆναι
1012 4810 1018 4811 7
1051 4725 1142 4779 τὸν
1202 4709 1408 4801 ἀνδρα,
1494 4722 1582 4778 κτὶ
1624 4808 1648 4811 Α
1667 4722 1962 4801 μυστηρίων

2053 4713 2350 4793 excelluit,
2373 4713 2595 4811 talique
2619 4729 2747 4811 rem
2776 4710 3044 4811 divinam.
3055 4713 3438 4811 pertractavit
3465 4709 3682 4811 obser:

327 4797 574 4890 μεγάλων
615 4813 946 4889 ἀποκάλυψιν
1003 4810 1269 4900 δέξασθαι,
1322 4797 1404 4867 ei
1459 4812 1520 4866 τὸ
1577 4808 1739 4900 τέλος,
1777 4797 1962 4890 ψυχῶν

2051 4803 2336 4878 vantia,ut
2363 4800 2630 4864 arcarnis
2648 4801 2822 4862 etiam
2838 4799 3162 4862 visionibus
3185 4799 3285 4900 (ne
3325 4797 3557 4877 singula
3573 4797 3682 4900 viri

327 4887 598 4976 οἰκονομία
639 4904 727 4958 καὶ
769 4887 1004 4982 σωτηρία
1046 4897 1335 4979 παράδοξον
1400 4900 1500 4975 μὲν
1554 4898 1654 4966 τὴν
1722 4887 1962 4980 ἀφορμὴν

2053 4902 2217 4976 gesta
2234 4889 2856 4974 prosequar)dignatus
2875 4889 2949 4952 sit
2967 4897 3025 4951 et
3043 4887 3353 4968 grandium
3374 4887 3684 4968 mysterio-

407 5094 435 5138 ³
463 5097 606 5159 Luc.
639 5111 786 5173 xm,
817 5098 916 5161 10.
997 5098 1030 5148 3
1065 5094 1119 5159 II
1146 5094 1302 5160 Tim.
1327 5111 1370 5173 ι,
1403 5093 1462 5160 3.
1547 5095 1580 5146 4
1604 5093 1748 5157 Luc.
1779 5110 1942 5170 xm,
1975 5092 2075 5160 39.

409 5299 494 5382 (4)
526 5302 639 5363 Pro
669 5299 1168 5388 anenclegebatur
1193 5299 1255 5362 in
1282 5296 1575 5378 ecgrapho
1604 5303 1804 5357 nostro
1833 5293 1962 5362 ἀλη-

2073 5292 2204 5388 “(6)
2233 5290 2826 5388 Nempe‘Moy‘ses‘de
2853 5308 2968 5386 quo
3001 5289 3189 5388 Exodi
3211 5303 3410 5388 ωιτη,
3424 5288 3684 5388 ἓδλξιῄ

327 5369 429 5449 ea;
459 5369 487 5457 ;’
511 5399 632 5442 non
660 5386 822 5442 recte
851 5369 965 5442 hoc
997 5380 1152 5444 loco.
1354 5369 1386 5457 vi
1460 5369 1476 5378 ’
1585 5455 1596 5457 _
1772 5456 1779 5457 ,
1928 5451 1943 5457 -

2046 5369 2192 5457 εἶδον
2220 5377 2266 5430 oi
2308 5369 2404 5431 υἱοῗ
2435 5369 2647 5453 ἰσραῆλ
2692 5374 2750 5428 τὸ
2794 5369 3073 5450 πρόσωπον
3105 5371 3392 5447 Μωυσέως,
3421 5369 3502 5428 δτι
3545 5369 3685 5430 δεδό-

406 5451 494 5543 (5)
527 5462 709 5543 i‘_éwag,
741 5459 1069 5543 Alativitqs,
1104 5460 1324 5543 Ortus;
1368 5455 1654 5543 fortassis,
1687 5456 1824 5536 quia
1855 5451 1962 5515 sub

2048 5451 2232 5520 ξασται
2244 5497 2260 5513 .

329 5536 497 5604 titulo
525 5539 746 5604 Natalis
774 5539 1068 5603 Dominici
1098 5539 1404 5602 dedicatus
1430 5536 1594 5599 locus
1623 5543 1771 5600 orat.
