4052 6134
489 294 641 365 1059
1714 308 2031 375 JOANNIS
2070 302 2630 370 EUCHAITENSIS
3707 300 3836 365 1060

483 452 615 495 rum
650 437 1066 501 revelationem
1094 441 1418 520 acceperit;
1450 461 1695 520 quoram
1719 442 1873 517 linis,
1894 444 2091 505 anima

2182 437 2437 496 λαϐοῦσα
2479 440 2566 495 καὶ
2596 438 2703 505 τὴν·
2723 438 2922 518 ἀρχὴν,
2956 440 3027 501 εἰς
3077 436 3130 494 δὲ
3161 452 3408 517 κρεῖττον
3438 438 3619 504 πάσης
3650 435 3837 499 ἐλπίδος

484 541 615 584 rum
635 524 884 586 directio
899 537 954 587 et
978 528 1160 603 salus,
1180 548 1310 610 quae
1334 530 1602 592 mirabile
1630 531 1874 612 quidem
1895 532 2097 593 initiun

2216 527 2553 603 ἀποτέλεσμα
2584 526 2809 596 λήξασα.

485 618 661 691 atque
693 616 1090 691 occasionem,
1123 618 1340 680 exitum.
1394 637 1528 680 vero
1581 637 1685 700 spe
1728 620 1887 680 omni
1921 621 2129 681 melio-

486 717 616 761 rem
651 701 858 763 sortita
888 712 1046 766 sunt.

1986 860 2223 927 CAPUT
2261 861 2331 924 II.

978 1025 1263 1088 Exstases
1289 1028 1542 1106 patitur,
1577 1035 1633 1088 et
1662 1027 1953 1088 divinitus
1977 1028 2176 1103 jussus
2204 1023 2472 1085 exstruit
2497 1028 2925 1085 monasterium
2956 1041 3029 1085 ac
3058 1021 3364 1104 templum.

557 1195 615 1258 7.
662 1189 787 1263 Quo
832 1187 1009 1266 igitur
1038 1184 1211 1246 modo
1242 1204 1310 1246 ac
1338 1185 1506 1247 initio
1532 1184 1640 1247 ista
1672 1185 1967 1247 evenere?
1998 1181 2097 1249 Mil

2286 1172 2356 1252 ζ’.
2416 1183 2502 1245 Τίς
2557 1182 2644 1238 οὖν
2687 1185 2716 1238 ὁ
2759 1183 2951 1262 τρόπος
2996 1186 3083 1238 καὶ
3138 1183 3338 1261 πόθενς
3397 1181 3693 1238 Στέλλεταέ
3731 1202 3837 1235 ποτε

482 1282 709 1343 tebatur
732 1274 1046 1359 aliquando
1066 1292 1097 1333 a
1118 1272 1289 1334 Patro
1320 1291 1436 1333 non
1457 1273 1746 1353 Spirituali
1769 1273 2097 1335 Dorotheus

2206 1272 2339 1326 κατά
2393 1292 2512 1328 τινα
2554 1272 2760 1351 χρείαν,
2819 1274 2920 1328 ὑπὸ
2990 1281 3081 1330 τοῦ
3134 1271 3367 1350 μεγάλου
3441 1273 3656 1349 [ἰατρὸς
3710 1266 3841 1348 ἐφ’ὃ

481 1369 702 1449 negotii
748 1356 1052 1449 quidpiam
1110 1370 1350 1424 curatus
1396 1382 1409 1423 :
1447 1380 1642 1440 neque
1673 1363 1832 1427 enim
1881 1375 2097 1443 pOSlt'a'

2203 1356 2311 1422 δεῖ.
2359 1362 2457 1419 Καὶ
2514 1363 2614 1439 γὰρ
2655 1357 2772 1418 οὐδὲ
2830 1362 2969 1435 μετὰ
3010 1363 3070 1417 τὸ
3112 1366 3213 1426 τῆς
3242 1361 3533 1438 ἱερωσύνης
3598 1356 3841 1433 αἰδέσιμον

477 1446 648 1539 quam
681 1457 752 1519 ad
768 1446 1183 1539 ivenerandum
1214 1449 1529 1510 sacerdotii
1571 1450 1840 1539 ordinem
1886 1459 2097 1539 eveclu:

2202 1454 2293 1504 τοῦ
2350 1446 2676 1526 λειτουργεῖν
2747 1449 2956 1516 ἀπέστη
3025 1463 3143 1510 τοῖς
3223 1446 3475 1527 ἀδελφοῖς
3551 1447 3758 1523 μεγέθει
3796 1467 3842 1499 τε

475 1532 1026 1617 erat,aministcriis
1066 1538 1308 1599 fratrum
1352 1555 1569 1616 magna
1607 1556 1741 1598 cum
1787 1537 2118 1601 humilitate
2199 1537 2682 1615 ταπεινοφροσύνης
2783 1539 2870 1593 καὶ
2955 1537 3242 1614 προθυμίας
3329 1537 3499 1612 ἀκμῇ.
3586 1536 3733 1592 Ἐπεὶ
3794 1532 3838 1587 δὲ

477 1644 534 1696 et
560 1634 861 1696 alacritate
889 1627 1072 1691 animi
1099 1626 1393 1686 obeundis
1440 1625 1730 1688 cessabat.
1784 1625 1926 1689 Cum
1981 1644 2118 1687 vero

475 1721 695 1784 subditi
720 1728 916 1801 partes
940 1716 1219 1797 praeclare
1249 1733 1460 1777 omnes
1491 1714 2119 1795 explesset,oportebat

470 1810 659 1882 illum,
690 1809 791 1889 qui
821 1806 952 1869 aliis
975 1803 1221 1865 subesse
1252 1810 1309 1864 et
1350 1802 1599 1865 obedire
1630 1803 1690 1863 in
1734 1804 1907 1864 tantis
1938 1804 2117 1865 rebus

473 1897 785 1970 didicerat,
835 1894 1071 1955 tandem
1123 1890 1258 1951 aliis
1305 1908 1541 1970 quoque
1571 1889 1762 1969 ipsum
1795 1890 2112 1971 imperare,

474 1992 531 2045 et
561 2002 695 2045 vere
728 1998 1001 2059 magnum
1049 1977 1242 2039 vocari
1291 1978 1352 2037 in
1396 1996 1576 2055 regno
1623 1978 1947 2053 cmlorum;
1979 1998 2113 2040 cum

471 2091 589 2133 non
626 2072 800 2133 modo
832 2072 1050 2131 faceret
1078 2066 1234 2147 quod
1262 2065 1484 2125 subditi
1509 2074 1621 2146 est,
1653 2067 1757 2127 sed
1790 2066 1965 2127 etiam
2001 2067 2112 2128 do-

471 2166 656 2234 ceret,
705 2157 1134 2237 subjectionem
1186 2171 1317 2214 esse
1368 2154 1598 2231 signum
1642 2154 1990 2216 visitationis
2021 2155 2112 2215 di-

2138 2119 2175 2167 B

2199 1537 2682 1615 ταπεινοφροσύνης
2783 1539 2870 1593 καὶ
2955 1537 3242 1614 προθυμίας
3329 1537 3499 1612 ἀκμῇ.

2200 1625 2317 1690 ἁλις
2350 1628 2507 1707 εἶχεν
2551 1629 2692 1702 αύτῴ
2731 1630 2797 1685 τὰ
2844 1634 2941 1695 τῆς
2976 1628 3190 1705 ἀρίστης
3235 1628 3538 1704 ὑποταγῆς,
3600 1628 3691 1682 καὶ
3730 1621 3836 1696 ἔδει,

2201 1712 2455 1794 ἄρχεσθαι
2507 1717 2737 1790 μαθόντα
2790 1718 2878 1773 καὶ
2938 1719 3252 1794 πειθαρχεῖν
3305 1717 3376 1777 εἷς
3431 1721 3713 1793 τοσοῦτον,
3753 1710 3837 1779 ἤδη

2198 1805 2286 1859 καὶ
2354 1804 2509 1860 αὒτὸν
2566 1802 2740 1860 ἄλλων
2802 1802 2969 1881 ἄρξαι,
3034 1805 3120 1859 καὶ
3180 1805 3349 1880 μέγαν
3404 1802 3625 1869 ἀληθῶς
3696 1802 3746 1857 ἐν

2197 1891 2440 1966 βασιλείᾳ
2499 1892 2760 1959 κληθῆναι
2818 1900 2925 1949 τῶν
2996 1894 3249 1971 ούρανῶν,
3308 1892 3386 1966 μὴ
3452 1894 3622 1966 μόνον
3693 1891 3835 1959 ποιή-

2197 2002 2363 2037 σαντα
2417 1983 2516 2048 τὴν
2574 1984 2872 2060 ὑποταγὴν,
2945 1980 3080 2037 ἀλλὰ
3148 1982 3236 2036 καὶ
3303 1978 3583 2045 διδάξαντα
3644 1980 3838 2036 ἐνταῦθα

2197 2070 2263 2124 τα
2305 2068 2546 2145 σύμϐολα
2588 2076 2686 2137 τῆς
2743 2072 2884 2133 θείας
2941 2070 3263 2141 ἐπισκοπῆς,
3322 2068 3604 2125 κάντεῦθεν
3674 2071 3707 2136 ἡ
3749 2074 3835 2146 χα-

2197 2179 2275 2236 ρις
2332 2157 2433 2226 ἤδη
2508 2162 2598 2215 τὸν
2659 2161 2851 2226 ἑαυτῆς
2911 2159 3257 2234 μνηστεύεται
3302 2154 3463 2221 ἄξιον.
3526 2158 3694 2235 Τρίτη
3759 2158 3832 2211 τὸν

470 2247 635 2317 vinas,
672 2247 747 2309 ob
779 2263 956 2325 quam
985 2252 1043 2305 et
1070 2243 1258 2322 gratia
1288 2241 1393 2303 Dei
1426 2244 1615 2323 ipsum
1662 2241 1775 2303 sibi
1812 2261 1916 2323 per
1944 2261 2097 2305 amo-

2196 2248 2445 2326 γεννάδαν
2509 2248 2752 2306 ὁδεύοντα
2811 2256 2909 2317 τῆς
2971 2251 3171 2329 ἡμέρας
3227 2249 3336 2328 ὥρα
3391 2247 3825 2324 καααλαμϐανεισ

468 2356 595 2399 rem
625 2333 1041 2417 desponderat.
1079 2336 1223 2395 Cum
1256 2349 1395 2409 ergo
1443 2340 1679 2392 euntem
1728 2351 1844 2411 quo
1900 2332 2097 2393 missu:

2196 2340 2223 2393 ὁ
2253 2334 2308 2393 δὲ
2336 2339 2466 2417 πρός
2520 2361 2626 2394 τινα
2681 2340 2788 2395 τῶν
2831 2337 3089 2418 παροδίων
3145 2345 3309 2413 ναῶν,
3369 2342 3539 2418 εὐχῆς
3573 2337 3823 2413 εἰσέδραμε

470 2433 595 2488 erat
623 2424 927 2505 egregium
958 2421 1146 2482 virum
1181 2418 1355 2482 tertia
1378 2418 1497 2480 diei
1514 2419 1659 2480 hora
1677 2419 2097 2500 deprehendis-

2194 2428 2354 2506 χάριν
2410 2427 2585 2505 (τοῦτο
2648 2430 2748 2507 γὰρ
2823 2429 2889 2495 ἦν
2961 2428 3073 2491 ἔθος
3133 2430 3297 2503 αὐτῷ,
3356 2429 3441 2483 καὶ
3492 2428 3561 2482 τὰ
3632 2429 3825 2483 πάντων

469 2525 578 2592 set,
599 2513 894 2577 curriculo
926 2530 989 2573 se
1020 2509 1270 2572 contulit
1299 2507 1509 2570 orandi
1556 2527 1733 2570 causa
1763 2509 1834 2570 ad
1869 2509 2097 2589 aliquod

2194 2514 2412 2595 ἤπειγεέ
2440 2514 2850 2591 σπουδαιότατα(
2880 2539 2894 2554 ο
2957 2520 2985 2573 ὁ
3039 2517 3161 2579 ναός
3205 2514 3259 2571 δὲ
3309 2526 3505 2584 Αννης,
3551 2518 3628 2581 ὡς
3658 2515 3819 2592 λόγος,

473 2622 505 2665 e
534 2601 768 2682 templis
811 2602 918 2661 viae
962 2598 1189 2674 adsitis,
1224 2606 1397 2678 prout
1445 2598 1810 2659 consuetudo
1845 2597 1932 2658 illi
1963 2605 2097 2665 erat

2194 2610 2291 2671 τῆς
2323 2605 2475 2683 ἁγίας
2538 2608 2875 2684 προμῆτορος
2932 2615 3025 2664 τοὺ
3079 2610 3329 2683 Σωτῆρος
3390 2607 3571 2680 ἡμῶν,
3634 2603 3818 2683 Παρελ-

474 2690 709 2753 tametsi
739 2689 985 2768 negotiis
1012 2687 1266 2748 maxime
1295 2685 1573 2765 gravibus
1607 2693 1952 2765 urgeretur:
1978 2695 2095 2748 tem

2198 2694 2301 2749 θὼν
2355 2694 2526 2750 τοίνυν
2603 2694 2757 2769 εἴσω,
2830 2696 2919 2751 καὶ
3002 2691 3118 2757 δοὺς
3201 2696 3279 2768 τῷ
3363 2693 3458 2768 μὲν
3520 2692 3694 2773 ἐδάφει
3766 2695 3816 2747 τὰ

473 2780 633 2861 plum
665 2789 859 2840 autem
901 2775 964 2840 S.
998 2777 1183 2839 Annae
1229 2774 1567 2850 vocabatur,
1602 2776 1744 2863 avita
1791 2773 2097 2852 Servatori:

2200 2780 2419 2862 γόνατα,
2450 2785 2580 2861 πρὸς
2610 2785 2826 2862 οὖρανὸν
2853 2781 2907 2839 δὲ
2948 2797 3139 2863 χεῖρας
3194 2783 3281 2838 καὶ
3323 2782 3538 2856 ὄμματα
3599 2785 3680 2837 καὶ
3719 2788 3809 2836 νοῦν

480 2867 689 2929 nostri.
715 2867 1027 2945 Ingressus
1051 2865 1251 2944 itaque
1275 2863 1430 2923 intro
1462 2862 1656 2943 posuit
1687 2862 1853 2923 humi
1882 2881 2072 2941 genua

2200 2869 2502 2946 ἀνυψώσας,
2536 2870 2590 2926 ἐν
2634 2871 2875 2928 ἐκστάσει
2932 2862 3146 2949 γέγονεν
3186 2869 3331 2949 ὅλος,
3381 2872 3469 2926 καὶ
3517 2872 3615 2926 σὺν
3665 2873 3805 2949 χρόνῳ

477 2964 539 3019 et
560 2956 852 3031 manibus,
879 2956 1086 3024 oculis,
1112 2952 1381 3014 mentein
1409 2953 1621 3013 ccelum
1659 2950 1927 3026 sublatis,
1963 2961 2097 3015 totu:

2200 2958 2357 3034 μόλις
2415 2959 2733 3036 ἐπανελθὼν,
2818 2963 2927 3039 τρὶς
2996 2957 3119 3027 ἑξῆς
3196 2956 3542 3038 ἀνεφθέγξατο
3579 2976 3595 2989 ⁶
3676 2958 3790 3034 τριάς

481 3047 543 3107 in
599 3045 851 3108 ecstasin
892 3043 1078 3133 obiit;
1128 3061 1204 3133 ac
1243 3040 1617 3133 tandemvix
1648 3039 2091 3133 sibiﬂredditus

2199 3046 2344 3127 ἁγία,
2417 3046 2538 3115 δόξα
2605 3071 2711 3108 σοι.
2774 3050 2904 3107 Τότε
2960 3050 3057 3124 μὲν
3115 3048 3200 3105 οὗν
3259 3044 3404 3105 οὐδὲν
3484 3048 3624 3111 ἴσως
3673 3044 3793 3103 πλέον

475 3134 716 3197 tertium
760 3131 1139 3195 exclamavit:
1170 3129 1382 3192 Sancta
1418 3128 1701 3217 Trinitas,
1747 3128 1854 3190 tibi
1903 3130 2090 3208 gloria

2197 3134 2623 3211 ἐπισημήναντος
2677 3144 2769 3195 τοῦ
2821 3136 3090 3217 ὀφθέντος,
3175 3135 3347 3199 ἄλλως
3405 3157 3463 3192 τε
3533 3142 3675 3211 αὖτῷ
3723 3134 3802 3201 τὴν

471 3221 544 3284 Et
572 3230 711 3283 tunc
741 3220 981 3303 quidem
1014 3219 1163 3280 nihil
1194 3219 1344 3280 forte
1382 3216 1640 3297 amplius
1689 3216 1990 3281 indicante
2019 3220 2097 3281 vi-

2195 3224 2375 3302 φωνὴν
2430 3227 2625 3293 ταύτην
2681 3216 2924 3282 ἐπελθεῗν
2972 3224 3129 3299 ᾤετο,
3188 3227 3275 3280 καὶ
3319 3229 3443 3302 σιγῆ
3485 3225 3614 3302 παρ’
3662 3226 3805 3296 ἑαυτῷ

465 3310 676 3385 sione,
728 3307 1081 3371 existimavit
1136 3308 1265 3368 sine
1313 3324 1488 3367 causa
1536 3323 1739 3367 vocem
1790 3305 1951 3369 illam
1994 3308 2097 3370 sibi

2191 3311 2424 3393 κατέσχε
2470 3316 2532 3370 τὸ
2599 3317 2795 3389 θαῦμα,
2854 3312 3261 3391 διαπορούμενος
3318 3313 3452 3392 ἅμα,
3524 3316 3617 3371 καὶ
3678 3334 3809 3390 περι-

463 3371 726 3480 οΙδρεοήι
758 3416 930 3460 esse:
964 3413 1386 3477 presmensque
1433 3393 1671 3456 silentio
1721 3394 1783 3455 in
1832 3395 1966 3457 sinu
1996 3416 2097 3458 suo

2357 3371 2395 3393 Α
2698 3371 2710 3389 ὶ
2779 3371 2795 3389 1
3014 3371 3023 3391 Ι
3107 3371 3118 3388 Ι
3249 3371 3259 3375 ⁷
3354 3371 3366 3388 Ι
3437 3371 3452 3392 1
3739 3371 3749 3390 Ι

2190 3406 2403 3456 σκοπῶν
2432 3404 2765 3481 πανταχόθεν
2822 3410 2913 3458 τοῦ
2969 3403 3255 3481 μυστηρίω
3309 3402 3407 3468 τὴν
3467 3399 3708 3477 δύναμιν.
3750 3402 3809 3457 03

460 3488 831 3569 mysterium,
852 3485 1034 3547 animi
1062 3484 1238 3546 simul
1271 3481 1585 3565 pendebat.
1621 3482 1798 3545 simul
1820 3485 2097 3546 conside-

2182 3485 2317 3544 πολὺ
2344 3491 2405 3545 τὸ
2437 3490 2489 3546 ἐν
2535 3491 2705 3570 μέσῳ,
2734 3493 2821 3547 καὶ
2877 3489 3035 3547 πάλιν
3079 3491 3165 3547 ἐπί
3213 3511 3328 3547 τινα
3358 3488 3568 3553 σταλεὶς
3594 3491 3806 3568 λειτουρ-

460 3576 630 3637 rabat
660 3575 888 3649 sedulo,
920 3572 1063 3655 quid
1113 3572 1259 3633 illud
1307 3570 1423 3632 sibi
1463 3570 1640 3633 vellet
1697 3570 1819 3633 Nec
1849 3576 2097 3636 multum

2182 3575 2322 3652 γίαν,
2354 3576 2694 3657 τελειώτερον
2743 3580 2887 3643 εύθῦς
2936 3580 3022 3636 καὶ
3080 3578 3402 3658 τρανώτερον
3437 3575 3727 3634 διδάσκεται
3755 3578 3805 3632 τὸ

458 3663 796 3726 intercessit
822 3662 1124 3742 temporis,
1159 3679 1293 3721 cum
1324 3660 1520 3722 denuo
1547 3659 1860 3722 ministerii
1893 3662 2096 3742 cujus-

2183 3661 2479 3741 ἀποῤῥητον
2514 3683 2525 3694 ·
2564 3663 2864 3725 διδάσκεται
2897 3665 2975 3728 δέ,

460 3752 619 3834 piam
654 3769 831 3813 causa
874 3749 1067 3830 aliquo
1115 3747 1350 3821 missus,
1399 3746 1725 3828 perfectius
1757 3748 2106 3831 planiusque

463 3840 803 3921 mysterium
833 3839 1075 3900 edoclus
1099 3844 1209 3913 est,
1244 3837 1404 3899 hunc
1434 3835 1495 3896 in
1533 3835 1800 3897 modum.

541 3931 579 3989 8
636 3926 983 3992 Incendenti
1013 3925 1161 3987 forte
1186 3925 1260 3986 ad
1286 3924 1496 4004 pedem
1520 3924 1775 4004 hujusce
1806 3925 2106 4009 collis,qui

453 4017 566 4079 hoc
596 4018 725 4097 ejus
752 4033 984 4079 sacrum
1019 4014 1436 4075 monasterium
1468 4012 1530 4072 in
1560 4012 1781 4075 vertice
1811 4032 1916 4075 suo
1935 4034 2092 4078 nunc

452 4104 945 4185 ostenat,objecla
983 4110 1073 4164 est
1110 4101 1306 4163 divina
1348 4100 1615 4181 quaedam
1655 4099 1803 4163 visio
1827 4102 2089 4166 hominis

452 4195 512 4256 in
541 4193 743 4255 habitu
764 4190 1286 4261 monachi,canitie
1318 4189 1664 4263 venerandi,
1684 4207 1851 4251 sacro
1876 4192 2087 4253 vestitu

448 4280 731 4343 decenter
748 4280 963 4354 ornati,
978 4279 1241 4342 divinum
1260 4277 1565 4359 qutdpiam
1596 4277 1744 4342 facie
1768 4278 2088 4357 praeferen-

447 4370 557 4443 tis;
592 4369 693 4449 qui
720 4368 960 4430 nomine
993 4386 1099 4430 suo
1129 4375 1396 4428 sanctum
1439 4366 1837 4445 compellans;
1867 4367 2083 4446 Viden,

2266 3919 2345 3997 η’.
2380 3931 2528 4009 Παρὰ
2585 3932 2697 3994 τοὺς
2754 3930 3016 4009 πρόποδας
3071 3932 3200 3989 ἰόντι
3258 3939 3347 3990 τοῦ
3403 3934 3592 4010 βουνοῦ
3648 3928 3805 4008 τοῦδε,

2188 4019 2247 4082 ὃς
2293 4020 2393 4086 τὴν
2447 4021 2587 4099 ἱερὰν
2649 4020 2844 4078 ἐκείνου
2925 4022 3120 4089 ταύτην
3204 4024 3373 4097 μονὴν
3439 4024 3570 4101 ὑπὲρ
3640 4023 3807 4080 ἑαυτοῦ

2171 4108 2278 4163 νυνὶ
2332 4107 2498 4186 φέρει,
2543 4108 2776 4188 θειοτέρα
2820 4131 2901 4172 τις
2958 4110 3079 4185 ὄψις
3137 4110 3279 4185 αὒτῷ
3322 4110 3374 4167 ἐν
3418 4117 3661 4191 μοναχοῦ
3688 4131 3799 4167 συν-

2170 4195 2369 4264 ήντησε
2399 4198 2643 4275 σχήματι
2678 4216 2695 4233 '
2739 4201 2829 4255 καὶ
2883 4201 2911 4254 ὁ
2964 4200 3205 4278 μοναχὸς
3248 4198 3457 4278 πολιὸς,
3504 4197 3801 4277 ἱεροπρεπὴς

2169 4282 2269 4349 τὴν
2335 4281 2556 4364 στολὴν,
2630 4283 2864 4354 θεοειδὴς
2938 4288 3036 4354 τὴν
3099 4289 3334 4366 μορφήν,
3408 4290 3571 4350 Οὗτος
3645 4288 3799 4343 τοίνυν

2169 4372 2258 4428 τὸν
2301 4369 2444 4428 ὅσιον
2501 4373 2750 4449 ὀνομαστὶ
2814 4377 3138 4452 προσειπὼν,
3216 4370 3393 4456 Ὀρᾷς,
3456 4376 3582 4456 ἔφη,
3628 4375 3795 4433 τέκνον

446 4456 660 4537 inquit,
686 4456 770 4517 fili
800 4456 1119 4544 Dorothée,
1142 4454 1212 4544 id
1243 4454 1398 4535 quod
1448 4453 1545 4515 hic
1590 4455 1973 4544 superjacet?
1999 4458 2085 4519 si-

2182 4461 2425 4538 Δωρόθεε,
2460 4463 2522 4517 τὸ
2551 4462 2923 4541 ὑπερκείμενον
2980 4473 3131 4524 τοῦτο
3163 4484 3179 4544 ;
3224 4453 3314 4521 καὶ
3357 4464 3470 4540 ἅμα
3498 4453 3620 4520 ’τὸν
3649 4463 3793 4540 λόγον

447 4544 690 4627 mulque
735 4562 935 4633 manu
965 4542 1258 4633 fastigium
1302 4544 1667 4633 monstrabat
1708 4564 1720 4633 ς
1767 4543 1948 4621 Istud,
1987 4545 2084 4607 in-

2182 4554 2235 4624 τῇ
2290 4551 2430 4628 χειρὶ
2471 4548 2773 4629 παρεδείκνυ
2808 4569 2821 4582 ’
2886 4562 3071 4626 Τοῦτο,
3128 4542 3310 4633 εἶπεν,
3354 4553 3420 4620 ἧν
3478 4551 3565 4609 ὅτε
3601 4551 3795 4609 πολλῶν

443 4633 677 4714 quiens,
710 4631 851 4694 olim
904 4630 1270 4695 domicilium
1291 4718 1301 4721 Α
1322 4629 1456 4711 fuit,
1488 4647 1522 4693 a
1552 4632 1756 4693 multis
1789 4634 2089 4714 praeclaris

2182 4636 2416 4713 ιεγτίΛων
2444 4636 2641 4717 ἀνδρῶν
2693 4642 3102 4721 κατοικητήριον
3143 4641 3211 4708 ἧν
3268 4629 3406 4719 ἱερὸν
3449 4639 3581 4720 ἔχον
3636 4642 3795 4719 ἅγιον,

440 4722 580 4783 viris
634 4720 1069 4810 inhabitatum,
1127 4718 1346 4810 templo
1396 4726 1686 4810 ornatum
1733 4721 2082 4807 venerabili,

2182 4731 2235 4801 τῇ
2289 4724 2565 4797 ἐπικλήσει
2625 4728 2924 4806 τιμώμενον
2978 4718 3078 4797 τῆς
3132 4718 3380 4810 ὑπερθέου
3451 4718 3693 4810 τριάδος,
3745 4729 3796 4781 τὸ

439 4810 822 4873 divinissimae
849 4809 1098 4899 Triados
1135 4807 1530 4899 appellatione
1576 4808 1885 4892 insignito,
1918 4812 2088 4892 cujus

2182 4820 2256 4870 νῦν
2286 4812 2339 4870 έν
2368 4813 2613 4894 ἐρειπίοις
2644 4818 2805 4893 μόνον
2836 4819 3103 4898 ὁρώμενον
3136 4838 3152 4853 θ
3198 4807 3327 4899 ὅπερ
3362 4807 3505 4882 αὖθις
3559 4807 3753 4883 ἀναστῆ
3776 4830 3787 4843 ⁸

438 4917 597 4962 nunc
632 4907 855 4961 tantum
882 4898 1188 4980 parietinae
1214 4896 1483 4987 visuntur
1522 4899 1894 4978 superstites.
1937 4899 2088 4963 Illud

2182 4924 2252 4959 θαι
2295 4901 2378 4959 δεῖ
2418 4905 2559 4983 παρά
2607 4927 2699 4964 σου
2745 4896 3324 4987 μεγαλοπρεπέστερον,
3378 4909 3466 4965 καὶ
3510 4909 3600 4963 τὸν
3642 4906 3790 4962 τόπον

432 4987 628 5069 ipsum
662 4996 838 5069 perte
860 5005 1095 5049 rursum
1118 4984 1570 5075 excitaridebet
1592 4987 2085 5067 magnificentius,

2182 4993 2457 5059 iixwﬁﬁvzt
2513 4984 2932 5075 φιλοτιμότερον,
2995 4984 3080 5052 ἐπὶ
3136 4984 3270 5073 τιμῇ
3353 5001 3453 5063 τῆς
3537 4993 3745 5075 Τριᾶδος
3776 5010 3788 5024 ⁸

435 5083 494 5137 et
513 5075 1240 5157 inhabitarisplendidius,
1270 5074 1342 5137 ad
1377 5074 1667 5137 honorem
1699 5076 2089 5141 sanctissimae

2182 5087 2321 5137 τοῦτο
2364 5082 2463 5160 γὰρ
2507 5084 2668 5150 αὐτῆς
2712 5082 2821 5140 ἐστι
2861 5074 3092 5161 θέλημα,
3142 5087 3215 5141 Σὺ
3257 5083 3311 5141 δὲ
3364 5083 3486 5141 ἀλλ’
3544 5074 3688 5146 ὅπως
3715 5103 3793 5158 μοι

433 5162 756 5241 Trinitatis,
815 5167 984 5246 cujus
1033 5164 1113 5227 ita
1154 5171 1267 5226 stat
1318 5162 1611 5225 voluntas.
1666 5162 1756 5225 Tu
1801 5182 1941 5227 vero
1988 5164 2082 5228 fac

431 5252 648 5315 horum
673 5253 1019 5316 memineris
1045 5272 1152 5316 suo
1185 5260 1481 5333 tempore,
1515 5260 1576 5314 et
1594 5250 1724 5313 sine
1755 5253 2079 5316 cunctatio-

430 5338 695 5404 obedias.
728 5344 1017 5406 Caeterum
1044 5340 1201 5405 bono
1232 5343 1431 5403 animo
1460 5351 1522 5402 et
1560 5358 1666 5420 spe
1698 5342 1820 5404 sis:
1860 5350 2080 5405 sanctae

428 5429 587 5493 enim
636 5428 840 5492 Triadi
887 5430 1089 5492 omnia
1142 5447 1299 5491 curae
1351 5435 1551 5493 erunt.
1582 5425 1689 5491 His
1739 5429 1940 5506 dictis,
1977 5433 2076 5512 qui

429 5516 752 5599 apparebat
773 5536 845 5581 ex
873 5518 1062 5581 oculis
1093 5517 1290 5579 statim
1312 5517 1592 5579 evanuit:
1629 5517 1758 5598 ipse
1790 5536 1930 5581 vero
1970 5521 2076 5601 qui

428 5614 819 5689 apparentem
830 5606 1550 5689 viderat,loquentemque
1560 5606 2075 5688 audierat,timore

509 5733 543 5789 3
567 5731 721 5798 Pu].
751 5747 835 5817 Π,
862 5734 959 5797 ιο.

2160 5170 2354 5227 τούτων
2412 5169 2463 5225 ἐν
2534 5192 2703 5249 καιρῳ
2747 5174 3160 5249 μνημονεύσεις,
3218 5175 3307 5229 καὶ
3379 5171 3548 5249 μηδὲν
3602 5170 3797 5247 σκηψά-

2162 5278 2318 5334 μενος
2373 5259 2711 5324 ὑπακούσεις.
2773 5260 2953 5319 Τᾶλλα
3024 5259 3078 5317 δὲ
3137 5262 3345 5326 εὔελπις
3404 5261 3495 5320 ἔσο
3532 5278 3546 5291 ⁸
3596 5268 3663 5339 τῇ
3701 5261 3791 5339 γὰρ

2160 5345 2335 5423 Τριάδι
2393 5348 2562 5404 πάντα
2619 5347 2865 5425 μελήσει.
2936 5341 2994 5408 Ὀ
3068 5351 3166 5426 μὲν
3242 5352 3331 5409 οὖν
3390 5353 3594 5432 φανεὶς,
3659 5345 3791 5407 ταῦτ’

2158 5436 2343 5517 εἰπὼν,
2403 5435 2454 5501 ἐξ
2510 5436 2792 5517 ὀφθαλμῶν
2855 5440 3000 5503 εύθὺς
3054 5440 3121 5507 ἧν
3156 5458 3169 5472 ⁸
3242 5443 3335 5497 τὸν
3404 5438 3579 5497 ἰδόντα
3621 5437 3674 5495 δὲ
3714 5437 3791 5493 καὶ

2158 5524 2453 5583 ἀκούσαντα
2529 5524 2689 5605 φόϐος
2765 5526 2875 5600 ἅμα
2946 5527 3181 5609 κατέσχε
3248 5529 3337 5586 καὶ
3432 5530 3576 5609 χαρᾶ
3647 5527 3790 5604 λόγου

2157 5614 2401 5695 κρείττων
2438 5629 2452 5643 ·
2513 5621 2588 5689 τῷ
2650 5615 2748 5692 μὲν
2807 5614 3083 5698 παραδόξῳ
3123 5624 3219 5685 τῆς
3262 5617 3436 5695 ὄψεως
3480 5615 3790 5697 ἐκπεπληγ-
