4052 6134
323 314 470 383 1061

1422 322 1607 389 VITA
1653 328 1714 390 S.
1759 321 2153 390 DOROTHEI
2193 316 2564 391 JUNIORIS.

3529 330 3690 397 1062

327 454 507 531 μένον,
559 456 736 536 ὥσπερ
796 460 962 538 εἰκὸς,
1018 460 1105 514 καὶ
1173 457 1383 538 θορύϐου
1452 460 1548 527 τὴν
1618 461 1801 539 ψυχὴν
1861 481 1959 516 πε-

2052 457 2276 537 pariter
2301 465 2359 519 et
2388 458 2606 536 gaudio
2643 476 2820 541 supra
2853 479 3027 541 quam
3065 461 3182 522 dici
3209 463 3674 545 possitcompe-

325 544 654 625 πλησμένον,
687 547 943 625 χαίροντα
984 545 1030 601 δ’
1078 546 1221 623 ὅμως
1290 555 1358 625 τῇ
1414 556 1505 606 τοῦ
1560 550 1679 627 πρὶν
1722 547 1961 627 ἆπορῤή-

322 654 414 687 του
459 630 685 699 δηλώσει
749 636 836 691 καὶ
878 637 1156 716 σαφηνείᾳ,
1217 640 1305 693 καὶ
1347 636 1426 693 ὅτι
1470 638 1548 713 μὴ
1592 638 1767 708 μάτην
1825 637 1965 711 αὒτῴ

322 723 456 777 κατὰ
511 722 610 789 τὴν
666 725 884 802 θεωρίαν
967 723 1170 792 ἐκείνην
1254 728 1288 793 ἡ
1360 727 1515 805 Τριὰς
1591 724 1691 803 ὅλῃ
1750 725 1966 804 γλώσσῃ

323 810 383 865 τὸ
425 811 594 889 τρίτον
650 811 978 892 ἐξεφωνήθη,
1031 813 1190 870 Οὔπω
1234 812 1279 869 δ’
1339 816 1428 871 οὖν
1486 816 1613 895 εἶχε
1658 812 1883 871 συνιδεῖν
1911 836 1963 875 τι

322 898 484 977 πέρας
552 907 642 956 τοῦ
711 901 1024 980 πράγματος
1061 922 1074 937 ’
1159 902 1277 959 ἀλλ’
1335 905 1399 971 ἧν
1454 906 1488 972 ἡ
1543 909 1641 971 τῆς
1706 904 1963 982 προτέραις

322 985 489 1061 λύσις,
536 990 611 1051 ὡς
655 987 814 1061 ἔοικε,
877 988 1117 1070 δευτέρας
1151 992 1370 1072 ἀπορίας
1416 991 1559 1072 ἀρχή
1597 1012 1610 1026 ·
1657 998 1809 1048 τοῦτο
1866 992 1963 1066 μὲν

320 1077 418 1142 τὴν
488 1076 629 1142 τάξιν
702 1078 1030 1159 θυμουμένῳ,
1116 1082 1203 1138 καὶ
1270 1083 1342 1144 ὡς
1425 1086 1518 1140 οὒκ
1600 1078 1711 1145 ἐξὸν
1796 1079 1956 1153 α’›τῷ,

317 1165 417 1220 ὑπὸ
499 1165 718 1237 ἐντολήν
800 1189 857 1222 τε
945 1166 1019 1224 ἔτι
1088 1169 1316 1246 κειμένῳ
1398 1172 1485 1226 καὶ
1550 1170 1650 1237 την
1718 1168 1960 1234 ὑπακοὴν

322 1251 600 1328 διανύοντι,
648 1257 787 1334 μέγα
851 1278 909 1313 τε
977 1272 1153 1314 ποιεῖν
1208 1259 1244 1327 ἢ
1287 1262 1473 1339 μικρὸν
1519 1260 1660 1338 παρᾶ
1714 1259 1813 1325 τὴν
1868 1263 1961 1313 τοῦ

320 1339 539 1419 ἄγοντος
567 1344 815 1420 βούλησιν
852 1363 865 1376 ⁸
909 1352 1063 1403 τοῦτο
1118 1344 1172 1402 δὲ
1200 1349 1286 1403 καὶ
1313 1350 1374 1406 τὸ
1404 1345 1538 1405 ἴδιον
1583 1347 1771 1426 μέτρον
1803 1346 1958 1401 εὖσυ-

320 1430 480 1495 νέτως
512 1440 812 1509 σκοποῦντι,
846 1435 932 1490 καὶ
961 1436 1098 1508 μήτε
1115 1437 1242 1514 πρὸς
1259 1437 1612 1511 ποιμαντικὴν
1632 1435 1954 1509 ἐπιστήμην,

322 1522 458 1594 μήτε
488 1523 619 1601 πρὸς
668 1520 906 1590 δαπάνην
946 1524 982 1592 ἣ
1028 1524 1280 1603 μέριμναν
1336 1522 1488 1603 ἔργου
1534 1523 1845 1591 τηλικούτου
1873 1524 1960 1579 καὶ

322 1611 631 1689 πράγματος
662 1614 852 1676 ἱκανῶς
885 1612 1063 1693 ἔσχεν,
1099 1613 1236 1678 ὅλως
1274 1612 1602 1693 λογιζομένῳ
1636 1630 1649 1644 ⁹
1698 1611 1873 1675 ἄλλως
1901 1634 1958 1667 τε

321 1699 409 1754 καὶ
437 1698 592 1764 πόθος
623 1701 776 1756 αὐτὸν
805 1699 1050 1782 ἅῤῥητος,
1098 1706 1214 1766 οἷος
1242 1709 1347 1758 τῶν
1390 1703 1629 1782 ἆφύκτων
1674 1703 1951 1780 σειρήνων,

2045 547 2267 608 hensus
2319 547 2425 608 fuit
2485 548 2697 609 timore
2743 548 2982 629 quidem
3028 552 3333 629 perculsus
3392 571 3460 614 ac
3489 563 3688 615 mento

2047 635 2339 711 turbatus,
2376 654 2445 697 ex
2479 636 2716 698 insolita
2744 645 2809 697 ut
2840 655 2946 716 par
2972 645 3061 698 est
3083 637 3517 713 visione;simul
3550 660 3688 704 vero

2047 723 2350 786 delibutus
2381 725 2617 801 gaudio,
2653 724 2789 805 quia
2821 725 3183 787 declaratum
3226 745 3383 790 nunc
3414 737 3470 789 et
3499 731 3686 811 expli-

2048 821 2238 874 catum
2262 812 2683 894 videbat,quod
2716 813 2880 894 prius
2902 814 2959 875 ei
2983 814 3283 877 acciderat
3307 819 3682 897 mysterium;

2044 900 2397 981 dicebatque
2428 920 2543 961 non
2576 902 2790 962 frustra
2822 902 2964 983 sibi,
2997 902 3056 963 in
3089 902 3273 983 priori
3304 904 3406 967 illa
3434 906 3684 980 visione,

2045 989 2279 1050 tertium
2315 999 2432 1051 toto
2462 990 2593 1051 nisu
2624 989 3002 1051 inclamatam
3033 992 3464 1054 sanctissimam
3497 994 3690 1057 Trini-

2046 1077 2528 1139 tatem.N~ndum
2565 1092 2763 1139 tamen
2791 1079 2882 1139 rei
2911 1087 3183 1140 eventum
3215 1098 3431 1161 capere
3460 1092 3690 1163 poterat

2043 1165 2516 1238 omnimodegsed
2553 1166 2758 1246 primae
2779 1166 3162 1229 dubitationis
3185 1168 3494 1250 solutio,ut
3513 1173 3687 1254 solet,

2041 1253 2283 1315 alterius
2314 1254 2670 1335 principium
2695 1254 3041 1335 fuit,partim
3074 1257 3409 1319 adversanti
3431 1253 3686 1322 manda-9

2042 1350 2188 1417 tum,
2211 1344 2620 1423 opinantique,
2642 1342 2755 1404 sibi
2788 1343 2897 1404 sub
2932 1345 3177 1406 alterius
3202 1349 3514 1428 praeceptis
3539 1368 3685 1412 con-
3749 1421 3751 1424 ς

2043 1432 2266 1505 stituto,
2300 1441 2357 1492 et
2377 1431 2485 1492 sub
2510 1432 2851 1520 obedientia
2900 1433 3136 1507 viventi,
3184 1434 3331 1497 nihil
3364 1437 3683 1520 quidquam

2041 1520 2225 1581 licere
2284 1529 2498 1600 praeter
2558 1519 2947 1583 moderatoris
3005 1525 3093 1583 sui
3146 1519 3534 1603 voluntatem,
3560 1529 3685 1591 sive

2041 1626 2314 1687 magnum
2347 1610 2487 1670 illud
2514 1612 2590 1671 sit
2631 1609 2755 1671 sive
2791 1629 2998 1690 pavum
3027 1629 3042 1686 ;
3085 1612 3295 1692 partim
3328 1615 3503 1677 etiam
3533 1636 3682 1680 con-

1978 1742 2017 1790 B
2040 1697 2320 1759 sideranli
2348 1699 2659 1790 modulum
2695 1717 2890 1774 suum,
2922 1705 3100 1790 atque
3130 1702 3373 1766 omnino
3403 1706 3685 1784 cogitanti

320 1792 412 1841 τοῦ
440 1783 749 1844 διδασκάλου
776 1803 1025 1869 κατεῖχε,
1073 1791 1159 1846 καὶ
1206 1791 1375 1847 πάντα
1420 1789 1622 1865 μᾶλλον
1670 1793 1857 1846 παθεῖν
1917 1789 1952 1856 ἢ

2044 1804 2158 1847 non
2191 1797 2507 1867 suppetere
2551 1786 2664 1848 sibi
2712 1796 2812 1849 aut
2858 1789 3167 1850 scientiam
3201 1783 3553 1870 pastoralem
3605 1798 3679 1858 ad

321 1878 651 1947 ζημιωθῆναι
680 1883 865 1933 τοῦτον
893 1878 1169 1952 ὑπέμενεν.
1676 1944 1681 1955 ,

2044 1858 2505 1963 γεεθοίίὐὶηβυῐ
2530 1884 2798 1955 sumptus
2830 1885 2890 1937 et
2921 1858 3351 1956 provideo-tiam
3401 1882 3472 1942 ad
3507 1886 3687 1963 perﬁ-

327 1959 601 2021 ciendum
635 1970 860 2025 tantum
892 1983 1040 2046 opus
1072 1983 1085 2027 :
1122 1966 1447 2046 praesertim
1477 1983 1610 2027 cum
1639 1962 1977 2026 incredibili
2024 1961 2347 2044 desiderio,
2380 1964 2537 2025 velut
2585 1964 3008 2027 inevitabilium
3054 1963 3350 2044 Sirenum,
3384 1959 3687 2036 teneretur

326 2048 585 2136 magistri
615 2050 727 2129 sui,
761 2053 991 2133 quidvis
1019 2054 1219 2136 potius
1247 2054 1550 2116 subiturus
1579 2072 1745 2135 qaam
1778 2052 1851 2115 ab
1879 2052 2064 2133 ipsius
2095 2053 2389 2113 consortio
2421 2070 2789 2114 recessurus.

403 2133 473 2202 θ’.
511 2133 566 2200 (Ο
611 2144 705 2219 μὲν
734 2145 823 2201 οὖν
853 2145 905 2201 ἐν
936 2133 1138 2210 τούτοις
1179 2148 1245 2215 ἦν
1285 2149 1373 2204 καὶ
1412 2133 1617 2210 τούτοις
1674 2146 1956 2225 λογισμοῖς

2122 2145 2181 2207 9.
2199 2143 2555 2206 Talibusille
2574 2143 2910 2224 agitabatur
2924 2145 3463 2229 cogitationibus,et
3482 2168 3683 2213 secum

322 2230 704 2309 προσεπάλαιεν
741 2255 751 2266 ’
799 2239 889 2293 οὖν
933 2236 999 2304 ἧν
1028 2235 1082 2293 δὲ
1112 2233 1210 2315 ἄρα
1251 2246 1411 2295 ταῦτα
1440 2235 1621 2293 λαθεῖν
1678 2238 1768 2293 τὸν
1826 2233 1956 2311 βλέ-

2044 2230 2167 2321 ipse
2200 2232 2542 2296 luctabatur
2566 2255 2579 2295 :
2606 2233 2763 2313 quod
2786 2233 2969 2295 latere
2986 2252 3103 2295 non
3129 2237 3316 2314 potuit
3338 2236 3677 2321 videntem;

321 2341 509 2399 ποντα,
570 2319 714 2385 ὅστις
786 2323 879 2381 οὒκ
946 2323 1127 2398 ἄλλος,
1198 2324 1315 2381 ἀλλ’
1362 2326 1514 2389 αὖτὸς
1558 2331 1624 2392 ἦν
1667 2323 1894 2393 ἐκεῖνος,
1928 2326 1956 2379 ὁ

2044 2319 2254 2400 ipsum,
2284 2322 2547 2402 inquam",
2576 2322 2825 2402 hujusce
2847 2322 3085 2384 miriﬁci
3105 2323 3289 2386 Patris
3320 2319 3674 2390 directorem

319 2414 411 2463 τοῦ
489 2412 760 2467 θεσπεσίου
815 2410 963 2472 τοῦδε
1011 2417 1212 2493 [ἰατρὸς
1293 2416 1606 2493 καθηγητὴς
1674 2415 1762 2469 καὶ
1816 2410 1956 2467 διδά-

2044 2426 2105 2469 ac
2136 2410 2478 2487 magistrum
2510 2432 2524 2493 ;
2558 2412 2655 2473 cui
2699 2420 2756 2472 et
2801 2430 2978 2487 nunc,
3019 2412 3105 2473 uti
3147 2430 3402 2493 semper,
3437 2418 3677 2479 tametsi

319 2495 536 2573 σκαλος,
597 2502 643 2573 ᾧ
684 2501 770 2556 καὶ
825 2508 913 2557 νῦν
954 2505 1026 2565 ὡς
1082 2503 1161 2559 ἀεὶ
1216 2505 1387 2559 πάντα
1442 2504 1681 2582 γνώρμα
1747 2503 1941 2573 τίθησι,

2044 2495 2211 2582 longe
2241 2498 2642 2575 absenti,nola
2662 2509 2791 2561 erat
2818 2500 3217 2577 omnia,solito
3247 2504 3511 2566 revelare
3541 2523 3676 2582 pro-

321 2587 488 2641 καίτοι
532 2608 593 2665 γε
645 2590 848 2668 μακρὰν
917 2591 1201 2669 ἀφεστῶτι,
1270 2594 1299 2647 6
1355 2591 1734 2648 ἀνακαλύπτων
1790 2588 1947 2666 βαθέα

2044 2575 2234 2663 Tunde,
2281 2607 2347 2648 ac
2403 2590 2687 2666 detegere
2736 2588 2989 2649 occulta.
3021 2575 3361 2651 'Reversum
3395 2575 3613 2674 quippe
3640 2613 3676 2656 a

321 2674 408 2728 καὶ
492 2673 806 2753 ἀπογυμνῶν
903 2678 1256 2758 κεκρυμμένα,
1359 2669 1786 2757 ’Υποστρέψαντα
1853 2677 1952 2754 γὰρ

2044 2682 2271 2754 peracto
2304 2675 2632 2737 ministerio
2652 2675 3095 2756 Sanctum,post
3115 2695 3342 2738 moram
3372 2669 3671 2760 eiig'u'am,

321 2762 453 2835 μετᾶ
511 2765 607 2829 τὴν
663 2770 762 2831 τῆς
833 2763 1093 2830 διακονίας
1151 2765 1505 2846 ἐκπλήρωσιν,
1576 2768 1762 2844 μικρὸν
1831 2765 1954 2821 ἐπι-

2044 2763 2373 2825 advocatad
2400 2771 2671 2844 se,atque
2687 2764 2806 2826 ait:
2856 2763 3006 2836 Quid
3031 2760 3454 2844 tergiversaris,
3486 2768 3566 2830 tili
3592 2772 3671 2831 mi

323 2851 494 2930 σχὼν,
540 2851 919 2925 μετακαλεῖται
948 2856 1040 2911 τὸν
1082 2853 1249 2931 ὅσιον,
1293 2856 1380 2911 καὶ
1408 2856 1489 2929 Τί,
1535 2856 1685 2934 φησὶ,
1718 2852 1952 2929 μέλλεις.

2044 2849 2362 2914 Dorothee?
2384 2849 2682 2932 Numquid
2726 2850 2940 2913 oblivio
2985 2862 3042 2913 te
3073 2852 3231 2933 cepit
3259 2853 3441 2926 illius,
3484 2858 3584 2935 qui
3616 2865 3672 2919 te

322 2938 368 2993 ὦ
426 2938 657 3018 Δωρόθεε
703 2941 908 3017 τέκνον,
964 2943 999 3010 ἦ
1058 2944 1187 3019 μήτι
1243 2965 1344 3000 που
1400 2944 1524 3021 σύγε
1579 2942 1747 3012 λήθην
1800 2940 1957 3020 ἔσχες

2044 2939 2319 3002 divinitus
2351 2939 2604 3016 monuit,
2638 2948 2698 3001 et
2718 2939 3132 3002 mandatorum
3161 2960 3291 3022 quae
3320 2942 3526 3006 dedit?
3551 2943 3670 3009 dic.

322 3036 414 3085 τοῦ
495 3032 925 3107 χρηματίσαντος
1004 3033 1092 3088 καὶ
1171 3034 1245 3089 ὧν
1320 3032 1524 3095 ἐκεῖνος
1605 3030 1951 3110 ἐπέσκηψενς

2044 3029 2187 3092 Cum
2215 3047 2353 3091 vero
2385 3029 2603 3109 ipsum,
2627 3029 2930 3110 inepinato
2968 3046 3248 3091 sermone
3279 3030 3573 3095 turbatum
3601 3052 3671 3096 ac

323 3118 484 3194 Εἶπε,
543 3123 631 3177 καὶ
705 3120 1118 3204 διαταραχθέντα
1189 3125 1275 3180 τὸν
1339 3124 1485 3181 ὅσιον
1553 3124 1753 3204 ἀθρόως
1835 3120 1956 3179 ἰδὼν

2044 3117 2217 3180 veluti
2259 3118 2513 3180 tonituro
2561 3117 2816 3199 quodam
2894 3118 3286 3199 stupefactum
3342 3130 3666 3199 cerneret;

328 3192 477 3286 πρὸς
512 3211 575 3265 τὸ
636 3220 729 3270 τοῦ
797 3192 967 3290 λόγου,
1012 3210 1322 3291 παράδοξον,
1392 3214 1481 3269 καὶ
1542 3192 1783 3292 καθάπερ
1850 3212 1952 3270 ὒπό

2044 3206 2326 3269 recreavit
2373 3192 2644 3268 nonnihil
2692 3207 2890 3269 animo
2939 3192 3315 3271 deﬁcientem
3346 3218 3405 3271 et
3434 3192 3667 3287 placide

322 3273 464 3359 τίνος
506 3297 725 3376 βροντῆς
787 3273 1268 3381 ἐκτιεθαμϐημένον,
1306 3273 1668 3374 ’ἀνελάμϐανέ
1723 3273 1780 3356 τὲ
1824 3299 1958 3356 κατὰ

2044 3295 2358 3371 revocavit,
2379 3314 2448 3358 ac
2469 3295 2706 3358 tandem
2736 3294 3009 3357 manibus
3024 3297 3385 3376 prehensum
3413 3273 3670 3361 reduxit.

323 3386 510 3464 μικρὸν
542 3432 560 3462 ,
679 3390 767 3444 καὶ
868 3388 1171 3447 ἐνεκαλεῖτο
1280 3391 1371 3446 σὺν
1481 3390 1718 3464 εὐμενείᾳ
1750 3438 1766 3471 ,
1877 3391 1959 3447 καῖ

2044 3382 2176 3464 Ipse
2204 3402 2341 3447 vero
2374 3393 2494 3446 tum
2524 3402 2631 3446 sua
2679 3391 2803 3448 tum
2854 3392 3083 3463 patrum
3136 3402 3378 3448 suorum
3436 3388 3676 3466 vestigia

328 3472 481 3538 τέλος
522 3476 617 3539 τὰς
650 3490 842 3557 χεῖρας
900 3477 1092 3543 ἐπιθεὶς
1134 3477 1490 3557 ἐπανήγαγεν,
1554 3471 1610 3537 Ὀ
1654 3477 1732 3554 δὲ,
1778 3481 1959 3538 ἑαυτοῦ

2044 3479 2355 3559 relegens,
2408 3474 2813 3557 supplicabat,
2866 3476 3237 3556 precabatur,
3301 3477 3673 3552 obsecrabat,

321 3563 517 3639 τε’ἇ¹μα
573 3567 660 3622 καὶ
701 3567 805 3623 τῶν
867 3573 1134 3647 πατρικῶν
1183 3569 1348 3648 ἰχνῶν
1405 3569 1657 3646 γεγονὼς,
1707 3567 1953 3641 ἱκέτευεν,

2044 3567 2252 3638 oculis,
2285 3565 2578 3646 lacrymis,
2612 3565 2888 3645 amplexu
2917 3583 3195 3626 manuum
3218 3564 3511 3627 formosos
3538 3584 3671 3628 mo-

321 3650 610 3727 ἠντιϐόλει,
676 3654 1036 3733 κατελιπάρει,
1111 3654 1394 3736 φιλήμασι,
1455 3655 1689 3736 δάκρυσι,
1761 3658 1959 3736 χειρῶν

2044 3654 2332 3718 deratoris
2381 3653 2474 3715 sui
2518 3653 2701 3734 pedes
2732 3652 3145 3714 venerabatur.
3178 3651 3330 3725 Quid
3361 3652 3521 3715 enim
3552 3673 3673 3717 non

324 3738 645 3818 ἐμπλοκαϊς,
719 3748 840 3807 τοὺς
909 3747 1102 3824 ὡραίου
1182 3744 1406 3807 ἐκείνονς
1487 3744 1651 3808 πόδας
1733 3744 1959 3824 ἐξεθερά-

2044 3741 2320 3806 dicebat?
2349 3740 2488 3822 quid
2520 3759 2636 3801 non
2666 3739 2872 3820 agebat
2912 3741 3147 3802 illorum
3194 3759 3324 3821 quae
3376 3750 3511 3804 nata
3535 3753 3675 3806 sunt

322 3850 468 3892 πευε.
544 3831 605 3888 Τί
646 3832 745 3912 γὰρ
798 3836 892 3892 οὐκ
934 3832 1081 3911 ἔλεγε
1115 3854 1131 3908 ;
1201 3834 1250 3889 τί
1314 3831 1368 3889 δὲ
1417 3833 1511 3890 οὐκ
1550 3833 1713 3890 ἐποίει
1752 3841 1855 3891 τῶν
1887 3835 1959 3903 εἷς

2045 3832 2296 3895 animam
2330 3828 2777 3892 misericordem
2822 3845 3058 3891 movere
3095 3829 3167 3890 ad
3199 3828 3673 3893 commiseratio-

324 3918 510 3975 οἶκτον
584 3923 777 3978 ἱκανῶν
856 3921 1172 3980 ἐπισπᾶσθαι
1242 3923 1426 4002 ψυχὴν
1511 3922 1959 4003 φιλοικτίρμονα;

2046 3926 2215 3984 nem?
2233 3919 2292 3981 id
2324 3936 2503 3980 unum
2537 3925 2595 3979 et
2623 3917 2810 3979 solum
2845 3917 3192 4002 deprecans,
3225 3936 3301 3980 ne
3331 3937 3365 3979 a
3394 3920 3674 3999 magistro

320 4005 388 4062 δι’
444 4010 518 4064 ὧν
560 4011 805 4069 ἁπάντων
850 4014 905 4070 ἓν
957 4012 1111 4069 τοῦτο
1168 4025 1467 4090 παρῃτεῖτο
1516 4014 1603 4069 καὶ
1634 4013 1814 4089 μόνον,
1860 4014 1958 4082 τὴν

2044 4029 2150 4073 suo
2182 4015 2595 4089 separaretur;
2635 4006 2791 4087 quod
2841 4004 3013 4086 plane
3053 4006 3484 4086 separationem
3508 4008 3609 4085 sui
3637 4027 3674 4072 a

319 4097 413 4153 ἀπ’
478 4098 674 4156 ἐκείνου
715 4098 1006 4182 διάστασιν,
1053 4104 1330 4182 χωρισμὸν
1398 4109 1529 4159 Θεοῦ
1583 4100 1817 4181 ἄντικρυς
1872 4105 1959 4159 καὶ

2044 4099 2162 4161 Deo
2218 4105 2392 4178 atque
2440 4096 2727 4175 jacturam
2780 4093 2994 4182 animae
3035 4112 3156 4157 suae
3205 4094 3559 4178 appellabat,
3614 4106 3674 4160 et

318 4188 511 4262 ζημίαν
566 4194 770 4269 ψυχῆς,
832 4192 894 4247 τὸ
962 4181 1180 4271 πρᾶγμα
1246 4190 1422 4271 καλῶν
1491 4193 1578 4248 καὶ
1647 4189 1953 4255 κατωδύνως

2044 4186 2343 4267 aegerrime
2360 4182 2666 4271 ferendum
2689 4182 2809 4243 imo
2821 4181 3195 4245 intolerabile
3212 4182 3325 4244 sibi
3340 4184 3666 4247 asserebat.

320 4275 466 4354 ἄγειν
508 4265 871 4356 πρὸς-τοῦτο,
914 4265 1014 4336 καὶ⁷
1044 4265 1161 4336 λίαν
1202 4265 1479 4360 ἀφορήτους
1542 4278 1950 4356 διατεινόμενος.

2044 4265 2151 4340 Sed
2181 4274 2500 4357 praeclarus
2534 4270 2873 4370 moderator
2899 4288 3106 4333 rursus
3135 4289 3271 4333 eum
3305 4271 3616 4370 consolans
3650 4294 3666 4335 :

320 4362 469 4420 Ἀλλ’
525 4368 553 4422 6
596 4365 762 4445 μέγας
816 4367 958 4432 αὖθις
1001 4357 1341 4449 παρηγορῶν,
1406 4368 1501 4425 οὒκ
1553 4367 1715 4445 ἔστιν,
1773 4369 1951 4440 εἶπεν,

2044 4362 2161 4425 Non
2189 4368 2401 4443 potest,
2433 4358 2646 4449 inquit,
2680 4357 2882 4439 filimi,
2915 4365 3256 4449 nonpotest
3283 4358 3613 4449 aliteriﬁeri
3650 4382 3665 4421 :

318 4454 365 4509 ὦ
459 4455 659 4530 τέκνον,
751 4456 843 4513 οὐκ
935 4446 1087 4515 ἔστιν
1155 4446 1330 4522 ἄλλως
1424 4457 1661 4536 γενέσθαι
1690 4477 1706 4493 ο
1776 4459 1951 4536 ὀἶσθα

2044 4450 2190 4513 nosti
2214 4466 2490 4527 namque.
2525 4465 2559 4508 a
2593 4446 2738 4536 Deo,
2773 4464 2892 4508 non
2922 4446 2996 4509 ab
3044 4447 3287 4509 homine
3341 4448 3669 4528 perfectum

319 4542 418 4621 γὰρ
459 4541 540 4599 ὅτι
592 4518 760 4620 θεῖτον,
808 4546 901 4601 οὒκ
950 4543 1285 4624 ἐνθρώπινον,
1316 4518 1403 4601 *τὸ
1439 4518 1729 4623 ἐπίταγμα,
1775 4530 1839 4602 Ἃ
1896 4543 1951 4601 δὲ

2044 4540 2224 4601 isthoc
2259 4518 2795 4607 maddatum.Qute
2842 4543 3038 4624 autem
3081 4539 3262 4611 Deus,
3295 4518 3396 4617 qui
3435 4546 3672 4599 sanctus

320 4633 348 4686 6
392 4632 521 4696 Θεὸς
568 4632 597 4688 6
650 4631 802 4712 ἅγιος
856 4622 1213 4710 βεϐούλευται,
1268 4634 1345 4697 τίς
1416 4631 1741 4690 διασκεδάσει
1788 4653 1804 4715 ς
1864 4636 1952 4691 καὶ

2044 4636 2143 4709 est,
2175 4626 2399 4698 statuit,
2421 4625 2552 4715 quis
2577 4622 2952 4715 dissipabit}
2979 4633 3039 4686 et
3069 4642 3308 4715 manum
3340 4625 3495 4705 ejus,
3540 4643 3669 4706 quae

318 4720 417 4787 τὴν
458 4734 622 4800 χεῖρα
676 4710 836 4781 αὐτοῦ
900 4721 1000 4791 τὴν
1055 4721 1269 4798 ὑψηλὴν
1322 4724 1398 4787 τίς
1467 4710 1834 4802 ἀποστρέψεις
1882 4723 1954 4780 Οὒ

2044 4717 2268 4779 excelsa
2295 4722 2410 4791 est,
2441 4712 2572 4794 quis
2618 4711 2876 4802 avertit?
2903 4710 3032 4774 Non
3074 4712 3258 4802 igitur
3303 4729 3536 4794 aequum
3580 4722 3670 4802 est

318 4807 469 4883 θέμις
542 4809 632 4865 οὖν
714 4811 952 4868 ἀπειθεῖν
1032 4824 1154 4876 ταῖς
1231 4808 1514 4888 θειοτέραις
1585 4800 1902 4885 οἰκονομίαις
1936 4829 1950 4843 ο

2044 4804 2258 4867 divinae
2281 4800 2654 4883 dispositioni
2684 4819 2803 4863 non
2834 4818 3064 4881 parere:
3082 4801 3142 4864 id
3164 4801 3324 4863 enim
3350 4819 3466 4862 non
3493 4801 3668 4863 modo

322 4902 476 4953 τοῦτο
532 4898 639 4979 γὰρ,
672 4898 732 4955 οὗ
760 4899 921 4974 μόνον
975 4898 1298 4979 ἀσύμφορον,
1342 4896 1477 4954 ἀλλὰ
1530 4904 1607 4973 τῷ
1673 4900 1829 4955 παντὶ
1869 4899 1958 4954 καὶ

2044 4895 2243 4957 inutile
2271 4893 2444 4975 foret,
2477 4890 2583 4953 sed
2608 4891 2784 4953 etiam
2838 4892 3080 4953 omnino
3128 4891 3256 4954 ﬁeri
3287 4891 3512 4979 nequit.
3547 4891 3669 4953 Nos

322 4982 593 5047 ἀδύνατον.
628 4977 796 5063 Ἠμᾶς
826 4986 871 5044 δ’
901 4987 964 5044 ἂν
991 4989 1028 5065 ᾗ
1056 4977 1292 5065 θέλημα,
1317 4985 1542 5045 κωλύσει
1572 4987 1782 5051 πάντως
1810 4983 1954 5044 οὒδὲν

2044 5001 2238 5066 porro,
2269 4981 2345 5044 sit
2371 4982 2452 5043 ita
2481 4980 2591 5041 tibi
2620 4979 2875 5042 lubitum
2924 4980 3121 5057 fuerit,
3154 4978 3300 5041 nihil
3345 4978 3668 5061 quidquam

323 5070 721 5131 ἐπισκέπτεσθαί
748 5096 806 5131 σε
833 5076 922 5133 καὶ
962 5074 1146 5151 πάλιν,
1201 5074 1300 5132 κᾶν
1345 5074 1400 5130 ἐν
1427 5074 1677 5155 ἐσχάτοις
1707 5079 1808 5153 γῆς
1836 5072 1953 5130 δια-

2044 5071 2341 5154 impediet,
2375 5089 2410 5133 a
2438 5068 2773 5130 visitatione
2824 5067 2930 5149 tui,
2981 5067 3219 5130 tametsi
3266 5067 3327 5128 in
3382 5068 3669 5155 extremis

318 5157 521 5240 τρίϐῃς,
568 5164 655 5218 καὶ
694 5164 761 5219 τὰ
800 5166 997 5235 συνήθη
1027 5161 1408 5244 γνωμοδοτετθ,
1438 5154 1526 5219 καὶ
1552 5164 1875 5243 καταρτίζειν
1899 5162 1954 5219 ἐν

2044 5168 2326 5224 terrarum
2385 5156 2573 5240 plagis
2616 5156 2960 5239 morereris,
2991 5155 3305 5244 consilium
3352 5154 3460 5217 tibi
3497 5174 3666 5221 more

320 5264 438 5314 τοῖς
479 5258 572 5309 τοὺ
611 5254 930 5330 πνεύματος.

2044 5257 2235 5313 nostro
2266 5249 2527 5327 daturos,
2560 5253 2619 5309 et
2645 5245 2708 5307 in
2735 5244 2916 5308 rebus
2956 5243 3366 5326 spiritualibus
3397 5244 3664 5308 directu-

2036 5357 2136 5401 1‘08
2145 5387 2156 5398 .

399 5420 459 5493 ι’.
499 5412 651 5512 ’δπερ
693 5432 781 5490 οὖν
811 5434 886 5497 ὡς
930 5432 1256 5513 ἐτι-ἤγγελτο,
1286 5434 1375 5489 καὶ
1422 5436 1588 5489 ποιῶν
1630 5429 1726 5487 οὒκ
1766 5429 1955 5524 ἔληγεν

2118 5427 2357 5491 10.Ηεεο
2368 5426 2469 5489 ubi
2487 5421 2679 5524 edicta
2698 5420 2884 5524 fuere,
2901 5437 3029 5524 rem
3045 5421 3401 5524 propositam
3424 5421 3672 5524 exsequi

317 5517 529 5598 ὕστερον
572 5509 890 5599 ὁ-ἆψευδὴς
944 5509 1182 5603 θεράπων
1241 5522 1337 5590 τῆς
1389 5519 1636 5587 ἀληθείας
1668 5535 1682 5548 ⁸
1736 5519 1859 5575 τότε
1908 5516 1951 5575 δ’

2044 5536 2156 5580 non
2166 5517 2322 5581 ultra
2338 5513 2568 5580 distulit
2595 5509 3079 5603 ﬁdelisminister
3097 5510 3392 5603 veritatis;
3413 5511 3520 5603 sed
3546 5510 3668 5574 illis

317 5597 498 5679 ἐπειδὴ
552 5597 752 5669 τούτων
806 5597 1014 5684 ἤκουσε*
1068 5609 1191 5693 παρ’
1262 5607 1443 5668 ἐλπίδα
1485 5610 1571 5665 καὶ
1627 5608 1866 5688 γνώμην,
1927 5610 1955 5664 6

2044 5615 2251 5688 prater
2274 5623 2441 5689 spem
2474 5608 2532 5665 et
2550 5601 2905 5663 sententiam
2927 5597 3168 5678 auditis,
3191 5597 3353 5664 illico
3380 5598 3494 5665 sibi
3524 5616 3667 5685 per-
