4052 6134
468 325 623 393 1063

1694 337 1723 398 J
1731 335 1939 398 ΟΑΝΝ
1947 333 2017 396 18
2059 325 2615 396 EUCHAITENSIS

3687 330 3818 396 1604

413 501 416 503 λ
463 464 699 526 suaderi
731 465 866 527 sivit
893 483 1066 528 verus
1095 464 1449 529 obedientize
1478 468 1658 545 ﬁlius;
1677 468 1826 531 nihil
1856 485 2088 530 excusa-

2178 463 2345 542 ταχὺς
2389 464 2488 529 τὴν
2561 466 2844 522 εὐπείθειαν
2889 463 3092 528 ἐκεῖνος
3165 466 3253 520 καὶ
3309 465 3724 543 ἀπροφάσιστος,
3767 468 3818 520 τὸ

465 553 641 616 tionis
669 555 943 630 atl'erens,
964 553 1109 616 nihil
1138 555 1199 616 in
1233 556 1590 619 contrarium
1617 555 2098 631 adducens,uihil

463 642 860 719 dissentiens;
893 643 996 704 sed
1031 643 1255 723 absque
1299 645 1462 707 omni
1502 646 1779 708 violentia
1821 665 1886 708 se
1911 653 2092 708 totum

465 733 664 810 gratia;
718 734 1050 810 commisit;
1099 742 1156 796 et
1212 755 1508 817 propensa
1562 738 1884 812 voluntate,
1937 737 2092 818 quod

463 821 910 884 convenientius
955 831 1104 896 erat,
1164 822 1410 904 eligens,
1465 825 1609 886 abiit
1656 825 1962 898 continuo,
1996 833 2095 887 aut

466 911 661 990 potius
716 910 884 984 adiit,
932 919 994 970 ut
1031 911 1234 989 jussus
1282 912 1490 987 fuerat,
1541 913 1612 974 ad
1663 915 2031 993 designatum
2063 932 2096 974 a

461 999 687 1060 visione
717 998 934 1060 locum.
959 997 1126 1060 Illum
1159 1000 1392 1062 scilicet
1439 1001 1656 1074 locum,
1691 1001 1791 1082 qui
1823 1021 1855 1063 e
1885 1001 2097 1064 vicinia

463 1088 577 1148 late
604 1087 978 1167 conspicuus,
1012 1106 1143 1149 cum
1171 1090 1335 1168 prius
1359 1090 1761 1152 inhabitabilis
1793 1099 2093 1172 esset,tam

465 1194 844 1238 numerosum
907 1195 1063 1237 nunc
1103 1195 1338 1256 gregem
1394 1180 1837 1249 monachorum,
1886 1185 1944 1240 in
1991 1197 2096 1260 spe

463 1263 849 1337 habitantem,
874 1263 956 1324 uti
1009 1264 1293 1344 scriptum
1338 1275 1426 1328 est
1459 1265 1512 1341 6,
1549 1267 1724 1328 habet
1768 1276 1941 1347 atque
1971 1269 2094 1344 alit,

462 1351 594 1414 cibo
626 1360 746 1412 tum
779 1353 1092 1430 corporali,
1147 1359 1267 1414 tum
1318 1354 1500 1416 multo
1545 1355 1730 1433 magis
1779 1354 2093 1436 Spirituali,

462 1441 632 1520 cujus
680 1439 1032 1520 praicipuam
1086 1440 1170 1501 illi
1221 1442 1505 1503 rationem
1561 1443 1806 1513 ducunt,
1843 1452 1900 1504 et
1929 1443 2096 1523 cujus

461 1547 636 1590 causa
656 1527 980 1590 certamina
995 1528 1326 1605 spiritualia
1347 1538 1404 1592 et
1425 1530 1724 1592 salutifera
1745 1532 2092 1610 suscipiunt.

2183 550 2276 617 τῆς
2320 552 2559 618 ῦπακοῆς
2603 550 2765 614 ὅντως
2835 552 3038 632 τέκνον,
3086 555 3177 610 οῦκ
3247 553 3552 609 ἀντιτείνων
3618 552 3688 620 ἧν
3731 551 3817 625 ἔτι,

2180 639 2274 694 οὒκ
2300 639 2552 713 ἀπειθῶν,
2585 645 2644 699 οῦ
2674 638 3142 719 προσϐιαζόμενος,
3189 640 3308 698 ἀλλ’
3366 640 3490 698 ὅλον
3537 643 3724 698 ἑαυτὸν
3761 649 3816 717 τῇ

2179 727 2357 806 χάριτι
2425 726 2707 806 παραδοὺς,
2779 731 2866 784 καὶ
2934 731 3031 794 τῆς
3101 739 3194 788 τοῦ
3231 731 3525 808 κρείττονος
3573 727 3812 804 εὐδοκίας,

2177 815 2382 870 ἄπεισιν
2444 818 2612 891 εωυς,
2683 819 2755 880 ὡς
2811 817 3190 896 προστέτακτο,
3248 820 3390 896 παρὰ
3461 821 3557 874 τὸν
3630 817 3818 874 ὑποδει-

2178 903 2372 982 χθέντα
2414 905 2576 960 τόπον
2631 907 2732 961 ὑπὸ
2774 909 2870 973 τῆς
2924 905 3120 980 ὄψεως,
3181 906 3382 981 μᾶλλον
3431 905 3484 962 δὲ
3530 908 3816 980 πρόσεισιν·

2178 993 2328 1054 οὗτος
2385 994 2483 1070 γὰρ
2541 993 2744 1056 ἐκεῖνος
2805 995 2834 1047 6
2889 993 3076 1072 τόπος,
3149 997 3298 1057 οὗτος
3369 996 3396 1048 6
3448 993 3508 1049 ἐκ
3581 994 3817 1071 γειτόνων

2178 1080 2465 1158 ὁρώμενος,
2516 1084 2601 1138 καὶ
2663 1084 2919 1149 τοσαύτην
2973 1082 3171 1162 ἀγέλην
3243 1091 3331 1139 νῦν
3388 1091 3696 1162 μοναστῶν,
3741 1082 3817 1138 ἐπ’

2185 1166 2350 1224 ἐλπίδι
2421 1178 2790 1250 κατοικοῦσαν,
2873 1173 2946 1233 ὡς
3029 1170 3346 1248 γέγραπται,
3433 1170 3493 1225 ἐκ
3565 1179 3662 1227 τοῦ
3718 1174 3818 1248 πρὶν

2182 1256 2433 1325 ἀοικήτου
2477 1259 2646 1336 φέρων
2703 1259 2791 1314 καὶ
2847 1258 3049 1338 τρέφων
3099 1266 3167 1336 τῇ
3211 1265 3490 1335 σωματικῇ
3534 1281 3595 1314 τε
3643 1266 3818 1338 τροφῇ,

2179 1347 2265 1401 καὶ
2311 1345 2494 1420 πολλῷ
2536 1369 2595 1424 γε
2644 1345 2844 1421 μᾶλλον
2888 1353 2956 1422 τῇ
3001 1352 3233 1427 ψυχικῇ,
3300 1349 3358 1413 ἧς
3403 1351 3589 1412 αὐτοῖς
3662 1352 3689 1403 6
3729 1355 3819 1409 πᾶς

2178 1433 2356 1510 λόγος.
2418 1437 2505 1490 καὶ
2573 1436 2702 1512 ὑπὲρ
2757 1436 2822 1500 ἧς
2895 1439 2941 1491 οἱ
2992 1437 3192 1513 ἀγῶνες
3250 1439 3296 1491 oi
3352 1437 3820 1510 πνευματικοὶκαὶ

2179 1525 2450 1601 σωτήριοι.
2487 1524 2619 1600 Πρὸς
2664 1534 2842 1582 τοῦτον
2888 1523 3094 1587 ἐκεῖνος
3125 1526 3224 1580 ὑπὸ
3269 1532 3398 1581 Θεοῦ
3453 1547 3511 1580 τε
3573 1527 3814 1604 πεμφθεὶς

458 1617 546 1679 Ad
575 1617 804 1680 huncce
825 1617 1016 1678 locum
1040 1617 1367 1680 Dorotheus
1397 1637 1430 1680 a
1459 1618 1582 1681 Deo
1607 1627 1665 1682 et
1686 1638 1902 1699 magno
1924 1619 2088 1682 Patre

2175 1612 2262 1665 καὶ
2330 1617 2422 1667 τοῦ
2483 1610 2716 1689 μεγάλου
2800 1614 3004 1689 Πατρὸς
3098 1613 3294 1669 ἐκείνου
3380 1615 3461 1668 καὶ
3520 1611 3812 1691 παιδευτοῦ,

459 1725 566 1767 suo
596 1714 771 1786 atque
816 1705 1151 1769 institutore
1178 1707 1423 1782 missus,
1455 1709 1585 1770 sine
1609 1696 2088 1788 tergiversatione

2177 1696 2409 1774 μηδεμιᾷ
2464 1699 2718 1774 μελλήσει
2775 1703 2836 1756 το
2905 1707 3123 1779 πρᾶγμα
3194 1701 3328 1776 μηδὲ
3383 1700 3666 1778 δισταγμῷ
3717 1725 3806 1756 τινι

457 1794 602 1874 ulla,
635 1785 765 1856 sine
814 1794 933 1856 ulla
979 1794 1358 1875 ambiguitate
1403 1816 1552 1878 opus
1606 1785 1920 1876 aggressus
1961 1807 2088 1873 est;

2175 1785 2314 1861 δοὺς,
2403 1787 2554 1865 ἔργου
2628 1789 2837 1868 εἴχετο,
2910 1791 2997 1845 κιὶ
3066 1790 3246 1852 πόνοις
3327 1790 3518 1852 πόνους
3597 1790 3809 1856 συνῆπτε

457 1891 514 1944 et
543 1883 776 1944 labores
800 1882 1103 1945 laboribus
1119 1874 1484 1965 sudoresque
1513 1874 1827 1947 sudoribus
1841 1886 2087 1963 addidit,

2175 1878 2259 1931 καὶ
2328 1874 2534 1954 ἱδρῶσιν
2620 1875 2860 1955 ἱδρῶτας,
2944 1877 3284 1956 ἐκκαθαίρων,
3344 1879 3608 1956 ἐκφορῶν,
3683 1882 3809 1953 ὁμα-

457 1971 580 2032 suis
613 1971 882 2033 manibus
936 1971 1130 2034 locum
1181 1963 1582 2053 repurgando,
1631 1974 2086 2054 complanando,

2175 1963 2326 2035 λίζων
2358 1977 2478 2027 ταῖς
2535 1964 2718 2022 ἑαυτοῦ
2761 1967 2942 2044 χερσὶν
2985 1967 3013 2020 6
3068 1979 3308 2043 γενναῖος
3343 1981 3355 1995 ⁸
3404 1969 3603 2041 μεστὸς
3648 1969 3744 2043 γὰρ
3784 1969 3808 2020 ὁ

458 2059 632 2122 noxia
661 2058 961 2121 efferendo
987 2079 1000 2121 :
1029 2050 1397 2142 eratquippe
1420 2061 1738 2123 admodum
1771 2050 2085 2145 silvestris,

2175 2053 2333 2115 τόπος
2427 2050 2558 2118 ὕλης
2657 2053 2864 2132 ἀγρίας,
2951 2056 3145 2127 μεστὸς
3244 2055 3658 2128 συμπτωμάτων
3737 2056 3810 2109 καὶ

453 2157 511 2210 et
539 2147 727 2209 ruinis
767 2138 1207 2228 ruderibusque
1246 2138 1440 2212 omnis
1496 2150 1732 2229 generis
1789 2138 2085 2232 oppletus;

2175 2138 2507 2197 παντοδαποῦ
2561 2148 2804 2220 φορυτοῦ.
2869 2142 3014 2219 Παρὰ
3094 2145 3194 2208 τὴν
3276 2141 3491 2219 πρώτην
3566 2142 3664 2217 μὲν
3734 2141 3810 2196 ὠν

450 2235 641 2309 Quare
671 2235 844 2299 initio
874 2235 1113 2316 quidem
1145 2244 1340 2298 actum
1392 2256 1592 2317 agere,
1625 2247 1803 2319 atque
1829 2230 1890 2299 id
1932 2241 2087 2320 quod

2175 2230 2400 2299 ἔινήτυεά
2456 2252 2512 2286 τε
2572 2233 2791 2305 κάμνειν
2843 2232 2994 2304 ἐῴκει
3061 2234 3147 2288 καὶ
3220 2230 3488 2295 ἀδυνάτοις
3543 2231 3809 2311 προδήλοις

453 2325 581 2388 fieri
613 2343 729 2386 non
753 2333 947 2403 potest
975 2323 1291 2386 videbatur
1320 2325 1473 2388 velle
1504 2317 1750 2389 moliri':
1785 2345 1917 2387 cum
1937 2317 2088 2389 exae-

2175 2317 2490 2399 ἐπιχειρεῖν,
2525 2320 2808 2394 οἰκοδομὴν
2867 2319 3150 2386 ἐκκλησίας
3205 2323 3292 2376 καὶ
3343 2326 3512 2395 μονῆς
3577 2323 3807 2376 σύστασιν

450 2413 694 2474 diﬁcare
739 2413 1055 2474 ecclesiam
1096 2422 1152 2476 et
1179 2416 1603 2477 monasterium
1649 2423 1998 2478 construere
2029 2419 2087 2479 in

2175 2407 2227 2462 ἐν
2277 2409 2460 2486 ἐρήμῳ
2518 2414 2588 2485 γῇ
2643 2411 2730 2463 καὶ
2786 2406 2968 2481 ἀϐάτῳ
3023 2408 3391 2483 διανοούμενος
3471 2411 3803 2478 καταστήσα-

453 2510 610 2564 terra
629 2501 864 2563 deserta
886 2509 942 2563 et
971 2501 1127 2563 invia
1149 2503 1376 2564 induxit
1395 2502 1454 2564 in
1477 2503 1829 2580 animum;et
1845 2505 2084 2584 quidem

2175 2499 2283 2552 σθαι
2320 2513 2332 2526 ⁸
2407 2498 2494 2554 καὶ
2558 2519 2718 2567 ταρτα
2776 2496 2918 2561 ξένος
2998 2497 3052 2552 ἐν
3126 2496 3312 2571 ξένοις,
3391 2497 3583 2571 πένης,
3646 2499 3796 2570 ἄοικο,

451 2590 796 2670 peregrinus
853 2590 1008 2651 inter
1062 2591 1428 2670 peregrinos.
1492 2610 1750 2672 pauper,
1808 2582 2080 2670 extorris,

2175 2584 2456 2662 ἓὶγνωστος,
2528 2582 2725 2663 ἔρημος
2795 2585 3007 2651 ἀπάσης
3060 2586 3304 2662 βοηθείας
3355 2587 3444 2642 καὶ
3518 2587 3798 2665 συγκροτή-

449 2679 705 2758 ignotus,
733 2678 896 2739 omni
917 2677 1132 2740 auxilio
1161 2679 1526 2761 consilioque
1552 2681 1829 2760 privatus.
1856 2680 2086 2745 Etenim

2175 2693 2307 2737 σεως
2343 2689 2355 2702 ⁸
2421 2672 2603 2740 ἐπειδὴ
2657 2675 2742 2729 καὶ
2802 2675 3126 2750 μονώτατος,
3188 2673 3268 2730 ὅτι
3327 2675 3405 2747 μὴ
3466 2676 3542 2730 ἐνὶ
3593 2680 3796 2751 συνεργῷ

451 2766 694 2828 omnino
747 2766 951 2840 solus,
1007 2767 1341 2846 adjutorem
1401 2788 1520 2830 non
1571 2768 1826 2830 habebat
1876 2781 2088 2849 praeter

2175 2761 2430 2834 Βασιλείῳ
2479 2770 2555 2836 τῷ
2625 2761 2772 2837 καλῷ
2815 2763 3091 2842 χρώμενος
3127 2780 3139 2793 ⁸
3199 2765 3279 2843 ὃν,
3338 2771 3432 2819 τοῦ
3489 2765 3612 2819 κατ’
3667 2765 3794 2818 αὖτὸν

455 2873 637 2915 unum
678 2854 985 2930 Basilium,
1034 2855 1224 2917 virum
1279 2855 1526 2932 bonum,
1560 2876 1737 2937 quem
1771 2875 1840 2919 ex
1864 2861 2087 2922 circum

2175 2851 2294 2906 ὄντα
2378 2850 2594 2924 κύκλου,
2683 2849 3008 2926 συνέκδημον
3087 2850 3290 2930 εἰλήφει
3377 2853 3463 2907 καὶ
3546 2850 3784 2919 σύναλθον,

2284 2937 2296 2952 ς
2417 2947 2438 2952 ...
2496 2944 2539 2952 .-
2644 2940 2656 2952 ι
2765 2939 2779 2952 ο
2908 2940 2918 2952 ι
3268 2936 3311 2952 Α.
3403 2939 3428 2952 ν
3607 2945 3632 2952 -
3767 2931 3778 2952 Ι

453 2959 518 3004 se
535 2940 1063 3004 stantibussocium
1077 2936 1606 3023 preregrinationis
1619 2953 1676 3008 et
1689 2947 2085 3011 certaminum

2175 2937 2310 3016 παρὰ
2352 2947 2443 2996 τοῦ
2496 2940 2699 3017 Πατρὸς
2731 2939 3083 3013 αἰτησάμενος
3118 2953 3132 2968 ⁶
3195 2936 3311 3012 μεθ’
3370 2939 3430 2993 οὗ
3487 2945 3664 2994 πονῶν
3687 2956 3762 2991 κατ

457 3029 707 3110 petierat
727 3038 901 3110 atque
931 3029 1271 3095 obtinuerat
1299 3051 1334 3094 a
1363 3034 1668 3095 communi
1701 3035 1874 3097 Patre
1910 3057 1923 3097 :
1952 3056 2086 3099 cum

2175 3026 2340 3105 ἀρχὰς
2398 3027 2483 3082 καὶ
2538 3029 2669 3106 πρὸς
2722 3025 3036 3092 τηλικοῦτον
3091 3025 3247 3083 ἆθλον
3316 3025 3772 3105 παραλαλλόμενῦς,

449 3118 604 3199 quod
637 3126 696 3180 et
724 3118 958 3180 initium
991 3118 1212 3182 laboris
1241 3120 1486 3195 faciens,
1504 3132 1565 3182 et
1585 3129 1742 3183 tanta
1765 3127 2086 3186 certamina

2175 3119 2266 3173 οῦκ
2293 3117 2366 3177 εἰς
2419 3113 2570 3178 τέλος
2619 3113 2836 3191 ἔμελλεν
2880 3112 2978 3194 ἄρα
3037 3116 3177 3194 παρὰ
3233 3119 3331 3181 τῆς
3385 3115 3529 3178 θείας
3583 3115 3784 3193 ἐγκατι-

446 3207 825 3287 aggrediens,
863 3225 981 3269 non
1029 3207 1091 3269 in
1137 3209 1316 3270 ﬁnem
1369 3209 1872 3290 derelinquendus
1901 3221 2088 3275 erata

2175 3203 2438 3284 λειφθῆναι
2522 3205 2791 3282 προνοίας,
2879 3201 3044 3262 Ἀλλὰ
3123 3206 3264 3283 ταχὺ
3339 3204 3404 3258 τα
3482 3211 3579 3260 τοῦ
3633 3203 3784 3280 πράγ-

447 3294 832 3359 Providentia
860 3295 1081 3358 divina.
1129 3295 1434 3378 Siquidem
1478 3297 1699 3360 circum
1753 3299 2088 3364 habitantes

2175 3313 2334 3367 ματος
2405 3295 2452 3348 οἱ
2520 3293 2773 3371 περίοικοι
2832 3293 3246 3372 συναισθόμενοι,
3288 3293 3376 3347 καὶ
3429 3291 3507 3366 μὴ
3567 3291 3630 3348 ἂν
3669 3290 3785 3345 ἀθεεὶ

451 3383 675 3464 populi,
709 3383 771 3446 id
801 3383 960 3465 quod
989 3403 1087 3446 res
1109 3377 1235 3447 erat
1267 3405 1400 3448 mox
1431 3385 1995 3470 animadvertentes,
2030 3399 2088 3452 et

2175 3391 2329 3440 ταῦτα
2392 3382 2620 3458 γίνεσθαι
2677 3382 2733 3437 εὖ
2800 3379 2942 3456 μάλα
3011 3381 3186 3460 σοφῶς
3244 3377 3369 3458 παρ’
3423 3383 3637 3443 ἑαυτοῖς
3689 3378 3792 3457 κρί-

448 3491 566 3534 non
597 3471 712 3534 nisi
742 3480 970 3534 motore
1000 3472 1123 3536 Deo
1155 3474 1290 3536 talia
1324 3474 1453 3536 tieri
1473 3476 1628 3556 apud
1647 3494 1776 3538 sese
1789 3467 2087 3558 sapienter

2175 3491 2372 3544 ναντες,
2429 3468 2530 3544 ὅλῃ
2578 3470 2666 3526 καὶ
2730 3467 2930 3545 σπουδῇ
3013 3471 3101 3525 καὶ
3178 3471 3318 3548 χειρὶ
3396 3471 3789 3549 συνεφάπτονται

447 3569 796 3636 statuentes;
838 3561 1000 3623 omni
1048 3563 1238 3626 studio
1269 3570 1327 3624 et
1355 3571 1570 3626 conatu
1615 3557 1946 3628 manum’et
1972 3566 2084 3647 ipsi

2175 3561 2270 3614 τῶν
2314 3557 2480 3637 ἔργων
2510 3559 2692 3622 αὐτοῖς
2748 3559 2989 3637 χρήμασί
3033 3579 3088 3613 τε
3148 3560 3236 3613 καὶ
3288 3558 3499 3613 σώμασι
3555 3561 3644 3614 καὶ
3671 3561 3785 3612 πᾶσι

444 3649 833 3712 admoverunt
861 3650 1064 3732 operi;
1099 3652 1372 3732 pecunia,
1407 3652 1650 3728 viribus,
1678 3653 1930 3736 aliisque
1956 3674 2076 3717 mo-

446 3738 540 3799 dis
569 3738 844 3802 alacriter
887 3738 1263 3802 conferentes
1283 3759 1456 3821 opem
1489 3751 1546 3803 et
1576 3760 1816 3822 operam
1855 3761 2022 3804 suam
2060 3765 2073 3804 :

444 3827 602 3890 unde
631 3835 690 3889 et
709 3826 994 3909 templum
1016 3836 1100 3890 «ut
1137 3827 1394 3890 breviter
1440 3828 1657 3910 dicam)
1691 3831 1899 3909 exiguo
1922 3839 2076 3892 tem-

445 3933 608 3994 pore,
640 3923 699 3978 et
729 3915 902 3998 paulo
925 3925 1057 3997 post
1085 3915 1507 3978 monasterium
1539 3936 1773 3999 quoque
1803 3919 1875 3980 ad
1915 3919 2077 3982 illam

442 4003 694 4067 formam
745 4004 1000 4067 adducta
1051 4013 1210 4079 sunt,
1262 4023 1377 4086 qua
1432 4023 1592 4067 nunc
1655 4015 2008 4087 spectantur
2060 4030 2074 4072 :

443 4110 777 4174 quanquam
836 4093 1015 4155 etiam
1061 4101 1316 4174 tempus,
1360 4093 1500 4156 licet
1545 4093 1749 4176 breve,
1808 4097 2076 4176 exiguam

441 4181 696 4262 aliquam
727 4181 1133 4244 accessionem
1163 4181 1238 4244 iis
1267 4200 1399 4262 que
1431 4189 1554 4244 tum
1607 4183 1757 4246 facta
1804 4192 1942 4246 sunt
1964 4185 2074 4247 ad-

433 4269 603 4348 jecit.

2778 3649 2789 3664 ἱ

2163 3649 2377 3726 τρόποις
2435 3646 2671 3722 ἐκθύμως
2739 3649 2804 3702 τὰ
2860 3651 2957 3714 της
3020 3647 3286 3724 συνεργίας
3339 3646 3741 3722 ἐπιδεικνύμενα
3776 3664 3787 3678 ·

2162 3736 2212 3801 ἐξ
2269 3738 2343 3792 ὧν
2419 3734 2536 3814 (ἵνα
2592 3733 2792 3791 συνέλω
2839 3735 2900 3790 τὸ
2941 3733 3069 3814 πᾶν)
3128 3735 3190 3790 τό
3231 3755 3288 3790 τε
3345 3735 3483 3813 ἱερὸν
3523 3733 3580 3790 ἐν
3623 3733 3794 3812 ὀλίγῳ,

2160 3826 2247 3882 καὶ
2300 3827 2335 3892 ἡ
2383 3825 2519 3901 μονὴ
2553 3824 2669 3900 μετ’
2700 3822 2900 3902 ὀλίγον,
2951 3825 3022 3887 εἷς
3083 3823 3110 3878 ὃ
3164 3830 3253 3879 νῦν
3281 3825 3503 3902 ὁρῶνται
3535 3844 3792 3900 συναπαρ-

2159 3915 2382 3984 τίζονται
2440 3917 2632 3992 σχῆμα
2664 3928 2680 3944 ⁸
2740 3909 2943 3979 δηλαδὴ
3000 3913 3088 3968 καὶ
3148 3922 3239 3971 τοῦ
3293 3913 3488 3992 χρόνου
3543 3911 3792 3992 βραχεῖάν

2159 4024 2274 4059 τινα
2305 4004 2632 4080 προσθήκην,
2667 4000 2780 4057 ἐπεὶ
2810 4003 2896 4058 καὶ
2952 4000 3156 4080 βραχὺς
3215 4015 3332 4064 τοῖς
3391 4000 3794 4080 ἐξειργασμένως

2159 4091 2276 4147 τότε
2311 4089 2791 4168 συνεισενέγκαντος
2804 4137 2816 4148 .

2249 4345 2344 4415 ια’.
2377 4355 2520 4422 Αὕτη
2564 4357 2662 4431 μὲν
2717 4358 2751 4424 ἡ
2797 4358 2956 4435 αἰτία,
2997 4357 3085 4412 καὶ
3117 4355 3265 4420 οὗτος
3298 4360 3325 4413 ὁ
3368 4356 3526 4435 λόγος
3589 4362 3686 4424 τῆς
3725 4356 3786 4416 εἷς

529 4357 841 4466 11.1Αιιιιιο
868 4357 995 4466 haec
1015 4357 1256 4458 quidem
1281 4375 1458 4420 causa
1485 4366 1542 4422 et
1557 4359 1709 4460 ratio
1729 4367 2024 4466 susceptas
2045 4378 2079 4421 a
2106 4417 2148 4466 υ

441 4447 741 4509 Dorotheo
789 4445 850 4507 in
895 4445 1090 4507 locum
1143 4446 1323 4508 istum
1387 4446 1929 4526 peregrinationis:
1971 4449 2084 4511 hoc

2175 4443 2312 4499 τόνδε
2369 4446 2459 4501 τὸν
2510 4445 2670 4500 τόπον
2714 4452 2807 4502 τοῦ
2835 4442 3018 4522 ἀνδρὸς
3075 4443 3324 4522 ἐνδημίας
3353 4463 3371 4481 ⁶
3430 4452 3586 4504 τοῦτο
3631 4445 3682 4501 δὲ
3720 4444 3792 4498 καὶ

441 4552 590 4615 opus
620 4531 829 4613 ipsius,
860 4532 958 4594 hic
989 4534 1218 4596 vivendi
1255 4533 1678 4615 laborandique
1700 4535 1922 4598 ibidem
1946 4555 2079 4599 mo-

2175 4533 2226 4588 τὸ
2295 4531 2470 4612 ἔργον,
2541 4534 2628 4588 καὶ
2683 4535 2832 4596 οῦτος
2889 4536 2917 4588 6
2987 4534 3178 4611 τρόπος
3233 4540 3332 4602 τῆς
3376 4535 3598 4592 ἐνταῦθα
3627 4555 3793 4612 παροι-

438 4623 551 4685 dus
583 4640 599 4686 :
632 4622 751 4684 imo
779 4638 916 4684 vero
946 4620 1092 4684 illud
1118 4640 1238 4683 non
1262 4640 1411 4702 opus
1432 4621 1642 4703 ipsius,
1670 4623 1774 4685 sed
1801 4623 2082 4705 quodam-

2175 4619 2276 4685 ιίας
2315 4625 2472 4678 αὒτοῦ
2507 4622 2596 4676 καὶ
2637 4621 2950 4700 φιλοπονίας
2983 4639 2999 4656 ο
3047 4622 3249 4697 μᾶλλον
3310 4621 3364 4680 δὲ
3420 4625 3481 4679 τὸ
3552 4620 3705 4701 ἔργον
3743 4620 3792 4674 οὗ

441 4710 617 4773 modo
646 4711 878 4772 occasio
931 4727 999 4772 ac
1046 4709 1498 4772 fundamentum
1551 4710 1820 4774 melioris
1849 4712 2076 4794 Operis,

2175 4718 2336 4782 τοῦτο,
2368 4706 2486 4764 ἀλλ’
2544 4711 2661 4766 οἶόν
2704 4731 2782 4774 τις
2835 4710 3048 4789 ἀφορμή
3109 4713 3198 4768 καὶ
3242 4710 3514 4779 καταϐολὴ
3546 4733 3640 4768 του
3665 4709 3791 4774 ἀλη-

439 4800 578 4882 quia
609 4799 807 4861 omnia
825 4799 950 4861 haec
976 4797 1266 4879 dirigebat
1297 4799 1787 4881 conferebatque;
1820 4801 1893 4862 ad
1925 4820 2074 4882 ope-

2175 4801 2275 4859 lofic
2307 4794 2480 4874 ἔργου,
2527 4799 2656 4876 πρὸς
2706 4799 2735 4854 ὃ
2791 4805 2953 4854 ταῦτα
3009 4800 3182 4856 πάντα
3237 4801 3484 4858 συντείνει
3555 4803 3642 4856 καὶ
3708 4797 3790 4876 φέ-

435 4889 750 4964 rationem,
787 4887 946 4964 dico,
964 4886 1284 4964 virtutis,et
1301 4889 1582 4968 angelicae
1610 4889 2075 4952 conversationis

2175 4909 2257 4968 ›ει,
2320 4888 2420 4954 τὴν
2480 4886 2723 4966 ἐργασίαν
2785 4889 2925 4966 λέγω
2983 4897 3073 4946 τοῦ
3129 4890 3346 4972 ἀγαθοῦ,
3405 4894 3492 4948 καὶ
3562 4892 3662 4958 τὴν
3708 4886 3790 4952 τῆς

436 4977 781 5041 exercitium
798 4984 974 5057 atque
995 4975 1321 5038 institutum
1335 5025 1350 5052 ,
1373 4977 1528 5057 quod
1546 4977 1675 5057 ipse
1691 4977 1823 5039 incl:
1833 4977 1987 5038 oavit
2014 4997 2082 5040 ac

2175 4974 2450 5055 Ξιγγελικῆς
2505 4977 2773 5044 πολιτεὶας
2846 4976 3070 5045 ἄσκησιν
3153 4981 3241 5035 καὶ
3325 4981 3669 5059 κατόρθωσιν,
3734 4978 3790 5040 ἧς

436 5065 691 5146 posteris
733 5063 957 5126 ibidem
1002 5065 1128 5128 suis
1176 5063 1439 5146 reliquit.
1487 5065 1562 5127 Et
1613 5065 1805 5145 prima
1833 5065 2079 5145 quidem

2175 5066 2368 5129 ἐκεῖνος
2441 5064 2685 5146 κατῆρξε,
2758 5067 2845 5124 καὶ
2927 5067 2991 5134 ἣν
3051 5080 3168 5130 τοῖς
3241 5067 3444 5125 ἐκεῖνον
3503 5067 3745 5124 κατέλιπε
3774 5081 3789 5100 ⁸

438 5153 749 5235 principia,
784 5170 916 5234 quae
937 5171 1042 5234 pro
1062 5153 1286 5233 Regula
1303 5153 1427 5216 suis
1449 5171 1580 5215 esse
1597 5152 2078 5233 volebat,magno

2175 5154 2254 5219 τὰς
2338 5164 2552 5233 πρώτας
2635 5157 2734 5231 μὲν
2835 5155 3105 5219 ὑποθέσεις
3181 5158 3324 5236 παρὰ
3407 5163 3500 5213 τοῦ
3578 5151 3791 5234 μεγάλου

2162 5246 2387 5322 Πατρὸς,
2449 5247 2639 5301 ὡσανεί
2717 5267 2832 5301 τινα
2912 5259 3185 5326 στοιχεῖα,
3270 5245 3613 5325 παρειὶηφὼς
3677 5244 3792 5321 πρὸς

2160 5335 2249 5388 τὸν
2305 5334 2397 5401 τῆς
2449 5332 2712 5413 ἀκριϐείας
2784 5341 2964 5390 τοῦτον
3023 5333 3243 5413 κανόνα,
3319 5337 3393 5388 ὧν
3444 5336 3566 5396 τοὺς
3620 5333 3790 5390 τύπους

2159 5423 2449 5502 ἐγγράφους
2505 5424 2565 5478 ἐκ
2608 5430 2712 5479 τῶν
2768 5423 3031 5500 Ἀρσενίου
3088 5429 3178 5478 τοῦ
3231 5425 3366 5480 πάνυ
3407 5421 3782 5500 διαταγμάτων,

438 5244 612 5304 Patre
645 5260 750 5304 suo
771 5241 948 5303 veluti
971 5241 1269 5304 elementa
1297 5241 1566 5322 quaedam
1595 5247 1893 5303 mutuatus
1923 5241 2074 5314 fuit;

435 5348 756 5412 eorumque
786 5327 1056 5408 formam,
1090 5348 1161 5392 ex
1191 5329 1449 5392 celebris
1477 5328 1638 5390 illius
1667 5329 1881 5390 Arseni
1923 5347 2077 5410 prae-

436 5419 623 5500 ceptis
648 5417 1028 5500 descriptam,
1066 5419 1149 5480 uti
1179 5417 1333 5480 alter
1376 5417 1600 5498 Moyses
1649 5424 1912 5479 exaratas
1969 5419 2080 5482 Dei

511 5596 548 5649 6
571 5595 730 5661 Psal.
765 5611 848 5679 ιν,
880 5596 978 5662 ιο.
