4052 6134
243 250 396 314 1065

1368 258 1556 324 VITA
1598 256 1659 320 S.
1704 252 2093 319 DOROTHEI
2129 252 2501 319 IUNIORIS.

3471 242 3627 321 1065

230 382 415 469 ὥσπερ
474 381 633 446 ἄλλος
722 390 924 452 Μωσῆς
995 389 1383 469 θεοχαράκτους
1439 388 1645 453 πλάκας
1676 384 1868 451 ἐδέξατι

1964 377 2146 469 digito
2168 379 2419 469 tabulas,
2446 380 2699 461 excepit.
2743 380 2883 443 Erat
2924 390 3123 445 autem
3152 384 3438 449 Arsenius
3478 387 3593 449 iste

226 468 325 558 (ἦν
366 469 421 526 δὲ
493 479 644 558 οὗτος
730 470 994 551 Ἀρσένιος
1060 479 1088 532 ὁ
1158 468 1256 544 τὴν
1327 478 1518 558 ἀρετὴν
1572 474 1868 557 περιϐόητοι

1967 468 2331 530 clarissimus
2342 469 3305 555 virtuteintermonachos,quique
3319 475 3603 549 Auream,

231 555 438 620 ἐκεῖνος
490 557 543 614 ἐν
601 573 921 646 μονασταῖς,
957 562 1013 624 ὃς
1072 564 1160 619 καὶ
1201 570 1301 631 τῆς
1356 555 1563 646 χρυσῆς
1617 555 1868 637 καλουμέ-

1967 557 2386 646 ιιιᾼερρειιεηι,
2418 556 2683 646 Petram,
2709 576 2829 646 non
2857 559 3064 638 procul
3110 560 3251 623 inde
3290 572 3607 645 remotam,

229 666 328 711 νης
360 645 583 726 Πέτρας,
630 648 690 704 οὔ
739 644 785 702 δ’
841 648 1015 717 ἐκείνη
1067 649 1122 707 δὲ
1178 644 1409 731 πόῤῥω,
1450 652 1636 733 ἄριστα
1675 653 1868 709 πάντωε

1966 644 2193 724 primus
2222 646 2494 733 omnium
2512 644 2818 733 inchoavit
2838 646 3131 727 rexitque.
3171 647 3304 729 Ipse
3323 668 3460 711 vero
3483 650 3606 713 Do-

227 731 367 812 ἧρχε
395 734 483 789 καὶ
511 734 878 815 ἀφηγήσατο),
941 738 1029 793 καὶ
1078 739 1236 803 αὐτὸς
1307 739 1362 796 δὲ
1403 731 1578 798 πολλά
1605 737 1882 818 προσεξευ-

229 823 337 899 ρων
408 819 639 898 οἴκοθεν,
714 825 801 879 καὶ
871 830 949 899 τῷ
1017 824 1339 903 πολυπλόκῳ
1406 830 1574 904 τούτῳ
1644 828 1883 909 στεφάνῳ

226 908 325 977 τῆς
414 910 711 977 ἀσκητικῆς
805 914 1114 992 εὐπρεπείας
1208 916 1660 996 σηκαταπλέξας,
1770 916 1883 991 ἅμα

228 996 328 1071 μὲν
352 998 425 1061 εἰς
480 996 707 1061 κάλλους
773 1001 1096 1078 περιουσίαν,
1149 1002 1262 1078 ἅμα
1332 1002 1386 1059 δὲ
1454 1007 1543 1062 καὶ
1597 1006 1727 1084 πρὸς
1759 1004 1880 1078 μεί-

225 1091 378 1154 ζονος
440 1084 699 1166 ὠφελείας
750 1088 1015 1151 ὑπόθεσιν.
1074 1091 1135 1148 Τί
1189 1093 1289 1172 γὰρ
1344 1093 1449 1150 τῶν
1492 1092 1671 1150 καλῶν
1757 1097 1880 1170 παρ’

225 1176 413 1237 αὐτοῖς
461 1174 519 1230 οὔ
564 1173 978 1257 φιλοσοφεῖται,
1053 1181 1112 1236 οὗ
1140 1181 1465 1259 μαγρυθυμία
1498 1200 1515 1262 ς
1574 1183 1666 1238 οὐκ
1721 1180 1880 1236 ἐπιεί-

223 1282 344 1317 κεια
379 1281 395 1342 ;
427 1263 550 1342 οὒχὶ
610 1270 718 1319 τῶν
762 1265 1034 1344 παρόντων
1092 1268 1348 1347 ὑπεροψία
1381 1288 1398 1350 ς
1455 1270 1578 1350 οὒχὶ
1605 1276 1711 1326 τῶν
1741 1267 1876 1345 μελ-

223 1348 426 1407 λόντων
458 1350 752 1434 ἐπιθυμίας
800 1354 859 1409 ού
914 1354 1193 1437 πραότης,
1265 1362 1324 1417 ού
1382 1348 1729 1439 καθαρότης,
1774 1360 1877 1437 οὐχ

220 1441 260 1506 ἡ
307 1440 442 1495 κατὰ
471 1446 677 1516 πνεῦμα
726 1444 1017 1523 πτωχείας
1066 1446 1170 1524 οὐχ
1224 1444 1322 1501 ὅσα
1364 1447 1470 1504 τῶν
1512 1446 1875 1527 μακαριζομέ-

224 1549 331 1583 νων
382 1527 417 1595 ἢ
462 1530 551 1584 καὶ
605 1528 779 1594 ἄλλως
822 1531 1256 1614 ἐπαινουμένωνς
1304 1524 1367 1591 εΗ
1436 1524 1670 1603 ἀκτησίαν
1716 1533 1794 1609 δὲ,
1839 1536 1874 1601 ἡ

1962 734 2208 794 rotbeus
2230 734 2415 795 multa
2436 732 2555 793 illis
2582 751 2690 812 per
2713 751 2779 796 se
2802 734 3041 796 inventa
3059 735 3374 815 adjiciens,
3398 738 3606 800 eadem

1964 838 2087 881 suae
2133 820 2496 882 multimodis
2547 822 2733 901 plexae
2788 822 3031 884 ascetici
3088 822 3321 887 decoris
3376 842 3610 887 corona

1960 907 2234 990 intexuit,
2275 918 2396 970 tum
2430 909 2501 971 ad
2548 910 2879 990 augendam
2913 913 3097 990 magis
3149 913 3606 993 pulcritudinem

1963 997 2118 1077 ejus,
2149 1006 2272 1058 tum
2311 998 2384 1059 ad
2420 1000 2764 1078 ponendum
2798 998 3041 1078 majoris
3077 1001 3346 1063 utilitatis
3391 1002 3608 1065 funda-

1962 1095 2251 1149 mentum.
2277 1086 2444 1158 Quod
2489 1088 2649 1148 enim
2675 1087 2955 1148 virtutum
2986 1106 3176 1166 genus
3206 1089 3279 1151 ab
3311 1090 3459 1171 ipsis
3487 1108 3609 1152 non

1958 1174 2388 1237 exercebatur?
2420 1174 2512 1236 An
2549 1175 3018 1253 longaminitas?
3057 1194 3131 1238 an
3172 1177 3505 1243 modestia?
3532 1198 3610 1242 an

1959 1260 2351 1343 despicientia
2371 1281 2574 1325 rerum
2605 1263 3011 1344 praesentium,
3056 1273 3157 1326 aut
3180 1283 3346 1327 amor
3374 1268 3608 1330 futura-

1957 1357 2135 1415 rum?
2178 1370 2254 1414 an
2308 1352 2746 1414 mansuetudo?
2790 1370 2867 1413 an
2908 1354 3182 1433 puritas?
3234 1372 3309 1416 an
3363 1355 3610 1437 spiritus

1959 1448 2271 1519 paupertas
2284 1438 2314 1499 ‘I
2331 1457 2404 1500 an
2416 1440 2641 1521 aliquid
2660 1439 2902 1501 demum
2928 1442 3194 1503 omnium
3215 1459 3346 1522 qua
3367 1442 3606 1507 beatum

1956 1527 2211 1589 reddere
2256 1536 2509 1606 possunt
2555 1528 2859 1590 hominem
2903 1537 3008 1590 aut
3062 1530 3239 1592 aliter
3287 1530 3609 1594 laudabilia

229 1613 273 1636 ν
374 1616 389 1635 ν
434 1616 454 1649 _r
780 1617 820 1639 Μ
1044 1605 1051 1607 “
1089 1622 1104 1641 κ
1240 1605 1255 1614 ’
1448 1625 1460 1646 r
1781 1605 1790 1609 -
1818 1624 1832 1642 κ

222 1634 254 1671 ο
344 1616 600 1693 ευτελεια,
673 1620 733 1675 τὸ
775 1638 803 1674 ο
893 1620 1141 1699 ἐγκρατες
1207 1625 1325 1703 περὶ
1391 1647 1584 1700 παντα,
1631 1627 1691 1680 τὸ
1744 1645 1868 1702 προς

1958 1614 2147 1676 sunt?
2191 1605 2373 1677 Porro
2424 1624 2773 1696 paupertas,
2822 1617 3157 1698 frugalitas,
3209 1620 3271 1679 in
3322 1619 3606 1683 omnibus

222 1704 516 1784 ἀγρυπνίαν
549 1705 857 1786 φιλόπονον,
890 1710 952 1765 τὸ
1019 1712 1136 1789 περὶ
1154 1714 1223 1767 .τὸ
1294 1711 1513 1788 ψάλλειν
1568 1714 1869 1792 ἀκόρεστον,

220 1793 260 1859 ἡ
313 1792 367 1848 ἐν
409 1807 740 1874 προσευχαῖς
796 1796 1016 1872 εὐτονία,
1080 1800 1115 1866 ἡ
1184 1799 1289 1857 τῶν
1348 1802 1498 1859 θείων
1558 1800 1777 1877 μελέτη,
1813 1802 1875 1856 τὸ

224 1880 520 1959 φιλόξενον,
568 1886 628 1939 τὸ
656 1882 1026 1964 φιλόπτωχον,
1056 1884 1179 1944 ὅσον
1209 1887 1271 1946 ἐκ
1293 1895 1399 1946 τῶν
1441 1892 1713 1971 παρόντων
1746 1911 1763 1972 ς

310 2139 405 2227 ιβ’,
478 2153 549 2209 Τὸ
606 2149 771 2227 μηδὲν
814 2152 997 2218 ἁπλῶς
1065 2160 1172 2211 τῶν
1224 2163 1565 2238 σωματικῶν,
1638 2158 1773 2232 μόνα
1819 2155 1873 2213 δὲ

222 2239 292 2293 τὰ
352 2245 444 2295 τοῦ
496 2240 791 2316 πνεύματος
846 2248 1029 2312 ζητεῖν
1099 2264 1157 2300 τε
1224 2246 1312 2301 καὶ
1391 2246 1867 2324 πραγματεύεσθαι,

223 2324 309 2382 ὅτι
341 2329 417 2394 μὴ
475 2334 620 2385 πᾶσα
675 2329 909 2409 ἀνάγκη,
978 2332 1069 2387 καὶ
1120 2334 1197 2387 ὧν
1238 2334 1403 2413 χωρὶς
1460 2331 1729 2413 δηλονότι,
1784 2335 1873 2390 τὸν

219 2417 353 2494 πρὸς
382 2417 444 2471 τὸ
491 2423 648 2492 σῶμα
688 2415 880 2493 δεσμὸν
923 2424 991 2495 τῇ
1040 2423 1193 2500 ψυχῇ
1262 2420 1521 2497 διαμένειν
1551 2421 1688 2485 ὅλως
1724 2422 1875 2497 ἀμή-

221 2526 418 2584 χανον,
451 2506 541 2560 καὶ
583 2515 737 2565 τοῦτο
790 2504 845 2562 δὲ
901 2513 1007 2563 τῶν
1051 2508 1228 2566 ἄλλων
1282 2515 1384 2591 οὐχ
1439 2513 1600 2579 ἧττον
1630 2532 1868 2587 πνευμα-

221 2594 370 2649 τικόν
398 2615 454 2649 τε
526 2596 614 2650 καὶ
654 2594 1028 2673 ἀποστολικὸν,
1104 2607 1181 2674 μη
1228 2601 1500 2680 φορτικούς
1529 2622 1664 2656 τισιν
1708 2604 1869 2680 εἶναι,

220 2682 290 2737 τὰ
346 2683 476 2761 πρὸς
552 2684 736 2761 χρείαν
823 2686 1119 2767 αἰτοῦντας,
1190 2686 1314 2763 μηδ’
1374 2688 1610 2766 ἐγκοπὴν
1678 2686 1872 2744 διδόναι

221 2771 341 2825 τινα
368 2777 436 2847 τῇ
494 2778 587 2827 τοῦ
655 2771 856 2851 ἀγαθοῦ
911 2777 1230 2853 κατορθῶσει
1272 2776 1332 2833 ἐκ
1377 2786 1472 2835 τοῦ
1540 2778 1657 2855 περὶ
1707 2783 1872 2832 ταῦτα

222 2866 552 2938 καταναρκᾷν
596 2858 734 2918 ἔστιν
788 2863 862 2917 ὧν

221 2948 430 3029 χερσὶν,
507 2947 594 3004 ὅτε
649 2946 754 3024 δεῖ,
814 2951 901 3007 καὶ
995 2952 1212 3028 βοηθεῖν
1310 2955 1551 3032 ἑαυτοῖς,
1586 2953 1653 3009 δι’
1740 2954 1869 3009 ἑαυ-

221 3035 315 3092 τοῦ
371 3038 442 3100 εἷς
498 3038 564 3093 τὰ
646 3037 916 3116 ἀναγκαῖα
985 3056 999 3069 ⁶
1070 3046 1168 3109 τῆς
1226 3040 1409 3108 ἔξωθεν
1469 3040 1524 3098 δὲ
1583 3048 1867 3123 περιφορᾶς

220 3126 441 3200 ταύτης,
516 3125 582 3193 ἢν
641 3126 830 3183 πολλοὶ
884 3129 991 3185 τῶν
1044 3129 1419 3211 ἁπλουστέρων
1476 3129 1868 3199 ἐπιτηδεύουσιν

222 3215 297 3277 εἷς
369 3214 647 3293 ἐρανισμὸν
714 3222 819 3273 τῶν
889 3219 1023 3275 κατά
1065 3221 1248 3299 χρείαν
1305 3234 1421 3283 τοῖς
1500 3220 1866 3296 ἆσκουμένοις,

220 3303 368 3382 παρὰ
408 3309 515 3359 τῶν
571 3305 800 3380 ἑτοίμων
857 3305 1210 3384 μεταδιδόναι,
1310 3307 1567 3387 φείδεσθαι
1638 3331 1696 3365 τε
1750 3307 1868 3365 κατ’

222 3390 349 3448 ὅλου
429 3393 626 3449 καὶτὸ
668 3394 878 3468 σύμπαν
974 3395 1288 3476 ἀπέχεσθαι,
1380 3394 1455 3453 ’ἶν’
1536 3397 1873 3477 ἀπροσκόπον

223 3480 407 3545 αὐτοῖς
459 3482 792 3561 πανταχόθεν
848 3489 954 3547 τῶς
990 3482 1319 3553 δικαιοσύνης
1379 3485 1526 3561 μένοι
1579 3488 1639 3541 τὸ
1696 3484 1870 3565 ἔργον,

219 3570 311 3625 καὶ
339 3567 566 3645 μηδενὸς
629 3576 735 3626 τῶν
789 3571 998 3629 πάντων
1042 3572 1331 3642 συνείδησις
1383 3573 1467 3630 ἐπὶ
1522 3597 1623 3632 τινι
1691 3574 1869 3644 πλήτ-

221 3680 369 3715 τοιτο
394 3665 497 3714 τῶν
552 3655 640 3714 ὑπ’
683 3662 855 3717 αὐτῶν
924 3662 1298 3740 πραττομένων
1348 3681 1362 3695 ⁸
1397 3661 1599 3739 μᾶλλον
1655 3664 1751 3738 μὲν
1782 3663 1871 3720 οὖν

222 3745 275 3802 ἐξ
307 3768 398 3824 τις.
450 3745 685 3822 δύναμις,
721 3746 906 3811 αὐτοὺς
976 3756 1081 3808 τῶν
1139 3749 1279 3808 ἰδίων
1349 3752 1524 3808 πόνων
1595 3764 1869 3808 κοινωνεῖν

221 3834 419 3912 ἑτέροις
461 3835 742 3914 προθύμως
776 3852 791 3865 '
831 3835 924 3893 'ivat
952 3839 1227 3897 κάντεῦθεν
1296 3845 1333 3906 ἧ
1366 3847 1551 3916 μεῖζον
1608 3841 1669 3898 τὸ
1695 3843 1867 3914 θαῦμα

218 3928 322 3990 τῆς
375 3924 566 3999 ἀρετῆς
596 3924 750 4003 ξμετὰ
802 3930 900 3991 τῆς
956 3928 1241 4007 φιλοσόφου
1306 3930 1489 3992 πενίας
1537 3926 1867 3994 πλουτοόσης

219 4013 310 4068 καὶ
354 4014 451 4083 τήν
504 4011 781 4087 μετάδοσιν
813 4031 832 4049 ο
878 4013 991 4070 ἐπεὶ
1041 4017 1128 4072 καὶ
1183 4014 1389 4080 Παῦλος
1442 4017 1537 4079 τὰς
1588 4028 1780 4096 χεῖρας
1811 4017 1870 4072 οὖ

217 4112 343 4165 ταῖς
375 4101 560 4157 ἑαυτοῦ
612 4102 816 4181 χρείαις
866 4102 1046 4180 μόνον,
1099 4101 1235 4161 ἀλλὰ
1288 4106 1376 4161 καὶ
1442 4118 1558 4167 τοῖς
1616 4103 1727 4160 οὖσι
1751 4101 1866 4179 μετ’

216 4191 374 4247 αὐτοῦ
442 4187 702 4253 διακόνοις
794 4192 1161 4271 ἁνακηρύττει.
1250 4195 1385 4273 Πρὸς
1454 4193 1482 4249 ὃ
1535 4190 1868 4272 παράδειγμα

1956 1704 2371 1783 temperantia,
2416 1703 2701 1783 vigilandi
2748 1705 3033 1785 studium,
3086 1706 3382 1786 psallendi
3426 1707 3607 1770 ardor

1956 1790 2333 1864 insatiabilis,
2354 1792 2564 1853 orandi
2582 1792 2859 1867 intentio,
2887 1810 3088 1853 rerum
3116 1793 3462 1855 divinarum
3487 1813 3610 1858 me-

1953 1878 2327 1959 ditatio,erga
2346 1879 2695 1961 peregrinos
2706 1880 2874 1960 juxta
2895 1898 2963 1941 ac
2986 1881 3305 1943 mendicos
3325 1882 3603 1963 charitas,

1954 1976 2131 2048 quota
2160 1964 2294 2050 pars
2325 1980 2466 2032 sunt
2494 1969 2733 2032 illorum
2766 1986 2895 2050 quae
2924 1968 2985 2030 in
3007 1976 3287 2050 promptu
3318 1978 3407 2033 est
3434 1989 3603 2035 enar-

1956 2074 2092 2118 rare
2114 2059 2142 2116 ?

2035 2147 2131 2208 12.
2161 2144 2521 2226 Illorumfest
2550 2144 2699 2207 nihil
2731 2145 2973 2208 omnino
2994 2163 3195 2208 rerum
3220 2164 3351 2226 quae
3373 2147 3449 2209 ad
3472 2166 3605 2210 cor-

1953 2253 2088 2315 pus,
2112 2234 2303 2295 solum
2323 2252 2463 2296 vero
2484 2252 2616 2314 quae
2633 2233 2707 2295 ad
2724 2234 2987 2296 animum
3012 2242 3300 2315 spectant,
3326 2253 3597 2316 quaerere

1957 2331 2015 2384 et
2051 2322 2287 2399 sectari,
2328 2322 2448 2383 nisi
2497 2340 2731 2383 summa
2773 2323 3099 2385 necessitas
3125 2324 3337 2403 urgeat
3358 2342 3428 2386 ac
3458 2325 3598 2388 talia

1956 2428 2026 2473 ea
2080 2412 2223 2485 sint,
2276 2410 2407 2473 sine
2464 2411 2681 2492 quibus
2732 2411 3012 2474 sustineri
3051 2412 3167 2474 vita
3207 2413 3368 2475 nullo
3418 2412 3595 2476 modo

1956 2508 2165 2580 potest.
2198 2499 2439 2561 lllorum
2478 2507 2567 2561 est
2590 2498 2734 2561 illud
2766 2517 3025 2581 quoque,
3050 2519 3170 2562 non
3192 2501 3390 2562 minus
3417 2520 3592 2582 quam

1953 2588 2069 2651 alia
2082 2587 2389 2669 spirituale
2407 2594 2465 2650 et
2478 2587 2887 2668 apostolicum,
2899 2589 3055 2669 quod
3069 2608 3203 2650 cum
3220 2591 3597 2653 necessitatis

1954 2696 2130 2740 causa
2164 2684 2367 2757 petunt
2412 2677 2737 2757 quidpiam,
2785 2677 3008 2739 nemini
3035 2678 3274 2739 onerosi
3304 2680 3445 2755 sint,
3480 2698 3593 2742 nec

1954 2776 2151 2830 tamen
2172 2766 2539 2827 obstaculum
2574 2767 2857 2845 praeclaro
2894 2767 3125 2828 virtutis
3168 2768 3450 2830 exercitio
3482 2787 3595 2849 po-

923 2881 939 2900 '
995 2862 1131 2921 ἀλλὰ
1171 2878 1292 2928 ταῖς
1347 2863 1498 2929 ἰδίαις
1569 2853 1868 2943 ἐργάζεσθαι

1955 2864 2097 2918 nant
2117 2873 2222 2936 per
2239 2853 2576 2916 istiusmodi
2600 2872 2802 2915 rerum
2816 2854 3214 2935 corporalium
3232 2856 3591 2938 neglectum;

1951 2944 2056 3006 sed
2079 2942 2330 3024 propriis
2355 2949 2676 3023 operantur
2708 2943 3011 3018 manibus,
3045 2944 3279 3024 quando
3305 2962 3458 3025 opus
3477 2955 3588 3023 est,

1954 3042 2012 3096 et
2032 3033 2238 3114 juvant
2279 3050 2343 3094 se
2394 3050 2501 3112 per
2550 3031 2777 3112 seipsos
2825 3032 2887 3093 in
2939 3032 3062 3094 suis
3091 3033 3589 3112 necessitatibus;

1952 3122 2110 3184 illam
2125 3130 2321 3183 autem
2335 3120 2692 3198 exteriorum
2707 3121 3080 3198 negotiorum
3099 3139 3325 3195 curam,
3342 3122 3405 3183 in
3418 3141 3593 3203 quam

1952 3211 2384 3292 simpliciorum
2434 3209 2602 3270 multl
2656 3217 2771 3269 tam
2830 3209 3082 3271 sollicite
3128 3209 3481 3273 incumbunt
3516 3210 3590 3273 ad

1953 3298 2314 3378 corroganda
2361 3296 2825 3359 exercitantibus
2869 3298 3228 3377 necessaria,
3271 3298 3591 3361 transferre

1952 3388 2024 3449 ad
2056 3388 2228 3449 facile
2260 3386 2871 3466 parabiliasatagunt;
2905 3395 3005 3449 aut
3031 3386 3227 3466 potius
3248 3405 3317 3448 ea
3342 3387 3585 3450 omnino

1952 3476 2273 3556 abstinent,
2306 3483 2370 3535 ut
2394 3474 2612 3555 ubique
2636 3474 2883 3554 justitiae
2925 3493 3108 3554 opera
3148 3491 3428 3537 exercere
3446 3476 3587 3538 sine

1955 3565 2283 3628 offensione
2297 3564 2638 3625 etscandalo
2652 3564 2907 3643 possint,
2926 3564 3261 3643 nulliusque
3280 3565 3587 3626 conscien-

1950 3655 2031 3716 tia
2050 3655 2110 3714 in
2132 3654 2329 3734 aliquo
2355 3671 2602 3733 operum
2627 3670 2871 3712 suorum
2892 3659 3139 3730 angatur
3172 3668 3185 3712 :
3224 3651 3383 3730 quod
3414 3652 3465 3713 si
3494 3653 3585 3715 fa-

1950 3743 2140 3805 cultas
2168 3749 2467 3822 suppetat,
2515 3739 2628 3821 ipsi
2678 3739 2941 3800 laborum
2993 3757 3236 3801 suorum
3267 3740 3587 3822 participes

1949 3831 2096 3892 alios
2122 3829 2342 3892 faciunt
2366 3828 2659 3909 alacriter,
2689 3836 2752 3888 ut
2779 3827 2871 3888 vel
2902 3827 3041 3888 hinc
3071 3827 3483 3890 admirabilior
3511 3830 3590 3892 sit

1947 3920 2035 3981 vis
2062 3919 2313 3990 virtutis,
2346 3935 2477 3999 qua;
2526 3924 2585 3978 et
2624 3915 3094 3996 philosophicam
3148 3923 3408 3977 sectatur
3435 3935 3583 3998 pau-

1951 4016 2258 4089 pertatem,
2297 4015 2357 4068 et
2401 4005 2683 4086 opulenta
2734 4021 2911 4065 manu
2957 4003 3021 4064 in
3049 4003 3198 4065 alios
3231 4004 3581 4082 distribuit;

1949 4114 2083 4158 cum
2115 4095 2291 4157 etiam
2324 4094 2536 4155 Paulus
2560 4091 2909 4173 praedicem,
2935 4108 3145 4153 manus
3166 4109 3304 4153 suas
3320 4110 3441 4153 non
3462 4093 3586 4155 suis

1951 4183 2147 4264 modo,
2172 4184 2276 4244 sed
2294 4181 2591 4243 sociorum
2622 4198 2857 4261 quoque
2887 4197 3128 4241 suorum
3151 4179 3357 4242 usibus
3377 4182 3586 4244 neces-

214 4277 430 4356 βλέπων
486 4280 515 4334 ὁ
565 4278 918 4343 ἀποστολικὸς
970 4268 1198 4346 *ἐκεῖνος
1280 4268 1434 4363 ἀνὴρ,
1508 4282 1568 4340 οὔ
1615 4268 1781 4338 *πολὺή
1812 4279 1867 4337 δὲ

1953 4272 2105 4335 saria
2120 4271 2623 4333 subministrasse.
2637 4268 3160 4363 Quodexemplum
3184 4268 3298 4329 sibi
3320 4273 3586 4363 proposi-

214 4367 353 4432 ἴσως
384 4369 555 4424 εἰπεῖν
586 4366 664 4423 ὅτι
720 4369 808 4424 καὶ
860 4368 1181 4450 ἀπόστολος,
1242 4371 1428 4427 ἑαυτόν
1470 4392 1527 4427 τε
1557 4371 1686 4450 πρὸς
1714 4375 1868 4426 τοῦτο

213 4456 474 4514 κάλλιστα
541 4455 719 4534 ἢσκει,
775 4459 864 4513 καὶ
930 4459 1051 4520 τοὺς
1107 4458 1292 4515 ἑαυτοῦ
1347 4457 1694 4525 ὲξεπαίδευσε.
1768 4459 1868 4517 Καὶ

213 4555 304 4605 νῦν
348 4545 489 4602 ἔστιν
543 4542 673 4602 ἰδεῖν
727 4546 861 4621 μετά
915 4552 1023 4602 τῶν
1084 4545 1257 4603 ἄλλων
1324 4547 1503 4605 καλῶν
1573 4549 1661 4604 καὶ
1713 4556 1868 4606 τοῦτο

211 4633 337 4715 παρ’
395 4637 579 4698 αὑτοῖς
635 4624 1080 4711 σπουδαζόμενον,
1137 4636 1234 4703 τὴν
1302 4640 1406 4694 τῶν
1449 4643 1645 4717 χειρῶν
1713 4636 1869 4716 ἔργα-

211 4725 352 4799 σίαν,
410 4722 534 4781 ὅσον
590 4724 751 4800 μόνον
803 4724 1002 4792 ταύτην
1056 4726 1155 4801 μὲν
1224 4727 1367 4783 εἶναι
1439 4728 1697 4806 πάρεργον
1730 4744 1744 4759 ⁸
1802 4727 1864 4781 τὸ

211 4812 258 4868 δ’
319 4811 512 4878 ἀληθὲς
621 4812 773 4892 ἔργον
857 4812 1034 4892 ἕτερον
1113 4815 1212 4881 τὴν
1309 4813 1393 4872 διά
1488 4816 1665 4881 πάσης
1723 4812 1861 4877 ἰδέας

212 4901 539 4980 λειτουργίαν
586 4910 679 4958 τοῦ
718 4902 856 4957 θείου
882 4903 967 4956 καὶ
1021 4903 1320 4983 θεραπείαν,
1380 4903 1475 4961 οὐκ
1545 4900 1651 4960 οἷδ’
1682 4902 1863 4958 εἵπου

211 4988 396 5048 ἄλλοθι
453 4987 679 5064 μᾶλλον,
734 4990 773 5058 ἢ
830 4989 1047 5047 ἐνταῦθα
1123 4992 1540 5072 κατορθουμένην
1604 5009 1617 5023 ⁸
1677 4994 1750 5054 ὡς
1799 4992 1859 5047 ἃν

212 5078 399 5141 αὐτοῖς
470 5077 646 5157 ἂρτιον
701 5080 789 5135 καὶ
849 5080 1181 5161 πανταχόθεν
1261 5080 1460 5161 πλῆρες
1516 5081 1603 5137 καὶ
1658 5078 1859 5136 τελειον

211 5168 277 5223 τὸ
307 5166 499 5245 ἀγάθὸν
529 5167 585 5243 ἦ,
637 5167 697 5222 ἐκ
763 5189 823 5223 τε
891 5172 997 5223 τῶν
1066 5171 1387 5246 σωματικῶν
1436 5173 1652 5245 ἱκανῶς,
1717 5167 1777 5224 ἔκ
1803 5188 1861 5230 τε

209 5261 320 5313 τῶν
412 5260 780 5332 πνευματικῶν
870 5253 1131 5331 δαψιλῶς,
1217 5260 1288 5323 εἰς
1384 5261 1475 5314 τὸν
1530 5258 1862 5335 ἀπαρτισμὸν

206 5345 708 5428 συμπληρούμενον.

290 5571 322 5620 ὅ
350 5569 486 5633 Act.
513 5569 740 5644 11,24.

534 5689 796 5753 ΡΑτιιοι..
835 5692 947 5753 Gn.
994 5690 1177 5759 CXX,

1948 4370 2074 4423 tum
2105 4361 2330 4421 habens
2359 4359 2446 4419 vir
2465 4359 2576 4419 iste
2607 4357 2984 4437 apostolicus,
3008 4358 3129 4419 imo
3163 4365 3223 4418 et
3251 4360 3582 4438 apostolum

1948 4450 2175 4527 dixero,
2208 4450 2270 4510 in
2296 4449 2414 4509 illis
2442 4464 2507 4509 se
2536 4446 2815 4527 praeclare
2845 4446 3184 4521 exercebat,
3217 4455 3277 4508 et
3313 4448 3581 4509 instrue-

1947 4538 2237 4620 bat'g’suos.
2277 4537 2407 4600 Jam
2436 4554 2574 4596 vero
2605 4535 3101 4598 considerandum
3128 4535 3301 4597 nobis
3330 4545 3419 4598 est
3449 4555 3583 4599 cum

1947 4628 2310 4706 aliisjeorum
2336 4624 2519 4704 gestis
2546 4623 2688 4685 illud
2721 4642 2956 4705 quoque
2984 4623 3046 4684 in
3069 4624 3228 4704 quod
3259 4625 3466 4686 sedulo
3484 4626 3584 4687 in-

1950 4717 2253 4787 ctimbant,
2304 4713 2578 4777 videlicet
2620 4714 2884 4793 operatio
2938 4714 3249 4788 manualis,
3292 4722 3582 4793 quatenus

1945 4806 2136 4868 solum
2184 4811 2341 4866 esset
2385 4800 2691 4882 occupatio
2722 4800 3105 4878 secundaria;
3136 4819 3272 4862 cum
3305 4801 3587 4880 primaria

1943 4895 2006 4956 in
2032 4913 2102 4956 eo
2125 4899 2482 4965 versaretur,
2536 4890 2696 4970 quod
2743 4890 2936 4957 omnis
2979 4889 3217 4968 generis
3267 4890 3493 4951 cultum
3527 4899 3586 4951 et

1943 4982 2234 5046 sacriﬁcia
2263 4982 2512 5043 offerant
2538 4978 2681 5059 Deo,
2729 4996 2840 5039 nec
2888 4978 3036 5058 scio,
3067 4996 3140 5038 an
3173 4977 3322 5038 nulli
3354 4978 3581 5057 uspiam

1944 5072 2158 5152 majori
2202 5089 2335 5132 cum
2388 5068 2766 5130 accuratione
2807 5084 2981 5147 quam
3019 5066 3109 5128 illi
3158 5067 3255 5127 hic
3289 5083 3304 5128 :
3336 5067 3483 5127 adeo
3515 5074 3583 5127 ut

1938 5161 2234 5239 integrum
2259 5166 2317 5220 et
2341 5157 2503 5219 omni
2538 5173 2606 5216 ex
2638 5163 2802 5235 parte
2821 5155 3182 5234 completum
3200 5161 3374 5233 atque
3389 5154 3582 5233 perfe-

1939 5257 2094 5311 ctum
2128 5246 2470 5328 possideant
2515 5243 2759 5318 bonum,
2808 5241 3002 5321 quoad
3049 5259 3264 5322 corpus
3307 5241 3575 5322 quidem,

1938 5338 2343 5408 sufﬁcienter;
2374 5332 2568 5414 quoad
2618 5331 2875 5393 animam
2904 5348 3069 5406 vero,
3112 5328 3490 5392 abundanter
3516 5339 3577 5393 et

1939 5446 2072 5492 cum
2105 5423 2545 5486 absolutissima
2574 5418 2965 5503 perfectione.

3183 5673 3259 5740 34
