4052 6134
461 216 616 279 1067
1683 214 2004 280 JOANNIS
2047 212 2606 278 EUCHAITENSIS

1957 365 2202 430 CAPUT
2260 366 2339 431 ΙΙΙ

1689 503 1996 570 Mtracula
2051 507 2105 561 et
2160 517 2324 565 mors
2378 504 2611 567 Sancti.

3691 207 3839 271 1068

550 652 646 714 13.
680 651 837 714 Talis
858 654 1036 733 igitur
1057 654 1166 716 fuit
1187 653 1475 716 mirabilis
1503 653 1788 715 Dorothei
1815 650 2102 714 institutio

2269 641 2364 729 ιγ’.
2399 653 2626 718 Τοιαύτη
2675 650 2771 726 μὲν
2827 649 2914 706 οὗν
2985 650 3029 704 ὡ
3081 649 3359 724 θαυμαστὴ
3415 647 3662 724 μεγάλου
3691 666 3852 719 νομο-

467 751 528 805 et
557 745 953 818 conversatio,
988 743 1121 805 talis
1150 743 1278 824 ipse
1309 742 1627 822 legislator,
1665 742 1767 822 qui
1794 741 2108 803 sublimem

2209 742 2339 796 δεσία
2360 741 2446 796 καὶ
2477 739 2740 814 πολιτεία,
2801 745 3036 800 τοιοῦτος
3092 735 3146 792 δὲ
3215 738 3304 793 καὶ
3363 739 3390 792 ὁ
3477 734 3855 810 νομοθέτης,ὂ

465 831 625 894 hunc
644 838 819 911 atque
850 832 1112 894 divinum
1141 833 1374 893 vivendi
1397 831 1636 892 modum
1659 829 2057 892 constabilivit
2093 849 2106 888 :

2209 830 2252 883 τὸ
2305 828 2442 906 μέγα
2493 835 2642 885 τοῦτο
2709 829 2813 914 καὶ.
2852 831 2994 883 θετον
3050 825 3339 900 πολίτευμα
3396 824 3806 896 συστησάμενος
3837 841 3850 856 ⁸

465 919 622 1002 quod
679 939 859 980 unum
919 941 1023 1000 pro
1084 921 1287 982 multis
1340 921 1590 982 sufficiat
1619 918 2002 998 argumentis,
2033 917 2106 978 ad

2209 917 2337 973 ίκαὶ
2392 917 2550 991 μόνον
2607 918 2667 972 ἃν
2737 916 2956 995 ἤρκεσεν
3012 917 3190 971 ἱκανὸν
3254 914 3492 991 γενέσθαι
3567 915 3856 988 τεκμήριον

466 1007 836 1088 probandum
856 1009 965 1070 viri
983 1010 1351 1084 virtutem,et
1374 1009 1843 1087 dignoscendum
1869 1026 2109 1087 quomo-

467 1097 544 1158 do
577 1096 690 1176 ipsi
714 1115 870 1157 cum
901 1105 1058 1160 esset
1085 1101 1244 1159 Deus
1274 1103 1335 1160 et
1376 1097 1505 1178 ipse
1534 1098 1792 1158 vicissim
1833 1095 1980 1167 Deo,
2015 1095 2116 1175 qui

469 1185 865 1263 glorificantes
900 1204 963 1246 se
993 1186 1280 1264 glorificat
1305 1195 1362 1247 et
1392 1187 1753 1248 honorantes
1786 1204 1849 1246 se
1883 1185 1972 1246 sic
2006 1203 2113 1264 pa-

468 1272 614 1333 riter
637 1273 911 1336 honorat.
935 1273 1158 1337 Verum
1179 1275 1482 1336 enimvero
1494 1275 1774 1355 quoniam
1799 1273 2112 1336 multitudo

473 1360 797 1440 gratiarum
836 1381 903 1423 ac
958 1363 1280 1440 donorum,
1323 1363 1463 1425 inde
1513 1364 1574 1423 in
1616 1371 1884 1424 sanctum
1929 1362 2119 1423 virum

475 1450 922 1530 proﬂuentium,
955 1452 1016 1512 in
1063 1470 1167 1514 ore
1219 1451 1537 1514 multorum
1589 1459 1897 1527 versatur;
1930 1451 2028 1530 qui
2058 1459 2119 1510 ut

474 1537 756 1598 audiendi
787 1539 988 1618 cupidi
1019 1541 1379 1615 sunt,solent
1401 1541 1596 1602 acrius
1619 1540 1928 1602 intendere
1945 1558 2120 1600 aures

478 1625 539 1685 in
570 1643 772 1687 rerum
823 1647 1105 1689 novarum
1148 1630 1561 1704 narrationes;
1609 1647 1717 1707 age
1756 1629 2120 1708 proferamus

477 1720 533 1775 et
562 1733 670 1774 nos
700 1715 760 1776 in
790 1717 1049 1777 medium
1100 1737 1285 1798 pauca
1332 1718 1600 1794 quaidam
1650 1718 1780 1796 ejus
1811 1716 2115 1790 miracula,

479 1801 660 1882 idque
681 1814 902 1883 quanta
944 1806 1073 1866 fieri
1107 1806 1291 1886 possit
1315 1806 1642 1880 brevitate;
1673 1814 1736 1866 ut
1767 1824 1840 1865 ne
1871 1806 2118 1884 cupien-

477 1898 568 1952 tes
595 1894 851 1954 novitate
882 1893 1163 1955 dictionis
1195 1895 1350 1956 bene
1383 1895 1601 1956 mereri
1624 1894 1698 1954 de
1725 1893 2115 1967 auditoribus,

479 1980 892 2060 imprudenter
936 1982 1079 2061 ipsis
1129 1982 1524 2044 obtundamus
1569 2001 1742 2044 aures
1791 1964 2181 2062 prolixitateB

483 2069 901 2130 orationis.Est
916 2079 1109 2132 autem
1131 2072 1386 2151 primum
1403 2071 1841 2149 maximumque
1859 2071 2121 2131 omnium

482 2156 545 2216 in
574 2159 698 2218 viro
745 2160 1118 2233 miraculum,
1144 2160 1298 2240 quod
1341 2160 1720 2222 habitualiter
1771 2167 1848 2221 et"
1867 2162 2126 2238 perfecte

485 2255 829 2325 penetraret
857 2267 963 2309 seu
990 2249 1494 2328 contemplaretur
1525 2249 1760 2327 divina;
1789 2260 1846 2309 et
1875 2267 2004 2328 quae
2032 2268 2126 2310 co-

488 2345 770 2414 gnoverat
818 2337 1064 2414 agenda,
1116 2346 1251 2399 actu
1285 2338 1634 2417 compleret,
1669 2337 1827 2398 unde
1849 2347 1908 2398 et
1933 2337 2124 2398 abun-

485 2423 857 2485 dantioribus
903 2445 936 2487 a
975 2425 1127 2488 coelo
1180 2426 1697 2499 illustrationibus,
1741 2434 1803 2487 ut
1861 2443 1966 2505 par
2012 2432 2122 2499 est,

488 2510 758 2589 dignatus
787 2514 895 2574 fuit
925 2523 1166 2595 propter
1204 2518 1417 2577 animte
1447 2515 1786 2596 puritatem.
1821 2513 1978 2576 Ecce
2014 2533 2122 2575 au-

487 2606 604 2660 tem
639 2603 932 2683 exempla.

566 2689 664 2750 14.
701 2690 986 2752 ιέΕειὶνυῐῐι
1013 2692 1291 2770 agebatur
1322 2701 1576 2772 tempus,
1609 2698 1668 2752 et
1697 2691 1927 2752 medius
1957 2690 2124 2752 inca-

492 2775 684 2837 luerat
713 2779 861 2854 dies,
898 2799 1029 2840 cum
1061 2790 1309 2861 repente
1337 2781 1494 2841 oculi
1534 2778 1784 2840 videntis
1815 2797 2125 2858 praevene-

490 2879 630 2925 runt
659 2887 674 2940 ;
708 2868 990 2946 praevenit
1019 2878 1213 2930 autem
1245 2869 1419 2929 etiam
1448 2868 1575 2947 ipse
1617 2868 1791 2933 citus.
1826 2875 1882 2927 et
1907 2867 2126 2927 clama-

2199 1009 2297 1070 τῆς
2356 1011 2448 1060 τοῦ
2492 1003 2673 1082 ἀνδρὸς
2731 1004 2946 1082 ἀρετῆς,
3004 1005 3091 1058 καὶ
3147 1001 3291 1066 ὅπως
3350 1002 3449 1076 μὲν
3523 1000 3673 1072 αὒτῷ
3734 1001 3857 1058 Θεὸς

2198 1091 2410 1167 ἔμελεν,
2469 1091 2615 1156 ὅπως
2673 1090 2726 1147 δὲ
2794 1094 2948 1155 αὐτὸς
3007 1098 3122 1166 Θεῷ
3175 1090 3355 1164 πάλιν,
3455 1097 3532 1164 τῷ
3592 1087 3856 1158 δοξάζοντι

2197 1183 2316 1246 τοὺς
2377 1179 2706 1260 δοξάζοντας,
2764 1182 2853 1236 καὶ
2922 1181 3040 1242 τοὺς
3097 1185 3362 1254 τιμῶντας
3419 1177 3592 1240 οὕτως
3652 1177 3858 1232 ἀντιτι-

2199 1276 2390 1345 μῶντι,
2423 1269 2493 1326 Οὔ
2525 1269 2632 1344 μὴν
2679 1267 2796 1325 ἀλλ’
2845 1268 2958 1324 ἐπεὶ
3023 1271 3111 1324 καὶ
3168 1273 3272 1323 τῶν
3321 1265 3406 1324 ἐπ’
3463 1268 3627 1322 αὖτὸν
3659 1265 3861 1320 ἐκεῖθεν

2198 1358 2419 1436 ῥυέντων
2473 1359 2820 1437 χαρισμάτων
2875 1359 2937 1413 τὸ
3016 1355 3216 1423 πλῆθος
3304 1356 3401 1411 ἆνά
3493 1357 3672 1429 στόμα
3748 1367 3862 1414 τοῖς

2200 1446 2422 1509 πολλοῖς
2479 1446 2833 1526 περιφέρεται,
2922 1448 3005 1509 οἷς
3063 1447 3152 1500 καὶ
3231 1442 3430 1519 μᾶλλον
3528 1441 3687 1522 φιλεῖ
3749 1464 3860 1502 πως

2200 1535 2483 1614 ἐγείρεσθαι
2540 1536 2603 1590 τὰ
2657 1537 2768 1590 ὦτα
2820 1547 2938 1596 τοῖς
3008 1533 3310 1614 φιληκόοις,
3390 1535 3518 1608 πρὸς
3598 1533 3704 1598 τὴν
3762 1538 3864 1586 τῶν

2200 1624 2514 1700 καινοτέρων
2615 1624 2860 1700 ἀκρόασιν
2943 1623 3191 1685 ἐπιεικῶς
3263 1621 3644 1701 λιχνευόμενα,
3717 1622 3863 1701 φέρε,

2200 1714 2286 1768 καὶ
2315 1714 2476 1786 ἡμεῖς
2501 1719 2586 1768 νῦν
2634 1711 2785 1790 ὀλίγα
2856 1718 2960 1768 τῶν
3029 1721 3120 1769 τοῦ
3176 1709 3356 1788 ἀνδρὸς
3413 1711 3760 1785 θαυμασίων,
3797 1712 3865 1770 εἰς

2200 1802 2298 1867 τὴν
2354 1797 2469 1856 κατ’
2540 1800 2696 1856 αὖτὸν
2765 1798 3012 1878 διήγησιν
3080 1797 3491 1878 παραλάϐωμεν,
3549 1800 3643 1854 καὶ
3701 1806 3866 1854 ταῦτα

2202 1888 2285 1944 διὰ
2327 1888 2572 1967 βραχέων
2615 1892 2686 1951 ὡς
2731 1888 2962 1964 μάλιστα
3001 1911 3011 1922 ’
3058 1887 3150 1943 ’ίνα
3183 1889 3258 1963 μή
3302 1894 3377 1961 τῷ
3427 1893 3534 1942 τῶν
3583 1887 3867 1965 ἆκροιτῶε

2203 1976 2490 2057 φιλοκαίνῳ
2570 1984 2846 2047 ζητοῦντες
2927 1977 3262 2057 χαρίσασθαι,
3353 1974 3602 2046 λάθωμεν
3674 1978 3869 2037 αὖτοὺς

2205 2065 2612 2128 ἀποκναίσαντες
2671 2088 2746 2137 τῳ
2809 2066 2968 2139 μήκει
3039 2064 3132 2120 τοῖ’)
3186 2062 3365 2142 λόγον.
3472 2071 3604 2120 Eam
3679 2061 3742 2119 δὲ
3814 2069 3869 2119 τὸ

2205 2159 2409 2231 πρὶοτον
2439 2154 2525 2209 καὶ
2556 2152 2803 2230 μέγιστον
2874 2153 2928 2208 ἐν
2969 2153 3240 2226 ἐκείνοις,
3268 2155 3303 2220 ἡ
3355 2154 3472 2230 περὶ
3515 2155 3576 2207 τὸ
3623 2151 3868 2231 διορατι-

2243 2246 2254 2258 ‘
2384 2240 2456 2276 ’1-9
2562 2243 2587 2263 ν
2847 2265 2874 2278 ⁸.
3089 2245 3104 2264 ι
3210 2243 3231 2260 η
3339 2241 3364 2260 ν
3485 2264 3513 2276 .-
3544 2265 3565 2276 ﬂ
3660 2242 3680 2278 ζ
3805 2244 3825 2276 ‘7

2206 2265 2320 2315 κον,
2355 2264 2436 2298 ειη,
2531 2265 2617 2298 ουν
2672 2244 3014 2322 θεωρητικὸν,
3076 2264 3149 2304 ως
3208 2263 3267 2298 αν
3312 2264 3455 2298 ειποι
3496 2265 3592 2316 .ι,,
3627 2242 3738 2306 ἓςις
3774 2266 3867 2298 α)-

2207 2337 2296 2386 τοῦ
2365 2332 2452 2386 καὶ
2534 2329 2801 2394 τελείωσις
2837 2347 2850 2360 '
2899 2335 2944 2405 ᾧ
2997 2331 3060 2385 τὸ
3115 2332 3405 2409 πρακτικὸν
3475 2329 3864 2411 ἐπεσφράγισε,

2207 2417 2582 2496 δαψιλεστέραν
2612 2419 2710 2485 τὴν
2781 2418 2974 2480 ἄνωθεν
3046 2417 3308 2493 ἔλλαμψιν
3380 2419 3598 2482 εἱκότως
3633 2419 3868 2489 79.0417;-

2208 2529 2323 2576 σας,
2353 2505 2436 2563 διὰ
2463 2507 2559 2574 τὴν
2616 2509 2714 2574 τῆς
2773 2513 2954 2587 ψυχῆς
3009 2507 3364 2587 καθαρότητα.
3428 2509 3526 2564 Καὶ
3590 2509 3657 2562 τὰ
3688 2531 3867 2587 παρα-

2207 2594 2458 2673 δείγματα
2488 2597 2674 2651 τούτου
2685 2645 2698 2658 ,

2289 2675 2377 2742 ιδ’.
2441 2684 2632 2763 Θέρους
2693 2686 2757 2752 ἧν
2786 2684 2896 2763 ὤρα
2951 2686 3037 2742 καὶ
3125 2683 3483 2764 μεσημϐρινὸς
3573 2689 3603 2742 ὁ
3660 2690 3858 2766 καιρὸς,

2212 2772 2538 2853 προέφθασαν
2566 2773 2651 2831 οὖν
2720 2777 2766 2831 οἱ
2815 2771 3071 2852 ὀφθαλμοὶ
3126 2782 3217 2830 τοῦ
3260 2777 3511 2854 ὁρῶντος,
3573 2776 3857 2856 προέφθασε

2243 2863 2262 2894 ἓ-
2294 2864 2377 2894 .,...ὶ
2443 2864 2594 2894 ...ἱ-λ-
2653 2861 2800 2894 -.’.m.-
2873 2863 2956 2894 ηυξ
3004 2861 3273 2894 2..,λ..--ζ-..
3331 2863 3384 2894 2,..
3437 2864 3571 2894 ζ-.-3

2216 2861 2257 2880 λι
2481 2865 2493 2887 9
2539 2864 2554 2882 κ
2685 2861 2698 2882 9
2742 2863 2756 2880 \
2942 2863 2956 2882 κ
3076 2861 3085 2880 ι
3445 2864 3460 2880 ς
3560 2866 3571 2885 ρ

2212 2875 2265 2916 οε
2294 2864 2380 2917 καὶ
2440 2883 2594 2926 αυτος
2653 2865 2800 2926 ευθυς
2873 2884 2960 2918 και
3003 2861 3273 2940 ἐκεκραξεν
3331 2863 3385 2918 ἐν
3435 2885 3610 2942 au)qu
3651 2887 3846 2938 τοιαυτῃ

493 2953 577 3016 vit
608 2953 669 3014 in
701 2955 1124 3018 immaturitate
1141 2964 1356 3018 coetum
1392 2955 1668 3016 fratribus
1691 2954 1960 3015 indicens
1985 2973 1996 3016 :
2018 2955 2128 3015 iis-

489 3060 607 3121 que
637 3043 836 3103 statim
870 3053 932 3105 ut
958 3063 1061 3124 par
1091 3043 1706 3119 est,convenientibus
1737 3042 2132 3123 stupentibus-

493 3147 608 3208 que
638 3130 713 3190 ob
744 3132 833 3191 rei
865 3133 1181 3193 novitatem
1210 3133 1490 3207 (nondum
1527 3133 1684 3192 enim
1727 3134 2122 3210 Vesperarum

2213 2949 2496 3016 ἐκκλησίαν
2552 2950 2822 3029 κηρύττων
2879 2965 2994 3014 τοῖς
3066 2948 3314 3031 ἀδελφοῖς
3367 2970 3384 2987 ο
3442 2951 3561 3008 ἐπεὶ
3629 2952 3676 3008 δὲ
3725 2974 3838 3007 συν.

2215 3038 2435 3118 έδραμον
2492 3041 2567 3102 ὡς
2624 3041 2788 3120 εἰκὸς,
2875 3041 3016 3118 ταχὺ
3113 3041 3204 3095 σὺν
3272 3040 3522 3110 ἐκπλήξει
3607 3045 3731 3122 πρὸς
3793 3046 3852 3097 τὶν

2211 3127 2510 3205 παράλογον
2583 3126 2757 3206 (οὔπω
2813 3129 2912 3207 γὰρ
2996 3125 3060 3195 δη
3141 3131 3320 3207 καιρὸς
3393 3135 3498 3186 τῶν
3573 3133 3861 3210 ἐσπερινᾶιν

491 3224 726 3297 tempus
757 3221 904 3300 erat)
932 3239 945 3282 :
972 3221 1215 3300 Demus,
1240 3221 1451 3300 inquit,
1487 3221 1591 3280 lilii
1625 3220 1952 3298 fratresque
1980 3219 2118 3298 mei,

2209 3216 2378 3290 ὕμνων
2449 3216 2554 3296 ἧν),
2633 3223 2843 3298 Δῶμεν,
2914 3218 2959 3273 ὦ
3013 3217 3170 3273 τέκνα
3249 3221 3336 3274 καὶ
3395 3217 3641 3300 ἀδελφοὶ,
3711 3224 3865 3299 φησὶ,

491 3294 701 3368 demus
718 3294 962 3386 gloriam
983 3294 1252 3391 Deo,'qui
1269 3294 1449 3371 modo.
1464 3318 1674 3388 praeter
1696 3294 2120 3388 spem—omnem

2209 3305 2377 3380 δῶμεν
2431 3304 2542 3380 ἅμα
2611 3303 2759 3371 δόξαν
2829 3313 2963 3380 Θεῷ,
3052 3329 3127 3380 τῳ
3204 3309 3344 3385 παρὰ
3442 3314 3624 3364 πᾶσαν
3685 3309 3871 3367 ἐλπίδα

491 3412 563 3456 ex
589 3397 880 3475 profundo
912 3399 1092 3460 maris
1136 3399 1351 3479 eripuit
1394 3397 1729 3478 quempiam
1766 3396 2038 3476 (addebat
2069 3403 2123 3458 et

2209 3394 2432 3449 σώσαντι
2479 3403 2565 3453 νῦν
2596 3393 2654 3450 ἐκ
2723 3395 2875 3470 βυθοῦ
2927 3394 3193 3462 θαλάσσης
3252 3398 3340 3452 τὸν
3397 3395 3542 3453 δεῖνα
3580 3415 3597 3428 ⁶
3634 3422 3870 3479 προστε-

492 3487 734 3565 nomen)
767 3487 989 3548 salvum
1008 3495 1181 3568 atque
1203 3489 1585 3548 incolumem.
1606 3485 1708 3547 His
1731 3485 1901 3546 dictis
1925 3485 2122 3560 tacuit,

2209 3483 2392 3546 θεικὼς
2462 3484 2549 3540 καὶ
2600 3484 2660 3538 τὸ
2729 3481 2921 3559 ὄνομα.
3010 3482 3166 3541 Ταῦτ’
3259 3487 3440 3564 εἰπὼν,
3502 3485 3654 3546 οὐδὲν
3717 3489 3874 3566 ἄλλο,

495 3579 555 3633 et
609 3574 993 3638 mirabundos
1050 3577 1122 3638 ad
1182 3577 1436 3657 Synaxin
1494 3575 1746 3636 dimisit.
1782 3573 1910 3634 Non
1963 3574 2123 3636 multi

2215 3570 2354 3638 πλὴν
2383 3571 2420 3638 ἢ
2477 3573 2638 3646 μόνον
2693 3574 3051 3647 θαυμάζοντας
3123 3572 3206 3629 ἐπὶ
3274 3576 3372 3642 τὴν
3433 3573 3641 3642 σῦναξιν
3717 3581 3874 3656 ἦγεν,

495 3657 891 3723 intercessere
921 3663 1073 3744 dies,
1107 3683 1239 3725 cum
1270 3664 1371 3724 ille
1391 3663 1523 3741 ipse
1546 3661 1892 3722 festinanter
1913 3660 1984 3721 ad
2009 3679 2123 3721 mo-

2213 3659 2284 3717 Οὒ
2313 3657 2505 3716 πολλαὶ
2574 3662 2636 3716 τὸ
2709 3661 2869 3736 μέσον
2926 3661 3144 3742 ἡμέραι,
3205 3664 3448 3726 κάκεῖνος
3505 3665 3748 3722 ἐλαύνων
3808 3671 3878 3730 εἷς

496 3748 822 3810 nasterium
840 3751 1089 3832 accedit,
1114 3752 1233 3814 alta
1250 3769 1388 3812 voce
1417 3750 1741 3811 inclamans
1773 3756 2123 3811 servatorem

2211 3748 2309 3814 τὴν
2383 3749 2575 3824 μονὴν,
2639 3748 2878 3828 ἐξαίφνης
2948 3750 3208 3822 εἰσέπεσε,
3266 3751 3355 3806 τὸν
3438 3757 3682 3832 σωτῆρα,
3792 3760 3879 3812 τὸν

495 3834 994 3918 liberatoremque
1026 3859 1221 3920 suum,
1265 3839 1366 3920 qui
1391 3839 1506 3900 sibi
1537 3838 1711 3898 vitam
1744 3836 2123 3912 reddiderat;

2211 3836 2402 3912 ῥύστην
2473 3838 2565 3892 τὸν
2615 3835 2849 3908 ζωδότην
2928 3836 3145 3917 λαμπρᾷ
3243 3840 3380 3914 βοῶν
3451 3848 3521 3917 τῇ
3578 3848 3732 3921 φανῇ,
3797 3848 3880 3902 καὶ

492 3929 553 3985 et
574 3926 942 4014 venerabiles
959 3929 1085 4006 ejus
1108 3930 1290 4009 pedes
1305 3927 1590 3988 ambabus
1613 3926 2123 4005 manibus,qnanta

2216 3931 2321 3980 τῶν
2367 3927 2520 4004 ἱερῶν
2569 3924 2780 3983 ἐκείνων
2833 3925 3006 3984 ποδῶν
3079 3929 3399 4007 ἀμφοτέραις
3455 3932 3527 3994 ὡς
3589 3934 3727 4013 εἶχε
3757 3939 3880 4014 Θερ-

495 4013 684 4091 potuit
709 4033 840 4075 cum
879 4015 1185 4079 alacritate
1224 4025 1402 4104 atque
1447 4016 1683 4104 affectu,
1729 4015 2123 4104 apprehensos

2218 4014 2448 4087 μότητος
2478 4016 2565 4070 καὶ
2618 4017 2816 4095 τάχους
2874 4015 3266 4092 ἐπειλημμένος
3301 4034 3314 4047 '
3376 4018 3433 4074 οὗ
3503 4022 3625 4100 πρὶν
3657 4013 3877 4104 ἀνῆκεν,

495 4107 742 4174 tenens,
791 4121 908 4162 non
959 4103 1124 4182 prius
1180 4103 1402 4164 dimisit
1457 4110 1553 4162 aut
1609 4103 1787 4162 humo
1846 4100 2123 4176 surrexit,

2217 4100 2321 4158 οὐδ’
2393 4101 2661 4176 ἐξανέστη,
2727 4105 2896 4161 καίτοι
2981 4108 3122 4185 παρὰ
3205 4108 3415 4166 πάντων
3472 4100 3877 4188 ἐκϐιαζόμενος,

496 4188 732 4250 tametsi
761 4191 834 4251 ab
884 4192 1160 4254 omnibus
1206 4200 1541 4271 cogeretur,
1579 4209 1753 4270 quam
1787 4197 1963 4251 totam
2007 4189 2123 4250 for-

2218 4189 2316 4254 ἔως
2375 4189 2620 4270 δάκρυσιν
2690 4192 2798 4268 ἅμα
2857 4201 2961 4250 πᾶν
3020 4197 3080 4250 τὸ
3137 4217 3264 4251 κατε
3312 4196 3464 4253 αὒτὸν
3521 4197 3697 4276 δρᾶμα
3765 4219 3880 4266 τοῖς

496 4281 656 4335 tunae
684 4294 806 4337 suae
835 4278 1051 4339 seriem
1103 4280 1490 4360 praesentibus
1533 4277 1898 4340 exhibuisset
1931 4296 1944 4340 :
1981 4296 2123 4357 quo-

2218 4285 2470 4357 παροῦσιν
2527 4278 2948 4360 ἐξετραγῴδησεν
3011 4299 3024 4312 ⁸
3077 4281 3220 4346 ὅπως
3273 4305 3330 4340 τε
3371 4287 3507 4341 κατᾶ
3559 4290 3882 4370 πρόσταγμα

499 4363 676 4424 modo
721 4365 890 4452 jussu
939 4368 1095 4445 regis
1147 4369 1426 4447 navigans
1473 4383 1579 4446 per
1631 4367 1996 4427 Astacenum
2049 4366 2123 4426 si-

2219 4367 2513 4443 βασιλικὸν,
2582 4372 2672 4427 τὸν
2758 4369 3086 4439 Ἀστακηνὸν
3143 4373 3296 4430 πλέοι
3356 4363 3616 4452 κόλπων,
3659 4383 3753 4436 καὶ

500 4467 642 4510 num
661 4453 770 4530 (7),
797 4451 858 4512 in
887 4456 1298 4544 vehementem
1322 4453 1607 4544 inciderit
1622 4461 2034 4544 tempestatem
2058 4474 2074 4529 ;
2105 4472 2123 4534 ε

2222 4455 2439 4514 κλύδῶνι
2496 4456 2649 4533 δεινῷ
2704 4461 2999 4540 περιπέσοι,
3069 4459 3155 4542 ὑφ’
3207 4464 3265 4518 οὗ
3319 4470 3387 4540 τῇ
3445 4469 3539 4531 νηῒ
3601 4489 3876 4544 σογκατα·

499 4555 630 4632 qua
645 4557 850 4600 eversa
879 4561 1014 4603 cum
1043 4543 1378 4605 vectoribus
1409 4540 1563 4614 navi,
1595 4541 1722 4622 ipse
1761 4542 2007 4603 fundum
2031 4559 2123 4621 pe-

2222 4543 2519 4610 ϐαπτισθεὶς
2578 4549 2711 4623 μετὰ
2765 4555 2867 4607 τῶν
2938 4540 3246 4628 συμπλόων,
3307 4553 3394 4608 καὶ
3443 4540 3693 4632 γεγονὼς⁷
3743 4560 3876 4614 ὑπο-

497 4625 697 4718 tierit;
724 4636 780 4690 et
793 4631 922 4706 jam
937 4631 1182 4711 jamque
1213 4631 1381 4712 aquis
1421 4631 1714 4692 violenter
1746 4631 2122 4692 suﬂ'ocandus

2231 4632 2471 4715 ϐρύχιος,
2530 4635 2634 4704 ἤδη
2688 4636 2744 4693 δὲ
2837 4641 2922 4695 καὶ
3013 4637 3162 4705 δόξας
3228 4625 3880 4718 ’βιαίωξέναποπνεῦσαι

499 4713 778 4778 blandam
807 4719 1021 4782 viderit
1069 4721 1380 4795 visionem,
1437 4730 1610 4799 atque
1652 4737 1852 4780 voccm
1898 4719 2123 4782 audieri

2233 4713 2576 4800 to'tcii'o‘aiaw,
2609 4724 2731 4802 ὄψιν
2800 4725 2904 4785 ἴδοι
2973 4713 3265 4809 γλυκεῖαν,⁷
3306 4731 3394 4787 καὶ
3448 4737 3631 4811 φωνῆς

499 4807 1032 4904 exoptatissimam;
1060 4829 1174 4890 qua
1199 4810 1478 4872 fiduciam
1501 4807 1819 4904 concipere
1835 4807 2120 4904 jubebatu

2234 4815 2632 4895 ποθεινοτάτης,
2707 4815 2915 4894 θαῤῥεϊν
2991 4807 3052 4874 *τε
3153 4807 3472 4883 κελεύοντος-
3557 4826 3703 4897 αὐτῷ
3794 4825 3884 4882 τοῦ

500 4910 536 4987 a
563 4903 767 4956 sancto
795 4895 990 4975 Patre,
1019 4918 1257 4961 manum
1278 4897 1711 4962 auxiliatricem
1742 4896 1918 4958 simul
1947 4906 2122 4959 exten

2242 4903 2465 4983 Πατρὸς,
2523 4905 2612 4959 καὶ
2669 4919 2828 4984 χεῖρα
2885 4907 3144 4986 σωτήριον
3229 4908 3505 4987 ὀρέγοντος
3559 4895 3684 4986 ἅμα
3755 4929 3770 4941 ·
3819 4917 3888 4981 ἧς

503 4979 704 5084 dente.
747 4983 934 5056 Quam
963 4985 1068 5048 ille
1098 5007 1280 5050 sacra;
1324 4988 1588 5084 adinstar
1632 4985 1906 5048 anchorae
1933 5003 2123 5065 appre.

2235 4979 2466 5084 καθάπερ
2533 4979 2777 5084 ἀγκύρας·
2815 4979 3351 5076 ἱερᾶςέλεχύμενος,
3413 4997 3553 5078 Πέρα
3599 4979 3886 5084 πίστεως,

503 5067 797 5169 hendens,
825 5083 1040 5154 praeter
1069 5094 1260 5156 spem,
1311 5076 1526 5156 inquit,
1583 5093 1821 5136 omnem
1848 5084 1908 5137 et
1936 5093 2123 5156 exspe.

2235 5077 2357 5159 ἔφη,
2403 5067 2535 5158 πέρα
2584 5067 2911 5161 ⁷προσδοκίας
2967 5067 3203 5160 ἀπάσης,
3261 5067 3457 5149 παντὸς
3489 5067 3672 5167 ’λόγου
3700 5067 3893 5169 κρειτί

500 5159 820 5223 ctationem
850 5163 1001 5226 nihil
1033 5166 1376 5229 detrimenti
1409 5182 1638 5245 passus,
1676 5164 1852 5226 modo
1901 5185 2123 5246 prorsu:

2231 5191 2341 5225 τονι
2370 5169 2568 5246 τρόπῳ,
2600 5159 2776 5228 κακῶν
2805 5171 3010 5239 ἀπαθὴς
3063 5173 3148 5229 ἐπὶ
3201 5174 3262 5229 τὸ
3301 5171 3458 5251 ξηρὸν
3510 5159 3833 5256 ἐξεξράσθην
3869 5201 3885 5214 ·

707 5329 820 5402 Qui
848 5349 880 5418 e
911 5333 1277 5418 Propontide
1293 5334 1358 5418 in
1375 5334 1578 5397 Ortum
1601 5331 1775 5418 longo
1815 5342 2006 5418 tractu
2037 5353 2143 5396 ex-

503 5407 764 5495 tenditur
831 5407 1525 5495 sinus,'_Bithyniamque
1575 5407 1764 5490 alluit,
1807 5414 1880 5476 ab
1909 5419 2143 5495 Astace,

505 5485 653 5575 urbe
674 5489 815 5575 olim
838 5485 1082 5575 celebri,
1105 5485 1324 5555 nomen
1346 5485 1516 5557 suum
1544 5485 1840 5556 mutuatus
1865 5502 1974 5558 est.
1999 5485 2144 5556 Nam

505 5565 620 5625 alia
641 5567 781 5627 urbs
812 5565 1080 5647 ejusdem
1117 5574 1374 5634 nominis
1411 5577 1469 5635 in
1513 5575 1841 5635 Acarnania
1880 5575 1996 5634 huc
2027 5593 2143 5634 non

2229 5415 2479 5511 diensis,
2499 5433 2533 5477 a
2555 5414 2933 5511 Nicomedia,
2957 5437 3088 5511 qua:
3106 5419 3388 5511 sinuipisti
3419 5422 3694 5511 similiter
3719 5429 3884 5510 adja-

2227 5502 2342 5636 pet,
2367 5503 2426 5559 et
2455 5513 2488 5558 e
2518 5498 2709 5560 ruinis
2735 5498 2938 5563 Astac'i
2966 5498 3056 5563 vel
3087 5499 3324 5565 condita
3353 5501 3443 5564 vel
3487 5514 3663 5570 aucta
3699 5498 3880 5590 puta-

2257 5593 2348 5636 ur.

2230 5335 2389 5399 facit.
2433 5333 2690 5398 Vocatur
2717 5337 2877 5400 idem
2909 5339 3074 5400 sinus
3103 5338 3356 5403 subinde
3386 5341 3566 5404 etiam
3590 5342 3884 5412 Nicome-
3979 5333 3981 5410 ί
