4052 6134
253 221 414 288 1069
1371 229 1559 294 VITA
1599 228 1663 291 S.
1711 226 1897 292 DOBC

1982 227 2101 291 HEI
2140 226 2513 296 JUNIORIS.
3485 235 3642 301 1070

249 358 346 414 καὶ
420 357 529 415 ἰδοὺ
554 449 558 450 γ
588 362 654 418 τὰ
710 367 919 450 σῶστρα
976 366 1064 422 καὶ
1125 364 1447 446 χαριστήριά
1500 385 1583 421 σοι
1647 368 1725 437 τῷ
1806 362 1897 419 σώι

2004 362 2436 446 inexplicabili,
2469 366 2528 429 in
2560 366 2786 432 siccum
2810 370 3036 450 ejectus
3056 371 3380 449 fui;ethzec
3395 380 3640 437 servatae

248 466 432 537 σαντι,
483 449 676 527 Πάτερ,
711 449 997 510 ἀποδώσων
1066 454 1290 530 πάαειμι
1360 459 1467 512 νῦν.
1528 450 1897 532 Παρεσημάνθτ

2000 452 2204 516 salutis
2228 456 2468 535 praemia
2490 464 2666 537 atque
2684 449 3062 536 gratitudinis
3086 459 3241 524 dona
3261 481 3418 524 nunc
3431 462 3637 523 adsum

352 544 445 595 τοῦ
490 539 886 615 συμπτώματος
929 543 957 598 6
1013 543 1195 621 καιρὸς
1266 544 1397 623 πρὸς
1468 542 1560 597 τδν
1613 530 1716 607 Ὗτῆς
1744 541 1897 619 προβ-

1995 530 2340 604 redditurus
2369 543 2502 625 tibi,
2536 530 2821 608 servatori
2867 565 3023 623 meo,
3080 551 3275 615 Pater.
3327 554 3466 614 Post
3511 551 3637 613 haec

245 622 482 701 ρήσεως,
518 629 607 683 καὶ
657 631 686 685 6
734 630 890 694 αὐτὸς
946 633 1166 711 εὑρεθεὶς
1210 635 1288 711 τῷ
1312 622 1315 623 ν
1342 631 1625 688 πεπονθότι
1676 631 1765 686 καὶ
1795 642 1911 693 τοῖς

244 716 609 791 προακούσασι
652 720 753 786 τὴν
772 718 903 787 ἴσην
932 708 1187 787 ἔκπληξιν
1235 708 1479 782 ἐνεποίει,
1543 724 1781 777 Τοιοῦτοι
1812 717 1909 793 μὲν

252 799 312 856 ἕν
336 808 442 859 τῶν
472 811 563 860 τοῦ
593 806 828 886 μεγάλου
854 809 1157 884 θαυμάτων,
1180 807 1320 888 ἐἴγε
1344 810 1431 866 καὶ
1460 807 1513 864 ἓν
1546 824 1565 843 ⁸
1598 805 1787 874 ἐπεεδὴ
1822 807 1912 863 καὶ

256 891 562 970 πρόγνωσιν
591 892 730 975 ἔχει,
763 897 852 953 καὶ
877 898 1276 978 προαγόρευσιν,
1310 901 1398 954 καὶ
1425 897 1523 964 τὴν
1567 897 1696 974 πρὸς
1751 893 1909 952 ἀνέλ-

253 1000 447 1037 πιστον
489 985 753 1063 σωτηρίαν
808 984 1095 1065 ἀνθρώπων
1164 987 1292 1066 ὑπὲρ
1346 984 1616 1065 ἄνθρωπον
1662 981 1908 1064 λόναμιν,

248 1066 431 1147 ἕτερον
451 1066 529 1146 δὲ,
565 1070 766 1147 μᾶλλον
810 1073 865 1129 δὲ
908 1073 1059 1154 ἕτερα
1088 1094 1101 1109 ο
1140 1073 1224 1132 δεῖ
1291 1075 1390 1154 γὰρ
1445 1070 1549 1141 ἤδη
1608 1070 1908 1147 συντέμνειν

251 1158 345 1213 καὶ
371 1158 445 1221 ὡς
477 1157 531 1216 ἔν
560 1158 864 1239 διηγεῖσθαι
930 1165 997 1220 τὰ
1047 1162 1222 1221 πολλὰ
1279 1185 1337 1219 τε
1401 1163 1488 1219 καὶ
1529 1159 1900 1241 παραπλήσια,

245 1244 351 1301 κᾶν
381 1244 435 1301 ἐν
464 1244 729 1329 διαφόροις
760 1249 979 1309 ἕκαστον
1008 1252 1177 1309 αὐτῶν
1204 1251 1420 1330 γέγονεν
1448 1262 1679 1329 καιροῖς.

1994 628 2370 719 observatum
2396 640 2486 693 est
2506 639 2762 714 tempus,
2789 654 2906 716 quo
2929 655 3101 698 casus
3122 637 3232 701 iste
3256 645 3315 701 et
3335 638 3638 719 praedictio

1991 716 2143 779 facta
2172 726 2342 796 sunt;
2374 720 2654 801 idemque
2708 724 2951 785 omnino
3000 724 3208 801 fuisse,
3268 716 3636 806 compertum

1993 812 2082 896 est
2125 823 2138 867 :
2190 808 2349 887 quod
2396 809 2676 896 omnibus
2735 811 2955 891 pariter
3001 820 3059 874 et
3114 814 3215 895 qui
3269 813 3641 896 periclitatus

1989 892 2198 971 fuerat,
2227 903 2285 956 et
2305 895 2406 976 qui
2448 897 2780 976 periculum
2822 892 3638 980 praenoverant,'admiratio-

1990 1000 2129 1044 nem
2152 984 2359 1048 movit.
2379 984 2450 1047 Et
2471 986 2586 1048 tale
2608 987 2849 1067 quidem
2872 1004 3055 1051 unum
3079 989 3189 1051 fuit
3216 990 3641 1053 miraculorum

1994 1070 2147 1151 ejus,
2181 1072 2232 1133 si
2256 1081 2450 1134 tamen
2473 1093 2653 1136 unum
2688 1097 2701 1139 :
2735 1076 2958 1158 quippe
2985 1078 3145 1159 quod
3198 1087 3257 1141 et
3307 1078 3637 1161 prwnotio-

1988 1178 2150 1249 nem,
2195 1169 2253 1222 et
2301 1163 2694 1244 prophetiam,
2750 1174 2809 1227 et
2875 1165 3156 1229 virtutem
3213 1167 3640 1249 complectitur

1985 1247 2245 1311 humana
2275 1250 2583 1329 majorem,
2617 1253 2691 1313 ad
2743 1255 3112 1316 reddendam
3158 1247 3508 1318 homin—ibus
3536 1256 3638 1317 in-

248 1342 550 1426 speratam
581 1339 855 1400 salutem.
889 1339 1066 1402 Aliud
1097 1358 1298 1420 porro,
1327 1346 1426 1400 aut
1457 1337 1654 1419 potius
1703 1336 1820 1426 alia
1846 1343 2006 1413 sunt,
2053 1354 2183 1426 quas
2235 1356 2391 1400 nunc
2432 1341 2784 1403 contrahere
2830 1351 3081 1423 oportet,
3137 1363 3246 1426 per
3272 1344 3638 1424 modumque

245 1420 428 1513 unius
457 1424 629 1505 plura
651 1432 709 1488 et
737 1427 1091 1509 multiplicia
1121 1446 1420 1500 enarrare,
1457 1424 1846 1488 tametsi‘alio
1878 1425 2198 1506 atquealio
2231 1434 2499 1506 tempore
2525 1429 2683 1509 quod
2716 1420 3105 1494 libet—eorum
3136 1420 3469 1513 contigerit.

330 1536 373 1570 ιε
386 1504 418 1575 ’,
450 1504 692 1597 Ἀδελφοὶ
746 1523 844 1584 τῆς
900 1504 1038 1599 ἱερᾶς
1108 1517 1305 1596 ἀγέλης
1400 1517 1604 1583 ἐκείνης
1665 1516 1897 1594 ἀποφοι-

2072 1516 2162 1576 15.
2196 1504 2450 1595 Accidit,
2487 1504 2700 1580 fratres
2728 1520 3015 1599 quosdam
3049 1522 3203 1584 sacri
3230 1504 3402 1584 istius
3422 1532 3631 1601 coetus,

241 1603 444 1667 τῶντες
475 1603 638 1661 ἐνίοτε
696 1604 814 1663 κατ’
869 1604 1167 1678 ἱδιάζουσάν
1231 1628 1347 1663 τινα
1401 1604 1610 1685 χρείαν,
1668 1604 1898 1683 ὀκνηρό-

242 1713 395 1770 τερον
426 1693 587 1774 εϊχον
616 1696 746 1773 πρὸς
774 1696 873 1762 τὴν
905 1693 1157 1753 ἐπάνοδον
1191 1711 1204 1725 ·
1280 1693 1393 1751 ἐπεὶ
1448 1694 1537 1749 καὶ
1558 1695 1588 1749 6
1644 1692 1740 1769 μὲν
1770 1713 1899 1748 ποι-

244 1782 355 1858 μὴν
383 1782 643 1848 πολλάκις
697 1784 1034 1860 ἀνεκαλεῖτο,
1082 1787 1169 1841 καὶ
1223 1781 1597 1859 διαμέλλοντας
1654 1780 1897 1860 ἤπειγεν,

246 1874 343 1929 οὒκ
399 1873 653 1951 εὐπρεπὲς
734 1875 796 1930 τὸ
877 1879 1099 1953 πρᾶγμα
1185 1870 1387 1952 καλῶν,
1449 1869 1585 1926 ὀὐδὲ
1639 1870 1900 1950 συμφέρον

248 1972 368 2024 τοῖς
399 1959 564 2025 οὕτως
591 1962 720 2042 ὑπὲρ
771 1965 834 2019 τὸ
891 1960 1007 2019 δέον
1060 1963 1486 2019 λειππακτοῦσιν
1520 1977 1535 1991 ⁸
1582 1963 1631 2015 οἱ
1683 1956 1738 2014 δὲ
1765 1979 1899 2037 προ-

248 2049 436 2127 φάσεις
496 2048 685 2107 ἄλλοτε
756 2050 919 2115 ἄλλας
990 2051 1045 2108 ἐν
1102 2049 1377 2129 ἁπαρτίαις
1432 2047 1895 2129 προφασιζόμενοι,

246 2138 349 2207 τὴν
410 2139 740 2220 ὑποστροφὴν
834 2136 1185 2196 ἀνεϐάλλοντο
1243 2157 1258 2172 ·
1347 2141 1441 2196 οὒκ
1487 2137 1542 2193 ἐν
1592 2136 1898 2215 παροιμίαις

245 2224 325 2282 ἔτι
355 2228 384 2282 6
413 2225 579 2299 ὅσιος,
609 2226 746 2284 ἀλλὰ
797 2225 1077 2306 διαῤῥήδην
1133 2230 1317 2289 αὐτοῖς
1360 2227 1460 2293 τὴν
1514 2223 1762 2291 τελευτὴν
1806 2231 1896 2280 τοῦ

241 2316 358 2392 βίου
420 2317 832 2397 προύσ-ιςμαινεν,
896 2318 940 2372 εἰ
1011 2316 1088 2392 μὴ
1142 2318 1325 2372 θᾶττον
1379 2316 1452 2377 ὡς
1510 2313 1698 2394 ἔχουσι
1764 2313 1894 2391 πρὸς

241 2403 337 2472 ἔθη
366 2404 434 2461 τὰ
487 2406 687 2462 ἑαυτῶν
744 2404 1103 2466 ἐπανέλθοιεν.
1164 2407 1271 2462 Οὒκ
1358 2403 1541 2482 ἔποιγε
1596 2400 1890 2481 προλέγων,

243 2492 368 2549 ἀλλ’
425 2493 598 2551 ἔπειθε
652 2492 854 2558 δεικνὺς
935 2495 1036 2561 τὴς
1115 2492 1426 2572 προῤῥήσεις
1485 2488 1896 2555 ἀποϐαινούσας.

1983 1601 2302 1682 aliquando
2333 1603 2501 1667 abire
2549 1605 2746 1687 aliquo
2778 1610 3015 1688 privata
3070 1610 3439 1673 necessitatis
3464 1630 3630 1692 ergo,

1984 1700 2044 1780 et
2073 1709 2267 1752 moras
2323 1693 2516 1773 quoad
2570 1693 2826 1756 reditum
2880 1696 3263 1778 interponere
3303 1699 3628 1780 longiores.

1982 1777 2140 1850 Quos
2196 1799 2329 1841 cum
2381 1782 2733 1862 praepositus
2819 1777 3435 1849 eorum’Dorothens'
3474 1807 3631 1870 saepe

1980 1877 2386 1956 revocassetet
2403 1877 2748 1932 cunctantes
2767 1872 3168 1942 ursisset,rem
3184 1875 3314 1936 fieri
3330 1875 3633 1956 indignam

1980 1955 2285 2018 dictitabat
2315 1965 2373 2018 et
2403 1977 2608 2038 parum
2638 1961 2959 2041 proﬁcuam
3006 1962 3100 2038 iis,
3125 1963 3227 2044 qui
3278 1965 3430 2026 ultra
3459 1955 3637 2029 deco-

1979 2061 2111 2106 rum
2135 2045 2221 2108 sic
2242 2047 2806 2129 morabantur:ipsi
2836 2068 2973 2112 vero
3026 2051 3430 2116 obtendebant
3489 2055 3635 2118 alias

1982 2151 2050 2194 ex
2080 2133 2210 2195 aliis
2241 2135 2651 2199 excusationes
2706 2137 2768 2198 in
2802 2139 3081 2218 peccatis,
3140 2141 3395 2203 reditum
3454 2162 3628 2205 suum

1978 2220 2341 2312 differentes.
2376 2224 2540 2286 Tunc
2573 2244 2691 2287 non
2737 2228 2990 2307 amplius
3046 2228 3105 2289 in
3175 2230 3490 2312 parabolis,
3526 2231 3631 2293 sed

1979 2310 2168 2390 palam
2197 2310 2344 2392 ipsis
2357 2321 2610 2375 mortem
2632 2310 3632 2399 praesignificavitmisi,quantocius

1981 2406 2241 2477 possent,
2274 2400 2349 2461 ad
2407 2401 2725 2481 pristinum
2777 2405 3008 2466 vivendi
3066 2405 3307 2467 modum
3340 2406 3629 2470 redirent.

1984 2483 2098 2548 Sed
2128 2486 2275 2548 nihil
2301 2489 2913 2567 persuasitobstinatis
2930 2492 3635 2574 praedicendo,persuasit

242 2582 388 2643 Πάνυ
433 2584 534 2663 γὰρ
590 2583 762 2663 βραχὺ
854 2583 917 2638 τὸ
980 2581 1234 2661 ἐντεῦθεν,
1304 2582 1393 2638 καὶ
1484 2582 1559 2643 ὡς
1647 2581 1676 2636 6
1731 2576 1897 2656 μέγας

1982 2582 2175 2637 autem
2199 2594 2330 2656 quae
2349 2578 2694 2656 praedixerat
2715 2580 3048 2658 probando.
3064 2581 3354 2644 Perbreve
3372 2598 3631 2663 namque

241 2670 475 2746 ἠπείλει,
534 2672 843 2751 οἰκτρότατα
917 2670 1266 2751 κατέστρεφεν
1321 2668 1541 2732 ἕκαστὸς
1599 2672 1696 2734 τῆς
1747 2667 1897 2723 ἀπει-

1982 2669 2216 2743 tempus
2244 2664 2385 2725 inde
2413 2665 2661 2743 efﬂuxit,
2696 2686 2830 2729 cum
2864 2668 3102 2746 singuli,
3136 2677 3201 2731 ut
3224 2669 3479 2731 minatus
3527 2670 3631 2732 ille

244 2761 386 2824 θείας
442 2759 709 2841 ἐπίχειρα,
755 2762 845 2819 τὸν
890 2757 988 2825 ἔξω
1056 2760 1154 2829 τῆς
1209 2757 1375 2851 αὐλῆς
1434 2758 1619 2851 Κύριου
1648 2757 1894 2851 εὑρίσκων

1982 2751 2170 2814 fuerat
2196 2842 2211 2851 .
2237 2752 2655 2851 miserabilem
2696 2755 3062 2818 inﬁdelitatis
3107 2776 3239 2851 sum
3292 2758 3631 2851 auferentes

246 2847 593 2907 ἐπονείδιστον
622 2851 866 2909 θάνατον.
928 2857 1170 2913 Τοιοίτος
1229 2849 1325 2925 μὲν
1383 2854 1471 2905 οὖν
1513 2850 1542 2904 ὁ
1569 2844 1780 2923 βλέπων
1812 2859 1826 2874 ⁸
1864 2847 1892 2900 6

1982 2842 2337 2916 mercedem,
2374 2842 2827 2921 ignominiosam
2868 2852 3033 2906 extra
3089 2845 3330 2907 domum
3387 2846 3631 2909 Domini

243 2935 459 3003 δυνατὸς
488 2936 565 3019 δὲ,
596 2937 843 3006 πηλίκος.
893 2940 1016 3018 Περὶ
1046 2960 1190 3002 τινας
1248 2938 1408 3018 εἶχον
1472 2938 1519 2993 οἱ
1567 2940 1667 3002 τῆς
1722 2938 1891 3009 μονῆς

1982 2930 2582 3010 ορρειίειθοληοιιιειη,
2610 2930 2684 2993 Et
2706 2932 2838 2993 talis
2858 2934 3101 3013 quidem
3120 2935 3231 2997 fuit
3250 2935 3355 2997 ille
3379 2954 3450 2997 ex
3473 2936 3628 2998 dono

243 3027 535 3107 ἀναγκαίας
564 3025 843 3102 οἰκοδομάς
921 3047 934 3062 ο
996 3025 1136 3091 λίθος
1194 3026 1279 3083 οὖν
1350 3027 1452 3082 ὑπὸ
1495 3025 1891 3104 μηχανήματος

1982 3019 2301 3107 prophetia)
2328 3036 2345 3095 ;
2370 3038 2437 3080 ex
2462 3019 2647 3097 gratia
2669 3039 2809 3082 vero
2832 3023 3279 3101 miraculorum,
3333 3033 3587 3105 quantus
3607 3031 3621 3088 l

241 3106 554 3193 κινουμένος
623 3115 997 3196 παμμεγέθης,
1061 3116 1174 3173 ἐπεὶ
1210 3116 1271 3172 τὸ
1324 3113 1630 3194 μηχάνημα
1683 3118 1760 3186 τῷ
1788 3111 1890 3187 βά-

1982 3106 2434 3187 Dccupabantur
2481 3110 2753 3171 monachi
2805 3110 2963 3172 circa
3010 3111 3327 3174 aedificium
3383 3113 3626 3194 aliquod

243 3227 324 3288 ρει
382 3206 677 3287 συνέτριψε,
741 3204 858 3282 μετ’
943 3204 1109 3270 ὀξείας
1200 3204 1368 3283 ῥύμης
1450 3200 1665 3288 ἐφέρετο
1727 3198 1895 3288 λυθεὶς

1982 3196 2089 3258 sibi
2120 3197 2547 3274 necessarium,
2581 3217 2714 3260 cum
2748 3200 3095 3279 praegrande
3144 3220 3352 3263 saxum
3384 3202 3621 3265 machi-

242 3284 384 3354 κατὰ
447 3284 545 3352 του
607 3301 861 3374 πρανοῦς,
933 3295 1022 3350 καὶ
1101 3293 1231 3372 ὑπὲρ
1286 3288 1524 3372 κεφαλῆς
1572 3287 1695 3345 ὅσον
1749 3284 1896 3374 οόεπω

1982 3305 2139 3364 nam,
2172 3307 2303 3368 quae
2328 3287 2660 3364 tollebatur,
2697 3290 2960 3368 pondere
2989 3309 3096 3352 suo
3129 3292 3312 3372 rupit,
3341 3298 3399 3354 et
3417 3309 3627 3372 magno

241 3397 365 3448 τοῖς
421 3373 716 3460 οἰκοδόμοις
797 3381 1019 3459 ²ἔμελλεν
1095 3382 1458 3457 ἐμπεσεῖσθαι.
1521 3376 1781 3454 Μέγιστος
1840 3373 1895 3431 δὲ

241 3470 407 3554 φόϐος
464 3471 647 3529 αὐτίκα
721 3472 853 3550 πρὸς
926 3471 988 3527 τὸ
1045 3468 1233 3549 δεινὸν,
1294 3469 1383 3525 καὶ
1468 3465 1672 3545 κραυγὴ
1754 3464 1895 3554 παρὰ

238 3551 416 3618 πάντα
445 3564 536 3616 σὺν
590 3559 801 3636 ἀπορίᾳ·
863 3555 1013 3615 Ἀλλ’
1069 3560 1098 3615 6
1142 3557 1323 3635 Πατὴρ
1365 3561 1546 3635 παρῶν
1604 3557 1699 3612 οὐκ
1746 3551 1891 3622 ἡπό-

238 3670 344 3732 ρει,
376 3662 559 3730 χεῖρες
642 3648 742 3727 γὰρ
798 3646 942 3710 εὐθὺς
1028 3646 1114 3703 ἐπὶ
1169 3647 1298 3703 Θεὸν
1368 3644 1661 3719 ἐκτενεῖς,,
1708 3655 1892 3732 χεῖρες

237 3717 487 3819 καθαραί·
510 3759 567 3795 τε
623 3717 725 3794 uoti.
769 3734 938 3814 ἒίγιαι,
997 3738 1083 3793 καὶ
1140 3732 1351 3815 δάκρυσι
1421 3717 1723 3813 σύγκρατος
1775 3717 1892 3786 ὁσία

238 3829 405 3909 εὖχὴ,
458 3825 733 3894 ἐπίκλησιν
788 3822 988 3906 ἔχουσα
1053 3824 1150 3893 τῆς
1207 3826 1359 3902 ἁγίας
1417 3820 1654 3909 Τριάδος,
1712 3820 1893 3909 καὶτὸ

236 3906 406 3975 κακὸν
439 3916 509 3997 (ὢ
558 3925 652 3975 τοῦ
719 3913 1031 3989 θαύματοςί
1106 3912 1152 3970 ὢ
1204 3918 1304 3979 τῆς
1373 3911 1546 3967 πάντα
1603 3906 1890 3997 δυνάμένης

1976 3374 2202 3456 impetu
2256 3376 2375 3438 ruit
2430 3377 2492 3438 in
2552 3396 2837 3459 przeceps,
2900 3379 3354 3459 impingendnm
3412 3379 3537 3442 fere
3563 3381 3627 3442 in

1976 3467 2165 3546 capita
2192 3465 2633 3528 aediﬁcantium.
2682 3465 2943 3528 Pervasit
2997 3467 3158 3529 illico
3188 3472 3442 3545 animos,
3477 3487 3628 3531 con-

1975 3561 2178 3634 specto
2198 3552 2472 3633 praesenti
2494 3554 2779 3633 periculo,
2802 3555 3020 3634 ingens
3042 3563 3235 3631 terror
3260 3564 3349 3632 ;et
3371 3557 3630 3621 horren-

1975 3642 2112 3703 dum
2138 3661 2272 3703 cum
2295 3642 2708 3722 desperatione
2750 3645 3119 3705 sustulerunt
3139 3644 3461 3706 clamorem
3490 3664 3628 3707 om-

1972 3747 2104 3806 nes,
2138 3738 2351 3810 praeter
2378 3730 2761 3806 Dorotheum,
2797 3731 2901 3811 qui
2929 3749 3191 3813 praesens
3245 3732 3451 3795 aderat
3478 3734 3627 3796 nihil

1974 3820 2321 3900 desperans.
2355 3820 2594 3883 Etenim
2647 3839 2856 3882 manus
2906 3822 2980 3883 ad
3036 3821 3224 3884 Deum
3286 3841 3320 3885 e
3374 3824 3622 3901 vestigio

1973 3907 2197 3981 levatae,
2236 3926 2445 3971 manus
2476 3928 2639 3989 purze
2691 3916 2751 3970 et
2810 3917 3051 3985 sanctae,
3105 3910 3460 3991 fervensque
3490 3931 3625 3974 cum

240 3995 479 4085 εὒχερῶς
547 4002 786 4083 ἂρετῆςί
834 4000 856 4082 )
915 4001 1051 4069 ἄστη
1146 4022 1203 4057 τε
1225 3997 1608 4085 ’παραχρῆμα
1671 3996 1759 4051 καὶ
1799 3995 1890 4085 τὸν

1982 3996 2243 4077 lacrymis
2272 3996 2457 4085 oratio
2487 3997 2598 4059 sub
2640 3997 3015 4059 invocatione
3052 4006 3280 4085 sanctae
3309 3997 3625 4063 Trinitatis

237 4076 510 4161 στίὶξσαντα
539 4076 740 4172 τρανῶς
813 4076 1149 4167 διεσήμανεν,
1225 4079 1283 4146 Ὀ
1508 4085 1671 4155 λίθος,
1719 4084 1886 4140 καθά-

1982 4088 2036 4164 {o
2066 4076 2413 4146 miraculum
2448 4086 2462 4145 l
2493 4105 2526 4147 ο
2558 4092 2981 4166 praepotentem
3009 4084 3241 4148 virtutis
3270 4085 3386 4146 vim
3413 4087 3451 4159 ἰ)
3500 4095 3625 4149 ste-

234 4202 340 4262 περ
395 4179 697 4249 εὒλαϐηθεὶς
787 4180 879 4236 τὸν
964 4178 1288 4258 ἀνείργοντα,
1387 4178 1459 4240 εἰς
1539 4173 1769 4231 τοῦπίσω
1835 4193 1892 4228 τε

240 4272 590 4351 ἀνεκρούσθη,
632 4271 721 4326 καὶ
775 4274 875 4337 τῆς
945 4274 1108 4349 φορᾶς
1178 4265 1509 4341 παυσάμενος
1562 4262 1712 4336 ἔστη,
1738 4282 1890 4351 Δμιπιρ-

240 4348 412 4441 τυρῶν
474 4348 630 4417 εἰσέτι
687 4358 775 4416 καὶ
827 4363 915 4414 νῦν
964 4348 1069 4425 τὴν
1128 4354 1665 4432 θααματουργήσασαν
1732 4348 1890 4407 δύνα-

242 4473 339 4528 μιν
371 4470 385 4486 ·
420 4449 532 4508 ἐπεὶ
571 4447 790 4531 φοϐερὸς
856 4445 967 4503 ἐστι
1020 4447 1109 4503 καὶ
1165 4443 1240 4500 ’ἑτι
1267 4456 1386 4508 τοῖς
1441 4445 1629 4531 ὁρῶσιν
1673 4441 1774 4518 οὐχ
1801 4440 1897 4506 ἧτ-

238 4561 336 4597 τον
404 4538 458 4596 ἐν
528 4537 791 4619 ὀλισθηρῷ
856 4538 945 4594 καὶ
1013 4534 1353 4610 ἀποκμήμνῳ
1406 4530 1784 4619 παντάπασιν,
1837 4531 1897 4587 οὐ

243 4631 453 4687 κεῖσθαι
482 4626 672 4702 δοκῶν,
718 4616 839 4684 ἄλλ’
868 4630 987 4683 οἷον
1019 4624 1426 4699 ἁπαιωρεῖσθαι,
1456 4619 1545 4676 καὶ
1572 4631 1690 4680 τοῖς
1721 4616 1895 4673 κάτων

243 4715 536 4790 ϐαδίζωσιν
604 4716 820 4798 ὕπερθεν
890 4711 1268 4794 ἐπικρέμασθαι
1337 4708 1569 4787 καθάπερ
1624 4703 1782 4769 ἄλλος
1814 4727 1894 4768 τις

244 4807 463 4883 μυθικὸς
491 4806 578 4863 καί
618 4803 930 4869 Ταντάλειος
941 4853 955 4868 .

334 5073 416 5148 ις
425 5063 456 5137 ’.
496 5056 651 5142 Ὅσης
683 5071 737 5129 δὲ
766 5085 1021 5153 μετεῖχεν
1066 5073 1207 5144 αὒτῷ
1258 5067 1347 5123 καὶ
1401 5064 1529 5153 αὒτᾷ
1572 5063 1636 5153 τόι
1662 5062 1898 5153 πάρεργα

252 5168 359 5220 τῶν
428 5167 626 5243 χειρῶν
695 5151 935 5242 εὐλογίας
954 5151 1027 5241 ἧς’
1073 5154 1416 5233 Ἀμπελῶνος
1485 5152 1551 5220 ἧν
1620 5151 1898 5227 ἐπιμέλεια

1974 4182 2172 4235 terunt
2203 4173 2264 4234 in
2296 4184 2598 4236 momento
2628 4173 2983 4254 periculum,
3014 4182 3074 4235 et
3112 4174 3376 4236 sistentis
3405 4181 3622 4255 poten-

1974 4263 2114 4325 tiam
2167 4262 2534 4324 manifestam
2591 4262 3002 4326 reddiderunt.
3098 4262 3312 4325 Savum
3371 4265 3615 4345 quippe,

1972 4351 2150 4413 veluti
2180 4351 2485 4413 declinans
2513 4370 2747 4433 operas,
2810 4359 2969 4414 retro
3027 4360 3223 4415 actum
3281 4361 3393 4431 est,
3426 4353 3628 4434 ibique

1977 4458 2251 4521 represso
2281 4440 2508 4520 impetu
2536 4440 2739 4517 stetit;
2764 4439 2826 4501 in
2852 4440 3013 4503 hunc
3036 4459 3226 4523 usque
3269 4441 3429 4504 diem
3456 4441 3626 4503 testi-

1976 4530 2161 4591 ficans
2190 4527 2582 4609 operatricem
2637 4528 2698 4590 in
2753 4529 2879 4590 viro
2941 4539 3145 4592 sancto
3203 4530 3626 4592 miraculorum

1974 4618 2293 4701 virtutem:
2348 4617 2824 4698 quandoquidem
2887 4619 3064 4680 etiam
3122 4638 3281 4680 nunc
3339 4619 3630 4682 horribile

1974 4704 2344 4769 intuentibus
2375 4706 2775 4786 spectaculum
2809 4706 3089 4786 praebeat,
3119 4725 3256 4769 cum
3298 4707 3362 4769 in
3394 4708 3626 4769 lubrico

1978 4804 2035 4859 et
2067 4793 2497 4877 praecipitiloco
2518 4813 2639 4856 non
2678 4795 2907 4874 jacere,
2927 4795 3034 4857 sed
3061 4794 3237 4857 veluti
3267 4812 3626 4874 suspensum

1975 4883 2293 4946 imminere
2324 4882 2744 4960 subeuntibus,
2774 4882 2962 4944 instar
3025 4882 3277 4945 fabulosi
3306 4900 3376 4945 ac
3404 4881 3626 4945 Tanta-

1977 4973 2057 5034 lei
2086 4973 2176 5052 (8)
2205 4971 2353 5046 saxi,
2386 4971 2675 5035 videatur.

2059 5062 2159 5123 16.
2219 5059 2512 5133 Quantam
2564 5078 2704 5121 vero
2763 5059 2996 5121 laudem
3057 5057 3274 5121 Sancto
3305 5059 3629 5121 attulerunt

1980 5168 2162 5233 opera
2209 5167 2487 5211 manuum
2547 5149 2676 5229 ejus
2759 5146 2925 5229 quasi
2982 5147 3366 5209 accessoria?
3424 5146 3628 5210 Vineae

338 5382 423 5464 (8)
447 5378 787 5446 Memoriale
811 5379 926 5441 hoc
953 5376 1224 5464 spbalma
1250 5381 1342 5439 est
1374 5391 1389 5438 :
1424 5371 1743 5454 Sisyphum
1784 5372 2008 5436 faciunt
2037 5380 2248 5454 poetae,
2284 5389 2400 5433 non
2446 5369 2778 5447 Tantalum,
2827 5366 3065 5433 volvere
3111 5374 3171 5429 et
3212 5364 3516 5430 revolvere
3560 5362 3626 5427 in

248 5457 512 5528 montem
543 5478 754 5527 saxum
784 5457 1022 5541 semper
1050 5457 1383 5539 lapsurum.
