4052 6134
545 229 687 293 1071

1755 233 2076 297 JOANNIS
2118 230 2682 298 EUCHAITENSIS

3791 221 3953 288 10³22

539 364 807 428 colendae
836 385 976 429 cura
989 367 1342 448 quibusdam
1368 365 1676 428 monachis
1701 366 2016 428 commissa
2038 373 2161 426 erat

2271 382 2385 430 τοῖς
2431 370 2501 431 εἰς
2531 374 2683 423 τοῦτο
2739 366 3078 445 τεταγμένοις
3136 367 3242 420 τῶν
3298 369 3560 442 μοναχῶν
3609 363 3725 416 ’καὶ
3771 360 3824 413 οἱ
3855 359 3950 431 μὲν

534 461 836 516 strenuam
870 456 925 518 ei
972 475 1211 536 operam
1253 455 1778 536 impendentibus:
1839 454 2051 534 quibus
2082 453 2185 514 ille

536 544 846 622 praefectus
877 552 934 606 et
959 564 1158 606 comes
1175 546 1488 623 accedens,
1526 563 1707 622 grana
1746 543 1971 623 aliquot
2015 546 2179 619 legu-

540 631 766 691 minum
801 633 949 693 clam
996 641 1171 694 terra:
1226 633 1541 707 mandavit,
1598 651 1666 692 ac
1697 632 1912 692 leniter
1937 631 2186 711 pedibus

534 729 769 797 aggesta
790 721 968 782 humo
993 722 1270 784 contexit.
1295 722 1356 782 Id
1385 739 1560 802 porro
1607 721 1762 801 quod
1819 721 1906 782 sic
1935 721 2190 780 semina-

542 815 664 868 tum
698 819 843 884 erat,
878 811 1169 872 decimam
1202 818 1427 890 partem
1462 809 1749 870 medimni
1795 828 1913 869 non
1970 809 2190 888 imple-

534 895 669 956 bat:
703 897 762 958 id
785 918 922 959 vero
943 899 1097 978 quod
1127 919 1230 958 suo
1253 906 1517 976 tempore
1536 897 1646 957 fuit
1675 896 1969 958 redditum
2002 896 2190 975 (Deus

543 986 723 1066 bone,
779 987 909 1066 quis
945 989 1241 1067 justorum
1295 994 1528 1046 tuorum
1589 986 1907 1063 potentiam
1941 985 2184 1064 eloqua-

530 1075 694 1153 fur!)
727 1076 1016 1137 censitum
1044 1075 1224 1136 estad
1274 1075 1607 1136 medunnos
1637 1075 1877 1134 omnino
1924 1073 2181 1151 triginta.

528 1165 990 1227 Istiusmodiviri
1015 1164 1279 1246 prodigia
1303 1171 1500 1244 posset
1523 1163 1654 1242 quis
1697 1181 1801 1242 per
1855 1163 2040 1222 otium
2071 1181 2180 1223 an-

527 1273 844 1315 numerare
875 1254 1064 1333 plura,
1099 1271 1285 1330 eaque
1339 1251 1692 1324 verissima;
1725 1270 1845 1310 non
1876 1270 1945 1312 ex
1975 1251 2179 1311 auditu

525 1346 773 1406 collecta
802 1344 1088 1417 referens,
1127 1341 1233 1401 sed
1262 1339 1397 1400 illos
1427 1339 1589 1420 ipsos
1619 1340 1720 1418 qui
1776 1339 2003 1416 singula
2036 1357 2176 1418 pro-

525 1434 670 1514 priis
703 1431 886 1497 oculis
916 1436 1295 1510 usurparunt,
1323 1427 1384 1487 in
1411 1427 1724 1488 maximam
1770 1426 2169 1488 conﬁrmatio-

528 1541 664 1583 nem
700 1523 994 1583 dictorum
1027 1536 1266 1579 suorum
1299 1516 1600 1577 adducens
1630 1537 1641 1576 :
1696 1515 2172 1595 quandoquidem

525 1612 598 1672 ad
631 1613 790 1691 ipsos
819 1627 1054 1690 quoque
1069 1625 1236 1686 reges
1267 1606 1554 1666 factorum
1589 1605 1718 1683 ejus
1751 1605 1952 1665 fanum
1985 1623 2166 1685 pene-

2257 1616 2546 1692 πρυνούσης
2617 1616 2708 1671 τὸν
2777 1614 3003 1693 ἐργάτην
3074 1613 3170 1680 τῆς

521 1698 1090 1774 traverit,celebrem
1107 1695 1396 1756 reddente
1409 1702 1779 1774 operatorem
1801 1693 2014 1754 virtute
2040 1711 2167 1768 sua,

521 1790 862 1870 quwipsum
896 1796 955 1847 ut
979 1786 1152 1859 solet,
1206 1783 1280 1844 ad
1341 1801 1615 1859 magnam
1669 1782 1919 1860 gloriam
1952 1782 2168 1845 evexit.

519 1882 801 1941 Sanctum
837 1877 993 1937 enim
1020 1875 1137 1935 illis
1171 1881 1286 1933 tam
1315 1871 1715 1932 venerabilem
1749 1871 1908 1943 fecit,
1955 1880 2018 1930 ut
2050 1879 2171 1933 tum

523 1969 717 2049 quoad
749 1967 861 2027 alia
883 1962 1376 2044 suprahominem
1402 1959 1622 2038 aliquid
1645 1959 1758 2038 ipsi
1790 1959 2166 2049 tribuendum

519 2048 798 2139 putarent
831 2076 846 2130 ;
880 2064 1002 2116 tum
1037 2070 1177 2113 vero
1210 2049 1571 2139 divinoejus
1613 2049 1804 2139 operi
1834 2055 2037 2126 (novo,
2071 2048 2166 2108 in-

529 2137 728 2228 quam,
762 2143 972 2204 huicce
994 2160 1060 2202 ac
1116 2138 1443 2228 venerabili
1490 2137 1890 2228 monasterio),
1944 2139 2167 2215 regiam

517 2226 684 2297 suam
715 2230 1176 2294 sollicitudinem
1208 2226 1631 2306 impenderint,
1663 2244 1794 2305 quae
1824 2235 1883 2288 et
1901 2243 2174 2287 necessa-

522 2325 613 2386 ria
633 2325 704 2384 ad
736 2328 1004 2401 sumptus
1036 2317 1339 2378 faciendos
1389 2314 1800 2395 suppeditavit,
1827 2324 1883 2376 et
1903 2334 2075 2395 opem
2098 2313 2168 2375 ad

533 2411 837 2473 molestias
866 2406 1158 2488 quaslibet
1180 2404 1452 2466 ferendas
1483 2404 1694 2480 attulit,
1731 2405 2050 2483 molestias,
2073 2403 2172 2464 in-

526 2518 701 2581 quam
759 2499 1128 2562 extrinsecus
1186 2493 1616 2567 advenientes;
1666 2491 1880 2571 quibus
1936 2492 2075 2552 olim
2116 2497 2173 2552 et

525 2588 700 2649 modo
733 2586 985 2648 maxime
1019 2581 1332 2643 turbantur
1358 2581 1578 2658 omnia,
1616 2590 1673 2641 et
1720 2599 1969 2661 quorum
1999 2598 2175 2641 causa

515 2678 640 2738 vita
661 2679 918 2739 humana
940 2672 1230 2733 violenter
1253 2669 1664 2732 labefactatur.
1694 2670 1888 2749 Atque
1905 2670 1986 2728 ita
2008 2677 2172 2730 recte

523 2766 809 2826 factorum
835 2762 945 2824 viri
972 2759 1164 2822 sancti
1199 2758 1386 2837 gloria
1435 2757 1497 2816 in
1554 2775 1846 2818 summam
1877 2756 2171 2836 magnitu-

2265 461 2561 538 εἰργάζοντο
2630 459 2950 540 φιλοπόνως,
3026 463 3054 516 6
3150 457 3193 513 δ’
3274 461 3459 519 αυτοῖς
3555 454 3801 534 ἐφεστὼς
3860 450 3948 505 καὶ

2264 549 2628 625 παρεπόμενος
2713 549 2847 627 ἅμα,
2975 548 3199 609 κόκκους
3310 545 3618 611 λεληθότως
3701 541 3945 618 ὀσπρίων

2267 637 2490 715 ὲῤῥίπτει
2546 641 2681 694 κατὰ
2749 644 2846 704 τῆς
2939 644 3063 716 γῆς,
3139 650 3256 700 τοῖς
3314 638 3466 693 ποσὶν
3523 633 3704 713 ἠρέμα
3761 652 3942 686 κατα·

2269 729 2543 805 χωννύων.
2604 730 2674 786 Τὸ
2729 725 3056 793 καταϐληθὲν
3113 727 3210 802 μὲν
3278 727 3366 782 οὖν
3424 723 3530 781 οὔδ’
3605 725 3683 784 εἷς
3713 719 3938 776 δέκατον

2271 815 2523 880 ἐξικνεῖτο
2592 817 2748 896 μέρος
2811 814 3081 895 μεδίμνου,
3138 819 3200 871 τὸ
3269 813 3313 870 δ’
3359 811 3614 870 ἁποδοθέν
3647 811 3703 867 ἐν
3767 815 3935 886 καιρῷ

2276 903 2400 983 (τίς,
2445 906 2540 961 Θεὲ
2569 908 2674 962 τῶν
2703 904 2938 984 δικαίων,
2999 903 3221 983 γαλήσει
3280 905 3372 966 τὰς
3423 900 3732 961 δυναστείας
3769 898 3926 975 σωῇ

2268 995 2339 1058 εἰς
2370 993 2522 1057 ὅλους
2575 996 2853 1072 τριάκοντα
2912 993 3187 1069 μεδῖμνους
3244 997 3620 1048 συνεποσοῦτο.
3699 993 3932 1045 Τοιαῦτα

2266 1081 2437 1138 πολλὰ
2466 1085 2568 1138 τῶν
2638 1090 2730 1138 τοῦ
2777 1081 2958 1160 ἀνδρὸς
3015 1083 3295 1160 τεραστίων
3346 1080 3478 1134 κατὰ
3508 1076 3725 1156 σχολὴν
3763 1073 3830 1129 ἂν
3859 1096 3932 1133 τις

2265 1169 2382 1250 ἔχοι
2483 1170 2787 1250 φιλαλήθως
2887 1171 3318 1249 ἀπαριθμεῖσθαι,
3421 1169 3515 1223 οὒκ
3616 1164 3671 1229 ἐξ
3763 1164 3931 1228 ἀκοῆς

2261 1258 2555 1337 ἁναλέγων,
2628 1259 2746 1315 ἀλλ’
2806 1261 2991 1322 αὐτοὺς
3062 1260 3283 1322 ἐκείνους
3335 1258 3453 1320 τοὺς
3491 1256 3694 1311 ἕκαστα
3727 1254 3932 1309 τούτων

2259 1346 2377 1422 ὄψει
2435 1346 2861 1427 παραλαϐόντας,
2961 1350 3032 1410 εἰς
3142 1344 3523 1425 ἀκριϐεστάτην
3638 1340 3932 1420 βεϐαίωσιν

2257 1438 2507 1514 παράγων
2612 1444 2718 1493 τῶν
2808 1437 3106 1514 λεγομένων
3153 1453 3166 1465 ·
3239 1432 3520 1511 ἐπειδήπερ
3605 1435 3698 1488 καὶ
3762 1432 3927 1510 μέγλκ

2256 1524 2514 1600 βασιλέων
2547 1528 2716 1582 αὐτῶν
2752 1529 2786 1593 ἡ
2846 1529 2962 1604 περὶ
3019 1526 3215 1582 τούτων
3270 1523 3456 1603 ἔφθασε
3527 1524 3717 1600 φήμη,
3785 1521 3927 1594 λαμ-

3269 1613 3483 1690 ἆρετῆς,
3558 1613 3677 1689 καὶ,
3742 1610 3927 1687 ὥσπερ

2255 1705 2412 1777 νόμος
2445 1705 2596 1778 αὒτῇ,
2631 1702 2715 1760 ἐπὶ
2745 1704 2882 1781 μέγα
2965 1701 3117 1768 δόξης
3178 1701 3419 1780 αἱρούσης
3453 1715 3467 1729 ⁸
3518 1703 3605 1762 οἷς
3653 1701 3926 1765 τοσαύτην

2255 1790 2381 1847 αἶδὼ
2410 1794 2496 1848 καὶ
2557 1793 2718 1868 τιμὴν
2793 1794 2912 1870 περὶ
2981 1793 3070 1847 τὸν
3128 1790 3278 1868 ἅγιον
3335 1789 3673 1862 ἐνεποίησεν,
3755 1791 3834 1852 ὡς
3866 1793 3927 1845 τα

2255 1880 2390 1936 ἄλλα
2441 1882 2709 1959 κρείττονα
2763 1882 2971 1943 τούτοις
3028 1880 3065 1947 ἢ
3131 1876 3250 1934 κατ’
3282 1877 3577 1956 ὲιῖίνθριιιγπον
3648 1883 3924 1952 νομισθῆ-

2257 1993 2337 2025 ναι
2367 1971 2456 2026 τὸν
2489 1967 2668 2050 ἄνδρα,
2713 1971 2801 2026 καὶ
2869 1972 2929 2026 τὸ
2981 1973 3123 2025 θεῖον
3190 1966 3338 2045 ἔργον
3398 1969 3554 2024 αὐτοῦ
3618 1965 3708 2044 (τί)
3739 1971 3924 2023 καινάν

2252 2065 2402 2114 τοῦτο
2474 2057 2615 2136 λέγω
2696 2061 2784 2115 καὶ
2861 2060 3052 2114 σεπτὸν
3148 2055 3566 2136 φροντιστήριον)
3630 2054 3926 2130 βασιλικῆς

2253 2149 2496 2226 προνοίας
2528 2161 2715 2226 τυχεῖν
2747 2150 2876 2227 πρὸς
2929 2168 2984 2202 τε
3037 2147 3137 2212 τὴν
3207 2143 3440 2210 δαπάνην
3498 2146 3922 2222 συναιρομένης,

2253 2239 2344 2291 καὶ
2394 2236 2698 2315 ἀποτροπὴν
2757 2241 2896 2311 αὐτῴ
2978 2231 3334 2312 βραϐευούσης
3423 2233 3616 2311 βάρους
3691 2237 3920 2306 παντὸς,

2251 2320 2453 2390 δηλαδή
2483 2325 2588 2380 τῶν
2617 2323 2800 2388 ἔξωθεν
2829 2323 3026 2379 τούτων
3061 2341 3076 2356 ο
3109 2324 3194 2384 οἷς
3264 2321 3343 2375 ἀεὶ
3411 2321 3498 2376 καὶ
3542 2327 3635 2376 νῦν
3683 2321 3921 2395 μάλιστα

2251 2415 2317 2468 τὰ
2386 2413 2556 2468 πάντα
2626 2411 2886 2484 δοκεῖται,
2946 2412 3032 2465 καὶ
3086 2407 3152 2464 δι’
3208 2412 3280 2465 ὧν
3337 2411 3371 2476 ἡ
3429 2409 3741 2488 ἀνθρωπίνη
3809 2414 3918 2481 ζωὴ

2254 2503 2392 2580 παρὰ
2427 2506 2523 2564 τῆς
2569 2501 2813 2580 ἐπηρείας
2866 2500 3192 2574 λυμαίνεται.
3255 2499 3340 2560 Είς
3371 2497 3621 2554 τοσοῦτον
3654 2500 3915 2577 μεγέθοπ

2253 2589 2385 2668 ἤρθη
2413 2592 2500 2646 καὶ
2529 2592 2792 2663 θαύματος
2833 2592 2868 2657 ἡ
2898 2587 3152 2666 δόξαθτῶν
3207 2593 3297 2643 τοῦ
3355 2585 3595 2663 μέγαλου
3624 2592 3909 2666 κατορθω-

2255 2681 2457 2754 μάτων,
2489 2679 2576 2734 καὶ
2618 2677 2781 2740 οὕτως
2815 2681 2841 2734 6
2896 2679 3005 2754 βίος
3063 2680 3206 2750 αὐτῷ
3249 2677 3320 2739 εἷς
3365 2681 3541 2731 πᾶσαν
3571 2699 3768 2753 μικρου
3811 2681 3905 2744 τὴν

2253 2768 2566 2844 οἰκουμένην
2595 2766 2907 2844 ἐξέλαμψεν,

521 2853 724 2914 dinem
747 2860 920 2931 atque
971 2847 1420 2911 admirationem
1481 2845 1758 2920 excrevit,
1815 2853 1872 2908 et
1898 2847 2014 2906 vita
2043 2845 2230 2924 ejusc

520 2960 626 3022 per
655 2949 838 3001 totum
875 2958 1025 3019 pene
1055 2944 1347 2997 terrarum
1376 2933 1580 2997 orbem
1612 2935 1912 2996 inclaruit.

599 3031 701 3090 Π,
733 3029 886 3090 Mors
915 3044 1056 3087 vero
1087 3024 1354 3102 ejusdem
1381 3026 1513 3101 (cur
1559 3023 1715 3083 enim
1761 3023 1994 3102 longius
2022 3041 2158 3084 ora-

521 3120 744 3180 tionem
806 3112 1260 3196 protendimus‘?
1319 3129 1492 3190 quam
1578 3111 1865 3171 mirabilis
1924 3120 1981 3172 et
2031 3112 2160 3192 ipsa

519 3206 648 3287 fuit,
683 3222 976 3285 quamque
1007 3208 1405 3262 consentanea
1436 3199 1538 3261 tali
1566 3199 1696 3260 vitae
1725 3200 1737 3258 !
1775 3200 2160 3279 operantibus

514 3295 614 3356 hic
645 3311 879 3374 quoque
909 3293 970 3351 in
999 3290 1198 3351 anima
1247 3291 1396 3366 ejus,
1459 3288 1661 3366 gratiae
1721 3289 1913 3368 plena,
1947 3288 2159 3350 divinis

519 3384 715 3447 donis.
747 3381 1020 3442 Nondum
1053 3377 1373 3459 quidquam
1430 3376 1845 3438 invaletudinis
1901 3376 2163 3453 tcntabat

516 3491 771 3553 corpus;
805 3469 1068 3530 nondum
1116 3467 1428 3546 vestigium
1482 3465 1782 3544 languoris
1838 3465 2160 3545 apparebat

512 3564 699 3624 ullum
731 3583 744 3621 :
781 3559 1016 3642 quando
1047 3558 1132 3618 vir
1154 3565 1390 3618 sanctus
1420 3558 1762 3637 propediem
1794 3555 1908 3616 sibi
1935 3558 2154 3618 instare

513 3661 766 3712 mortem
798 3647 1100 3730 praedixit:
1134 3646 1439 3726 oravitque
1471 3665 1671 3707 earum
1705 3647 1951 3725 insuper
1988 3664 2152 3706 suam

512 3741 872 3809 recularum,
906 3756 1037 3817 quae
1078 3735 1140 3796 in
1162 3735 1518 3796 monasterio
1564 3745 1750 3803 erant,
1783 3747 2009 3814 partem
2041 3734 2155 3794 sibi

515 3828 666 3902 dari,
706 3835 772 3886 ut
825 3826 1122 3902 viaticum,
1176 3823 1496 3902 inquiebat,
1559 3824 1808 3882 habeam
1870 3841 1983 3901 quo
2013 3821 2154 3883 illuc

508 3915 918 3991 commigrem.
945 3915 1089 3977 Cum
1114 3930 1248 3972 vero
1273 3912 1433 3990 illi_in
1459 3920 1802 3992 paupertate
1821 3929 1928 3971 sua
1946 3911 2155 3972 divites

509 4005 808 4078 monachi,
841 4003 1001 4064 illico
1035 4002 1095 4060 in
1154 4000 1395 4060 mediun
1451 4000 1840 4061 contulissent
1887 3999 2151 4060 certatim

510 4112 706 4154 omnia
726 4092 828 4171 (ita
853 4091 1070 4170 quippe
1088 4107 1122 4148 a
1140 4087 1416 4166 magistro
1439 4107 1544 4148 suo
1594 4088 1822 4168 pridem
1847 4088 2154 4161 exercitati

2326 3033 2407 3108 ις’
2418 3022 2426 3039 ’
2469 3037 2596 3098 Οἷος
2638 3031 2810 3089 δὲκαὶ
2855 3036 2883 3089 6
2939 3032 3158 3094 θάνατος
3194 3029 3207 3092 !
3279 3031 3352 3108 (τί
3437 3032 3542 3109 γὰρ
3603 3033 3661 3088 ἃν
3712 3053 3878 3110 παρα-

2240 3125 2496 3197 τείνοιμεν
2541 3121 2624 3177 ἐπὶ
2651 3121 2812 3178 πλέον
2840 3124 2930 3178 τὸν
2985 3119 3142 3199 λόγον
3176 3119 3224 3198 ;)
3253 3122 3324 3183 ὼς
3356 3123 3666 3193 θαυμαστὸς
3693 3128 3767 3194 τῷ
3789 3121 3891 3177 ὄντι

2239 3213 2509 3285 κάκεῖνος,
2570 3213 2656 3268 καὶ
2737 3211 2983 3277 τοιαύτης
3051 3215 3190 3280 ζωῆς
3269 3211 3340 3272 ὼς
3412 3207 3631 3274 ἀληθῶς
3724 3209 3889 3284 ἄξιος,

2240 3301 2450 3380 ἐνεργὸν
2509 3303 2764 3356 κάνταῦθα
2833 3302 2893 3355 τὸ
2996 3300 3235 3379 χάρισμα
3319 3305 3388 3374 τῇ
3475 3301 3892 3378 κεχαριτωμένη

2241 3396 2441 3470 ψυχῇς
2489 3392 2666 3460 Μήπω
2720 3400 2841 3468 γοῦν
2884 3391 3023 3452 τινὸς
3084 3387 3365 3463 ἀνωμάλου
3416 3388 3478 3442 τὸ
3537 3395 3699 3462 σῶμα
3761 3411 3900 3469 παρ-

2241 3478 2608 3558 ενοχλοῦντος,
2685 3475 2810 3552 μηδ’
2907 3477 3093 3556 ἴχνους
3170 3475 3429 3551 μαλακὶας
3505 3477 3896 3554 ὑποφανέντος,

2241 3571 2393 3631 αὐτὸς
2448 3567 2571 3624 ὅσον
2626 3567 2773 3624 ούπω
2826 3570 2924 3633 τὴν
2968 3565 3218 3632 τελευτὴν
3275 3567 3416 3638 αὒτῷ
3470 3566 3744 3641 προεῖπεν
3803 3567 3892 3645 ἑγ-

2236 3659 2393 3734 γίζειν
2432 3679 2444 3693 ·
2511 3654 2650 3724 ἠξίον
2722 3655 2787 3723 δὴ
2855 3657 2943 3711 καὶ
3018 3657 3169 3718 αὐτὸς
3221 3656 3282 3709 τὸ
3340 3650 3630 3710 ἐπιϐάλλον
3703 3656 3888 3736 μέρος,

2236 3743 2389 3822 εἴπερ
2445 3767 2494 3801 τι
2563 3751 2670 3799 τῶν
2723 3749 2791 3818 τῇ
2844 3749 2983 3819 μονῇ
3024 3743 3349 3820 προσόντων,
3415 3741 3754 3816 μεταλαϐεῖν
3823 3746 3889 3799 ἶν’

2237 3831 2465 3911 ἐφόδιον,
2539 3833 2720 3911 φησὶν,
2755 3831 2939 3911 ἔχοιμι
3025 3834 3154 3911 πρὸς
3223 3832 3322 3898 τὴν
3421 3830 3537 3888 ἐκεῖ
3594 3837 3890 3906 μετοικίαν,

2235 3923 2385 4000 Ταχὺ
2414 3918 2467 3975 δὲ
2537 3928 2640 3977 τῶν
2712 3923 2954 3990 πενήτων
3004 3921 3216 3976 ἐκείνων
3273 3919 3536 3976 πλουσίων
3596 3923 3674 3984 εἰς
3737 3923 3892 3996 μέσον

2235 4011 2298 4065 τὰ
2354 4011 2523 4066 πάντα
2579 4011 2855 4088 προθύμως
2928 4011 3342 4088 συνενεγκάντων
3414 4007 3575 4088 (οὕτω
3634 4011 3740 4090 γὰρ
3770 4015 3894 4089 πρὸς

2238 4099 2520 4154 εύπείθειαν
2573 4097 2704 4164 ἦσαν
2757 4096 2845 4154 ὑπ’
2929 4098 3124 4155 ἐκείνου
3180 4097 3344 4154 πάλαι
3414 4101 3889 4176 γεγυμνασμένοι),

508 4167 1134 4268 erantinobedientia),
1187 4176 1494 4268 dimidiam
1517 4176 1753 4268 illorum
1778 4184 2002 4255 partem
2019 4195 2155 4236 con-

2254 4185 2439 4253 Ξιεδόθη
2498 4189 2633 4242 κατὰ
2674 4186 2906 4254 σπουδὴν
2962 4202 3081 4251 τοῖς
3138 4189 3424 4267 περιοίκοις
3466 4191 3534 4244 τὰ
3591 4192 3731 4268 πρὸς
3762 4194 3885 4266 ἠμί·

507 4270 702 4336 festim
725 4265 1192 4330 distribuendam
1219 4266 1373 4327 inter
1423 4265 1652 4326 accolas
1701 4266 2158 4326 curavitzerant

507 4357 840 4429 autem,uti
867 4353 1135 4428 decebat,
1194 4354 1498 4415 villissima
1551 4360 1610 4414 et
1663 4353 1882 4414 nullius
1912 4354 2154 4414 omnino

509 4445 683 4526 pretii
719 4451 1056 4522 tegumenta
1088 4451 1145 4502 et
1182 4443 1416 4504 vascula
1468 4461 1656 4522 eaque
1708 4441 1779 4502 ad
1827 4441 2154 4522 suscipien-

509 4534 652 4596 dum
683 4551 751 4594 ac
785 4531 1162 4593 serviendum
1194 4531 1529 4611 hospitibus
1561 4529 1874 4593 destinata.
1908 4531 1996 4592 Ad
2030 4533 2153 4593 haec

503 4640 708 4684 rerum
767 4619 1056 4693 omnium,
1136 4637 1266 4698 qua;
1331 4620 1403 4680 ad
1479 4619 1924 4681 sustentandam
1975 4620 2154 4682 vitam

503 4710 829 4772 reconditae
888 4707 1293 4788 servabantur,
1358 4708 1680 4789 participes
1733 4707 1904 4769 reddi
1936 4727 2006 4770 ex
2040 4709 2154 4769 mi-

501 4800 833 4862 sericordia
887 4813 1180 4878 pauperes
1235 4798 1438 4874 voluit,
1491 4797 1833 4878 priusquam
1886 4815 2155 4861 morere-

500 4895 679 5037 mrfS.
705 4977 852 5038 Tres
872 4973 1092 5037 exinde
1113 4974 1239 5037 dies
1258 4975 1634 5049 effluxerunt,
1660 4993 1793 5035 cum
1819 4973 1988 5036 solito
2013 4996 2142 5039 ma-

2237 4297 2380 4332 σειαν

2235 4386 2366 4420 τατα
2438 4365 2610 4431 πάντη

2429 4291 2441 4305 ⁸
2488 4275 2829 4332 εὔτελέστατα
2857 4273 2905 4331 δ’
2945 4276 3104 4356 ἦσαν,
3174 4280 3266 4332 οἷα
3335 4279 3498 4351 εἰκὸς,
3557 4280 3652 4333 καὶ
3701 4280 3886 4358 φαυλό·

2721 4366 3070 4439 σκεπάσματα
3153 4366 3240 4420 καὶ
3323 4367 3592 4444 σκευάρια,
3662 4369 3880 4424 κάκεῖνα

2234 4455 2363 4532 πρὸς
2419 4451 2691 4532 ὑποδοχὴν
2761 4454 2851 4510 καὶ
2949 4453 3222 4532 θεραπείαν
3278 4453 3434 4519 ξένων
3488 4455 3836 4534 ἆφωρισμεὲρα
3866 4475 3876 4486 ⁸

2236 4541 2310 4598 ἔτι
2352 4540 2405 4597 δὲ
2434 4543 2521 4597 καὶ
2549 4540 2645 4597 ὅσα
2694 4547 2800 4598 τῶν
2857 4542 3156 4621 ἀναγκαίων
3213 4545 3283 4606 εἰς
3336 4543 3646 4623 ἇποτροφὴν
3705 4550 3878 4606 αὐτοῖς

2235 4629 2605 4710 προαπέκειτο,
2638 4632 2726 4687 καὶ
2769 4633 2796 4687 6
2853 4630 3196 4712 φιλόπτωχος
3256 4631 3427 4708 ὅμως,
3486 4631 3604 4692 οὐδὲ
3687 4636 3878 4692 τούτων

2238 4718 2440 4786 ἀπῆλθε
2471 4720 2599 4798 πρὸς
2629 4718 2775 4775 ἔλεον
2802 4719 3181 4787 ἀκοινώνητος,

2308 4975 2406 5052 ιη’,
2463 4995 2618 5064 Τρεῖς
2667 4985 2894 5041 ἐντεῦθεν
2950 4987 3168 5068 ἡμέραι,
3225 4989 3312 5045 καὶ
3357 4987 3586 5052 ἀναστὰς
3642 4992 3880 5068 πρωϊαί-

497 5065 684 5126 turius
706 5083 978 5144 surgens,
1004 5064 1392 5126 domunculas
1416 5065 1659 5125 fratrum
1685 5063 1955 5126 circuivit
1973 5085 1987 5138 ;
2007 5085 2138 5127 cum

2256 5096 2395 5153 ερον,
2426 5063 2544 5138 τους
2602 5075 2859 5136 οἰκίσκους
2916 5063 3122 5154 περιῄει
3152 5063 3280 5134 ⁷τῶν
3335 5073 3598 5157 ἀδελφῶν,
3659 5063 3802 5152 ὁμου
3827 5101 3879 5137 τε
3959 5083 3963 5157 ΙΙ

492 5155 856 5234 singulisque
879 5153 1132 5215 seorsim
1155 5172 1356 5232 agens,
1383 5153 1538 5233 et:ad
1597 5153 1779 5232 pedes
1800 5171 2006 5213 eorum
2035 5174 2137 5217 ac-

2254 5166 2310 5219 αὶ
2366 5161 2484 5218 κατ’
2539 5160 2670 5218 ἱδίαν
2727 5153 3064 5242 ἐντυγχάνων
3149 5167 3352 5241 αὐτοῖς,
3412 5153 3498 5222 καὶ
3581 5153 3733 5245 παρὰ
3761 5171 3879 5230 τοὺς

493 5243 719 5322 cidens,
753 5251 1028 5323 tanquam
1062 5241 1409 5302 humilitatis
1438 5259 1574 5302 vere
1633 5260 1770 5301 suos
1829 5243 2135 5304 exaltantis

2254 5249 2378 5314 631;
2441 5251 2650 5323 ἑκάστῳ
2706 5249 3231 5330 προκυλινδούμενος,
3291 5257 3319 5310 6
3374 5255 3536 5318 τύπος
3563 5259 3667 5322 τῆς
3717 5257 3878 5318 ὅντως

490 5339 681 5411 typus,
717 5332 1012 5394 orationes
1043 5330 1227 5410 ipsius
1258 5340 1316 5392 et
1337 5329 1570 5392 veniam
1602 5329 1955 5391 delictorum
1991 5351 2138 5394 suo-

2254 5346 2472 5415 ψοποιοῦ
2544 5339 2941 5414 ταπεινώσεως,
3041 5342 3210 5421 εὐχὴν
3302 5344 3442 5420 παρὰ
3493 5344 3712 5400 πάντων
3798 5349 3879 5403 καὶ

485 5437 618 5479 rum
653 5420 984 5498 postulavit.
1049 5418 1283 5480 Interea
1335 5418 1635 5494 fratribus,
1697 5438 1830 5480 cum
1877 5421 2138 5483 demisaa

2254 5430 2539 5507 υγγνώμην
2604 5428 2718 5495 ἥτει
2802 5435 2908 5485 τῶν
3004 5429 3392 5509 ἐπταισμένων.
3487 5439 3605 5490 Τῶν
3679 5432 3738 5491 δὲ
3798 5437 3880 5492 σὺν

485 5507 821 5598 reverentia
837 5514 895 5568 et
914 5507 1224 5584 religione,
1253 5510 1488 5570 Patrem
1541 5526 1713 5569 suum
1739 5508 2136 5575 circumstan-

2256 5517 2360 5573 ίδοῖ
2432 5523 2500 5592 τῇ
2575 5519 2958 5594 προσκυνούσῃ¹
3039 5522 3126 5576 καὶ
3200 5507 3428 5593 -εὒλαϐίᾳ
3523 5524 3618 5579 τὸν
3680 5527 3875 5603 Πατέρα
