4052 6134
201 294 217 357 1
236 292 358 357 073

1312 297 1499 361 νΙΤΑ
1542 297 1606 359 S.
1652 294 2044 360 DOROTHEI
2084 295 2460 360 JUNIORIS.

3427 286 3577 352 1074

186 426 571 505 περιεπόντων,
652 429 958 505 ἀσπασμοῖς
1044 451 1101 485 τε
1158 430 1245 486 καὶ
1312 426 1524 507 δάκρυσι
1571 443 1693 493 ταῖς
1763 429 1828 491 εἰς

1919 424 2099 501 tibus,
2127 425 2440 507 ipsumque
2464 423 2879 506 amplexando,
2915 423 3320 504 lacrymando,
3356 421 3429 484 ad
3458 428 3579 483 ter-

187 510 380 593 ’έδαφος
454 513 931 595 ἀντικατακλίσεσιι,
962 517 1024 571 τὸ
1093 516 1231 579 εἰκὸς
1314 513 1740 595 ἐκπληρούντων,
1810 516 1845 583 ἡ

191 581 496 682 μεσημϐρία
556 602 845 683 παρῆλθεν.
903 581 1058 661 ἸΕνθα
1099 602 1165 671 δὴ
1223 581 1667 680 μάλισταιπολὺς
1707 581 1846 668 τιςδ

190 688 538 769 φιλόστοργος
628 691 715 766 ἧν,
827 695 1022 772 τροφῆς
1115 706 1412 773 μετασχεῖν
1521 691 1844 771 παρακαλῶν

188 778 434 858 ἕκαστον,
494 781 584 836 καὶ
637 776 780 847 ἄξιον
855 780 934 856 μὴ
978 780 1295 857 συγκάμνειν
1352 780 1434 837 ἐπὶ
1489 780 1649 837 πλέον
1678 781 1841 861 αῦτῷ,

185 869 264 931 ὡς
314 867 486 927 οὐκέτι
539 872 657 949 περὶ
714 871 780 925 τὰ
836 870 986 926 κοινά
1041 870 1352 945 πονουμένῳ
1420 870 1557 927 κατᾶ
1610 870 1672 925 τὸ
1701 868 1835 943 ἔθος,

183 955 327 1013 ἀλλὰ
354 963 442 1013 νῦν
471 979 533 1034 γε
579 958 696 1036 περὶ
750 959 813 1015 τὸ
872 956 1011 1016 ἴδιον
1094 959 1393 1037 ἀναγκαίως
1436 956 1835 1038 ἀσχολουμένῳ,

180 1047 276 1101 καὶ
342 1045 418 1120 μὴ
472 1044 733 1125 διοχλεῖν
815 1045 1122 1123 βουλομένῳ
1167 1048 1286 1111 τοὺς
1342 1046 1559 1111 οἰκείους
1636 1049 1708 1111 εἷς
1775 1048 1841 1103 τὰ

178 1135 379 1195 οἰκεῖα.
440 1137 501 1191 Οἱ
541 1135 639 1209 μὲν
697 1135 785 1192 οὗν
856 1134 1098 1215 ἐντεῖχον
1168 1134 1536 1216 δυσφοροῦντες
1591 1135 1835 1202 ἐπιπολὺ,

177 1225 228 1279 οἱ
287 1220 334 1277 δ’
404 1220 664 1279 ἐνέκειντο
757 1222 919 1281 πλέον
1014 1223 1397 1301 ἐκϐιαζόμένοι,
1485 1224 1586 1289 ἕως
1668 1226 1838 1281 πάντα

175 1318 420 1368 ποιοῦντι
508 1312 692 1389 μικρόν
793 1335 843 1368 τι
927 1315 1441 1393 παραχωρήσαντες,
1516 1311 1837 1392 σύνέδραμον

174 1401 327 1464 αὗθις
354 1400 489 1476 μετά
538 1399 769 1469 σπουδῆς
836 1408 1171 1482 παραχρῆμα
1205 1421 1219 1435 ⁶
1282 1404 1369 1459 καὶ
1450 1400 1836 1465 καταλαϐόντες

173 1490 273 1544 τὸν
328 1487 478 1566 ἅγιον
562 1487 923 1567 ἐκτενέστερον
1006 1490 1461 1571 προσευχόμενον,
1522 1489 1836 1570 διατραπέν-

172 1599 267 1643 τες
293 1576 597 1645 ὑπέστησαν
632 1597 644 1612 ·
678 1576 835 1659 ἄχρις
900 1577 1023 1637 ὅτου
1076 1580 1229 1653 ποτὲ,
1280 1585 1378 1647 τῆς
1436 1582 1601 1657 εὐχῆς
1632 1580 1836 1643 ἐκεῖνος

1925 524 2052 573 ram
2084 531 2271 593 usque
2302 531 2433 575 sese
2488 511 2860 589 inclinando,
2909 511 3066 591 quod
3097 510 3188 571 sui
3218 518 3344 572 erat
3371 508 3574 590 ofﬁcii,

1922 601 2332 681 implentibus.
2369 601 2684 663 transierat
2742 598 3043 662 meridies.
3104 600 3290 674 Tunc,
3323 598 3411 659 uti
3439 615 3577 659 suos

1926 708 2101 770 quam
2132 690 2236 768 qui
2266 690 2523 752 maxime
2553 689 2807 762 amabat,
2841 688 3104 767 singulos
3130 686 3296 750 abire
3341 685 3574 749 cibum-

1926 795 2041 855 que
2074 795 2312 839 sumere
2340 779 2520 859 jussit
2546 798 2561 853 ;
2585 777 2734 839 nihil
2756 775 2869 838 sibi
2892 794 3069 856 porro
3092 774 3165 836 ab
3187 774 3332 855 ipsis
3368 772 3577 835 ofﬁciis

1925 863 2391 945 impendendum
2416 866 2693 928 dictitans
2719 872 2961 945 ;utpote
2981 863 3083 943 qui
3100 862 3175 925 de
3205 862 3387 924 rebus
3415 881 3576 924 com-

1926 953 2249 1026 munitatis,
2283 963 2348 1016 ut
2374 954 2625 1028 solebat,
2677 952 2824 1015 nihil
2874 952 3127 1032 amplius
3157 951 3470 1025 sollicitus,
3500 950 3573 1012 ad

1925 1040 2209 1121 privatam
2233 1049 2455 1103 tantum
2509 1042 2921 1107 necessitatem
2979 1039 3363 1114 intendebat;
3397 1057 3572 1100 suos-

1922 1146 2038 1209 que
2069 1132 2225 1191 circa
2245 1148 2309 1191 se
2333 1131 2533 1192 vexari
2557 1130 2816 1192 nolebat'
2843 1128 2914 1189 Et
2932 1128 3032 1190 alii
3055 1128 3294 1208 quidem
3319 1127 3571 1188 multum

1920 1225 2125 1279 contra
2180 1218 2542 1295 nitebantur,
2602 1218 2702 1280 alii
2759 1236 2898 1279 vero
2951 1217 3301 1297 ampliorem
3362 1214 3418 1277 ei
3452 1215 3570 1278 vim

1918 1304 2229 1381 faciebant,
2265 1308 2458 1369 donec
2489 1307 2738 1369 multum
2805 1305 3094 1387 satagenti
3124 1304 3392 1366 nonnihil
3420 1323 3568 1366 con-

1920 1404 2271 1457 cesserunt:
2299 1396 2404 1458 sed
2436 1416 2569 1458 mox
2625 1396 2920 1458 curriculo
2976 1395 3050 1457 ad
3080 1396 3272 1476 ipsum
3303 1401 3572 1456 reverte-

1920 1481 2175 1558 bantur;
2233 1485 2724 1565 invenientesque
2784 1484 3073 1546 intensius
3131 1490 3399 1544 orantem
3430 1500 3568 1545 cum

1918 1572 2279 1634 verecundia
2296 1572 2709 1648 substiterunt,
2745 1572 2935 1634 donec
2965 1572 3131 1634 finita
3154 1571 3419 1634 oratione
3441 1571 3565 1632 fra-

169 1665 540 1746 παυσάμενος,
614 1666 737 1730 τοὺς
809 1668 907 1742 μὲν
985 1666 1237 1748 ἐπέτρεπε
1304 1665 1548 1746 ψάλλειν,
1606 1669 1759 1733 αὐτὸς
1788 1659 1828 1723 δ’

1920 1669 2043 1756 tres
2068 1660 2140 1721 ad
2169 1661 2495 1756 psalledum
2549 1662 2816 1756 hortatus
2868 1670 2997 1741 est;
3059 1668 3118 1722 et
3172 1659 3476 1756 reclinans
3503 1677 3569 1721 se

169 1752 494 1823 ἀνακλιθεὶς,
527 1758 641 1818 πῶς
702 1755 763 1810 ἃν
820 1754 966 1813 ε’ἷποι
1013 1778 1094 1819 τις
1161 1755 1334 1835 ἡμέρα
1377 1757 1465 1812 καὶ
1520 1763 1828 1836 προσηνῶς,

168 1844 266 1898 καὶ
293 1842 412 1905 τοὺς
463 1840 629 1906 πόδας
688 1841 897 1923 ἐξάρας,
952 1843 1006 1898 ἐν
1076 1845 1256 1924 εἰρήνη
1324 1844 1459 1899 κατὰ
1499 1845 1560 1899 τὸ
1588 1865 1829 1923 γεγραμ-

172 1930 339 2006 μένον
412 1929 674 2006 ἐκοιμήθη
753 1934 840 1989 καὶ
938 1932 1176 1990 ὕπνωσεν
1266 1931 1426 1989 ὕπνον
1511 1928 1697 2005 ὄντως,
1772 1934 1831 1989 οὒ

169 2021 421 2091 θάνατον,
466 2017 626 2075 ὕπνον
683 2020 774 2076 τὸν
842 2020 1110 2097 πρέποντα
1155 2018 1372 2085 δικαίοις
1427 2022 1500 2084 ὡς
1553 2019 1762 2088 ἀληθῶς
1811 2040 1825 2055 ⁶

170 2109 265 2164 καὶ
309 2107 598 2186 προσετέθη
628 2108 798 2181 τούτῳ
856 2115 934 2182 τῷ
1003 2109 1184 2187 τρόπῳ
1237 2110 1366 2188 πρὸς
1437 2109 1557 2171 τοὺς
1598 2109 1828 2188 πατέρας

173 2198 337 2255 αὖτοῦ
364 2199 393 2253 ὁ
464 2196 718 2276 ἡμέτερος
772 2199 920 2261 οὗτος
975 2196 1030 2252 ἐν
1084 2196 1254 2274 ἀγίοις
1321 2198 1528 2274 Πατὴρ,
1588 2198 1675 2252 καὶ
1723 2199 1829 2259 υἱὸς

170 2291 276 2353 τῆς
319 2292 410 2342 τοῦ
461 2293 591 2345 Θεοῦ
642 2284 935 2362 βασιλείας,
990 2286 1120 2365 πρὸς
1173 2285 1240 2352 ἣν
1296 2284 1459 2349 οὕτως
1516 2283 1669 2349 ἱλεως
1716 2283 1827 2350 ἐξε-

167 2371 436 2449 δήμησεν,
485 2373 569 2430 ἐπὶ
610 2375 672 2431 τὸ
699 2370 947 2453 βραϐεῖον
975 2378 1082 2436 τῶς
1139 2371 1247 2429 ἅνω
1301 2371 1541 2443 κλήσεως
1571 2373 1822 2446 σπεύσας,

168 2464 261 2519 καὶ
289 2464 418 2541 πρὸς
445 2463 545 2530 τὴν
576 2462 775 2520 ἐκεῖθεν
804 2462 1094 2522 ἀνάπαυσιν
1148 2462 1421 2542 ὑπερφυῶς
1492 2459 1722 2538 μεταϐὰς
1767 2462 1828 2518 ἐκ

171 2557 281 2615 τῶς
338 2550 554 2608 ἐνταῦθα
607 2551 958 2614 κακοπαθείας
992 2566 1005 2580 ·
1081 2552 1155 2614 ὡς
1198 2555 1302 2630 οὐχ
1355 2552 1514 2617 ἧττον
1581 2550 1720 2607 εῖναι
1762 2551 1824 2606 τὸ

175 2638 331 2703 τέλος
377 2641 516 2714 αὐτῷ
542 2639 578 2705 ἢ
621 2640 713 2695 τὸν
736 2640 847 2716 βίον
879 2636 1313 2713 ἀξιοθαύμαστόν.

253 2717 350 2790 ιϐ’.
423 2728 651 2795 Τοιαύτη
719 2728 817 2803 μὲν
896 2728 1148 2807 Δωροθέῳ
1221 2729 1256 2796 ἡ
1311 2727 1435 2804 ἐπὶέ
1467 2732 1567 2805 γῆς
1600 2726 1819 2806 ξπαροι-

171 2815 284 2893 κία,
332 2813 496 2880 οὕτως
546 2818 597 2871 αἱ
652 2814 863 2894 πράξεις
919 2818 1008 2872 καὶ
1063 2818 1130 2873 τὰ
1198 2814 1324 2896 ἔργα
1380 2815 1621 2895 θεοφιλῆ.
1683 2814 1819 2871 οὕτω

162 2899 365 2977 δαψιλῆ
432 2905 498 2959 τὰ
596 2903 902 2983 χαρίσματα
935 2922 949 2937 ⁸
1036 2904 1253 2971 τοιαύτη
1318 2902 1373 2959 δὲ
1429 2902 1587 2960 πάλιν
1652 2904 1737 2959 καὶ
1779 2904 1813 2970 ἡ

1914 1745 2064 1828 ipse,
2094 1748 2314 1828 quiete,
2349 1759 2413 1810 ut
2440 1753 2526 1811 sic
2553 1750 2772 1823 dicam,
2831 1758 3010 1830 utque
3042 1767 3226 1829 prono
3254 1749 3316 1809 in
3347 1756 3566 1809 terram

1912 1853 2161 1914 corpore
2192 1837 2492 1918 pedesque
2512 1839 2861 1920 extendens,
2893 1838 2956 1898 in
2981 1856 3149 1919 pace,
3174 1836 3261 1898 uti
3278 1836 3563 1916 scriptum

1913 1932 2001 1983 est
2029 1925 2079 1999 7,
2115 1926 2410 2006 requievit
2438 1927 2498 1988 in
2521 1926 2816 2002 dormivit,
2842 1945 3139 1989 summum
3162 1926 3357 2006 potius
3387 1924 3563 2006 quam

1910 2011 1972 2072 in
2003 2021 2255 2075 mortem
2291 2033 2305 2078 :
2336 2033 2613 2078 sumnum
2647 2034 2887 2097 nempe,
2934 2014 3126 2096 qualis
3150 2017 3316 2094 juxto
3346 2013 3520 2075 decet
3544 2021 3593 2091 ;'

1910 2108 2085 2180 atque
2111 2101 2192 2162 ita
2220 2104 2526 2183 appositus
2556 2113 2645 2165 est
2674 2104 2938 2183 patribus
2968 2103 3092 2164 suis
3121 2109 3359 2164 sanctus
3386 2102 3559 2165 hicce

1912 2189 2089 2279 Pater
2118 2198 2340 2261 noster,
2379 2194 2547 2270 regni
2578 2194 2863 2255 caelorum
2895 2192 3073 2268 filius,
3108 2211 3223 2272 quo
3254 2199 3373 2252 tam
3402 2192 3559 2253 hila-

1908 2275 2061 2361 riter
2090 2279 2201 2339 iter
2217 2282 2499 2361 suscepit,
2522 2281 2592 2342 ad
2612 2281 2917 2361 praemium
2943 2299 3214 2361 superna;
3233 2280 3560 2342 vocationis

1910 2359 2216 2438 festinans,
2244 2374 2301 2428 et
2328 2359 2408 2428 ad,
2430 2359 2695 2449 requiem
2729 2359 3034 2430 caelestem
3085 2371 3260 2429 modo
3290 2376 3558 2431 extraor-

1908 2452 2137 2515 dinario
2198 2456 2496 2519 transiens
2553 2476 2622 2519 ex
2681 2458 2846 2520 hisce
2904 2456 3305 2533 miseriis;ut
3360 2456 3558 2520 obitus

1908 2541 2038 2620 ejus
2094 2562 2211 2605 non
2268 2544 2484 2607 minori
2542 2545 2935 2607 admiratione
2990 2544 3205 2623 dignus
3259 2544 3337 2607 sit
3378 2563 3556 2625 quam

1906 2629 2049 2693 vita.

1986 2721 2078 2783 t9.
2111 2719 2271 2782 Talis
2293 2720 2469 2799 igitur
2524 2720 2806 2785 Dorothei
2854 2722 2917 2783 in
2939 2721 3115 2783 terris
3135 2721 3372 2783 vivendi
3401 2721 3551 2783 ratio

1898 2806 2028 2882 fuit,
2060 2809 2207 2871 ralia
2240 2820 2471 2890 tamque
2499 2810 2698 2871 divina
2720 2828 2924 2891 opera,
2960 2818 3076 2873 tam
3100 2809 3339 2891 copiosa
3367 2828 3402 2871 a
3423 2810 3547 2872 Deo

1898 2897 2109 2959 collata
2136 2898 2330 2960 dona:
2367 2898 2497 2960 talis
2526 2899 2805 2961 similiter
2824 2899 2934 2962 viri
2956 2899 3258 2973 transitus,
3307 2898 3549 2961 omnino

163 2991 396 3048 ἐντεῦθεν
453 2992 794 3072 μετάστασις,
879 2992 1125 3058 ἐπιεικῶς
1182 2991 1320 3071 ἀξία,
1364 2994 1453 3049 καὶ
1517 2990 1806 3072 πρέπουσα,

1914 2986 2379 3048 )raeclarissimus
2411 2996 2473 3050 et
2501 2989 2773 3062 decorus,
2799 3007 2869 3049 ac
2897 2988 3081 3053 veluti
3110 2988 3349 3049 coronis
3378 3006 3543 3069 quaa-

162 3082 253 3137 καὶ
283 3084 399 3138 οἷον
441 3080 659 3160 κορωνίς
731 3103 811 3143 τις
869 3087 1045 3161 χρυσῆ
1092 3104 1161 3158 τῃ
1219 3088 1309 3137 τοῦ
1362 3079 1544 3161 ἀνδρὸς
1575 3079 1813 3151 πολιτείᾳ

1914 3077 2028 3137 lam
2058 3094 2258 3157 aurea,
2295 3077 2873 3139 taliconversationis
2894 3079 3046 3157 ejus,
3076 3085 3138 3138 ut
3162 3094 3269 3157 par
3288 3085 3398 3151 est,
3424 3078 3546 3137 im-

164 3170 305 3228 κατὰ
346 3167 506 3248 λόγον
554 3168 856 3227 ἐπιτεθεῖσα
888 3188 904 3205 ⁸
938 3172 998 3226 οὗ
1052 3183 1171 3235 ταῖς
1201 3172 1330 3250 πρὸς
1373 3172 1434 3227 τὸ
1493 3177 1651 3226 Θεῖον
1678 3191 1811 3246 πρε-

1914 3164 2132 3226 )osita:
2184 3167 2355 3245 cujus
2413 3166 2942 3228 intercessionibus
2996 3167 3151 3247 apud
3207 3165 3415 3237 Deum,
3448 3166 3547 3227 cui

161 3254 386 3338 σϐέίαις,
436 3261 481 3333 ᾧ
533 3257 711 3321 καλῶς
767 3258 1137 3338 εὖηρέστησεν,
1198 3262 1495 3338 εὐαρεστεῖν
1549 3259 1813 3338 εὐχόμεθα

1921 3272 2024 3333 pse
2095 3254 2410 3316 admodum
2469 3256 2714 3336 placuit,
2769 3274 2877 3317 nos
2935 3274 3170 3337 quoque
3227 3254 3548 3335 placituros

163 3347 253 3403 καὶ
282 3347 428 3404 αὐτοὶ
480 3348 679 3425 κατάγε
722 3345 942 3426 ιδηλαδὴ
972 3349 1033 3403 τὸ
1088 3346 1369 3427 ἡμέτερον,
1427 3348 1516 3403 καὶ
1569 3347 1669 3414 τὴν
1697 3348 1811 3403 καθ’

1914 3350 2264 3422 θαορῑειηιυε,
2298 3352 2581 3425 quantum
2607 3363 2823 3424 nempe
2891 3362 2999 3424 per
3026 3354 3244 3405 statum
3274 3344 3545 3424 viresque

159 3436 307 3509 ἡμᾶς
337 3433 508 3512 λέγων
553 3433 768 3511 δύναμιν
815 3453 833 3472 ο
862 3436 975 3492 ἐπεὶ
1022 3436 1107 3491 καὶ
1149 3449 1265 3499 τοῖς
1326 3434 1629 3515 ἐλαχίστοις
1673 3433 1816 3491 οἶδεν

1914 3439 2127 3492 nostras
2159 3431 2361 3495 licebit
2396 3454 2410 3509 ;
2444 3451 2577 3494 cum
2604 3433 2780 3495 etiam
2813 3433 3056 3494 niminis
3087 3432 3346 3513 gaudere
3381 3450 3539 3511 prae-

166 3524 202 3591 ἡ
260 3522 527 3599 ἀγαθότης
596 3524 800 3603 χαίρειν
872 3526 973 3581 ὑπὸ
1043 3523 1453 3606 φιλανθρωπίας,
1511 3526 1599 3581 καὶ
1654 3537 1816 3604 χεῖρα

1914 3520 2330 3582 ιυιηεηίιειεηι
2343 3539 2447 3582 sua
2463 3522 2833 3583 noveritboni
2845 3531 2930 3582 tas
2945 3522 3095 3601 ejus,
3113 3519 3538 3598 etadjutricem
3568 3560 3589 3564 -

161 3611 421 3692 παρέχειν
450 3613 580 3692 πρὸς
636 3613 702 3668 τὰ
756 3634 978 3693 κρειττω
1045 3627 1169 3677 ταῖς
1227 3614 1533 3692 προθυμίαις
1568 3628 1582 3643 ⁶
1655 3612 1814 3669 δυνα-

161 3702 253 3765 τὸς
284 3697 337 3755 δὲ
396 3703 423 3757 ὁ
466 3699 639 3778 ἅγιος,
700 3703 762 3758 τὸ
816 3701 998 3760 λειπὸν
1064 3700 1403 3782 ἀποπληροῦν
1452 3721 1465 3734 ·
1541 3700 1651 3758 ἐπεὶ
1679 3702 1813 3757 κάν-

161 3793 323 3847 ταῦθα
378 3790 687 3870 χρηστότης
753 3791 917 3872 αὒτῷ,
976 3798 1080 3847 τῶν
1135 3791 1342 3870 ἀγαθῶν
1394 3792 1455 3846 τὸ
1503 3789 1808 3869 κεφάλαιον,

158 3880 377 3936 κάκεῖσε
438 3888 528 3938 νῦν
578 3878 738 3935 πάλιν
808 3881 928 3957 (οὐκ
984 3877 1331 3959 ἀπιστοῦμεν)
1391 3881 1465 3943 ὡς
1523 3878 1810 3957 παραμένει

160 3967 298 4043 μέτά
360 3989 501 4034 τινος
558 3968 614 4024 εῦ
668 3966 792 4025 οἶδα
860 3970 1166 4047 προσθήκης
1210 3972 1304 4026 οὐκ
1371 3968 1643 4047 ἀγεννοῦς,
1701 3965 1811 4039 ὅσῳ

1898 3609 2147 3670 tendere
2172 3628 2410 3671 manum
2442 3610 2516 3670 iis
2548 3610 2647 3691 qui
2676 3609 2959 3691 consequi
2988 3610 3260 3670 virtutem
3292 3607 3536 3669 deside-

1895 3704 2025 3757 rant
2081 3699 2499 3760 Potestautem
2523 3697 2950 3777 Sanctusquod
2999 3697 3167 3759 deest
3212 3696 3536 3775 supplere:

1896 3784 2375 3865 quandoquidem
2435 3785 2643 3846 eadem
2703 3785 3056 3864 benignitas,
3092 3803 3223 3865 quae
3252 3784 3350 3846 hic
3378 3783 3537 3845 inter

1892 3872 2134 3934 virtutes
2165 3874 2290 3949 ejus
2339 3873 2559 3954 primas
2618 3873 2827 3946 tenuit,
2884 3891 3043 3934 nunc
3097 3872 3218 3934 illic
3276 3889 3537 3953 quoque,

1894 3959 2136 4021 dubium
2187 3970 2545 4042 perseveret,
2608 3980 2738 4023 cum
2805 3980 2922 4023 non
2980 3960 3192 4040 exiguo
3223 3959 3314 4020 sui
3344 3960 3541 4021 incre-

159 4058 251 4114 καὶ
305 4056 527 4133 μέλιστα
555 4063 623 4134 τῇ
676 4058 781 4114 τῶν
836 4046 1014 4114 καλῶν
1081 4064 1234 4136 πηγῇ
1290 4059 1396 4113 νυνὶ
1452 4046 1806 4128 πεπληνσίακε,

1914 4057 2125 4124 nente;
2150 4050 2519 4131 przesertium
2541 4069 2673 4112 cum
2696 4051 2970 4131 proprius
2990 4067 3147 4109 nunc
3169 4047 3321 4136 absit
3340 4046 3412 4109 ab
3433 4048 3535 4136 illo

158 4145 286 4224 παρ’
312 4148 349 4213 ἧ
380 4148 440 4203 τὸ
495 4148 733 4227 χρηστὸν
817 4145 1139 4226 ἀρυσάμενος
1195 4144 1455 4208 πλουσίως
1523 4146 1611 4200 καὶ
1648 4142 1810 4219 δαψι-

1914 4156 2183 4199 ›οιιοιίιῐιι
2214 4139 2479 4199 omnium
2508 4138 2692 4211 fonte,
2727 4157 2796 4199 ex
2855 4157 2969 4218 quo
3001 4136 3223 4198 affatim
3254 4135 3536 4199 bonitatis

159 4234 294 4311 λῶς,
326 4235 383 4291 εὗ
436 4225 506 4291 τε
526 4225 873 4293 δεδούλευκεν
917 4233 1019 4301 ἤδη
1089 4231 1311 4298 πολλοῖς
1361 4235 1447 4290 καὶ
1494 4233 1807 4306 πεποίηκεν,

1914 4234 1952 4288 et
1979 4227 2216 4309 copiose
2245 4229 2547 4302 hauriens,
2581 4227 2817 4288 servivit
2838 4227 2964 4307 jam
2996 4225 3226 4306 pridem
3249 4243 3316 4287 ac
3336 4225 3529 4287 bene-

159 4322 303 4380 ἔνθεν
356 4325 429 4389 εἰς
450 4330 696 4381 τοσοῦτον
758 4325 846 4380 καὶ
901 4320 1253 4393 δεδικαίωται,
1311 4323 1398 4379 καὶ
1463 4320 1538 4378 ἔτι
1607 4320 1809 4397 μᾶλλον

1914 4319 2031 4380 'ecit
2068 4316 2264 4379 multis
2291 4318 2441 4397 ipse,
2496 4324 2839 4396 tantumque
2891 4313 3297 4376 sanctimoniae
3319 4330 3537 4375 conse-

156 4413 396 4486 ποιήσει,
456 4414 544 4468 καὶ
610 4413 672 4467 τὸ
745 4410 1032 4492 φιλάγαθον
1086 4389 1389 4475 ἐπιδείξεται
1443 4411 1561 4488 περὶ
1606 4389 1806 4472 πάντας

1914 4414 2059 4465 :utus
2090 4413 2178 4467 est
2208 4429 2225 4480 ;
2260 4389 2434 4466 nunc
2464 4414 2656 4466 autem
2717 4389 3026 4466 liberalius
3083 4402 3441 4478 benefaciet,
3477 4410 3543 4465 et

156 4504 302 4577 ἡμᾶς
373 4503 494 4564 τοὺς
552 4499 887 4580 περιλοίπους
958 4497 1034 4554 ἔτι
1117 4501 1205 4555 καὶ
1282 4504 1506 4578 ζῶντας,
1590 4500 1677 4555 καὶ
1732 4504 1808 4571 τῷ

1914 4494 2344 4555 beneﬁcentiam
2359 4511 2524 4555 suam
2540 4493 2843 4554 exseretin
2861 4512 2966 4554 nos
2980 4510 3208 4568 omnes,
3225 4492 3324 4571 qui
3345 4492 3537 4554 adhuc

156 4590 309 4664 τόπῳ
369 4591 538 4663 τούτῳ
593 4579 690 4657 τῆς
788 4587 1016 4665 βασάνου
1125 4587 1259 4651 τέως
1343 4584 1751 4666 ἐνδιατρίϐοντας
1787 4605 1804 4621 ·

1914 4584 2240 4664 mperstites
2269 4601 2474 4645 sumus
2498 4583 2560 4643 in
2586 4583 2697 4643 hac
2726 4582 2841 4644 vita
2882 4588 2941 4643 et
2999 4581 3059 4641 in
3090 4581 3274 4641 hacce
3305 4579 3535 4643 exerci-

156 4678 263 4740 ἕως
332 4679 419 4735 καὶ
488 4680 634 4754 ἡμᾶς
678 4681 707 4735 ὁ
784 4677 980 4734 ἐκείνου
1063 4673 1451 4752 μισθαποδότης
1532 4676 1662 4754 πρὸς
1708 4674 1809 4741 τὴν

1914 4672 2126 4733 ationis
2157 4672 2425 4752 palaestra
2453 4688 2757 4731 versamur
2788 4687 2802 4732 :
2838 4669 3030 4731 donec
3083 4668 3208 4741 ille,
3244 4668 3345 4749 qui
3376 4668 3541 4731 Patri

157 4767 278 4823 ἐκεῖ
331 4765 543 4823 καλέσει
598 4766 952 4844 κατάπαυσιν,
1039 4761 1130 4832 εἴη
1215 4761 1268 4819 δὲ
1312 4764 1479 4820 εἰπεῖν
1536 4766 1625 4819 καὶ
1678 4762 1809 4818 ἀνά-

1914 4769 2092 4821 ιοειιτο
2122 4766 2534 4821 renumeratus
2561 4766 2668 4833 est,
2706 4776 2812 4820 nos
2859 4776 3094 4838 quoque
3123 4756 3195 4817 ad
3221 4772 3538 4836 supernam

156 4875 378 4934 παυσιν,
408 4857 454 4928 ᾧ
482 4853 669 4933 πρέπει
726 4860 871 4911 πᾶσα
937 4850 1057 4917 δόξα
1113 4853 1244 4928 τιμή
1300 4853 1386 4907 καὶ
1426 4851 1801 4929 προσκύνησις,

1914 4848 2183 4929 ’θιιιιίθιη,
2213 4857 2314 4911 aut
2343 4847 2535 4930 potius
2564 4846 2839 4921 dixerim,
2878 4864 3084 4908 omnes
3116 4844 3403 4934 molestiae
3430 4862 3535 4904 va-

156 4949 249 4998 νῦν
306 4933 395 4998 καὶ
456 4942 557 5017 ἀεὶ,
617 4944 704 4999 καὶ
794 4943 867 5005 εἰς
963 4942 1083 5003 τοὺς
1172 4942 1363 5003 αἰῶνας
1419 4941 1523 4994 τῶν
1577 4939 1802 4998 αἱώνων.

1914 4937 2165 4999 :uitatem
2223 4948 2474 5014 evocet;
2534 4954 2712 5017 quem
2767 4938 2941 4998 decet
2996 4934 3203 5015 gloria,
3261 4933 3450 4995 honos
3478 4939 3538 4995 et

158 5029 360 5104 Ἀμήν.
1888 5027 2150 5089 adoratio
2205 5034 2438 5102 cuncta,
2493 5042 2654 5088 nunc
2711 5034 2768 5086 et
2822 5041 3060 5104 semper
3114 5030 3172 5085 et
3225 5020 3285 5083 in
3318 5020 3533 5084 saecula

1888 5115 2260 5179 saeculorum.
2297 5117 2514 5178 Amen.

241 5295 271 5345 7
301 5293 457 5359 Psal.
490 5312 572 5374 ιν,
602 5296 664 5360 9.

237 5466 318 5547 (9)
363 5467 557 5546 Πόσος,
589 5473 879 5548 quantus,
908 5482 1090 5547 quam
1128 5466 1405 5543 multus;
1439 5462 1582 5527 hinc
1625 5462 1828 5527 necdu:

1914 5460 2056 5524 alibi
2100 5459 2354 5522 necdum
2386 5458 2775 5539 συμποσέομαι,
2810 5455 2978 5538 quasi
3005 5454 3193 5519 simul
3220 5462 3520 5537 supputor
