4052 6134
346 245 497 311 1077
1267 255 1514 319 SERMO
1558 258 1640 319 IN
1685 257 1787 320 SS.
1834 255 1961 318 DEI

2050 255 2187 317 LRKE
2230 257 2793 324 DORMITIONEM.
3559 255 3711 324 1078

452 381 510 436 Εἰ
551 377 597 434 δ’
626 380 712 437 οὖν
757 384 817 439 τὸ
845 380 1007 463 δῶρον
1032 382 1198 450 δεξιᾶς
1229 388 1328 450 σῆς
1358 383 1520 459 ἀξίου,

454 468 596 562 θύτή
625 490 684 525 τε
713 471 911 538 σαυτὴν
933 470 1088 550 εὐπρε
1117 474 1231 534 πῶς
1261 471 1429 544 τούτῳ
1453 471 1608 552 στέφε
1657 491 1674 508 ο

474 555 518 612 Η
564 555 780 630 μᾶλλων
807 559 1117 637 εὐπρέπειαν
1146 559 1281 626 αὕτη
1311 567 1386 633 τῷ
1416 560 1588 639 στέφει

454 647 838 723 Προσψαύσεως
871 653 970 714 σῆς
1000 647 1289 724 ἀξιουμένῳ
1316 646 1475 710 δίδου,

458 725 629 830 ὶΗμᾶς
658 735 712 792 δὲ
743 739 863 801 τοὺς
893 737 1070 816 λόγοις
1103 760 1160 794 σε
1190 744 1453 814 τιμῶντας
1479 739 1662 814 μόνοις

471 826 660 902 Εργοις
694 826 754 882 σὺ
784 827 995 890 πάντως
1023 828 1365 902 ἀντιτίμησον
1395 827 1576 886 πλέον.

453 913 604 986 Οῗκῳ
631 935 688 969 τε
718 915 795 989 τῷ
825 922 903 989 σῷ
931 922 1293 994 γειτονοόντας
1323 913 1522 980 ἐνθάδε,

459 1003 554 1083 ξίαὶ
581 1007 678 1069 τῆς
710 1002 825 1060 ἐκεῖ
853 1010 946 1061 σοῦ
973 1010 1165 1081 στῇσον
1197 1005 1349 1083 ἐγγὺς
1381 1005 1568 1075 οἰκίας,

452 1074 550 1180 :Hv
575 1091 903 1172 ἀμφέπουσιν
933 1096 980 1150 οἱ
1012 1074 1167 1173 χόροὶ
1345 1093 1610 1172 ἀγγέλων,

513 1185 586 1235 Πν
631 1188 973 1260 προσκυνῶσι
1002 1187 1144 1240 πᾶσα
1173 1180 1316 1247 τάξις
1347 1183 1454 1238 τῶν
1482 1181 1613 1240 ἅνω.

451 1268 656 1336 Ταύτην
687 1267 914 1346 ἀμοιϐὴν
943 1277 1036 1328 τοῦ
1076 1271 1236 1327 πόθου
1266 1273 1354 1327 καὶ
1383 1272 1474 1326 τοῦ
1503 1269 1662 1350 λόγου

454 1354 717 1432 Λάϐοιμεν
746 1357 808 1414 ἐκ
837 1366 951 1431 σοῦ,
986 1361 1074 1416 καὶ
1097 1361 1156 1415 τὸ
1185 1364 1285 1426 τῆς
1319 1357 1472 1427 δόξης
1503 1360 1692 1440 στέφος
1724 1380 1743 1399 ο

453 1444 572 1541 Ιςὲὶν⁸
604 1453 766 1504 ταῦτα
798 1455 982 1522 μεῖζον
1009 1448 1047 1517 ἢ
1089 1447 1206 1504 καθ’
1237 1451 1380 1524 ἡμᾶς
1412 1448 1640 1508 ἐλπίσαι.

2139 1449 2360 1532 Majora
2391 1470 2732 1541 quanquam,
2757 1452 2879 1513 haec
2911 1461 3049 1512 sunt
3077 1452 3206 1532 spei
3236 1453 3478 1514 ﬁducia.

413 1531 498 1593 A'.
557 1531 676 1592 Ἐπὶ
732 1537 831 1603 τὴν
915 1537 1133 1614 Μητέρα
1240 1538 1331 1593 τοῦ
1388 1539 1559 1616 Λόγου
1614 1537 1792 1614 μετὰ¹
1888 1542 1965 1596 τὸ·.

2143 1543 2166 1601 1
2187 1590 2198 1601 .
2216 1541 2308 1602 Ad
2326 1531 2579 1600 matrem
2601 1540 2781 1600 Verbi
2806 1541 2992 1601 oratio
3006 1531 3338 1621 ,postquam
3352 1560 3488 1603 cum
3511 1540 3710 1606 Verbo

332 1621 522 1722 Λόγον,
559 1625 587 1678 ὁ
656 1622 839 1702 λόγος.
921 1627 1019 1682 Τὸν
1062 1626 1160 1703 γὰρ
1217 1624 1441 1682 Βασιλέα
1510 1626 1850 1704 προπέμψας,

2062 1636 2284 1689 versata
2315 1637 2423 1705 est,
2459 1647 2522 1689 se
2566 1629 2870 1690 convertit.
2933 1633 3250 1710 Postquam
3292 1630 3454 1690 enim
3486 1631 3711 1708 Regem

332 1708 564 1766 Βασιλίδι
621 1720 982 1790 προσυπαντᾷ,
1042 1713 1146 1769 ἀπὸ
1215 1711 1367 1780 δόξης
1425 1712 1572 1780 δόξαν
1605 1714 1856 1790 ἀμείϐων,
1890 1720 1965 1772 καῖ

2060 1717 2333 1779 comitata
2371 1726 2483 1790 est,
2519 1718 2759 1795 Reginae
2787 1708 3128 1779 occurrens.
3182 1720 3427 1797 gloriam
3461 1721 3713 1780 alternat

328 1797 654 1872 μεταϐαίνων
726 1804 798 1864 εἰς
856 1801 1073 1878 δύναμιν
1127 1802 1186 1858 ἐκ
1259 1801 1549 1878 δυνάμεως.
1638 1804 1815 1869 Οὕτως
1885 1805 1965 1861 έν-

2059 1805 2266 1883 gloria,
2303 1814 2360 1866 et
2390 1805 2463 1866 de
2493 1805 2705 1866 virtute
2736 1809 2944 1867 transit
2998 1809 3060 1866 in
3107 1807 3412 1868 virtutem.
3447 1806 3614 1867 Adeo
3646 1807 3707 1868 in

327 1894 490 1968 τρυφᾷ
519 1894 586 1964 τῇ
650 1892 753 1944 τῶν
813 1890 991 1949 καλῶν
1043 1891 1278 1969 εὐπορίᾳ,
1338 1894 1424 1947 καὶ
1492 1902 1752 1951 τοσοῦτων
1802 1896 1965 1973 χαίρει

2060 1895 2351 1956 bonorum
2382 1894 2692 1955 deliciatur
2721 1897 2911 1974 copia,
2951 1902 3009 1955 et
3041 1895 3116 1956 de
3150 1895 3469 1956 tbematuin
3522 1892 3705 1957 uber-

327 1975 762 2054 φιλοτιμούμενος
793 1986 862 2056 τῇ
892 1981 1160 2059 περιουσίᾳ
1189 1987 1292 2036 τῶν
1335 1980 1654 2044 ὑποθέσεων,

2061 1992 2175 2044 tate
2205 1983 2352 2043 adeo
2383 1982 2496 2043 sibi
2529 1983 2767 2062 placens
2800 1984 3148 2045 eollaatatur.

407 2069 626 2144 Χριστὸς
686 2068 782 2142 μὲν
837 2071 995 2148 ἡμῖν,
1040 2071 1075 2137 ἡ
1133 2069 1343 2124 πάντων
1394 2070 1548 2148 ἑορτὴ
1618 2077 1720 2128 τῶν
1774 2073 1965 2133 αἰώνωη

2138 2073 2215 2134 Et
2243 2071 2554 2150 superiore
2577 2071 2815 2151 quidem
2835 2075 2981 2133 festo
3012 2071 3498 2148 (2)celebrandus
3536 2072 3710 2136 nobis

327 2150 358 2200 2
383 2155 540 2232 ἑορτὴ
569 2152 609 2242 ³,
653 2158 780 2236 χθὲς
811 2157 876 2224 ἦν
935 2155 1052 2213 ἀλλ’
1085 2159 1267 2238 ἑορτὴ,
1339 2161 1638 2239 φωτισμὸς,
1703 2161 1792 2216 καὶ
1821 2162 1965 2239 πηγῆ

2063 2161 2500 2242 proponebatur
2527 2150 2818 2226 Christus,
2879 2161 2977 2240 qui
3030 2163 3382 2220 saculorum
3442 2162 3708 2223 omnium

325 2243 500 2320 φωτὸς
530 2241 721 2319 ἀϊδίου,
755 2247 843 2301 καὶ
896 2246 1156 2326 αὐτόφως.
1221 2247 1317 2303 Διὰ
1370 2256 1524 2305 τοῦτο
1590 2249 1675 2304 καὶ
1705 2254 1815 2328 φῶς
1839 2249 1965 2304 ἀνα-

2055 2241 2269 2311 festum
2301 2257 2409 2329 est,
2445 2250 2549 2310 sed
2582 2249 2794 2310 festum
2827 2249 2927 2330 qui
2986 2256 3042 2310 et
3071 2248 3422 2309 illuminatio
3455 2249 3552 2323 sit,
3585 2249 3706 2312 imo

322 2327 651 2407 ϐαλλάμενος
681 2336 753 2397 ὡς
824 2335 1052 2413 ἱμάτιον,
1111 2335 1209 2402 τὴν
1267 2336 1407 2410 αὖτῷ
1475 2337 1609 2392 κατὰ
1644 2327 1793 2415 φύσιν
1838 2338 1965 2393 ἀνα-

2055 2339 2185 2399 fons
2214 2339 2365 2399 lucis
2394 2327 2652 2411 aeternae,
2686 2327 2859 2418 atque
2889 2339 3017 2418 ipsa
3040 2357 3220 2418 perse
3239 2338 3359 2399 lux.
3383 2340 3711 2417 Propterea

322 2416 511 2495 ϐολήν,
542 2423 630 2476 καὶ
673 2429 750 2496 τῷ
799 2429 1067 2501 προσῶπῳ
1119 2421 1338 2499 λάμψας
1394 2426 1466 2486 ὡς
1537 2422 1708 2504 ἥλιος,
1743 2423 1794 2490 ἐξ
1824 2424 1965 2505 ὅρους

2058 2437 2115 2490 et
2133 2429 2388 2490 amictus
2418 2427 2652 2489 lumine
2678 2416 2838 2489 sicut
2867 2416 3225 2488 restituente
3255 2446 3300 2500 ε,
3354 2416 3706 2488 vestimento

324 2509 474 2587 ἁγίου
517 2523 638 2573 ταῖς
705 2511 1003 2590 ἀστραπαῖς
1060 2513 1202 2586 ἡμᾶς
1270 2509 1446 2587 ἔϐαλε,
1473 2575 1479 2582 _
1506 2514 1592 2569 καὶ
1633 2514 1728 2581 τὴν
1755 2514 1872 2570 Θέαν
1916 2515 1965 2571 οὗ

2056 2519 2319 2596 inquam,
2355 2516 2515 2596 quod
2545 2515 2672 2594 ipse
2703 2534 2773 2576 ex
2805 2523 3009 2576 natura
3042 2534 3146 2576 sua
3202 2515 3413 2591 induit,
3451 2523 3509 2577 et
3539 2517 3701 2593 facie

321 2596 571 2676 φέροντας
601 2598 835 2672 παρῆλθε
888 2601 1028 2679 ταχὺ
1060 2615 1074 2629 ⁸
1139 2599 1340 2675 μᾶλλον
1391 2600 1445 2656 δὲ
1501 2599 1613 2675 μεθ’
1645 2604 1798 2677 ἡμῶν
1829 2602 1965 2660 ἐστιν

2051 2605 2446 2685 resplendens
2473 2606 2629 2666 sicut
2682 2604 2847 2683 solb,
2907 2604 3175 2682 fulgetris
3233 2604 3356 2664 suis
3417 2622 3448 2665 θ
3503 2610 3708 2666 sancto

321 2685 400 2741 ἀεὶ
430 2687 566 2742 κατᾶ
593 2688 694 2754 τὴν
763 2689 1077 2768 ὑπόσχεσιν,
1151 2689 1238 2746 καὶ
1266 2688 1462 2764 λάμπει
1520 2704 1637 2753 τοῖς
1693 2689 1854 2756 ἀξίοις
1883 2697 1965 2748 καὶ

2051 2701 2251 2757 monte
2281 2705 2302 2731 ο
2327 2712 2436 2753 nos
2466 2693 2797 2772 ejaculavit.
2830 2711 2898 2752 ac
2923 2692 3036 2753 cito
3071 2711 3185 2752 non
3216 2692 3476 2753 ferentes
3499 2693 3706 2772 splen-

1996 397 2038 444 Α
2141 388 2290 469 Ergo
2325 399 2423 452 tua
2451 391 2693 469 dignare
2722 393 2941 454 donum
2962 393 3224 470 dextera,

2144 477 2428 560 Sertaque
2459 487 2516 541 te
2546 480 2826 542 decenter
2855 482 2985 561 ipsa
3014 482 3230 562 cingito
3262 505 3278 558 ;

2143 565 2296 639 Quin
2327 571 2578 642 muneri,
2613 569 2813 648 Virgo,
2845 589 3059 632 novum
3093 571 3289 651 praebe
3311 569 3490 634 decus

2143 658 2293 718 Dum
2317 655 2610 718 destinata
2639 666 2697 719 te
2725 675 2947 722 corona
2975 659 3260 737 protegis.

2141 745 2378 824 Nosque
2407 763 2513 806 ore
2545 753 2793 820 tantum,
2827 746 2991 823 Diva,
3023 747 3370 827 plaudentes
3399 744 3506 807 tibi

2144 831 2231 892 Tu
2256 851 2320 893 re
2349 832 2606 894 vicissim
2630 834 2720 895 fac
2751 835 3011 896 honores
3038 835 3293 914 amplius
3323 855 3338 910 ;

2143 920 2212 981 Et
2240 939 2386 1000 quos
2420 930 2531 982 tuas
2558 923 2685 984 sedi
2715 923 2810 982 hic
2843 921 3025 984 habes
3056 923 3439 997 domesticos,

2145 1008 2214 1070 Et
2242 1009 2410 1070 alteri
2441 1027 2675 1072 sursum
2710 1011 3072 1090 propinquos
3101 1011 3344 1087 advoca,

2143 1094 2325 1167 Quam
2357 1096 2584 1157 caelites
2614 1099 2838 1158 circum
2870 1098 3217 1176 angelorum
3247 1105 3402 1161 stant
3431 1101 3621 1178 chori,

2143 1183 2325 1256 Quam
2359 1193 2569 1245 cuncta
2600 1185 2867 1246 certatim
2899 1186 3042 1246 colit
3072 1187 3270 1247 divum
3304 1189 3545 1250 cohors.

2140 1272 2261 1334 Hac
2291 1292 2398 1334 nos
2427 1273 2668 1349 amoris,
2699 1273 2914 1336 debitae
2940 1275 3050 1336 hac
3080 1275 3270 1336 laudis
3297 1276 3427 1338 vice

2141 1363 2257 1423 Per
2287 1370 2344 1423 te
2374 1362 2638 1423 fruamur
2659 1381 2793 1424 cum
2827 1381 3062 1424 coronae
3088 1363 3295 1440 gloria,

322 2780 430 2849 νῦν,
477 2774 612 2831 ἀλλὰ
639 2778 767 2855 πρὸς
801 2777 966 2850 ἀξίαν,
999 2779 1086 2834 καὶ
1118 2779 1490 2858 μετριώτερον.

2050 2784 2253 2844 dorem
2286 2782 2474 2841 vultus
2506 2782 2635 2860 ejus
2683 2780 3022 2858 pertransiit
3049 2791 3098 2854 d,
3130 2799 3257 2841 sem
3292 2781 3501 2841 melius
3531 2781 3705 2843 dixe-

320 2860 456 2951 rim,
493 2880 730 2944 semper
758 2864 1066 2926 nobiscum
1101 2875 1190 2927 est
1211 2867 1534 2929 secundum
1570 2867 2024 2946 promissionem
2071 2890 2262 2951 suam,
2297 2878 2353 2932 et
2379 2889 2535 2930 nunc
2566 2889 2802 2950 quoque
2830 2887 3059 2944 eorum,
3098 2868 3197 2948 qui
3219 2868 3384 2947 digni
3413 2868 3552 2945 sint,
3583 2887 3691 2950 pro

329 2950 616 3054 cujusque
647 2960 847 3014 tamen
877 2954 1104 3054 meritis
1135 2964 1192 3018 et
1223 2973 1338 3035 qua
1365 2955 1505 3017 ferri
1541 2955 1726 3036 possit
1755 2956 2006 3032 ratione,
2042 2961 2225 3021 oculis
2255 2959 2627 3039 resplendet.

398 3041 478 3097 B'.
521 3041 580 3098 Ἡ
611 3043 840 3121 σήμερον
889 3041 942 3098 δὲ
1009 3044 1106 3110 τὴν
1164 3051 1387 3122 Χριστοῦ
1456 3044 1670 3123 Μητέρα
1727 3059 1959 3103 ποιεῖται

2123 3048 2195 3111 Η.
2231 3048 2532 3109 Hodierna
2565 3065 2702 3109 vero
2735 3048 2862 3109 dies
2922 3046 3174 3109 solemni
3235 3047 3396 3107 cultu
3427 3045 3697 3109 celebrat

319 3130 627 3209 μυστήριον,
700 3131 758 3186 ἐκ
817 3129 1052 3209 μεγάλου
1104 3155 1161 3188 τε
1233 3132 1394 3209 μέγα,
1451 3134 1540 3188 καὶ
1609 3132 1851 3212 λαμπρὸν
1909 3135 1968 3192 ἐκ

319 3217 582 3297 λαμπροῦ,
682 3221 768 3276 καὶ
877 3222 1157 3300 προφθάνει
1265 3219 1588 3300 φαιδρότητα
1683 3221 1964 3302 φαιδρότης

322 3306 626 3384 δημοτελὴς
671 3312 758 3366 καὶ
802 3312 1026 3387 μεγίστη
1057 3312 1346 3389 πανήγυρις
1419 3309 1742 3378 τηλικαύτην
1792 3335 1962 3369 κατα-

321 3393 600 3471 λαμϐάνει,
677 3397 826 3456 Οὕτω
891 3398 1062 3454 πάντα
1137 3399 1332 3476 τρόπον
1414 3401 1548 3474 ἡμῖν
1606 3400 1962 3478 ἆγαϐυνοόσης

321 3490 418 3552 τῆς
475 3487 825 3565 ἆγαθότητος,
887 3488 975 3544 καὶ
1032 3489 1189 3567 χάριν
1261 3485 1497 3555 διδούσης
1582 3490 1717 3548 κατὰ
1781 3493 1962 3568 καιρὸν

319 3573 433 3631 ἀντὶ
484 3576 726 3654 χάριτος.
815 3573 943 3632 Οἶδε
1027 3577 1125 3654 γὰρ
1208 3577 1242 3643 ἡ
1313 3577 1467 3656 σοφία
1550 3581 1967 3655 παραμυθεῖσθαι

319 3669 493 3744 σοφῶς
525 3665 584 3720 τὸ
614 3669 712 3731 τῆς
783 3664 1112 3743 ἀνθρωπίνης
1170 3664 1432 3728 ἀσθενείας
1491 3665 1741 3743 ἁψίκορον
1769 3666 1823 3741 4,
1868 3666 1963 3737 ἵν’,

321 3752 497 3830 ὥσπερ
523 3753 794 3810 κακόσιτοι
824 3753 877 3828 5,
950 3753 1026 3828 τῷ
1081 3751 1368 3809 πολυτελεῖ
1446 3755 1532 3810 καὶ
1605 3754 1827 3830 ποικίλῳ
1867 3759 1972 3811 τῶν

319 3842 675 3919 προκειμένων
736 3842 1078 3916 ἆνακτώμεθα
1131 3843 1228 3909 τὴν
1298 3840 1460 3921 ὄρεξιν
1531 3843 1852 3917 κάμνουσαν,
1885 3846 1970 3900 καὶ

316 3945 436 3995 ταῖς
559 3933 864 4010 προθυμίαις
963 3931 1308 4010 ἀκμάζοντες,
1408 3932 1589 3994 ὁσάκις
1618 3930 1651 3979 6
1704 3932 1764 3986 ἃν
1835 3930 1962 4006 δέοι,

316 4023 446 4098 πρὸς
491 4022 588 4088 τὴν
615 4021 722 4077 τῶν
752 4019 1034 4100 χρησίμων
1061 4021 1378 4094 ἀπαντῶμεν
1421 4017 1735 4081 ἀπόλαυσιν,

2050 3136 2366 3199 Genitricis
2397 3135 2618 3199 Ghristi
2651 3136 3017 3216 mysterium,
3041 3154 3320 3214 magnum
3341 3135 3546 3214 utique
3565 3142 3697 3214 post

2051 3245 2326 3305 magnum
2355 3243 2425 3286 ac
2455 3225 2831 3305 splendidum
2865 3233 2993 3305 post
3016 3224 3422 3304 splendidum,
3456 3232 3514 3283 et
3545 3223 3701 3284 lasti-

2047 3314 3069 3376 tiacommunemomniumlaetitiam
3096 3320 3456 3391 praeeuntem
3491 3310 3702 3389 habet,

2046 3421 2114 3463 ac
2145 3403 2396 3464 maxima
2425 3403 2768 3464 solemnitas
2801 3403 3116 3463 maximam
3163 3399 3380 3480 excipit
3411 3399 3701 3460 solemni-

2053 3499 2249 3559 tatem.
2309 3491 2406 3554 Sic
2460 3509 2674 3570 nempe
2735 3492 2924 3552 modis
2982 3489 3259 3550 omnibus
3316 3488 3545 3547 bonitas
3573 3488 3707 3567 ipsa

2053 3580 2360 3640 beneﬁciis
2386 3598 2494 3640 nos
2524 3579 2805 3651 cumulat,
2860 3588 2919 3639 et
2967 3578 3216 3656 gratiam
3240 3575 3444 3652 gratiae
3469 3594 3695 3654 oppor-

2055 3677 2194 3728 tune
2223 3667 2511 3746 adjungit.
2546 3666 2715 3728 Novit
2744 3667 2902 3727 enim
2938 3666 3179 3745 (divina)
3207 3663 3506 3742 Sapientia
3534 3663 3705 3724 inﬁr-

2055 3755 2276 3816 mitatis
2307 3757 2584 3816 humanae
2612 3755 2977 3816 desiderium
3003 3755 3075 3815 ad
3107 3753 3405 3814 fastidium
3437 3752 3696 3833 proclive

2055 3844 2294 3922 provide
2325 3845 2572 3905 reticere
2606 3862 2621 3916 ;
2659 3849 2862 3906 utnon
2916 3861 3087 3904 secus
3137 3860 3204 3902 ac
3264 3841 3364 3920 qui
3395 3842 3702 3902 stomacho

2051 3931 2340 4006 laborant,
2402 3931 2705 4012 exquisitis
2789 3932 3080 4013 variisque
3139 3929 3330 4009 epulis
3389 3930 3705 4010 propositis

2052 4021 2464 4096 elanguentem
2488 4038 2694 4080 rursus
2726 4021 3048 4081 excitemus
3079 4017 3497 4098 appetentiam,
3535 4017 3702 4079 desi-

320 4108 603 4190 derioque
634 4107 862 4170 alacres
891 4107 1105 4182 eﬂ'ecti,
1139 4106 1211 4187 ad
1241 4126 1312 4168 ea
1339 4125 1466 4188 qua
1496 4106 1666 4169 nobis
1696 4107 1977 4188 prodesse
2010 4117 2248 4190 queant,
2279 4109 2662 4186 degustanda,
2720 4111 2951 4189 quoties
3000 4111 3409 4188 opportunitas
3437 4124 3500 4167 se
3531 4106 3703 4168 nobis

318 4198 544 4273 offerat,
580 4215 986 4260 occurramus.

399 4278 480 4348 1".
545 4285 709 4344 Ἀλλὰ
780 4309 846 4361 με
903 4287 1212 4365 θερμότερον
1270 4289 1404 4342 κινέί
1473 4287 1538 4342 τὰ
1591 4287 1824 4364 παρόντα
1882 4291 1965 4343 καὶ

2129 4286 2229 4349 Ill.
2262 4289 2478 4349 Verum
2511 4308 2640 4370 quae
2665 4308 2821 4350 nunc
2850 4297 3161 4367 geruntur,
3195 4283 3700 4345 vehementiorem

320 4375 493 4456 φέρειν
522 4376 747 4456 μετρίως
778 4376 872 4432 οὒκ
903 4376 1017 4455 ἔχω
1044 4377 1142 4442 τὴν
1200 4373 1416 4450 ἡδονὴν,
1470 4376 1556 4431 καὶ
1611 4380 1757 4446 ζητῶ
1785 4377 1963 4455 φωνὴν

318 4465 465 4531 ἀξιαν
533 4471 623 4522 τοῦ
691 4466 978 4539 Θαύματος.
1051 4465 1322 4538 Βοήσομαι
1397 4466 1563 4519 τοίνυν
1619 4462 1858 4541 λαμπρόν
1917 4487 1965 4520 τι

317 4557 405 4612 καὶ
433 4553 735 4633 διαπρύσιον
765 4553 814 4626 7,
889 4556 1099 4620 καὶτῆς
1181 4552 1381 4630 ἡμέρας
1436 4553 1532 4619 τὴν
1576 4552 1731 4631 χάριν
1777 4551 1969 4626 ὕψηλῳ

317 4645 523 4724 κηρύξω
545 4644 578 4693 8
607 4645 925 4723 κηρύγματι.

397 4921 422 4953 ι
451 4907 609 4970 Psal.
643 4925 762 4985 CIII,
799 4913 857 4971 2.
944 4935 971 4977 ι,
1000 4908 1206 4972 Matth.
1241 4925 1386 4974 xvn.
1419 4913 1479 4970 2.

1566 4912 1588 4945 ε
1616 4907 1666 4970 ΙΙ
1694 4907 1851 4970 Petr.
1889 4926 1927 4982 ι,
1971 4907 2068 4968 48.

2044 4377 2109 4435 in
2141 4394 2232 4436 me
2254 4377 2527 4437 alfectum
2560 4378 2914 4452 accendunt,
2943 4393 3052 4436 nec
3079 4373 3250 4435 facile
3275 4372 3699 4434 exuberantem

2052 4464 2174 4524 fere
2199 4465 2627 4544 jucunditatem
2660 4484 2923 4545 possum,
2944 4473 3001 4525 et
3035 4462 3236 4536 verba,
3266 4480 3395 4541 quae
3417 4460 3700 4522 miraculo

2051 4553 2473 4631 respondeant,
2511 4573 2606 4614 me
2629 4554 2930 4616 deﬁciunt.
2959 4551 3273 4631 Quidpiam
3295 4549 3476 4628 igitur
3505 4549 3703 4629 splen-

2049 4642 2252 4700 didum
2287 4650 2464 4720 atque
2496 4643 2841 4721 praeclarum
2896 4640 3252 4714 inclamabo,
3288 4645 3346 4700 et
3373 4637 3550 4716 hujus
3580 4637 3700 4698 diei

2045 4730 2290 4806 gratiam
2322 4731 2561 4792 sublimi
2597 4732 2892 4811 praeconio
2925 4730 3190 4792 efferam.

2152 4913 2177 4954 d
2211 4904 2394 4970 Exod.
2431 4923 2640 4982 xxxm,
2674 4906 2773 4970 2'2.

1720 5039 1913 5103 Varia:
1967 5038 2278 5100 lectiones.

401 5173 423 5217 ι
457 5171 736 5234 Mendose
765 5172 921 5253 apud
952 5173 1294 5236 Fabricium
1331 5172 1646 5252 (Biblioth.
1682 5170 1881 5235 Gram.
1915 5176 1959 5228 t.

401 5261 452 5314 it.
485 5253 669 5314 addit.
707 5255 813 5314 καί.
845 5253 876 5302 4
900 5253 1044 5314 Cod.
1079 5263 1271 5314 utero.
1308 5255 1582 5314 ἁψίκορον.
1669 5253 1700 5302 5
1728 5249 1874 5314 Cod.
1907 5247 1965 5309 La

2051 5217 2063 5240 ,
2100 5185 2158 5246 p.
2192 5165 2332 5245 983)
2366 5169 2500 5222 κατὰ
2523 5170 2610 5223 τὸν
2635 5168 2813 5248 λὸγον.
2899 5166 2934 5216 θ
2958 5166 3134 5230 Laur.
3160 5171 3400 5226 αἰωνίων.

2050 5265 2082 5309 ³,
2118 5248 2428 5308 κακώσιτοι.
2513 5245 2545 5294 θ
2574 5246 2716 5311 Cod.
2756 5248 2929 5310 Laur.
2963 5249 3183 5313 ὡσάκις.
3271 5248 3300 5296 7
3330 5247 3400 5310 CG

323 5251 669 5335 _Vat.gaddit.
707 5251 819 5335 καίξ
845 5253 876 5302 4
900 5253 1044 5316 Cod.
1079 5263 1271 5335 uterq.
1308 5251 1582 5333 ἁψίκορον.

322 5333 645 5412 διαπύρσιον.
731 5333 763 5382 3
790 5335 966 5394 Laur.
1003 5333 1259 5412 xnpﬁiwvi.

3491 5169 3523 5217 3
3549 5168 3694 5230 Cod.

2513 5245 2545 5294 θ
2574 5245 2723 5311 ϐοά.
2756 5248 2929 5310 Laur.
2963 5249 3183 5313 ὡσάκις.
3271 5248 3300 5296 7
3330 5246 3476 5310 Cod.
3510 5251 3693 5312 Laur.

1908 5405 2096 5468 Nota}.

402 5535 483 5616 (2)
527 5532 756 5596 Iudicat
784 5541 992 5598 auctor
1021 5534 1287 5597 solemne
1337 5529 1893 5611 Transﬁgurationis
1921 5522 2249 5588 Dominicae
2287 5523 2521 5602 festum,
2560 5527 2716 5605 quod
2760 5528 2959 5609 paucis
3007 5535 3142 5590 ante
3175 5526 3386 5591 dicbus
3415 5527 3690 5592 celebra-

320 5625 440 5678 tum
473 5616 688 5678 fuerat.
