4052 6134
467 225 617 293 1083
1704 231 2026 295 JOANNIS
2069 234 2114 295 E

2218 233 2632 296 HAITENSIS
3691 231 3808 293 1084

463 368 683 424 terram
709 362 995 438 redoleat,
1021 364 1130 438 illi,
1158 383 1288 445 quae
1310 365 1476 427 caelis
1501 372 1590 424 est
1610 363 1956 435 sublimior;
1983 383 2116 426 om-

2213 364 2583 444 αεγαλοπρεπῆ
2610 363 2688 446 ³⁸,
2746 367 2833 422 καὶ
2887 364 3161 446 φιλότιμα,
3220 368 3307 423 καὶ
3337 365 3637 440 τηλικαύτῃ
3658 372 3814 439 πομή

461 449 561 513 nia
590 469 834 532 prorsus
865 452 1080 514 eximia
1103 452 1244 530 sint,
1269 452 1470 514 omnia
1492 452 1914 516 muniﬁcentia;
1935 451 2110 514 deco-

2213 456 2278 510 ιαὶ
2321 455 2610 532 πανηγύρει
2639 457 2974 532 προσήκοντα
2985 503 2998 518 .

461 539 662 621 risque
693 541 892 621 plena,
925 549 984 602 et
1015 560 1244 622 pompae
1273 549 1390 602 tam
1433 549 1718 622 augustae,
1753 550 1927 622 atque
1957 560 2107 605 con-

463 637 675 693 ventus
703 629 1063 692 solemnitati
1095 649 1375 711 congrua.

540 719 733 798 Atque
754 737 862 798 ego
893 718 1158 800 quidem,
1185 739 1315 801 quae
1335 720 1406 782 ad
1438 719 1758 782 abeuntem
1793 719 2105 784 Dominam

2274 719 2417 798 Ἐγὼ
2446 721 2541 795 μὲν
2571 720 2751 793 ἒπᾷσω
2779 728 2847 798 τῇ
2883 731 3144 798 Δεσποίνῃ
3185 723 3249 779 τὰ
3291 723 3711 800 προπεμπτήρια
3734 718 3778 762 η
3804 737 3814 749 ·

463 806 870 870 deducendam
889 815 1179 889 spectant,
1206 808 1530 872 decantabo
1553 828 1568 884 ;
1595 828 1694 871 vos
1707 816 1901 870 autem
1925 808 2022 870 alii
2041 827 2111 870 ex

2213 823 2348 883 ›με⁴ῐς
2400 807 2453 864 δὲ
2510 809 2727 866 ἄλλοθεν
2768 808 2925 874 ἄλλος
2969 809 3266 874 ἀκολούθως
3325 810 3713 891 ἐπευφημεῖτε,
3753 811 3821 862 καὶ

467 902 632 976 parte
659 905 884 958 vosmet
945 897 1357 960 cvnsociantes
1414 898 1600 960 fausta
1649 898 1995 974 acclamate,
2055 905 2114 958 et

2213 900 2256 954 τὸ
2326 900 2457 977 πρὸς
2509 897 2722 974 δύναμιν
2779 899 2998 963 ἕκαστος
3052 896 3175 977 παρ’
3221 899 3408 958 ἑαυτοῦ
3470 897 3821 977 συνεισφέρων,

467 985 622 1066 quod
654 985 903 1067 quisque
933 986 1146 1066 possit,
1181 1000 1464 1066 quantum
1518 987 1580 1048 in
1637 1006 1705 1050 se
1761 996 1871 1067 est,
1933 986 2110 1048 simul

2213 988 2294 1054 τὴν
2337 988 2482 1042 ὁσίαν
2539 988 2717 1051 αἰσίως
2777 993 2874 1055 τῆς
2932 988 3114 1066 ἑορτῆς
3170 987 3550 1065 συιιπληροῦτέ
3609 1009 3718 1060 μοι.
3770 986 3827 1041 Οὐ

472 1095 680 1138 omnes
709 1077 1047 1154 offerentes,
1079 1078 1371 1141 solemnia
1401 1096 1632 1142 mecum
1658 1078 1984 1160 parentalia
2013 1079 2118 1140 de-

2213 1089 2387 1156 ίεϊρον
2440 1077 2644 1152 μέντοι,
2703 1079 2792 1135 τὸν
2851 1077 3008 1157 λόγον
3065 1078 3311 1155 ἀνωτέρω
3367 1090 3728 1155 προαγαγεῖν,
3767 1071 3827 1129 ’ἶν’

473 1172 678 1227 center
709 1165 1045 1246 persolvite.
1106 1167 1528 1231 Verumtamen
1589 1187 1709 1229 non
1761 1167 1976 1236 absre
2009 1167 2120 1229 erit

2213 1165 2306 1221 ὶπὸ
2349 1171 2440 1222 τοῦ
2480 1167 2638 1224 τόκου
2694 1173 2784 1223 τοῦ
2825 1169 2963 1225 θείου
3016 1168 3228 1240 τιμήσω
3285 1166 3383 1232 τὴν
3428 1166 3718 1239 Θεοτόκον,
3758 1164 3826 1217 καὶ

471 1255 764 1316 sermonis
787 1256 1095 1318 exordium
1121 1258 1292 1338 paulo
1314 1257 1492 1320 altius
1503 1255 2122 1338 petiisse,ut;Deiparaa

472 1342 676 1406 laudes
704 1363 738 1406 e
763 1344 965 1406 divino
990 1353 1157 1426 partu
1188 1346 1501 1422 deducam,
1521 1354 1579 1406 et
1609 1346 1861 1426 egregiae
1887 1353 2117 1426 pertra-

472 1432 715 1495 ctationi
743 1434 1046 1514 egregium
1073 1435 1308 1496 initium
1340 1435 1579 1496 faciam.

553 1521 706 1583 VIII.
737 1521 891 1598 Fuit,
930 1524 1160 1604 quando
1197 1525 1450 1586 mundus
1479 1525 1711 1587 alienus
1745 1531 1804 1586 et
1837 1523 2119 1585 inimicus

2201 1251 2371 1320 καλὴν
2401 1254 2578 1334 ἀρχὴν
2606 1255 2783 1312 ὑποθῶ
2809 1253 2959 1329 καλῷ
2999 1255 3296 1332 πράγματι,

2280 1510 2368 1580 Η’.
2417 1507 2513 1578 ΗΗν
2556 1522 2642 1578 ὅτε
2693 1523 2893 1598 κόσμος
2951 1524 3082 1600 πρὸς
3129 1522 3325 1597 κόσμον
3369 1519 3668 1598 ἀλλοτρίως
3724 1517 3829 1593 εἶχε

472 1619 596 1672 erat
644 1611 890 1685 mundo,
941 1612 1215 1675 videlicet
1273 1615 1650 1694 aspectabilis
1682 1615 1779 1675 hic
1811 1611 2112 1686 invisibili,

2213 1612 2286 1666 ιαὶ
2342 1609 2634 1684 πολεμίως,
2681 1614 2709 1667 6
2768 1612 3032 1690 ὁρώμενος
3079 1612 3228 1674 οὗτος
3280 1612 3408 1688 πρὸς
3465 1611 3566 1664 τὸν
3609 1608 3822 1685 ἀόρατον,

472 1699 872 1780 corruptibilis
903 1699 1268 1782 incorrupto,
1311 1702 1582 1764 dilabens
1636 1702 1885 1763 ﬁrmiter
1915 1700 2114 1762 consi-

471 1788 669 1862 stenti,
705 1801 764 1849 et
794 1797 1085 1851 creaturae
1107 1800 1312 1851 contra
1343 1791 1534 1871 ipsum
1569 1792 1911 1854 Creatorem
1944 1807 2116 1850 suttm

471 1878 654 1957 impie
681 1878 938 1940 rebelles
967 1888 1157 1941 erant.
1189 1879 1259 1940 Et
1288 1880 1439 1942 alter
1459 1881 1702 1961 quidem
1737 1880 2117 1942 Conditorem

470 1966 799 2047 proprium,
831 1981 895 2028 ut
927 1986 1031 2048 par
1056 1977 1166 2043 est,
1218 1969 1627 2038 reverebatur,
1663 1969 1836 2048 eique
1867 1967 2118 2048 gloriam

469 2054 759 2117 reddebat
776 2064 832 2117 et
857 2057 1140 2118 honorem
1175 2076 1191 2132 ;
1219 2058 1370 2119 alter
1391 2077 1526 2120 vero
1547 2059 1730 2120 animi
1753 2057 2025 2119 socordia
2047 2055 2120 2117 ab

470 2161 540 2206 eo
571 2145 669 2225 qui
703 2152 814 2220 est,
862 2146 1189 2216 declinans,
1253 2147 1545 2208 abductus
1599 2156 1689 2208 est
1746 2167 1815 2209 ea
1844 2165 1975 2228 qua
2004 2165 2126 2206 non

468 2242 646 2308 sunt;
704 2243 763 2296 et
816 2243 1091 2316 tanquam
1126 2235 1431 2298 beneﬁcos
1465 2237 1643 2297 stulte
1674 2236 1992 2316 amplexus
2024 2243 2118 2296 est

467 2321 762 2395 inimicos,
791 2332 967 2401 etper
980 2323 1294 2404 segnitiem
1318 2325 1508 2386 errori
1531 2344 1637 2386 seu
1662 2323 1892 2385 veritati
1919 2322 2129 2383 adbre-

468 2409 563 2472 sit.
593 2410 744 2473 Hinc
772 2411 969 2474 nobile
997 2413 1106 2474 hoc
1131 2412 1397 2493 Deiopus
1421 2405 1745 2476 exitialium
1780 2412 2123 2472 dzemonum

467 2498 532 2560 ﬁt
562 2499 882 2562 ludibrium
920 2523 936 2577 ;
992 2513 1047 2564 et
1080 2502 1139 2562 in
1169 2504 1593 2564 contumeliam
1628 2501 1930 2581 archetypi
1968 2518 2114 2579 pro-

470 2587 735 2651 culcatur
758 2592 914 2671 quod
937 2591 1007 2653 ad
1034 2592 1302 2671 ejusdem
1319 2592 1635 2671 imaginem
1659 2591 1878 2652 factum
1901 2588 2119 2652 fuerat:

470 2684 527 2738 et
550 2687 937 2758 comparatus
957 2686 1350 2756 cujumentis
1365 2701 1408 2763 ο,
1432 2681 1531 2762 qui
1557 2679 1743 2762 paulo
1769 2680 1969 2741 minus
1989 2671 2126 2740 erat

468 2765 544 2827 ab
575 2766 809 2848 angelis
837 2766 871 2829 τ.

549 2854 647 2918 IX.
681 2854 911 2918 Exinde
941 2876 1078 2919 vero
1109 2858 1292 2932 illius,
1321 2859 1422 2940 qui
1453 2858 1641 2920 nescit
1671 2857 1853 2929 afﬁci,
1887 2855 2117 2918 viscera

2199 1702 2228 1756 6
2259 1703 2355 1767 τῆς
2402 1703 2589 1780 φθορᾶς
2639 1702 2766 1779 πρὸς
2811 1702 2900 1756 τὸν
2945 1699 3202 1778 ἄφθαρτον
3228 1695 3304 1772 3°,
3352 1702 3378 1753 6
3423 1697 3606 1753 ἀπιὼν
3633 1693 3681 1736 ³1
3727 1695 3827 1769 πρὸς

2199 1791 2289 1845 τὸν
2321 1789 2567 1864 μένοντα,
2622 1791 2708 1846 καὶ
2762 1791 2827 1846 τά
2856 1787 2910 1831 ³9
2952 1798 3044 1848 τοῦ
3099 1790 3254 1845 αὐτοῦ
3313 1787 3540 1845 Κτίστου
3599 1786 3828 1858 κτίσματι

2200 1881 2378 1941 κακῶς
2436 1878 2754 1949 ἐστασίαζεν,
2832 1869 2888 1935 Ὀ
2939 1878 3036 1952 μὲν
3106 1878 3192 1932 τὸν
3249 1878 3472 1948 οἰκεῖον,
3553 1876 3627 1937 ὡς
3683 1872 3826 1945 θέμις,

2202 1967 2433 2034 ποιητὴν
2492 1981 2733 2046 περιεῖπε
2760 1964 2835 2038 ³³,
2921 1967 3146 2038 κάκείνῳ
3227 1967 3325 2031 τὴν
3393 1963 3551 2029 δόξαν
3611 1956 3827 2016 ἀπεδίδου

2204 2057 2291 2110 καὶ
2320 2056 2416 2122 τὴν
2445 2059 2607 2132 τιμήν
2638 2073 2652 2087 ⁸
2712 2059 2740 2112 6
2797 2055 2851 2112 δὲ
2890 2055 3109 2133 ῥᾳθυμίᾳ
3165 2060 3257 2109 τοῦ
3313 2051 3462 2116 ὄντος
3523 2048 3825 2127 διαμαρτὼν,

2208 2143 2491 2224 ἀπηνέχθη
2558 2146 2687 2222 πρὸς
2754 2145 2820 2202 τὰ
2875 2145 2953 2219 μὴ
3024 2141 3150 2200 ὄντα
3183 2161 3199 2178 ⁸
3284 2142 3372 2197 καὶ
3453 2139 3583 2201 τοῦς
3641 2136 3828 2216 ἐχθροὺς

2209 2233 2481 2310 εῦεργὲταδ
2535 2233 2771 2302 ἀνοήτως
2827 2229 3078 2310 ὑπέλαϐε,
3161 2231 3248 2286 καὶ
3329 2231 3401 2293 ὡς
3489 2226 3707 2297 ἀληθεία
3775 2229 3826 2297 τῇ

2209 2318 2384 2398 πλάνῃ
2414 2319 2480 2377 δι’
2511 2319 2816 2400 ἀπροσεξίαν
2843 2319 3329 2386 κατηκολούθησεν,
3389 2315 3660 2374 Ἐντεῦθεν
3699 2321 3823 2370 τοῦτο

2208 2411 2270 2465 τὸ
2319 2411 2455 2488 μέγα
2502 2417 2593 2466 τοῦ
2644 2417 2775 2466 Θεοῦ
2825 2410 3032 2484 ποίημα
3075 2407 3320 2487 ὀλεθρίων
3362 2403 3632 2481 δαιμόνων
3658 2403 3822 2480 γίνεται

2210 2501 2449 2576 παίγνιον
2485 2518 2498 2532 ·
2558 2500 2645 2554 καὶ
2695 2501 2754 2554 τὸ
2783 2496 2901 2554 κατ’
2931 2498 3106 2554 εἰκόνα
3136 2509 3386 2553 πατεϊται
3428 2496 3568 2573 πρὸς
3600 2489 3728 2570 ὕϐριν
3753 2495 3822 2543 τώ

2207 2587 2507 2668 ἀρχετύπου
2538 2603 2552 2617 ⁸
2587 2590 2675 2644 καὶ
2704 2611 2732 2645 ο
2761 2587 2936 2666 βραχὺ
2966 2584 3088 2663 παρ’
3120 2584 3375 2663 ἀγγέλους
3407 2577 3807 2663 παρασυνεὸλήθη

2205 2689 2322 2742 τοῖς
2354 2678 2600 2747 κτήνεσιν
2611 2726 2624 2739 ,

2283 2844 2365 2917 Θ’.
2413 2853 2676 2913 Ἐντεῦθεν
2719 2855 2785 2912 τα
2841 2853 3126 2933 σπλάγχνα
3181 2851 3381 2930 πάσχει
3435 2856 3537 2905 τοῦ
3579 2848 3799 2904 ἀπαθοῦς’

469 2943 806 3038 afﬁciuntur
840 2966 854 3018 ;
897 2947 1142 3009 affectus
1173 2933 1369 3008 autem
1403 2946 1703 3008 miseratio
1737 2944 1935 3038 fu_i_t_in
1970 2962 2118 3023 opus

2213 2947 2288 3000 ui
2339 2945 2399 3001 τὸ
2457 2945 2644 3020 πάθος,
2705 2944 2890 3005 οἶκτος
2949 2945 3066 3020 περὶ
3120 2943 3181 2997 τὸ
3237 2939 3485 3014 πλάσμα,
3536 2938 3625 2995 καὶ
3669 2933 3790 3034 eth?“

470 3050 665 3112 suum,
684 3032 1458 3115 etclemensergahomines
1481 3035 1754 3096 charitas.
1791 3033 1945 3095 Hinc
1969 3051 2112 3122 conr-

2213 3035 2401 3112 lpumiat
2472 3034 2588 3112 περὶ
2670 3033 2758 3088 τὸν
2831 3030 3127 3109 ἄνθρωπον,
3203 3027 3470 3086 Ἐντεῦθεν
3556 3028 3590 3093 ἡ

467 3123 680 3182 silium
698 3121 841 3182 illud
866 3128 1187 3202 antiquum
1202 3143 1272 3187 ac
1284 3131 1530 3187 verumﬁ
1549 3134 1608 3185 et
1633 3133 1862 3184 certum
1886 3121 2118 3182 ferendi

470 3209 672 3272 auxilii
706 3218 939 3290 tempus
961 3211 1372 3274 deﬁniebatur.
1404 3212 1539 3292 Ipsa
1561 3219 1760 3274 autem
1787 3209 2120 3290 opitulandi

469 3299 618 3360 ratio
631 3318 804 3380 quam
830 3299 1003 3378 longe
1028 3311 1250 3364 naturae
1273 3304 1422 3364 ﬁnes
1441 3301 1827 3382 przetervolan
1845 3319 1885 3374 ς,
1909 3318 2118 3380 quam.

471 3407 588 3470 que
617 3388 964 3451 admiranda
994 3391 1094 3452 illa
1126 3391 1232 3452 fuit
1261 3392 1274 3450 !

555 3481 866 3559 Postquam
899 3479 1012 3540 alia
1039 3480 1401 3542 adminicula
1431 3479 1632 3542 omnia
1665 3477 1809 3539 nihil
1839 3477 2122 3557 profece-

470 3579 623 3643 rant,
643 3569 690 3630 is
709 3569 854 3650 ipse,
877 3575 986 3649 qui
1003 3575 1210 3632 omnia
1230 3577 1436 3650 portat
1460 3569 1642 3632 verbo
1665 3569 1911 3631 virtutis
1934 3565 2122 3638 sua“,

473 3667 774 3720 certamen
807 3660 921 3720 hoc
950 3662 1149 3740 subit;
1184 3669 1240 3721 et
1271 3660 1375 3742 qui
1398 3660 1555 3721 Deus
1580 3669 1670 3721 est
1700 3657 2032 3730 hominum,
2061 3657 2126 3719 ﬁt

474 3748 650 3809 homo
693 3758 934 3828 propter
964 3750 1236 3810 homines
1273 3768 1288 3824 ;
1319 3757 1379 3810 et
1408 3749 1508 3828 qui
1542 3749 1760 3810 exultat
1789 3746 2062 3808 homines
2085 3777 2119 3818 ι,

477 3837 549 3898 ad
586 3837 868 3898 humilem
903 3837 1312 3900 conditionem
1343 3857 1407 3899 se
1440 3838 1696 3898 demittit
1732 3856 1748 3912 ;
1805 3844 1863 3895 et
1909 3835 2123 3895 luctam

476 3934 682 3987 contra
703 3926 1024 3988 adversarii
1053 3947 1110 3988 m
1136 3947 1251 3987 non
1277 3944 1450 3988 secus
1472 3945 1538 3986 ac
1563 3944 1716 3985 unus
1741 3942 1772 3984 e
1800 3923 1992 3994 nobis,
2026 3921 2126 4002 qui

477 4015 1019 4094 prosternebamur,
1057 4016 1324 4095 suscipit.
1375 4014 1526 4087 Quid
1578 4013 1762 4087 enim,
1797 4011 1846 4072 si
1879 4011 1967 4073 vel
2001 4012 2126 4070 solo

478 4113 622 4165 nutu
652 4123 684 4165 e
745 4106 919 4178 coelo,
952 4113 1077 4165 tuto
1111 4105 1238 4183 ipse
1270 4104 1328 4165 in
1359 4103 1598 4164 sublimi
1657 4121 1762 4163 sua
1793 4101 2127 4162 consistens

2201 3119 2366 3197 βουλὴ
2443 3123 2528 3177 καὶ
2619 3119 2865 3190 ἀληθινὴ,
2966 3121 3053 3175 καὶ
3108 3119 3326 3194 βοηθεῖν
3399 3112 3573 3171 ἐδόκει
3643 3112 3802 3186 καιρὸς.

2204 3212 2302 3268 Καὶ
2345 3211 2437 3278 τῆς
2493 3211 2736 3286 βοηθείας
2790 3212 2818 3265 6
2865 3208 3082 3287 τρόπος,
3138 3209 3210 3268 ὡς
3281 3205 3555 3282 ὁπερφυὴς
3610 3202 3687 3256 καὶ
3725 3219 3809 3253 πι-

2209 3297 2442 3377 ράδοξος.

2291 3480 2435 3534 Μετά
2491 3487 2663 3537 πᾶσαν
2717 3478 2885 3546 ἄλλην
2945 3475 3203 3559 μηχανὴν
3259 3474 3690 3552 ἀπρακτήσασαν,
3742 3469 3817 3522 αὖο

2208 3567 2324 3640 ’τὸ-το
2392 3570 2420 3623 δ
2475 3569 2645 3648 φέρων
2702 3571 2766 3626 τὰ
2811 3571 2982 3626 πάντα
3041 3573 3106 3643 τῇ
3146 3567 3345 3644 ῥήματι
3403 3567 3506 3627 τῆς
3566 3558 3816 3631 δυνάμεως,

2208 3657 2296 3712 τὸν
2359 3657 2543 3735 ἀγῶνα
2598 3666 2779 3717 τοῦτον
2848 3658 3138 3737 ὑπέρχεται
3176 3671 3188 3685 ⁸
3261 3654 3346 3709 καὶ
3401 3653 3430 3707 6
3460 3648 3518 3691 3‘
3573 3649 3691 3710 Θεὸς

2209 3745 2497 3824 ἀνθρώπων
2549 3746 2633 3804 διὰ
2695 3752 2815 3813 τοὺς
2888 3748 3188 3828 ἀνθρώπους
3259 3743 3585 3817 ἐνανθρωπεῖ
3621 3756 3632 3768 ·
3684 3733 3819 3832 uid

2210 3840 2487 3898 ταπεινοὺς
2543 3835 2715 3912 ὖψῶν,
2775 3845 3107 3894 ταπεινοῦται
3145 3855 3157 3866 ·
3234 3833 3320 3888 καὶ
3396 3830 3496 3896 τὴν
3569 3828 3691 3905 πρὸς
3751 3841 3818 3874 τον

2211 3923 2494 3981 ἀντίπαλον
2536 3926 2713 3995 πάλην
2758 3927 2817 3985 ἐκ
2888 3933 2980 3983 τοῦ
3030 3925 3148 3981 ἴσου
3205 3934 3320 3983 τοῖς
3377 3919 3651 3974 πίπτουσιν
3713 3913 3818 3983 ἡμῖν

2209 4010 2550 4094 ὑποδέχεται.
2588 4019 2645 4075 Τί
2675 4019 2796 4097 γὰρ,
2860 4018 2902 4071 εἰ
2947 4016 3032 4070 καὶ
3089 4013 3302 4086 νεύματι
3357 4008 3506 4082 μόνῳ
3548 4008 3637 4061 τὸν
3667 4001 3818 4096 ἐχθρῗν

2212 4099 2262 4166 ἐξ
2319 4102 2478 4178 ῧψους
2535 4093 2824 4186 ἀνάλωσεν,
2889 4105 2943 4161 ἐν
2998 4100 3228 4181 ἀσφαλεῖ
3283 4097 3550 4158 καθεστὼς
3607 4093 3685 4148 ἐπὶ
3744 4093 3817 4150 τῆς

476 4192 641 4265 sefe,
677 4213 742 4254 ac
771 4177 999 4254 nullum
1049 4193 1109 4253 in
1135 4177 1422 4255 conflictu
1459 4193 1715 4252 laborem
1749 4201 1849 4250 aut
1884 4189 2120 4269 pericu-

2213 4192 2400 4258 oluh;
2469 4199 2766 4273 περιωπῆς,
2845 4197 2930 4250 καὶ
3002 4190 3201 4269 μηδένα
3278 4187 3440 4243 πόνον
3522 4184 3558 4252 ἢ
3627 4177 3817 4273 κίνδυνον

476 4285 596 4346 lum
629 4284 951 4357 sustinens,
984 4285 1291 4347 inimicum
1329 4285 1687 4366 perdidisset
1722 4284 1748 4343 ?
1795 4283 1947 4356 Quid
1980 4300 2120 4342 vero

478 4391 752 4450 magnum
784 4371 1060 4453 (fuisset),
1100 4375 1404 4453 fugitivum
1456 4374 1646 4446 illum,
1683 4373 2020 4454 improbum
2059 4379 2116 4432 et

476 4460 793 4539 ingratum,
825 4479 859 4521 a
879 4461 999 4523 Deo
1023 4462 1237 4540 subjici
1254 4461 1860 4541 scelestissimumque
1882 4477 2118 4522 servum

475 4569 510 4611 a
529 4549 650 4611 Deo
676 4558 912 4631 potente
936 4551 1192 4612 vinctum
1222 4550 1486 4612 abduci?
1536 4551 1596 4613 Id
1627 4553 1928 4611 enimvero
1950 4548 2122 4609 facile

478 4639 670 4720 potius
703 4639 930 4713 fuisset,
964 4658 1138 4718 quam
1198 4639 1596 4702 admiratione
1625 4639 1893 4717 dignum,
1925 4656 1993 4698 ac
2023 4655 2121 4698 res

476 4729 730 4792 feliciter
747 4737 910 4808 gesta
934 4727 1149 4790 divinre
1168 4730 1354 4810 magis
1381 4728 1736 4804 fortitudini,
1759 4744 1931 4807 quam
1969 4727 2124 4805 ejus-

475 4821 614 4881 dem
645 4837 784 4898 erga
815 4818 1090 4880 homines
1121 4817 1391 4880 charitati
1419 4816 1772 4879 ascribenda
1805 4822 1986 4876 esset.

557 4910 778 4970 Verum
808 4907 908 4968 ille
931 4907 1178 4986 gloriam
1213 4926 1404 4971 meam
1467 4924 1588 4968 suae
1616 4905 1802 4986 ipsius
1835 4903 2120 4984 quodam-

478 4996 652 5059 modo
682 4995 948 5076 dignitati
997 5006 1367 5079 anteponens
1436 4996 1492 5078 (ο
1556 4992 1983 5055 misericordiae.
2017 4992 2120 5055 Dei

2204 4283 2322 4358 περὶ
2365 4283 2464 4350 τὴν
2509 4264 2820 4360 σῦμπλοκὴν
2877 4283 3157 4354 ὑποστάς;
3217 4279 3276 4335 Τί
3352 4273 3406 4330 δὲ
3465 4274 3626 4351 μέγα,
3658 4264 3817 4348 δραπέ-

2201 4392 2323 4445 την,
2373 4375 2604 4452 πονηρὸν
2645 4375 2733 4430 καὶ
2797 4373 3106 4451 ἀγνώμονα,
3163 4369 3263 4424 ὑπὸ
3314 4371 3446 4423 Θεοῦ
3508 4363 3814 4452 χειρωθξιναι,

2202 4462 2288 4516 καὶ
2319 4460 2617 4542 ἀναχθῆναι
2640 4459 2693 4504 ³⁵
2722 4463 2970 4518 κάκιστον
3000 4457 3182 4515 δοῦλον
3225 4456 3367 4533 παρά
3401 4453 3665 4509 Δεσπότου
3691 4445 3816 4542 δυνξ-
3867 4455 3873 4464 ”

2202 4559 2292 4606 τοῦ
2319 4548 2530 4626 δέσμιον
2566 4571 2581 4631 ;
2616 4559 2780 4609 Τοῦτο
2813 4550 2907 4626 μὲν
2953 4548 3040 4606 οὗν
3070 4544 3243 4625 ῥᾴδιον
3274 4541 3499 4619 μᾶλλον,
3549 4541 3584 4609 ἢ
3632 4531 3829 4631 παράθου

2202 4635 2286 4702 ξον
2332 4624 2422 4719 ἦν,
2466 4624 2578 4696 καὶ.
2608 4645 2702 4708 τῆς
2757 4624 2894 4703 θείας
2953 4624 3114 4694 πλέον
3157 4636 3338 4715 ἰσχύος
3383 4633 3418 4701 ἢ
3467 4624 3816 4712 φιλανθρωπίας

2204 4728 2520 4807 κατόρθωμα
2550 4727 2624 4786 ³⁸.

2289 4899 2345 4965 ’0
2405 4906 2459 4963 δὲ
2517 4908 2611 4976 τῆς
2659 4906 2786 4972 ἰδίας
2844 4905 3022 4985 ὥσπερ
3079 4904 3221 4972 ἀξίας
3283 4903 3380 4970 τὴν
3455 4899 3592 4974 ἐμὴν
3648 4890 3815 4985 προθεὶς

2206 4993 2431 5061 εὗδοξίπιν
2466 5016 2480 5030 ⁸
2525 4997 2570 5054 ὢ
2599 4997 2753 5074 βάθος
2806 4981 3201 5074 εὐσπλαγχνίας
3255 4997 3414 5066 Θεοῦ,
3445 4989 3491 5046 ὢ
3551 4981 3822 5067 χρηστότη-

557 5203 580 5236 .
607 5164 761 5229 Psal.
794 5182 998 5243 vam,
1047 5170 1139 5230 l3.
1230 5165 1424 5229 'Psal.
1461 5183 1588 5244 vut,
1623 5163 1683 5226 6.
1770 5177 1798 5219 tr
1827 5161 1934 5222 Isa.
1969 5176 2110 5237 xxv,
2145 5163 2174 5224 1
2211 5131 2334 5226 sec.
2367 5163 2545 5229 LXX.
2629 5167 2656 5210 δ
2686 5163 2868 5227 Hebr.
2904 5180 2943 5238 t,
2976 5163 3038 5225 3.
3123 5155 3307 5223 iLuc.
3340 5175 3385 5240 ι,
3419 5156 3518 5222 52.

1911 5320 2100 5384 Varia;
2132 5322 2441 5387 lectiones.

562 5464 624 5514 98
653 5464 798 5528 Cod.
836 5465 1006 5527 Laur.
1043 5464 1463 5542 μεγαλοπρεπεῖ.

480 5547 651 5606 Laur.
688 5549 715 5601 6
744 5549 965 5605 ὁποίων.
1049 5545 1108 5593 ὅθ
1137 5545 1283 5607 Cod.
1321 5545 1488 5602 Laur.
1528 5544 1612 5604 τό.

1597 5460 1660 5510 29
1691 5457 1828 5522 Cod.
1845 5457 2019 5539 Laur.
2054 5460 2409 5539 προμπτὲρια,

1698 5539 1751 5583 ³³
1781 5538 1900 5601 COd
1931 5539 2084 5600 Laur
2134 5538 2428 5618 περιεῖπτε.

474 5624 538 5686 in
567 5623 807 5686 rubrica
835 5623 1090 5703 subjecit
1136 5642 1149 5684 ;
1187 5625 1273 5688 Τίς
1305 5627 1332 5679 ὁ
1376 5623 1532 5700 λόγος
1555 5623 1648 5690 τῆς
1679 5621 1821 5684 θείας
1853 5619 2120 5699 σαρκώσεο

2280 5621 2344 5670 33
2373 5624 2550 5687 Laur.
2584 5625 2893 5702 ἀπαχθῆναι
2905 5672 2918 5686 ,

2557 5462 2622 5513 30
2649 5461 2794 5524 Cod.
2829 5461 3003 5522 Laur.
3038 5461 3179 5538 πρὸς
3199 5455 3506 5536 ἀφθαρσίαν.
3630 5447 3680 5493 ³ο
3704 5440 3818 5537 Cod.

2514 5543 2578 5592 54
2604 5541 2669 5603 In
2700 5541 2834 5603 cod.
2870 5542 3040 5602 Laur.
3078 5537 3286 5598 eadem
3321 5551 3530 5595 manus
3560 5549 3593 5597 e
3621 5538 3823 5608 regione

3003 5619 3068 5670 56
3111 5620 3285 5683 Laur.
3321 5615 3670 5693 κατώρθωμα.
