  <div class='ocr_page' id='page_1' title='image "/cluster/home/n/w/nwhite01/storage/ocr_20150623/120/mdp.39015008866736/550.png"; bbox 0 0 4052 6134; ppageno 0'>
   <div class='ocr_carea' id='block_1_1' title="bbox 353 229 3736 305">
    <p class='ocr_par' dir='ltr' id='par_1_1' title="bbox 353 229 3736 305">
     <span class='ocr_line' id='line_1_1' title="bbox 353 229 3736 305; baseline 0.004 -12"><span class='ocrx_word' id='word_1_1' title='bbox 353 231 505 296; x_wconf 85' lang='grc'><strong>1089</strong></span> <span class='ocrx_word' id='word_1_2' title='bbox 1280 229 1530 295; x_wconf 81' lang='lat' dir='ltr'><strong>SERMO</strong></span> <span class='ocrx_word' id='word_1_3' title='bbox 1573 230 1657 293; x_wconf 87' lang='lat' dir='ltr'><strong>IN</strong></span> <span class='ocrx_word' id='word_1_4' title='bbox 1699 229 1805 293; x_wconf 83' lang='lat' dir='ltr'><strong>SS.</strong></span> <span class='ocrx_word' id='word_1_5' title='bbox 1849 229 2206 294; x_wconf 69' lang='lat' dir='ltr'><strong>DEIPABE</strong></span> <span class='ocrx_word' id='word_1_6' title='bbox 2245 230 2812 296; x_wconf 85' lang='lat' dir='ltr'><strong>DORMITIONEM.</strong></span> <span class='ocrx_word' id='word_1_7' title='bbox 3574 240 3736 305; x_wconf 80' lang='lat'><strong>1090</strong></span> 
     </span>
    </p>
   </div>
   <div class='ocr_carea' id='block_1_2' title="bbox 356 362 3732 451">
    <p class='ocr_par' dir='ltr' id='par_1_2' title="bbox 356 362 3732 451">
     <span class='ocr_line' id='line_1_2' title="bbox 356 362 3732 451; baseline 0.003 -23"><span class='ocrx_word' id='word_1_8' title='bbox 356 375 698 432; x_wconf 73' lang='lat' dir='ltr'><strong>naturarum</strong></span> <span class='ocrx_word' id='word_1_9' title='bbox 727 370 1220 451; x_wconf 74' lang='lat' dir='ltr'><strong>compositionem</strong></span> <span class='ocrx_word' id='word_1_10' title='bbox 1251 387 1485 432; x_wconf 89' lang='lat' dir='ltr'><strong>summa</strong></span> <span class='ocrx_word' id='word_1_11' title='bbox 1514 365 1806 449; x_wconf 79' lang='lat' dir='ltr'><strong>sapientia</strong></span> <span class='ocrx_word' id='word_1_12' title='bbox 1831 362 1976 426; x_wconf 90' lang='lat' dir='ltr'><strong>illud</strong></span> <span class='ocrx_word' id='word_1_13' title='bbox 2007 363 2297 444; x_wconf 81' lang='lat' dir='ltr'><strong>suppleat,</strong></span> <span class='ocrx_word' id='word_1_14' title='bbox 2343 363 2500 445; x_wconf 91' lang='lat' dir='ltr'><strong>quod</strong></span> <span class='ocrx_word' id='word_1_15' title='bbox 2545 363 2775 426; x_wconf 81' lang='lat' dir='ltr'><strong>ratione</strong></span> <span class='ocrx_word' id='word_1_16' title='bbox 2825 383 3209 446; x_wconf 87' lang='lat' dir='ltr'><strong>personarum</strong></span> <span class='ocrx_word' id='word_1_17' title='bbox 3264 370 3324 432; x_wconf 93' lang='lat' dir='ltr'><strong>in</strong></span> <span class='ocrx_word' id='word_1_18' title='bbox 3358 379 3475 434; x_wconf 88' lang='lat' dir='ltr'><strong>tota</strong></span> <span class='ocrx_word' id='word_1_19' title='bbox 3505 375 3732 438; x_wconf 84' lang='lat' dir='ltr'><strong>Deitate</strong></span> 
     </span>
    </p>
   </div>
   <div class='ocr_carea' id='block_1_3' title="bbox 358 458 2087 541">
    <p class='ocr_par' dir='ltr' id='par_1_3' title="bbox 358 458 2087 541">
     <span class='ocr_line' id='line_1_3' title="bbox 358 458 2087 541; baseline -0.001 -22"><span class='ocrx_word' id='word_1_20' title='bbox 358 458 534 522; x_wconf 84' lang='lat' dir='ltr'><strong>latius</strong></span> <span class='ocrx_word' id='word_1_21' title='bbox 578 459 978 536; x_wconf 85' lang='lat' dir='ltr'><strong>protenditur,</strong></span> <span class='ocrx_word' id='word_1_22' title='bbox 1013 461 1073 522; x_wconf 88' lang='lat' dir='ltr'><strong>in</strong></span> <span class='ocrx_word' id='word_1_23' title='bbox 1104 461 1234 541; x_wconf 88' lang='lat' dir='ltr'><strong>ipsa</strong></span> <span class='ocrx_word' id='word_1_24' title='bbox 1263 479 1402 521; x_wconf 90' lang='lat' dir='ltr'><strong>vero</strong></span> <span class='ocrx_word' id='word_1_25' title='bbox 1433 459 1494 521; x_wconf 92' lang='lat' dir='ltr'><strong>in</strong></span> <span class='ocrx_word' id='word_1_26' title='bbox 1525 477 1707 522; x_wconf 88' lang='lat' dir='ltr'><strong>unum</strong></span> <span class='ocrx_word' id='word_1_27' title='bbox 1735 463 2087 520; x_wconf 88' lang='lat' dir='ltr'><strong>coarctatur.</strong></span> 
     </span>
    </p>
   </div>
   <div class='ocr_carea' id='block_1_4' title="bbox 442 540 1978 629">
    <p class='ocr_par' dir='ltr' id='par_1_4' title="bbox 442 540 1978 629">
     <span class='ocr_line' id='line_1_4' title="bbox 442 540 1978 629; baseline -0.005 -21"><span class='ocrx_word' id='word_1_28' title='bbox 442 541 545 611; x_wconf 65' lang='lat' dir='ltr'><strong>Il&quot;.</strong></span> <span class='ocrx_word' id='word_1_29' title='bbox 580 550 747 608; x_wconf 75' lang='grc' dir='ltr'>Ἀλλὰ</span> <span class='ocrx_word' id='word_1_30' title='bbox 787 553 836 607; x_wconf 91' lang='grc' dir='ltr'><strong>τί</strong></span> <span class='ocrx_word' id='word_1_31' title='bbox 905 573 996 626; x_wconf 87' lang='grc' dir='ltr'><strong>μοι</strong></span> <span class='ocrx_word' id='word_1_32' title='bbox 1053 540 1252 607; x_wconf 83' lang='grc' dir='ltr'>τούτων</span> <span class='ocrx_word' id='word_1_33' title='bbox 1296 553 1452 629; x_wconf 71' lang='lat' dir='ltr'><strong>vovi;</strong></span> <span class='ocrx_word' id='word_1_34' title='bbox 1512 559 1638 613; x_wconf 76' lang='grc' dir='ltr'>Τοῖς</span> <span class='ocrx_word' id='word_1_35' title='bbox 1693 548 1859 605; x_wconf 73' lang='grc' dir='ltr'>τοίνυν</span> <span class='ocrx_word' id='word_1_36' title='bbox 1914 557 1978 602; x_wconf 70' lang='grc' dir='ltr'><strong>τοῖ</strong></span> 
     </span>
    </p>
   </div>
   <div class='ocr_carea' id='block_1_5' title="bbox 2086 540 3725 629">
    <p class='ocr_par' dir='ltr' id='par_1_5' title="bbox 2164 540 3725 628">
     <span class='ocr_line' id='line_1_5' title="bbox 2164 540 3725 628; baseline 0.007 -25"><span class='ocrx_word' id='word_1_37' title='bbox 2164 541 2318 605; x_wconf 83' lang='lat' dir='ltr'><strong>XIII.</strong></span> <span class='ocrx_word' id='word_1_38' title='bbox 2343 542 2560 602; x_wconf 87' lang='lat' dir='ltr'><strong>Verum</strong></span> <span class='ocrx_word' id='word_1_39' title='bbox 2585 540 2793 603; x_wconf 88' lang='lat' dir='ltr'><strong>horum</strong></span> <span class='ocrx_word' id='word_1_40' title='bbox 2822 561 2980 605; x_wconf 90' lang='lat' dir='ltr'><strong>nunc</strong></span> <span class='ocrx_word' id='word_1_41' title='bbox 3007 545 3157 608; x_wconf 88' lang='lat' dir='ltr'><strong>mihi</strong></span> <span class='ocrx_word' id='word_1_42' title='bbox 3175 546 3358 622; x_wconf 83' lang='lat' dir='ltr'><strong>satis;</strong></span> <span class='ocrx_word' id='word_1_43' title='bbox 3393 549 3483 611; x_wconf 89' lang='lat' dir='ltr'><strong>his</strong></span> <span class='ocrx_word' id='word_1_44' title='bbox 3503 560 3725 628; x_wconf 88' lang='lat' dir='ltr'><strong>autem,</strong></span> 
     </span>
    </p>
   </div>
   <div class='ocr_carea' id='block_1_6' title="bbox 365 629 1978 720">
    <p class='ocr_par' dir='ltr' id='par_1_6' title="bbox 365 637 1978 720">
     <span class='ocr_line' id='line_1_6' title="bbox 365 637 1978 720; baseline -0.002 -25"><span class='ocrx_word' id='word_1_45' title='bbox 365 642 486 697; x_wconf 78' lang='grc' dir='ltr'>Υίοῦ</span> <span class='ocrx_word' id='word_1_46' title='bbox 515 649 608 699; x_wconf 79' lang='grc' dir='ltr'><strong>τοῦ</strong></span> <span class='ocrx_word' id='word_1_47' title='bbox 637 647 790 720; x_wconf 88' lang='grc' dir='ltr'>Θεοῦ,</span> <span class='ocrx_word' id='word_1_48' title='bbox 835 640 923 696; x_wconf 78' lang='grc' dir='ltr'><strong>καὶ</strong></span> <span class='ocrx_word' id='word_1_49' title='bbox 960 649 1050 697; x_wconf 91' lang='grc' dir='ltr'><strong>τοῦ</strong></span> <span class='ocrx_word' id='word_1_50' title='bbox 1105 643 1225 695; x_wconf 79' lang='grc' dir='ltr'>Υἱοῦ</span> <span class='ocrx_word' id='word_1_51' title='bbox 1279 640 1368 696; x_wconf 86' lang='grc' dir='ltr'><strong>καὶ</strong></span> <span class='ocrx_word' id='word_1_52' title='bbox 1423 645 1576 700; x_wconf 86' lang='grc' dir='ltr'>Θεοῦ.</span> <span class='ocrx_word' id='word_1_53' title='bbox 1649 639 1736 693; x_wconf 82' lang='grc' dir='ltr'><strong>καὶ</strong></span> <span class='ocrx_word' id='word_1_54' title='bbox 1789 637 1856 692; x_wconf 71' lang='grc' dir='ltr'>τὰ</span> <span class='ocrx_word' id='word_1_55' title='bbox 1896 657 1978 713; x_wconf 62' lang='grc' dir='ltr'>περ</span> 
     </span>
    </p>
   </div>
   <div class='ocr_carea' id='block_1_7' title="bbox 2086 629 3728 720">
    <p class='ocr_par' dir='ltr' id='par_1_7' title="bbox 2096 629 3728 720">
     <span class='ocr_line' id='line_1_7' title="bbox 2096 629 3728 720; baseline 0.008 -31"><span class='ocrx_word' id='word_1_56' title='bbox 2096 630 2200 711; x_wconf 89' lang='lat' dir='ltr'><strong>qui</strong></span> <span class='ocrx_word' id='word_1_57' title='bbox 2227 639 2363 691; x_wconf 91' lang='lat' dir='ltr'><strong>sunt</strong></span> <span class='ocrx_word' id='word_1_58' title='bbox 2386 629 2515 692; x_wconf 81' lang='lat' dir='ltr'><strong>Filii</strong></span> <span class='ocrx_word' id='word_1_59' title='bbox 2540 629 2669 706; x_wconf 80' lang='lat' dir='ltr'><strong>Dei,</strong></span> <span class='ocrx_word' id='word_1_60' title='bbox 2721 631 2821 711; x_wconf 88' lang='lat' dir='ltr'><strong>qui</strong></span> <span class='ocrx_word' id='word_1_61' title='bbox 2855 631 3135 720; x_wconf 15' lang='lat' dir='ltr'><strong>etiFilius</strong></span> <span class='ocrx_word' id='word_1_62' title='bbox 3164 642 3252 694; x_wconf 88' lang='lat' dir='ltr'><strong>est</strong></span> <span class='ocrx_word' id='word_1_63' title='bbox 3283 644 3339 696; x_wconf 90' lang='lat' dir='ltr'><strong>et</strong></span> <span class='ocrx_word' id='word_1_64' title='bbox 3367 635 3544 718; x_wconf 85' lang='lat' dir='ltr'><strong>Deus,</strong></span> <span class='ocrx_word' id='word_1_65' title='bbox 3578 658 3728 702; x_wconf 88' lang='lat' dir='ltr'><strong>con-</strong></span> 
     </span>
    </p>
   </div>
   <div class='ocr_carea' id='block_1_8' title="bbox 362 719 1978 804">
    <p class='ocr_par' dir='ltr' id='par_1_8' title="bbox 362 719 1978 804">
     <span class='ocr_line' id='line_1_8' title="bbox 362 719 1978 804; baseline -0.001 -21"><span class='ocrx_word' id='word_1_66' title='bbox 362 729 460 795; x_wconf 77' lang='grc' dir='ltr'>τὴν</span> <span class='ocrx_word' id='word_1_67' title='bbox 514 719 783 786; x_wconf 70' lang='grc' dir='ltr'>τεκοῦσαν</span> <span class='ocrx_word' id='word_1_68' title='bbox 828 728 1082 804; x_wconf 75' lang='grc' dir='ltr'>ἑπόμενα.</span> <span class='ocrx_word' id='word_1_69' title='bbox 1145 729 1286 786; x_wconf 77' lang='grc' dir='ltr'>Καθὸ</span> <span class='ocrx_word' id='word_1_70' title='bbox 1343 728 1438 803; x_wconf 80' lang='grc' dir='ltr'>μὲν</span> <span class='ocrx_word' id='word_1_71' title='bbox 1495 727 1696 790; x_wconf 72' lang='grc' dir='ltr'>ἐκετνος</span> <span class='ocrx_word' id='word_1_72' title='bbox 1740 724 1978 804; x_wconf 77' lang='grc' dir='ltr'>ἄνθρωπο</span> 
     </span>
    </p>
   </div>
   <div class='ocr_carea' id='block_1_9' title="bbox 2086 719 3732 804">
    <p class='ocr_par' dir='ltr' id='par_1_9' title="bbox 2093 719 3732 804">
     <span class='ocr_line' id='line_1_9' title="bbox 2093 719 3732 804; baseline 0.007 -25"><span class='ocrx_word' id='word_1_73' title='bbox 2093 727 2410 781; x_wconf 82' lang='lat' dir='ltr'><strong>nectuntur</strong></span> <span class='ocrx_word' id='word_1_74' title='bbox 2441 727 2497 780; x_wconf 91' lang='lat' dir='ltr'><strong>et</strong></span> <span class='ocrx_word' id='word_1_75' title='bbox 2527 737 2594 780; x_wconf 87' lang='lat' dir='ltr'><strong>ea</strong></span> <span class='ocrx_word' id='word_1_76' title='bbox 2621 739 2750 799; x_wconf 68' lang='lat' dir='ltr'><strong>quae</strong></span> <span class='ocrx_word' id='word_1_77' title='bbox 2793 720 2865 782; x_wconf 88' lang='lat' dir='ltr'><strong>ad</strong></span> <span class='ocrx_word' id='word_1_78' title='bbox 2917 719 3277 784; x_wconf 87' lang='lat' dir='ltr'><strong>Geuitricem</strong></span> <span class='ocrx_word' id='word_1_79' title='bbox 3309 725 3626 804; x_wconf 86' lang='lat' dir='ltr'><strong>pertinent.</strong></span> <span class='ocrx_word' id='word_1_80' title='bbox 3658 728 3732 790; x_wconf 88' lang='lat' dir='ltr'><strong>Et</strong></span> 
     </span>
    </p>
   </div>
   <div class='ocr_carea' id='block_1_10' title="bbox 363 807 1978 898">
    <p class='ocr_par' dir='ltr' id='par_1_10' title="bbox 363 813 1978 895">
     <span class='ocr_line' id='line_1_10' title="bbox 363 813 1978 895; baseline -0.002 -21"><span class='ocrx_word' id='word_1_81' title='bbox 363 817 602 893; x_wconf 76' lang='grc' dir='ltr'>ὕστερον,</span> <span class='ocrx_word' id='word_1_82' title='bbox 635 821 721 874; x_wconf 88' lang='grc' dir='ltr'><strong>καὶ</strong></span> <span class='ocrx_word' id='word_1_83' title='bbox 765 819 945 894; x_wconf 82' lang='grc' dir='ltr'>μήτηρ</span> <span class='ocrx_word' id='word_1_84' title='bbox 971 818 1008 884; x_wconf 75' lang='grc' dir='ltr'>ἡ</span> <span class='ocrx_word' id='word_1_85' title='bbox 1054 817 1336 895; x_wconf 74' lang='grc' dir='ltr'>ἐνεγκοῦσα</span> <span class='ocrx_word' id='word_1_86' title='bbox 1371 835 1384 850; x_wconf 73' lang='grc' dir='ltr'><strong>ο</strong></span> <span class='ocrx_word' id='word_1_87' title='bbox 1435 818 1564 872; x_wconf 72' lang='grc' dir='ltr'>καθὸ</span> <span class='ocrx_word' id='word_1_88' title='bbox 1612 813 1666 870; x_wconf 77' lang='grc' dir='ltr'>δὲ</span> <span class='ocrx_word' id='word_1_89' title='bbox 1707 815 1794 870; x_wconf 83' lang='grc' dir='ltr'><strong>καὶ</strong></span> <span class='ocrx_word' id='word_1_90' title='bbox 1853 817 1978 877; x_wconf 84' lang='grc' dir='ltr'><strong>Θεὸς</strong></span> 
     </span>
    </p>
   </div>
   <div class='ocr_carea' id='block_1_11' title="bbox 2086 807 3732 898">
    <p class='ocr_par' dir='ltr' id='par_1_11' title="bbox 2092 807 3732 898">
     <span class='ocr_line' id='line_1_11' title="bbox 2092 807 3732 898; baseline 0.008 -31"><span class='ocrx_word' id='word_1_91' title='bbox 2092 807 2332 888; x_wconf 91' lang='lat' dir='ltr'><strong>quidem</strong></span> <span class='ocrx_word' id='word_1_92' title='bbox 2361 815 2650 888; x_wconf 84' lang='lat' dir='ltr'><strong>quatenus</strong></span> <span class='ocrx_word' id='word_1_93' title='bbox 2671 807 2768 870; x_wconf 88' lang='lat' dir='ltr'><strong>ille</strong></span> <span class='ocrx_word' id='word_1_94' title='bbox 2795 809 2937 872; x_wconf 88' lang='lat' dir='ltr'><strong>dein</strong></span> <span class='ocrx_word' id='word_1_95' title='bbox 2961 810 3146 872; x_wconf 91' lang='lat' dir='ltr'><strong>factus</strong></span> <span class='ocrx_word' id='word_1_96' title='bbox 3169 821 3255 873; x_wconf 91' lang='lat' dir='ltr'><strong>est</strong></span> <span class='ocrx_word' id='word_1_97' title='bbox 3285 812 3486 895; x_wconf 91' lang='lat' dir='ltr'><strong>homo,</strong></span> <span class='ocrx_word' id='word_1_98' title='bbox 3513 835 3580 878; x_wconf 89' lang='lat' dir='ltr'><strong>ea</strong></span> <span class='ocrx_word' id='word_1_99' title='bbox 3600 837 3732 898; x_wconf 65' lang='lat' dir='ltr'><strong>quae</strong></span> 
     </span>
    </p>
   </div>
   <div class='ocr_carea' id='block_1_12' title="bbox 363 898 1978 984">
    <p class='ocr_par' dir='ltr' id='par_1_12' title="bbox 363 904 1978 984">
     <span class='ocr_line' id='line_1_12' title="bbox 363 904 1978 984; baseline -0.004 -22"><span class='ocrx_word' id='word_1_100' title='bbox 363 904 508 962; x_wconf 73' lang='grc' dir='ltr'>ούδὲν</span> <span class='ocrx_word' id='word_1_101' title='bbox 564 907 721 975; x_wconf 79' lang='grc' dir='ltr'>ἧττον</span> <span class='ocrx_word' id='word_1_102' title='bbox 804 906 891 963; x_wconf 82' lang='grc' dir='ltr'><strong>καὶ</strong></span> <span class='ocrx_word' id='word_1_103' title='bbox 979 905 1253 984; x_wconf 78' lang='grc' dir='ltr'>παρθένος,</span> <span class='ocrx_word' id='word_1_104' title='bbox 1340 904 1445 984; x_wconf 72' lang='grc' dir='ltr'><strong>οὔχ</strong></span> <span class='ocrx_word' id='word_1_105' title='bbox 1511 906 1673 970; x_wconf 78' lang='grc' dir='ltr'>ἧττον</span> <span class='ocrx_word' id='word_1_106' title='bbox 1728 905 1816 960; x_wconf 79' lang='grc' dir='ltr'>καὶ</span> <span class='ocrx_word' id='word_1_107' title='bbox 1874 925 1978 979; x_wconf 63' lang='grc' dir='ltr'>μετα</span> 
     </span>
    </p>
   </div>
   <div class='ocr_carea' id='block_1_13' title="bbox 2086 898 3728 984">
    <p class='ocr_par' dir='ltr' id='par_1_13' title="bbox 2091 898 3728 982">
     <span class='ocr_line' id='line_1_13' title="bbox 2091 898 3728 982; baseline 0.007 -25"><span class='ocrx_word' id='word_1_108' title='bbox 2091 899 2282 976; x_wconf 91' lang='lat' dir='ltr'><strong>ipsum</strong></span> <span class='ocrx_word' id='word_1_109' title='bbox 2315 906 2582 976; x_wconf 74' lang='lat' dir='ltr'><strong>gestavnt,</strong></span> <span class='ocrx_word' id='word_1_110' title='bbox 2617 898 2790 959; x_wconf 91' lang='lat' dir='ltr'><strong>etiam</strong></span> <span class='ocrx_word' id='word_1_111' title='bbox 2827 907 3013 961; x_wconf 87' lang='lat' dir='ltr'><strong>mater</strong></span> <span class='ocrx_word' id='word_1_112' title='bbox 3042 909 3132 961; x_wconf 91' lang='lat' dir='ltr'><strong>est</strong></span> <span class='ocrx_word' id='word_1_113' title='bbox 3164 917 3179 973; x_wconf 90' lang='lat'><strong>;</strong></span> <span class='ocrx_word' id='word_1_114' title='bbox 3213 911 3506 982; x_wconf 87' lang='lat' dir='ltr'><strong>quatenus</strong></span> <span class='ocrx_word' id='word_1_115' title='bbox 3533 915 3728 969; x_wconf 87' lang='lat' dir='ltr'><strong>autem</strong></span> 
     </span>
    </p>
   </div>
   <div class='ocr_carea' id='block_1_14' title="bbox 362 985 1978 1074">
    <p class='ocr_par' dir='ltr' id='par_1_14' title="bbox 362 990 1978 1070">
     <span class='ocr_line' id='line_1_14' title="bbox 362 990 1978 1070; baseline -0.003 -21"><span class='ocrx_word' id='word_1_116' title='bbox 362 993 607 1070; x_wconf 79' lang='grc' dir='ltr'>γέννησιν</span> <span class='ocrx_word' id='word_1_117' title='bbox 675 994 893 1061; x_wconf 76' lang='grc' dir='ltr'>κάκείνη</span> <span class='ocrx_word' id='word_1_118' title='bbox 920 991 1001 1052; x_wconf 61' lang='grc'><strong>61.</strong></span> <span class='ocrx_word' id='word_1_119' title='bbox 1048 994 1119 1050; x_wconf 80' lang='grc' dir='ltr'>Τὸ</span> <span class='ocrx_word' id='word_1_120' title='bbox 1190 991 1309 1067; x_wconf 74' lang='grc' dir='ltr'>μὲν,</span> <span class='ocrx_word' id='word_1_121' title='bbox 1380 997 1478 1058; x_wconf 77' lang='grc' dir='ltr'>τῆς</span> <span class='ocrx_word' id='word_1_122' title='bbox 1534 991 1858 1069; x_wconf 79' lang='grc' dir='ltr'>πληρώσεως</span> <span class='ocrx_word' id='word_1_123' title='bbox 1894 1008 1908 1024; x_wconf 79' lang='grc' dir='ltr'><strong>ο</strong></span> <span class='ocrx_word' id='word_1_124' title='bbox 1941 990 1978 1044; x_wconf 68' lang='grc' dir='ltr'><strong>τέ</strong></span> 
     </span>
    </p>
   </div>
   <div class='ocr_carea' id='block_1_15' title="bbox 2086 985 3732 1074">
    <p class='ocr_par' dir='ltr' id='par_1_15' title="bbox 2086 985 3732 1074">
     <span class='ocr_line' id='line_1_15' title="bbox 2086 985 3732 1074; baseline 0.007 -28"><span class='ocrx_word' id='word_1_125' title='bbox 2086 986 2259 1047; x_wconf 91' lang='lat' dir='ltr'><strong>etiam</strong></span> <span class='ocrx_word' id='word_1_126' title='bbox 2291 994 2350 1048; x_wconf 90' lang='lat' dir='ltr'><strong>et</strong></span> <span class='ocrx_word' id='word_1_127' title='bbox 2379 985 2562 1061; x_wconf 88' lang='lat' dir='ltr'><strong>Deus,</strong></span> <span class='ocrx_word' id='word_1_128' title='bbox 2596 1005 2802 1049; x_wconf 89' lang='lat' dir='ltr'><strong>rursus</strong></span> <span class='ocrx_word' id='word_1_129' title='bbox 2857 988 2960 1049; x_wconf 90' lang='lat' dir='ltr'><strong>illa</strong></span> <span class='ocrx_word' id='word_1_130' title='bbox 3017 989 3203 1050; x_wconf 81' lang='lat' dir='ltr'><strong>nihilo</strong></span> <span class='ocrx_word' id='word_1_131' title='bbox 3255 990 3453 1054; x_wconf 88' lang='lat' dir='ltr'><strong>minus</strong></span> <span class='ocrx_word' id='word_1_132' title='bbox 3483 1002 3542 1054; x_wconf 92' lang='lat' dir='ltr'><strong>et</strong></span> <span class='ocrx_word' id='word_1_133' title='bbox 3573 995 3732 1074; x_wconf 84' lang='lat' dir='ltr'><strong>virgo</strong></span> 
     </span>
    </p>
   </div>
   <div class='ocr_carea' id='block_1_16' title="bbox 363 1075 1978 1162">
    <p class='ocr_par' dir='ltr' id='par_1_16' title="bbox 363 1077 1976 1160">
     <span class='ocr_line' id='line_1_16' title="bbox 363 1077 1976 1160; baseline -0.001 -22"><span class='ocrx_word' id='word_1_134' title='bbox 363 1080 417 1138; x_wconf 77' lang='grc' dir='ltr'>δὲ</span> <span class='ocrx_word' id='word_1_135' title='bbox 461 1083 554 1151; x_wconf 68' lang='grc' dir='ltr'>τῆς</span> <span class='ocrx_word' id='word_1_136' title='bbox 605 1083 880 1146; x_wconf 83' lang='grc' dir='ltr'><strong>κενώσεως</strong></span> <span class='ocrx_word' id='word_1_137' title='bbox 911 1099 924 1113; x_wconf 88' lang='lat'><strong>&#39;</strong></span> <span class='ocrx_word' id='word_1_138' title='bbox 987 1084 1075 1138; x_wconf 82' lang='grc' dir='ltr'><strong>καὶ</strong></span> <span class='ocrx_word' id='word_1_139' title='bbox 1127 1083 1190 1137; x_wconf 83' lang='grc' dir='ltr'>τὸ</span> <span class='ocrx_word' id='word_1_140' title='bbox 1249 1081 1368 1160; x_wconf 65' lang='grc' dir='ltr'>μὲ),</span> <span class='ocrx_word' id='word_1_141' title='bbox 1427 1082 1501 1142; x_wconf 84' lang='grc' dir='ltr'><strong>ὡς</strong></span> <span class='ocrx_word' id='word_1_142' title='bbox 1560 1080 1722 1154; x_wconf 82' lang='grc' dir='ltr'>μόνου</span> <span class='ocrx_word' id='word_1_143' title='bbox 1747 1077 1812 1127; x_wconf 71' lang='lat'><strong>63</strong></span> <span class='ocrx_word' id='word_1_144' title='bbox 1847 1086 1976 1136; x_wconf 87' lang='grc' dir='ltr'>Θεοῦ</span> 
     </span>
    </p>
   </div>
   <div class='ocr_carea' id='block_1_17' title="bbox 2086 1075 3733 1162">
    <p class='ocr_par' dir='ltr' id='par_1_17' title="bbox 2086 1075 3733 1162">
     <span class='ocr_line' id='line_1_17' title="bbox 2086 1075 3733 1162; baseline 0.007 -26"><span class='ocrx_word' id='word_1_145' title='bbox 2086 1083 2193 1150; x_wconf 90' lang='lat' dir='ltr'><strong>est,</strong></span> <span class='ocrx_word' id='word_1_146' title='bbox 2220 1083 2279 1135; x_wconf 88' lang='lat' dir='ltr'><strong>et</strong></span> <span class='ocrx_word' id='word_1_147' title='bbox 2303 1075 2432 1138; x_wconf 81' lang='lat' dir='ltr'><strong>talis</strong></span> <span class='ocrx_word' id='word_1_148' title='bbox 2457 1094 2572 1136; x_wconf 91' lang='lat' dir='ltr'><strong>non</strong></span> <span class='ocrx_word' id='word_1_149' title='bbox 2597 1075 2793 1136; x_wconf 87' lang='lat' dir='ltr'><strong>minus</strong></span> <span class='ocrx_word' id='word_1_150' title='bbox 2813 1077 2987 1138; x_wconf 89' lang='lat' dir='ltr'><strong>etiam</strong></span> <span class='ocrx_word' id='word_1_151' title='bbox 3024 1087 3154 1158; x_wconf 90' lang='lat' dir='ltr'><strong>post</strong></span> <span class='ocrx_word' id='word_1_152' title='bbox 3183 1081 3416 1159; x_wconf 91' lang='lat' dir='ltr'><strong>partum</strong></span> <span class='ocrx_word' id='word_1_153' title='bbox 3448 1101 3733 1162; x_wconf 80' lang='lat' dir='ltr'><strong>perseve-</strong></span> 
     </span>
    </p>
   </div>
   <div class='ocr_carea' id='block_1_18' title="bbox 359 1164 1978 1251">
    <p class='ocr_par' dir='ltr' id='par_1_18' title="bbox 359 1167 1976 1251">
     <span class='ocr_line' id='line_1_18' title="bbox 359 1167 1976 1251; baseline -0.003 -25"><span class='ocrx_word' id='word_1_154' title='bbox 359 1173 504 1228; x_wconf 80' lang='grc' dir='ltr'>θετον</span> <span class='ocrx_word' id='word_1_155' title='bbox 533 1171 656 1228; x_wconf 78' lang='grc' dir='ltr'>ὅλον</span> <span class='ocrx_word' id='word_1_156' title='bbox 689 1187 702 1201; x_wconf 89' lang='lat'>&#39;</span> <span class='ocrx_word' id='word_1_157' title='bbox 766 1173 826 1228; x_wconf 78' lang='grc' dir='ltr'>τὸ</span> <span class='ocrx_word' id='word_1_158' title='bbox 868 1170 946 1251; x_wconf 80' lang='grc' dir='ltr'><strong>δὲ,</strong></span> <span class='ocrx_word' id='word_1_159' title='bbox 996 1173 1068 1236; x_wconf 83' lang='grc' dir='ltr'>ὡς</span> <span class='ocrx_word' id='word_1_160' title='bbox 1095 1172 1184 1228; x_wconf 80' lang='grc' dir='ltr'><strong>καὶ</strong></span> <span class='ocrx_word' id='word_1_161' title='bbox 1224 1170 1495 1248; x_wconf 58' lang='grc' dir='ltr'>ἀνθρώπου</span> <span class='ocrx_word' id='word_1_162' title='bbox 1525 1167 1608 1248; x_wconf 76' lang='grc'>65,</span> <span class='ocrx_word' id='word_1_163' title='bbox 1655 1168 1976 1247; x_wconf 79' lang='grc' dir='ltr'>ἀνθρώπινον</span> 
     </span>
    </p>
   </div>
   <div class='ocr_carea' id='block_1_19' title="bbox 2086 1164 3731 1251">
    <p class='ocr_par' dir='ltr' id='par_1_19' title="bbox 2086 1164 3731 1247">
     <span class='ocr_line' id='line_1_19' title="bbox 2086 1164 3731 1247; baseline 0.009 -24"><span class='ocrx_word' id='word_1_164' title='bbox 2086 1171 2192 1226; x_wconf 91' lang='lat' dir='ltr'><strong>rat.</strong></span> <span class='ocrx_word' id='word_1_165' title='bbox 2215 1164 2485 1225; x_wconf 86' lang='lat' dir='ltr'><strong>Alterum</strong></span> <span class='ocrx_word' id='word_1_166' title='bbox 2516 1165 2902 1243; x_wconf 83' lang='lat' dir='ltr'><strong>plenitudinis</strong></span> <span class='ocrx_word' id='word_1_167' title='bbox 2925 1177 3013 1227; x_wconf 91' lang='lat' dir='ltr'><strong>est</strong></span> <span class='ocrx_word' id='word_1_168' title='bbox 3061 1167 3450 1247; x_wconf 84' lang='lat' dir='ltr'><strong>(divinitatis),</strong></span> <span class='ocrx_word' id='word_1_169' title='bbox 3480 1173 3731 1237; x_wconf 89' lang='lat' dir='ltr'><strong>alterum</strong></span> 
     </span>
    </p>
   </div>
   <div class='ocr_carea' id='block_1_20' title="bbox 362 1252 1978 1340">
    <p class='ocr_par' dir='ltr' id='par_1_20' title="bbox 362 1255 1978 1340">
     <span class='ocr_line' id='line_1_20' title="bbox 362 1255 1978 1340; baseline -0.005 -23"><span class='ocrx_word' id='word_1_170' title='bbox 362 1260 555 1319; x_wconf 81' lang='grc' dir='ltr'>Τούτου</span> <span class='ocrx_word' id='word_1_171' title='bbox 607 1261 658 1315; x_wconf 91' lang='grc' dir='ltr'><strong>τί</strong></span> <span class='ocrx_word' id='word_1_172' title='bbox 712 1260 1131 1340; x_wconf 73' lang='grc' dir='ltr'>συμφωνότερον,</span> <span class='ocrx_word' id='word_1_173' title='bbox 1188 1259 1226 1327; x_wconf 76' lang='grc' dir='ltr'>ἢ</span> <span class='ocrx_word' id='word_1_174' title='bbox 1289 1266 1404 1333; x_wconf 87' lang='grc' dir='ltr'><strong>Θεῷ</strong></span> <span class='ocrx_word' id='word_1_175' title='bbox 1460 1255 1910 1338; x_wconf 71' lang='grc' dir='ltr'><strong>πρεπωδέστερον,</strong></span> <span class='ocrx_word' id='word_1_176' title='bbox 1965 1257 1978 1309; x_wconf 74' lang='lat' dir='ltr'><strong>i</strong></span> 
     </span>
    </p>
   </div>
   <div class='ocr_carea' id='block_1_21' title="bbox 2086 1252 3733 1340">
    <p class='ocr_par' dir='ltr' id='par_1_21' title="bbox 2086 1252 3733 1340">
     <span class='ocr_line' id='line_1_21' title="bbox 2086 1252 3733 1340; baseline 0.008 -28"><span class='ocrx_word' id='word_1_177' title='bbox 2086 1252 2535 1329; x_wconf 83' lang='lat' dir='ltr'><strong>exinanitionis;</strong></span> <span class='ocrx_word' id='word_1_178' title='bbox 2559 1254 2832 1328; x_wconf 89' lang='lat' dir='ltr'><strong>alterum,</strong></span> <span class='ocrx_word' id='word_1_179' title='bbox 2860 1256 3082 1336; x_wconf 85' lang='lat' dir='ltr'><strong>quippe</strong></span> <span class='ocrx_word' id='word_1_180' title='bbox 3104 1256 3289 1318; x_wconf 88' lang='lat' dir='ltr'><strong>solius</strong></span> <span class='ocrx_word' id='word_1_181' title='bbox 3313 1257 3422 1320; x_wconf 86' lang='lat' dir='ltr'><strong>Dei</strong></span> <span class='ocrx_word' id='word_1_182' title='bbox 3444 1280 3613 1340; x_wconf 86' lang='lat' dir='ltr'><strong>opus,</strong></span> <span class='ocrx_word' id='word_1_183' title='bbox 3639 1271 3733 1325; x_wconf 83' lang='lat' dir='ltr'><strong>to-</strong></span> 
     </span>
    </p>
   </div>
   <div class='ocr_carea' id='block_1_22' title="bbox 362 1341 1978 1430">
    <p class='ocr_par' dir='ltr' id='par_1_22' title="bbox 362 1349 1428 1430">
     <span class='ocr_line' id='line_1_22' title="bbox 362 1349 1428 1430; baseline 0.002 -26"><span class='ocrx_word' id='word_1_184' title='bbox 362 1349 522 1427; x_wconf 88' lang='grc' dir='ltr'>μητρὶ</span> <span class='ocrx_word' id='word_1_185' title='bbox 551 1350 893 1430; x_wconf 80' lang='grc' dir='ltr'><strong>χαριέστερον</strong></span> <span class='ocrx_word' id='word_1_186' title='bbox 925 1368 941 1428; x_wconf 69' lang='grc' dir='ltr'>ς</span> <span class='ocrx_word' id='word_1_187' title='bbox 1426 1385 1428 1392; x_wconf 92' lang='lat'><strong><em>-</em></strong></span> 
     </span>
    </p>
   </div>
   <div class='ocr_carea' id='block_1_23' title="bbox 2086 1341 3733 1430">
    <p class='ocr_par' dir='ltr' id='par_1_23' title="bbox 2086 1341 3733 1426">
     <span class='ocr_line' id='line_1_23' title="bbox 2086 1341 3733 1426; baseline 0.008 -26"><span class='ocrx_word' id='word_1_188' title='bbox 2086 1347 2205 1400; x_wconf 91' lang='lat' dir='ltr'><strong>tum</strong></span> <span class='ocrx_word' id='word_1_189' title='bbox 2239 1341 2499 1402; x_wconf 86' lang='lat' dir='ltr'><strong>divinum</strong></span> <span class='ocrx_word' id='word_1_190' title='bbox 2525 1360 2538 1400; x_wconf 91' lang='lat'>:</span> <span class='ocrx_word' id='word_1_191' title='bbox 2568 1343 2844 1417; x_wconf 88' lang='lat' dir='ltr'><strong>alterum,</strong></span> <span class='ocrx_word' id='word_1_192' title='bbox 2870 1351 3074 1424; x_wconf 86' lang='lat' dir='ltr'><strong>utpote</strong></span> <span class='ocrx_word' id='word_1_193' title='bbox 3094 1345 3269 1406; x_wconf 89' lang='lat' dir='ltr'><strong>etiam</strong></span> <span class='ocrx_word' id='word_1_194' title='bbox 3296 1347 3580 1426; x_wconf 88' lang='lat' dir='ltr'><strong>hominis,</strong></span> <span class='ocrx_word' id='word_1_195' title='bbox 3617 1351 3733 1413; x_wconf 88' lang='lat' dir='ltr'><strong>bu-</strong></span> 
     </span>
    </p>
   </div>
   <div class='ocr_carea' id='block_1_24' title="bbox 363 1429 3734 1516">
    <p class='ocr_par' dir='ltr' id='par_1_24' title="bbox 363 1429 3734 1516">
     <span class='ocr_line' id='line_1_24' title="bbox 363 1429 3734 1516; baseline 0.003 -20"><span class='ocrx_word' id='word_1_196' title='bbox 363 1453 624 1497; x_wconf 89' lang='lat' dir='ltr'><strong>manum.</strong></span> <span class='ocrx_word' id='word_1_197' title='bbox 659 1435 808 1509; x_wconf 89' lang='lat' dir='ltr'><strong>Quid</strong></span> <span class='ocrx_word' id='word_1_198' title='bbox 836 1439 948 1500; x_wconf 88' lang='lat' dir='ltr'><strong>hoc</strong></span> <span class='ocrx_word' id='word_1_199' title='bbox 974 1439 1160 1516; x_wconf 88' lang='lat' dir='ltr'><strong>magis</strong></span> <span class='ocrx_word' id='word_1_200' title='bbox 1189 1441 1675 1509; x_wconf 89' lang='lat' dir='ltr'><strong>conscntaneum,</strong></span> <span class='ocrx_word' id='word_1_201' title='bbox 1720 1433 1812 1496; x_wconf 92' lang='lat' dir='ltr'><strong>vel</strong></span> <span class='ocrx_word' id='word_1_202' title='bbox 1863 1429 2007 1514; x_wconf 80' lang='lat' dir='ltr'><strong>quid</strong></span> <span class='ocrx_word' id='word_1_203' title='bbox 2059 1430 2244 1510; x_wconf 87' lang='lat' dir='ltr'><strong>magis</strong></span> <span class='ocrx_word' id='word_1_204' title='bbox 2277 1433 2398 1492; x_wconf 88' lang='lat' dir='ltr'><strong>Deo</strong></span> <span class='ocrx_word' id='word_1_205' title='bbox 2447 1431 2830 1513; x_wconf 86' lang='lat' dir='ltr'><strong>conveniens,</strong></span> <span class='ocrx_word' id='word_1_206' title='bbox 2881 1439 2982 1494; x_wconf 89' lang='lat' dir='ltr'><strong>aut</strong></span> <span class='ocrx_word' id='word_1_207' title='bbox 3031 1435 3202 1495; x_wconf 88' lang='lat' dir='ltr'><strong>matri</strong></span> <span class='ocrx_word' id='word_1_208' title='bbox 3248 1435 3574 1514; x_wconf 88' lang='lat' dir='ltr'><strong>jucundius</strong></span> <span class='ocrx_word' id='word_1_209' title='bbox 3603 1460 3734 1505; x_wconf 86' lang='lat' dir='ltr'><strong>esse</strong></span> 
     </span>
    </p>
   </div>
   <div class='ocr_carea' id='block_1_25' title="bbox 362 1523 598 1605">
    <p class='ocr_par' dir='ltr' id='par_1_25' title="bbox 362 1523 598 1605">
     <span class='ocr_line' id='line_1_25' title="bbox 362 1523 598 1605; baseline -0.008 -19"><span class='ocrx_word' id='word_1_210' title='bbox 362 1525 546 1605; x_wconf 85' lang='lat' dir='ltr'><strong>possit</strong></span> <span class='ocrx_word' id='word_1_211' title='bbox 567 1523 598 1584; x_wconf 79' lang='lat' dir='ltr'><strong>‘I</strong></span> 
     </span>
    </p>
   </div>
   <div class='ocr_carea' id='block_1_26' title="bbox 443 1604 1978 1693">
    <p class='ocr_par' dir='ltr' id='par_1_26' title="bbox 443 1604 1978 1693">
     <span class='ocr_line' id='line_1_26' title="bbox 443 1604 1978 1693; baseline -0.002 -23"><span class='ocrx_word' id='word_1_212' title='bbox 443 1604 554 1676; x_wconf 58' lang='lat' dir='ltr'><strong>IA&#39;.</strong></span> <span class='ocrx_word' id='word_1_213' title='bbox 616 1615 762 1684; x_wconf 79' lang='grc' dir='ltr'>Πλὴν</span> <span class='ocrx_word' id='word_1_214' title='bbox 806 1619 834 1672; x_wconf 81' lang='grc' dir='ltr'>ὁ</span> <span class='ocrx_word' id='word_1_215' title='bbox 879 1615 973 1692; x_wconf 75' lang='grc' dir='ltr'><strong>μὲν</strong></span> <span class='ocrx_word' id='word_1_216' title='bbox 1016 1626 1171 1676; x_wconf 86' lang='grc' dir='ltr'>τοῦτο</span> <span class='ocrx_word' id='word_1_217' title='bbox 1213 1614 1470 1693; x_wconf 85' lang='grc' dir='ltr'>δεύτερον,</span> <span class='ocrx_word' id='word_1_218' title='bbox 1528 1615 1628 1682; x_wconf 71' lang='grc' dir='ltr'>τὴν</span> <span class='ocrx_word' id='word_1_219' title='bbox 1683 1613 1813 1692; x_wconf 75' lang='grc' dir='ltr'>ὑπὲρ</span> <span class='ocrx_word' id='word_1_220' title='bbox 1869 1614 1978 1686; x_wconf 80' lang='grc' dir='ltr'><strong>ἡμᾶ</strong></span> 
     </span>
    </p>
   </div>
   <div class='ocr_carea' id='block_1_27' title="bbox 2086 1604 3734 1693">
    <p class='ocr_par' dir='ltr' id='par_1_27' title="bbox 2174 1605 3734 1689">
     <span class='ocr_line' id='line_1_27' title="bbox 2174 1605 3734 1689; baseline 0.009 -21"><span class='ocrx_word' id='word_1_221' title='bbox 2174 1605 2320 1670; x_wconf 83' lang='lat' dir='ltr'><strong>XIV.</strong></span> <span class='ocrx_word' id='word_1_222' title='bbox 2355 1606 2643 1670; x_wconf 79' lang='lat' dir='ltr'><strong>Caeterum</strong></span> <span class='ocrx_word' id='word_1_223' title='bbox 2675 1609 2795 1681; x_wconf 90' lang='lat' dir='ltr'><strong>ille,</strong></span> <span class='ocrx_word' id='word_1_224' title='bbox 2831 1609 2932 1689; x_wconf 90' lang='lat' dir='ltr'><strong>qui</strong></span> <span class='ocrx_word' id='word_1_225' title='bbox 2963 1608 3023 1670; x_wconf 91' lang='lat' dir='ltr'><strong>in</strong></span> <span class='ocrx_word' id='word_1_226' title='bbox 3054 1613 3315 1674; x_wconf 85' lang='lat' dir='ltr'><strong>secunda</strong></span> <span class='ocrx_word' id='word_1_227' title='bbox 3345 1615 3454 1677; x_wconf 88' lang='lat' dir='ltr'><strong>hac</strong></span> <span class='ocrx_word' id='word_1_228' title='bbox 3482 1618 3669 1680; x_wconf 89' lang='lat' dir='ltr'><strong>forma</strong></span> <span class='ocrx_word' id='word_1_229' title='bbox 3700 1639 3734 1682; x_wconf 91' lang='lat' dir='ltr'><strong>a</strong></span> 
     </span>
    </p>
   </div>
   <div class='ocr_carea' id='block_1_28' title="bbox 360 1694 1978 1786">
    <p class='ocr_par' dir='ltr' id='par_1_28' title="bbox 360 1702 1978 1783">
     <span class='ocr_line' id='line_1_28' title="bbox 360 1702 1978 1783; baseline 0 -25"><span class='ocrx_word' id='word_1_230' title='bbox 360 1724 416 1759; x_wconf 90' lang='grc' dir='ltr'><strong>τε</strong></span> <span class='ocrx_word' id='word_1_231' title='bbox 471 1705 560 1760; x_wconf 78' lang='grc' dir='ltr'>καὶ</span> <span class='ocrx_word' id='word_1_232' title='bbox 615 1704 730 1761; x_wconf 80' lang='grc' dir='ltr'>καθ’</span> <span class='ocrx_word' id='word_1_233' title='bbox 805 1708 948 1781; x_wconf 77' lang='grc' dir='ltr'>ἡμᾶς</span> <span class='ocrx_word' id='word_1_234' title='bbox 1004 1705 1250 1783; x_wconf 83' lang='grc' dir='ltr'>γέννησιν</span> <span class='ocrx_word' id='word_1_235' title='bbox 1304 1705 1522 1779; x_wconf 88' lang='grc' dir='ltr'>ταύτην,</span> <span class='ocrx_word' id='word_1_236' title='bbox 1584 1705 1848 1782; x_wconf 84' lang='grc' dir='ltr'>γεννηθεὶς</span> <span class='ocrx_word' id='word_1_237' title='bbox 1907 1702 1978 1758; x_wconf 82' lang='grc' dir='ltr'>ἀπ</span> 
     </span>
    </p>
   </div>
   <div class='ocr_carea' id='block_1_29' title="bbox 2086 1694 3735 1786">
    <p class='ocr_par' dir='ltr' id='par_1_29' title="bbox 2095 1694 3735 1786">
     <span class='ocr_line' id='line_1_29' title="bbox 2095 1694 3735 1786; baseline 0.009 -30"><span class='ocrx_word' id='word_1_238' title='bbox 2095 1694 2273 1774; x_wconf 88' lang='lat' dir='ltr'><strong>digna</strong></span> <span class='ocrx_word' id='word_1_239' title='bbox 2293 1696 2472 1758; x_wconf 85' lang='lat' dir='ltr'><strong>Matre</strong></span> <span class='ocrx_word' id='word_1_240' title='bbox 2494 1698 2792 1760; x_wconf 89' lang='lat' dir='ltr'><strong>nativitate</strong></span> <span class='ocrx_word' id='word_1_241' title='bbox 2829 1702 2941 1760; x_wconf 90' lang='lat' dir='ltr'><strong>ista</strong></span> <span class='ocrx_word' id='word_1_242' title='bbox 2977 1702 3447 1779; x_wconf 70' lang='lat' dir='ltr'><strong>praecellentiore</strong></span> <span class='ocrx_word' id='word_1_243' title='bbox 3473 1707 3637 1786; x_wconf 82' lang='lat' dir='ltr'><strong>juxta</strong></span> <span class='ocrx_word' id='word_1_244' title='bbox 3665 1725 3735 1772; x_wconf 89' lang='lat' dir='ltr'><strong>ac</strong></span> 
     </span>
    </p>
   </div>
   <div class='ocr_carea' id='block_1_30' title="bbox 363 1786 1978 1874">
    <p class='ocr_par' dir='ltr' id='par_1_30' title="bbox 363 1791 1978 1871">
     <span class='ocr_line' id='line_1_30' title="bbox 363 1791 1978 1871; baseline -0.002 -23"><span class='ocrx_word' id='word_1_245' title='bbox 363 1794 572 1871; x_wconf 82' lang='grc' dir='ltr'>Μητρὸς</span> <span class='ocrx_word' id='word_1_246' title='bbox 605 1791 771 1868; x_wconf 80' lang='grc' dir='ltr'>ἀξίας,</span> <span class='ocrx_word' id='word_1_247' title='bbox 809 1818 833 1850; x_wconf 77' lang='grc' dir='ltr'>(ι</span> <span class='ocrx_word' id='word_1_248' title='bbox 870 1795 936 1862; x_wconf 77' lang='grc' dir='ltr'>ἧν</span> <span class='ocrx_word' id='word_1_249' title='bbox 963 1793 1026 1843; x_wconf 75' lang='grc'><strong>64</strong></span> <span class='ocrx_word' id='word_1_250' title='bbox 1055 1794 1481 1869; x_wconf 74' lang='grc' dir='ltr'>ὑποτασσόμενος</span> <span class='ocrx_word' id='word_1_251' title='bbox 1534 1805 1652 1854; x_wconf 81' lang='grc' dir='ltr'>τοϊς</span> <span class='ocrx_word' id='word_1_252' title='bbox 1710 1798 1934 1870; x_wconf 77' lang='grc' dir='ltr'>γονεῦσι,</span> <span class='ocrx_word' id='word_1_253' title='bbox 1977 1815 1978 1845; x_wconf 84' lang='lat'>;</span> 
     </span>
    </p>
   </div>
   <div class='ocr_carea' id='block_1_31' title="bbox 2086 1786 3732 1874">
    <p class='ocr_par' dir='ltr' id='par_1_31' title="bbox 2093 1786 3732 1874">
     <span class='ocr_line' id='line_1_31' title="bbox 2093 1786 3732 1874; baseline 0.01 -30"><span class='ocrx_word' id='word_1_254' title='bbox 2093 1793 2306 1846; x_wconf 74' lang='lat' dir='ltr'><strong>nostrae</strong></span> <span class='ocrx_word' id='word_1_255' title='bbox 2334 1786 2514 1847; x_wconf 90' lang='lat' dir='ltr'><strong>simili</strong></span> <span class='ocrx_word' id='word_1_256' title='bbox 2546 1787 2782 1864; x_wconf 86' lang='lat' dir='ltr'><strong>genitus</strong></span> <span class='ocrx_word' id='word_1_257' title='bbox 2811 1794 2920 1862; x_wconf 89' lang='lat' dir='ltr'><strong>est,</strong></span> <span class='ocrx_word' id='word_1_258' title='bbox 2965 1790 3295 1852; x_wconf 89' lang='lat' dir='ltr'><strong>secundum</strong></span> <span class='ocrx_word' id='word_1_259' title='bbox 3329 1795 3732 1874; x_wconf 79' lang='lat' dir='ltr'><strong>evangelicum</strong></span> 
     </span>
    </p>
   </div>
   <div class='ocr_carea' id='block_1_32' title="bbox 359 1875 1978 1961">
    <p class='ocr_par' dir='ltr' id='par_1_32' title="bbox 359 1879 1978 1961">
     <span class='ocr_line' id='line_1_32' title="bbox 359 1879 1978 1961; baseline -0.002 -26"><span class='ocrx_word' id='word_1_260' title='bbox 359 1881 495 1936; x_wconf 73' lang='grc' dir='ltr'>κατὰ</span> <span class='ocrx_word' id='word_1_261' title='bbox 525 1881 584 1937; x_wconf 84' lang='grc' dir='ltr'>τὸ</span> <span class='ocrx_word' id='word_1_262' title='bbox 626 1879 806 1960; x_wconf 85' lang='grc' dir='ltr'>λόγιον</span> <span class='ocrx_word' id='word_1_263' title='bbox 875 1881 1032 1950; x_wconf 79' lang='grc' dir='ltr'>δῆλον</span> <span class='ocrx_word' id='word_1_264' title='bbox 1089 1880 1156 1938; x_wconf 85' lang='grc' dir='ltr'>δι’</span> <span class='ocrx_word' id='word_1_265' title='bbox 1209 1881 1289 1938; x_wconf 78' lang='grc' dir='ltr'>ὅτι</span> <span class='ocrx_word' id='word_1_266' title='bbox 1345 1887 1553 1961; x_wconf 86' lang='grc' dir='ltr'>γονεῦσι</span> <span class='ocrx_word' id='word_1_267' title='bbox 1594 1888 1662 1958; x_wconf 77' lang='grc' dir='ltr'>τῇ</span> <span class='ocrx_word' id='word_1_268' title='bbox 1721 1881 1816 1957; x_wconf 78' lang='grc' dir='ltr'><strong>μὲν</strong></span> <span class='ocrx_word' id='word_1_269' title='bbox 1872 1901 1978 1936; x_wconf 62' lang='grc' dir='ltr'>κατέ</span> 
     </span>
    </p>
   </div>
   <div class='ocr_carea' id='block_1_33' title="bbox 2086 1875 3737 1961">
    <p class='ocr_par' dir='ltr' id='par_1_33' title="bbox 2091 1875 3737 1961">
     <span class='ocr_line' id='line_1_33' title="bbox 2091 1875 3737 1961; baseline 0.01 -27"><span class='ocrx_word' id='word_1_270' title='bbox 2091 1875 2422 1961; x_wconf 80' lang='lat' dir='ltr'><strong>oraculum,</strong></span> <span class='ocrx_word' id='word_1_271' title='bbox 2460 1883 2591 1937; x_wconf 83' lang='lat' dir='ltr'><strong>erat</strong></span> <span class='ocrx_word' id='word_1_272' title='bbox 2615 1875 2890 1938; x_wconf 77' lang='lat' dir='ltr'><strong>subditus</strong></span> <span class='ocrx_word' id='word_1_273' title='bbox 2916 1877 3266 1956; x_wconf 78' lang='lat' dir='ltr'><strong>parentibus</strong></span> <span class='ocrx_word' id='word_1_274' title='bbox 3286 1889 3347 1957; x_wconf 74' lang='grc' dir='ltr'>ω,</span> <span class='ocrx_word' id='word_1_275' title='bbox 3381 1883 3654 1949; x_wconf 87' lang='lat' dir='ltr'><strong>vicelicet</strong></span> <span class='ocrx_word' id='word_1_276' title='bbox 3679 1901 3737 1955; x_wconf 83' lang='lat' dir='ltr'><strong>et</strong></span> 
     </span>
    </p>
   </div>
   <div class='ocr_carea' id='block_1_34' title="bbox 360 1941 1978 2053">
    <p class='ocr_par' dir='ltr' id='par_1_34' title="bbox 360 1941 1974 2053">
     <span class='ocr_line' id='line_1_34' title="bbox 704 1941 1732 1961; baseline 0 -1"><span class='ocrx_word' id='word_1_277' title='bbox 704 1941 714 1960; x_wconf 83' lang='lat'>.</span> <span class='ocrx_word' id='word_1_278' title='bbox 927 1941 937 1950; x_wconf 95' lang='lat'><em>-</em></span> <span class='ocrx_word' id='word_1_279' title='bbox 1361 1941 1371 1961; x_wconf 84' lang='lat'><strong>.</strong></span> <span class='ocrx_word' id='word_1_280' title='bbox 1639 1941 1662 1958; x_wconf 90' lang='lat'><strong>.-</strong></span> <span class='ocrx_word' id='word_1_281' title='bbox 1721 1941 1732 1957; x_wconf 75' lang='grc' dir='ltr'><strong>ι</strong></span> 
     </span>
     <span class='ocr_line' id='line_1_35' title="bbox 360 1969 1974 2053; baseline 0.001 -30"><span class='ocrx_word' id='word_1_282' title='bbox 360 1969 511 2048; x_wconf 72' lang='grc' dir='ltr'>φύσιν</span> <span class='ocrx_word' id='word_1_283' title='bbox 580 1971 666 2025; x_wconf 83' lang='grc' dir='ltr'><strong>καὶ</strong></span> <span class='ocrx_word' id='word_1_284' title='bbox 721 1973 850 2051; x_wconf 78' lang='grc' dir='ltr'>ὑπὲρ</span> <span class='ocrx_word' id='word_1_285' title='bbox 920 1973 1096 2053; x_wconf 73' lang='grc' dir='ltr'>φύσιν,</span> <span class='ocrx_word' id='word_1_286' title='bbox 1168 1978 1246 2046; x_wconf 81' lang='grc' dir='ltr'>τῷ</span> <span class='ocrx_word' id='word_1_287' title='bbox 1300 1969 1354 2027; x_wconf 76' lang='grc' dir='ltr'>δὲ</span> <span class='ocrx_word' id='word_1_288' title='bbox 1410 1972 1547 2028; x_wconf 73' lang='grc' dir='ltr'>κατὰ</span> <span class='ocrx_word' id='word_1_289' title='bbox 1600 1991 1719 2025; x_wconf 86' lang='grc' dir='ltr'>τινα</span> <span class='ocrx_word' id='word_1_290' title='bbox 1787 1969 1974 2049; x_wconf 81' lang='grc' dir='ltr'>σχέσιν</span> 
     </span>
    </p>
   </div>
   <div class='ocr_carea' id='block_1_35' title="bbox 2086 1941 3730 2053">
    <p class='ocr_par' dir='ltr' id='par_1_35' title="bbox 2086 1941 3730 2050">
     <span class='ocr_line' id='line_1_36' title="bbox 2086 1941 3730 2050; baseline 0.01 -29"><span class='ocrx_word' id='word_1_291' title='bbox 2086 1960 2196 2036; x_wconf 91' lang='lat' dir='ltr'><strong>illi,</strong></span> <span class='ocrx_word' id='word_1_292' title='bbox 2232 1981 2361 2043; x_wconf 75' lang='lat' dir='ltr'><strong>quae</strong></span> <span class='ocrx_word' id='word_1_293' title='bbox 2392 1964 2717 2026; x_wconf 89' lang='lat' dir='ltr'><strong>secundum</strong></span> <span class='ocrx_word' id='word_1_294' title='bbox 2751 1941 3020 2026; x_wconf 68' lang='lat' dir='ltr'><strong>naturam</strong></span> <span class='ocrx_word' id='word_1_295' title='bbox 3048 1985 3117 2028; x_wconf 90' lang='lat' dir='ltr'><strong>ac</strong></span> <span class='ocrx_word' id='word_1_296' title='bbox 3148 1941 3533 2050; x_wconf 45' lang='lat' dir='ltr'><strong>simul’supra</strong></span> <span class='ocrx_word' id='word_1_297' title='bbox 3559 1982 3730 2036; x_wconf 85' lang='lat' dir='ltr'><strong>uatu-</strong></span> 
     </span>
    </p>
   </div>
   <div class='ocr_carea' id='block_1_36' title="bbox 360 2053 1978 2142">
    <p class='ocr_par' dir='ltr' id='par_1_36' title="bbox 360 2054 1978 2139">
     <span class='ocr_line' id='line_1_37' title="bbox 360 2054 1978 2139; baseline 0.001 -26"><span class='ocrx_word' id='word_1_298' title='bbox 360 2054 462 2113; x_wconf 80' lang='grc' dir='ltr'>εἴτ’</span> <span class='ocrx_word' id='word_1_299' title='bbox 519 2058 606 2115; x_wconf 72' lang='grc' dir='ltr'><strong>οὖν</strong></span> <span class='ocrx_word' id='word_1_300' title='bbox 661 2059 822 2132; x_wconf 88' lang='grc' dir='ltr'>θέσιν,</span> <span class='ocrx_word' id='word_1_301' title='bbox 877 2062 920 2116; x_wconf 78' lang='grc' dir='ltr'>εἰ</span> <span class='ocrx_word' id='word_1_302' title='bbox 993 2059 1193 2139; x_wconf 80' lang='grc' dir='ltr'>βούλει,</span> <span class='ocrx_word' id='word_1_303' title='bbox 1251 2062 1338 2116; x_wconf 82' lang='grc' dir='ltr'><strong>καὶ</strong></span> <span class='ocrx_word' id='word_1_304' title='bbox 1413 2061 1542 2138; x_wconf 77' lang='grc' dir='ltr'>πρὸς</span> <span class='ocrx_word' id='word_1_305' title='bbox 1609 2058 1762 2138; x_wconf 79' lang='grc' dir='ltr'>φύσιν</span> <span class='ocrx_word' id='word_1_306' title='bbox 1831 2055 1978 2116; x_wconf 67' lang='grc' dir='ltr'>οὐδέν</span> 
     </span>
    </p>
   </div>
   <div class='ocr_carea' id='block_1_37' title="bbox 2086 2053 3732 2142">
    <p class='ocr_par' dir='ltr' id='par_1_37' title="bbox 2087 2053 3732 2142">
     <span class='ocr_line' id='line_1_38' title="bbox 2087 2053 3732 2142; baseline 0.01 -32"><span class='ocrx_word' id='word_1_307' title='bbox 2087 2068 2211 2142; x_wconf 76' lang='lat' dir='ltr'><strong>ram</strong></span> <span class='ocrx_word' id='word_1_308' title='bbox 2246 2053 2700 2142; x_wconf 83' lang='lat' dir='ltr'><strong>ipsumgenuit,</strong></span> <span class='ocrx_word' id='word_1_309' title='bbox 2757 2062 2815 2142; x_wconf 89' lang='lat' dir='ltr'><strong>et</strong></span> <span class='ocrx_word' id='word_1_310' title='bbox 2863 2054 2950 2114; x_wconf 91' lang='lat' dir='ltr'><strong>illi</strong></span> <span class='ocrx_word' id='word_1_311' title='bbox 3005 2055 3110 2135; x_wconf 89' lang='lat' dir='ltr'><strong>qui</strong></span> <span class='ocrx_word' id='word_1_312' title='bbox 3137 2057 3426 2122; x_wconf 89' lang='lat' dir='ltr'><strong>relatione</strong></span> <span class='ocrx_word' id='word_1_313' title='bbox 3454 2063 3732 2142; x_wconf 85' lang='lat' dir='ltr'><strong>quadam,</strong></span> 
     </span>
    </p>
   </div>
   <div class='ocr_carea' id='block_1_38' title="bbox 363 2137 1978 2229">
    <p class='ocr_par' dir='ltr' id='par_1_38' title="bbox 363 2137 1978 2229">
     <span class='ocr_line' id='line_1_39' title="bbox 363 2137 1978 2229; baseline -0.004 -19"><span class='ocrx_word' id='word_1_314' title='bbox 363 2137 454 2210; x_wconf 61' lang='grc' dir='ltr'><strong>Ὠς</strong></span> <span class='ocrx_word' id='word_1_315' title='bbox 485 2144 551 2198; x_wconf 71' lang='lat'><strong>65</strong></span> <span class='ocrx_word' id='word_1_316' title='bbox 617 2149 716 2228; x_wconf 69' lang='grc' dir='ltr'>γὰρ</span> <span class='ocrx_word' id='word_1_317' title='bbox 784 2149 939 2229; x_wconf 76' lang='grc' dir='ltr'>ἀνὴρ,</span> <span class='ocrx_word' id='word_1_318' title='bbox 1017 2151 1044 2206; x_wconf 85' lang='grc' dir='ltr'>ὁ</span> <span class='ocrx_word' id='word_1_319' title='bbox 1101 2137 1344 2227; x_wconf 78' lang='grc' dir='ltr'>μνηστηρ</span> <span class='ocrx_word' id='word_1_320' title='bbox 1411 2137 1501 2205; x_wconf 75' lang='grc' dir='ltr'><strong>καὶ</strong></span> <span class='ocrx_word' id='word_1_321' title='bbox 1570 2137 1662 2206; x_wconf 85' lang='grc' dir='ltr'><strong>τοῦ</strong></span> <span class='ocrx_word' id='word_1_322' title='bbox 1721 2146 1978 2227; x_wconf 78' lang='grc' dir='ltr'>τεχθέντα</span> 
     </span>
    </p>
   </div>
   <div class='ocr_carea' id='block_1_39' title="bbox 2086 2137 3736 2229">
    <p class='ocr_par' dir='ltr' id='par_1_39' title="bbox 2086 2137 3736 2223">
     <span class='ocr_line' id='line_1_40' title="bbox 2086 2137 3736 2223; baseline 0.01 -24"><span class='ocrx_word' id='word_1_323' title='bbox 2086 2139 2336 2217; x_wconf 90' lang='lat' dir='ltr'><strong>scilicet,</strong></span> <span class='ocrx_word' id='word_1_324' title='bbox 2367 2142 2416 2203; x_wconf 91' lang='lat' dir='ltr'><strong>si</strong></span> <span class='ocrx_word' id='word_1_325' title='bbox 2445 2141 2527 2202; x_wconf 93' lang='lat' dir='ltr'><strong>ita</strong></span> <span class='ocrx_word' id='word_1_326' title='bbox 2560 2143 2670 2216; x_wconf 90' lang='lat' dir='ltr'><strong>vis,</strong></span> <span class='ocrx_word' id='word_1_327' title='bbox 2701 2141 3046 2223; x_wconf 87' lang='lat' dir='ltr'><strong>adoptione,</strong></span> <span class='ocrx_word' id='word_1_328' title='bbox 3096 2147 3430 2210; x_wconf 88' lang='lat' dir='ltr'><strong>nullatenus</strong></span> <span class='ocrx_word' id='word_1_329' title='bbox 3458 2137 3596 2213; x_wconf 72' lang='lat' dir='ltr'><strong>vero</strong></span> <span class='ocrx_word' id='word_1_330' title='bbox 3627 2137 3736 2216; x_wconf 46' lang='lat' dir='ltr'><strong>na;</strong></span> 
     </span>
    </p>
   </div>
   <div class='ocr_carea' id='block_1_40' title="bbox 359 2230 1978 2317">
    <p class='ocr_par' dir='ltr' id='par_1_40' title="bbox 359 2235 1978 2317">
     <span class='ocr_line' id='line_1_41' title="bbox 359 2235 1978 2317; baseline 0 -25"><span class='ocrx_word' id='word_1_331' title='bbox 359 2238 556 2316; x_wconf 75' lang='grc' dir='ltr'>πατήρ.</span> <span class='ocrx_word' id='word_1_332' title='bbox 611 2243 796 2302; x_wconf 78' lang='grc' dir='ltr'>Γονεϊς</span> <span class='ocrx_word' id='word_1_333' title='bbox 864 2240 1034 2296; x_wconf 79' lang='grc' dir='ltr'>τοίνυν</span> <span class='ocrx_word' id='word_1_334' title='bbox 1089 2241 1260 2317; x_wconf 81' lang='grc' dir='ltr'>ὁμῶς,</span> <span class='ocrx_word' id='word_1_335' title='bbox 1333 2240 1376 2294; x_wconf 80' lang='grc' dir='ltr'>εἰ</span> <span class='ocrx_word' id='word_1_336' title='bbox 1430 2239 1519 2294; x_wconf 87' lang='grc' dir='ltr'><strong>καὶ</strong></span> <span class='ocrx_word' id='word_1_337' title='bbox 1575 2238 1652 2313; x_wconf 75' lang='grc' dir='ltr'>μὴ</span> <span class='ocrx_word' id='word_1_338' title='bbox 1681 2235 1746 2285; x_wconf 77' lang='grc'><strong>66</strong></span> <span class='ocrx_word' id='word_1_339' title='bbox 1805 2237 1978 2312; x_wconf 65' lang='grc' dir='ltr'>ὁμοίως</span> 
     </span>
    </p>
   </div>
   <div class='ocr_carea' id='block_1_41' title="bbox 2086 2230 3739 2317">
    <p class='ocr_par' dir='ltr' id='par_1_41' title="bbox 2088 2230 3739 2312">
     <span class='ocr_line' id='line_1_42' title="bbox 2088 2230 3739 2312; baseline 0.007 -18"><span class='ocrx_word' id='word_1_340' title='bbox 2088 2241 2240 2304; x_wconf 88' lang='lat' dir='ltr'><strong>tura,</strong></span> <span class='ocrx_word' id='word_1_341' title='bbox 2276 2230 2470 2292; x_wconf 91' lang='lat' dir='ltr'><strong>eidem</strong></span> <span class='ocrx_word' id='word_1_342' title='bbox 2505 2240 2673 2312; x_wconf 90' lang='lat' dir='ltr'><strong>pater</strong></span> <span class='ocrx_word' id='word_1_343' title='bbox 2702 2230 2836 2292; x_wconf 85' lang='lat' dir='ltr'><strong>fuit.</strong></span> <span class='ocrx_word' id='word_1_344' title='bbox 2899 2230 3166 2312; x_wconf 90' lang='lat' dir='ltr'><strong>Sponsus</strong></span> <span class='ocrx_word' id='word_1_345' title='bbox 3217 2236 3378 2298; x_wconf 88' lang='lat' dir='ltr'><strong>enim</strong></span> <span class='ocrx_word' id='word_1_346' title='bbox 3409 2240 3586 2302; x_wconf 85' lang='lat' dir='ltr'><strong>etiam</strong></span> <span class='ocrx_word' id='word_1_347' title='bbox 3619 2244 3739 2305; x_wconf 89' lang='lat' dir='ltr'><strong>nati</strong></span> 
     </span>
    </p>
   </div>
   <div class='ocr_carea' id='block_1_42' title="bbox 357 2319 1978 2410">
    <p class='ocr_par' dir='ltr' id='par_1_42' title="bbox 357 2324 1978 2407">
     <span class='ocr_line' id='line_1_43' title="bbox 357 2324 1978 2407; baseline 0.001 -26"><span class='ocrx_word' id='word_1_348' title='bbox 357 2325 643 2405; x_wconf 78' lang='grc' dir='ltr'>ἀμφότεροι</span> <span class='ocrx_word' id='word_1_349' title='bbox 672 2343 688 2358; x_wconf 87' lang='lat'><strong><em>°</em></strong></span> <span class='ocrx_word' id='word_1_350' title='bbox 724 2326 809 2407; x_wconf 76' lang='grc' dir='ltr'><strong>ὑφ’</strong></span> <span class='ocrx_word' id='word_1_351' title='bbox 829 2329 903 2382; x_wconf 84' lang='grc' dir='ltr'>ὦν</span> <span class='ocrx_word' id='word_1_352' title='bbox 932 2329 1020 2384; x_wconf 83' lang='grc' dir='ltr'><strong>καὶ</strong></span> <span class='ocrx_word' id='word_1_353' title='bbox 1051 2325 1306 2403; x_wconf 79' lang='grc' dir='ltr'>λαμϐάνει</span> <span class='ocrx_word' id='word_1_354' title='bbox 1337 2329 1398 2384; x_wconf 77' lang='grc' dir='ltr'>τὸ</span> <span class='ocrx_word' id='word_1_355' title='bbox 1433 2349 1462 2382; x_wconf 78' lang='grc' dir='ltr'>ι</span> <span class='ocrx_word' id='word_1_356' title='bbox 1485 2349 1593 2382; x_wconf 79' lang='grc' dir='ltr'><strong>σωτ</strong></span> <span class='ocrx_word' id='word_1_357' title='bbox 1610 2328 1745 2406; x_wconf 60' lang='grc' dir='ltr'>ἤριον</span> <span class='ocrx_word' id='word_1_358' title='bbox 1772 2350 1798 2381; x_wconf 72' lang='lat' dir='ltr'><strong>n</strong></span> <span class='ocrx_word' id='word_1_359' title='bbox 1835 2324 1978 2402; x_wconf 70' lang='grc' dir='ltr'>ὄνομ(</span> 
     </span>
    </p>
   </div>
   <div class='ocr_carea' id='block_1_43' title="bbox 2086 2319 3742 2410">
    <p class='ocr_par' dir='ltr' id='par_1_43' title="bbox 2086 2319 3742 2410">
     <span class='ocr_line' id='line_1_44' title="bbox 2086 2319 3742 2410; baseline 0.008 -31"><span class='ocrx_word' id='word_1_360' title='bbox 2086 2328 2253 2410; x_wconf 85' lang='lat' dir='ltr'><strong>pater</strong></span> <span class='ocrx_word' id='word_1_361' title='bbox 2281 2319 2631 2394; x_wconf 90' lang='lat' dir='ltr'><strong>habebatur,</strong></span> <span class='ocrx_word' id='word_1_362' title='bbox 2665 2329 2869 2400; x_wconf 85' lang='lat' dir='ltr'><strong>utpote</strong></span> <span class='ocrx_word' id='word_1_363' title='bbox 2899 2322 3146 2401; x_wconf 60' lang='lat' dir='ltr'><strong>(Mariae)</strong></span> <span class='ocrx_word' id='word_1_364' title='bbox 3193 2325 3282 2385; x_wconf 91' lang='lat' dir='ltr'><strong>vir</strong></span> <span class='ocrx_word' id='word_1_365' title='bbox 3336 2327 3531 2390; x_wconf 88' lang='lat' dir='ltr'><strong>Ambo</strong></span> <span class='ocrx_word' id='word_1_366' title='bbox 3561 2331 3742 2410; x_wconf 80' lang='lat' dir='ltr'><strong>igitur</strong></span> 
     </span>
    </p>
   </div>
   <div class='ocr_carea' id='block_1_44' title="bbox 356 2407 1978 2494">
    <p class='ocr_par' dir='ltr' id='par_1_44' title="bbox 356 2415 1978 2494">
     <span class='ocr_line' id='line_1_45' title="bbox 356 2415 1978 2494; baseline -0.013 -7"><span class='ocrx_word' id='word_1_367' title='bbox 356 2415 417 2470; x_wconf 75' lang='grc' dir='ltr'>τδ</span> <span class='ocrx_word' id='word_1_368' title='bbox 512 2417 874 2494; x_wconf 72' lang='grc' dir='ltr'>χρηματισθὲν</span> <span class='ocrx_word' id='word_1_369' title='bbox 959 2417 1140 2479; x_wconf 63' lang='grc' dir='ltr'>αὒτοης</span> <span class='ocrx_word' id='word_1_370' title='bbox 1222 2418 1323 2473; x_wconf 79' lang='grc' dir='ltr'>ὑπὸ</span> <span class='ocrx_word' id='word_1_371' title='bbox 1406 2415 1632 2494; x_wconf 79' lang='grc' dir='ltr'>ἀγγέλου</span> <span class='ocrx_word' id='word_1_372' title='bbox 1715 2417 1804 2472; x_wconf 83' lang='grc' dir='ltr'><strong>καὶ</strong></span> <span class='ocrx_word' id='word_1_373' title='bbox 1898 2419 1978 2494; x_wconf 75' lang='grc' dir='ltr'>πρῖ</span> 
     </span>
    </p>
   </div>
   <div class='ocr_carea' id='block_1_45' title="bbox 2086 2407 3730 2494">
    <p class='ocr_par' dir='ltr' id='par_1_45' title="bbox 2086 2407 3730 2492">
     <span class='ocr_line' id='line_1_46' title="bbox 2086 2407 3730 2492; baseline 0.009 -24"><span class='ocrx_word' id='word_1_374' title='bbox 2086 2407 2305 2488; x_wconf 88' lang='lat' dir='ltr'><strong>pariter</strong></span> <span class='ocrx_word' id='word_1_375' title='bbox 2335 2410 2658 2487; x_wconf 88' lang='lat' dir='ltr'><strong>genitores.</strong></span> <span class='ocrx_word' id='word_1_376' title='bbox 2693 2410 2798 2471; x_wconf 89' lang='lat' dir='ltr'><strong>sed</strong></span> <span class='ocrx_word' id='word_1_377' title='bbox 2834 2429 2952 2471; x_wconf 89' lang='lat' dir='ltr'><strong>non</strong></span> <span class='ocrx_word' id='word_1_378' title='bbox 2984 2413 3193 2473; x_wconf 89' lang='lat' dir='ltr'><strong>eadem</strong></span> <span class='ocrx_word' id='word_1_379' title='bbox 3240 2415 3416 2478; x_wconf 90' lang='lat' dir='ltr'><strong>ambo</strong></span> <span class='ocrx_word' id='word_1_380' title='bbox 3449 2407 3680 2483; x_wconf 76' lang='lat' dir='ltr'><strong>ratione</strong></span> <span class='ocrx_word' id='word_1_381' title='bbox 3715 2444 3730 2492; x_wconf 89' lang='lat'><strong>;</strong></span> 
     </span>
    </p>
   </div>
   <div class='ocr_carea' id='block_1_46' title="bbox 356 2495 1978 2587">
    <p class='ocr_par' dir='ltr' id='par_1_46' title="bbox 356 2501 691 2577">
     <span class='ocr_line' id='line_1_47' title="bbox 356 2501 691 2577; baseline 0 -18"><span class='ocrx_word' id='word_1_382' title='bbox 356 2501 522 2572; x_wconf 77' lang='grc' dir='ltr'>συλλή</span> <span class='ocrx_word' id='word_1_383' title='bbox 529 2508 668 2577; x_wconf 78' lang='grc' dir='ltr'>ψεως</span> <span class='ocrx_word' id='word_1_384' title='bbox 678 2552 691 2566; x_wconf 87' lang='grc'><strong>,</strong></span> 
     </span>
    </p>
   </div>
   <div class='ocr_carea' id='block_1_47' title="bbox 2086 2495 3742 2587">
    <p class='ocr_par' dir='ltr' id='par_1_47' title="bbox 2086 2495 3742 2587">
     <span class='ocr_line' id='line_1_48' title="bbox 2086 2495 3742 2587; baseline 0.008 -31"><span class='ocrx_word' id='word_1_385' title='bbox 2086 2495 2356 2575; x_wconf 80' lang='lat' dir='ltr'><strong>aquibus</strong></span> <span class='ocrx_word' id='word_1_386' title='bbox 2386 2505 2445 2558; x_wconf 91' lang='lat' dir='ltr'><strong>et</strong></span> <span class='ocrx_word' id='word_1_387' title='bbox 2500 2516 2719 2587; x_wconf 85' lang='lat' dir='ltr'><strong>nomen</strong></span> <span class='ocrx_word' id='word_1_388' title='bbox 2779 2498 2993 2587; x_wconf 84' lang='lat' dir='ltr'><strong>accipit</strong></span> <span class='ocrx_word' id='word_1_389' title='bbox 3051 2498 3396 2579; x_wconf 88' lang='lat' dir='ltr'><strong>Salvatoris,</strong></span> <span class='ocrx_word' id='word_1_390' title='bbox 3454 2507 3610 2587; x_wconf 90' lang='lat' dir='ltr'><strong>quod</strong></span> <span class='ocrx_word' id='word_1_391' title='bbox 3643 2509 3742 2570; x_wconf 92' lang='lat' dir='ltr'><strong>vel</strong></span> 
     </span>
    </p>
   </div>
   <div class='ocr_carea' id='block_1_48' title="bbox 2080 2585 3730 2677">
    <p class='ocr_par' dir='ltr' id='par_1_48' title="bbox 2080 2585 3730 2677">
     <span class='ocr_line' id='line_1_49' title="bbox 2080 2585 3730 2677; baseline 0.009 -33"><span class='ocrx_word' id='word_1_392' title='bbox 2080 2592 2216 2645; x_wconf 85' lang='lat' dir='ltr'><strong>ante</strong></span> <span class='ocrx_word' id='word_1_393' title='bbox 2237 2595 2587 2666; x_wconf 81' lang='lat' dir='ltr'><strong>conceptum</strong></span> <span class='ocrx_word' id='word_1_394' title='bbox 2607 2585 2888 2649; x_wconf 87' lang='lat' dir='ltr'><strong>divinitus</strong></span> <span class='ocrx_word' id='word_1_395' title='bbox 2904 2587 2978 2648; x_wconf 92' lang='lat' dir='ltr'><strong>ab</strong></span> <span class='ocrx_word' id='word_1_396' title='bbox 2997 2590 3207 2669; x_wconf 85' lang='lat' dir='ltr'><strong>angelo</strong></span> <span class='ocrx_word' id='word_1_397' title='bbox 3225 2585 3554 2656; x_wconf 85' lang='lat' dir='ltr'><strong>revelatum</strong></span> <span class='ocrx_word' id='word_1_398' title='bbox 3577 2595 3730 2677; x_wconf 87' lang='lat' dir='ltr'><strong>ipsis</strong></span> 
     </span>
    </p>
   </div>
   <div class='ocr_carea' id='block_1_49' title="bbox 2090 2671 2307 2738">
    <p class='ocr_par' dir='ltr' id='par_1_49' title="bbox 2090 2671 2307 2738">
     <span class='ocr_line' id='line_1_50' title="bbox 2090 2671 2307 2738; baseline 0.023 -6"><span class='ocrx_word' id='word_1_399' title='bbox 2090 2671 2307 2738; x_wconf 89' lang='lat' dir='ltr'><strong>fuerat.</strong></span> 
     </span>
    </p>
   </div>
   <div class='ocr_carea' id='block_1_50' title="bbox 436 2761 1978 2853">
    <p class='ocr_par' dir='ltr' id='par_1_50' title="bbox 436 2769 1978 2853">
     <span class='ocr_line' id='line_1_51' title="bbox 436 2769 1978 2853; baseline 0.002 -27"><span class='ocrx_word' id='word_1_400' title='bbox 436 2769 534 2826; x_wconf 84' lang='grc' dir='ltr'><strong>Καὶ</strong></span> <span class='ocrx_word' id='word_1_401' title='bbox 603 2771 677 2833; x_wconf 82' lang='grc' dir='ltr'>ὡς</span> <span class='ocrx_word' id='word_1_402' title='bbox 738 2771 1076 2849; x_wconf 84' lang='grc' dir='ltr'>πρωτότοκον</span> <span class='ocrx_word' id='word_1_403' title='bbox 1104 2769 1168 2821; x_wconf 79' lang='grc'><strong>67</strong></span> <span class='ocrx_word' id='word_1_404' title='bbox 1237 2774 1386 2853; x_wconf 72' lang='grc' dir='ltr'>ἅγιον</span> <span class='ocrx_word' id='word_1_405' title='bbox 1438 2775 1607 2852; x_wconf 78' lang='grc' dir='ltr'>Κυρίῳ</span> <span class='ocrx_word' id='word_1_406' title='bbox 1661 2770 1978 2851; x_wconf 72' lang='grc' dir='ltr'>προσάγεται</span> 
     </span>
    </p>
   </div>
   <div class='ocr_carea' id='block_1_51' title="bbox 2086 2761 3734 2853">
    <p class='ocr_par' dir='ltr' id='par_1_51' title="bbox 2126 2761 3734 2853">
     <span class='ocr_line' id='line_1_52' title="bbox 2126 2761 3734 2853; baseline 0.008 -29"><span class='ocrx_word' id='word_1_407' title='bbox 2126 2851 2133 2853; x_wconf 9' lang='grc' dir='ltr'>ξ</span> <span class='ocrx_word' id='word_1_408' title='bbox 2173 2761 2322 2853; x_wconf 76' lang='grc' dir='ltr'>Τυιῐι</span> <span class='ocrx_word' id='word_1_409' title='bbox 2355 2772 2631 2846; x_wconf 89' lang='lat' dir='ltr'><strong>tanquam</strong></span> <span class='ocrx_word' id='word_1_410' title='bbox 2680 2766 3136 2847; x_wconf 82' lang='lat' dir='ltr'><strong>primogenitum</strong></span> <span class='ocrx_word' id='word_1_411' title='bbox 3175 2777 3446 2832; x_wconf 89' lang='lat' dir='ltr'><strong>sanctum</strong></span> <span class='ocrx_word' id='word_1_412' title='bbox 3475 2773 3734 2838; x_wconf 89' lang='lat' dir='ltr'><strong>Domino</strong></span> 
     </span>
    </p>
   </div>
   <div class='ocr_carea' id='block_1_52' title="bbox 360 2851 1978 2946">
    <p class='ocr_par' dir='ltr' id='par_1_52' title="bbox 360 2851 1978 2946">
     <span class='ocr_line' id='line_1_53' title="bbox 360 2851 1978 2946; baseline 0.012 -31"><span class='ocrx_word' id='word_1_413' title='bbox 360 2858 615 2916; x_wconf 62' lang='lat'><strong>13461238</strong></span> <span class='ocrx_word' id='word_1_414' title='bbox 673 2864 1028 2943; x_wconf 72' lang='grc' dir='ltr'>καρποφορίας</span> <span class='ocrx_word' id='word_1_415' title='bbox 1084 2851 1426 2946; x_wconf 72' lang='grc' dir='ltr'>ὑπερφυοῦςῑ</span> <span class='ocrx_word' id='word_1_416' title='bbox 1486 2851 1615 2928; x_wconf 74' lang='grc' dir='ltr'><strong>Θεὸς</strong></span> <span class='ocrx_word' id='word_1_417' title='bbox 1673 2870 1788 2938; x_wconf 83' lang='grc' dir='ltr'><strong>Θεῷ</strong></span> <span class='ocrx_word' id='word_1_418' title='bbox 1844 2858 1978 2938; x_wconf 81' lang='grc' dir='ltr'>δῶρο</span> 
     </span>
    </p>
   </div>
   <div class='ocr_carea' id='block_1_53' title="bbox 2086 2851 3731 2946">
    <p class='ocr_par' dir='ltr' id='par_1_53' title="bbox 2089 2851 3731 2946">
     <span class='ocr_line' id='line_1_54' title="bbox 2089 2851 3731 2946; baseline 0.01 -36"><span class='ocrx_word' id='word_1_419' title='bbox 2089 2851 2337 2946; x_wconf 67' lang='lat' dir='ltr'><strong>sistitur.</strong></span> <span class='ocrx_word' id='word_1_420' title='bbox 2374 2855 2528 2946; x_wconf 87' lang='lat' dir='ltr'><strong>P_roh</strong></span> <span class='ocrx_word' id='word_1_421' title='bbox 2559 2855 3198 2946; x_wconf 78' lang='lat' dir='ltr'><strong>oblationemfructus,</strong></span> <span class='ocrx_word' id='word_1_422' title='bbox 3223 2861 3322 2939; x_wconf 91' lang='lat' dir='ltr'><strong>qui</strong></span> <span class='ocrx_word' id='word_1_423' title='bbox 3349 2861 3593 2924; x_wconf 82' lang='lat' dir='ltr'><strong>excedit</strong></span> <span class='ocrx_word' id='word_1_424' title='bbox 3621 2883 3731 2926; x_wconf 87' lang='lat' dir='ltr'><strong>na-</strong></span> 
     </span>
    </p>
   </div>
   <div class='ocr_carea' id='block_1_54' title="bbox 361 2941 1978 3034">
    <p class='ocr_par' dir='ltr' id='par_1_54' title="bbox 361 2941 1978 3034">
     <span class='ocr_line' id='line_1_55' title="bbox 361 2941 1978 3034; baseline -0.001 -28"><span class='ocrx_word' id='word_1_425' title='bbox 361 2949 449 3006; x_wconf 82' lang='grc' dir='ltr'><strong>καὶ</strong></span> <span class='ocrx_word' id='word_1_426' title='bbox 505 2952 612 3016; x_wconf 78' lang='grc' dir='ltr'><strong>υἱὸς</strong></span> <span class='ocrx_word' id='word_1_427' title='bbox 682 2941 870 3031; x_wconf 26' lang='grc' dir='ltr'>πατρὶ.</span> <span class='ocrx_word' id='word_1_428' title='bbox 912 2941 1130 3030; x_wconf 85' lang='grc' dir='ltr'>δίδοται,</span> <span class='ocrx_word' id='word_1_429' title='bbox 1193 2941 1767 3034; x_wconf 71' lang='grc' dir='ltr'>μεγαλοπρεπέστατον</span> <span class='ocrx_word' id='word_1_430' title='bbox 1849 2949 1978 3028; x_wconf 85' lang='grc' dir='ltr'>δῶρο</span> 
     </span>
    </p>
   </div>
   <div class='ocr_carea' id='block_1_55' title="bbox 2086 2941 3732 3034">
    <p class='ocr_par' dir='ltr' id='par_1_55' title="bbox 2099 2941 3732 3034">
     <span class='ocr_line' id='line_1_56' title="bbox 2099 2941 3732 3034; baseline 0.009 -34"><span class='ocrx_word' id='word_1_431' title='bbox 2099 2946 2287 3034; x_wconf 77' lang='lat' dir='ltr'><strong>turam</strong></span> <span class='ocrx_word' id='word_1_432' title='bbox 2318 2944 2332 3004; x_wconf 87' lang='lat'>!</span> <span class='ocrx_word' id='word_1_433' title='bbox 2393 2941 2554 3007; x_wconf 91' lang='lat' dir='ltr'><strong>Deus</strong></span> <span class='ocrx_word' id='word_1_434' title='bbox 2595 2943 2747 3034; x_wconf 70' lang='lat' dir='ltr'><strong>Deo,</strong></span> <span class='ocrx_word' id='word_1_435' title='bbox 2791 2957 2852 3008; x_wconf 84' lang='lat' dir='ltr'><strong>et</strong></span> <span class='ocrx_word' id='word_1_436' title='bbox 2883 2945 3067 3008; x_wconf 88' lang='lat' dir='ltr'><strong>Filius</strong></span> <span class='ocrx_word' id='word_1_437' title='bbox 3096 2945 3253 3008; x_wconf 90' lang='lat' dir='ltr'><strong>Patri</strong></span> <span class='ocrx_word' id='word_1_438' title='bbox 3281 2947 3503 3012; x_wconf 91' lang='lat' dir='ltr'><strong>donum</strong></span> <span class='ocrx_word' id='word_1_439' title='bbox 3535 2951 3732 3031; x_wconf 83' lang='lat' dir='ltr'><strong>datur,</strong></span> 
     </span>
    </p>
   </div>
   <div class='ocr_carea' id='block_1_56' title="bbox 359 3029 1978 3123">
    <p class='ocr_par' dir='ltr' id='par_1_56' title="bbox 359 3029 1978 3123">
     <span class='ocr_line' id='line_1_57' title="bbox 359 3029 1978 3123; baseline 0.001 -30"><span class='ocrx_word' id='word_1_440' title='bbox 359 3038 610 3095; x_wconf 78' lang='grc' dir='ltr'>ἁπάντων</span> <span class='ocrx_word' id='word_1_441' title='bbox 639 3041 726 3096; x_wconf 84' lang='grc' dir='ltr'><strong>καὶ</strong></span> <span class='ocrx_word' id='word_1_442' title='bbox 767 3029 1155 3120; x_wconf 80' lang='grc' dir='ltr'>γνησιώσατον.</span> <span class='ocrx_word' id='word_1_443' title='bbox 1195 3035 1308 3123; x_wconf 70' lang='grc' dir='ltr'><strong>Ὑφ’</strong></span> <span class='ocrx_word' id='word_1_444' title='bbox 1337 3047 1412 3099; x_wconf 82' lang='grc' dir='ltr'>ὧν</span> <span class='ocrx_word' id='word_1_445' title='bbox 1455 3046 1483 3100; x_wconf 87' lang='grc' dir='ltr'>ὁ</span> <span class='ocrx_word' id='word_1_446' title='bbox 1540 3043 1712 3099; x_wconf 80' lang='grc' dir='ltr'>πάντα</span> <span class='ocrx_word' id='word_1_447' title='bbox 1767 3039 1978 3119; x_wconf 62' lang='grc' dir='ltr'>πληρῶν</span> 
     </span>
    </p>
   </div>
   <div class='ocr_carea' id='block_1_57' title="bbox 2086 3029 3732 3123">
    <p class='ocr_par' dir='ltr' id='par_1_57' title="bbox 2095 3029 3732 3115">
     <span class='ocr_line' id='line_1_58' title="bbox 2095 3029 3732 3115; baseline 0.007 -24"><span class='ocrx_word' id='word_1_448' title='bbox 2095 3029 2316 3092; x_wconf 90' lang='lat' dir='ltr'><strong>donum</strong></span> <span class='ocrx_word' id='word_1_449' title='bbox 2369 3051 2489 3113; x_wconf 66' lang='lat' dir='ltr'><strong>prae</strong></span> <span class='ocrx_word' id='word_1_450' title='bbox 2569 3033 2846 3096; x_wconf 90' lang='lat' dir='ltr'><strong>omnibus</strong></span> <span class='ocrx_word' id='word_1_451' title='bbox 2923 3035 3602 3115; x_wconf 80' lang='lat' dir='ltr'><strong>magnificentissimum,</strong></span> <span class='ocrx_word' id='word_1_452' title='bbox 3663 3029 3732 3104; x_wconf 84' lang='lat' dir='ltr'><strong>ac</strong></span> 
     </span>
    </p>
   </div>
   <div class='ocr_carea' id='block_1_58' title="bbox 351 3121 1978 3210">
    <p class='ocr_par' dir='ltr' id='par_1_58' title="bbox 351 3121 1976 3210">
     <span class='ocr_line' id='line_1_59' title="bbox 351 3121 1976 3210; baseline 0.001 -28"><span class='ocrx_word' id='word_1_453' title='bbox 351 3129 445 3182; x_wconf 83' lang='grc' dir='ltr'><strong>καὶ</strong></span> <span class='ocrx_word' id='word_1_454' title='bbox 501 3129 573 3192; x_wconf 81' lang='grc' dir='ltr'>εἰς</span> <span class='ocrx_word' id='word_1_455' title='bbox 624 3128 895 3208; x_wconf 75' lang='grc' dir='ltr'>Αἴγυπτον</span> <span class='ocrx_word' id='word_1_456' title='bbox 949 3121 1315 3210; x_wconf 73' lang='grc' dir='ltr'>φυγαδεύεται,</span> <span class='ocrx_word' id='word_1_457' title='bbox 1376 3134 1463 3188; x_wconf 83' lang='grc' dir='ltr'><strong>καὶ</strong></span> <span class='ocrx_word' id='word_1_458' title='bbox 1519 3131 1571 3197; x_wconf 75' lang='grc' dir='ltr'>ἐξ</span> <span class='ocrx_word' id='word_1_459' title='bbox 1599 3129 1663 3179; x_wconf 78' lang='grc'>69</span> <span class='ocrx_word' id='word_1_460' title='bbox 1744 3130 1976 3208; x_wconf 80' lang='grc' dir='ltr'>Αἰγύπτο</span> 
     </span>
    </p>
   </div>
   <div class='ocr_carea' id='block_1_59' title="bbox 2086 3121 3729 3210">
    <p class='ocr_par' dir='ltr' id='par_1_59' title="bbox 2096 3121 3729 3204">
     <span class='ocr_line' id='line_1_60' title="bbox 2096 3121 3729 3204; baseline 0.009 -25"><span class='ocrx_word' id='word_1_461' title='bbox 2096 3121 2348 3182; x_wconf 84' lang='lat' dir='ltr'><strong>maxime</strong></span> <span class='ocrx_word' id='word_1_462' title='bbox 2377 3141 2721 3203; x_wconf 82' lang='lat' dir='ltr'><strong>congruum.</strong></span> <span class='ocrx_word' id='word_1_463' title='bbox 2759 3123 2871 3197; x_wconf 88' lang='lat' dir='ltr'><strong>Qui</strong></span> <span class='ocrx_word' id='word_1_464' title='bbox 2899 3126 3098 3186; x_wconf 88' lang='lat' dir='ltr'><strong>omnia</strong></span> <span class='ocrx_word' id='word_1_465' title='bbox 3141 3125 3371 3204; x_wconf 86' lang='lat' dir='ltr'><strong>implet,</strong></span> <span class='ocrx_word' id='word_1_466' title='bbox 3410 3127 3483 3189; x_wconf 91' lang='lat' dir='ltr'><strong>ab</strong></span> <span class='ocrx_word' id='word_1_467' title='bbox 3507 3129 3729 3193; x_wconf 84' lang='lat' dir='ltr'><strong>iisdem</strong></span> 
     </span>
    </p>
   </div>
   <div class='ocr_carea' id='block_1_60' title="bbox 355 3210 1978 3319">
    <p class='ocr_par' dir='ltr' id='par_1_60' title="bbox 355 3213 1972 3319">
     <span class='ocr_line' id='line_1_61' title="bbox 355 3213 1972 3319; baseline 0.004 -49"><span class='ocrx_word' id='word_1_468' title='bbox 355 3213 592 3292; x_wconf 85' lang='grc' dir='ltr'>κληθεὶς,</span> <span class='ocrx_word' id='word_1_469' title='bbox 655 3217 1025 3294; x_wconf 79' lang='grc' dir='ltr'>ἀνακομίζεται</span> <span class='ocrx_word' id='word_1_470' title='bbox 1078 3219 1285 3279; x_wconf 75' lang='grc' dir='ltr'>πάλιν·</span> <span class='ocrx_word' id='word_1_471' title='bbox 1349 3223 1438 3277; x_wconf 85' lang='grc' dir='ltr'><strong>καὶ</strong></span> <span class='ocrx_word' id='word_1_472' title='bbox 1497 3217 1611 3297; x_wconf 85' lang='grc' dir='ltr'>μετ’</span> <span class='ocrx_word' id='word_1_473' title='bbox 1669 3218 1848 3296; x_wconf 85' lang='grc' dir='ltr'>ὀλίγον</span> <span class='ocrx_word' id='word_1_474' title='bbox 1907 3224 1972 3319; x_wconf 70' lang='grc' dir='ltr'>ζη</span> 
     </span>
    </p>
   </div>
   <div class='ocr_carea' id='block_1_61' title="bbox 2086 3210 3730 3319">
    <p class='ocr_par' dir='ltr' id='par_1_61' title="bbox 2097 3210 3730 3319">
     <span class='ocr_line' id='line_1_62' title="bbox 2097 3210 3730 3319; baseline 0.009 -52"><span class='ocrx_word' id='word_1_475' title='bbox 2097 3225 2201 3287; x_wconf 88' lang='lat' dir='ltr'><strong>per</strong></span> <span class='ocrx_word' id='word_1_476' title='bbox 2228 3210 2420 3319; x_wconf 79' lang='lat' dir='ltr'><strong>fugam</strong></span> <span class='ocrx_word' id='word_1_477' title='bbox 2452 3222 2510 3274; x_wconf 93' lang='lat' dir='ltr'><strong>et</strong></span> <span class='ocrx_word' id='word_1_478' title='bbox 2537 3212 2599 3274; x_wconf 88' lang='lat' dir='ltr'><strong>in</strong></span> <span class='ocrx_word' id='word_1_479' title='bbox 2627 3213 2941 3294; x_wconf 58' lang='lat' dir='ltr'><strong>ngyptum</strong></span> <span class='ocrx_word' id='word_1_480' title='bbox 2984 3213 3271 3319; x_wconf 66' lang='lat' dir='ltr'><strong>defertur,</strong></span> <span class='ocrx_word' id='word_1_481' title='bbox 3299 3223 3358 3276; x_wconf 89' lang='lat' dir='ltr'><strong>et</strong></span> <span class='ocrx_word' id='word_1_482' title='bbox 3386 3235 3456 3278; x_wconf 79' lang='lat' dir='ltr'><strong>ex</strong></span> <span class='ocrx_word' id='word_1_483' title='bbox 3485 3216 3730 3319; x_wconf 65' lang='lat' dir='ltr'><strong>Egypto</strong></span> 
     </span>
    </p>
   </div>
   <div class='ocr_carea' id='block_1_62' title="bbox 353 3300 1978 3392">
    <p class='ocr_par' dir='ltr' id='par_1_62' title="bbox 353 3307 1978 3392">
     <span class='ocr_line' id='line_1_63' title="bbox 353 3307 1978 3392; baseline 0.009 -31"><span class='ocrx_word' id='word_1_484' title='bbox 353 3319 528 3363; x_wconf 74' lang='grc' dir='ltr'>τεῖται</span> <span class='ocrx_word' id='word_1_485' title='bbox 571 3307 927 3389; x_wconf 80' lang='grc' dir='ltr'>προσεδρεύων</span> <span class='ocrx_word' id='word_1_486' title='bbox 967 3318 1046 3386; x_wconf 89' lang='grc' dir='ltr'>τῷ</span> <span class='ocrx_word' id='word_1_487' title='bbox 1099 3315 1224 3392; x_wconf 77' lang='grc' dir='ltr'><strong>ἱερῷ</strong></span> <span class='ocrx_word' id='word_1_488' title='bbox 1255 3329 1269 3346; x_wconf 88' lang='lat'><strong><em>°</em></strong></span> <span class='ocrx_word' id='word_1_489' title='bbox 1342 3315 1470 3392; x_wconf 81' lang='grc' dir='ltr'>πρὸς</span> <span class='ocrx_word' id='word_1_490' title='bbox 1543 3313 1630 3375; x_wconf 79' lang='grc' dir='ltr'><strong>οὒς</strong></span> <span class='ocrx_word' id='word_1_491' title='bbox 1685 3312 1758 3373; x_wconf 79' lang='grc' dir='ltr'><strong>εἷς</strong></span> <span class='ocrx_word' id='word_1_492' title='bbox 1829 3310 1978 3390; x_wconf 75' lang='grc' dir='ltr'>καιρδ</span> 
     </span>
    </p>
   </div>
   <div class='ocr_carea' id='block_1_63' title="bbox 2086 3300 3737 3392">
    <p class='ocr_par' dir='ltr' id='par_1_63' title="bbox 2100 3300 3737 3385">
     <span class='ocr_line' id='line_1_64' title="bbox 2100 3300 3737 3385; baseline 0.008 -28"><span class='ocrx_word' id='word_1_493' title='bbox 2100 3308 2336 3360; x_wconf 88' lang='lat' dir='ltr'><strong>vocatus</strong></span> <span class='ocrx_word' id='word_1_494' title='bbox 2367 3300 2560 3363; x_wconf 89' lang='lat' dir='ltr'><strong>denuo</strong></span> <span class='ocrx_word' id='word_1_495' title='bbox 2594 3311 2952 3383; x_wconf 83' lang='lat' dir='ltr'><strong>reportatur,</strong></span> <span class='ocrx_word' id='word_1_496' title='bbox 3014 3311 3071 3365; x_wconf 92' lang='lat' dir='ltr'><strong>et</strong></span> <span class='ocrx_word' id='word_1_497' title='bbox 3126 3305 3300 3385; x_wconf 91' lang='lat' dir='ltr'><strong>paulo</strong></span> <span class='ocrx_word' id='word_1_498' title='bbox 3357 3313 3488 3385; x_wconf 88' lang='lat' dir='ltr'><strong>post</strong></span> <span class='ocrx_word' id='word_1_499' title='bbox 3514 3326 3648 3369; x_wconf 90' lang='lat' dir='ltr'><strong>cum</strong></span> <span class='ocrx_word' id='word_1_500' title='bbox 3675 3309 3737 3370; x_wconf 87' lang='lat' dir='ltr'><strong>in</strong></span> 
     </span>
    </p>
   </div>
   <div class='ocr_carea' id='block_1_64' title="bbox 353 3389 1978 3478">
    <p class='ocr_par' dir='ltr' id='par_1_64' title="bbox 353 3389 1978 3478">
     <span class='ocr_line' id='line_1_65' title="bbox 353 3389 1978 3478; baseline 0.004 -28"><span class='ocrx_word' id='word_1_501' title='bbox 353 3397 444 3451; x_wconf 85' lang='grc' dir='ltr'><strong>καὶ</strong></span> <span class='ocrx_word' id='word_1_502' title='bbox 503 3395 933 3476; x_wconf 64' lang='grc' dir='ltr'>παρρησιάζεται,</span> <span class='ocrx_word' id='word_1_503' title='bbox 983 3399 1034 3457; x_wconf 84' lang='grc' dir='ltr'><strong>ἐν</strong></span> <span class='ocrx_word' id='word_1_504' title='bbox 1111 3389 1232 3466; x_wconf 77' lang='grc' dir='ltr'>τοῖς</span> <span class='ocrx_word' id='word_1_505' title='bbox 1295 3389 1393 3461; x_wconf 88' lang='grc' dir='ltr'><strong>τοῦ</strong></span> <span class='ocrx_word' id='word_1_506' title='bbox 1448 3402 1610 3465; x_wconf 73' lang='grc' dir='ltr'>ὅντως</span> <span class='ocrx_word' id='word_1_507' title='bbox 1679 3397 1790 3456; x_wconf 78' lang='grc' dir='ltr'>δεῖν</span> <span class='ocrx_word' id='word_1_508' title='bbox 1847 3389 1978 3478; x_wconf 73' lang='grc' dir='ltr'>λέγω</span> 
     </span>
    </p>
   </div>
   <div class='ocr_carea' id='block_1_65' title="bbox 2086 3389 3739 3478">
    <p class='ocr_par' dir='ltr' id='par_1_65' title="bbox 2101 3389 3739 3478">
     <span class='ocr_line' id='line_1_66' title="bbox 2101 3389 3739 3478; baseline 0.008 -31"><span class='ocrx_word' id='word_1_509' title='bbox 2101 3389 2322 3478; x_wconf 85' lang='lat' dir='ltr'><strong>templo</strong></span> <span class='ocrx_word' id='word_1_510' title='bbox 2352 3399 2708 3468; x_wconf 88' lang='lat' dir='ltr'><strong>versaretur,</strong></span> <span class='ocrx_word' id='word_1_511' title='bbox 2731 3392 3088 3472; x_wconf 88' lang='lat' dir='ltr'><strong>requiritur;</strong></span> <span class='ocrx_word' id='word_1_512' title='bbox 3113 3392 3328 3473; x_wconf 79' lang='lat' dir='ltr'><strong>quibus</strong></span> <span class='ocrx_word' id='word_1_513' title='bbox 3349 3393 3410 3454; x_wconf 90' lang='lat' dir='ltr'><strong>in</strong></span> <span class='ocrx_word' id='word_1_514' title='bbox 3425 3399 3739 3472; x_wconf 54' lang='lat' dir='ltr'><strong>praesentia</strong></span> 
     </span>
    </p>
   </div>
   <div class='ocr_carea' id='block_1_66' title="bbox 354 3476 1978 3569">
    <p class='ocr_par' dir='ltr' id='par_1_66' title="bbox 354 3484 1978 3569">
     <span class='ocr_line' id='line_1_67' title="bbox 354 3484 1978 3569; baseline 0.004 -31"><span class='ocrx_word' id='word_1_515' title='bbox 354 3484 496 3540; x_wconf 76' lang='grc' dir='ltr'>εἶναι</span> <span class='ocrx_word' id='word_1_516' title='bbox 526 3487 587 3540; x_wconf 83' lang='grc' dir='ltr'>τὸ</span> <span class='ocrx_word' id='word_1_517' title='bbox 629 3484 813 3561; x_wconf 83' lang='grc' dir='ltr'>πλέον,</span> <span class='ocrx_word' id='word_1_518' title='bbox 873 3488 968 3545; x_wconf 76' lang='grc' dir='ltr'><strong>οὖα</strong></span> <span class='ocrx_word' id='word_1_519' title='bbox 1010 3488 1064 3545; x_wconf 88' lang='grc' dir='ltr'><strong>ἐν</strong></span> <span class='ocrx_word' id='word_1_520' title='bbox 1109 3505 1233 3556; x_wconf 77' lang='grc' dir='ltr'>ταῖς</span> <span class='ocrx_word' id='word_1_521' title='bbox 1268 3500 1362 3550; x_wconf 84' lang='grc' dir='ltr'><strong>τοῦ</strong></span> <span class='ocrx_word' id='word_1_522' title='bbox 1392 3489 1668 3554; x_wconf 70' lang='grc' dir='ltr'>δοκοῦντος</span> <span class='ocrx_word' id='word_1_523' title='bbox 1697 3489 1760 3539; x_wconf 78' lang='lat'><strong>70</strong></span> <span class='ocrx_word' id='word_1_524' title='bbox 1787 3489 1978 3569; x_wconf 75' lang='grc' dir='ltr'>πατρός</span> 
     </span>
    </p>
   </div>
   <div class='ocr_carea' id='block_1_67' title="bbox 2086 3476 3742 3569">
    <p class='ocr_par' dir='ltr' id='par_1_67' title="bbox 2100 3476 3742 3569">
     <span class='ocr_line' id='line_1_68' title="bbox 2100 3476 3742 3569; baseline 0.007 -32"><span class='ocrx_word' id='word_1_525' title='bbox 2100 3485 2158 3537; x_wconf 83' lang='grc' dir='ltr'><strong>ει</strong></span> <span class='ocrx_word' id='word_1_526' title='bbox 2187 3476 2332 3539; x_wconf 90' lang='lat' dir='ltr'><strong>illud</strong></span> <span class='ocrx_word' id='word_1_527' title='bbox 2348 3478 2554 3569; x_wconf 77' lang='lat' dir='ltr'><strong>libere</strong></span> <span class='ocrx_word' id='word_1_528' title='bbox 2583 3483 2948 3560; x_wconf 87' lang='lat' dir='ltr'><strong>respondet;</strong></span> <span class='ocrx_word' id='word_1_529' title='bbox 2985 3482 3054 3544; x_wconf 78' lang='lat' dir='ltr'><strong>in</strong></span> <span class='ocrx_word' id='word_1_530' title='bbox 3083 3483 3161 3544; x_wconf 75' lang='lat' dir='ltr'><strong>iis</strong></span> <span class='ocrx_word' id='word_1_531' title='bbox 3193 3483 3412 3562; x_wconf 89' lang='lat' dir='ltr'><strong>potius,</strong></span> <span class='ocrx_word' id='word_1_532' title='bbox 3447 3483 3742 3564; x_wconf 88' lang='lat' dir='ltr'><strong>inquiens</strong></span> 
     </span>
    </p>
   </div>
   <div class='ocr_carea' id='block_1_68' title="bbox 374 3566 1978 3660">
    <p class='ocr_par' dir='ltr' id='par_1_68' title="bbox 374 3566 1978 3660">
     <span class='ocr_line' id='line_1_69' title="bbox 374 3566 1978 3660; baseline 0.003 -31"><span class='ocrx_word' id='word_1_533' title='bbox 374 3578 419 3642; x_wconf 81' lang='grc' dir='ltr'>ῌ</span> <span class='ocrx_word' id='word_1_534' title='bbox 489 3575 576 3630; x_wconf 83' lang='grc' dir='ltr'><strong>καὶ</strong></span> <span class='ocrx_word' id='word_1_535' title='bbox 625 3577 896 3654; x_wconf 84' lang='grc' dir='ltr'>χαρίζεται</span> <span class='ocrx_word' id='word_1_536' title='bbox 950 3579 1048 3646; x_wconf 76' lang='grc' dir='ltr'><strong>τὴν</strong></span> <span class='ocrx_word' id='word_1_537' title='bbox 1107 3581 1246 3660; x_wconf 73' lang='grc' dir='ltr'>παρὰ</span> <span class='ocrx_word' id='word_1_538' title='bbox 1306 3587 1384 3654; x_wconf 82' lang='grc' dir='ltr'>τῷ</span> <span class='ocrx_word' id='word_1_539' title='bbox 1440 3580 1598 3658; x_wconf 75' lang='grc' dir='ltr'>γάμῳ</span> <span class='ocrx_word' id='word_1_540' title='bbox 1665 3566 1978 3658; x_wconf 68' lang='grc' dir='ltr'>θαυματοῦρ-</span> 
     </span>
    </p>
   </div>
   <div class='ocr_carea' id='block_1_69' title="bbox 2086 3566 3735 3660">
    <p class='ocr_par' dir='ltr' id='par_1_69' title="bbox 2098 3566 3735 3653">
     <span class='ocr_line' id='line_1_70' title="bbox 2098 3566 3735 3653; baseline 0.007 -27"><span class='ocrx_word' id='word_1_541' title='bbox 2098 3566 2362 3643; x_wconf 75' lang='lat' dir='ltr'><strong>quaeveri</strong></span> <span class='ocrx_word' id='word_1_542' title='bbox 2381 3571 2589 3631; x_wconf 77' lang='lat' dir='ltr'><strong>Patris</strong></span> <span class='ocrx_word' id='word_1_543' title='bbox 2604 3571 2893 3644; x_wconf 77' lang='lat' dir='ltr'><strong>meisunt,</strong></span> <span class='ocrx_word' id='word_1_544' title='bbox 2915 3577 3154 3650; x_wconf 80' lang='lat' dir='ltr'><strong>oportet</strong></span> <span class='ocrx_word' id='word_1_545' title='bbox 3179 3588 3273 3633; x_wconf 82' lang='lat' dir='ltr'><strong>me</strong></span> <span class='ocrx_word' id='word_1_546' title='bbox 3301 3589 3424 3633; x_wconf 82' lang='lat' dir='ltr'><strong>esse</strong></span> <span class='ocrx_word' id='word_1_547' title='bbox 3445 3586 3495 3653; x_wconf 80' lang='grc' dir='ltr'>ιι,</span> <span class='ocrx_word' id='word_1_548' title='bbox 3529 3592 3644 3636; x_wconf 91' lang='lat' dir='ltr'><strong>non</strong></span> <span class='ocrx_word' id='word_1_549' title='bbox 3673 3575 3735 3637; x_wconf 91' lang='lat' dir='ltr'><strong>in</strong></span> 
     </span>
    </p>
   </div>
   <div class='ocr_carea' id='block_1_70' title="bbox 353 3652 1978 3748">
    <p class='ocr_par' dir='ltr' id='par_1_70' title="bbox 353 3652 1978 3748">
     <span class='ocr_line' id='line_1_71' title="bbox 353 3652 1978 3748; baseline 0.004 -30"><span class='ocrx_word' id='word_1_550' title='bbox 353 3663 492 3740; x_wconf 79' lang='grc' dir='ltr'>γίαν,</span> <span class='ocrx_word' id='word_1_551' title='bbox 523 3652 668 3738; x_wconf 65' lang='grc' dir='ltr'>λόγω</span> <span class='ocrx_word' id='word_1_552' title='bbox 696 3652 844 3740; x_wconf 80' lang='grc' dir='ltr'>μόνῳ</span> <span class='ocrx_word' id='word_1_553' title='bbox 872 3668 931 3723; x_wconf 81' lang='grc' dir='ltr'>τὸ</span> <span class='ocrx_word' id='word_1_554' title='bbox 973 3666 1107 3748; x_wconf 79' lang='grc' dir='ltr'>ὕδωρ</span> <span class='ocrx_word' id='word_1_555' title='bbox 1159 3652 1231 3734; x_wconf 60' lang='grc' dir='ltr'><strong>εἷς</strong></span> <span class='ocrx_word' id='word_1_556' title='bbox 1290 3652 1874 3743; x_wconf 34' lang='grc' dir='ltr'>οἶνοννέκϐιασάμενος.</span> 
     </span>
    </p>
   </div>
   <div class='ocr_carea' id='block_1_71' title="bbox 2086 3652 3737 3748">
    <p class='ocr_par' dir='ltr' id='par_1_71' title="bbox 2086 3652 3737 3748">
     <span class='ocr_line' id='line_1_72' title="bbox 2086 3652 3737 3748; baseline 0.008 -35"><span class='ocrx_word' id='word_1_557' title='bbox 2086 3652 2158 3748; x_wconf 75' lang='lat' dir='ltr'><strong>iis</strong></span> <span class='ocrx_word' id='word_1_558' title='bbox 2187 3658 2532 3748; x_wconf 72' lang='lat' dir='ltr'><strong>quaepatris</strong></span> <span class='ocrx_word' id='word_1_559' title='bbox 2589 3665 2726 3748; x_wconf 82' lang='lat' dir='ltr'><strong>sunt</strong></span> <span class='ocrx_word' id='word_1_560' title='bbox 2781 3658 3055 3738; x_wconf 87' lang='lat' dir='ltr'><strong>putatitii.</strong></span> <span class='ocrx_word' id='word_1_561' title='bbox 3088 3659 3172 3720; x_wconf 85' lang='lat' dir='ltr'><strong>Ad</strong></span> <span class='ocrx_word' id='word_1_562' title='bbox 3216 3660 3448 3740; x_wconf 89' lang='lat' dir='ltr'><strong>nuptias</strong></span> <span class='ocrx_word' id='word_1_563' title='bbox 3483 3652 3737 3746; x_wconf 76' lang='lat' dir='ltr'><strong>insuper</strong></span> 
     </span>
    </p>
   </div>
   <div class='ocr_carea' id='block_1_72' title="bbox 351 3740 1978 3836">
    <p class='ocr_par' dir='ltr' id='par_1_72' title="bbox 351 3740 1978 3836">
     <span class='ocr_line' id='line_1_73' title="bbox 351 3740 1978 3836; baseline 0.004 -31"><span class='ocrx_word' id='word_1_564' title='bbox 351 3771 410 3805; x_wconf 91' lang='grc' dir='ltr'><strong>τε</strong></span> <span class='ocrx_word' id='word_1_565' title='bbox 436 3755 537 3818; x_wconf 81' lang='grc' dir='ltr'>τῆς</span> <span class='ocrx_word' id='word_1_566' title='bbox 581 3748 738 3831; x_wconf 72' lang='grc' dir='ltr'>ἄχρις</span> <span class='ocrx_word' id='word_1_567' title='bbox 769 3751 1004 3820; x_wconf 82' lang='grc' dir='ltr'>ἐντελοῦς</span> <span class='ocrx_word' id='word_1_568' title='bbox 1049 3740 1257 3824; x_wconf 77' lang='grc' dir='ltr'>ἡλικίας</span> <span class='ocrx_word' id='word_1_569' title='bbox 1306 3759 1424 3836; x_wconf 85' lang='grc' dir='ltr'>περὶ</span> <span class='ocrx_word' id='word_1_570' title='bbox 1452 3757 1574 3820; x_wconf 84' lang='grc' dir='ltr'>τοὺς</span> <span class='ocrx_word' id='word_1_571' title='bbox 1603 3740 1834 3833; x_wconf 80' lang='grc' dir='ltr'>πατέρας</span> <span class='ocrx_word' id='word_1_572' title='bbox 1861 3757 1978 3811; x_wconf 76' lang='grc' dir='ltr'>ὑπο-</span> 
     </span>
    </p>
   </div>
   <div class='ocr_carea' id='block_1_73' title="bbox 2086 3740 3732 3836">
    <p class='ocr_par' dir='ltr' id='par_1_73' title="bbox 2086 3740 3732 3830">
     <span class='ocr_line' id='line_1_74' title="bbox 2086 3740 3732 3830; baseline 0.009 -28"><span class='ocrx_word' id='word_1_573' title='bbox 2086 3740 2146 3803; x_wconf 92' lang='lat' dir='ltr'><strong>in</strong></span> <span class='ocrx_word' id='word_1_574' title='bbox 2193 3744 2512 3807; x_wconf 90' lang='lat' dir='ltr'><strong>Genitricis</strong></span> <span class='ocrx_word' id='word_1_575' title='bbox 2568 3745 2816 3825; x_wconf 81' lang='lat' dir='ltr'><strong>gratiam</strong></span> <span class='ocrx_word' id='word_1_576' title='bbox 2885 3749 3240 3809; x_wconf 90' lang='lat' dir='ltr'><strong>miraculum</strong></span> <span class='ocrx_word' id='word_1_577' title='bbox 3299 3750 3567 3830; x_wconf 86' lang='lat' dir='ltr'><strong>largitur,</strong></span> <span class='ocrx_word' id='word_1_578' title='bbox 3592 3740 3732 3817; x_wconf 78' lang='lat' dir='ltr'><strong>sola</strong></span> 
     </span>
    </p>
   </div>
   <div class='ocr_carea' id='block_1_74' title="bbox 352 3831 1978 3925">
    <p class='ocr_par' dir='ltr' id='par_1_74' title="bbox 352 3831 1978 3925">
     <span class='ocr_line' id='line_1_75' title="bbox 352 3831 1978 3925; baseline 0.003 -31"><span class='ocrx_word' id='word_1_579' title='bbox 352 3839 544 3917; x_wconf 77' lang='grc' dir='ltr'>ταγῆς,</span> <span class='ocrx_word' id='word_1_580' title='bbox 590 3842 677 3896; x_wconf 82' lang='grc' dir='ltr'><strong>καὶ</strong></span> <span class='ocrx_word' id='word_1_581' title='bbox 707 3849 799 3897; x_wconf 90' lang='grc' dir='ltr'><strong>τοῦ</strong></span> <span class='ocrx_word' id='word_1_582' title='bbox 840 3844 940 3911; x_wconf 73' lang='grc' dir='ltr'><strong>τὴν</strong></span> <span class='ocrx_word' id='word_1_583' title='bbox 997 3844 1173 3925; x_wconf 79' lang='grc' dir='ltr'>ἀρχὴν</span> <span class='ocrx_word' id='word_1_584' title='bbox 1215 3847 1324 3904; x_wconf 81' lang='grc' dir='ltr'>τῶν</span> <span class='ocrx_word' id='word_1_585' title='bbox 1355 3831 1590 3922; x_wconf 77' lang='grc' dir='ltr'>σημείων</span> <span class='ocrx_word' id='word_1_586' title='bbox 1619 3831 1835 3906; x_wconf 83' lang='grc' dir='ltr'>ἐκείνοις</span> <span class='ocrx_word' id='word_1_587' title='bbox 1863 3865 1978 3919; x_wconf 75' lang='grc' dir='ltr'>προι</span> 
     </span>
    </p>
   </div>
   <div class='ocr_carea' id='block_1_75' title="bbox 2086 3831 3732 3925">
    <p class='ocr_par' dir='ltr' id='par_1_75' title="bbox 2096 3831 3732 3916">
     <span class='ocr_line' id='line_1_76' title="bbox 2096 3831 3732 3916; baseline 0.007 -25"><span class='ocrx_word' id='word_1_588' title='bbox 2096 3831 2410 3894; x_wconf 88' lang='lat' dir='ltr'><strong>verborum</strong></span> <span class='ocrx_word' id='word_1_589' title='bbox 2441 3834 2494 3894; x_wconf 91' lang='lat' dir='ltr'><strong>vi</strong></span> <span class='ocrx_word' id='word_1_590' title='bbox 2523 3853 2734 3916; x_wconf 88' lang='lat' dir='ltr'><strong>aquam</strong></span> <span class='ocrx_word' id='word_1_591' title='bbox 2764 3835 2826 3896; x_wconf 91' lang='lat' dir='ltr'><strong>in</strong></span> <span class='ocrx_word' id='word_1_592' title='bbox 2859 3836 3059 3896; x_wconf 91' lang='lat' dir='ltr'><strong>vinum</strong></span> <span class='ocrx_word' id='word_1_593' title='bbox 3091 3848 3442 3902; x_wconf 85' lang='lat' dir='ltr'><strong>convertens</strong></span> <span class='ocrx_word' id='word_1_594' title='bbox 3470 3859 3486 3916; x_wconf 90' lang='lat'><strong>;</strong></span> <span class='ocrx_word' id='word_1_595' title='bbox 3520 3849 3579 3902; x_wconf 91' lang='lat' dir='ltr'><strong>et</strong></span> <span class='ocrx_word' id='word_1_596' title='bbox 3611 3854 3732 3903; x_wconf 90' lang='lat' dir='ltr'><strong>tum</strong></span> 
     </span>
    </p>
   </div>
   <div class='ocr_carea' id='block_1_76' title="bbox 354 3920 1978 4012">
    <p class='ocr_par' dir='ltr' id='par_1_76' title="bbox 354 3920 1978 4012">
     <span class='ocr_line' id='line_1_77' title="bbox 354 3920 1978 4012; baseline 0.007 -28"><span class='ocrx_word' id='word_1_597' title='bbox 354 3931 653 3985; x_wconf 78' lang='grc' dir='ltr'>σαναθετναι</span> <span class='ocrx_word' id='word_1_598' title='bbox 683 3928 763 4004; x_wconf 63' lang='grc'><strong>71,</strong></span> <span class='ocrx_word' id='word_1_599' title='bbox 812 3920 1266 4010; x_wconf 46' lang='grc' dir='ltr'>νομοθετιῖἡμϊν</span> <span class='ocrx_word' id='word_1_600' title='bbox 1327 3920 1567 4012; x_wconf 75' lang='grc' dir='ltr'>ἄντικρυς</span> <span class='ocrx_word' id='word_1_601' title='bbox 1621 3934 1721 3998; x_wconf 73' lang='grc' dir='ltr'>τὴν</span> <span class='ocrx_word' id='word_1_602' title='bbox 1763 3933 1834 3995; x_wconf 76' lang='grc' dir='ltr'><strong>εἷς</strong></span> <span class='ocrx_word' id='word_1_603' title='bbox 1889 3933 1978 3988; x_wconf 77' lang='grc' dir='ltr'><strong>τοὺ</strong></span> 
     </span>
    </p>
   </div>
   <div class='ocr_carea' id='block_1_77' title="bbox 2086 3920 3732 4012">
    <p class='ocr_par' dir='ltr' id='par_1_77' title="bbox 2098 3920 3732 4012">
     <span class='ocr_line' id='line_1_78' title="bbox 2098 3920 3732 4012; baseline 0.007 -31"><span class='ocrx_word' id='word_1_604' title='bbox 2098 3920 2392 4012; x_wconf 79' lang='lat' dir='ltr'><strong>ejusmodi</strong></span> <span class='ocrx_word' id='word_1_605' title='bbox 2415 3941 2552 4002; x_wconf 88' lang='lat' dir='ltr'><strong>erga</strong></span> <span class='ocrx_word' id='word_1_606' title='bbox 2571 3933 2844 4005; x_wconf 86' lang='lat' dir='ltr'><strong>parentes</strong></span> <span class='ocrx_word' id='word_1_607' title='bbox 2859 3924 2930 3986; x_wconf 90' lang='lat' dir='ltr'><strong>ad</strong></span> <span class='ocrx_word' id='word_1_608' title='bbox 2957 3925 3278 4004; x_wconf 82' lang='lat' dir='ltr'><strong>perfectam</strong></span> <span class='ocrx_word' id='word_1_609' title='bbox 3292 3937 3732 4008; x_wconf 62' lang='lat' dir='ltr'><strong>usqueatatem</strong></span> 
     </span>
    </p>
   </div>
   <div class='ocr_carea' id='block_1_78' title="bbox 352 4009 1978 4098">
    <p class='ocr_par' dir='ltr' id='par_1_78' title="bbox 352 4017 830 4093">
     <span class='ocr_line' id='line_1_79' title="bbox 352 4017 830 4093; baseline 0.006 -21"><span class='ocrx_word' id='word_1_610' title='bbox 352 4017 604 4082; x_wconf 74' lang='grc' dir='ltr'>τεκόντας</span> <span class='ocrx_word' id='word_1_611' title='bbox 645 4021 806 4093; x_wconf 73' lang='grc' dir='ltr'>τιμήν</span> <span class='ocrx_word' id='word_1_612' title='bbox 817 4068 830 4083; x_wconf 89' lang='grc'><strong>,</strong></span> 
     </span>
    </p>
   </div>
   <div class='ocr_carea' id='block_1_79' title="bbox 2086 4009 3734 4098">
    <p class='ocr_par' dir='ltr' id='par_1_79' title="bbox 2093 4009 3734 4098">
     <span class='ocr_line' id='line_1_80' title="bbox 2093 4009 3734 4098; baseline 0.007 -28"><span class='ocrx_word' id='word_1_613' title='bbox 2093 4009 2489 4090; x_wconf 90' lang='lat' dir='ltr'><strong>subjectione,</strong></span> <span class='ocrx_word' id='word_1_614' title='bbox 2525 4021 2647 4074; x_wconf 92' lang='lat' dir='ltr'><strong>tum</strong></span> <span class='ocrx_word' id='word_1_615' title='bbox 2679 4013 2848 4074; x_wconf 90' lang='lat' dir='ltr'><strong>initio</strong></span> <span class='ocrx_word' id='word_1_616' title='bbox 2880 4014 3157 4093; x_wconf 87' lang='lat' dir='ltr'><strong>patrandi</strong></span> <span class='ocrx_word' id='word_1_617' title='bbox 3201 4015 3370 4095; x_wconf 87' lang='lat' dir='ltr'><strong>signa</strong></span> <span class='ocrx_word' id='word_1_618' title='bbox 3395 4017 3457 4078; x_wconf 91' lang='lat' dir='ltr'><strong>in</strong></span> <span class='ocrx_word' id='word_1_619' title='bbox 3488 4019 3734 4098; x_wconf 88' lang='lat' dir='ltr'><strong>gratiam</strong></span> 
     </span>
    </p>
   </div>
   <div class='ocr_carea' id='block_1_80' title="bbox 2092 4101 3731 4183">
    <p class='ocr_par' dir='ltr' id='par_1_80' title="bbox 2092 4101 3731 4183">
     <span class='ocr_line' id='line_1_81' title="bbox 2092 4101 3731 4183; baseline 0.007 -22"><span class='ocrx_word' id='word_1_620' title='bbox 2092 4118 2298 4161; x_wconf 90' lang='lat' dir='ltr'><strong>eorum</strong></span> <span class='ocrx_word' id='word_1_621' title='bbox 2318 4101 2956 4183; x_wconf 88' lang='lat' dir='ltr'><strong>anticipato,honorem</strong></span> <span class='ocrx_word' id='word_1_622' title='bbox 2974 4104 3318 4182; x_wconf 90' lang='lat' dir='ltr'><strong>parentibus</strong></span> <span class='ocrx_word' id='word_1_623' title='bbox 3336 4106 3731 4172; x_wconf 81' lang='lat' dir='ltr'><strong>deferendum</strong></span> 
     </span>
    </p>
   </div>
   <div class='ocr_carea' id='block_1_81' title="bbox 2094 4187 2970 4272">
    <p class='ocr_par' dir='ltr' id='par_1_81' title="bbox 2094 4187 2970 4272">
     <span class='ocr_line' id='line_1_82' title="bbox 2094 4187 2970 4272; baseline 0.007 -22"><span class='ocrx_word' id='word_1_624' title='bbox 2094 4187 2267 4250; x_wconf 92' lang='lat' dir='ltr'><strong>nobis</strong></span> <span class='ocrx_word' id='word_1_625' title='bbox 2297 4199 2499 4270; x_wconf 88' lang='lat' dir='ltr'><strong>aperte</strong></span> <span class='ocrx_word' id='word_1_626' title='bbox 2530 4191 2970 4272; x_wconf 60' lang='lat' dir='ltr'><strong>praescribebat.</strong></span> 
     </span>
    </p>
   </div>
   <div class='ocr_carea' id='block_1_82' title="bbox 434 4271 1978 4366">
    <p class='ocr_par' dir='ltr' id='par_1_82' title="bbox 434 4271 1978 4366">
     <span class='ocr_line' id='line_1_83' title="bbox 434 4271 1978 4366; baseline 0.004 -28"><span class='ocrx_word' id='word_1_627' title='bbox 434 4271 542 4345; x_wconf 61' lang='lat' dir='ltr'><strong>IE&#39;.</strong></span> <span class='ocrx_word' id='word_1_628' title='bbox 603 4279 769 4341; x_wconf 79' lang='grc' dir='ltr'>Ἀλλὰ</span> <span class='ocrx_word' id='word_1_629' title='bbox 827 4289 1051 4366; x_wconf 83' lang='grc' dir='ltr'>Χριστὸς</span> <span class='ocrx_word' id='word_1_630' title='bbox 1107 4289 1204 4365; x_wconf 74' lang='grc' dir='ltr'>μὲν</span> <span class='ocrx_word' id='word_1_631' title='bbox 1291 4288 1527 4345; x_wconf 81' lang='grc' dir='ltr'>ἐντεῦθεν</span> <span class='ocrx_word' id='word_1_632' title='bbox 1580 4292 1681 4354; x_wconf 81' lang='grc' dir='ltr'>τῆν</span> <span class='ocrx_word' id='word_1_633' title='bbox 1733 4287 1978 4363; x_wconf 76' lang='grc' dir='ltr'>θαυμάτω</span> 
     </span>
    </p>
   </div>
   <div class='ocr_carea' id='block_1_83' title="bbox 2086 4271 3732 4366">
    <p class='ocr_par' dir='ltr' id='par_1_83' title="bbox 2177 4271 3732 4350">
     <span class='ocr_line' id='line_1_84' title="bbox 2177 4271 3732 4350; baseline 0.008 -11"><span class='ocrx_word' id='word_1_634' title='bbox 2177 4276 2304 4340; x_wconf 86' lang='lat' dir='ltr'><strong>XV.</strong></span> <span class='ocrx_word' id='word_1_635' title='bbox 2331 4283 2508 4343; x_wconf 87' lang='lat' dir='ltr'><strong>Porro</strong></span> <span class='ocrx_word' id='word_1_636' title='bbox 2533 4271 2812 4344; x_wconf 77' lang='lat' dir='ltr'><strong>Christus</strong></span> <span class='ocrx_word' id='word_1_637' title='bbox 2859 4301 2992 4344; x_wconf 92' lang='lat' dir='ltr'><strong>cum</strong></span> <span class='ocrx_word' id='word_1_638' title='bbox 3043 4281 3346 4346; x_wconf 86' lang='lat' dir='ltr'><strong>miraculis</strong></span> <span class='ocrx_word' id='word_1_639' title='bbox 3375 4284 3476 4346; x_wconf 43' lang='lat' dir='ltr'><strong>esui</strong></span> <span class='ocrx_word' id='word_1_640' title='bbox 3498 4285 3732 4350; x_wconf 90' lang='lat' dir='ltr'><strong>initium</strong></span> 
     </span>
    </p>
   </div>
   <div class='ocr_carea' id='block_1_84' title="bbox 354 4367 1978 4456">
    <p class='ocr_par' dir='ltr' id='par_1_84' title="bbox 354 4371 1978 4456">
     <span class='ocr_line' id='line_1_85' title="bbox 354 4371 1978 4456; baseline 0.002 -29"><span class='ocrx_word' id='word_1_641' title='bbox 354 4371 667 4452; x_wconf 80' lang='grc' dir='ltr'>ἀρξάμενος,</span> <span class='ocrx_word' id='word_1_642' title='bbox 713 4376 832 4453; x_wconf 86' lang='grc' dir='ltr'>περὶ</span> <span class='ocrx_word' id='word_1_643' title='bbox 889 4377 985 4444; x_wconf 78' lang='grc' dir='ltr'>τὴν</span> <span class='ocrx_word' id='word_1_644' title='bbox 1043 4384 1136 4435; x_wconf 90' lang='grc' dir='ltr'><strong>τοῦ</strong></span> <span class='ocrx_word' id='word_1_645' title='bbox 1190 4378 1395 4455; x_wconf 84' lang='grc' dir='ltr'>κόσμου</span> <span class='ocrx_word' id='word_1_646' title='bbox 1451 4376 1716 4456; x_wconf 79' lang='grc' dir='ltr'>σωτηρίαν</span> <span class='ocrx_word' id='word_1_647' title='bbox 1767 4375 1978 4456; x_wconf 83' lang='grc' dir='ltr'>ἀπασχο</span> 
     </span>
    </p>
   </div>
   <div class='ocr_carea' id='block_1_85' title="bbox 2086 4367 3736 4456">
    <p class='ocr_par' dir='ltr' id='par_1_85' title="bbox 2097 4367 3736 4452">
     <span class='ocr_line' id='line_1_86' title="bbox 2097 4367 3736 4452; baseline 0.005 -22"><span class='ocrx_word' id='word_1_648' title='bbox 2097 4367 2239 4431; x_wconf 92' lang='lat' dir='ltr'><strong>inde</strong></span> <span class='ocrx_word' id='word_1_649' title='bbox 2266 4369 2526 4451; x_wconf 78' lang='lat' dir='ltr'><strong>fecisset,</strong></span> <span class='ocrx_word' id='word_1_650' title='bbox 2547 4371 2674 4452; x_wconf 88' lang='lat' dir='ltr'><strong>jam</strong></span> <span class='ocrx_word' id='word_1_651' title='bbox 2709 4373 2781 4434; x_wconf 89' lang='lat' dir='ltr'><strong>ad</strong></span> <span class='ocrx_word' id='word_1_652' title='bbox 2811 4373 3060 4435; x_wconf 90' lang='lat' dir='ltr'><strong>salutem</strong></span> <span class='ocrx_word' id='word_1_653' title='bbox 3093 4373 3299 4435; x_wconf 90' lang='lat' dir='ltr'><strong>mundi</strong></span> <span class='ocrx_word' id='word_1_654' title='bbox 3337 4374 3569 4438; x_wconf 92' lang='lat' dir='ltr'><strong>labores</strong></span> <span class='ocrx_word' id='word_1_655' title='bbox 3595 4396 3736 4439; x_wconf 90' lang='lat' dir='ltr'><strong>suos</strong></span> 
     </span>
    </p>
   </div>
   <div class='ocr_carea' id='block_1_86' title="bbox 354 4458 1978 4563">
    <p class='ocr_par' dir='ltr' id='par_1_86' title="bbox 354 4459 1978 4546">
     <span class='ocr_line' id='line_1_87' title="bbox 354 4459 1978 4546; baseline 0.003 -30"><span class='ocrx_word' id='word_1_656' title='bbox 354 4459 552 4542; x_wconf 77' lang='grc' dir='ltr'>λεῒται,</span> <span class='ocrx_word' id='word_1_657' title='bbox 610 4463 700 4518; x_wconf 80' lang='grc' dir='ltr'><strong>καὶ</strong></span> <span class='ocrx_word' id='word_1_658' title='bbox 755 4464 855 4530; x_wconf 80' lang='grc' dir='ltr'><strong>τὴν</strong></span> <span class='ocrx_word' id='word_1_659' title='bbox 926 4465 1199 4541; x_wconf 85' lang='grc' dir='ltr'>βασιλείαν</span> <span class='ocrx_word' id='word_1_660' title='bbox 1266 4467 1521 4546; x_wconf 86' lang='grc' dir='ltr'>κηρύσσει</span> <span class='ocrx_word' id='word_1_661' title='bbox 1590 4471 1696 4521; x_wconf 77' lang='grc' dir='ltr'><strong>τῶν</strong></span> <span class='ocrx_word' id='word_1_662' title='bbox 1752 4467 1978 4544; x_wconf 72' lang='grc' dir='ltr'>σύρανῶν</span> 
     </span>
    </p>
   </div>
   <div class='ocr_carea' id='block_1_87' title="bbox 2086 4458 3737 4563">
    <p class='ocr_par' dir='ltr' id='par_1_87' title="bbox 2101 4458 3737 4553">
     <span class='ocr_line' id='line_1_88' title="bbox 2101 4458 3737 4553; baseline 0.005 -33"><span class='ocrx_word' id='word_1_663' title='bbox 2101 4458 2347 4521; x_wconf 82' lang='lat' dir='ltr'><strong>confert.</strong></span> <span class='ocrx_word' id='word_1_664' title='bbox 2375 4469 2434 4522; x_wconf 90' lang='lat' dir='ltr'><strong>et</strong></span> <span class='ocrx_word' id='word_1_665' title='bbox 2454 4461 2736 4540; x_wconf 63' lang='lat' dir='ltr'><strong>praedicat</strong></span> <span class='ocrx_word' id='word_1_666' title='bbox 2756 4481 3002 4541; x_wconf 84' lang='lat' dir='ltr'><strong>regnum</strong></span> <span class='ocrx_word' id='word_1_667' title='bbox 3039 4463 3348 4537; x_wconf 75' lang='lat' dir='ltr'><strong>ccelorum,</strong></span> <span class='ocrx_word' id='word_1_668' title='bbox 3375 4484 3561 4553; x_wconf 87' lang='lat' dir='ltr'><strong>seque</strong></span> <span class='ocrx_word' id='word_1_669' title='bbox 3590 4467 3737 4530; x_wconf 89' lang='lat' dir='ltr'><strong>actis</strong></span> 
     </span>
    </p>
   </div>
   <div class='ocr_carea' id='block_1_88' title="bbox 353 4548 1978 4637">
    <p class='ocr_par' dir='ltr' id='par_1_88' title="bbox 353 4551 1972 4636">
     <span class='ocr_line' id='line_1_89' title="bbox 353 4551 1972 4636; baseline 0.001 -30"><span class='ocrx_word' id='word_1_670' title='bbox 353 4551 443 4607; x_wconf 86' lang='grc' dir='ltr'><strong>καὶ</strong></span> <span class='ocrx_word' id='word_1_671' title='bbox 482 4565 604 4611; x_wconf 74' lang='grc' dir='ltr'>ταῖς</span> <span class='ocrx_word' id='word_1_672' title='bbox 647 4553 720 4615; x_wconf 82' lang='grc' dir='ltr'>εἰς</span> <span class='ocrx_word' id='word_1_673' title='bbox 776 4560 932 4610; x_wconf 87' lang='grc' dir='ltr'>τοῦτο</span> <span class='ocrx_word' id='word_1_674' title='bbox 989 4556 1267 4635; x_wconf 72' lang='grc' dir='ltr'>φερούσαις</span> <span class='ocrx_word' id='word_1_675' title='bbox 1327 4556 1610 4636; x_wconf 82' lang='grc' dir='ltr'>ἐνεργείαις</span> <span class='ocrx_word' id='word_1_676' title='bbox 1673 4554 1761 4610; x_wconf 84' lang='grc' dir='ltr'><strong>καὶ</strong></span> <span class='ocrx_word' id='word_1_677' title='bbox 1814 4551 1972 4631; x_wconf 79' lang='grc' dir='ltr'>πράξε</span> 
     </span>
    </p>
   </div>
   <div class='ocr_carea' id='block_1_89' title="bbox 2086 4548 3735 4637">
    <p class='ocr_par' dir='ltr' id='par_1_89' title="bbox 2096 4548 3735 4637">
     <span class='ocr_line' id='line_1_90' title="bbox 2096 4548 3735 4637; baseline 0.006 -28"><span class='ocrx_word' id='word_1_678' title='bbox 2096 4556 2154 4609; x_wconf 91' lang='lat' dir='ltr'><strong>et</strong></span> <span class='ocrx_word' id='word_1_679' title='bbox 2175 4548 2473 4630; x_wconf 85' lang='lat' dir='ltr'><strong>operibus,</strong></span> <span class='ocrx_word' id='word_1_680' title='bbox 2498 4568 2628 4632; x_wconf 63' lang='lat' dir='ltr'><strong>qua;</strong></span> <span class='ocrx_word' id='word_1_681' title='bbox 2645 4551 2717 4612; x_wconf 91' lang='lat' dir='ltr'><strong>ad</strong></span> <span class='ocrx_word' id='word_1_682' title='bbox 2745 4550 2804 4612; x_wconf 92' lang='lat' dir='ltr'><strong>id</strong></span> <span class='ocrx_word' id='word_1_683' title='bbox 2827 4551 3254 4628; x_wconf 88' lang='lat' dir='ltr'><strong>conducerent,</strong></span> <span class='ocrx_word' id='word_1_684' title='bbox 3286 4549 3469 4616; x_wconf 88' lang='lat' dir='ltr'><strong>totum</strong></span> <span class='ocrx_word' id='word_1_685' title='bbox 3495 4555 3735 4637; x_wconf 81' lang='lat' dir='ltr'><strong>impen-</strong></span> 
     </span>
    </p>
   </div>
   <div class='ocr_carea' id='block_1_90' title="bbox 357 4637 1978 4725">
    <p class='ocr_par' dir='ltr' id='par_1_90' title="bbox 357 4639 1978 4724">
     <span class='ocr_line' id='line_1_91' title="bbox 357 4639 1978 4724; baseline 0.003 -30"><span class='ocrx_word' id='word_1_686' title='bbox 357 4660 441 4694; x_wconf 92' lang='grc' dir='ltr'><strong>σιν</strong></span> <span class='ocrx_word' id='word_1_687' title='bbox 495 4640 679 4696; x_wconf 76' lang='grc' dir='ltr'>ἑαυτὸν</span> <span class='ocrx_word' id='word_1_688' title='bbox 733 4639 1054 4718; x_wconf 83' lang='grc' dir='ltr'>ἐπιδίδωσιν,</span> <span class='ocrx_word' id='word_1_689' title='bbox 1113 4643 1214 4709; x_wconf 78' lang='grc' dir='ltr'>ἕως</span> <span class='ocrx_word' id='word_1_690' title='bbox 1282 4647 1343 4701; x_wconf 84' lang='grc' dir='ltr'>τὸ</span> <span class='ocrx_word' id='word_1_691' title='bbox 1405 4643 1556 4724; x_wconf 78' lang='grc' dir='ltr'>ἔργον</span> <span class='ocrx_word' id='word_1_692' title='bbox 1610 4652 1705 4702; x_wconf 77' lang='grc' dir='ltr'><strong>τοῦ</strong></span> <span class='ocrx_word' id='word_1_693' title='bbox 1761 4640 1978 4709; x_wconf 80' lang='grc' dir='ltr'>ἀληθινο</span> 
     </span>
    </p>
   </div>
   <div class='ocr_carea' id='block_1_91' title="bbox 2086 4637 3741 4725">
    <p class='ocr_par' dir='ltr' id='par_1_91' title="bbox 2090 4637 3741 4725">
     <span class='ocr_line' id='line_1_92' title="bbox 2090 4637 3741 4725; baseline 0.006 -26"><span class='ocrx_word' id='word_1_694' title='bbox 2090 4637 2198 4713; x_wconf 90' lang='lat' dir='ltr'><strong>dit,</strong></span> <span class='ocrx_word' id='word_1_695' title='bbox 2231 4657 2541 4721; x_wconf 91' lang='lat' dir='ltr'><strong>quousque</strong></span> <span class='ocrx_word' id='word_1_696' title='bbox 2573 4643 2691 4703; x_wconf 92' lang='lat' dir='ltr'><strong>veri</strong></span> <span class='ocrx_word' id='word_1_697' title='bbox 2722 4640 2909 4703; x_wconf 88' lang='lat' dir='ltr'><strong>Patris</strong></span> <span class='ocrx_word' id='word_1_698' title='bbox 2964 4642 3056 4705; x_wconf 92' lang='lat' dir='ltr'><strong>sui</strong></span> <span class='ocrx_word' id='word_1_699' title='bbox 3112 4662 3261 4723; x_wconf 88' lang='lat' dir='ltr'><strong>opus</strong></span> <span class='ocrx_word' id='word_1_700' title='bbox 3291 4644 3540 4725; x_wconf 88' lang='lat' dir='ltr'><strong>perfecit</strong></span> <span class='ocrx_word' id='word_1_701' title='bbox 3570 4653 3593 4681; x_wconf 92' lang='lat'>°</span> <span class='ocrx_word' id='word_1_702' title='bbox 3626 4667 3643 4720; x_wconf 89' lang='lat'><strong>;</strong></span> <span class='ocrx_word' id='word_1_703' title='bbox 3679 4653 3741 4709; x_wconf 89' lang='lat' dir='ltr'><strong>et</strong></span> 
     </span>
    </p>
   </div>
   <div class='ocr_carea' id='block_1_92' title="bbox 353 4728 1978 4813">
    <p class='ocr_par' dir='ltr' id='par_1_92' title="bbox 353 4728 1978 4813">
     <span class='ocr_line' id='line_1_93' title="bbox 353 4728 1978 4813; baseline 0.004 -32"><span class='ocrx_word' id='word_1_704' title='bbox 353 4729 555 4813; x_wconf 80' lang='grc' dir='ltr'>Πατρὸς</span> <span class='ocrx_word' id='word_1_705' title='bbox 614 4728 883 4788; x_wconf 84' lang='grc' dir='ltr'>ἐτελείωσε</span> <span class='ocrx_word' id='word_1_706' title='bbox 919 4751 938 4770; x_wconf 83' lang='grc'><strong>⁹</strong></span> <span class='ocrx_word' id='word_1_707' title='bbox 999 4735 1084 4790; x_wconf 62' lang='grc' dir='ltr'><strong>καὶ</strong></span> <span class='ocrx_word' id='word_1_708' title='bbox 1144 4741 1220 4809; x_wconf 82' lang='grc' dir='ltr'>τῷ</span> <span class='ocrx_word' id='word_1_709' title='bbox 1274 4741 1482 4813; x_wconf 85' lang='grc' dir='ltr'>σταυρῷ</span> <span class='ocrx_word' id='word_1_710' title='bbox 1539 4731 1822 4804; x_wconf 84' lang='grc' dir='ltr'>δοξασθεὶς,</span> <span class='ocrx_word' id='word_1_711' title='bbox 1883 4733 1978 4809; x_wconf 72' lang='grc' dir='ltr'><strong>πρὸ</strong></span> 
     </span>
    </p>
   </div>
   <div class='ocr_carea' id='block_1_93' title="bbox 2086 4728 3735 4813">
    <p class='ocr_par' dir='ltr' id='par_1_93' title="bbox 2095 4728 3735 4813">
     <span class='ocr_line' id='line_1_94' title="bbox 2095 4728 3735 4813; baseline 0.003 -23"><span class='ocrx_word' id='word_1_712' title='bbox 2095 4746 2272 4791; x_wconf 91' lang='lat' dir='ltr'><strong>cruce</strong></span> <span class='ocrx_word' id='word_1_713' title='bbox 2300 4728 2546 4807; x_wconf 89' lang='lat' dir='ltr'><strong>gloriam</strong></span> <span class='ocrx_word' id='word_1_714' title='bbox 2578 4729 2848 4813; x_wconf 89' lang='lat' dir='ltr'><strong>adeptus,</strong></span> <span class='ocrx_word' id='word_1_715' title='bbox 2871 4731 3041 4793; x_wconf 88' lang='lat' dir='ltr'><strong>istam</strong></span> <span class='ocrx_word' id='word_1_716' title='bbox 3063 4750 3299 4812; x_wconf 88' lang='lat' dir='ltr'><strong>quoque</strong></span> <span class='ocrx_word' id='word_1_717' title='bbox 3325 4751 3429 4812; x_wconf 92' lang='lat' dir='ltr'><strong>pro</strong></span> <span class='ocrx_word' id='word_1_718' title='bbox 3452 4732 3735 4811; x_wconf 80' lang='lat' dir='ltr'><strong>dignitate</strong></span> 
     </span>
    </p>
   </div>
   <div class='ocr_carea' id='block_1_94' title="bbox 355 4812 1978 4900">
    <p class='ocr_par' dir='ltr' id='par_1_94' title="bbox 355 4812 1970 4896">
     <span class='ocr_line' id='line_1_95' title="bbox 355 4812 1970 4896; baseline 0.006 -27"><span class='ocrx_word' id='word_1_719' title='bbox 355 4812 498 4879; x_wconf 77' lang='grc' dir='ltr'>ἀξίαν</span> <span class='ocrx_word' id='word_1_720' title='bbox 530 4816 777 4873; x_wconf 81' lang='grc' dir='ltr'>κάκεῖνον</span> <span class='ocrx_word' id='word_1_721' title='bbox 807 4820 977 4896; x_wconf 85' lang='grc' dir='ltr'>έαυτῷ</span> <span class='ocrx_word' id='word_1_722' title='bbox 1005 4819 1094 4870; x_wconf 66' lang='grc' dir='ltr'><em>ἠ’</em></span> <span class='ocrx_word' id='word_1_723' title='bbox 1126 4812 1452 4888; x_wconf 79' lang='grc' dir='ltr'>ξυνεδόξασεν</span> <span class='ocrx_word' id='word_1_724' title='bbox 1488 4841 1500 4854; x_wconf 90' lang='lat'><strong>&#39;</strong></span> <span class='ocrx_word' id='word_1_725' title='bbox 1567 4820 1654 4877; x_wconf 78' lang='grc' dir='ltr'>ὅνε</span> <span class='ocrx_word' id='word_1_726' title='bbox 1713 4819 1870 4877; x_wconf 74' lang='grc' dir='ltr'>πάλιν</span> <span class='ocrx_word' id='word_1_727' title='bbox 1916 4821 1970 4875; x_wconf 70' lang='grc' dir='ltr'><strong>εὖ</strong></span> 
     </span>
    </p>
   </div>
   <div class='ocr_carea' id='block_1_95' title="bbox 2086 4812 3733 4900">
    <p class='ocr_par' dir='ltr' id='par_1_95' title="bbox 2096 4812 3733 4900">
     <span class='ocr_line' id='line_1_96' title="bbox 2096 4812 3733 4900; baseline 0.004 -22"><span class='ocrx_word' id='word_1_728' title='bbox 2096 4835 2202 4878; x_wconf 89' lang='lat' dir='ltr'><strong>sua</strong></span> <span class='ocrx_word' id='word_1_729' title='bbox 2231 4818 2303 4878; x_wconf 90' lang='lat' dir='ltr'><strong>ad</strong></span> <span class='ocrx_word' id='word_1_730' title='bbox 2333 4818 2600 4881; x_wconf 91' lang='lat' dir='ltr'><strong>eamdem</strong></span> <span class='ocrx_word' id='word_1_731' title='bbox 2634 4812 2881 4898; x_wconf 82' lang='lat' dir='ltr'><strong>gloriam</strong></span> <span class='ocrx_word' id='word_1_732' title='bbox 2927 4839 3130 4883; x_wconf 92' lang='lat' dir='ltr'><strong>secum</strong></span> <span class='ocrx_word' id='word_1_733' title='bbox 3193 4824 3388 4883; x_wconf 81' lang='lat' dir='ltr'><strong>evexit</strong></span> <span class='ocrx_word' id='word_1_734' title='bbox 3420 4839 3435 4897; x_wconf 92' lang='lat'><strong>;</strong></span> <span class='ocrx_word' id='word_1_735' title='bbox 3496 4825 3733 4900; x_wconf 87' lang='lat' dir='ltr'><strong>quando</strong></span> 
     </span>
    </p>
   </div>
   <div class='ocr_carea' id='block_1_96' title="bbox 354 4904 1978 4992">
    <p class='ocr_par' dir='ltr' id='par_1_96' title="bbox 354 4904 1976 4989">
     <span class='ocr_line' id='line_1_97' title="bbox 354 4904 1976 4989; baseline 0.004 -30"><span class='ocrx_word' id='word_1_736' title='bbox 354 4904 517 4980; x_wconf 76' lang='grc' dir='ltr'>ρίσκει</span> <span class='ocrx_word' id='word_1_737' title='bbox 581 4909 678 4974; x_wconf 77' lang='grc' dir='ltr'>τὴν</span> <span class='ocrx_word' id='word_1_738' title='bbox 724 4908 940 4988; x_wconf 81' lang='grc' dir='ltr'>Μητέρα</span> <span class='ocrx_word' id='word_1_739' title='bbox 997 4909 1246 4989; x_wconf 88' lang='grc' dir='ltr'>πλησίον,</span> <span class='ocrx_word' id='word_1_740' title='bbox 1307 4913 1393 4968; x_wconf 83' lang='grc' dir='ltr'><strong>καὶ</strong></span> <span class='ocrx_word' id='word_1_741' title='bbox 1440 4917 1508 4988; x_wconf 78' lang='grc' dir='ltr'>τῇ</span> <span class='ocrx_word' id='word_1_742' title='bbox 1565 4911 1822 4989; x_wconf 72' lang='grc' dir='ltr'>μακρόθεν</span> <span class='ocrx_word' id='word_1_743' title='bbox 1871 4913 1976 4968; x_wconf 76' lang='grc' dir='ltr'>-αύτ</span> 
     </span>
    </p>
   </div>
   <div class='ocr_carea' id='block_1_97' title="bbox 2086 4904 3739 4992">
    <p class='ocr_par' dir='ltr' id='par_1_97' title="bbox 2097 4909 3739 4992">
     <span class='ocr_line' id='line_1_98' title="bbox 2097 4909 3739 4992; baseline 0.002 -22"><span class='ocrx_word' id='word_1_744' title='bbox 2097 4909 2342 4970; x_wconf 75' lang='lat' dir='ltr'><strong>Matrem</strong></span> <span class='ocrx_word' id='word_1_745' title='bbox 2362 4911 2558 4972; x_wconf 81' lang='lat' dir='ltr'><strong>denuo</strong></span> <span class='ocrx_word' id='word_1_746' title='bbox 2583 4928 2768 4992; x_wconf 89' lang='lat' dir='ltr'><strong>prope</strong></span> <span class='ocrx_word' id='word_1_747' title='bbox 2787 4918 3076 4973; x_wconf 89' lang='lat' dir='ltr'><strong>astantem</strong></span> <span class='ocrx_word' id='word_1_748' title='bbox 3103 4909 3315 4991; x_wconf 89' lang='lat' dir='ltr'><strong>cernit,</strong></span> <span class='ocrx_word' id='word_1_749' title='bbox 3341 4911 3588 4991; x_wconf 86' lang='lat' dir='ltr'><strong>ejusque</strong></span> <span class='ocrx_word' id='word_1_750' title='bbox 3607 4911 3739 4973; x_wconf 87' lang='lat' dir='ltr'><strong>ani-</strong></span> 
     </span>
    </p>
   </div>
   <div class='ocr_carea' id='block_1_98' title="bbox 441 5079 1978 5173">
    <p class='ocr_par' dir='ltr' id='par_1_98' title="bbox 441 5079 1978 5173">
     <span class='ocr_line' id='line_1_99' title="bbox 441 5079 1978 5173; baseline 0.004 -31"><span class='ocrx_word' id='word_1_751' title='bbox 441 5083 478 5116; x_wconf 87' lang='lat'><strong>&quot;&#39;</strong></span> <span class='ocrx_word' id='word_1_752' title='bbox 507 5079 652 5147; x_wconf 90' lang='lat' dir='ltr'><strong>Luc.</strong></span> <span class='ocrx_word' id='word_1_753' title='bbox 687 5103 750 5168; x_wconf 85' lang='grc' dir='ltr'><strong>ιι,</strong></span> <span class='ocrx_word' id='word_1_754' title='bbox 789 5089 885 5151; x_wconf 78' lang='grc'><strong>15.</strong></span> <span class='ocrx_word' id='word_1_755' title='bbox 973 5087 1165 5160; x_wconf 75' lang='lat' dir='ltr'><strong>l.Luc.</strong></span> <span class='ocrx_word' id='word_1_756' title='bbox 1197 5083 1395 5173; x_wconf 59' lang='lat'><strong>11,719.</strong></span> <span class='ocrx_word' id='word_1_757' title='bbox 1483 5084 1713 5150; x_wconf 76' lang='lat' dir='ltr'><strong>o’Joan.</strong></span> <span class='ocrx_word' id='word_1_758' title='bbox 1743 5103 1887 5164; x_wconf 81' lang='lat' dir='ltr'><strong>xvn,</strong></span> <span class='ocrx_word' id='word_1_759' title='bbox 1918 5088 1978 5150; x_wconf 77' lang='grc'><strong>4.</strong></span> 
     </span>
    </p>
   </div>
   <div class='ocr_carea' id='block_1_99' title="bbox 1779 5264 2312 5332">
    <p class='ocr_par' dir='ltr' id='par_1_99' title="bbox 1779 5264 2312 5332">
     <span class='ocr_line' id='line_1_100' title="bbox 1779 5264 2312 5332; baseline -0.004 -3"><span class='ocrx_word' id='word_1_760' title='bbox 1779 5264 1972 5331; x_wconf 74' lang='lat' dir='ltr'><strong>Variae</strong></span> <span class='ocrx_word' id='word_1_761' title='bbox 1989 5268 2312 5332; x_wconf 89' lang='lat' dir='ltr'><strong>lectiones.</strong></span> 
     </span>
    </p>
   </div>
   <div class='ocr_carea' id='block_1_100' title="bbox 434 5438 1978 5576">
    <p class='ocr_par' dir='ltr' id='par_1_100' title="bbox 434 5438 1978 5576">
     <span class='ocr_line' id='line_1_101' title="bbox 434 5438 1969 5516; baseline -0.001 -14"><span class='ocrx_word' id='word_1_762' title='bbox 434 5438 481 5482; x_wconf 81' lang='grc'>⁶¹</span> <span class='ocrx_word' id='word_1_763' title='bbox 517 5438 652 5505; x_wconf 87' lang='lat' dir='ltr'><strong>Vat.</strong></span> <span class='ocrx_word' id='word_1_764' title='bbox 681 5443 800 5508; x_wconf 91' lang='lat' dir='ltr'><strong>alio</strong></span> <span class='ocrx_word' id='word_1_765' title='bbox 824 5447 1144 5511; x_wconf 90' lang='lat' dir='ltr'><strong>verborum</strong></span> <span class='ocrx_word' id='word_1_766' title='bbox 1175 5447 1412 5512; x_wconf 62' lang='lat' dir='ltr'><strong>oadine.</strong></span> <span class='ocrx_word' id='word_1_767' title='bbox 1444 5451 1603 5516; x_wconf 81' lang='grc' dir='ltr'>ἧττον</span> <span class='ocrx_word' id='word_1_768' title='bbox 1635 5445 1850 5513; x_wconf 80' lang='grc' dir='ltr'>κάκείνη</span> <span class='ocrx_word' id='word_1_769' title='bbox 1881 5447 1969 5503; x_wconf 84' lang='grc' dir='ltr'><strong>καὶ</strong></span> 
     </span>
     <span class='ocr_line' id='line_1_102' title="bbox 451 5521 1978 5576; baseline 0 0"><span class='ocrx_word' id='word_1_770' title='bbox 451 5521 636 5576; x_wconf 80' lang='lat' dir='ltr'><strong>Codd-</strong></span> <span class='ocrx_word' id='word_1_771' title='bbox 665 5526 751 5576; x_wconf 60' lang='grc' dir='ltr'><strong>ἣν-</strong></span> <span class='ocrx_word' id='word_1_772' title='bbox 798 5526 863 5576; x_wconf 73' lang='grc'><strong>65</strong></span> <span class='ocrx_word' id='word_1_773' title='bbox 894 5527 1047 5576; x_wconf 71' lang='lat' dir='ltr'><strong>Laur</strong></span> <span class='ocrx_word' id='word_1_774' title='bbox 1093 5533 1157 5576; x_wconf 63' lang='lat' dir='ltr'><strong>in</strong></span> <span class='ocrx_word' id='word_1_775' title='bbox 1188 5546 1368 5576; x_wconf 76' lang='lat' dir='ltr'><strong>mnrn</strong></span> <span class='ocrx_word' id='word_1_776' title='bbox 1424 5527 1628 5576; x_wconf 64' lang='grc' dir='ltr'><strong>ρηάρηι</strong></span> <span class='ocrx_word' id='word_1_777' title='bbox 1658 5543 1841 5576; x_wconf 86' lang='lat' dir='ltr'><strong>mmm</strong></span> <span class='ocrx_word' id='word_1_778' title='bbox 1872 5529 1978 5576; x_wconf 72' lang='grc' dir='ltr'><strong>ὡοα</strong></span> 
     </span>
    </p>
   </div>
   <div class='ocr_carea' id='block_1_101' title="bbox 2086 5438 3739 5576">
    <p class='ocr_par' dir='ltr' id='par_1_101' title="bbox 2086 5447 3739 5576">
     <span class='ocr_line' id='line_1_103' title="bbox 2086 5447 3739 5576; baseline 0.003 -72"><span class='ocrx_word' id='word_1_779' title='bbox 2086 5447 2444 5576; x_wconf 55' lang='grc' dir='ltr'>τὰϐἔέννησιν,</span> <span class='ocrx_word' id='word_1_780' title='bbox 2569 5447 2630 5496; x_wconf 59' lang='grc'>6³</span> <span class='ocrx_word' id='word_1_781' title='bbox 2659 5447 2788 5510; x_wconf 89' lang='lat' dir='ltr'><strong>Vat.</strong></span> <span class='ocrx_word' id='word_1_782' title='bbox 2813 5449 3015 5524; x_wconf 87' lang='grc' dir='ltr'>μόνως.</span> <span class='ocrx_word' id='word_1_783' title='bbox 3140 5447 3206 5498; x_wconf 72' lang='grc'><strong>65</strong></span> <span class='ocrx_word' id='word_1_784' title='bbox 3236 5449 3410 5513; x_wconf 87' lang='lat' dir='ltr'><strong>Laur.</strong></span> <span class='ocrx_word' id='word_1_785' title='bbox 3442 5449 3739 5530; x_wconf 79' lang='grc' dir='ltr'>ἄνθρωπος.</span> 
     </span>
     <span class='ocr_line' id='line_1_104' title="bbox 2256 5525 3716 5576; baseline 0 0"><span class='ocrx_word' id='word_1_786' title='bbox 2256 5529 2421 5576; x_wconf 62' lang='grc' dir='ltr'><strong>[311ιὶ</strong></span> <span class='ocrx_word' id='word_1_787' title='bbox 2457 5525 2624 5576; x_wconf 51' lang='lat' dir='ltr'><strong>abest</strong></span> <span class='ocrx_word' id='word_1_788' title='bbox 2679 5531 2754 5576; x_wconf 52' lang='lat' dir='ltr'><strong>in!</strong></span> <span class='ocrx_word' id='word_1_789' title='bbox 2825 5528 2887 5576; x_wconf 70' lang='lat'><strong>67</strong></span> <span class='ocrx_word' id='word_1_790' title='bbox 2921 5528 3073 5576; x_wconf 75' lang='lat' dir='ltr'><strong>Laur</strong></span> <span class='ocrx_word' id='word_1_791' title='bbox 3127 5529 3384 5576; x_wconf 66' lang='grc' dir='ltr'>πηοτόκου</span> <span class='ocrx_word' id='word_1_792' title='bbox 3473 5529 3716 5576; x_wconf 75' lang='lat' dir='ltr'><strong>68Innr</strong></span> 
     </span>
    </p>
   </div>
   <div class='ocr_carea' id='block_1_102' title="bbox 351 5518 1978 5610">
    <p class='ocr_par' dir='ltr' id='par_1_102' title="bbox 351 5518 1978 5610">
     <span class='ocr_line' id='line_1_105' title="bbox 351 5518 1978 5610; baseline -0.001 -26"><span class='ocrx_word' id='word_1_793' title='bbox 351 5518 417 5610; x_wconf 61' lang='lat'><strong>{54</strong></span> <span class='ocrx_word' id='word_1_794' title='bbox 451 5521 637 5588; x_wconf 87' lang='lat' dir='ltr'><strong>Codd.</strong></span> <span class='ocrx_word' id='word_1_795' title='bbox 665 5526 752 5592; x_wconf 75' lang='grc' dir='ltr'>ἣν.</span> <span class='ocrx_word' id='word_1_796' title='bbox 798 5526 863 5578; x_wconf 73' lang='grc'><strong>65</strong></span> <span class='ocrx_word' id='word_1_797' title='bbox 891 5527 1066 5591; x_wconf 87' lang='lat' dir='ltr'><strong>Laur.</strong></span> <span class='ocrx_word' id='word_1_798' title='bbox 1093 5533 1160 5594; x_wconf 77' lang='lat' dir='ltr'><strong>in</strong></span> <span class='ocrx_word' id='word_1_799' title='bbox 1188 5546 1391 5610; x_wconf 70' lang='lat' dir='ltr'><strong>marg.</strong></span> <span class='ocrx_word' id='word_1_800' title='bbox 1424 5527 1628 5610; x_wconf 73' lang='lat' dir='ltr'><strong>eadem</strong></span> <span class='ocrx_word' id='word_1_801' title='bbox 1658 5543 1841 5610; x_wconf 59' lang='lat' dir='ltr'><strong>mgna</strong></span> <span class='ocrx_word' id='word_1_802' title='bbox 1872 5529 1978 5606; x_wconf 78' lang='grc' dir='ltr'><strong>ὡρα</strong></span> 
     </span>
    </p>
   </div>
   <div class='ocr_carea' id='block_1_103' title="bbox 2086 5518 3738 5610">
    <p class='ocr_par' dir='ltr' id='par_1_103' title="bbox 2086 5518 3738 5610">
     <span class='ocr_line' id='line_1_106' title="bbox 2086 5518 3738 5610; baseline 0.004 -24"><span class='ocrx_word' id='word_1_803' title='bbox 2086 5576 2094 5586; x_wconf 95' lang='grc'>.</span> <span class='ocrx_word' id='word_1_804' title='bbox 2142 5518 2207 5576; x_wconf 68' lang='grc'><strong>66</strong></span> <span class='ocrx_word' id='word_1_805' title='bbox 2254 5525 2642 5610; x_wconf 74' lang='lat' dir='ltr'><strong>Laur._abest.</strong></span> <span class='ocrx_word' id='word_1_806' title='bbox 2679 5531 2781 5604; x_wconf 79' lang='grc' dir='ltr'><strong>μή.</strong></span> <span class='ocrx_word' id='word_1_807' title='bbox 2815 5518 2887 5580; x_wconf 62' lang='grc' dir='ltr'><strong>’θῖ</strong></span> <span class='ocrx_word' id='word_1_808' title='bbox 2917 5528 3092 5604; x_wconf 86' lang='lat' dir='ltr'><strong>Laur.</strong></span> <span class='ocrx_word' id='word_1_809' title='bbox 3127 5529 3408 5610; x_wconf 60' lang='grc' dir='ltr'>προῖόκον.</span> <span class='ocrx_word' id='word_1_810' title='bbox 3473 5518 3548 5582; x_wconf 58' lang='grc' dir='ltr'><strong>δέ</strong></span> <span class='ocrx_word' id='word_1_811' title='bbox 3563 5533 3738 5595; x_wconf 89' lang='lat' dir='ltr'><strong>Laur.</strong></span> 
     </span>
    </p>
   </div>
   <div class='ocr_carea' id='block_1_104' title="bbox 353 5599 1978 5698">
    <p class='ocr_par' dir='ltr' id='par_1_104' title="bbox 353 5599 1973 5690">
     <span class='ocr_line' id='line_1_107' title="bbox 353 5599 1973 5690; baseline 0.007 -30"><span class='ocrx_word' id='word_1_812' title='bbox 353 5599 416 5661; x_wconf 92' lang='lat' dir='ltr'><strong>in</strong></span> <span class='ocrx_word' id='word_1_813' title='bbox 448 5619 636 5683; x_wconf 79' lang='lat' dir='ltr'><strong>marg.</strong></span> <span class='ocrx_word' id='word_1_814' title='bbox 673 5622 900 5672; x_wconf 86' lang='lat' dir='ltr'><strong>rursus.</strong></span> <span class='ocrx_word' id='word_1_815' title='bbox 933 5610 1153 5690; x_wconf 69' lang='grc' dir='ltr'>ὡραῖον.</span> <span class='ocrx_word' id='word_1_816' title='bbox 1239 5607 1304 5658; x_wconf 75' lang='grc'>69</span> <span class='ocrx_word' id='word_1_817' title='bbox 1328 5599 1508 5674; x_wconf 81' lang='lat' dir='ltr'><strong>Laur.</strong></span> <span class='ocrx_word' id='word_1_818' title='bbox 1541 5608 1615 5672; x_wconf 74' lang='grc' dir='ltr'>ἒς.</span> <span class='ocrx_word' id='word_1_819' title='bbox 1719 5603 1781 5654; x_wconf 85' lang='grc' dir='ltr'><strong>’⁷ο</strong></span> <span class='ocrx_word' id='word_1_820' title='bbox 1805 5599 1973 5669; x_wconf 64' lang='grc' dir='ltr'>’Ῑιιιιὶτ</span> 
     </span>
    </p>
   </div>
   <div class='ocr_carea' id='block_1_105' title="bbox 2086 5599 3741 5698">
    <p class='ocr_par' dir='ltr' id='par_1_105' title="bbox 2086 5599 3741 5690">
     <span class='ocr_line' id='line_1_108' title="bbox 2086 5599 3741 5690; baseline 0.002 -25"><span class='ocrx_word' id='word_1_821' title='bbox 2086 5614 2326 5672; x_wconf 81' lang='grc' dir='ltr'>κοῦντος.</span> <span class='ocrx_word' id='word_1_822' title='bbox 2431 5605 2480 5650; x_wconf 74' lang='grc' dir='ltr'><strong>Ἡ</strong></span> <span class='ocrx_word' id='word_1_823' title='bbox 2513 5599 3134 5690; x_wconf 34' lang='grc' dir='ltr'>Ῑιειιιδξιπροσαναθῆναι.</span> <span class='ocrx_word' id='word_1_824' title='bbox 3172 5599 3181 5610; x_wconf 69' lang='grc'><em>’</em></span> <span class='ocrx_word' id='word_1_825' title='bbox 3237 5607 3295 5659; x_wconf 70' lang='grc'><strong>7⁸</strong></span> <span class='ocrx_word' id='word_1_826' title='bbox 3320 5611 3498 5678; x_wconf 86' lang='lat' dir='ltr'><strong>Laur.</strong></span> <span class='ocrx_word' id='word_1_827' title='bbox 3534 5613 3741 5674; x_wconf 67' lang='grc' dir='ltr'>ἑαυτόν.</span> 
     </span>
    </p>
   </div>
  </div>
