4052 6134
382 167 526 235 1091

1606 167 1855 235 JOANN
1864 171 1932 231 IS
1973 168 2542 234 EUCHAITENSIS

3623 173 3643 235 1
3658 170 3775 235 09‘2

372 320 528 364 mam
561 301 780 382 gladio,
833 303 910 364 de
967 321 1084 384 quo
1138 301 1372 382 jamdiu
1433 301 1883 381 praenuntiatum
1943 299 2022 362 illi

2121 307 2513 382 προμηνυθείσῃ
2545 302 2598 346 ⁷³
2667 305 2894 385 ῥομφαίᾳ
2963 304 3143 369 δεινῶς
3187 306 3283 373 τὴν
3339 303 3554 384 καρδίαν
3626 325 3770 359 σπα-

375 389 567 454 fuerat
585 409 632 464 ρ,
667 391 874 453 videns
901 390 1119 452 acerbe
1151 391 1564 466 dilaceratum,
1601 388 1839 471 (ecquid
1871 389 2029 450 enim

372 479 531 540 aliud
563 480 727 540 Matri
747 480 919 542 fieret
944 479 1004 540 in
1025 477 1328 557 Unigeniti
1380 479 1644 542 inaudita
1670 477 1944 559 passione
1975 477 2028 558 ‘?)

373 567 639 630 solamen
672 568 916 648 praebet,
953 577 1011 629 et
1071 569 1343 648 providas
1398 587 1569 630 curas
1626 567 1941 648 impendit,
1977 579 2034 632 et

372 653 682 736 Virginem
743 655 957 734 virgini
1017 655 1315 737 discipulo
1371 655 1715 728 committit,
1749 654 2032 717 dilectum

376 762 482 824 pro
513 763 578 807 se
610 745 740 826 ipso
771 745 1007 808 dilectae
1038 746 1280 807 tradens
1315 767 1330 826 ;
1361 755 1421 808 et
1446 747 1558 807 hoc
1593 754 1761 825 pacto
1793 743 2032 824 proSpi-

375 833 481 908 cit,
513 843 579 894 ut
607 842 665 894 et
693 834 991 914 reliquum
1020 834 1152 895 vitae
1185 843 1418 915 tempus
1449 833 1625 895 ducat
1658 850 1918 895 maerore
1935 849 2032 895 va-

373 940 575 994 cuum,
612 931 669 982 et
701 923 994 1002 ejusmodi
1019 925 1403 986 solitudinem
1436 923 1668 985 facilius
1689 924 1862 986 ferat.

457 1008 882 1073 Verumtamen
909 1013 1020 1075 Dei
1048 1011 1198 1074 Filia
1226 1013 1348 1093 (10)
1378 1011 1587 1073 Natum
1621 1032 1792 1074 suum
1825 1024 2029 1097 utpote

380 1107 678 1160 mortuum
737 1099 1114 1173 lamentatur,
1177 1110 1232 1162 et
1291 1101 1503 1163 imbuit
1559 1104 1901 1181 unguentis,
1938 1111 2022 1180 et,

373 1188 571 1267 prouti
604 1197 817 1268 potest,
845 1189 1007 1269 justa
1056 1190 1330 1251 funebria
1355 1209 1490 1253 cum
1514 1191 1647 1251 aliis
1675 1193 2026 1255 mulieribus

376 1277 679 1356 persolvit.
704 1277 829 1339 Mox
863 1296 1000 1338 vero
1023 1287 1081 1340 et
1124 1280 1437 1359 pulchrum
1479 1279 1626 1341 illud
1657 1288 1714 1340 et
1747 1300 2023 1360 magnum

373 1371 433 1425 et
463 1365 636 1426 dulce
671 1384 792 1446 prie
817 1367 1005 1428 oculis
1036 1366 1212 1428 habet
1261 1369 1686 1448 spectaculum,
1723 1370 2022 1432 Christum

377 1475 614 1538 nempe,
640 1458 740 1538 qui
769 1459 940 1539 paulo
965 1469 1100 1522 ante
1118 1462 1393 1541 sepulcro
1410 1461 1620 1532 fuerat,
1653 1462 2021 1537 recondilus,

2115 392 2445 470 ρσσσομένην
2505 391 2626 451 ἰδὼν
2702 394 2817 473 (καὶ
2889 395 2940 448 τί
2996 395 3097 472 γὰρ
3152 397 3186 462 ἡ
3249 396 3441 473 Μήτηρ
3493 393 3583 449 ἐπὶ
3645 391 3772 466 ξένῳ

2116 480 2265 536 πάθει
2326 481 2676 562 Μονογενοῦς)
2716 499 2732 556 ;
2790 484 3179 560 παραμυθεῖται
3235 485 3326 540 καὶ
3378 494 3624 562 προνοεῖ,
3685 483 3772 555 καὶ

2116 570 2370 647 παρθένον
2477 571 2715 649 παρθένῳ
2828 574 3041 646 μαθητῇ
3156 573 3525 650 παρατίθησιν,
3658 571 3770 626 ἀνθ’

2117 658 2301 714 ἑαυτου
2350 661 2440 716 τὸν
2497 662 2844 738 στεργόμενον
2899 661 3204 730 εἰσποιήσας
3260 667 3328 737 τῇ
3385 659 3718 739 στεργομένη
3751 677 3766 694 ο

2115 748 2202 802 καὶ
2268 757 2450 807 τοῦτον
2522 750 2612 804 τὸν
2681 748 2898 827 τρόπον,
2957 750 3030 811 ὡς
3087 748 3279 827 ἱλαρῶς
3338 748 3392 805 δὲ
3452 747 3616 814 διάξοι
3677 751 3765 804 τὸν

2114 834 2299 893 λοιπὸν
2331 839 2465 914 βίον,
2500 841 2587 896 καὶ
2607 839 2704 907 την
2733 839 2964 914 μόνωσιν
2993 838 3058 888 74
3084 841 3280 907 ταύτην
3307 842 3586 918 ὑπενέγκοι
3612 841 3766 918 ῥᾷον,

2112 926 2466 1002 οἰκονομήσας
2477 977 2491 990 ,

2191 1018 2262 1072 Οὔ
2295 1016 2389 1090 μὲν
2420 1016 2556 1074 ἀλλά
2584 1019 2670 1074 χαὶ
2719 1022 2902 1097 θρηνεῖ
2953 1020 3044 1074 τὸν
3102 1020 3293 1085 ἑαυτῆς
3365 1021 3436 1081 ὡς
3495 1021 3690 1095 νεκρὸν
3731 1019 3764 1083 ἡ

2110 1105 2335 1168 Θεόπαις
2365 1105 2452 1179 75,
2525 1110 2610 1163 καὶ
2673 1109 2892 1186 μυρίζει,
2949 1109 3036 1163 καὶ
3091 1108 3181 1162 τὸν
3237 1107 3510 1186 ἐπιτάφιον
3571 1107 3761 1184 νόμον,

2107 1193 2181 1254 ὡς
2234 1193 2383 1274 εἶχε,
2446 1196 2538 1250 σὺν
2592 1209 2716 1258 ταῖς
2761 1192 2946 1259 ἄλλαις
3001 1193 3275 1274 ἔκπληροῦ
3332 1195 3582 1272 γυναιξίν.
3618 1195 3762 1250 Εἶτα

2105 1285 2396 1359 παραυτίκα
2453 1286 2538 1339 καὶ
2605 1283 2789 1361 βλέπει
2842 1287 2932 1340 τὸν
3006 1283 3170 1340 καλὸν
3227 1284 3402 1340 έκεῖνο
3472 1287 3561 1339 καὶ
3619 1282 3763 1359 μέγα

2107 1371 2194 1426 καὶ
2250 1370 2412 1448 γλυκὺ
2481 1373 2647 1448 θέαμα
2680 1392 2694 1408 ⁸
2761 1375 2985 1450 Χριστὸν
3058 1375 3147 1428 τὸν
3224 1371 3338 1452 ἄρτι
3397 1373 3628 1452 ταφέντα
3693 1370 3763 1449 (ὣ

2106 1463 2206 1524 τῆς
2235 1463 2420 1526 θεϊκῆς
2451 1459 2679 1526 ἐξουσίας
2717 1460 2730 1523 !
2765 1462 2809 1517 ὢ
2837 1467 2933 1529 τῆς
2971 1459 3240 1536 δυνάμεως
3276 1459 3344 1540 ἵ),
3399 1467 3570 1531 ζῶντα
3598 1457 3758 1517 πάλιν

372 1556 429 1620 (o
461 1555 808 1626 potestatem
839 1548 1096 1610 divinam
1135 1550 1148 1612 Σ
1212 1575 1245 1609 υ
1292 1550 1568 1612 virtutem
1605 1549 1646 1630 Ξ)
1681 1551 1754 1612 ad
1789 1551 2021 1612 tertiam

2110 1549 2179 1610 εἷς
2238 1550 2442 1626 τρίτην,
2500 1552 2587 1606 καὶ
2659 1551 2894 1628 γνωρίζει
2948 1551 3039 1606 τὸν
3097 1549 3367 1628 φίλτατον,
3441 1550 3528 1604 καὶ
3599 1568 3757 1625 περι-

373 1634 533 1698 diem
569 1655 774 1698 rursus
806 1637 1123 1713 viventem,
1158 1649 1215 1700 et
1245 1640 1699 1701 dilectissimum
1731 1640 2020 1720 agnoscit,

373 1725 855 1788 etdesideratum
887 1727 1284 1808 amplectitur,
1333 1748 1400 1789 ac
1443 1729 1836 1790 reverentiam
1870 1729 2027 1790 inter

374 1833 444 1876 ac
478 1823 725 1890 metum,
755 1834 1137 1897 amoremque
1161 1827 1218 1878 et
1237 1817 1544 1897 gaudium,
1572 1827 1690 1879 tum
1711 1819 2023 1898 praesentia

373 1903 594 1982 ingenti
630 1923 763 1965 cum
783 1913 1024 1986 stupore
1049 1905 1456 1982 considerans,
1486 1917 1604 1967 tum
1637 1907 1931 1987 praeterita
1959 1906 2020 1967 in

375 1993 560 2055 corde
589 2012 696 2054 suo
727 1993 1067 2070 conferens,
1114 1995 1460 2058 collaatatur.
1513 1995 1585 2056 Et
1615 2015 1748 2057 cum
1781 1995 2016 2057 interim

375 2080 702 2142 mirabilem
757 2083 1030 2163 qamdam
1091 2084 1161 2145 ad
1218 2086 1342 2146 haec
1393 2085 1594 2146 omnia
1651 2085 2020 2165 experiretur

365 2170 825 2248 jucunditatem,
862 2172 1034 2252 paulo
1066 2181 1195 2252 post
1224 2174 1400 2235 etiam
1429 2173 1500 2234 ad
1532 2175 1713 2236 caelos
1750 2173 1806 2233 in
1839 2173 2018 2234 nubi-

371 2259 483 2320 bus
508 2267 773 2320 evectum
805 2278 939 2322 eum
978 2261 1158 2336 videt,
1192 2275 1250 2324 et
1273 2263 1632 2344 colloquium
1655 2263 1819 2326 audit
1841 2281 2020 2341 ange-

379 2349 596 2430 lorum,
622 2349 940 2430 laatumque
971 2369 1177 2412 eorum
1208 2351 1508 2427 nuntium,
1543 2371 1704 2433 eum,
1738 2353 1837 2432 qui
1860 2351 2024 2413 abie-

370 2447 484 2513 rat,
516 2458 724 2502 rursus
754 2459 885 2505 esse
917 2450 1251 2504 venturum.

455 2527 608 2591 XVI.
650 2528 866 2592 Verum
898 2531 1044 2592 nihil
1104 2531 1310 2611 utique
1366 2531 1492 2593 haec
1530 2530 1802 2592 valebant
1830 2529 1902 2591 ad
1934 2530 2024 2590 le-

374 2615 661 2678 niendum
694 2618 1056 2680 desiderium
1091 2621 1315 2693 Matris,
1350 2640 1480 2700 quae
1509 2620 1770 2695 dolebat,
1808 2628 1865 2680 et
1890 2615 2026 2679 Filii

378 2705 578 2786 (atque
602 2706 828 2767 utinam
849 2708 1055 2788 quanti
1080 2719 1132 2770 et
1155 2710 1346 2789 qualis
1367 2710 1524 2784 Filii,
1549 2709 1751 2770 dicere
1765 2725 2022 2788 possem,

379 2808 554 2874 prout
589 2794 776 2857 Deum
809 2795 980 2858 decet
1010 2815 1078 2860 ac
1107 2797 1256 2860 Filio
1271 2798 1634 2877 condignum
1667 2798 1806 2877 est),
1831 2795 2023 2876 quoad

375 2883 669 2946 visibilem
701 2885 968 2962 ejusdem
1002 2895 1330 2967 aspectum,
1363 2887 1694 2950 absentiam
1729 2886 1880 2948 ferre
1905 2903 2023 2945 non

382 2980 631 3052 poterat.
664 2953 957 3045 Quocirca
988 2953 1554 3056 ad'ipsum'venire
1612 2975 1867 3054 discupit
1901 2995 1916 3050 ;
1965 2953 2081 3037 etC

369 3061 482 3122 hoc
500 3060 678 3123 etiam
695 3071 967 3144 prompte
987 3064 1060 3125 ab
1084 3083 1152 3126 eo
1177 3066 1578 3146 consequitur,
1600 3063 2017 3150 quibenevole,

368 3155 567 3235 prouti
597 3164 1006 3230 consueverat,
1061 3156 1121 3218 id
1151 3158 1445 3221 concedit.
1477 3156 1601 3220 Hoc
1629 3157 1823 3237 ipsum
1853 3173 2014 3230 vero,

373 3243 530 3325 quod
565 3243 708 3321 dixi,
744 3244 889 3307 satis
920 3246 1136 3308 evincit
1166 3266 1297 3326 qua:
1337 3247 1509 3328 paulo
1542 3256 1674 3327 post
1703 3243 2019 3306 subsecuta

371 3341 459 3395 est
479 3333 830 3396 immortalis
850 3334 1009 3396 illius
1043 3335 1344 3398 translatio
1369 3357 1385 3414 ;
1408 3355 1585 3417 quam
1610 3334 1813 3409 hodie,
1846 3332 2016 3396 festi-

373 3424 616 3486 vitatem
649 3424 802 3487 hanc
826 3433 1091 3506 agentes,
1140 3445 1272 3506 quae
1318 3435 1377 3489 et
1433 3426 1563 3491 dies
1590 3433 1792 3486 sancta
1819 3425 2020 3485 vocari

372 3511 724 3592 promeruit,
760 3520 819 3574 et
876 3514 1027 3576 hanc
1085 3513 1273 3596 ipsam
1333 3523 1494 3576 tanto
1549 3514 1776 3575 honore
1807 3528 2018 3591 prose-

373 3608 624 3678 quentes
656 3601 908 3663 solemni
938 3609 1232 3664 conventu
1262 3603 1654 3666 celebramus.

445 3686 622 3752 XVII.
649 3687 793 3752 Nam
812 3698 870 3753 et
890 3701 1102 3754 caetera
1124 3691 1232 3754 Dei
1250 3691 1572 3756 Genitricis
1591 3699 1860 3772 portenta
1878 3709 2020 3754 sane

375 3777 592 3838 eximia
621 3786 780 3855 sunt,
815 3789 873 3841 et
903 3781 962 3841 in
996 3781 1228 3842 eximiis
1287 3782 1542 3844 maxime
1572 3780 1810 3842 eximia.
1845 3779 2022 3853 Quaa-

369 3884 504 3928 nam
535 3867 663 3929 haec
691 3867 826 3930 dico
847 3874 875 3929 ?
903 3868 1143 3932 Scilicet
1173 3890 1306 3952 qua;
1332 3879 1468 3932 ante
1506 3879 1762 3950 partum,
1797 3889 1928 3950 quae
1957 3870 2020 3931 in

367 3963 556 4035 partu,
611 3975 742 4036 quae
801 3966 930 4038 post
990 3968 1218 4039 partum
1277 3957 1573 4020 mirabilia
1609 3958 2017 4038 suscipimus:

369 4054 717 4126 conceptum
736 4055 898 4108 satus
911 4055 1208 4128 expertem
1222 4096 1236 4123 ,
1253 4047 1641 4127 gestationem
1667 4047 1740 4109 ab
1759 4065 2023 4109 aerumna

363 4150 630 4208 vacuam,
652 4143 882 4214 partum
903 4137 1304 4217 corruptionis
1320 4138 1612 4209 nescium,
1641 4137 2017 4198 tremendum

2108 1649 2291 1716 χεῖται
2347 1645 2421 1711 τῷ
2478 1639 2808 1718 ποθουμένῳ,
2866 1637 3006 1694 αἰδοῖ
3047 1659 3104 1693 τε
3161 1639 3248 1695 καὶ
3291 1634 3436 1717 φόϐῳ
3476 1638 3566 1692 καὶ
3608 1636 3758 1708 πόθῳ

2107 1728 2427 1804 μεριζομένη
2487 1729 2573 1783 καὶ
2629 1735 2698 1803 τῇ
2760 1733 2903 1807 χαρᾷ
2945 1727 3340 1805 περιγάννυται,
3397 1726 3464 1781 τά
3518 1724 3755 1802 παρόντα

2105 1841 2161 1874 τε
2232 1819 2345 1893 μετ’
2405 1818 2708 1889 ἐκπλήξεως
2751 1821 2926 1898 ὁρῶσα
2984 1817 3215 1892 πσλλῆς,
3283 1819 3372 1872 καὶ
3437 1817 3500 1872 τά
3559 1814 3757 1895 προλα-

2103 1905 2261 1964 ϐόντα
2319 1907 2690 1982 συμϐάλλουσα
2744 1907 2796 1962 ἐν
2854 1913 2920 1982 τῇ
2981 1904 3163 1984 καρδία
3220 1906 3407 1972 αὒτῆς.
3472 1906 3571 1962 Καὶ
3621 1907 3753 1959 θαυ-

2103 1999 2314 2072 μαστήν
2345 2021 2460 2053 τινα
2489 1999 2774 2077 πάσχουσα
2805 1995 2868 2047 75
2908 1999 3038 2075 πρὸς
3082 1996 3252 2050 πάντα
3283 1997 3381 2062 τὴν
3408 1992 3603 2062 ἡδονὴν
3651 2014 3754 2066 με-

2102 2085 2225 2151 ταξύ
2252 2109 2301 2141 τι
2331 2087 2506 2166 βραχύ
2533 2089 2620 2142 καὶ
2663 2087 2793 2163 πρὸς
2825 2085 3072 2164 οὒρανοὺς
3104 2083 3157 2139 ἐν
3189 2083 3427 2163 νεφέλαις
3460 2081 3753 2160 ἐπαρθέντα

2102 2176 2219 2252 ὁρᾷ,
2265 2178 2352 2231 καὶ
2413 2176 2507 2243 τῆς
2539 2173 2825 2253 αγγελικῆς
2854 2173 3060 2250 ὁμιλίας
3091 2172 3152 2221 77
3202 2175 3291 2229 καὶ
3339 2172 3664 2251 παρηγορίας
3695 2169 3754 2218 78

2102 2263 2302 2337 ἀκούει,
2365 2263 2841 2341 εὖαγγελιζομένης
2897 2264 2984 2320 καὶ
3023 2263 3181 2320 πάλιν
3211 2272 3302 2321 τοῦ
3358 2261 3606 2324 ἀπιόντος
3652 2260 3748 2325 τὴν

2105 2349 2303 2407 ἕλευσιν
2315 2397 2330 2412 .

2188 2519 2312 2602 ις’.
2359 2525 2508 2585 Ἀλλ’
2554 2527 2700 2586 οὐδὲν
2743 2527 2839 2607 ἄρα
2883 2534 3044 2584 ταῦτα
3103 2533 3347 2605 μητρικῷ
3403 2526 3550 2598 πόθῳ
3603 2524 3743 2598 κάμ-

2107 2639 2274 2698 νοντι,
2306 2619 2392 2673 καὶ
2423 2615 2914 2695 παιδὸςξέκδημίαν,
2960 2616 3081 2673 ὅσον
3130 2617 3261 2694 πρὸς
3317 2617 3378 2670 τὸ
3434 2614 3742 2693 φαινόμενον

2111 2705 2275 2785 (ἀλλά
2315 2703 2500 2770 παιδὸς
2542 2707 2656 2770 πῶς
2701 2704 2762 2762 ἂν
2818 2706 3025 2780 εἴποιμι
3099 2707 3402 2782 θεοπρεπῶς
3461 2703 3550 2758 καὶ
3595 2701 3738 2765 ἀξίως

2107 2792 2291 2858 παιδὸς
2319 2793 2504 2862 ἡλίκου
2532 2797 2619 2851 καὶ
2646 2793 2834 2874 τίνος),
2880 2794 3052 2874 φέρειν
3107 2795 3200 2850 οὒκ
3226 2791 3433 2870 ἔχοντι.
3472 2792 3573 2847 Διά
3599 2797 3738 2846 τοῦτο

2106 2891 2259 2954 ζητεῖ
2288 2884 2384 2950 τὴν
2414 2885 2540 2962 πρὸς
2596 2886 2750 2940 αὐτὸν
2807 2881 2974 2962 ἄφιξιν
3005 2881 3068 2930 78
3125 2883 3209 2936 καὶ
3262 2877 3386 2958 παρ’
3421 2880 3581 2936 αὐτοῦ
3607 2877 3725 2950 λαμ.-

2105 2969 2248 3029 ϐάδει
2309 2974 2396 3028 καὶ
2465 2979 2616 3028 τοῦτο
2669 2972 2972 3052 προθύμως,
3041 2967 3271 3032 διδόντος
3300 2968 3364 3019 80
3420 2966 3728 3048 φιλοφρόνως

2104 3063 2176 3125 ὡς
2222 3062 2429 3124 εἴωθεν,
2491 3059 2780 3126 Ἀπόδειξις
2844 3062 3106 3138 αὐτάρκης
3163 3064 3256 3114 τοῦ
3312 3056 3474 3135 λόγου
3544 3061 3581 3124 ἡ
3633 3052 3733 3131 μετ’

2103 3149 2279 3229 ὀλίγον
2321 3150 2550 3207 ἐντεῦθεν
2606 3156 2705 3218 τῆς
2758 3150 3012 3207 ἀθανάτου
3076 3147 3348 3223 μετάθεσις
3380 3160 3394 3175 ⁶
3443 3146 3510 3211 ἦν
3570 3167 3740 3209 πανη-

2097 3241 2371 3318 γυρίζομεν
2391 3239 2446 3288 3|
2482 3241 2712 3319 σήμερον
2740 3237 2948 3306 χλητὴν
2977 3238 3128 3316 ἁγίαν
3156 3234 3384 3314 ἡμέραν,
3415 3234 3516 3301 τὴν
3545 3232 3742 3310 ἡμέραν

2098 3326 2313 3407 ἄγοντες
2355 3331 2574 3402 ταύτην,
2607 3329 2857 3410 καὶ-’μετά
2892 3327 3151 3393 τοσαύτης
3180 3322 3243 3373 82
3285 3324 3448 3390 αὐτὴν
3477 3321 3745 3399 ὑποδεχό-

2099 3439 2246 3492 μενοι
2276 3423 2374 3484 τῆς
2406 3421 2594 3492 τιμῆς.

2181 3677 2283 3748 12..
2347 3685 2494 3744 Καλά
2551 3685 2649 3762 μὲν
2691 3687 2790 3765 γὰρ
2845 3682 2948 3752 ἤδη
3019 3685 3106 3740 καὶ
3161 3681 3348 3757 τάλλα,
3422 3682 3510 3738 καὶ
3566 3677 3742 3734 καλῶν

2102 3774 2380 3850 κάλλιστα,
2426 3776 2493 3831 τὰ
2533 3778 2632 3841 τῆς
2705 3776 3039 3854 Θεομήτορος
3093 3774 3352 3846 θαύματα,
3400 3771 3524 3828 Τίνα
3585 3766 3747 3823 ταῦτά

2102 3887 2240 3945 φημι
2275 3885 2290 3944 ;
2338 3865 2414 3923 Τὰ
2465 3865 2566 3942 πρὸ
2612 3873 2705 3922 τοῦ
2731 3859 2785 3904 93
2825 3863 2984 3921 τόκου
3041 3860 3328 3940 παράδοξα,
3375 3860 3439 3915 τά
3483 3858 3536 3913 ἐν
3580 3857 3744 3945 τόπῳ,

2102 3942 2166 4009 τὰ
2194 3942 2432 4030 “una:
2473 3952 2631 4010 τόκον
2666 3969 2680 3982 ⁸
2726 3953 2826 4018 τὴν
2887 3950 3117 4030 ἄσπορον
3169 3949 3454 4028 σύλληψιν,
3482 3948 3582 4013 τὴν
3613 3942 3744 3999 ἀλυ-

2103 4065 2202 4099 πον
2281 4043 2492 4122 κύησιν,
2573 4042 2672 4109 τὴν
2743 4040 2964 4122 ἄφθορον
3021 4040 3290 4118 γέννησιν,
3364 4039 3462 4104 τὴν
3532 4033 3654 4109 ὄψιν
3686 4031 3749 4080 8⁵

2104 4132 2305 4198 ἐκείνην
2350 4138 2441 4187 τοῦ
2484 4130 2710 4209 ἀγγέλου
2766 4133 2862 4197 τὴν
2907 4126 3153 4209 φοϐερὰν,
3201 4131 3298 4194 τὴν
3368 4124 3549 4205 φωνὴν
3604 4122 3744 4209 ἐκεί-

361 4221 529 4284 illum
553 4208 746 4302 angeli
770 4208 1101 4303 aspectum,
1126 4245 1331 4287 vocem
1350 4225 1515 4287 illam
1549 4208 1832 4299 divinam,
1863 4243 2015 4306 prae-

2110 4245 2197 4288 νην
2253 4221 2352 4285 τὴν
2405 4208 2568 4294 θείαν,
2641 4221 2728 4276 καὶ
2783 4208 3051 4298 λαμπρὰν,
3123 4218 3210 4273 καὶ
3279 4215 3616 4296 χαρμόσυνον
3658 4208 3741 4259 33'

363 4311 604 4391 claram,
639 4330 707 4373 ac
725 4312 1052 4392 jucundam
1087 4336 1103 4390 ;
1135 4314 1311 4395 plane
1363 4314 1744 4376 admirandas
1769 4312 2020 4378 Joannis

362 4397 804 4479 exsultationes,
830 4401 1178 4463 honorantis
1206 4421 1275 4464 ex
1311 4415 1487 4464 utero
1524 4403 1723 4465 adhuc
1756 4403 1817 4464 in
1851 4411 2018 4466 utero

356 4499 699 4570 gestatum;
747 4492 1065 4556 Elisabetze
1113 4495 1543 4556 conscientiam
1603 4496 1680 4557 de
1734 4494 2020 4575 dignitate

358 4579 517 4642 illius
547 4582 648 4661 qui
676 4582 1104 4664 honorabatur,
1138 4591 1262 4644 tum
1295 4583 1569 4664 ejusdem
1601 4602 1744 4664 erga
1773 4593 2018 4664 gestan—

437 4775 464 4817 p
488 4738 633 4802 Luc.
669 4757 734 4818 ιι,
769 4744 868 4804 35.

2100 4313 2164 4367 τὰ
2236 4309 2478 4368 Ἰωάννου
2559 4315 2651 4365 τοῦ
2720 4308 2855 4365 πάνυ
2936 4308 3210 4382 θαυμαστά
3296 4305 3630 4383 σκιρτήματα
3657 4300 3742 4374 86,

2100 4406 2358 4476 τιμῶντος
2432 4398 2716 4477 ἐγγάστρια
2784 4400 2875 4453 τὸν
2945 4395 3019 4452 ἔτι
3090 4396 3225 4451 κατὰ
3308 4393 3536 4471 γαστέρα
3570 4411 3586 4425 ο
3648 4393 3741 4457 τὴν

2103 4486 2378 4548 Ἐλισάϐετ
2453 4487 2730 4566 ἐπίγνωσιν
2813 4491 2912 4554 τῆς
2991 4491 3081 4540 τοῦ
3168 4482 3479 4558 τιμηθέντος
3577 4480 3741 4551 ἀξίας,

2100 4582 2189 4640 καὶ
2243 4578 2339 4644 τὴν
2399 4573 2541 4642 ἀξίαν
2610 4577 2727 4655 περὶ
2802 4576 2900 4642 τήν
2986 4580 3210 4631 κυοῦσαν
3292 4567 3587 4644 εὐλάϐειαν,
3657 4570 3743 4624 καὶ

1782 4851 1976 4916 Variae
2005 4851 2317 4916 lectiones.

441 4977 504 5029 73
533 4976 706 5042 Laur.
740 4983 1191 5059 προσμηνυθήσει.

456 5060 660 5140 Uterq.
691 5057 824 5124 cod.
841 5057 1176 5142 πάσχουσαν.

451 5142 621 5224 [.aur.
657 5140 1083 5224 naviyupitopsv.
1196 5141 1260 5193 32
1287 5143 1462 5205 Laur.
1493 5145 1774 5212 τοσούτης,

357 5219 422 5272 8⁸
449 5220 624 5284 Laur.
657 5229 756 5290 τὴν
784 5219 1056 5304 λαμπράν,
1086 5226 1173 5281 καὶ
1202 5227 1345 5282 θείαν
1375 5224 1733 5304 χαρμόσυνον.

1361 4982 1425 5033 ἠ
1453 4985 1630 5046 Laur.
1665 4987 1880 5060 μόνοσιν
1891 5034 1904 5047 .

2072 4985 2135 5036 75
2162 4983 2297 5048 Vat.
2331 4984 2449 5047 alio
2493 5000 2814 5048 vernorum
2854 4983 3066 5046 ordine
3105 4985 3140 5053 ἡ
3189 4983 3417 5063 Θεόπαις
3442 4985 3513 5063 ᾡς
3533 4985 3745 5063 νεκρόν.

1263 5063 1323 5112 77
1358 5065 1528 5126 Laur.
1559 5063 1812 5140 ὁμηλίας,
1851 5099 1858 5106 ι
1886 5065 1947 5114 78
1974 5063 2022 5126 L1

1287 5143 1462 5196 Laur-
1493 5145 1773 5196 τοσαύτης-
1881 5146 1945 5196 85
1974 5143 2022 5196 v

2110 5083 2147 5127 Γ.
2166 5067 2555 5146 παροιγορείας.
2631 5064 2693 5115 79
2719 5065 2896 5128 Laur.
2933 5063 3146 5145 ἀφηξιν,
3191 5063 3254 5114 80
3273 5062 3447 5126 Laur,
3476 5061 3744 5126 διδόντως.

2144 5145 2337 5196 αιιρςιί-
2369 5156 2481 5196 τοῦ-
2569 5146 2634 5196 84
2661 5148 2833 5196 Imm
2871 5143 3059 5196 abest-
3091 5144 3178 5196 τά-
3307 5145 3370 5195 85
3394 5142 3566 5196 Laur.
3599 5143 3744 5196 ὄὼιν.

1881 5146 1945 5196 85
1974 5143 2106 5209 Vat.
2144 5143 2349 5209 abest;
2369 5143 2484 5208 τοῦ.
2569 5146 2680 5210 841

1819 5223 1884 5275 35
1912 5224 2043 5288 Vat.
2067 5229 2363 5302 θαυμαστὸν
2394 5228 2680 5307 σκίρτημα.

2569 5146 2634 5197 84
2660 5148 2837 5210 Laur.
2871 5142 3061 5208 abest.
3091 5144 3180 5208 τά.
3307 5145 3370 5195 85
3392 5142 3566 5205 Laur.
3599 5143 3746 5218 ὄψιν.

1958 5357 2146 5421 Notae.

438 5489 566 5569 (10)
601 5493 750 5553 Ecce
779 5487 886 5550 tibi
919 5487 1224 5570 singulare
1255 5489 1400 5552 illud
1434 5489 1701 5572 Deiparaa
1730 5495 2092 5576 encomium,
2124 5503 2187 5557 ut
2213 5497 2683 5560 antonomastice
2736 5496 2854 5560 Dei
2885 5495 3044 5561 Filia
3075 5495 3424 5580 appelletur.
