4052 6134
248 237 416 303 1093
1179 237 1432 305 SERMO
1476 238 1556 306 IN
1594 242 1696 305 SS.
1746 237 1959 304 DEIPA

2054 243 2108 304 (Ε
2153 239 2728 308 DORMITIONEM.
3497 240 3656 309 1094

253 376 527 455 ἀνάῤῥυσιν
582 378 646 427 88
678 395 692 409 ⁶
777 380 897 443 τοὺς
969 378 1225 458 ἀγγέλους
1310 380 1446 456 μετά
1501 380 1698 460 βραχὺ,
1773 379 1959 441 τοὺςΑ

2054 392 2101 434 [η
2133 371 2478 454 (Virginem)
2509 374 2911 437 reverentiam
2971 375 3366 458 condignam,
3399 395 3469 440 ac
3499 395 3654 459 prte-

258 465 540 542 ποιμένας,
584 469 706 533 τοὺς
748 471 976 548 μάγους⁹
1006 469 1128 534 τοὺς
1185 468 1345 549 ὕπαρ,
1406 470 1524 534 τοὺς
1581 467 1729 549 ὄναρ,
1787 469 1909 531 τοὺς

2054 462 2234 524 mium
2269 481 2286 539 ;
2335 463 2578 542 angelos
2608 463 2780 544 paulo
2817 471 2975 544 post,
3011 473 3302 546 pastores,
3336 484 3562 546 magos,
3597 475 3658 530 et

266 554 320 610 ἐν
351 553 594 612 ἐκστάσει
626 559 1034 638 χρηματισμούς
1067 573 1080 587 ’
1145 559 1243 626 τὴν
1300 558 1520 633 Συμεὼν
1566 557 1910 637 προφητείαν,

2054 550 2198 612 .vina
2247 553 2420 613 modo
2483 570 2589 632 per
2647 551 2935 631 vigiliam,
2992 553 3169 615 modo
3215 572 3321 634 per
3351 573 3652 633 somnum,

264 642 366 708 τὴν
454 653 624 712 Ᾱννης
680 645 1102 724 ἀνθομολόγησιν
1129 662 1146 678 ⁰
1204 647 1336 726 πρὸς
1405 643 1458 701 δὲ
1501 646 1704 708 τούτοις
1748 644 1784 712 ἢ
1829 645 1916 700 καὶ

2054 640 2176 702 ›οόο
2208 659 2315 721 per
2343 641 2592 702 extasim
2625 641 2865 703 oracula
2899 662 2915 717 ;
2951 642 3255 705 Simeonis
3285 644 3655 719 vaticinium,

266 734 368 811 πρὸ
397 733 618 813 τούτων,
648 735 715 790 τὰ
743 737 937 802 ταύτης
977 739 1141 802 αὐτῆς
1190 735 1368 813 ὥσπερ
1426 733 1561 815 ἴδια,
1623 736 1692 800 ὡς
1751 735 1919 813 εὒχῆς

2057 748 2190 790 nnze
2219 729 2656 791 confessionem
2692 747 2708 805 ;
2767 729 2843 792 ad
2901 733 3026 792 haec
3085 739 3305 805 autem,
3343 750 3449 795 seu
3481 733 3657 794 etiam

270 817 436 899 δῶρον
470 819 661 880 ἄνωθεν
691 837 810 888 τοῖς
831 826 1023 903 ἷεεροϊς
1048 822 1198 891 ἐδόθη
1225 824 1482 903 πατράσιν
1508 841 1520 855 ·
1558 825 1631 888 ὡς
1655 822 1922 902 μητρικὴν

2054 827 2145 879 nte
2182 819 2319 894 ista,
2369 837 2439 879 ea
2468 837 2728 899 quoque,
2758 837 2891 900 quae
2923 820 3194 899 ejusdem
3225 821 3404 900 hujus
3437 820 3661 902 (Virgi-

267 906 572 987 παραδόξως
622 911 836 988 ἀγονίαν
878 911 1109 969 διέλυσεν
1144 931 1158 948 ⁸
1212 911 1324 980 ἤδει
1369 913 1491 991 γὰρ,
1535 909 1636 968 ἔδει
1692 911 1925 991 προδρα-

2054 909 2129 985 is)
2162 908 2400 988 propria
2457 908 2892 988 quodammodo
2951 908 3324 985 exstiterunt,
3381 911 3664 973 videlicet

282 1011 407 1071 μεῖν
466 1001 636 1075 θαῦμα
707 1002 996 1082 θαύματος,
1067 1003 1154 1058 καὶ
1209 1002 1410 1081 καρπὸν
1461 1007 1643 1079 νεκρᾶς
1697 1001 1927 1079 μήτρας,

2055 997 2169 1057 uod
2207 996 2482 1074 precibus
2514 1004 2852 1058 sanctorum
2888 1007 3200 1077 parentum
3230 999 3412 1063 veluti
3440 999 3663 1061 donum

276 1089 560 1164 παρθενίας
631 1089 787 1146 τόκον
883 1093 1241 1147 πιστώσασθαι
1275 1108 1289 1121 ⁸
1393 1092 1466 1154 ὡς
1565 1089 1708 1153 εὐθὺς
1779 1086 1930 1144 δοτὸν

2055 1084 2298 1146 ivinitus
2323 1103 2608 1146 concessa
2628 1085 2842 1148 fuerit:
2887 1085 3045 1166 quod
3096 1095 3423 1150 maternam
3446 1087 3663 1150 sterili-

277 1171 446 1253 δῶρον
516 1175 764 1244 ἀντεδόθη
821 1177 980 1239 πάλιν
1034 1183 1112 1254 τῷ
1175 1176 1419 1236 δεδωκότι
1451 1177 1514 1228 89
1545 1197 1561 1215 ο
1618 1179 1691 1240 ὡς
1746 1178 1929 1256 χερσὶν

2054 1182 2191 1235 item
2214 1173 2472 1235 mirabili
2497 1174 2727 1237 ratione
2747 1174 3115 1250 dissolverit;
3142 1176 3452 1256 oportebat
3475 1177 3658 1256 enim,

281 1263 465 1337 ἱερέων
515 1270 590 1339 τῷ
647 1267 768 1344 ἱερῷ
810 1270 1180 1347 προσαχθεῒσα
1208 1267 1273 1318 90
1313 1268 1410 1335 τὴν
1453 1267 1580 1346 ὑπὲρ
1622 1273 1795 1323 πᾶσαν
1836 1267 1931 1321 πί-

2057 1263 2188 1324 lane
2208 1263 2540 1343 oportebat,
2571 1271 2634 1324 ut
2675 1262 2956 1326 miraculo
2982 1277 3372 1345 praecurreret
3404 1267 3666 1329 miracu-

282 1375 397 1409 στιν
426 1349 476 1395 9ί
522 1354 735 1435 ἀνήχθη
779 1358 922 1436 παρά
976 1371 1094 1422 τοῖς
1150 1357 1316 1436 ἄγίοις
1371 1357 1576 1420 ἀδύτοις
1620 1356 1930 1436 ἀναγωγὴν,

2054 1370 2162 1428 ΗΠ,
2200 1361 2258 1413 et
2289 1360 2351 1412 ut
2379 1351 2732 1431 virginitatis
2791 1353 2981 1432 partui
3041 1353 3218 1415 ﬁdem
3251 1355 3478 1418 faceret
3507 1357 3668 1420 effeti

275 1444 370 1497 τὸν
429 1440 522 1499 ἀπ’
567 1447 785 1523 ούρανοῦ
827 1443 970 1510 ξένον
1031 1446 1207 1526 ἄρτον,
1266 1447 1363 1514 τὴν
1423 1444 1667 1524 ἀγγέλων
1739 1443 1934 1523 τροφὴν

2054 1441 2174 1504 teri
2200 1441 2432 1503 fructus
2465 1446 2480 1503 ξ
2515 1441 2670 1523 quod
2705 1460 3055 1504 concessum
3086 1442 3307 1504 donum
3358 1445 3553 1506 statim
3583 1445 3661 1520 ei,

228 1564 231 1565 ν
278 1529 397 1586 ἐκεῖ
454 1530 721 1611 δεχομένη
755 1551 770 1564 ⁸
833 1533 1021 1610 τάλλα,
1085 1539 1172 1600 οἷς
1230 1535 1404 1600 καλῶς
1466 1535 1599 1602 αὕτη
1672 1531 1936 1611 πόῤῥωθεν

2054 1530 2121 1609 ,υἱ
2151 1530 2420 1604 dederat,
2453 1531 2752 1592 redditum
2781 1547 2986 1592 rursus
3017 1530 3195 1592 fuerit
3227 1555 3242 1609 ;
3275 1534 3432 1613 quod
3462 1551 3665 1595 sacer-

281 1620 602 1698 ἁγνιζομένη
684 1626 800 1698 Θεῴ
884 1625 1014 1702 πρὸς
1083 1623 1355 1704 ὑποδοχὴν
1437 1624 1777 1703 ἠῦτρεπίζετο
1837 1626 1936 1688 τῆς

2054 1626 2220 1680 ηοιυιη
2248 1618 2524 1682 manibus
2553 1619 2773 1700 templo
2803 1618 3023 1694 oblata,
3055 1620 3114 1680 in
3136 1621 3324 1682 sacris
3341 1623 3666 1702 penetrali-

280 1709 423 1773 θείας
495 1711 814 1793 ἁγιωσύνης,
887 1715 960 1768 ὧν
1032 1712 1176 1770 οὐδὲν
1235 1715 1452 1776 ἀπεικὸς
1514 1714 1598 1769 ἐπὶ
1667 1712 1940 1786 μυστηρίῳ

2054 1727 2152 1781 vus,
2178 1727 2247 1770 eo
2279 1709 2412 1770 vitae
2441 1695 2736 1782 instituto,
2769 1708 2926 1788 quod
2955 1727 3189 1770 omnem
3216 1695 3389 1772 ﬁdem
3409 1711 3665 1787 excedit,

284 1798 541 1871 τοσούτῳ,
590 1798 686 1857 κᾶν
740 1800 906 1858 πολύν
933 1800 994 1850 92
1043 1802 1181 1859 ἐστιν
1238 1803 1271 1858 ἃ
1325 1805 1414 1860 τὸν
1443 1799 1748 1881 παράλογον
1779 1799 1832 1855 ἐν
1863 1805 1939 1873 τῷ

2054 1815 2235 1858 ιονυιη
2263 1816 2294 1858 e
2327 1797 2474 1858 οωιο
2506 1815 2741 1877 panem,
2805 1795 3003 1858 cibum
3037 1796 3118 1858 ibi
3151 1800 3485 1877 angelicum
3514 1801 3666 1863 acci-

289 1883 675 1966 ὒπερϐάλλοντι
705 1891 871 1970 φέρει.

2054 1884 2212 1959 iens,
2250 1886 2497 1948 educata
2533 1885 2750 1961 fuerit;
2785 1893 2907 1946 tum
2939 1885 3073 1960 alia,
3107 1887 3322 1966 quibus
3351 1907 3479 1951 eam
3513 1891 3670 1952 Deus

285 1974 390 2037 diu
423 1976 480 2036 in
510 1985 885 2041 antecessum
917 1979 1032 2041 sibi
1061 1979 1312 2060 pulchre
1342 1978 1706 2060 purificans.
1730 1977 1803 2039 ad
1835 1973 2276 2056 suscipiendam
2324 1975 2384 2036 in
2432 1993 2498 2036 se
2551 1974 2811 2036 divinam
2862 1972 3051 2055 ipsam
3085 1977 3454 2040 sanctitatem
3488 1997 3668 2058 para-

291 2061 414 2140 bat,
468 2073 529 2127 et
572 2085 819 2146 quorum
863 2067 1011 2129 nihil
1067 2069 1130 2130 in
1183 2076 1344 2131 tanto
1396 2068 1673 2150 mysterio
1731 2084 1851 2129 non
1907 2081 2234 2142 congruum
2278 2063 2595 2144 reperitur,
2630 2064 2744 2125 etsi
2767 2063 2887 2124 sint
2923 2081 3053 2146 quae
3084 2082 3260 2146 supra
3293 2084 3668 2130 communem

292 2153 568 2215 ordinem
601 2155 925 2219 eminentia
955 2175 1336 2223 communem
1369 2159 1660 2220 rationem
1695 2157 1868 2234 longe
1897 2151 2481 2234 prastergrediuntur.

378 2243 542 2300 Πόσαι
609 2269 699 2321 μοι
769 2246 885 2304 καθ’
944 2247 1163 2305 ἕκαστον
1219 2249 1418 2305 τούτων
1474 2248 1793 2326 πανηγύρεις
1856 2248 1945 2302 καὶ

299 2330 525 2406 τελεταὶ,
559 2336 634 2391 ὦν
683 2334 966 2415 κεφάλαιον
1019 2337 1076 2392 ἓν
1127 2337 1379 2417 ὑπερφυές
1423 2358 1477 2393 νε
1527 2339 1616 2393 καὶ
1673 2335 1946 2414 μέγιστον,

303 2428 434 2478 Θεοῦ
494 2421 887 2504 ἐνανθρώπησις
954 2427 1040 2483 ἐπὶ
1081 2433 1158 2502 τῷ
1208 2428 1300 2483 τὸν
1342 2423 1610 2506 ἄνθρωπον
1667 2429 1946 2492 θεωθῆναι.

306 2514 405 2569 Καὶ
459 2515 656 2572 τούτων
717 2517 943 2586 ἑκάστην
1002 2520 1135 2594 μετά
1190 2526 1282 2576 τοῦ
1338 2517 1463 2576 ἰδίου
1519 2527 1699 2597 καιροῦ
1754 2540 1811 2575 τε
1870 2525 1958 2580 καὶ

310 2604 597 2682 μυστηρίου
638 2601 906 2685 δεχόμεθα
955 2609 1043 2665 καὶ
1099 2607 1508 2687 προπέμπομεν,
1582 2607 1758 2686 ὥσπερ
1815 2607 1956 2688 ὥρας

301 2687 471 2756 ἄλλας
502 2695 783 2760 εὐτάκτους
831 2698 1158 2761 ὕπαπιούσας
1205 2696 1464 2768 ἀλλήλαις
1521 2697 1574 2753 ἐν
1615 2697 1826 2773 κόσμῳ,
1870 2698 1958 2754 καὶ

302 2781 575 2859 ἐπιούσας,
608 2785 695 2841 καὶ
724 2785 825 2853 τὴν
855 2786 1054 2846 ἑαυτῶν
1086 2789 1219 2864 ἡμῖν
1251 2787 1409 2868 χάριν
1441 2785 1501 2843 ἐκ
1529 2785 1781 2866 διαδοχῆς
1810 2784 1958 2866 φιλο-

304 2872 622 2948 τιμουμένας
633 2924 646 2936 ,
730 2934 733 2938 ,

395 3129 511 3196 111⁸.
577 3141 651 3199 Τὰ
706 3140 760 3197 δὲ
814 3151 900 3201 νῦν
954 3145 989 3211 ἡ
1044 3144 1263 3222 σφραγὶς
1317 3143 1528 3199 ἐκείνων
1598 3115 1806 3220 πασῶν,
1866 3141 1954 3197 καὶ

313 3225 498 3304 βεϐαία
527 3227 908 3310 συμπλήρωσις
934 3247 949 3262 ⁸
983 3233 1018 3300 ἡ
1049 3231 1256 3312 ἐσχάτη
1283 3233 1374 3290 καὶ
1401 3231 1585 3311 πρώτη
1617 3233 1702 3287 καὶ
1733 3231 1956 3308 μεγίστη

311 3323 418 3373 τῶν
461 3318 655 3396 ἑορτῶν
690 3338 706 3354 ⁸
765 3321 948 3401 χρόνῳ
1005 3322 1102 3397 μὲν
1153 3320 1358 3400 ἐσχάτη
1412 3322 1499 3376 καὶ
1541 3318 1680 3385 τάξει
1707 3317 1874 3376 τᾶλλα
1905 3316 1960 3375 δὲ

315 3403 526 3480 δυνάμει
557 3410 645 3464 καὶ
674 3407 955 3484 ἀξιώματι.

400 3670 662 3729 Πάλλεταί
718 3697 808 3749 μοι
869 3676 931 3731 τὸ
991 3683 1196 3753 πνεῦμα
1251 3678 1383 3756 πρὸς
1439 3677 1504 3732 τὰ
1559 3677 1816 3754 παρόντα,
1874 3677 1960 3732 καὶ

317 3761 352 3827 ἡ
395 3758 578 3840 καρδία
635 3769 819 3842 σκιρτᾷ
851 3781 868 3802 ο
929 3766 1016 3822 καὶ
1057 3779 1374 3846 περισκοπεῖ
1424 3787 1570 3830 τινας
1629 3764 1819 3843 λόγους
1861 3763 1961 3821 λο-

319 3863 539 3926 γισμοῖς
609 3850 845 3927 ὑψηλοὺς
873 3851 932 3896 9³
998 3856 1087 3911 καὶ
1129 3854 1298 3921 ἀξίους
1353 3860 1450 3922 τῆς
1510 3852 1964 3933 μεγαλοπρεπείας

317 3945 409 3995 τοῦ
469 3941 757 4016 θαύματος.
817 3940 1078 4022 Ἀπαίρει,
1143 3946 1272 4024 πρὸς
1329 3944 1574 4024 οὐρανοὺς
1631 3945 1659 3999 ὁ
1715 3941 1959 4021 ἔμψυχος

317 4029 496 4108 θρόνος
551 4037 642 4086 τοῦ
685 4037 816 4091 Θεοῦ
859 4036 1186 4108 μετατίθεται
1221 4051 1234 4064 ·
1283 4036 1503 4110 ὑψοῦται
1565 4037 1662 4099 τῆς
1719 4029 1870 4098 δόξης
1923 4033 1958 4100 ἡ

323 4115 548 4183 κιϐωτός
581 4136 596 4150 ⁵
672 4121 707 4188 ἡ
759 4122 913 4200 πηγὴ
969 4130 1062 4180 τοῦ
1119 4126 1290 4204 φωτὸς
1346 4135 1656 4202 μεταχωρεῖ
1710 4123 1841 4199 πρὸς
1899 4122 1960 4177 τὸ

321 4212 431 4285 φῶς
469 4227 484 4244 ⁸
544 4210 572 4263 ὁ
628 4212 728 4276 τῆς
797 4216 940 4281 ζωῆς
1010 4215 1268 4292 θησαυρὸς
1323 4209 1617 4288 μετοϐαίνει
1680 4212 1809 4288 πρὸς
1865 4211 1966 4278 τὴν

2109 2239 2273 2313 Quod
2303 2240 2448 2302 mihi
2473 2240 2544 2302 ad
2580 2241 2790 2303 horum
2808 2241 3277 2323 unumquodque
3303 2243 3672 2323 festivitates,

2031 2347 2102 2390 ac
2131 2347 2298 2390 sacra
2331 2329 2644 2404 solemnia,
2676 2349 2928 2410 quorum
2977 2349 3094 2392 una
3151 2340 3240 2394 est
3285 2333 3452 2394 radix
3500 2352 3678 2412 augu-

2036 2416 2294 2480 stissima
2319 2420 2491 2498 juxta
2519 2438 2587 2480 ac
2643 2418 3032 2496 nobilissima,
3095 2419 3292 2482 divina
3319 2423 3545 2484 scilicet
3574 2423 3677 2484 hu-

2040 2525 2229 2569 manae
2258 2517 2485 2570 natura;
2513 2508 2863 2589 assumptio,
2908 2516 2972 2571 ut
3019 2509 3091 2570 ad
3139 2509 3393 2572 divinam
3426 2522 3678 2574 naturan

2039 2598 2218 2659 homo
2250 2599 2720 2679 proveheretur!
2773 2597 2843 2659 Et
2885 2598 3098 2660 horum
3157 2599 3396 2679 quidem
3446 2599 3678 2677 singula

2041 2687 2366 2749 secundum
2399 2686 2698 2768 proprium
2729 2695 2786 2748 et
2819 2695 3051 2769 tempus
3069 2695 3126 2748 et
3143 2687 3490 2768 mysterium
3514 2689 3678 2751 exci-

2040 2775 2234 2856 pimus
2289 2795 2359 2838 ac
2417 2775 2852 2856 prwmittimus,
2923 2794 3044 2836 non
3091 2793 3264 2838 secus
3321 2794 3390 2838 ac
3449 2795 3678 2839 annuas

2041 2863 2248 2926 mundi
2275 2872 2679 2946 tempestates,
2743 2881 2880 2943 quae
2935 2864 3183 2945 pulchro
3244 2865 3454 2928 ordine
3499 2866 3685 2928 altera

2030 2953 2201 3016 alteri
2218 2953 2412 3016 locum
2441 2953 2728 3036 praebent,
2756 2961 2814 3016 et
2839 2953 3197 3027 succedunt,
3221 2961 3280 3016 et
3300 2954 3682 3036 suaipsarum

2036 3041 2329 3105 beneﬁcia
2353 3060 2459 3123 per
2485 3043 2645 3106 vices
2676 3042 2848 3104 nobis
2877 3042 3226 3123 largiuntur.

2116 3129 2320 3194 XVIII.
2346 3131 2486 3204 Quae
2510 3139 2706 3194 autem
2731 3132 2792 3192 in
2815 3149 3077 3212 praesens
3101 3131 3294 3211 agitur
3312 3131 3680 3208 solemnitas,

2041 3219 2276 3281 illarum
2298 3220 2562 3282 omnium
2587 3219 2917 3300 obsignatio
2941 3229 3030 3282 est
3056 3239 3126 3282 ac
3151 3218 3379 3282 stabilis
3411 3239 3684 3284 consum-

2047 3309 2225 3371 matio
2259 3328 2276 3385 ;
2309 3307 2684 3371 festivitatum
2721 3317 3013 3390 postrema
3041 3320 3153 3391 est,
3188 3318 3246 3372 et
3273 3310 3465 3392 prima
3507 3311 3684 3372 simul

2040 3407 2098 3461 et
2128 3399 2417 3460 maxima:
2457 3405 2724 3480 tempore
2756 3397 2986 3460 scilicet
3014 3407 3073 3460 et
3101 3398 3310 3461 ordine
3341 3409 3677 3480 postrema:

2041 3487 2233 3568 prima
2265 3506 2404 3549 vero
2436 3497 2781 3568 et‘summa,
2816 3489 2866 3548 si
2919 3487 3262 3567 dignitatem
3311 3506 3381 3550 ac
3409 3487 3683 3551 virtutem

2044 3585 2301 3657 spectes.

2125 3667 2466 3727 Vehemens
2491 3665 2636 3726 mihi
2661 3664 2931 3746 spiritum
2945 3665 3018 3727 ad
3037 3665 3350 3747 praesentia
3369 3669 3686 3729 commotio

2045 3753 2182 3830 ciet,
2217 3761 2275 3815 et
2299 3771 2403 3814 cor
2427 3753 2701 3834 exsultat,
2721 3761 2897 3834 atque
2918 3761 3242 3834 conceptus
3282 3773 3462 3816 sensu
3495 3753 3687 3816 subli-

2046 3860 2174 3903 mes
2202 3861 2271 3904 ac
2305 3841 2562 3923 portenti
2598 3842 3038 3920 magniﬁcentia
3089 3843 3300 3921 dignos
3331 3843 3689 3923 circumspi-

2044 3931 2210 3992 ciens
2235 3930 2509 4012 requirit.
2535 3929 2696 4011 Abit,
2717 3930 2788 3992 ad
2807 3931 2989 3992 caelos
3028 3931 3379 3993 transfertur
3398 3932 3690 3993 animatus

2044 4018 2150 4084 Dei
2168 4021 2454 4092 thronus;
2491 4020 2782 4083 attollitur
2809 4039 2948 4083 arca
2967 4021 3201 4101 gloriae;
3229 4022 3361 4083 fons
3391 4022 3542 4083 lucis
3568 4025 3612 4089 tl
3626 4024 3690 4101 1)

2042 4110 2116 4172 ad
2145 4109 2338 4171 lucem
2369 4110 2749 4189 transmigrat
2780 4134 2796 4185 ς
2856 4110 3170 4173 thesaurus
3210 4111 3345 4172 vitae
3380 4111 3589 4173 transit
3616 4113 3690 4174 ad

2046 4199 2241 4261 vitam.
2278 4199 2558 4262 Miracula
2589 4217 2787 4279 porro,
2851 4217 2982 4280 quae
3038 4199 3364 4262 discessum
3394 4200 3554 4263 illius
3583 4219 3690 4263 co-

322 4296 488 4365 ζωήν.
535 4297 635 4353 Καὶ
664 4297 728 4353 τὰ
755 4299 1108 4380 συντρέχοντα
1140 4289 1382 4376 θαύματα
1410 4300 1526 4379 περὶ
1554 4303 1653 4367 τὴν
1681 4296 1958 4375 ἐκδημίαν,

2054 4289 2354 4370 mitantur,
2387 4295 2603 4369 quanta
2629 4306 2699 4351 ea
2727 4297 2866 4351 sunt
2899 4289 2913 4348 ι

323 4381 503 4451 ἡλίκα.

406 4463 512 4533 ιϐ’.
549 4476 772 4554 Χριστὸς
801 4478 957 4541 αὐτὸς
1003 4477 1200 4534 ἄνωθεν
1256 4474 1552 4535 ἐνταῦθα’θδ
1604 4481 1964 4556 προσυπαντᾷ,

322 4562 414 4628 τὰς
458 4565 599 4638 αὐτῷ
652 4567 739 4621 καί
781 4565 936 4645 φίλας
985 4568 1074 4624 καὶ
1115 4564 1302 4632 δούλας
1328 4566 1394 4617 93
1445 4564 1687 4642 δυνάμεις
1735 4586 1967 4621 συνεπα-

324 4651 548 4730 γόμενος
603 4653 658 4708 ὲν
727 4653 908 4729 κύκλῳ
962 4653 1340 4736 δορυφορούσας
1375 4676 1390 4696 ο
1454 4656 1541 4712 καὶ
1584 4655 1682 4723 τὴν
1738 4652 1967 4733 ἀγκαλι-

328 4740 563 4814 σαμένην
590 4739 656 4791 96
694 4741 977 4824 πολλάκις,
1010 4743 1354 4826 φιλόστοργος
1398 4745 1455 4801 εὖ
1511 4743 1657 4820 μάλα
1713 4744 1800 4801 καὶ
1829 4766 1969 4823 γνη-

328 4829 450 4894 σίως
513 4829 944 4910 ἀνταγκαλίζεται
979 4853 994 4868 ·
1058 4834 1146 4891 καὶ
1209 4835 1406 4913 γίνεται
1462 4833 1640 4901 πλοκὴ
1694 4831 1970 4908 θαυμαστὴ

329 4920 416 4974 καὶ
472 4921 746 4998 συμφωνία
799 4929 892 4979 τοῦ
947 4923 1285 5002 πραγμάτος.
1373 4914 1430 4980 Ὀ
1509 4923 1782 4990 Δεσπότης
1853 4921 1970 4999 ἄγει

2130 4465 2282 4530 XIX.
2316 4464 2583 4528 Christus
2630 4465 2760 4547 ipse
2811 4484 2844 4528 e
2900 4468 3074 4544 caelo,
3133 4467 3248 4531 sibi
3299 4477 3357 4531 et
3385 4470 3608 4533 amicas
3637 4477 3697 4532 et

2051 4557 2405 4620 famulantes
2425 4573 2626 4618 secum
2657 4555 2961 4619 adducens
2975 4556 3258 4634 Virtutes,
3281 4579 3415 4641 quae
3433 4561 3692 4623 circum-

2053 4647 2215 4710 circa
2242 4644 2581 4707 satellitium
2613 4653 2813 4722 agunt,
2877 4646 3018 4709 hinc
3073 4665 3262 4728 usque
3290 4647 3351 4708 in
3381 4667 3695 4712 occursum

2050 4735 2324 4814 advenit;
2358 4743 2416 4798 et
2448 4753 2579 4797 eam
2613 4754 2741 4817 quas
2769 4735 2944 4800 toties
2979 4738 3173 4818 ipsum
3205 4736 3360 4799 ulnis
3389 4740 3700 4817 complexa

2054 4832 2400 4907 gestaverat,
2435 4843 2667 4888 summo
2700 4832 2759 4888 et
2786 4825 2995 4906 utique
3051 4826 3286 4888 sincero
3315 4824 3448 4890 Filii
3479 4827 3700 4890 atfectu

2052 4915 2312 4980 vicissim
2343 4914 2705 4995 amplectens
2727 4915 2981 4978 sustinet
3008 4936 3025 4994 ;
3051 4933 3120 4978 ac
3151 4915 3304 4978 mira
3334 4915 3606 4996 quaedam
3635 4915 3703 4977 ﬁt

1749 5052 1943 5118 Varias
1982 5052 2292 5117 lectiones.

411 5185 474 5258 88,
500 5186 585 5250 Ita
614 5185 787 5272 codd.
825 5189 934 5253 sed
963 5189 1134 5272 forte.
1167 5189 1842 5272 avéﬁginmv‘legenduma
1865 5188 1930 5239 89
1955 5187 1959 5250 ἶ

2054 5205 2130 5272 11f.
2165 5185 2418 5272 δεδοκότι.
2483 5185 2547 5237 90
2573 5182 2780 5272 Ηιςεη.
2813 5183 2959 5272 cod._
2981 5185 3385 5272 VIPQGIZOﬂOa-V‘.
3403 5266 3427 5272 _
3446 5183 3495 5227 9⁸
3521 5185 3701 5272 Laur.

329 5267 542 5336 πίστην.
653 5268 717 5321 99
743 5267 829 5331 Ita
858 5271 1034 5334 codd.
1069 5269 1222 5333 Num
1253 5267 1416 5352 l'egen

329 5355 514 5412 ταῦτα,
599 5347 664 5403 93
692 5353 868 5418 Laur.
901 5351 1071 5414 abest
1099 5353 1186 5410 καὶ
1210 5350 1416 5422 δούλας.

653 5268 717 5352 99
743 5266 829 5331 Ita
858 5271 1034 5352 codd.
1069 5269 1227 5352 Num
1253 5266 1959 5352 légendurinonaiéamv

2058 5271 2129 5352 to
2148 5266 2472 5348 παράλογον.
2486 5315 2499 5330 .
2511 5313 2527 5330 .

2650 5263 2717 5315 95
2738 5263 2911 5327 Laur.
2943 5263 3200 5340 ὑψηλοῖξζ
3310 5264 3378 5316 94
3403 5266 3577 5329 Laur.
3607 5267 3703 5324 ἐν-

1501 5351 1567 5403 96
1591 5351 1768 5416 Laur,
1799 5349 2254 5430 ἀγγαλισαμένην.

1923 5483 2111 5548 Notae.

414 5617 543 5700 (ll)
572 5617 724 5684 Vide
752 5637 827 5681 an
859 5617 973 5681 sibi
1001 5625 1232 5682 constet
1256 5617 1480 5681 fontem
1511 5617 1661 5682 lucis
1690 5614 2006 5698 aliquando
2036 5615 2098 5678 in
2133 5615 2422 5694 tenebris,
2456 5615 2686 5698 peccati
2713 5615 2962 5703 scilicet,
2994 5614 3202 5682 fuisse.
