4052 6134
513 203 673 290 1099

1759 226 2004 294 JOANN
2012 225 2083 289 IS
2124 223 2689 303 EUGHAITENSIS

3727 227 3850 290 1100

512 355 793 418 duntaxat
813 363 1096 436 tangente
1114 357 1366 437 fumigat
1397 356 1470 434 ll;
1497 358 1672 438 cujus
1692 355 1969 419 tubarum
1989 373 2164 419 voces

2252 358 2415 436 φωναὶ
2469 354 2704 436 φωϐερὸν
2775 355 3004 437 ἠχοῦσαι
3033 354 3096 407 Ἦ)
3161 358 3248 414 καὶ
3306 358 3468 437 μέγα,
3531 357 3779 435 λαμπάδες
3810 360 3845 403 ﬂ

511 443 780 506 terribile
810 445 958 524 quid
990 454 1173 526 atque
1207 446 1419 525 ingens
1451 455 1818 526 resonantes,
1864 444 2167 526 lampades

2247 447 2523 519 καιόμεναι
2581 446 2699 523 πυρὶ
2787 444 3053 526 φλογερῷ,
3134 446 3394 526 ἀστραπαί
3474 468 3536 504 τε
3598 446 3847 505 Brittaniam

514 533 793 595 ﬂammeo
828 534 967 613 igne
994 535 1296 608 ardentes,
1330 543 1389 597 et
1420 534 1820 597 discurrentia
1849 534 2079 612 fulgura
2109 541 2164 594 et

2252 534 2332 588 καὶ
2395 533 2588 614 γνόφος
2658 531 2948 613 φρικώδης,
3010 537 3096 592 καὶ
3150 533 3388 616 βολίόης,
3442 540 3533 592 καὶ
3609 536 3747 608 λίθοι,
3784 542 3849 593 καὶ

519 622 696 682 turbo
726 621 1096 703 horrendus,
1129 623 1469 703 saginaeque
1517 631 1573 684 et
1624 641 1782 696 saxa,
1817 631 1877 684 et
1907 622 2167 683 terriﬁca

513 709 810 790 ejusmodi
839 709 955 772 alia
987 712 1179 791 plura,
1231 712 1439 793 procul
1474 721 1536 773 et
1564 730 1667 773 eos
1701 713 2023 791 repellunt,
2057 712 2161 792 qui

507 799 630 878 jam
663 806 800 860 sunt
827 801 1147 862 emundati.
1183 800 1455 874 Quonam
1483 819 1623 878 ergo
1658 809 1825 882 pacto
1855 809 1942 867 tu.
1980 820 2014 861 o
2042 800 2158 860 im-

514 904 685 968 pure,
715 887 1006 950 inducere
1053 889 1320 951 animum
1375 889 1645 970 potuisti,
1697 897 1761 949 ut
1804 888 2158 949 insolentem

515 993 754 1037 manum
787 975 1091 1054 injiceres,
1119 987 1175 1039 et
1193 996 1470 1056 magnum
1498 979 1613 1039 hoc
1635 977 1887 1058 sperasti
1909 976 2158 1051 facinus,

512 1063 933 1126 inconcussum
967 1084 1182 1147 nempe
1209 1067 1368 1146 regis
1399 1067 1604 1146 gloriae
1641 1066 1918 1126 thronum
1951 1075 2158 1127 contu-

514 1153 760 1215 meliose
792 1164 1116 1218 concutere
1146 1175 1214 1218 ac
1243 1155 1555 1233 dejicere?
1586 1153 1950 1226 Quibusnam
1975 1154 2162 1234 polles

512 1241 776 1319 viribus,
855 1263 1171 1325 quamnam
1238 1244 1362 1306 odii
1418 1263 1487 1306 ac
1561 1243 1851 1304 vecordiae
1924 1260 2156 1304 causam

513 1331 711 1403 aﬂ'ers,
762 1332 1250 1414 quandoquidem
1297 1331 1388 1393 vel
1450 1333 1576 1396 Deo
1625 1330 1890 1394 indicere
1937 1329 2157 1392 bellum

516 1437 635 1481 non
663 1419 997 1482 dubitasti?

596 1507 802 1572 XXIII.
827 1508 998 1570 Enim
1021 1527 1156 1571 vero
1189 1518 1246 1573 et
1275 1510 1528 1574 cadaver
1556 1509 1726 1586 forte,
1753 1517 1811 1572 et
1832 1508 2082 1572 lectulus
2101 1519 2161 1571 et

516 1597 764 1660 funerea
793 1597 1058 1678 symbola
1089 1606 1144 1661 te
1167 1601 1553 1680 deceperunt,
1587 1607 1648 1660 ut
1671 1600 1745 1660 de
1775 1599 1888 1660 hoc
1918 1598 2160 1658 immor-

517 1687 757 1749 talitatis
793 1689 1070 1750 thesauro
1090 1707 1207 1749 non
1229 1689 1422 1765 aliter,
1452 1708 1520 1751 ac
1541 1689 1618 1750 de
1639 1689 1923 1750 cadavere
1949 1687 2157 1766 cujus-

519 1775 678 1857 piam
715 1776 959 1838 alterius
989 1796 1023 1839 e
1053 1779 1224 1856 vulgo
1277 1787 1336 1840 et
1379 1797 1448 1840 ex
1501 1777 1584 1838 tui
1635 1776 1984 1858 requalibus,
2031 1775 2158 1836 exi-

519 1865 819 1940 stimares,
875 1873 933 1928 et
987 1867 1203 1930 exinde
1249 1867 1462 1929 insana
1518 1867 1636 1930 ista
1692 1875 1867 1948 atque
1921 1865 2162 1928 effrenis

513 1953 804 2017 audacia?

598 2047 669 2104 At
695 2061 834 2105 vero
855 2042 1147 2108 demortui
1172 2044 1410 2125 quidem
1444 2062 1660 2124 corpus
1701 2051 1832 2119 est;
1865 2059 1968 2104 see
2000 2043 2158 2123 quod

2243 631 2460 680 τοιαῦτα
2516 621 2734 696 δείματα
2763 620 2825 671 23
2895 623 3147 700 πλεῖστα,
3209 627 3413 704 μακρὰν
3481 628 3576 682 καὶ
3632 627 3738 688 τοὺς
3774 624 3850 692 ἤδη

2244 711 2692 788 κατηγνισμένους
2762 711 3049 790 ἀπάγουσι.
3152 719 3270 778 Πῶς
3342 713 3453 792 οὖν,
3551 713 3753 790 ἄναγνε,
3808 716 3852 767 σὺ

2243 812 2360 862 τοῖς
2442 799 2741 878 ἀπροσίτως
2819 800 3102 876 ὑπέμεινας
3199 801 3508 880 ἐπενεγκεῖν
3604 799 3852 880 δόρίστριαν

2245 901 2428 966 χεῖρα,
2485 889 2573 943 καὶ
2631 889 2693 943 τὸ
2743 887 2882 966 μέγα
2949 899 3104 948 τοῦτο
3174 888 3404 956 ἤλπισας
3431 885 3488 932 9³
3562 888 3730 969 ἔργον,
3788 891 3852 945 τὸν

2244 975 2531 1033 ἀσάλευτον
2560 979 2740 1055 θρόνον
2797 987 2890 1036 τοῦ
2944 976 3204 1054 βασιλέως
3262 982 3359 1045 τῆς
3419 976 3580 1044 δόξης
3636 976 3720 1034 ἐπ’
3762 978 3852 1034 ἀτι-

2245 1064 2339 1138 μίᾳ
2405 1064 2674 1140 σαλεῦσαι,
2745 1067 2832 1121 καὶ
2901 1067 3251 1146 περιτρέψαι;
3337 1071 3425 1131 Τίς
3513 1067 3592 1124 ὢν
3643 1068 3735 1135 τὴν
3791 1064 3853 1122 δύ-

2243 1174 2422 1226 ναμιν,
2496 1153 2532 1221 ἢ
2597 1153 2711 1209 τίνα
2780 1161 2874 1211 τοῦ
2945 1155 3126 1230 μίσους
3154 1153 3216 1204 24
3292 1155 3628 1234 ἐπαγόμενος
3681 1157 3853 1234 πρόφα-

2243 1262 2323 1297 σιν
2379 1241 2474 1310 τῆς
2528 1241 2804 1322 ἀπονοίας,
2864 1244 3022 1300 ὁπότε
3078 1246 3165 1301 καὶ
3219 1247 3515 1324 θεομαχεῖν
3588 1245 3680 1301 οὒκ
3731 1243 3852 1320 ἂνάρ-

2243 1351 2416 1396 κησας
2451 1349 2467 1410 ;

2325 1499 2450 1570 ΚΓ’.
2527 1499 2694 1568 Ἠπου
2763 1509 2908 1589 τάχα
2981 1512 3066 1566 καὶ
3117 1510 3183 1567 23
3247 1515 3401 1586 σῶμα
3454 1513 3550 1568 καὶ
3607 1511 3750 1578 κλίνη
3791 1532 3851 1583 σε,

2241 1599 2327 1654 καὶ
2357 1598 2422 1654 τὰ
2446 1599 2698 1679 ἐπιτάφια
2730 1595 2989 1674 σύμϐολα,
3041 1600 3115 1662 ὡς
3160 1601 3278 1679 περὶ
3335 1609 3522 1678 νεκροῦ
3565 1621 3702 1665 τινος
3729 1597 3854 1656 ἄλλον

2243 1691 2348 1742 τῶν
2379 1690 2614 1757 συνήθων
2655 1689 2744 1744 καὶ
2773 1688 2908 1744 κατᾶ
2935 1687 3016 1750 σὲ,
3046 1695 3139 1745 τοῦ
3167 1688 3260 1756 τῆς
3297 1688 3583 1752 ἀθανασίας
3609 1689 3851 1762 παρέπεισε

2243 1779 2503 1854 θησαυροῦ
2532 1777 2770 1845 οἰηθῆναι
2805 1794 2821 1812 ⁶
2880 1777 2967 1832 καὶ
3021 1773 3105 1833 διὰ
3132 1786 3288 1835 τοῦτο
3315 1779 3377 1833 τὸ
3418 1778 3614 1855 θράσος
3644 1777 3851 1856 ἆσωφρό-

2247 1886 2420 1922 νιστον
2446 1867 2534 1922 καὶ
2563 1865 2849 1923 ἀκάθεκτον
2860 1912 2874 1927 ,

2326 2049 2494 2118 Σῶμα
2551 2042 2673 2117 μὲν,
2731 2040 2853 2110 ἀλλ’
2910 2042 3209 2120 ἄκρατητον
3263 2045 3323 2100 οῦ
3375 2042 3589 2116 θανάτῳ
3644 2039 3854 2118 μόνονῢ

521 2150 640 2193 non
663 2133 854 2193 solum
887 2141 1077 2194 morte
1103 2141 1162 2193 et
1189 2135 1659 2213 tumulo,verum
1689 2132 1868 2194 etiam
1889 2131 2161 2192 manibus

2252 2132 2330 2187 καὶ
2371 2133 2546 2212 ταφῳ,
2591 2131 2728 2188 ἀλλὰ
2779 2132 2866 2188 καὶ
2937 2132 3088 2210 χερσὶ
3151 2129 3499 2202 πελαζούσαις
3571 2131 3704 2188 οὕτω
3751 2134 3851 2210 θρα-

519 2227 638 2283 tam
669 2220 952 2282 audacter
978 2219 1343 2282 irruentibus
1373 2220 1630 2282 detineri
1672 2227 1959 2300 nequeat;
2000 2221 2164 2280 hisce

2252 2221 2376 2285 σέως
2409 2239 2422 2254 ·
2485 2219 2544 2269 g'7
2611 2221 2826 2284 ταύταις
2868 2217 2927 2268 98
2972 2220 3150 2294 μέντοι
3207 2221 3291 2275 καὶ
3347 2217 3512 2276 πλέον
3559 2217 3780 2300 φοϐερὸν,
3826 2219 3850 2284 ἧ

519 2318 716 2372 tamen
748 2309 922 2371 etiam
956 2310 1140 2388 magis
1167 2310 1544 2371 tremendum
1576 2310 1674 2384 sit,
1702 2319 1758 2371 et
1785 2307 2159 2383 invincibile,

2252 2309 2566 2390 Ξικράτητον,
2611 2308 2721 2384 ὅσῳ
2776 2311 2862 2366 καὶ
2919 2309 3092 2383 τομὴν
3145 2307 3375 2388 ἐπιφέρει
3415 2313 3520 2374 τῆς
3577 2312 3849 2387 θρασύτητος

522 2398 1001 2481 quandoquidem
1057 2416 1293 2479 poenam
1339 2417 1576 2479 quoque
1634 2395 1935 2460 temerarii
1987 2415 2164 2459 ausus

2252 2398 2560 2475 πρόστιμον,
2605 2400 2678 2462 ὡς
2735 2399 2890 2460 αὐτὸς
2932 2403 3112 2477 σαφῶς
3169 2410 3476 2477 μαρτυρεῖς,
3554 2401 3637 2460 οἷς
3677 2395 3847 2457 ἐνδίκως

522 2488 788 2570 profecto
836 2487 1080 2566 irrogat,
1135 2495 1311 2567 prout
1352 2489 1484 2566 ipse
1528 2504 1635 2568 per
1666 2503 1757 2559 ea,
1791 2503 1921 2566 quae
1950 2486 2164 2546 merito

2252 2488 2584 2565 πεπείρασαι.

522 2585 801 2658 expertus
827 2595 910 2652 es,
949 2576 1286 2638 luculenter
1317 2577 1572 2638 testaris.

603 2665 881 2728 Lectulus
911 2672 1000 2726 est
1028 2664 1308 2745 quidem;
1341 2673 1749 2727 verumtamen
1779 2665 1868 2726 l'ac
1904 2663 2165 2725 animum

522 2754 816 2818 advertas.
849 2756 984 2818 Mox
1003 2753 1161 2815 enim
1193 2754 1504 2835 apparebit
1534 2755 1736 2834 utique
1777 2761 1835 2815 et
1876 2751 1987 2815 tibi
2021 2751 2166 2832 (sal-

521 2852 641 2908 tem
673 2842 821 2906 mihi
841 2843 964 2924 jam
997 2848 1269 2923 apparet)
1298 2844 1471 2922 longe
1499 2843 1798 2917 nobiliori,
1823 2861 1998 2922 quam
2029 2859 2168 2902 arca

521 2940 645 3001 tua.
696 2932 856 2994 cultu
902 2931 1151 3011 insignis
1195 2939 1319 2993 tum
1367 2931 1546 2993 vestis
1596 2931 1794 3011 (ejus),
1843 2937 1965 2991 tum
1992 2949 2161 3004 zona,

2331 2663 2496 2730 Κλίνη
2526 2663 2623 2738 μέν
2649 2661 2712 2713 ⁸9
2743 2681 2757 2695 ⁶
2806 2661 2924 2720 ἀλλ’
2957 2663 3198 2744 ἐπίσχες.
3248 2664 3442 2724 Αὐτίκα
3485 2666 3588 2744 γὰρ
3625 2663 3764 2732 δήπου
3795 2680 3836 2736 γε

2249 2765 2494 2833 φανεῖται
2555 2754 2639 2810 καὶ
2707 2754 2789 2810 σοὶ
2835 2751 2977 2832 (ἐμοὶ
3017 2761 3141 2830 γοῦν
3187 2750 3290 2818 ἤδη
3333 2753 3604 2832 φαίνεται)
3641 2757 3722 2819 τῆς
3764 2754 3835 2815 σῆς

2249 2839 2474 2898 κιϐωτοῦ
2542 2841 2678 2897 κατὰ
2749 2839 2886 2898 πολὺ
2942 2839 3250 2918 σεμνοτέρα,
3309 2838 3364 2894 ὲν
3433 2840 3687 2920 ἱερωτέρῳ
3737 2837 3828 2893 πάν)

2249 2930 2434 3010 χωραιι
2501 2930 2956 3007 τεθησαυρεσμένη
3020 2934 3107 2986 καὶ
3166 2925 3428 3004 σεϐομένη
3485 2929 3644 2999 ἐσθής
3695 2946 3733 2982 τε
3761 2923 3821 2979 καί

521 3021 653 3083 loco
688 3038 931 3102 prorsus
960 3019 1267 3082 sacratiori
1308 3038 1417 3082 ceu
1464 3022 1776 3082 thesaurus
1817 3019 2162 3099 reconditae,

2252 3021 2414 3091 ζώνη.
2470 3019 2725 3098 Σύμφημι
2769 3021 2869 3098 γὰρ
2911 3019 2978 3074 τὰ
3019 3019 3184 3097 τυχόν
3215 3039 3294 3075 σοι
3323 3017 3456 3083 τέως
3505 3020 3598 3075 καὶ
3646 3013 3824 3098 χλευαζό-

521 3116 584 3171 et
627 3108 906 3188 religiosa
956 3110 1341 3171 veneratione
1391 3109 1713 3170 honoratae.
1775 3107 1847 3170 Et
1901 3111 2164 3169 concedo

523 3197 822 3279 equidem,
852 3197 958 3259 abs
981 3205 1037 3259 te
1059 3197 1212 3259 forte
1242 3197 1368 3259 haec
1409 3197 1647 3257 interim
1673 3196 1848 3258 etiam
1877 3195 2161 3272 derideri,

523 3286 744 3368 quippe
771 3285 912 3366 quid
945 3285 1003 3346 id
1031 3285 1222 3346 solum
1245 3285 1612 3362 consideras,
1641 3285 1798 3362 quod
1823 3284 2072 3345 incurrit
2104 3283 2164 3344 in

523 3374 750 3450 oculos,
783 3393 891 3435 nec
912 3374 1217 3454 quidpiam
1249 3375 1430 3454 vales,
1484 3391 1602 3434 non
1639 3391 1813 3435 secus
1845 3391 1913 3433 ac
1946 3372 2164 3451 ubique

520 3464 614 3526 lex
645 3472 766 3537 tua,
801 3462 1070 3524 intimius
1102 3463 1472 3544 perspicere.
1509 3465 1586 3523 At
1615 3463 1666 3522 εἰ
1697 3461 1952 3525 necdum
1976 3462 2159 3534 vales,

522 3573 556 3614 ο
588 3551 846 3632 egregie,
884 3571 1043 3614 nunc
1071 3570 1309 3632 quoque
1341 3551 1652 3614 nobiscum
1702 3569 1976 3622 cernere,
2010 3549 2166 3610 haud

521 3641 865 3704 diuturnum
891 3641 1245 3703 intercurret
1271 3649 1666 3722 tempus,cum
1693 3648 1751 3702 et
1788 3640 1940 3701 hanc
1961 3657 2169 3700 zonam

523 3731 754 3792 videbis
801 3738 861 3792 et
906 3739 1127 3792 vestem
1164 3730 1226 3790 in
1275 3733 1489 3794 Sancta
1522 3739 1858 3792 sanctorum
1891 3727 2170 3808 religiose

524 3819 771 3894 deferri,
806 3829 863 3881 et
883 3839 918 3880 a
942 3820 1171 3881 cunctis
1205 3839 1373 3882 sacro
1405 3821 1566 3883 cultu
1598 3819 1901 3883 honorari.
1927 3818 1998 3879 Et
2027 3836 2170 3880 sane

520 3910 634 3991 qui
661 3929 779 3971 non
814 3908 1068 3989 primum
1097 3926 1216 3990 pra;
1247 3910 1526 3972 omnibus
1557 3927 1801 3990 prorsus
1836 3907 2170 3969 visibilibus

2248 3131 2402 3182 μενα,
2438 3115 2514 3182 τῷ
2557 3107 2858 3186 φαινομένῳ
2884 3107 3033 3182 μόνῳ
3085 3106 3430 3186 προσέχοντι,
3491 3109 3585 3164 καὶ
3637 3102 3768 3181 μηδὲν
3797 3122 3833 3155 τι

2247 3197 2549 3275 βαθύτερον,
2623 3196 2800 3274 ὥσπερ
2828 3193 2884 3237 ³ο
2923 3196 3085 3272 νόμος
3159 3198 3250 3260 σὸς
3307 3203 3614 3276 πανταχοῦ,
3667 3189 3835 3249 συνιδεῖν

2247 3285 2540 3361 δυναμένῳ.
2603 3282 2751 3342 Ἀλλ’
2815 3285 2911 3342 οῦκ
2965 3286 3036 3348 εἷς
3096 3286 3322 3365 μακρὰν,
3383 3285 3429 3340 ὦ
3485 3285 3744 3360 θαυμάσιε,
3780 3280 3842 3334 καὶ

2246 3376 2346 3441 τὴν
2415 3376 2587 3446 ζώνην
2647 3373 2766 3449 ὄψει
2837 3374 3034 3440 ταύτην
3089 3375 3176 3430 καὶ
3227 3375 3325 3441 τὴν
3395 3373 3612 3453 ἐσθῆτα,
3653 3375 3692 3429 εἰ
3727 3369 3842 3445 μέπω

2248 3467 2334 3520 καὶ
2377 3471 2463 3521 νῦν
2535 3465 2626 3520 σὺν
2695 3466 2834 3538 ἡμῖν
2901 3461 3115 3539 βλέπειν
3172 3460 3343 3543 ἔχεις,
3401 3475 3521 3528 τοῖς
3579 3467 3676 3517 τῶν
3721 3459 3843 3534 ἁγίων

2250 3555 2420 3632 ἁγίοις
2474 3554 2626 3632 ἱερῶς
2709 3550 3063 3628 ἐμϐατεύοντα
3143 3554 3232 3608 καὶ
3315 3556 3476 3626 τιμῆς
3563 3551 3692 3628 παρᾶ
3751 3551 3842 3600 πᾶσι

2251 3647 2568 3722 θεοπρεποῦς
2625 3641 2904 3718 ἀξιούμενα
2942 3639 3016 3699 ³⁸.
3092 3647 3212 3705 Πῶς
3283 3639 3338 3696 δὲ
3395 3643 3491 3696 οῦκ
3549 3635 3765 3714 ἔμελλεν,
3824 3634 3844 3685 ἆ

2251 3733 2337 3790 καὶ
2395 3731 2586 3811 χρόνος
2660 3729 2875 3810 ᾐδέσθη,
2937 3731 3025 3785 καὶ
3086 3733 3278 3810 φθορᾶς
3341 3726 3684 3794 ἀδυσώπητος
3732 3725 3843 3811 θύμος

2253 3810 2587 3898 ἐδυσωπήθη,
2634 3821 2699 3875 τὰ
2727 3821 2862 3875 κατὰ
2904 3818 3114 3875 πάντων
3145 3821 3279 3893 ὁμοῦ
3328 3824 3434 3874 τῶν
3456 3814 3512 3859 ⁸³
3573 3817 3754 3895 ὁρατῶν
3777 3810 3843 3867 ὃδ-

2253 3907 2567 3964 ναστεύοντα
2597 3925 2616 3986 ς

523 3999 718 4060 locum
753 4016 822 4059 ea
847 3997 1210 4073 obtinerent,
1245 4017 1376 4079 quae
1408 4009 1467 4062 et
1496 4007 1730 4078 tempus
1760 4006 1849 4060 est
1896 4000 2238 4072 reveritum,
2290 4004 2350 4057 et
2404 3992 2789 4058 inexorabilis
2841 3995 2934 4057 lex
2992 3992 3393 4077 corruptionis
3455 4011 3600 4055 ausa
3653 4009 3755 4055 non
3778 3993 3842 4048 est

523 4087 817 4166 attingere
844 4086 876 4145 ‘I

604 4155 808 4240 XXIV.
838 4174 968 4237 Jam
997 4175 1196 4255 itaque
1226 4195 1466 4252 censeo,
1501 4177 1655 4238 baud
1688 4175 1909 4237 diutius
1939 4183 1997 4238 te
2027 4193 2164 4256 quo-

2335 4163 2468 4234 ΚΔ’.
2503 4155 2633 4241 ’Ἡδη
2690 4181 2814 4254 γοῦν
2884 4197 2973 4250 μοι
3025 4173 3202 4238 δοκεῖς
3251 4171 3357 4230 οὐδ’
3411 4173 3569 4238 αὐτὸς
3622 4170 3692 4227 ἔτι
3743 4165 3842 4243 μιλ-

527 4284 644 4347 que
671 4265 869 4326 adhuc
895 4272 1347 4341 cunctaturum;
1382 4265 1488 4326 sed
1535 4265 1727 4345 potius
1776 4264 1838 4325 in
1882 4263 1965 4339 id,
2009 4261 2166 4344 quod

529 4371 762 4434 aequum
793 4360 882 4413 est
909 4353 1024 4414 cito
1072 4371 1312 4432 prorsus
1359 4371 1810 4429 consensurum,
1861 4359 2167 4432 postquam

529 4441 765 4522 egregia
788 4441 889 4500 illa
918 4441 1183 4503 eruditus
1209 4459 1271 4502 es
1301 4441 1635 4521 disciplina,
1667 4461 1783 4521 quo
1824 4442 2016 4500 statim
2048 4440 2166 4500 im-

530 4533 775 4610 petitum
798 4527 1101 4608 inopinato
1136 4538 1192 4591 te
1221 4529 1418 4602 video,
1446 4530 1753 4590 utscilicet
1776 4539 2082 4609 postquam
2103 4545 2174 4586 ex

530 4618 604 4680 iis
634 4635 766 4698 quae
795 4634 1002 4698 passus
1041 4634 1126 4690 es,
1161 4637 1277 4698 qua
1321 4617 1581 4696 polleant
1613 4618 1848 4691 virtute,
1886 4615 2170 4690 didicisti,

2246 4263 2428 4332 λήσειν
2454 4261 2538 4318 ἐπὶ
2569 4261 2703 4320 πολύ
2737 4282 2750 4295 ·
2811 4262 2947 4320 ἀλλὰ
3003 4268 3340 4344 παραχρῆμα
3389 4259 3454 4327 δὴ
3506 4259 3649 4335 μάλα
3673 4256 3722 4299 ³³
3742 4278 3844 4329 συμ-

2248 4353 2524 4431 φρονήσειν
2553 4348 2610 4392 ³⁴
2656 4353 2716 4408 τὸ
2763 4349 2899 4424 δέον,
2936 4358 3003 4428 τῇ
3033 4351 3171 4429 καλῇ
3201 4349 3410 4422 παιδείᾳ
3437 4346 3490 4389 ³⁵
3549 4346 3838 4418 νουτετηθεὶς,

2251 4443 2312 4507 ἣν
2371 4443 2476 4518 ὁρῶ
2533 4442 2670 4498 κατὰ
2719 4438 2882 4504 πόδας
2945 4461 3004 4497 σε
3063 4449 3348 4516 μετιοῦσαν
3403 4438 3696 4516 ἀπρόοπτον
3726 4454 3741 4470 ⁰
3794 4434 3843 4492 ὡς

2257 4527 2316 4584 ἂν
2371 4529 2523 4594 αὐτός
2579 4551 2635 4584 τε
2707 4532 2826 4608 περὶ
2881 4540 3044 4589 ταῦτα
3103 4529 3343 4606 διατεθῇς
3372 4525 3428 4570 ³6
3481 4527 3838 4608 εὐπειθέστερον,

2254 4619 2342 4673 καὶ
2384 4615 2609 4681 πολλοῖς
2667 4604 2848 4682 ἄλλοις
2906 4619 3066 4696 κήρυξ
3118 4624 3224 4674 τῶν
3279 4604 3367 4674 ἔπ’
3423 4616 3607 4679 αὖτοϊς
3649 4604 3842 4694 φανῇς³⁷

533 4715 593 4769 et
620 4706 750 4788 ipse
789 4705 1214 4786 obsequentius
1259 4708 1540 4769 adversus
1583 4726 1652 4770 ea
1697 4715 1753 4768 te
1802 4706 2074 4781 haberes,
2120 4713 2164 4764 el

2254 4707 2576 4781 θαυμασίων,
2635 4708 2838 4784 μαθὼν,
2898 4705 2948 4774 ἐξ
2995 4711 3068 4766 ὧν
3123 4708 3410 4787 πέπονθας,
3457 4704 3583 4762 οἵαν
3638 4703 3737 4784 ἔχει
3771 4699 3839 4763 τὴν

532 4796 689 4878 apud
734 4795 883 4858 alios
926 4795 1143 4857 multos
1192 4813 1385 4876 praeco
1423 4797 1742 4860 exsisteres
1787 4793 2173 4867 mirabilium,

535 4902 667 4968 qua;
696 4892 940 4967 propter
966 4884 1102 4966 ipsa
1127 4893 1477 4950 evenerunt.

519 5037 522 5042 ’
617 5060 644 5091 ιι
666 5043 802 5109 Psal
833 5061 956 5123 CIII,
988 5047 1087 5109 32.

2255 4793 2494 4869 δύναμιν.

1971 5155 2164 5219 Variae
2190 5154 2502 5220 lectiones.

620 5315 684 5368 20
710 5313 838 5378 Vat,
867 5314 1097 5394 ᾕχουσαι
1141 5317 1301 5394 μέγα,
1335 5320 1492 5379 καὶ...
1540 5393 1543 5394 ν
1576 5315 1626 5358 ﬁ
1656 5313 1832 5377 Laur.
1865 5315 2188 5392 λαμπάδαις.

542 5400 751 5475 μείσους
762 5441 775 5454 .

2273 5315 2333 5365 2³
2359 5315 2532 5379 Laur.
2588 5317 2860 5398 δείγματα.
2946 5318 3010 5370 23
3050 5318 3225 5384 Laur,
3277 5320 3552 5389 ἥλπησας,
3632 5315 3844 5398 ﬂLaul'.

993 5404 1072 5459 at.
1105 5393 1273 5482 abest
1297 5399 1426 5482 ut,
1492 5393 1952 5482 ἥψω-...μόνῳ
2039 5396 2164 5482 ενι

2255 5413 2308 5482 If.
2346 5401 2624 5482 θρκσαίως.
2677 5393 2768 5448 ’⁷98
2788 5399 2959 5460 Laur.
2987 5402 3200 5482 ταύτας,
3286 5400 3435 5463 291,.
3469 5410 3665 5482 utr-aq.
3688 5396 3845 5482 codice

523 5474 620 5540 Jad
652 5474 979 5555 marginem
1007 5493 1020 5538 :
1049 5478 1164 5556 περὶ
1191 5482 1286 5543 τῆς
1315 5480 1490 5553 τιμίας
1518 5477 1700 5542 κλίνης
1747 5475 2026 5555 (Laurent
2061 5477 2162 5548 χλή

2252 5479 2291 5556 ς)
2321 5480 2406 5534 καὶ
2435 5479 2654 5546 ἐσθῆτος
2686 5482 2770 5536 καὶ
2799 5482 2970 5552 ζώνης
3005 5499 3019 5514 ·
3065 5481 3153 5542 Do
3201 5483 3550 5546 venerando
3581 5474 3782 5547 lectulo,
3807 5475 3843 5531 εί

539 5565 727 5632 veste,
759 5563 817 5638 et
845 5572 1034 5638 zona,
1111 5555 1339 5638 _3O_Vat.
1373 5558 1431 5638 ὃς
1462 5581 1579 5638 περ.
1640 5556 1719 5638 ⁸τιί
1752 5559 1928 5638 Laur.
1962 5555 2164 5633 ἀξιούμε

2252 5555 2278 5638 ί
2345 5557 2405 5608 59
2439 5563 2606 5622 Laur.
2640 5559 2808 5623 abest
2834 5568 2960 5621 τῶν.

542 5637 917 5716 συμφρονῆσαι
1001 5637 1065 5686 38
1095 5635 1278 5699 Codd.
1315 5635 1541 5709 παιδῖᾳξ
1596 5636 1660 5688 56
1690 5639 1866 5699 Laur,
1899 5636 2167 5701 διατεθείς.

3045 5561 3108 5612 '53
3137 5560 3311 5626 Laur.
3339 5563 3542 5638 μᾶλλα.
3624 5562 3682 5613 ’⁵4
3705 5561 3838 5621 LW-

2253 5637 2317 5687 57
2349 5641 2517 5699 Laur.
2553 5643 2753 5720 φανείς,
