4052 6134
179 299 395 366 11-05

1303 309 1386 373 IN
1430 311 1530 374 SS.
1576 308 1930 374 DEIPARE
1970 309 2536 376 DORMITIONEM.

3466 305 3630 372 1106

202 439 370 507 αὒτή
427 458 557 518 φησι
615 437 650 505 ἡ
707 444 813 494 τῶν
874 437 1133 518 χερουϐὶμ
1195 440 1454 521 ἀνωτέρα,
1510 443 1599 499 καὶ
1652 451 1870 501 τοσαῦτα

1965 438 2182 502 celsior
2208 442 2476 520 respexit
2508 443 2572 504 in
2603 443 3021 506 humilitatem
3049 444 3301 507 amcitia:
3329 461 3456 506 sua:
3477 483 3524 517 ι,
3559 446 3618 503 et

208 528 537 595 ποιήσαντα
603 522 656 574 6¹
693 523 810 602 μετ’
883 527 1046 595 ανότῆς
1144 529 1434 607 μεγαλεῖα,
1509 534 1893 610 Μακαρίσωμεν

211 612 502 694 ἅνθρωποι
558 615 654 683 τὴν
712 623 806 674 τοῦ
868 615 1110 674 Πλάστου
1171 619 1410 698 Μητέρα,
1469 619 1521 686 ἐξ
1591 623 1656 687 ἧς
1710 623 1744 690 ἡ
1802 627 1892 677 τοῦ

213 703 552 780 πλάσματος
599 706 688 761 καὶ
742 705 1026 784 ἂνόρθωσις
1077 707 1164 763 καὶ
1233 707 1526 771 ἆνάπλασις
1554 706 1637 771 62.
1697 707 1892 784 Ἀψευ-

215 790 333 879 δὴς
403 799 557 849 τοῦτο
613 791 900 873 πρόῤῥησις
957 795 1154 861 ταύτης
1197 800 1296 862 τῆς
1340 797 1582 876 μεγάλης
1625 800 1892 879 προφήτι-

218 878 354 961 δος,
428 882 530 938 ὑπὸ
583 883 760 950 πάσης
845 885 1095 950 εἰπούσης
1165 889 1645 964 μακαρισθήσεσθαι
1675 878 1750 929 ⁸³7
1797 909 1893 966 γε-

220 977 362 1035 νεᾶς
421 968 506 1031 64.
589 971 1020 1052 Μεγαλοπρεπῶς
1111 974 1208 1048 μὲν
1297 973 1385 1031 οὖν
1469 975 1624 1042 ἀξίως
1708 982 1890 1055 πρῶτα

224 1059 340 1135 μὲν
388 1059 476 1117 ὑπ’
521 1065 693 1119 αύτῶν
749 1068 853 1118 τῶν
913 1060 1193 1142 ἆχράντων
1250 1063 1569 1142 εὐαγγελίων
1625 1067 1712 1121 τὸν
1756 1063 1890 1142 πρέ-

220 1163 409 1206 ποντα
468 1147 727 1232 λαμϐάνει
783 1153 1146 1232 μακαρισμὸν,
1218 1153 1348 1231 πρὸς
1420 1155 1510 1210 τὸν
1577 1155 1776 1211 ἑαυτῶν
1829 1151 1893 1204 65

223 1237 322 1317 ἐφ’
397 1239 625 1305 ἑκάστης
683 1230 945 1306 δεσπότην
1002 1230 1372 1305 ἀναϐοώντων.
1450 1265 1477 1297 α
1560 1243 1800 1322 Μακαρία
1855 1245 1890 1310 ἡ

223 1325 418 1384 κοιλία
487 1329 551 1405 ἠγ
591 1327 898 1403 βαστάσασά
955 1349 1038 1399 σε,
1110 1331 1198 1386 καὶ
1264 1333 1475 1405 μαστοὶ,
1535 1331 1622 1395 οὕς
1693 1329 1889 1400 ἐθήλα-

224 1437 335 1478 νας
375 1434 389 1449 ·
444 1404 552 1472 εἶθ’
602 1417 704 1472 ὑπὸ
754 1422 939 1473 πασῶν
979 1422 1199 1495 γενεῶν,
1260 1404 1335 1482 ὥς
1398 1421 1433 1486 ἡ
1462 1404 1888 1499 ίπροαγόρευσις,

224 1502 345 1572 ἤδη
405 1525 461 1560 τε
531 1504 941 1585 μεμακάρισται,
1013 1507 1101 1562 καὶ
1160 1512 1232 1570 είς
1287 1509 1378 1564 τὸν
1443 1509 1606 1565 αἰῶνα
1661 1529 1892 1589 μακαρι-

230 1594 496 1663 σθήσεται
506 1640 519 1654 ,

1977 546 2111 588 cum
2143 527 2419 608 ipsa-tam
2450 529 2711 606 ingentia
2740 530 2878 592 fecit
2911 532 3218 610 magnalia.
3244 531 3486 593 Beatam
3509 531 3611 592 ho-

1975 616 2168 678 mines
2199 619 2634 698 proclamemus
2694 621 3027 683 Conditoris
3083 621 3348 693 Matrem,
3401 639 3470 680 ex
3500 633 3618 700 qua

1977 713 2263 768 creaturae
2296 716 2353 770 et
2384 708 2676 788 reparatio
2711 717 2820 785 est,
2859 719 2916 771 et
2965 728 3114 770 nova
3174 707 3512 789 plasmatio.
3547 706 3614 768 In

1974 794 2033 857 id
2067 797 2364 877 conspirat
2393 798 2514 858 falli
2551 799 2820 860 nescium
2853 798 3247 878 prophetissaa
3281 797 3457 876 hujus
3491 815 3616 856 ma-

1976 903 2104 963 gna
2134 885 2504 965 vaticinium,
2541 887 2681 947 dum
2712 886 2785 949 ab
2819 887 3093 948 omnibus
3137 883 3615 964 generationibus

1975 973 2206 1034 beatam
2239 993 2302 1037 se
2360 975 2739 1055 praedicatum
2801 976 2874 1036 iri
2933 977 3266 1036 afﬁrmavit.
3303 973 3616 1047 Magniﬁce

1976 1080 2118 1139 ergo
2155 1070 2212 1122 et
2241 1063 2534 1141 condigne
2566 1066 3012 1126 convenientem
3034 1063 3219 1124 beata
3243 1062 3618 1143 praedicatio-

1976 1169 2110 1210 nem
2133 1151 2321 1231 primo
2347 1151 2586 1231 quidem
2613 1151 2685 1213 ab
2709 1152 2855 1233 ipsis
2894 1153 3267 1213 intemeratis
3289 1148 3619 1229 Evangeliis

1974 1239 2211 1316 accipit,
2235 1258 2364 1320 quae
2383 1239 2456 1301 ad
2489 1239 2805 1301 Dominum
2830 1259 3003 1302 suum
3027 1239 3289 1320 quotidie
3319 1240 3615 1300 clamant:

1972 1327 2430 1403 Beatusventer,
2447 1329 2551 1408 qui
2564 1335 2618 1391 te
2625 1333 2978 1410 portavit,et
2990 1330 3178 1391 ubera
3189 1347 3322 1407 quae
3339 1329 3615 1398 satist-11’;

1975 1415 2194 1477 deinde
2225 1435 2388 1490 vero,
2426 1425 2597 1497 prout
2625 1417 2968 1479 vaticinium
3019 1417 3343 1498 portendit,
3378 1415 3451 1476 ab
3483 1434 3616 1476 om-

1975 1503 2150 1566 nibus
2179 1503 2666 1583 generationibus
2697 1513 2754 1566 et
2777 1506 2901 1584 jam
2955 1504 3268 1586 praedicata
3301 1510 3390 1566 est
3419 1501 3615 1579 beata,

1976 1601 2036 1655 et
2069 1611 2253 1673 usque
2275 1592 2336 1652 in
2367 1593 2645 1654 saeculum
2675 1593 2846 1654 beata
2878 1593 3314 1674 praedicabitur.

328 1682 705 1761 Μακαριζέσθω
769 1684 938 1740 τοίνυν
1008 1688 1111 1764 οὐχ
1184 1683 1378 1752 ἥκιστα
1447 1687 1533 1742 καὶ
1616 1692 1700 1741 νῦν
1769 1709 1870 1765 παρ

2056 1682 2211 1760 Ergo
2244 1689 2301 1741 et
2331 1700 2486 1742 nunc
2516 1701 2551 1741 a
2578 1681 2750 1742 nobis
2782 1683 2951 1743 beata
2982 1681 3417 1742 studiosissime
3447 1681 3610 1742 cele»

229 1774 422 1851 ἡμῶν,
456 1771 548 1828 καὶ
577 1773 668 1826 τὸν
697 1771 1038 1852 ὀφειλόμενον
1087 1772 1266 1851 ἔρανον
1313 1774 1374 1830 ἐκ
1428 1782 1520 1830 τοῦ
1577 1771 1694 1830 καθ’
1750 1776 1890 1848 ἡμᾶς

235 1859 361 1941 ἄρτι
417 1859 597 1938 γένους
655 1859 907 1924 ἆνενδεῶς
963 1861 1361 1942 ἐκπληρούσθω.
1439 1883 1470 1923 (
1543 1864 1672 1920 Δότε
1760 1866 1891 1939 αὐτῇ

234 1951 351 2006 ἀπὸ
405 1957 609 2028 καρποῦ
684 1949 912 2028 χειλέων
985 1953 1172 2031 αὐτῆς,
1247 1971 1277 2011 )
1346 1953 1379 2020 ἡ
1447 1953 1584 2032 σοφὴ
1638 1953 1891 2032 παροιμία

237 2040 381 2096 κατὰ
415 2039 596 2117 καιρὸν
650 2040 786 2115 ἡμῖν
843 2038 1172 2118 ἐγκελεύεται
1207 2059 1223 2076 ο
1266 2043 1422 2104 αὐτὸς
1481 2039 1534 2097 δὲ
1591 2039 1649 2096 ἂν
1681 2040 1888 2116 εἴποιμι

237 2125 472 2202 μᾶλλον,
511 2150 536 2181 α
567 2127 672 2183 ἀπὸ
720 2135 921 2204 καρποῦ
969 2127 1168 2193 κοιλίας
1218 2131 1380 2196 αὐτῆς
1414 2151 1441 2183 ι)
1495 2148 1512 2166 ο
1571 2131 1656 2186 καὶ
1711 2126 1776 2184 δι’
1806 2131 1889 2185 εύ-

234 2215 424 2294 λογίας
481 2215 690 2282 ἀπάσης
747 2218 782 2284 ἡ
841 2215 1176 2294 εὒλαγημένη
1233 2219 1510 2297 γεννήτρια
1566 2222 1663 2284 τῆς
1730 2216 1885 2276 εὐλο-

233 2305 359 2383 γίας
416 2301 645 2381 ἀγέσθω.
706 2307 794 2376 Μή
852 2327 930 2369 τις
988 2304 1054 2355 66
1115 2307 1380 2385 ἀγνώμων
1437 2307 1574 2364 ἔστω
1614 2308 1732 2384 περὶ
1788 2308 1884 2374 τὴν

231 2391 501 2473 εὐεργέτιν
532 2391 594 2442 67
628 2407 642 2422 ⁸
677 2396 754 2468 μή
784 2416 865 2458 τις
891 2395 1192 2474 ὑπερόπτης
1234 2401 1332 2462 τῆς
1361 2393 1624 2472 βασιλίδος
1660 2413 1673 2427 ⁶
1710 2393 1774 2444 68
1804 2397 1879 2471 μή

229 2504 316 2546 τις
348 2480 621 2560 ὀλιγῶρως
653 2481 797 2562 ἔχων
825 2485 956 2562 πρὸς
1000 2484 1098 2551 τὴν
1155 2484 1412 2540 Δεσπότιν
1445 2500 1459 2515 ⁸
1514 2483 1649 2540 ἀλλὰ
1691 2485 1880 2550 πάντες

229 2571 350 2645 ἅμα
392 2572 481 2626 καὶ
542 2576 700 2627 πᾶεαι
759 2573 894 2646 μετὰ
945 2582 1038 2632 τοῦ
1091 2574 1451 2651 προσήκοντος
1495 2575 1696 2648 κόσμου
1750 2575 1879 2651 πρὸς

227 2659 334 2726 τὴν
407 2657 683 2734 πάνδημον
763 2666 956 2728 ταύτην
1038 2662 1226 2740 ἑορτὴν
1308 2661 1720 2736 ἆπαντήσωμεν,
1791 2662 1880 2717 καὶ

231 2749 328 2805 σὺν
385 2745 636 2818 ἀλλήλοις
665 2747 730 2798 69
789 2753 922 2825 ὁμοῦ
977 2749 1362 2830 φαιδρυνθῶμεν
1415 2754 1876 2829 πανηγυρίζοντες,

229 2836 470 2894 πλούσιοί
497 2859 554 2892 τε
582 2841 670 2895 καὶ
699 2839 944 2912 πένητες,
989 2838 1186 2915 ὑψηλοί
1214 2860 1268 2893 τε
1297 2839 1386 2895 καὶ
1427 2840 1688 2910 ταπεινοὶ,
1717 2841 1878 2917 ἱερεῖς

226 2927 317 2982 καὶ
346 2923 496 3000 λαὸς,
532 2925 805 3002 μοναδικοὶ
834 2929 921 2983 καὶ
950 2925 1168 3004 μιγάδες
1194 2948 1203 2958 ·
1233 2925 1354 2982 ὅσον
1379 2925 1431 2982 ἐν
1451 2925 1722 3006 ἄρχουσιν,
1749 2925 1872 2983 ὅσον

225 3015 284 3072 ἐν
313 3014 656 3096 ἀρχομένοις,
705 3013 827 3072 ὅσον
856 3016 908 3072 ἐν
951 3015 1216 3094 ἀνδράσιν,
1263 3013 1387 3071 ὅσον
1417 3015 1470 3071 ἐν
1513 3013 1765 3094 φυναιξίν,

309 3097 440 3168 ΚΘ’,
475 3103 639 3162 Ἀλλὰ
684 3104 876 3180 μεταξὺ
915 3102 1118 3184 λέγοντί
1173 3126 1263 3179 μοι
1321 3103 1614 3182 προσέπεσέ
1657 3125 1705 3159 τι
1762 3109 1865 3160 τῶν

222 3191 558 3274 ἀϐουλήτων,
593 3192 794 3270 μᾶλλον
836 3191 890 3249 δὲ
920 3200 1024 3250 τῶν
1067 3214 1131 3264 τᾳ
1185 3191 1324 3258 τάξει
1384 3192 1709 3273 μαχομένων
1767 3198 1865 3259 τῆς

221 3283 452 3364 φύσεως,
501 3286 562 3340 Αἱ
617 3284 716 3360 γάρ
775 3303 840 3357 με
896 3295 1144 3360 γυναῖκες
1201 3281 1414 3337 ἐνταῦθα
1468 3281 1838 3340 πλεονεκτοῦσι

221 3375 312 3429 καὶ
341 3372 541 3438 ἀξιοῦσι
568 3372 876 3450 πρωτεύειν,
912 3369 994 3433 εἴς
1035 3392 1095 3447 γε
1150 3378 1302 3427 τοῦτο
1357 3371 1417 3425 τὸ
1472 3369 1654 3450 μέρος,
1709 3373 1862 3446 ἡμῶν

217 3462 322 3517 τῶν
380 3459 604 3541 ἀνδρῶν,
662 3465 745 3526 οἷς
825 3462 886 3516 τὸ
956 3459 1140 3539 ἄρχειν
1200 3461 1366 3515 αὒτῶν
1437 3460 1524 3514 καὶ
1590 3467 1865 3540 παντοχοῦ

217 3550 609 3629 προκεκρίσθαι,
659 3548 776 3616 ἤτε
822 3549 971 3629 φύσις
1020 3547 1184 3605 πάλαι
1239 3545 1477 3604 ἀπέδωκε
1533 3549 1620 3605 καὶ
1677 3551 1705 3605 ὁ
1761 3550 1860 3616 τὴν

220 3639 368 3717 φύσιν
437 3636 830 3718 δημιουργήσας
867 3653 880 3668 ⁶
969 3639 1034 3694 τὰ
1110 3645 1202 3695 τού
1258 3637 1440 3715 γένους
1510 3644 1633 3716 γοῦν
1687 3637 1858 3696 δίκαια

220 3725 391 3787 πολλὰ
457 3724 580 3806 παρ’
640 3729 826 3791 αὐταῖς
884 3728 972 3782 καὶ
1022 3729 1325 3803 βοηθεῖσθαι
1387 3723 1591 3784 δοκοῦσι
1648 3749 1854 3783 παντα-

220 3814 374 3895 χόθεν
407 3817 478 3880 εἰς
509 3817 605 3882 την
637 3816 978 3895 προτίμησιν.
1026 3817 1142 3894 Οὗχ
1190 3816 1350 3881 ἧττον
1405 3812 1501 3888 μέν
1531 3836 1579 3870 τι
1611 3815 1854 3871 κάκεῖναι

218 3906 343 3984 πρὸς
374 3905 560 3969 ἑαυτὰς
590 3905 954 3974 στασιάζουσιν
983 3903 1066 3976 70,
1099 3907 1150 3960 αἱ
1180 3901 1423 3982 παρθένοι
1452 3904 1582 3982 πρὸς
1613 3904 1706 3967 τὰς
1738 3927 1849 3978 μη-

215 3993 390 4073 τέρας,
422 3995 474 4050 αί
502 3991 726 4072 μητέρες
757 3995 887 4070 πρὸς
910 3993 1003 4055 τὰς
1021 3992 1328 4071 παρθένους,
1359 3992 1446 4047 καὶ
1475 3991 1853 4072 φιλονεικοῦσιν

217 4080 334 4139 ὅλον
365 4081 606 4158 ἑκάτεραι
631 4083 692 4138 τὸ
720 4080 773 4131 Ἰ1
807 4083 980 4138 κοινὸν
1007 4079 1330 4139 ἰδιώσασθαι.

1846 3329 1862 3362 ἳ

294 4258 460 4319 Ἀλλὰ
515 4260 726 4323 ταύταις
769 4259 889 4334 μὲν,
945 4262 988 4315 εἰ
1030 4257 1196 4328 δοκεῖ,
1245 4257 1588 4338 καταλλαγὴν
1615 4257 1673 4308 79
1724 4263 1851 4339 πρὸς

1977 1769 2203 1836 bretur,
2239 1778 2297 1830 et
2326 1769 2589 1830 debitum
2641 1769 2695 1830 ei
2757 1770 3041 1830 tributum
3097 1789 3130 1830 a
3159 1789 3377 1847 genere
3409 1779 3614 1831 nostro

1977 1873 2134 1916 nunc
2162 1855 2354 1935 ipsum
2384 1856 2547 1932 large
2574 1856 2852 1919 solvatur.
2893 1857 3039 1918 Date
3085 1863 3144 1919 εί
3195 1858 3266 1919 de
3296 1859 3499 1936 fructu
3531 1857 3615 1919 Ia-

1975 1942 2212 2006 biornm
2233 1945 2382 2023 ejus.
2410 1954 2738 2024 opportune
2767 1945 2938 2006 nobis
2956 1945 3195 2026 sapiens
3237 1946 3615 2026 proverbium

1973 2032 2239 2104 indicite;
2255 2033 2379 2112 ipse
2401 2051 2535 2093 vero
2561 2033 2751 2112 potius
2777 2034 3050 2114 dixerim,
3078 2035 3150 2096 de
3168 2035 3376 2108 fructu
3392 2036 3617 2096 ventris

1971 2123 2128 2197 eius;
2159 2130 2333 2202 atque
2350 2121 2512 2180 omni
2554 2120 2968 2183 benedictione
3008 2121 3324 2184 benedicta
3349 2121 3612 2186 Genitrix

1969 2207 2404 2270 benedictionis
2435 2209 2787 2272 celebretur.
2815 2209 2899 2272 Ne
2930 2211 3063 2291 quis
3099 2212 3388 2273 adversus
3417 2211 3612 2272 bene-

1967 2295 2268 2359 factricem
2303 2297 2568 2378 ingratus
2593 2299 2874 2373 exsistat;
2900 2319 2974 2360 ne
2998 2301 3130 2380 quis
3164 2299 3460 2380 superbus
3495 2301 3611 2363 Re-

1966 2388 2121 2465 ginae
2151 2395 2524 2468 contemptor
2551 2406 2566 2449 :
2629 2405 2702 2448 ne
2759 2389 2893 2469 quis
2923 2407 3062 2468 erga
3091 2389 3401 2450 Dominam
3434 2389 3608 2449 incu-

1960 2477 2086 2536 rius
2118 2493 2134 2550 ;
2193 2475 2298 2537 sed
2357 2475 2558 2536 cuncti
2589 2476 2786 2552 simul,
2847 2485 2910 2538 ut
2940 2488 3167 2539 cunctae
3197 2497 3330 2538 cum
3364 2477 3604 2538 decenti

1961 2574 2172 2627 ornatu
2201 2563 2274 2624 ad
2303 2583 2680 2626 communem
2714 2566 2865 2627 hanc
2915 2566 3353 2627 solemnitatem
3385 2583 3604 2626 convec-

1961 2653 2215 2726 niamus,
2250 2660 2305 2713 et
2337 2671 2545 2713 omnes
2590 2653 2765 2714 simul
2800 2661 3063 2717 texentes
3093 2655 3313 2728 laudes,
3349 2661 3468 2714 tum
3505 2654 3602 2716 di-

1960 2745 2106 2802 vites
2159 2740 2521 2802 colletaamur
2575 2750 2696 2802 tum
2758 2760 3071 2822 pauperes,
3127 2742 3515 2822 praecelsique
3543 2751 3607 2805 et

1959 2829 2236 2910 humiles,
2265 2830 2605 2891 sacerdotes
2635 2839 2693 2890 et
2723 2831 2999 2912 populus,
3033 2831 3278 2892 solitarii
3312 2839 3369 2892 et
3401 2831 3461 2891 in
3495 2849 3598 2892 so-

1957 2919 2166 2980 cietate
2195 2919 2476 2993 viventes,
2511 2927 2568 2980 et
2599 2929 2878 3000 quantum
2909 2920 2972 2980 in
3003 2938 3066 2982 se
3091 2927 3200 2995 est,
3234 2919 3597 3001 imperantes

1890 2995 1928 3046 C
1953 3013 2012 3067 et
2041 3007 2284 3085 subditi,
2319 3006 2428 3067 viri
2459 3025 2528 3068 ac
2563 2995 2866 3071 mulieres.

2032 3094 2244 3158 XXIX.
2282 3097 2499 3157 Verum
2531 3095 2686 3156 inter
2743 3097 3066 3160 dicendum
3100 3097 3248 3159 mihi
3281 3096 3590 3177 quidpiam

1950 3184 2184 3258 excidit,
2214 3183 2369 3264 quod
2395 3184 2730 3245 inconsulte
2755 3187 3070 3266 prolatum,
3106 3206 3210 3247 seu
3243 3186 3437 3267 potius
3455 3204 3589 3246 cum

1950 3273 2157 3334 ordine
2177 3285 2398 3334 naturae
2419 3292 2685 3352 pugnans
2712 3275 2898 3335 videri
2925 3285 3134 3357 potest.
3161 3277 3270 3339 Hic
3303 3276 3463 3337 enim
3497 3293 3595 3336 me

1948 3360 2187 3424 vincunt
2239 3361 2547 3435 mulieres,
2611 3370 2668 3422 et
2726 3363 2837 3424 hac
2886 3365 3094 3426 saltem
3144 3384 3214 3426 ex
3270 3373 3432 3445 parte
3470 3381 3596 3424 me-

1943 3451 2056 3511 rito
2103 3450 2443 3530 praecedunt
2500 3449 2671 3511 nobis
2725 3451 2889 3526 viris,
2952 3453 3166 3534 quibus
3227 3462 3349 3513 tum
3380 3459 3590 3512 natura

1943 3545 2067 3600 tum
2118 3549 2340 3600 natura;
2394 3536 2640 3599 Creator
2688 3537 2853 3600 dedit
2905 3543 3161 3621 pridem,
3224 3551 3289 3603 ut
3338 3544 3398 3601 in
3451 3539 3584 3599 illas

1941 3626 2407 3699 dominaremur,
2427 3627 2841 3708 primasquein
2869 3631 3147 3691 omnibus
3179 3639 3376 3710 partes
3405 3627 3588 3690 habe-

1937 3734 2180 3792 remus;
2240 3715 2422 3776 multa
2476 3715 2652 3793 igitur
2729 3734 2901 3778 sexus
2952 3720 3088 3798 jura
3146 3728 3207 3782 et
3262 3719 3381 3782 illis
3441 3737 3588 3798 sup-

1939 3814 2142 3884 petere
2171 3804 2450 3866 videntur
2477 3805 2549 3865 ad
2583 3803 2804 3882 primos
2835 3826 3263 3889 usquequaque
3295 3809 3583 3869 honores.

1934 3893 2136 3975 Neque
2169 3893 2363 3953 minus
2395 3892 2654 3972 profecto
2716 3901 2772 3954 et
2824 3895 2938 3956 illae
2994 3897 3149 3958 inter
3178 3917 3240 3959 se
3275 3896 3582 3971 dimicant,

1933 3983 2191 4062 virgines
2221 3999 2358 4043 cum
2389 3981 2695 4056 matribus,
2734 3995 2950 4046 matres
2980 4005 3113 4046 cum
3147 3986 3498 4066 virginibus,
3525 3992 3586 4047 et

1934 4072 2093 4154 quod
2125 4087 2442 4132 commune
2469 4077 2578 4149 est,
2640 4079 2904 4152 utraeque
2967 4074 3081 4135 sibi
3133 4083 3410 4156 tanquam
3440 4093 3582 4156 pro-

1935 4162 2134 4245 prium
2167 4158 2470 4221 vindicare
2504 4167 2688 4220 totum
2723 4165 3112 4227 contendunt.

2015 4254 2238 4313 Verum
2265 4248 2359 4309 liis
2381 4246 2646 4328 quidem,
2679 4249 2728 4309 si
2760 4250 2839 4311 ita
2868 4252 3124 4328 videtur,
3159 4259 3421 4313 mutuam
3448 4271 3585 4314 cou-

218 4348 450 4419 ἀλλήλας
478 4349 642 4424 ἡμεῖς
672 4343 998 4424 ἐπινάξωμεν
1056 4355 1133 4423 τῷ
1185 4352 1284 4414 τῆς
1340 4349 1564 4426 φυσικῆς
1623 4338 1851 4415 ἐξουσίας

1962 4341 2299 4404 :iliationem
2331 4343 2566 4426 nosmet
2595 4338 2708 4417 ipsi
2757 4339 3155 4421 imponamus,
3211 4342 3496 4403 naturalis
3525 4342 3586 4402 in

219 4439 372 4518 ὸρθῶς
424 4437 756 4518 χρησάμενοι
805 4439 973 4511 νόμῳ,
1033 4437 1120 4493 καὶ
1162 4437 1260 4502 τὴν
1316 4435 1443 4502 ἴσην
1471 4431 1525 4476 73
1581 4437 1850 4516 ἑκατέραις

217 4527 590 4602 ἂπονείμαντες
621 4538 814 4604 μοῖραν
844 4542 857 4555 ⁸
893 4525 952 4581 o3
983 4526 1083 4604 γὰρ
1111 4531 1267 4580 τοῦτο
1325 4521 1526 4598 μᾶλλον
1581 4524 1618 4590 ἢ
1673 4534 1846 4602 τοῦτο,

217 4614 325 4672 ἀλλ’
371 4616 560 4681 ἐπίσης
626 4614 918 4694 ἀμφότερα,
993 4615 1078 4669 καὶ
1149 4612 1398 4691 παρθένος
1465 4614 1551 4668 καὶ
1595 4616 1774 4694 μήτηρ
1815 4618 1849 4684 ἡ

217 4703 514 4782 τιμωμένη,
589 4705 676 4758 καὶ
749 4705 928 4758 κοινὸν
986 4703 1182 4779 ὁμοίως
1240 4701 1466 4766 άπάσαις
1538 4703 1735 4780 γυναιξὶ
1793 4707 1852 4762 τὸ

217 4790 564 4866 καλλώπισμα
591 4790 674 4852 74.
708 4791 900 4854 Αὒτοϊς
930 4788 976 4846 δ’
1021 4793 1154 4866 ἡμῖν
1198 4791 1328 4868 πρὸς
1373 4788 1574 4856 ἐκείνας
1631 4793 1852 4859 εἰσαῦθις

217 4879 250 4945 ἡ
277 4876 443 4936 δικαία
497 4880 642 4959 τάχα
682 4878 882 4935 δικάσει
931 4880 1019 4936 καὶ
1071 4877 1223 4945 κοινὴ
1281 4877 1562 4952 Δέσποινα,
1626 4883 1854 4948 ὁπηνίκα

219 4969 296 5023 καὶ
324 4966 468 5032 ὅπως
500 4967 772 5039 εὐδοκήσοι
817 4969 904 5026 καὶ
931 4967 1232 5044 δοκιμάσοι,
1292 4969 1366 5027 Τὰ
1425 4965 1480 5023 δὲ
1536 4979 1622 5027 νῦν
1671 4971 1852 5050 (ἑορτὴ

1938 4434 2098 4513 ipsas
2131 4425 2437 4510 potestatis
2487 4425 2626 4504 jure
2685 4437 2845 4490 recte
2902 4439 3159 4511 utentes,
3210 4441 3267 4492 et
3296 4432 3586 4512 aequalem

1939 4521 2207 4600 utrisque
2241 4515 2577 4598 portionem
2610 4518 3020 4597 assignantes:
3057 4541 3189 4601 qua:
3210 4521 3368 4582 enim
3403 4522 3587 4582 hono-

1939 4619 2130 4680 ratur,
2167 4625 2283 4668 non
2315 4605 2427 4665 hoc
2452 4605 2638 4684 magis
2657 4617 2936 4686 estquam
2978 4610 3153 4684 istud,
3189 4610 3290 4672 sed
3309 4628 3586 4690 peraeque

1939 4711 2279 4779 utrumque,
2315 4702 2372 4755 et
2402 4694 2562 4772 virgo
2591 4703 2649 4757 et
2706 4707 2915 4781 mater,
2950 4707 3009 4760 et
3037 4717 3351 4761 commune
3383 4699 3581 4761 omni-

1936 4791 2045 4852 bus
2076 4807 2146 4849 ex
2179 4805 2346 4866 aequo
2381 4786 2730 4848 mulieribus
2763 4798 2852 4849 est
2881 4797 3318 4851 ornamentum.
3342 4786 3410 4848 Et
3438 4806 3577 4849 rur-

1937 4897 2036 4942 sus
2065 4876 2221 4958 quod
2254 4884 2326 4935 ad
2362 4892 2468 4934 nos
2497 4873 2658 4954 ipsos
2710 4896 2832 4958 prae
2877 4879 2996 4939 illis
3027 4886 3271 4958 Spectat,
3297 4879 3458 4957 justa
3487 4876 3587 4938 illa

1937 4983 1996 5035 et
2028 4963 2366 5033 Communis
2425 4963 2700 5049 Domina,
2758 4967 2994 5048 quando
3050 4975 3108 5029 et
3151 4966 3446 5047 quomodo
3495 4965 3580 5028 illi

293 5131 317 5164 ³
345 5125 488 5190 Luc.
523 5143 566 5203 ι,
601 5127 702 5190 48.
787 5122 815 5164 δ
845 5127 988 5190 Luc.
1020 5144 1102 5204 x1,
1136 5129 1235 5193 27.
1325 5134 1347 5167 ο
1373 5125 1544 5193 Prov.
1577 5145 1738 5208 xxxi,
1772 5130 1875 5212 31,
1907 5151 2030 5197 nec.
2065 5121 2234 5197 LXX.

1619 5287 1812 5355 Variae
1843 5292 2157 5358 lectiones.

285 5452 336 5504 θί
373 5452 544 5516 Laur.
575 5459 876 5526 ποιήσαντι.

216 5532 272 5586 ϐδ
296 5533 476 5598 Codd.
507 5535 717 5598 ἑαυτόν.
803 5534 869 5584 66
899 5534 1072 5596 Laur.
1104 5534 1139 5604 ἧ
1169 5559 1273 5598 τις.

218 5614 384 5675 sionis
413 5622 501 5675 est
534 5633 733 5678 causa.
822 5617 886 5668 69
923 5620 1093 5677 Laur.
1131 5615 1505 5685 auum-0.02;,

219 5693 334 5755 ἵσιν.
418 5693 482 5745 π
513 5696 684 5760 Laur.
722 5697 1066 5773 καλώπισμα.

964 5453 1022 5502 62
1051 5451 1182 5515 νει,
1216 5452 1509 5534 ἀναπλάσις
1557 5454 1644 5508 καὶ
1693 5454 2002 5534 ἆνόρθωσις,

1359 5533 1422 5582 67
1453 5533 1964 5614 Ιιξιυιξλελῦεργέτην.

1593 5610 1660 5660 70
1677 5610 1851 5676 Laur.

1962 5624 2272 5696 κσιάζουσαι.
2361 5622 2752 5685 7¹Οοίὶιί.τόν.
2840 5621 2897 5667 ’Τί
2919 5610 3245 5700 καταλογήν.
3331 5616 3580 5680 73Laur.

2088 5461 2152 5513 63
2201 5462 2378 5525 Laur.
2430 5464 2900 5542 μαάαρισθήσεσαι.
2987 5458 3052 5509 64
3107 5459 3281 5542 Laur.
3345 5460 3578 5542 γεναιάς.

2052 5540 2116 5594 68
2147 5543 2321 5604 Laur.
2355 5537 2468 5604 hoc
2497 5537 2750 5604 incisum
2779 5539 2968 5616 abest,
3005 5557 3116 5602 nec
3145 5537 3364 5600 obcura
3397 5538 3584 5600 omis-
