4052 6134
271 274 424 341 1109
1338 279 1420 342 ΙΝ
1464 279 1570 342 SS.
1613 275 1930 343 DEIPARZ

2018 279 2578 344 DORMITIONEM.
3497 273 3652 342 1110

265 411 565 492 προπέμπει
635 413 724 470 καὶ
767 411 1180 494 συναπέρχεται.
1239 396 1486 471 ⁸1Ηδισσιτον
1541 413 1639 490 μὲν
1712 411 1801 490 ἔαρ
1870 410 1924 468 ἐν

2018 408 2247 472 dentem
2276 410 2614 484 comitatur,
2646 415 2825 492 atque
2854 427 2972 472 una
3019 409 3292 475 discedit.
3324 409 3398 474 Et
3420 411 3648 492 jucun-

272 501 432 580 ὥραις
495 501 600 582 (τις
656 503 892 560 ἀντείποι
959 501 1118 580 λόγος
1173 503 1251 577 τῷ
1305 500 1452 581 λόγῳ
1475 507 1516 582 ς)
1572 504 1660 559 καὶ
1708 499 1926 568 ποικίλη

2018 498 2252 560 dissima
2277 498 2520 581 quidem
2571 499 2728 560 inter
2761 497 2903 560 anni
2943 506 3324 579 tempestates
3352 508 3442 562 est
3469 517 3650 564 verna

273 590 430 669 χάρις
471 589 688 666 ἀνθέων,
743 592 830 648 καὶ
884 590 1067 658 ἁπαλὴ
1117 597 1294 672 φυτῶν
1349 591 1580 671 βλάστη,
1611 594 1700 648 καὶ
1727 590 1926 670 ὡραιό-

2018 588 2161 667 [quis
2179 606 2510 668 repugnare
2541 586 2697 649 ausit
2723 586 2801 666 ?),
2827 595 2885 648 et
2916 587 3084 649 varia
3107 587 3318 649 florum
3349 587 3555 668 gratia,
3588 593 3652 650 et

275 700 371 745 της
427 679 612 759 ἀγροῦ,
671 683 759 738 καὶ
852 678 1154 760 χλοάζουσα
1209 680 1336 755 πόα,
1424 681 1512 737 καὶ
1586 679 1750 737 καλὸν
1806 691 1928 741 ταῖς

2018 675 2261 736 delicata
2291 676 2619 756 plantarum
2651 675 3027 755 germinatio,
3059 683 3118 737 et
3155 693 3432 755 agrorum
3459 694 3650 738 venu-

277 764 519 846 ἀρούραις
584 767 1027 845 ἐπικυματίζοντα
1076 766 1210 839 λήϊα
1257 784 1270 798 ’
1328 767 1424 837 ἡδὺ
1488 767 1542 824 δὲ
1601 769 1688 826 καὶ
1726 768 1925 847 στάχυς

2018 771 2151 837 stas,
2165 782 2234 826 ac
2247 764 2545 826 virescens
2557 764 2741 826 herba
2758 772 2845 840 ;et
2858 764 3118 844 pulchrae
3128 773 3263 826 sunt
3279 765 3654 827 undabundre

273 854 565 934 παῤῥησίαν
661 856 774 937 ἄρτι
883 855 1192 934 λαμϐάνων,
1304 860 1394 915 καὶ
1463 860 1776 938 προκόπτων
1855 859 1928 920 εἷς

2018 870 2118 932 per
2155 869 2328 930 agros
2359 862 2630 930 segetes;
2665 852 2922 915 oblectat
2963 854 3224 935 desuper
3253 862 3312 915 et
3340 853 3504 935 spica
3525 854 3651 934 jam

275 950 406 1026 φῶς,
441 950 534 1002 οἶα
583 947 773 1028 βρέφος
857 947 1065 1027 εὐγενές
1119 969 1178 1004 τε
1231 950 1319 1006 καὶ
1373 949 1580 1028 χαρίεν,
1611 951 1684 1011 ὡς
1727 947 1786 1004 ἐκ
1813 949 1925 1023 μή-

2018 939 2296 1003 audacula
2322 960 2666 1022 erumpens,
2699 951 2756 1004 et
2799 961 2873 1005 ex
2922 944 3109 1006 calice
3138 944 3315 1006 veluti
3346 963 3379 1005 e
3409 943 3654 1006 matrice

273 1056 398 1112 τρας
469 1041 570 1103 τῆς
626 1036 873 1110 κάλυκος,
920 1039 1008 1094 καὶ
1085 1037 1270 1115 βότρυς
1352 1035 1418 1086 86
1469 1035 1926 1114 ἐπαγγελλόμενος

2018 1029 2178 1111 quasi
2208 1029 2398 1091 infans
2429 1031 2720 1110 ingenuus
2741 1031 2908 1110 juxta
2964 1040 3138 1113 atque
3189 1033 3430 1112 elegans
3460 1033 3520 1094 in
3554 1033 3652 1095 lu-

275 1125 362 1180 καὶ
404 1137 521 1190 τοῖς
587 1123 858 1206 δροσεροτς
915 1125 990 1182 ἔτι
1046 1124 1258 1206 φύλλοις
1313 1125 1718 1182 ὑπαναστέλ).ειν
1746 1125 1925 1204 ἀρχό-

2018 1136 2140 1180 cem
2166 1119 2466 1199 prodiens,
2497 1137 2566 1180 ac
2585 1137 2858 1180 racemus
2880 1119 3066 1200 (velut
3091 1120 3308 1200 primo)
3336 1119 3656 1183 annuntia-

275 1233 432 1287 μενος
466 1232 483 1250 ο
518 1213 653 1270 καλὰ
683 1213 737 1270 δὲ
778 1216 866 1272 καὶ
917 1213 1084 1270 τᾶλλα
1138 1213 1359 1282 καδεξῆς
1390 1214 1453 1264 87
1493 1218 1596 1271 τῶν
1622 1215 1825 1293 ὡραίων
1865 1213 1929 1263 88

2018 1214 2120 1278 tus,
2158 1216 2214 1268 et
2249 1207 2546 1288 incipiens
2574 1207 2730 1268 foliis
2760 1209 3087 1269 etiamnum
3113 1208 3346 1270 tenellis
3366 1208 3650 1284 suboriri;

276 1302 365 1365 οἷς
434 1303 468 1370 ἡ
512 1302 622 1381 ὥρα
678 1311 842 1384 τρυφᾷ
908 1306 996 1360 καὶ
1059 1317 1180 1370 ταῖς
1261 1303 1463 1360 ἐλπίσιν
1523 1303 1777 1383 εὐφραίνει
1834 1305 1924 1359 τὸν

2018 1296 2111 1356 sed
2146 1303 2203 1356 et
2235 1295 2596 1384 aliareximia
2626 1295 2918 1358 venustati
2948 1296 3035 1356 illi
3085 1299 3399 1370 accedunt,
3434 1296 3654 1384 quibus

271 1391 466 1460 θεατήν
492 1392 752 1471 γεωργόν.
787 1383 793 1384 ⁷

2018 1390 2330 1464 tempestas
2358 1383 2459 1445 illa
2490 1384 2845 1461 luxuriatur,
2872 1391 3312 1465 etspectantem
3335 1383 3656 1464 agricolam

2009 1473 2193 1533 multa
2223 1471 2674 1553 speiexhilarat.

357 1565 498 1624 Πολὺ
525 1565 590 1618 89
619 1566 664 1625 δ’
695 1567 772 1625 ἔτι
801 1567 1018 1626 κάλλιον
1044 1567 1109 1620 90
1161 1571 1198 1638 ἡ
1226 1569 1434 1628 πάντων
1465 1567 1794 1651 τελεσφορία,
1840 1571 1927 1625 καὶ

2025 1649 2034 1651 _
2091 1561 2513 1651 Verumtamen
2547 1562 2724 1624 etiam
2759 1563 2930 1643 longe
2959 1561 3054 1624 his
3100 1561 3538 1644 precellentior
3567 1570 3657 1624 est

275 1656 336 1710 τὸ
392 1659 521 1735 πρὸς
574 1655 907 1737 ἐκπλήρωσιν
966 1657 1118 1737 ἔργου
1174 1658 1274 1726 τὴν
1353 1649 1672 1738 ἐπαγγελίαν
1730 1658 1925 1734 ἐλθετν,

2018 1649 2315 1712 fructuum
2347 1650 2610 1712 omnium
2642 1653 2971 1726 maturitas,
3004 1660 3063 1712 et
3092 1659 3254 1713 certa
3278 1669 3485 1714 eorum
3521 1667 3654 1732 quas

274 1739 407 1822 ὅπερ
437 1745 585 1809 οὗτος
641 1747 777 1820 ἡμῖν
803 1747 832 1802 6
883 1749 1066 1824 καιρὸς
1136 1755 1222 1804 νῦν
1275 1753 1570 1826 χαρίζεται,
1603 1754 1706 1806 Νῦν
1744 1748 1843 1826 γὰρ
1871 1746 1924 1798 9¹

2018 1739 2526 1819 promittebantur,
2560 1742 2856 1803 assecutio
2886 1762 2902 1823 ;
2936 1740 3094 1821 quod
3119 1742 3245 1803 haec
3276 1740 3451 1800 modo
3485 1739 3658 1802 nobis

275 1833 330 1885 αἱ
360 1831 456 1905 μὲν
486 1831 750 1898 ἀποθῆκκι
801 1835 891 1890 τὸν
941 1847 1115 1914 σῖτον,
1161 1837 1208 1892 οἱ
1257 1832 1409 1902 ληνοὶ
1452 1834 1513 1884 99
1539 1833 1593 1891 δὲ
1635 1839 1724 1893 τὸν
1754 1836 1926 1915 οἶνον,

2018 1837 2334 1910 tempestas
2363 1831 2666 1911 elargitur.
2704 1832 2874 1894 Nunc
2897 1832 3126 1893 enimet
3149 1831 3362 1893 horrea
3385 1829 3656 1890 frumen-

276 1921 366 1975 καὶ
416 1925 513 1988 τὴν
571 1920 740 1988 ἄλλην
795 1929 888 1978 τοῦ
944 1921 1090 1986 ἔτους
1148 1924 1416 2002 εὐετηρίαν
1473 1926 1501 1980 6
1529 1927 1810 2004 προσήκων
1839 1923 1930 1981 δέ-

2018 1925 2162 1999 tum,
2197 1918 2428 1980 etdolia
2452 1921 2677 1996 vinum,
2703 1928 2761 1981 et
2783 1920 3036 1982 idoneus
3058 1920 3311 2002 quisque
3333 1919 3495 1980 locus
3508 1916 3658 1979 alios

278 2028 435 2087 χεται
491 2009 678 2081 τόπος,
723 2011 810 2086 καὶ
869 2011 964 2066 οὐκ
1012 2008 1097 2067 ἄτι
1151 2009 1620 2090 προσδοκωμένην,
1693 2011 1811 2070 ἀλλ’
1856 2015 1930 2076 είς

279 2109 472 2176 χεῖρας
503 2095 605 2165 ἤδη
648 2097 1041 2178 κατεχομένην,
1102 2100 1191 2155 καὶ
1241 2101 1303 2156 τὸ
1359 2107 1463 2156 τῶν
1507 2099 1730 2158 ἐλπίδων
1758 2102 1926 2182 ἀμφί-

278 2182 436 2241 ϐολον
491 2184 722 2265 ἀσφαλεῖ
763 2186 901 2243 τέλει
946 2188 1243 2266 κρίνουσαν.
1303 2199 1404 2249 Νῦν
1457 2189 1523 2239 93
1584 2194 1716 2266 ὁμοῦ
1770 2196 1857 2247 καὶ
1901 2194 1928 2247 ὁ

283 2273 501 2352 υπείρας
585 2277 762 2354 χαίρει
839 2277 1066 2355 θερίσας,
1122 2278 1209 2333 καὶ
1285 2281 1313 2335 6
1382 2281 1657 2359 φυτεύσας,
1713 2280 1927 2360 εὐφραί-

278 2382 447 2437 νεται,
519 2365 637 2427 τοὺς
693 2366 922 2444 καρποὺς
978 2371 1084 2422 τῶν
1143 2365 1337 2448 πόνων,
1397 2366 1744 2448 δρεψάμενος.
1787 2359 1833 2424 ﬁt:
1871 2359 1928 2426 ιΟ

284 2451 469 2530 Κύριος
509 2450 668 2509 ἔδωκε
729 2453 1096 2533 χρηστότητα,
1167 2455 1255 2511 καὶ
1313 2443 1348 2525 ἦ
1394 2443 1466 2535 γῆ
1504 2443 1662 2533 ἡμῶν
1706 2455 1809 2524 ἤδη
1840 2458 1929 2514 τὸν

281 2543 482 2618 καρπὸν
539 2541 700 2610 αὐτῆς
738 2562 764 2599 ι
849 2539 1153 2621 ὁλοκλήρως
1182 2541 1270 2623 θδ,
1347 2548 1391 2602 εί
1460 2547 1538 2622 μή
1607 2548 1658 2602 τί
1696 2546 1762 2597 95
1829 2569 1930 2603 που

281 2627 458 2685 τέλεον
486 2630 812 2710 ὑπερήμερον
839 2632 928 2687 καὶ
957 2630 1340 2709 ἐκπρόθεσμον.

361 2795 492 2894 Αἰξί
564 2813 672 2875 Τῆς
742 2805 794 2864 δέ
849 2811 912 2866 τὸ
967 2808 1099 2867 ἴδιον
1155 2810 1376 2877 ἐντελῶς
1429 2812 1762 2894 ἀπεχούσης,
1836 2825 1930 2877 καὶ

283 2895 310 2948 6
361 2893 574 2974 οὐρανὸς
637 2895 910 2976 ἀναλόγως
961 2898 1164 2980 ἀπέχετ
1220 2903 1282 2956 τὸ
1325 2900 1529 2981 ἐαυτοῦ,
1562 2893 1651 2958 τὸν
1695 2904 1930 2983 οὐράνιόν

283 3004 419 3062 φημι
477 2991 658 3040 τοῦτον
717 2989 974 3066 θησαυρὸν
1030 2991 1118 3044 καὶ
1159 2989 1441 3068 ὑπέρτιμον
1490 3009 1504 3024 ·

282 3067 436 3129 ϐάνον
509 3075 739 3153 στῖμερον
794 3075 987 3152 γέγηθε
1040 3078 1138 3144 τὴν
1178 3067 1332 3135 αὐτοῦ
1419 3078 1670 3157 γλυκεῖαν
1724 3067 1928 3159 ἐλπίδα,

283 3161 378 3227 τὴν
435 3162 675 3244 εὐφορίαν
741 3168 840 3230 τῆς
898 3166 1140 3238 κτίσεως,
1234 3169 1296 3223 τὸ
1374 3168 1512 3248 μέγα
1567 3177 1656 3226 νοῦ
1733 3173 1936 3248 κόσμου

285 3251 539 3329 γεώργιον
573 3268 588 3283 ⁸
651 3253 736 3308 καὶ
775 3255 1068 3332 θησαυρίζει
1139 3256 1228 3310 τὸν
1310 3254 1536 3313 πλοῦτον
1604 3258 1657 3314 ἐν
1723 3261 1933 3330 ἀσύλοις

283 3341 546 3420 ταμείοις,
576 3342 663 3396 καὶ
721 3342 819 3408 τὴν
889 3340 1216 3417 εὐδαιμονίαν
1267 3358 1388 3408 ταῖς
1447 3342 1576 3424 ἄγαν
1636 3346 1931 3416 ἐνδοτάτοις

287 3427 645 3486 ἐναποτίθεται
703 3445 717 3460 ⁶
764 3427 1074 3508 ἐκλεγετσαν
1130 3433 1228 3506 μὲν
1268 3434 1338 3497 εἷς
1396 3437 1597 3514 καιρὸν,
1661 3440 1795 3514 μετά
1835 3441 1934 3509 τὴν

283 3517 378 3585 τῆς
409 3519 706 3593 οἰκονομίας
763 3517 829 3568 96
886 3519 1286 3601 συμπλήρωσιν,
1337 3523 1424 3579 καὶ
1476 3525 1576 3592 τὴν
1629 3529 1935 3602 θαυμαστὴν

2015 2025 2228 2068 annuae
2258 2007 2536 2070 ubertatis
2590 2017 2907 2088 proventus
2961 2008 3204 2087 excipit,
3267 2024 3487 2087 eosque
3537 2025 3658 2068 non

2010 2094 2249 2174 quidem
2275 2114 2440 2157 mera
2457 2095 2651 2157 adhuc
2681 2096 2743 2156 in
2774 2114 2880 2176 spe
2912 2097 3080 2172 sitos,
3106 2096 3210 2159 sed
3227 2096 3352 2176 jam
3383 2092 3658 2156 manibus

2010 2184 2441 2264 apprehensos,
2471 2195 2530 2248 et
2559 2193 2720 2248 certo
2751 2189 2910 2247 exitu
2941 2187 3015 2247 de
3043 2203 3150 2266 spe
3183 2185 3410 2247 incerta
3439 2184 3655 2246 decer-

2012 2279 2242 2333 nentes.
2278 2273 2447 2335 Nunc
2483 2274 2704 2354 pariter
2737 2283 2793 2334 et
2846 2275 2947 2354 qui
2999 2275 3396 2336 seminaverat
3425 2280 3656 2335 metens

2011 2360 2261 2434 laetatur,
2291 2369 2351 2423 et
2389 2362 2491 2443 qui
2533 2362 2892 2442 plantaverat
2909 2361 3182 2424 laborum
3209 2361 3496 2442 colligens
3523 2360 3655 2423 fru-

2010 2455 2140 2511 ctus
2161 2450 2432 2514 exsultat.
2455 2450 2753 2513 Dominus
2772 2451 2933 2514 dedit
2952 2450 3652 2530 bmignitatem,etterra

2011 2547 2223 2599 nostra
2260 2542 2385 2614 iam
2425 2542 2692 2617 fructum
2730 2557 2903 2601 suum
2933 2539 3162 2620 integre
3199 2537 3429 2619 dedit“,
3459 2537 3570 2599 nisi
3603 2536 3658 2600 si

2011 2627 2154 2704 quid
2189 2627 2408 2689 alicubi
2438 2636 2670 2707 tempus
2699 2647 2869 2690 suum
2895 2627 3436 2708 praetergrediatur,
3460 2645 3529 2688 ac
3561 2626 3660 2690 de-

2012 2713 2200 2776 bitum
2234 2725 2364 2795 post
2398 2715 2786 2797 praaSIitutum
2817 2717 2975 2780 diem
3008 2719 3216 2778 solvat.

2093 2802 2318 2867 XXXlI.
2359 2803 2542 2867 Porro
2565 2824 2702 2867 cum
2723 2814 2882 2868 terra
2900 2805 3131 2886 integre
3159 2823 3333 2866 suum
3373 2803 3656 2884 recipiat,

2014 2905 2415 2955 consentanee
2447 2901 2508 2955 et
2562 2895 2778 2955 malum
2835 2896 2993 2976 quod
3051 2913 3222 2956 suum
3282 2900 3372 2955 est
3419 2893 3657 2974 recipit,

1565 2991 1621 3046 ὃν
1675 2982 1988 3071 ἆπρλχμ-ε
2015 2983 2316 3045 εωΙοειοιη
2346 2983 2525 3060 hunc,
2563 2985 2826 3064 inquam,
2882 2982 3495 3064 pretiosissimumque
3524 2983 3661 3044 the-

2018 3089 2254 3132 saurum
2295 3092 2311 3147 ;
2346 3091 2518 3152 quem
2575 3071 2818 3153 quidem
2883 3071 3174 3134 hodierna
3225 3072 3327 3132 die
3383 3077 3662 3150 tanquam

2017 3159 2252 3221 dulcem
2283 3179 2449 3242 Spem
2484 3179 2678 3238 suam,
2711 3160 2895 3222 creati
2949 3161 3128 3240 hujus
3181 3158 3446 3222 universi
3479 3158 3664 3220 uber-

2017 3256 2193 3310 tatem
2225 3250 2668 3329 prrecellentem
2719 3248 2926 3310 mundi
2985 3249 3155 3310 istius
3204 3248 3461 3309 fructum
3506 3246 3667 3309 exci-

2017 3337 2185 3418 piens
2211 3339 2424 3418 gaudio
2451 3339 2646 3418 gestit,
2677 3347 2736 3399 et
2756 3339 2933 3400 hasce
2957 3337 3188 3399 divitias
3210 3337 3271 3398 in
3313 3343 3664 3418 promptua-

2017 3425 2124 3487 riis
2155 3446 2272 3488 non
2305 3427 2637 3507 przedandis
2666 3427 2958 3501 recondit,
2993 3434 3051 3488 et
3079 3424 3665 3488 beatitatemhancin

2017 3515 2358 3578 recessibus
2389 3534 2632 3596 prorsus
2687 3515 3080 3596 penitissimis
3107 3512 3352 3594 deponit
3387 3536 3403 3590 ;
3441 3522 3497 3574 et
3528 3529 3664 3575 eam

282 3607 562 3686 ὑπουργίαν
632 3616 724 3664 τοῦ
807 3609 944 3667 κατὰ
1049 3600 1278 3688 Χριστὸν
1363 3617 1650 3692 μυστηρίου
1694 3635 1708 3650 ⁸
1731 3600 1822 3681 -ὡς
1891 3615 1930 3679 δὲ

2026 3613 2358 3685 opportuno
2387 3623 2532 3667 sane
2577 3612 2869 3683 tempore,
2929 3611 3243 3685 postquam
3298 3600 3668 3692 dispensatio

279 3693 424 3773 θέρος
482 3699 538 3752 εὖ
588 3695 732 3771 μάλα
800 3710 929 3753 πῖον
983 3698 1071 3752 καὶ
1115 3695 1344 3778 εὕσταχυ
1410 3697 1496 3775 97,
1529 3691 1616 3758 καὶ
1663 3707 1759 3773 τῆς
1803 3705 1930 3783 ὥρας

2026 3695 2257 3758 scilicet
2281 3713 2464 3774 opere
2491 3697 2789 3776 completa
2819 3704 2928 3774 est,
2959 3704 3018 3756 et
3045 3693 3463 3755 admirandum
3497 3691 3664 3753 mini-

284 3781 427 3864 ἔχων
457 3782 791 3860 ἐπιτηδείως,
849 3785 904 3841 ἐν
969 3785 1105 3862 θέρει
1149 3792 1597 3864 συγκομισθεϊσαν
1627 3806 1648 3828 ⁶
1678 3795 1766 3849 καὶ
1807 3780 1930 3872 πρὸς

2027 3784 2272 3846 sterium
2294 3803 2465 3847 suum
2491 3787 2616 3865 ipsa
2640 3782 2888 3864 praebuit
2910 3785 3188 3872 mysterio
3227 3781 3445 3872 Christi
3479 3780 3667 3861 (redi-

283 3873 381 3941 τὴν
449 3875 643 3930 οἰκείαν
711 3875 1036 3933 κατάπαυσιν
1105 3873 1339 3932 ἐντεῦθεν
1399 3869 1861 3960 μετενεχθετσανξ
1885 3885 1930 3938 of

2028 3874 2296 3955 mentis).
2327 3875 2594 3954 decerpit
2629 3893 2646 3948 ;
2677 3890 2998 3952 congruam
3024 3870 3230 3932 itidem
3259 3869 3402 3932 anni
3430 3877 3668 3950 tempe-

287 3962 464 4038 μέντοι
522 3961 588 4012 98
641 3962 878 4029 καθάπαξ
948 3963 1338 4043 ἀπενεχθεῖσαν
1405 3967 1580 4042 ἡμῶν,
1640 3967 1744 4028 οὐδ’
1801 3970 1930 4026 ἀπο-

2023 3974 2233 4027 statem
2251 3967 2598 4040 observans,
2627 3984 2731 4046 per
2751 3973 3037 4040 aestatem,
3063 3963 3283 4046 quippe
3303 3973 3478 4026 aestas
3494 3962 3677 4025 maxi-

289 4059 486 4109 στᾶσαν
529 4052 601 4114 εἷς
663 4049 814 4114 τέλος
870 4057 975 4108 τῶν
1022 4052 1139 4108 καθ’
1225 4053 1392 4128 ἡμᾶς,
1452 4056 1549 4112 κᾶν
1593 4057 1936 4133 μεθέστηκεν,

290 4138 499 4207 Ἐκείνη
566 4141 665 4220 γὰρ
707 4142 741 4209 ἡ
811 4147 917 4196 τῶν
987 4137 1110 4216 τῇδε
1169 4149 1462 4219 προνοοῦσα
1504 4148 1592 4202 καὶ
1621 4154 1732 4220 νῦν,
1765 4147 1930 4213 ἐκείνη

2023 4152 2081 4204 et
2111 4143 2250 4204 licet
2275 4144 2416 4205 hinc
2449 4162 2577 4206 eam
2608 4143 2685 4205 ad
2718 4141 3166 4222 tranquillitatis
3209 4140 3465 4222 propria;
3492 4141 3670 4202 sedes

288 4231 376 4286 καὶ
430 4227 693 4309 βραϐεύει,
739 4231 826 4286 καὶ
893 4228 1060 4309 φέρει,
1106 4230 1192 4285 καὶ
1253 4248 1501 4312 συντηρετ
1548 4237 1612 4292 τὰ
1635 4236 1866 4315 ἡμέτερα
1913 4256 1929 4275 ο

2021 4232 2357 4307 transferat,
2390 4251 2508 4294 non
2539 4225 2774 4312 penitus
2806 4239 3005 4292 tamen
3055 4228 3229 4291 nobis
3257 4229 3422 4291 illam
3451 4227 3664 4304 aufert,

287 4316 494 4383 ἐκοίνης
567 4318 716 4398 ἔργον
773 4320 859 4374 καὶ
900 4316 1064 4396 δῶρον
1106 4320 1142 4386 ἡ
1191 4321 1402 4395 εὐνομία
1455 4330 1562 4380 τῶν
1592 4325 1845 4398 πόλεων,
1896 4328 1930 4394 ἡ

2019 4339 2236 4401 neque,
2272 4335 2576 4400 utcunque
2629 4320 2819 4400 ipsam
2877 4327 3172 4399 amoveat,
3227 4317 3304 4380 ab
3365 4317 3440 4380 iis
3470 4323 3672 4380 tamen

287 4409 384 4478 τῆς
441 4408 755 4485 οἰκουμένης
827 4409 1033 4495 εἰρήνη,
1090 4412 1194 4464 τῶν
1253 4407 1551 4477 ἐκκλησιῶν
1605 4417 1640 4483 ἡ
1691 4415 1930 4495 ὁμόνοια,

2024 4429 2154 4492 quae
2183 4411 2256 4471 ad
2288 4429 2396 4472 nos
2425 4409 2745 4491 pertinent,
2771 4409 2872 4470 illa
2893 4409 3138 4470 omnino
3163 4407 3517 4487 digreditur.
3537 4408 3672 4486 Ipsa

287 4507 392 4558 τῶν
465 4501 746 4577 σκήπτρων
805 4499 840 4565 ἡ
882 4494 1178 4572 δυναστεία,
1248 4505 1355 4555 τῶν
1397 4503 1760 4582 στρατοπέδων
1811 4494 1930 4571 99ἢ

2027 4499 2186 4562 enim
2218 4499 2584 4561 terrestrium
2614 4499 2820 4560 horum
2854 4496 3176 4559 etiamnum
3231 4516 3434 4559 curam
3467 4497 3620 4576 gerit
3650 4514 3670 4571 ;

289 4591 526 4669 εὐτυχία,
572 4590 608 4656 ἡ
649 4593 754 4644 τῶν
797 4586 1032 4659 πάντων,
1064 4589 1138 4642 ὧν
1182 4583 1400 4666 ἔχομεν,
1446 4591 1624 4650 καλῶν
1656 4595 1893 4674 χαρηγία
1927 4615 1930 4625 .

2031 4589 2158 4670 ipsa
2189 4606 2288 4651 res
2316 4597 2546 4650 nostras
2599 4594 2656 4649 et
2713 4585 3078 4663 moderatur,
3143 4594 3202 4647 et
3255 4593 3582 4674 promovet,
3616 4591 3676 4648 et

291 4678 358 4735 δι’
385 4677 587 4743 ἐκείνην
619 4699 645 4732 α
696 4675 784 4732 καὶ
841 4680 1014 4749 ζῶμεν
1042 4675 1130 4730 καὶ
1182 4677 1460 4752 κινούμεθα
1507 4685 1594 4738 καὶ
1648 4673 1804 4758 ἐσμὲν
1852 4700 1866 4713 ·
1908 4706 1930 4736 ο

2031 4685 2378 4751 conservat;
2412 4676 2598 4757 ipsius
2651 4694 2799 4756 opus
2841 4693 2912 4737 ac
2939 4674 3161 4737 donum
3191 4684 3284 4738 est
3304 4674 3442 4736 felix
3473 4673 3674 4754 reipu-

292 4765 357 4822 δι’
428 4765 621 4822 ἐκεὶνεν
676 4764 992 4838 πιστεύομεν
1091 4763 1178 4819 καὶ
1249 4766 1494 4833 θανόντες
1551 4770 1608 4826 εὖ
1664 4770 1794 4837 ἕξειν
1850 4772 1916 4828 ἐπ

2024 4765 2194 4828 διίοω
2222 4765 2516 4843 regimen,
2550 4772 2727 4827 terrae
2754 4763 3048 4826 universae
3097 4780 3234 4844 pax,
3263 4761 3672 4826 Ecclesiarum

294 4853 674 4936 χρηστοτέραις
745 4852 948 4909 ἐλπίσιν
998 4848 1195 4908 ἐνθένδε
1251 4866 1686 4937 μεταχωροῦντες
1743 4859 1790 4921 ι.
1851 4856 1930 4917 ,αῖ

2025 4854 2369 4935 concordia,
2401 4862 2770 4935 sceptrorum
2795 4852 3081 4934 potentia,
3131 4867 3417 4932 prospera
3448 4849 3677 4912 exerci-

293 4942 572 5001 συνελόντα
600 4940 633 4992 3
671 4938 1026 5022 QiV1t,:7t1P’
1097 4939 1255 5009 αὐτῆς
1309 4946 1568 5008 κάνταῦθα
1617 4949 1834 5008 κάκεῖσε
1877 4950 1930 5005 τὲ

2025 4957 2193 5009 tuum
2223 4942 2482 5025 fortuna,
2539 4941 2806 5005 omnium
2865 4959 2998 5023 quae
3054 4938 3344 5003 habemus
3374 4937 3669 5004 bonorum

378 5137 404 5178 ιι
431 5120 589 5186 Psal.
619 5137 865 5196 Lxxnv,
901 5119 1001 5184 l3.

1739 5253 1928 5317 Variae
1959 5253 2271 5319 lectiones.

377 5434 441 5485 86
469 5433 647 5515 Laur.
678 5434 941 5515 βότρυσι-ι.
1027 5430 1088 5480 8⁷
1117 5428 1234 5515 καθ’
1263 5429 1406 5498 ἑξῆς.
1490 5431 1737 5515 δδίγιιοητ
1764 5433 1926 5512 ὁρέων

2035 5432 2109 5515 8?,
2147 5431 2314 5506 Quod
2361 5431 3033 5515 sitperius_Yaticanus,
3084 5429 3198 5515 hoc
3229 5429 3358 5515 loco
3387 5426 3674 5515 hancent.

298 5515 432 5578 cod.
467 5513 540 5574 ad
572 5507 755 5590 marg.
778 5507 966 5574 habet
991 5532 1003 5570 :
1033 5513 1150 5589 περὶ
1191 5517 1282 5591 τοῦ
1311 5521 1494 5591 καιροῦ
1520 5514 1614 5580 τῆς
1644 5507 1930 5588 κοιμήσεως

2055 5513 2120 5564 90
2150 5516 2324 5577 Laur.
2354 5507 2559 5576 κάΧιον.
2643 5513 2697 5564 9¹
2732 5515 2902 5574 Laur.
2938 5507 3029 5571 νῦν
3069 5511 3167 5588 μὲν
3196 5511 3318 5590 γάρ.
3403 5508 3465 5591 ἢ
3496 5507 3672 5572 Laur.

296 5599 348 5652 αἱ
380 5595 534 5654 λινοί.
711 5593 882 5653 Laur.
918 5601 1004 5674 νύν
1027 5592 1144 5667 μέν.
1335 5589 1508 5654 Laur.
1542 5591 1884 5674 ὁλοχλήρως.

2018 5594 2238 5674 είιλδιιιι.
2283 5591 2451 5657 abest
2495 5595 2568 5655 τί.
2651 5592 2716 5645 96
2763 5594 2939 5674 Laur.
2965 5589 3467 5674 οἰκονομοίαςηᾫΊ
3493 5591 3672 5656 Laur.

291 5674 521 5756 ἄσταχυ.
604 5672 669 5724 98
697 5674 864 5735 Laur.
903 5671 1000 5748 μέν
1030 5695 1104 5733 τι.
1186 5669 1253 5722 99
1279 5673 1449 5736 Laur.
1484 5668 1899 5752 στρατοπαίδων.

2037 5673 2211 5738 Laur.
2247 5683 2690 5757 μεταχοροῧντις.
2775 5673 2804 5718 ⁸
2833 5671 2962 5737 Vat.
3007 5671 3290 5732 συνελόντα
3332 5668 3409 5733 δά.

2025 4073 2118 4116 me
2143 4056 2340 4135 opima
2363 4064 2451 4118 est
2470 4045 2854 4135 segetumque
2880 4053 3064 4129 ferax,
3091 4045 3362 4115 eamdem
3391 4051 3616 4132 colligit
3651 4072 3667 4128 ;
3760 4045 3764 4049 ⁴
