4052 6134
297 289 454 384 ma

296 450 673 508 κατευθύνουσι
724 467 737 480 ·

295 537 595 594 καθιστῶσα
649 537 747 594 κᾶν
803 536 1086 594 ἆντίπκλόν
1140 559 1192 593 τι
1273 533 1560 616 προσϐάλοι

294 648 398 704 pm;
454 624 772 692 ἀϐούλητον,
847 627 979 692 αὐτὴ
1023 627 1114 681 τὸν
1164 628 1254 681 σὸν
1315 625 1532 704 τρόπον,
1609 623 1666 678 ὃν
1699 619 1847 683 οἶδας
1892 621 1950 676 ὃν

1361 731 1377 745 ⁶
1451 713 1541 768 καὶ
1585 712 1646 768 τὸ
1701 707 1947 789 διοχλοῦν

1857 532 1950 576 φὲ..

1613 553 1628 570 ⁸
1676 539 1770 588 κᾶν
1829 533 1912 588 ἑτέ

293 715 507 786 ε”’ωΘκς,
573 721 825 790 μετιοῦσα
910 716 1000 770 τὸν
1055 712 1288 770 κίνδυνον

295 803 534 878 ἀζημίως
565 805 654 859 καὶ
709 801 955 866 ἀϐλαϐῶς
1014 801 1382 880 ἀποτρέπουσα
1415 819 1433 836 ’
1489 800 1566 855 ἵν’
1622 798 1784 864 οὕτως
1812 801 1947 873 ἡμῖν

295 892 627 971 πανταχόθεν
671 892 732 947 τὸ
775 889 1005 970 ἀσφαλὲς
1064 887 1147 944 διὰ
1204 889 1302 956 τὴν
1354 889 1453 955 σὴν
1512 889 1671 968 χάριν
1703 885 1938 967 ἔχουσιν,

294 979 385 1055 ἐξῇ
415 978 725 1058 μεγαλύνειν
825 1001 883 1034 σε
953 979 1039 1034 καὶ
1097 975 1324 1049 δοξάζειν
1380 977 1460 1032 ἀεὶ
1515 977 1611 1044 τὴν
1669 977 1729 1031 τὸ
1797 975 1949 1053 γένος

293 1069 445 1142 ἡμῶν
515 1070 786 1147 ὑπερφυῶς
831 1065 1200 1146 μεγαλύνασαν
1263 1086 1276 1100 ⁸
1338 1064 1418 1122 ὅτι
1476 1087 1557 1122 σοι
1642 1071 1787 1120 πᾶσα
1829 1062 1949 1130 δόξα

290 1157 483 1236 πρόπει
537 1159 625 1214 καὶ
675 1163 752 1231 τῷ
784 1163 862 1230 σῷ
907 1155 1050 1228 τόκῳ
1092 1157 1182 1211 σὺν
1241 1155 1402 1233 Harp!
1452 1155 1640 1232 rem!
1683 1152 1946 1227 Πνεύματι

291 1252 378 1302 νῦν
409 1247 495 1302 καὶ
526 1247 598 1308 εἰς
627 1246 748 1309 τοὺς
779 1247 994 1306 αἰῶνας,
1044 1241 1242 1320 Ἀμήν.

1663 311 1959 378 VERSUS
2000 290 2319 373 IAMBICI.

801 450 855 505 ὲν
911 447 1168 523 ἀκινδύνῳ
1246 471 1304 504 τε
1387 446 1616 522 μάλιστα
1680 447 1746 500 τὰ
1803 449 1979 500 κοινει⁴

2035 439 2327 521 simulque
2343 438 2850 520 universam,quae
2870 439 2923 501 ei
2946 437 3576 516 subjicitur.ditionem
3596 437 3678 516 (a)

3520 295 3678 371 1114

2035 549 2210 590 manu
2237 539 2334 590 tua
2357 528 2638 609 praecelsa
2660 529 3000 608 gubernans
3036 548 3103 591 ac
3133 547 3412 610 prospere
3438 546 3674 607 regens,

2031 628 2208 698 atque
2226 628 2364 679 ante
2386 617 2585 678 omnia
2599 617 3032 696 rempublicam
3053 619 3114 678 in
3141 626 3266 680 tuto
3288 617 3672 691 constituens,

2031 715 2090 768 et
2111 707 2160 768 si
2187 706 2326 787 quid
2352 706 2690 780 adversum,
2716 706 2928 786 siquid
2954 717 3272 788 utcumque
3305 707 3672 788 inopinatum

2029 796 2390 876 impendeat,
2437 795 2755 876 ipsalmore
2782 806 2902 873 tuo,
2954 815 3072 874 quo
3102 797 3242 870 scis,
3273 815 3390 876 quo
3430 813 3678 857 consue-

2028 884 2185 957 visti,
2222 885 2548 965 periculum
2597 886 2852 959 solvens,
2904 892 2964 946 et
3007 885 3293 966 quidquid
3339 883 3675 956 conturbet,

2027 973 2162 1035 sine
2187 973 2405 1034 damno
2441 984 2498 1034 et
2548 972 2681 1034 sine
2725 992 2876 1034 noxa
2923 983 3236 1045 avertens;
3273 981 3336 1034 ut
3386 973 3472 1035 sic
3503 971 3675 1034 nobis

2029 1081 2298 1126 securam
2332 1064 2594 1144 undique
2619 1064 3101 1144 tranquillitatem
3129 1065 3321 1144 gratia
3343 1063 3426 1125 tui
3449 1063 3677 1144 adeptis

2030 1151 2229 1226 liceat,
2265 1162 2345 1226 te,
2379 1171 2510 1232 qua:
2532 1170 2719 1231 genus
2751 1163 3016 1214 nostrum
3049 1161 3165 1214 tam
3197 1151 3544 1215 admiranda
3572 1169 3673 1213 ra-

2029 1240 2190 1301 tione
2223 1240 2632 1319 magniﬁcasti,
2659 1241 3041 1320 magniﬁeare
3071 1260 3140 1303 ac
3168 1240 3498 1321 gloriﬁcare
3521 1258 3677 1303 sem-

289 1351 418 1414 per,
455 1332 731 1415 quoniam
755 1332 864 1394 tibi
893 1331 1080 1413 glorla
1107 1332 1303 1394 omnis
1327 1331 1499 1394 decet
1528 1350 1597 1393 ac
1644 1329 1792 1392 Filio
1826 1337 1927 1392 tuo
1979 1329 2157 1392 simul
2187 1347 2322 1392 cum
2375 1330 2552 1392 Patre
2606 1347 2680 1390 ac
2733 1328 2959 1411 Spiritu
3008 1348 3167 1391 nunc
3211 1338 3270 1392 et
3315 1328 3377 1390 in
3431 1328 3670 1391 saecula.

290 1423 505 1485 Amen.

365 1554 440 1622 (α)
469 1553 594 1611 Non
626 1553 808 1625 levem
841 1553 964 1610 haec
994 1559 1234 1620 possent
1261 1551 1500 1625 injicere
1530 1552 1938 1625 suspicionem,
1965 1573 2008 1622 ο
2027 1551 2252 1609 facilius
2282 1549 2489 1608 cadere
2517 1549 2576 1607 in
2625 1550 3000 1625 homiliarutn
3027 1550 3346 1623 cujuspiam
3376 1550 3673 1625 Ecclesia,

337 1635 629 1682 ostrenam
661 1623 810 1682 hanc
839 1625 1122 1682 sermonis
1150 1623 1365 1695 partem
1413 1637 1539 1680 esse
1581 1623 1940 1692 addititiam;

352 1699 712 1753 uchaitarum
746 1696 900 1753 enim
932 1697 1091 1762 urbs,
1125 1694 1296 1768 quam
1325 1694 1571 1768 Joannes
1619 1704 1814 1751 noster
1851 1709 1943 1752 re-

293 1768 482 1838 gebat,
524 1769 792 1836 uuspiam
842 1777 974 1824 nota
1029 1766 1259 1838 tuit‘uti
1307 1766 1626 1837 prodigium
1679 1781 1947 1838 magnum

293 1837 345 1893 et
373 1838 575 1909 ubique
600 1839 823 1902 celebre,
858 1853 964 1895 nec
995 1837 1190 1894 multis
1222 1851 1365 1907 opus
1394 1849 1500 1905 est,
1523 1845 1587 1894 ut
1615 1837 1942 1909 suadeatur,

293 1909 403 1966 hoc
435 1907 560 1966 loco
608 1909 1292 1980 Constantinopolitanam
1343 1921 1578 1978 prorsus
1607 1909 1810 1980 urbem
1830 1907 1945 1980 Ade-

301 1982 541 2050 signari.
573 1981 719 2038 Huic
749 1995 883 2037 vero
913 1978 1232 2051 suspicioni
1261 1993 1529 2050 magnam
1575 1981 1690 2051 vim
1739 1978 1944 2036 addere

297 2053 525 2107 videtur
573 2052 988 2108 Laurentianus
1023 2050 1265 2115 ’t-odex,
1315 2065 1344 2106 a
1399 2064 1514 2120 quo
1583 2050 1690 2107 ista
1755 2051 1946 2106 omnia

294 2122 528 2178 abSttnt.
582 2123 987 2179 Verumtamen
1036 2121 1228 2178 deﬁcit
1277 2121 1448 2192 hujus
1495 2120 1816 2192 argumenti
1847 2136 1946 2178 ro-

293 2192 434 2265 bur,
457 2195 503 2248 si
537 2195 841 2265 utriusque
878 2192 1092 2265 codicis
1135 2193 1416 2265 rationem
1464 2193 1757 2265 inSpicias.
1791 2192 1944 2265 Lau-

291 2263 590 2334 rentianus
617 2263 772 2321 enim
813 2265 1023 2333 profert
1068 2263 1484 2334 homittarium,
1517 2263 1574 2320 in
1605 2278 1721 2334 quo
1740 2264 1944 2332 .plures

293 2333 651 2406 diversorum
676 2343 973 2393 auctorum
1005 2349 1300 2406 sermones
1320 2333 1392 2406 ad
1423 2348 1588 2390 usum
1619 2333 1939 2406 cujuspiam

294 2403 570 2462 Ecclesia)
617 2407 841 2463 collecti
883 2418 1238 2473 cernuntur;
1287 2405 1593 2462 Vaticanus
1631 2403 1767 2462 vero
1792 2403 1940 2461 nihil

299 2476 583 2547 exhibet,
641 2478 755 2535 nisi
830 2477 1224 2535 collectionem
1298 2475 1709 2547 opusculorum
1759 2476 1940 2532 nostri

286 2545 548 2614 Joannis,
597 2549 854 2605 carmina
906 2550 1142 2612 scilicet.
1196 2545 1489 2617 epistolas.
1539 2556 1593 2603 et
1650 2547 1937 2604 homilias.

288 2617 646 2678 Manifestum
692 2629 778 2678 est
807 2628 1018 2690 autem,
1048 2618 1438 2690 suspicionem
1483 2618 1945 2690 interpolationis

2028 1638 2057 1680 a
2091 1637 2204 1695 quo
2235 1637 2300 1695 ea
2332 1630 2724 1695 amputantur,
2744 1694 2751 1695 ί
2771 1637 2898 1695 quae
2928 1623 3121 1680 minus
3164 1625 3234 1680 ad
3265 1638 3384 1680 rem
3434 1623 3672 1695 faciunt,

2029 1691 2202 1766 quam
2232 1694 2291 1750 in
2319 1691 2836 1766 codicem,_indtio
2886 1695 3140 1766 apposite
3170 1695 3490 1766 cujuspiam
3519 1691 3673 1766 Scri}

2029 1764 2209 1836 ptoris
2240 1779 2411 1833 opera
2461 1764 2633 1836 simul
2681 1764 3184 1822 collecta'fuerint.
3232 1764 3462 1823 Accedit
3493 1765 3668 1836 quod,

2029 1835 2076 1892 Si
2107 1835 2538 1908 ﬁdeshabenda
2573 1836 2639 1892 iis
2668 1845 2772 1900 est,
2812 1851 2938 1908 quae
2969 1837 3208 1908 ipsemet
3248 1835 3523 1894 adnotata
3555 1835 3671 1908 vidi

2026 1923 2056 1963 a
2104 1907 2443 1977 praeclariss.
2497 1908 2618 1963 viro
2667 1906 2875 1978 Angela
2920 1908 3090 1972 Maio,
3144 1906 3449 1964 Vaticanus
3496 1907 3670 1978 codex

2025 1979 2133 2049 ipsi
2185 1978 2408 2036 auctori
2455 1991 2680 2049 coaevus
2729 1977 3006 2036 dicendus
3051 1987 3138 2036 est
3183 1995 3197 2035 :
3246 1992 3317 2034 ex
3363 1993 3476 2049 quo
3522 1977 3581 2035 tit
3610 1987 3674 2036 ut

2027 2048 2219 2106 minus
2253 2048 2578 2104 verisimilis
2609 2050 2972 2119 interpolatio
3005 2049 3174 2120 huius
3206 2048 3480 2106 videatur.
3507 2049 3672 2117 Quod

2027 2135 2163 2177 vero
2197 2121 2269 2178 ad
2301 2120 2414 2192 illa
2441 2127 2721 2192 sp_ectant,
2751 2136 2880 2190 quae
2911 2122 3214 2192 homiltam‘
3244 2123 3300 2176 iu
3314 2123 3457 2177 urbe
3489 2123 3671 2192 regia,

2027 2205 2143 2248 non
2175 2203 2364 2248 autem
2400 2189 2455 2263 in
2483 2189 2893 2263 Euchaitarum
2925 2191 3133 2263 oppido
3165 2190 3370 2247 dictam
3404 2189 3664 2255 suadent,

2028 2264 2276 2332 genuina
2341 2261 2539 2334 haberi
2597 2272 2852 2331 possunt,
2888 2261 3120 2334 siquis
3160 2274 3339 2332 putet,
3385 2263 3666 2334 Joannem

2024 2331 2175 2390 hanc
2223 2333 2540 2390 orationem
2587 2346 2702 2389 non
2753 2335 2812 2391 in
2863 2331 3106 2391 Ecclesia
3139 2331 3266 2395 sua.
3302 2333 3402 2390 sed
3433 2335 3490 2390 in
3521 2331 3668 2390 Con-

2023 2403 2528 2474 stantinopolttana
2585 2405 2765 2468 urbe,
2819 2419 2950 2461 cum
2999 2406 3140 2463 forte
3184 2405 3263 2470 ibi
3323 2412 3664 2469 versaretur,

2024 2475 2312 2532 habuisse.
2345 2475 2408 2532 Et
2452 2473 2636 2547 reipsa
2686 2477 2965 2533 Joannem
3013 2475 3500 2547 Constantinopoli
3542 2489 3668 2532 esse

2023 2554 2330 2610 moratum,
2365 2555 2421 2603 et
2449 2543 2762 2615 plurimum
2793 2547 3006 2605 ibidem
3035 2547 3369 2606 auctoritate
3389 2543 3663 2611 'valuisse.

2025 2619 2086 2674 in
2117 2616 2458 2676 Praefatione
2486 2617 2801 2676 innuimus.

993 2849 3623 2882 Μ

287 2847 992 2882 ξε

1485 3081 1593 3252 J
1611 3076 2231 3249 OANN
2245 3078 2446 3250 IS

949 3370 1966 3474 METROPOLITANI
2084 3371 2996 3472 EUCHAITENSIS

1692 3580 1958 3642 VERSUS
1993 3577 2252 3637 lAMBICI

361 3731 443 3795 IN
487 3731 1040 3798 PRINCIPALIUM
1084 3735 1489 3799 FESTORUM
1547 3735 1816 3799 PICTAS
1876 3737 1961 3799 IN
2006 3740 2333 3804 TABULIS
2374 3735 2782 3801 HISTORIAS
2821 3735 3075 3810 ATQUE
3118 3733 3296 3799 ALIA
3340 3735 3579 3799 VARIA

958 3905 1261 3978 CURA
1313 3905 1873 3978 MATTHEI
1923 3909 2279 3992 BUSTI,
2334 3907 2974 3993 ETONENSIS,

1742 4105 1804 4153 IN
1849 4106 2040 4155 LUCEM
2083 4109 2236 4157 EDITI

279 4246 528 4330 (Etonaa,
563 4249 624 4311 in
656 4245 906 4327 collegio
935 4243 1164 4329 Regali,
1187 4246 1514 4313 excudebat
1535 4246 1795 4312 Joannes
1813 4248 2056 4333 Norten,
2085 4251 2145 4314 in
2177 4251 2420 4334 Graecis,
2454 4258 2598 4327 etc.,
2622 4249 2839 4332 Regius
2861 4249 3304 4333 Typographns,
3336 4249 3509 4328 1610,
3539 4251 3654 4327 4ο.)

1203 4567 1712 4618 BEVERENDISSIMO
1755 4569 1816 4618 IN
1859 4569 2104 4620 CHRISTO
2146 4571 2318 4622 PATRI
2363 4570 2439 4620 AC
2480 4572 2726 4639 DOMINO,

1853 4737 2080 4788 DOMINO

584 4893 889 4942 BICHARDO
927 4892 1358 4946 CANTUABIENSI
1403 4897 1858 4947 ARCHIEPISCOPO
1899 4899 2104 4948 TOTIUS
2143 4901 2383 4950 ANGLIE
2425 4903 2665 4953 PRIMATI
2709 4906 2780 4953 ET
2823 4901 3332 4954 METBOPOLITANO.

355 5179 536 5255 Quod
563 5179 631 5270 in
661 5178 1086 5247 laudatissima
1117 5185 1225 5249 illa
1253 5188 1692 5252 Atheniensum
1725 5188 2038 5270 republica
2066 5189 2584 5259 (recerendissime
2609 5190 2872 5259 domine)
2903 5206 2981 5252 ex
3004 5188 3354 5269 prmeripto
3372 5188 3523 5270 legis
3552 5188 3650 5266 fa-

275 5268 787 5332 ceretenebantur
814 5272 1128 5352 inquilini,
1166 5277 1326 5339 idem
1357 5280 1422 5340 in
1451 5297 1516 5340 re
1568 5268 1886 5340 litterario
1904 5279 2037 5357 jam.
2072 5278 2178 5340 diu
2207 5277 2562 5355 obtinuisse,
2595 5268 3044 5360 patronamque
3073 5278 3210 5341 huic
3231 5268 3556 5358 peregrino
3587 5283 3648 5340 et

272 5359 472 5420 exsuli
497 5375 685 5454 quam
714 5363 982 5438 primum
1015 5368 1411 5446 querendum
1441 5384 1562 5428 esse
1590 5366 1886 5442 intelligo.
1918 5365 2076 5428 Nam
2111 5384 2302 5445 neque
2357 5375 2481 5430 tam
2531 5359 2890 5454 elegantem
2924 5365 3188 5428 libellum
3238 5383 3372 5429 cum
3401 5383 3644 5454 summa

269 5451 539 5511 auctoris
567 5455 624 5511 et
657 5451 1066 5516 littera/orum
1103 5453 1332 5535 injuria
1361 5461 1605 5537 penitus
1633 5459 2004 5538 supprimere
2036 5475 2306 5536 unquam
2338 5457 2541 5527 libuit,
2592 5450 2992 5539 nequeitlo’jigt
3025 5459 3215 5518 lucem
3247 5461 3542 5525 emittere,
3573 5450 3642 5518 ut

264 5543 551 5639 tanquam
603 5541 998 5647 stulreptitius
1035 5528 1184 5631 ciuis
1207 5528 1559 5623 ἁπροᾶτασὲου
1587 5528 1952 5626 sim-{possit
1983 5528 2298 5647 sustinere.
2335 5545 2414 5607 Et
2442 5528 2723 5623 quoniam
2749 5528 3270 5647 huiuséscriptoris
3300 5545 3645 5608 rationibus

262 5629 482 5706 Optime
511 5625 856 5690 consultum
876 5647 1001 5694 esse
1021 5625 1216 5712 cupio,
1240 5652 1364 5696 non
1393 5634 1585 5715 placet
1620 5635 1687 5695 in
1713 5625 1974 5711 patrono
2003 5633 2192 5694 eidem
2216 5635 2665 5714 prospiciendo,
2700 5625 2921 5716 teméief
2944 5643 2999 5698 ct
3028 5639 3160 5695 sine
3187 5636 3354 5695 omni
3380 5634 3610 5698 (lelectu

261 5721 512 5782 versari.
544 5719 732 5784 Sacas
762 5724 1013 5805 quidam
1042 5723 1205 5806 apud
1235 5722 1697 5805 Xenophontem
1727 5722 1865 5784 dum
1887 5726 2155 5804 gratiam
2183 5722 2347 5803 apud
2371 5723 2636 5806 aliquem
2664 5720 3224 5808 spectata-virtutis
3253 5723 3454 5786 virum
3477 5725 3610 5789 inir
