4052 6134
434 184 595 251 ms
1660 189 1984 256 JOANNIS
2026 187 2591 256 EUCHAITENSIS
3658 194 3768 261 1116
3868 134 3871 229 ἶ

433 325 654 402 studet,
687 327 934 392 eximias
966 327 1259 391 bonitatis
1287 343 1537 409 equum,
1568 334 1626 389 et
1665 326 2014 407 nuperrime
2040 343 2233 388 cursu
2259 331 2574 408 victorem,
2604 327 2863 392 libenter
2890 327 2991 392 illi
3013 347 3082 394 se
3108 330 3491 394 donaturum
3515 330 3773 412 professus

435 424 541 491 est,
575 434 749 497 quem
769 417 939 496 gleba
970 418 1036 479 in
1067 417 1585 497 confertissimum
1613 414 1878 478 militum
1908 413 2156 496 globum
2183 416 2643 480 conniventibus
2667 417 2857 480 oculis
2887 420 3107 481 emissa
3137 421 3396 497 fortuito
3428 425 3778 499 contingeret.
3874 440 3875 467 1

437 507 672 587 Anceps
702 506 940 587 quidem
972 508 1090 568 ista
1118 514 1173 570 et
1200 505 1379 587 plena
1404 504 1670 586 periculi
1695 505 1959 576 sortitio,
1979 523 2113 585 qua:
2155 513 2359 568 tamen
2403 505 2704 570 hominem
2752 525 2873 571 non
2917 508 3156 590 fefellit,
3188 516 3391 587 utpote
3421 527 3599 590 quem
3630 510 3782 589 Gym
3876 548 3877 587 ξ

439 594 522 658 ad
548 613 680 657 eam
708 597 1011 658 exercitus
1036 597 1140 658 sui
1160 603 1394 676 partem
1424 600 1811 669 converterit,
1844 596 1910 656 in
1936 612 2125 675 quam
2177 597 2235 656 si
2280 594 2378 657 vel
2404 595 2630 659 clausis
2652 595 2843 659 oculis
2871 596 3255 673 collimasset,
3287 616 3329 662 a
3358 602 3502 662 viro
3527 598 3668 677 forti
3689 616 3782 660 nos

437 691 638 766 posset
667 684 974 747 aberrare.
1013 683 1184 759 Quod
1209 690 1267 746 si
1316 701 1427 764 ego
1479 683 1765 747 similiter
1805 682 2072 763 fortuna:
2116 682 2314 746 aleam
2362 687 2625 762 experiri
2671 687 3024 766 (prasertim
3050 688 3117 749 in
3146 694 3272 750 tam
3299 689 3473 749 mira
3521 687 3784 767 paucitate

438 790 649 836 eorum
679 774 790 853 qui
817 774 935 836 ista
961 790 1042 836 ex
1070 775 1281 836 animo
1309 781 1551 846 curant,
1607 779 1788 852 atque
1824 771 2274 852 amplexantur)
2322 771 2618 854 illumque
2655 774 2800 838 huic
2851 776 3100 840 advenae
3151 784 3501 856 patronum
3530 778 3787 857 adoptare

437 860 650 925 vellem
681 880 860 942 quem
889 879 1065 925 casus
1091 861 1423 940 obtulisset,
1471 862 1811 943 periculum
1849 861 1981 941 fore
2009 862 2273 942 videtur,
2308 880 2383 923 ne
2413 863 2608 925 nihilo
2640 867 2835 927 tutius
2859 864 3181 946 hospitium
3210 867 3408 930 eidem
3452 867 3788 944 abtingeret,

440 968 627 1033 quam
659 951 1008 1025 hirundini,
1039 969 1219 1032 quam
1252 950 1545 1013 Arehaias
1572 952 1640 1013 in
1673 954 1881 1013 Graeca
1907 950 2343 1031 epigrammate
2363 951 2474 1013 sub
2502 951 2724 1016 Medea:
2747 960 2950 1016 statua
2972 956 3383 1033 nidiﬁcantem
3408 958 3590 1034 facit,
3623 963 3676 1017 et
3697 954 3791 1016 hu-

441 1046 796 1103 manitatem
826 1058 973 1122 erga
994 1044 1352 1122 peregrinas
1382 1041 1528 1103 inde
1555 1040 1673 1102 sibi
1708 1039 2116 1120 pollicentem,
2166 1040 2273 1102 ubi
2326 1048 2499 1102 tanta
2548 1043 2612 1102 in
2659 1042 3015 1106 domesticas
3061 1053 3245 1123 atque
3294 1045 3793 1123 coniunctissimos
3886 1088 3887 1109 η

441 1130 763 1192 exstitisset
794 1132 1173 1193 immanitas.
1206 1131 1274 1195 Si
1299 1147 1435 1193 vero
1462 1128 1558 1193 vel
1586 1127 1901 1191 tantillum
1935 1128 2097 1209 apud
2125 1146 2219 1191 me
2246 1135 2511 1210 rogitare
2531 1129 2737 1207 velim,
2772 1150 2892 1195 non
2920 1136 3037 1195 erit
3068 1135 3335 1196 arduum
3365 1133 3694 1214 dispicere,
3720 1135 3795 1194 cui

439 1220 818 1299 potissimum
847 1219 980 1299 hoc,
1012 1220 1307 1299 quidquid
1334 1228 1422 1282 est
1450 1222 1640 1300 prisci
1665 1220 1891 1300 operis,
1925 1236 2279 1300 nuncupare
2304 1221 2576 1283 debeam.
2612 1224 2697 1284 Tu
2724 1225 2889 1285 enim
2916 1225 3451 1301 (reverendissime
3484 1223 3693 1304 Pater)
3717 1226 3797 1303 qui
3888 1214 3889 1229 ¹

442 1326 607 1370 nunc
627 1306 872 1388 publica
898 1308 1183 1371 Ecclesia
1214 1308 1364 1371 bona
1390 1310 1651 1387 feliciter
1672 1310 2041 1389 prospiciens

2198 1331 2258 1375 κς
2289 1308 2498 1389 ἐρείδεις
2517 1313 2629 1369 οὒκ
2657 1312 2946 1391 εὐάγκαλον
2973 1315 3158 1393 βάρος,
3192 1320 3282 1394 tu,
3302 1315 3596 1395 inquam,
3623 1315 3798 1375 διαιία

442 1397 730 1470 occurris,
763 1407 825 1460 et
873 1402 1080 1460 animo
1126 1399 1466 1461 obversaris
1514 1415 1692 1461 meo:
1752 1397 1833 1459 ad
1881 1415 2060 1477 quem
2105 1415 2242 1460 cum
2291 1397 2623 1476 Gregorius
2670 1402 3040 1479 nuperrime,
3089 1409 3157 1464 ut
3183 1402 3420 1475 debuit,
3474 1402 3797 1474 dinertm’t,

443 1503 685 1565 aequum
711 1488 986 1566 profecto
1013 1494 1098 1550 est
1128 1493 1191 1549 ut
1221 1495 1426 1549 noster
1452 1487 1551 1549 hic
1575 1487 1862 1559 Joannes,
1892 1487 2001 1567 qui
2049 1494 2107 1548 et
2147 1484 2296 1547 olim
2342 1487 2656 1551 dileceseas
2686 1488 3369 1571 Constantinopolitante
3396 1492 3548 1570 fuit.
3584 1495 3644 1552 et
3668 1506 3800 1551 nunc

443 1574 657 1638 iisdem
687 1578 855 1656 typis
902 1593 1165 1639 excusus
1205 1576 1430 1658 prodit,
1496 1575 2244 1656 Gonstantinopolitanum
2279 1576 2728 1656 patriarcham.
2776 1587 2833 1640 et
2888 1580 3201 1641 dominum
3251 1597 3429 1641 suum
3474 1584 3797 1654 comitetur,

445 1666 691 1742 eiusque
719 1666 976 1746 vestigia
1003 1665 1269 1727 studiose
1297 1664 1589 1728 observet.
1620 1665 1792 1740 Quod
1822 1664 2061 1744 quidem
2089 1669 2157 1727 ut
2184 1665 2486 1726 commode
2502 1665 2709 1743 facere
2728 1668 2938 1747 possit,
2969 1667 3082 1730 tibi
3107 1666 3424 1731 humiliter
3451 1668 3797 1748 supplicare,

444 1758 523 1833 et,
549 1752 662 1815 sub
690 1753 785 1814 iui
810 1754 1078 1817 nominis
1107 1755 1421 1835 auspiciis,
1451 1755 1517 1814 in
1539 1753 1847 1835 publicum
1871 1752 2244 1834 prodeundi,
2273 1752 2576 1817 desideria
2603 1756 2864 1835 miriﬁce
2889 1758 3113 1836 gestire
3116 1757 3487 1836 jamdudum
3516 1757 3686 1818 visus
3706 1762 3802 1817 est:

446 1848 772 1922 exactaque
800 1844 937 1922 jam
983 1844 1117 1922 fere
1144 1852 1480 1917 menstruo,
1509 1849 1644 1923 post
1671 1841 2019 1904 absolutum
2049 1840 2443 1922 Gregorium,
2474 1846 2695 1923 spatio,
2727 1844 2892 1907 velut
2922 1863 3150 1908 exosus
3173 1844 3482 1925 longiores
3509 1844 3625 1907 sub
3648 1841 3803 1924 prato

443 1947 679 2006 moras,
711 1947 877 1994 nunc
904 1932 1175 2012 denique
1202 1934 1267 1989 τὰ
1296 1930 1463 2007 δεσμὰ
1489 1931 1649 2009 ῥήξας
1680 1932 1908 2011 κροαῖνει
1936 1953 2043 1987 κατι

2201 1928 2329 2005 itm,
2383 1939 2442 1991 et
2488 1939 2773 1995 contenta
2824 1951 3007 1997 cursu
3031 1934 3113 1996 ad
3140 1952 3317 1996 suum
3344 1933 3569 2012 fertur
3598 1931 3801 2009 Grego-

444 2020 631 2082 rium.
664 2018 745 2082 Et
773 2022 1020 2099 feratur
1046 2037 1221 2092 sane,
1253 2022 1433 2100 idque
1458 2020 1658 2083 studio
1688 2035 1872 2100 quam
1919 2023 2188 2081 maxime
2238 2018 2380 2080 velit
2412 2020 2727 2100 impotenti
2753 2028 2933 2102 atque
2978 2022 3296 2103 effrenato,
3345 2024 3524 2083 modo
3574 2022 3738 2100 prius
3758 2025 3804 2080 et

439 2110 613 2185 grati
640 2109 844 2171 animi
873 2110 1258 2173 testimonum
1290 2111 1366 2173 de
1392 2112 1619 2191 seipso,
1649 2115 1705 2170 et
1733 2108 2026 2169 restitutae
2054 2106 2174 2169 sibi
2204 2124 2366 2169 nunc
2392 2107 2647 2187 denique
2700 2111 2862 2185 vitae,
2894 2111 2970 2173 de
2996 2111 3240 2173 domino
3268 2110 3542 2173 Henrico
3571 2108 3799 2180 Savilio,

444 2198 582 2260 viro
606 2197 1048 2273 illustrissimo,
1078 2208 1135 2259 et
1165 2200 1247 2261 ad
1269 2197 1701 2280 prapagundas
1731 2199 1971 2259 litteras
1999 2205 2173 2270 nato,
2204 2197 2551 2273 perhibeal:
2576 2216 2687 2277 per
2711 2216 2887 2279 quem
2915 2218 3110 2263 unum
3138 2201 3367 2263 stetisse
3395 2200 3667 2272 videtur,
3686 2214 3804 2278 quo-

447 2285 650 2348 minus
677 2286 823 2349 huic
844 2287 1077 2350 misella
1110 2294 1171 2348 in
1204 2288 1463 2351 tenebris
1488 2293 1773 2369 perpetuo
1804 2284 2305 2349 obdormiendum
2332 2294 2501 2349 esset.
2535 2286 2744 2368 Neque
2771 2291 2937 2351 enim
2979 2289 3341 2370 sperandum
3379 2304 3661 2369 unquam
3683 2287 3799 2362 fuit,

448 2382 516 2437 ut
548 2373 705 2437 hanc
730 2378 1002 2457 gratiam
1034 2382 1387 2453 impetraret
1415 2379 1556 2458 παρὰ
1585 2384 1691 2436 τῶν
1718 2374 1842 2455 τηρ*
1892 2378 2026 2451 ἡμῖν

2200 2399 2267 2443 ης
2319 2378 2417 2442 τῆς
2473 2375 2717 2456 ἐργασίας
2775 2380 3201 2458 προεστηκότων,
3254 2394 3523 2459 quorum
3550 2376 3799 2458 plerique

452 2464 648 2527 Graeci
676 2465 941 2528 hominis
969 2467 1231 2546 artiﬁcio
1258 2468 1513 2529 minime
1541 2470 1884 2544 capiuntur,
1915 2464 2026 2526 sed
2042 2463 2152 2525 illa
2167 2464 2372 2545 potius
2397 2466 2827 2545 amplexantur
2849 2483 2982 2547 qua:
2999 2467 3285 2529 Mercurii
3304 2467 3634 2539 institoris,
3646 2478 3801 2544 quam

445 2552 713 2617 Saturni
740 2556 889 2633 fano
913 2558 1155 2635 aptiora
1186 2557 1577 2618 videbuntur.
1611 2553 2004 2634 Quanquam,
2036 2569 2157 2614 non
2205 2560 2327 2615 tam
2368 2555 2744 2617 vehementer
2771 2555 2914 2617 huic
2941 2556 3353 2636 exoptandum
3384 2571 3654 2635 unquam
3679 2550 3794 2630 fuit,

444 2649 511 2704 ut
541 2648 699 2723 typis
725 2642 1133 2725 evulgaretnr,
1166 2651 1371 2724 utpote
1398 2647 1509 2725 qui
1533 2642 1628 2707 vel
1655 2643 2043 2705 otiosissimis
2072 2642 2259 2703 etiam
2302 2642 2653 2705 vanissimm
2669 2661 2773 2705 um
2801 2644 3112 2707 hominum
3144 2645 3387 2722 scriptis
3412 2649 3689 2723 pateant,
3713 2655 3795 2701 ηε·

450 2747 561 2811 que
591 2732 787 2794 lucem
812 2738 944 2812 post
967 2733 1293 2796 diuturnas
1324 2732 1594 2796 tenebras
1621 2732 1893 2813 aspicere
1921 2739 2046 2793 tam
2081 2730 2424 2809 jucundum
2452 2736 2714 2813 putavit,
2768 2750 2948 2814 quam
2998 2732 3391 2811 honoriﬁcum
3415 2739 3474 2794 et
3498 2731 3794 2813 gloriosum
3852 2732 3861 2745 '

450 2836 585 2882 cum
615 2822 850 2883 sanctis
878 2820 1037 2885 hisce
1065 2821 1361 2886 Pati-ibus
1387 2821 1672 2885 nascendi
1699 2821 1977 2883 societate
2004 2822 2311 2900 conjungi.
2345 2819 2420 2881 In
2446 2819 2555 2885 hoc
2583 2839 2726 2883 vero
2765 2824 3067 2903 praecipue
3093 2821 3362 2884 exsultat
3391 2830 3454 2883 et
3494 2817 3795 2897 triumphat

446 2910 624 2971 serio.
658 2918 713 2972 et
744 2910 1167 2988 Ghrysastamo
1192 2919 1323 2992 post
1352 2911 1605 2993 aliquod
1636 2917 1869 2992 tempus
1898 2910 1963 2971 in
1987 2908 2296 2989 publicum
2346 2928 2718 2989 processura,
2764 2912 3021 2992 ofﬁciosa
3046 2927 3425 2993 prtecmrere
3451 2911 3652 2991 gestit,
3679 2922 3789 2968 car-

450 2997 841 3079 minibusque
871 2999 934 3060 in
966 2999 1233 3075 eiusdem
1281 3002 1567 3062 honorem
1605 3000 1739 3080 jam
1789 2999 1935 3060 olim
1981 2999 2349 3079 compositis,
2399 3006 2583 3080 quasi
2627 3000 2859 3062 iarallis
2907 3002 3265 3079 quibusdam
3290 2997 3664 3078 ﬂoribusque
3686 2996 3791 3056 vius

450 3095 853 3150 consternere.
889 3088 1065 3150 Hunc
1089 3107 1237 3152 sane
1266 3097 1502 3152 tantum
1531 3088 1819 3151 honorem
1847 3091 2090 3169 egregia
2122 3087 2223 3149 illi
2252 3089 2381 3150 viro
2427 3098 2737 3169 acc-cptum
2766 3092 2983 3167 refert,
3007 3091 3181 3167 cuius
3210 3087 3497 3166 beneﬁcio
3527 3085 3717 3157 habet,
3744 3088 3793 3141 ut

450 3174 643 3236 nobili
667 3176 778 3238 hac
801 3176 986 3255 praslo
1014 3177 1443 3255 cahanestetur,
1478 3176 1676 3253 Quem
1722 3177 1968 3256 quidem
2013 3193 2080 3259 se
2119 3175 2389 3259 humana
2434 3195 2576 3240 voce
2626 3179 2810 3258 affari
2857 3186 3072 3259 posset,
3118 3174 3326 3256 procul
3352 3175 3561 3250 dubia,
3590 3180 3652 3236 in
3678 3169 3795 3233 illas

453 3265 678 3343 tragici
702 3272 895 3344 poetae
924 3283 1096 3328 voces
1120 3275 1478 3346 erumperet,
1511 3265 1667 3333 Ζηλῶ
1693 3265 1755 3343 γέ
1783 3286 1877 3321 σου
1907 3266 2003 3339 μὲν
2030 3256 2053 3322 '1

2194 3263 2259 3338 δ’,
2297 3256 2545 3330 Ἑλλάδος
2574 3265 2637 3323 δά
2665 3256 2747 3328 se.
2781 3256 3011 3328 Caetera
3030 3283 3168 3328 vero
3191 3270 3541 3344 omniaquae
3561 3264 3627 3325 in
3646 3263 3794 3323 istim

452 3352 667 3417 cadere
689 3362 939 3433 possunt
968 3366 1328 3417 ornamenta
1380 3353 1897 3418 reverendissima:
1924 3354 2287 3433 paternitati
2307 3362 2519 3416 vestris
2547 3354 2791 3418 debebit.
2827 3354 3008 3417 Hunc
3034 3357 3196 3417 enim
3228 3354 3533 3416 hominem
3561 3354 3797 3430 ignotum

449 3444 516 3505 in
546 3442 888 3506 clientelam
913 3451 1082 3507 tuam
1127 3443 1440 3506 humiliter
1466 3462 1530 3507 se
1554 3444 1988 3521 conferentem,
2022 3449 2087 3504 ut
2114 3458 2312 3522 spera.
2346 3460 2468 3504 non
2519 3442 2965 3522 aspernaberis,
3014 3459 3208 3522 neque
3235 3440 3437 3503 divilli
3459 3442 3624 3502 sines
3650 3454 3686 3499 a
3709 3451 3796 3497 suo

455 3532 775 3614 Gregorio,
807 3536 910 3614 qui
938 3534 1081 3597 huic
1108 3540 1311 3596 nostra
1339 3532 1568 3598 Jaanni
1595 3548 1836 3612 semper
1864 3533 2031 3594 visus

2202 3532 2381 3611 ὥσπερ
2437 3529 2489 3598 ἐξ
2543 3535 2762 3613 οὖρκνοῦ
2804 3534 3117 3612 προκύπτων
3174 3530 3509 3612 φθέγγεσθιι.
3541 3528 3637 3591 Ita
3663 3524 3796 3588 enim

449 3622 573 3700 ipse
601 3622 871 3701 loquitur
901 3629 964 3687 in
998 3624 1278 3687 oratione
1305 3623 1592 3705 quadam,
1622 3639 1805 3701 quam
1854 3622 1923 3684 in
1971 3618 2323 3683 bibliotheca
2369 3637 2483 3683 sua
2533 3627 2732 3683 servat
2764 3620 3046 3683 dominus
3096 3618 3403 3693 Sovilius,
3431 3634 3543 3680 sua
3572 3624 3799 3695 tempore

453 3713 648 3773 lucem
677 3720 1084 3792 aspecturam.
1118 3713 1198 3774 Et
1224 3729 1372 3774 sane
1400 3712 1495 3800 vel
1516 3713 1649 3774 solo
1681 3717 1867 3773 tantae
1892 3709 2141 3791 pietatis
2169 3708 2418 3771 nomine
2458 3709 2710 3800 dignum
2742 3711 2919 3800 hunc
2945 3713 3283 3800 putaveiim
3309 3707 3651 3787 patrocinio
3677 3711 3794 3800 tua:

451 3817 576 3861 non
605 3800 765 3879 quod
796 3801 1087 3879 pusillum
1139 3802 1302 3863 hunc
1328 3798 1739 3881 ἰαμϐειογράφον
1770 3816 1908 3860 eum
1959 3814 2084 3860 esse
2130 3813 2404 3877 unquam
2453 3798 2834 3873 crediderim,
2890 3798 2999 3879 qui
3025 3798 3167 3878 pari
3190 3812 3388 3877 passu
3417 3812 3559 3857 cum
3579 3798 3800 3881 suminis

452 3876 741 3952 Ecclesiae
769 3876 1104 3952 luminibus
1132 3890 1316 3969 possit
1352 3876 1624 3950 incidere
1654 3876 1675 3947 ἓ
1707 3887 1855 3967 quid
1872 3888 2036 3948 enim
2070 3876 2245 3947 tanta
2270 3886 2546 3947 vecordia
2587 3893 2786 3967 posset
2814 3876 2939 3949 esse
2967 3876 3268 3964 furiosius
3292 3884 3323 3944 ?
3350 3882 3483 3945 Ima
3513 3899 3649 3945 vero
3674 3876 3798 3942 absit

456 3984 523 4039 ut
551 3995 683 4057 ego,
710 3987 1007 4059 quantum
1038 3979 1180 4040 huic
1204 3978 1437 4041 homini
1466 3975 1876 4043 tribuendum.
1913 3982 2020 4037 aut
2057 3975 2125 4036 in
2152 3991 2275 4054 qua
2303 3974 2544 4036 demum
2573 3974 2763 4037 classe
2790 3973 3116 4037 censendus
3140 3978 3241 4039 sit.
3271 3970 3606 4050 deﬁniendi
3627 3972 3797 4059 pater

456 4073 641 4128 tatem
674 4057 823 4129 mihi
850 4084 1157 4145 arrogem.
1193 4068 1397 4129 Liceat
1429 4067 1678 4146 impune
1709 4063 1853 4127 aliis
1889 4063 2056 4121 ὲλ).αν‹

2202 4084 2226 4126 ς
2271 4064 2484 4128 ἑαυτοὺς
2515 4064 2628 4120 ἀντὶ
2652 4067 2852 4121 θεατῶν
2879 4067 3170 4138 ποιεῖσθαι,
3204 4070 3316 4124 aut
3340 4066 3542 4140 potius
3559 4057 3799 4137 judicent

456 4159 503 4214 οἱ
530 4159 596 4214 τὰ
622 4163 720 4225 τῆς
756 4149 1003 4225 Ἐλλάδος
1042 4156 1286 4237 γλώττης
1338 4157 1843 4236 συγκεκροτημένοι,
1894 4152 2019 4216 Sed

2197 4169 2421 4233 nquam
2469 4152 2654 4231 factle
2681 4152 3044 4215 crediderim
3072 4152 3215 4233 ﬁeri
3238 4166 3409 4233 posse
3434 4157 3507 4212 ut
3534 4148 3631 4211 hic
3653 4157 3797 4227 quam

456 4263 558 4323 ego
587 4245 765 4308 valde
786 4246 999 4328 probo,
1032 4247 1166 4310 illis
1194 4264 1317 4310 non
1343 4244 1595 4326 perinde
1620 4243 1854 4326 placeat
1885 4264 1901 4317 ;

2304 4323 2351 4377 οἱ
2383 4322 2482 4401 γὰρ
2512 4322 2567 4379 ἐν
2596 4334 2786 4403 ᾳοφοτς

1639 4403 1838 4462 Φαῦλοι
1867 4411 1992 4481 παρ’
2021 4399 2176 4483 ὄχλῳ
2204 4399 2582 4481 μουσιδεώὲεροι
2611 4399 2778 4481 λέγει,

465 4501 565 4582 (ut
592 4496 849 4582 pulchre
875 4497 1207 4582 Euripides
1236 4500 1302 4582 in
1331 4496 1696 4582 Hippolyto),
1728 4505 1930 4582 tamen
1958 4502 2014 4559 et
2044 4494 2263 4582 harum
2304 4494 2490 4582 etiam
2536 4493 2773 4582 calculo
2801 4492 3433 4582 hunc_comprobatum
3464 4489 3549 4582 iri
3578 4482 3795 4582 conﬁdo:

462 4569 660 4655 Quem
686 4569 1279 4658 quidemﬂut'minori
1306 4569 1720 4658 cum'fas'tidia
1766 4579 1998 4655 possint
2042 4573 2593 4658 aspicere,_Grtece
2642 4573 3019 4658 solummodo
3044 4569 3483 4658 excudendum
3500 4569 3796 4658 judicavi:

460 4653 655 4740 neque
686 4653 901 4740 instar
923 4656 1258 4740 Virgiliani
1283 4653 1579 4740 Mezentii
1606 4653 1997 4740 exsangueet
2018 4653 2302 4740 putidum
2338 4655 2576 4740 Latino:
2606 4655 2905 4740 versionis
2944 4653 3201 4740 cadaver
3231 4653 3440 4740 erca
3468 4656 3655 4729 poetic
3681 4653 3799 4740 aut:

462 4723 626 4801 mrito
654 4748 712 4801 et
740 4738 947 4819 vivido
970 4723 1229 4819 alligare
1256 4737 1525 4819 sustinui
1558 4757 1572 4794 :
1606 4736 1766 4819 quod
1793 4723 2035 4816 quidem
2062 4736 2210 4819 dum
2234 4734 2477 4811 faciunt
2503 4733 3143 4819 nonnulliprwsertim
3175 4732 3241 4819 in
3268 4723 3488 4819 poetis;
3504 4723 3799 4819 verendum

463 4826 548 4881 est
575 4836 676 4895 ne,
708 4826 776 4880 ut
800 4818 1047 4900 quidam
1074 4808 1107 4881 ἕ
1134 4818 1484 4900 veteribus,_
1495 4808 1633 4879 cuni
1664 4808 1865 4900 ignem
1894 4808 2243 4900 cremandis
2271 4820 2654 4900 mortuorum
2685 4808 3080 4900 cadaveribus
3099 4808 3294 4893 pollui
3320 4808 3802 4900 crederet,qrav_i'

465 4906 557 4961 ter
583 4886 912 4961 commotus
954 4897 1377 4962 Prometheum
1403 4886 1484 4960 ad
1512 4886 2024 4977 apem'ferendam
2056 4888 2767 4977 advocasse‘perhibetur,
2798 4900 2870 4977 ut
2894 4886 3300 4977 ignem'quem
3326 4890 3401 4977 de
3426 4886 3572 4977 caelo
3597 4887 3799 4977 clepsg:

463 4984 588 5059 rat,
606 4980 749 5058 pari
775 4980 940 5058 furta
953 4978 1326 5059 mortalibus
1355 4978 1428 5049 (si
1454 4962 1671 5059 posset)
1702 4962 2085 5059 subduceret;
2120 4962 2414 5059 consimili
2423 4980 2513 5036 ter
2531 4980 2722 5059 etiam
2737 4962 2990 5059 exsistat
3011 4962 3257 5051 aliquis,
3286 4962 3802 5059 quitypoqraphiag

463 5045 839 5145 inventorem
872 5057 1123 5145 subinde
1150 5045 1801 5145 inclamare_velit_,_ut_
1821 5055 2177 5145 beneﬁcium
2199 5053 2316 5145 _hoc
2344 5055 2641 5145 suum_ad_
2662 5070 2809 5145 usus
2854 5045 3143 5145 indignas
3172 5045 3518 5145 traductum
3558 5045 3800 5145 reposta!

463 5136 682 5232 είινὲιεε
707 5137 926 5232 uitem
953 5138 1035 5232 ex!
1064 5146 1303 5232 ιενηρεεε.
1321 5139 1613 5232 "rubet-
1647 5135 1801 5232 Μυιέ
1828 5130 1980 5198 υσνιί
1996 5134 2104 5232 hec
2126 5133 2318 5228 ξοιωπ
2345 5132 2746 5232 καθιείιέιμνί
2772 5130 3800 5232 εἴδὲίὲίέίνηῖέξ.⁶ΨΪῩῗῙ’¹.Ἦῖ³ἔιΪῙῘΪ

458 5210 911 5299 peditissimum
947 5218 1126 5281 illum
1155 5210 1420 5299 quidem,
1461 5224 1519 5280 et
1550 5217 1725 5299 longe
1753 5215 2346 5299 depravatissimum,
2391 5210 2443 5275 α’
2459 5214 2720 5290 mendis,
2780 5213 2984 5293 quoad
3010 5212 3162 5299 ﬂeri
3189 5216 3404 5290 potest,
3432 5210 3798 5299 repurgatunt

465 5280 792 5361 exhibeam
822 5319 845 5373 ;
871 5303 1090 5379 inquo
1127 5280 1184 5361 si
1212 5280 1325 5361 tibi
1352 5280 1883 5379 (reverendissirne
1908 5280 2601 5379 archipreesul'operam
2644 5280 2859 5379 meam
2889 5280 3256 5379 probavero,
3288 5280 3687 5379 ’κορακῖνονῴ

463 5383 697 5459 negotio
722 5368 1067 5459 plenissime
1094 5368 1441 5458 defunctum
1474 5394 1622 5456 esse,
1654 5376 1965 5459 et_labaris
1990 5368 2604 5459 fructus_uberrimas
2628 5368 2952 5459 percepisse
2979 5370 3353 5459 arbitrabor.
3388 5368 3511 5459 Sed

464 5440 628 5536 iusta
654 5440 982 5539 longiorem
1012 5440 1200 5537 fuisse
1224 5440 1271 5529 ,4,
1290 5440 1516 5539 quare,
1562 5440 1733 5539 quod
1759 5473 1952 5518 unum
1979 5440 2185 5539 restat,
2225 5452 2419 5516 Deum
2448 5440 2740 5533 optimum
2766 5440 3107 5515 maximum
3135 5450 3419 5521 obtestor,
3444 5455 3516 5510 ut
3540 5454 3601 5510 te
3632 5440 3799 5509 Eccle-

465 5535 573 5601 siae
598 5554 721 5600 suae
737 5535 1101 5601 incolumem
1129 5535 1666 5618 quum—diutissime
1678 5543 1972 5616 praestare
2000 5535 2319 5614 dignatur.

1714 5622 2257 5688 Reverendissimw
2288 5618 2632 5685 Patornitati
2660 5627 2871 5683 vestra
2898 5617 3307 5684 iloditissimus

2580 5709 2915 5776 Mammas
2967 5709 3149 5777 Bvsr.
