4052 6134
330 289 482 354 1117
1682 288 1930 356 VERSU

2102 286 2335 354 MBICI.
3551 278 3702 345 1118

1450 591 1937 665 BENEVOLO
2013 590 2422 664 LECTORI.
2507 591 2578 660 S.

403 935 530 999 Non
563 933 953 1018 exspectabis,
988 935 1180 998 amice
1209 935 1420 1018 lector,
1453 937 1594 999 dum
1628 957 1735 1018 ego
1768 935 1954 1000 libelli
1985 937 2162 1018 hujus
2199 935 2547 1014 elegantiam
2580 936 2775 998 verbis
2821 936 3136 1017 praedicem
3176 954 3188 999 :
3247 935 3347 1016 qui
3378 934 3618 1016 quidem
3651 934 3702 996 si

321 1025 562 1107 propria
591 1033 650 1086 et
682 1025 878 1086 nativa
910 1025 1358 1104 pulchritudine
1390 1027 1838 1105 destitueretur,
1877 1029 2126 1088 fortasse
2174 1026 2488 1088 verborum
2547 1025 2908 1086 lenocinium
2944 1044 3062 1086 non
3092 1025 3309 1086 invitus
3337 1023 3697 1097 admitteret,

320 1123 380 1175 et
409 1114 794 1176 subdolarum
828 1114 1113 1174 mercium
1149 1134 1336 1196 more,
1370 1117 1684 1196 mangonio
1717 1116 1948 1197 praelini
1972 1135 2036 1177 se
2087 1115 2245 1177 haud
2299 1114 2546 1176 moleste
2594 1115 2794 1176 ferret.
2836 1113 2946 1175 Hic
2989 1131 3124 1176 vero
3157 1113 3353 1194 seipso
3385 1118 3702 1174 contentus

323 1203 522 1266 fucum
553 1212 930 1285 aspernatur,
966 1203 1202 1284 sibique
1230 1205 1385 1285 apud
1416 1207 1735 1270 candidum
1768 1207 2056 1268 lectorem
2087 1205 2288 1266 omnia
2316 1204 2503 1266 fausta
2538 1203 2871 1283 pollicetur,
2905 1204 2954 1266 si
2983 1203 3156 1264 modo
3187 1203 3422 1264 deterso
3453 1202 3566 1263 hoc
3586 1201 3700 1262 situ

329 1293 390 1354 in
422 1311 538 1373 quo
571 1311 676 1373 per
707 1300 792 1352 tot
819 1291 1037 1353 saecula
1071 1292 1284 1354 misere
1342 1293 1706 1356 deformatus
1754 1296 1963 1376 jacuit,
2023 1312 2198 1375 quam
2257 1294 2778 1357 emendatissimus
2826 1293 2887 1355 in
2922 1293 3220 1374 publicum
3254 1292 3518 1374 prodeat.
3551 1290 3701 1354 Huic

324 1400 467 1444 sane
497 1381 737 1460 negotio
769 1381 1078 1443 insudasse
1109 1401 1204 1443 me
1235 1383 1446 1458 fateor,
1479 1384 1802 1465 perfecisse
1827 1383 1982 1466 quod
2033 1383 2298 1446 volebam
2349 1402 2466 1444 non
2509 1383 2698 1445 audeo
2749 1382 2974 1445 dicere.
3010 1381 3176 1456 Quod
3209 1381 3370 1444 enim
3400 1380 3699 1442 Menelaus

323 1472 479 1553 apud
507 1470 856 1552 Euripidem
890 1468 1104 1541 Oresti,
1138 1471 1297 1536 idem
1332 1492 1438 1554 ego
1470 1474 1603 1535 huic
1633 1483 1832 1535 nostro
1863 1472 1923 1536 Jo

2100 1475 2237 1553 jure
2266 1491 2503 1554 possum
2529 1471 2937 1535 occinere.....
2973 1475 3031 1530 οὗ
3059 1474 3158 1552 γὰρ
3187 1471 3358 1550 ῥᾴδιον
3389 1470 3569 1550 λόγχῃ
3601 1477 3696 1545 μιᾷ

325 1567 526 1628 Στῆσκι
559 1561 782 1640 τρόπαια
811 1561 916 1616 τῶν
946 1561 1123 1618 κακῶν
1155 1562 1185 1618 ἃ
1217 1585 1298 1620 σοι
1323 1565 1489 1640 rupi.
1522 1566 1732 1644 Neque
1779 1581 1920 1642 exsp

2101 1563 2242 1624 dum
2275 1563 2418 1624 mihi
2450 1570 2578 1622 erat
2608 1569 2668 1622 ut
2698 1559 2878 1621 unius
2908 1560 3301 1641 ejusdemque
3329 1557 3694 1640 depravatis-

325 1649 461 1710 simi
492 1648 716 1712 codicis
745 1647 1036 1710 beneficio
1069 1667 1278 1712 omnes
1307 1670 1438 1732 qua)
1469 1653 1564 1714 hic
1599 1655 2054 1734 reperiebantur
2103 1652 2348 1715 macula;
2397 1651 2632 1730 penitus
2681 1651 3043 1712 eluerentur.
3080 1647 3233 1711 Satis
3267 1647 3527 1726 profecto
3559 1645 3693 1720 erit,

324 1739 371 1799 si
402 1758 583 1818 pauca
613 1738 932 1799 admodum
961 1746 1209 1808 restent,
1243 1757 1372 1818 quae
1401 1741 1644 1803 alterius
1673 1744 2030 1824 exemplaris
2060 1760 2172 1822 ope
2203 1740 2472 1819 indigere
2503 1738 2813 1800 videantur
2845 1755 2857 1799 :
2907 1737 3062 1819 quod
3111 1736 3352 1817 quidem
3386 1740 3467 1808 (ut
3497 1737 3695 1824 spero)

325 1829 516 1890 exitus
549 1828 674 1907 ipse
705 1826 1137 1908 comprobabit.
1172 1827 1295 1890 Hoc
1324 1840 1487 1892 certe
1516 1831 1818 1912 profiteor,
1852 1823 2060 1894 Sedulo
2115 1849 2208 1892 me
2263 1830 2515 1909 cavisse,
2567 1846 2644 1889 ne
2696 1826 2900 1888 critica
2948 1825 3435 1912 mlmpzwomsm
3463 1823 3688 1903 plagam

325 1915 505 1978 ullam
539 1915 869 1995 inﬂigerem
897 1937 913 1997 ;
948 1934 1141 1997 neque
1171 1917 1330 1979 enim
1363 1911 1854 1984 committendum
1891 1921 2107 2002 putavi,
2142 1928 2228 1992 ut,
2264 1917 2378 1980 nisi
2409 1918 2512 1978 ubi
2544 1917 2866 1978 necessitas
2894 1916 3020 1996 ipsa
3048 1915 3354 1994 ﬂagitaret,
3391 1911 3462 1974 ab
3495 1930 3690 1974 exem—

327 2003 472 2085 ptari
505 2003 900 2066 discederem.
935 2005 1243 2067 Manife~ta
1275 2014 1332 2067 et
1361 2027 1558 2070 crassa
1590 2010 1815 2071 librarii
1845 2019 2062 2082 errata,
2113 2027 2242 2090 quas
2290 2008 2349 2068 in
2402 2007 2512 2068 hoc
2545 2014 2659 2068 tam
2693 2006 2917 2066 minuto
2945 2003 3146 2066 libello
3181 2012 3348 2064 erant
3376 2003 3546 2064 valde
3577 2021 3693 2064 nu-

328 2110 580 2167 merosa,
619 2093 801 2172 piguit
829 2102 1134 2158 annotare.
1168 2098 1414 2176 Caetera,
1447 2098 1521 2159 de
1549 2099 1762 2179 quibus
1809 2098 2116 2178 ambigere
2165 2099 2298 2179 quis
2340 2097 2477 2176 jure
2523 2102 2741 2174 posset,
2794 2093 2922 2154 loco
2975 2110 3212 2154 movere
3261 2111 3383 2154 non
3413 2090 3690 2153 sustinui.

325 2179 469 2243 Illud
501 2200 642 2243 vero
671 2184 744 2244 de
775 2202 892 2262 quo
926 2187 1220 2263 praecipue
1253 2193 1310 2244 te
1339 2185 1646 2248 admoneri
1677 2187 1871 2267 cupio,
1909 2188 2021 2249 hoc
2055 2187 2294 2248 unicum
2327 2193 2434 2248 est.
2469 2181 2753 2248 Ordinem
2783 2199 2956 2264 quem
2982 2181 3042 2242 in
3071 2181 3468 2261 manuscripto
3491 2180 3694 2242 codice

326 2270 546 2351 reperi,
580 2289 613 2331 a
645 2289 740 2331 me
768 2289 1008 2351 prorsus
1041 2271 1410 2334 immutatum
1440 2291 1573 2338 esse
1600 2275 1770 2349 scito,
1804 2285 1903 2338 aut
1939 2277 2154 2356 potius.
2188 2273 2388 2336 omnia
2417 2291 2545 2354 quae
2575 2273 2736 2354 prius
2758 2271 2924 2332 valde
2947 2271 3191 2332 confusa
3213 2279 3401 2340 erant,
3425 2270 3486 2330 in
3510 2270 3690 2342 hunc,

327 2378 501 2440 quem
537 2359 720 2433 vides,
756 2361 1026 2421 ordinem
1061 2361 1309 2422 reducta
1340 2380 1472 2424 esse
1499 2366 1596 2438 tu).
1632 2363 1834 2445 Neque
1864 2364 2022 2426 enim
2056 2364 2210 2426 volui
2260 2364 2319 2424 in
2368 2382 2434 2425 re
2483 2369 2598 2423 tam
2633 2361 2956 2442 explorata,
2990 2376 3090 2420 aut
3115 2359 3343 2439 judicio
3371 2377 3501 2420 meo
3531 2357 3690 2419 (1ίαὶ-

329 2447 494 2527 dere,
527 2448 835 2508 autvereri
867 2467 942 2510 ne
970 2449 1184 2510 factum
1221 2450 1333 2512 hoc
1367 2469 1563 2512 meum
1595 2452 1700 2514 tibi
1735 2453 1985 2533 probare
2015 2471 2134 2514 non
2186 2469 2446 2533 possem.
2498 2449 2685 2523 Quem
2735 2449 2984 2530 quisque
3011 2467 3218 2510 versus
3245 2447 3439 2510 locum
3471 2448 3532 2508 in
3560 2465 3688 2508 ma-

324 2535 629 2615 nuSt-ripto
661 2537 867 2598 codice
897 2537 1226 2618 occupavit,
1255 2539 1490 2600 numeri
1521 2541 1581 2602 in
1616 2543 1880 2621 margine
1912 2540 2165 2622 appositi
2217 2540 2480 2601 indicant
2507 2557 2520 2601 :
2571 2556 2821 2620 quorum
2849 2537 3066 2600 seriem
3095 2536 3270 2598 toties
3299 2537 3687 2616 interruptam

331 2625 565 2686 miraris
619 2631 708 2686 sat
762 2625 936 2686 scio:
1024 2645 1225 2687 verum
1305 2646 1380 2688 ne
1437 2629 1496 2688 in
1557 2647 1762 2690 eorum
1817 2629 2028 2691 ordine
2086 2627 2562 2710 pervestigando,
2624 2627 2840 2688 frustra
2897 2634 2953 2686 te
3009 2625 3217 2704 fatiges
3275 2633 3337 2687 et
3392 2632 3688 2704 torqueas,

325 2731 451 2775 rem
511 2721 689 2774 totam
747 2713 828 2775 ita
883 2715 1169 2794 expedire
1223 2715 1412 2778 visum
1475 2725 1585 2780 est.
1665 2717 1905 2791 Quoties
1981 2737 2365 2780 numerorum
2438 2716 2710 2778 ordinem
2768 2715 3168 2795 interruptum
3228 2712 3692 2786 animadvertes,

322 2819 568 2863 recurre
625 2802 820 2862 statim
898 2804 970 2864 ad
1044 2813 1212 2865 notas
1276 2824 1411 2884 qua;
1488 2807 1573 2868 illi
1649 2807 1878 2888 pagina;
1951 2808 2335 2887 reSpondent,
2405 2805 2488 2868 ibi
2561 2806 2721 2867 enim
2792 2805 2990 2868 locum
3047 2803 3420 2882 designatum
3481 2801 3690 2877 habes,

323 2890 383 2952 in
411 2909 529 2972 quo
560 2890 692 2951 sine
720 2891 932 2970 majori
965 2894 1235 2955 molestia
1265 2895 1365 2955 illa
1395 2895 1661 2977 reperies
1690 2915 1821 2977 quae
1843 2897 1902 2958 in
1935 2896 2257 2976 exemplari
2282 2895 2546 2977 proxime
2572 2893 2993 2975 sequebantur.
3021 2893 3143 2956 Hac
3173 2912 3280 2972 ego
3312 2891 3470 2954 serie
3498 2891 3690 2970 dispo-

325 2979 436 3041 sita
470 2979 530 3040 in
561 2980 964 3059 manuscripto
998 2983 1206 3044 codice
1237 2985 1432 3064 reperi
1463 2985 1685 3060 omnia,
1719 3004 1850 3065 qum
1879 2987 1928 3047 si
1980 2985 2211 3049 erudito
2270 2985 2544 3066 cuiquam
2605 2984 2862 3065 placere,
2897 2991 2995 3045 aut
3024 2981 3399 3046 commodum
3430 2979 3686 3061 aliquem

322 3088 563 3132 sensum
591 3071 971 3154 suppeditare
1003 3071 1240 3150 poterit,
1273 3091 1511 3135 causam
1537 3093 1652 3135 non
1675 3075 1832 3146 dico,
1861 3075 2002 3154 quin
2035 3073 2187 3154 apud
2221 3093 2432 3134 omnes
2461 3072 2748 3134 litteratos
2779 3090 2918 3133 reus
2953 3089 3218 3152 peragar,
3251 3073 3323 3136 ὡς
3353 3067 3695 3150 αὒτοσχεδιά-

321 3166 426 3230 ζων
454 3161 526 3221 εἷς
569 3160 634 3215 τὰ
676 3151 781 3216 τῶν
817 3151 1088 3230 Ἑλλήνων
1119 3162 1502 3237 ὑπομνήματα.
1533 3162 1677 3226 Octo
1709 3151 1919 3225 enim'i

2093 3182 2194 3224 nes
2252 3163 2450 3226 hiatus
2493 3160 2720 3222 videbis
2756 3181 2771 3236 ;
2829 3161 2929 3242 qui
2956 3151 3200 3243 quidem
3231 3177 3440 3222 omnes
3465 3158 3526 3220 in
3563 3176 3693 3220 meo

325 3247 532 3308 codice
555 3266 670 3312 non
693 3247 866 3326 longe
887 3247 1133 3308 aberant
1162 3267 1196 3310 a
1227 3248 1450 3328 paginae
1479 3251 1698 3330 medio,
1734 3270 1850 3313 non
1877 3252 2186 3325 asterisco,
2221 3271 2339 3313 non
2371 3251 2482 3313 alia
2506 3249 2710 3331 quavis
2731 3261 2866 3310 nota
2891 3249 3230 3329 conspicui,
3255 3248 3358 3310 sed
3387 3246 3696 3310 sententiae

327 3334 697 3397 mutilatione
727 3337 868 3397 satis
900 3337 1218 3400 manifesti.
1252 3339 1552 3402 Lectorcm
1587 3340 1744 3402 enim
1775 3340 1837 3402 in
1871 3340 2066 3402 media
2098 3340 2342 3420 periodo
2376 3340 2732 3420 pendentem
2767 3338 3034 3421 plerique
3083 3339 3432 3410 destituunt,
3481 3345 3542 3399 et
3591 3355 3694 3398 re-

325 3431 503 3505 pente
532 3425 590 3484 in
621 3424 867 3486 alterius
896 3425 1124 3504 periodi
1150 3445 1184 3487 a
1216 3427 1414 3506 priore
1446 3445 1687 3508 prorsus
1715 3429 1924 3491 aliena:
1953 3429 2214 3490 medium
2247 3428 2638 3508 pracipitant.
2694 3427 2881 3506 Hujus
2911 3436 3085 3489 tantae
3112 3425 3476 3490 confusionis
3505 3424 3692 3500 origi-

323 3531 460 3573 nem
491 3512 549 3572 in
580 3513 696 3572 alio
728 3515 912 3592 priori
945 3515 1149 3576 codice
1180 3518 1583 3598 manuscripto
1609 3517 1906 3580 exstitisse
1937 3517 2196 3598 conjicio
2224 3537 2238 3578 :
2298 3517 2356 3578 in
2389 3536 2504 3597 quo
2536 3515 2777 3597 quidem
2810 3517 3030 3577 chartae
3061 3516 3290 3589 omnes,
3322 3523 3536 3595 praeter
3566 3513 3694 3593 pri-

323 3599 478 3661 m’am
513 3609 570 3662 et
602 3600 867 3662 ultimam
902 3602 1183 3672 confusae.
1218 3612 1398 3686 atque
1427 3606 1638 3668 ordine
1688 3615 2047 3687 praepostero
2098 3615 2422 3687 compacta;
2469 3603 2651 3665 fuisse
2699 3603 2994 3665 videntur.
3030 3603 3179 3666 Hinc
3211 3605 3351 3666 dum
3381 3604 3694 3682 imperitus

321 3688 522 3749 nescio
553 3688 685 3768 quis
717 3688 994 3751 librarius
1025 3692 1295 3753 codicem
1331 3695 1488 3754 hunc
1520 3713 1718 3756 meum
1749 3694 2060 3775 describit,
2093 3711 2287 3775 neque
2317 3692 2594 3756 eumdem
2626 3709 2900 3752 versuum
2933 3710 3243 3754 numerum
3274 3711 3448 3774 quem
3470 3694 3536 3749 τὰ
3563 3691 3695 3748 ἄπο-

322 3778 495 3858 γράφκ
528 3776 844 3846 habebant.
877 3780 1207 3862 uniquique
1240 3783 1466 3862 paginae
1493 3783 1784 3857 attribuit,
1819 3783 1922 3844 has
1956 3783 2100 3844 mihi
2135 3782 2411 3845 tenebras
2439 3780 2668 3852 otfudit,
2699 3780 2913 3860 quibus
2935 3788 3100 3844 certe
3120 3781 3461 3862 aliquandiu
3492 3780 3695 3860 opple-

321 3872 413 3926 tus
445 3865 796 3945 scriptorem
830 3869 985 3930 hunc
1012 3887 1114 3946 pro
1167 3872 1470 3952 deplorato
1529 3871 1750 3934 habui:
1811 3872 2047 3932 tandem
2105 3889 2265 3944 vero,
2325 3870 2525 3932 divina
2581 3869 2764 3946 gratia
2811 3869 3079 3949 adjutus,
3125 3870 3365 3950 dispuli,
3399 3871 3694 3951 hujusque

319 3952 511 4016 libelli
543 3956 811 4017 membra
841 3965 955 4019 tam
991 3957 1206 4021 misere
1237 3961 1462 4022 divulsa
1491 3962 1565 4022 ad
1598 3961 1756 4022 hunc
1817 3961 2056 4022 modum
2117 3960 2444 4037 digerenda
2473 3977 2607 4020 esse
2641 3959 2913 4038 perspexi
2969 3958 3056 4021 De
3087 3959 3179 4021 his
3207 3958 3690 4040 praemonendum

323 4041 524 4124 putavi
553 4045 632 4106 mi
663 4045 875 4107 Lector
905 4067 918 4109 ε
954 4055 1015 4109 tu
1046 4048 1269 4112 nostris
1299 4048 1609 4111 conatibus
1639 4049 1791 4124 fave,
1826 4059 1885 4111 et
1912 4050 2062 4113 vale.
2097 4051 2145 4113 E
2175 4049 2428 4130 collegio
2458 4046 2662 4128 Regali
2691 4045 3030 4128 Cantabrig.

393 4284 466 4353 (ο)
491 4285 549 4361 In
575 4282 829 4361 _Cs:swreo_
847 4286 1039 4361 codice,
1073 4305 1222 4361 quem
1257 4289 1550 4346 Lambecius
1579 4290 1880 4361 (Comment.
1905 4288 1967 4343 de
1995 4289 2314 4346 Bibliotheca
2345 4289 2610 4352 Bassareu.
2633 4289 2720 4346 lib.
2746 4304 2794 4358 p.
2828 4287 2872 4350 Ι,
2908 4286 3033 4361 μθ)
3061 4286 3462 4361 describitLeam
3491 4302 3696 4344 cernere

321 4362 398 4433 est
429 4355 616 4433 ordinis
646 4357 1068 4433 perturbatiotum
1090 4355 1246 4432 'quam
1279 4361 1466 4417 Bustus
1493 4363 1542 4415 in
1568 4355 1660 4417 suo
1706 4360 1876 4433 codice
1924 4361 2222 4433 lamentatur
2277 4371 2325 4417 et
2355 4379 2446 4433 pro
2471 4432 2476 4433 ί
2499 4361 2690 4415 viribus
2718 4355 3020 4433 emendare;
3062 4357 3445 4433 studuit._Unde
3474 4366 3694 4433 apparet,

316 4425 874 4572 ἒξέοὲίἔοηέῐέἑὶιῖἓρο
903 4425 1172 4488 deductum
1199 4449 1314 4489 esse
1338 4444 1630 4504 utrumque,
1659 4441 1709 4489 et
1735 4431 1992 4490 Lambecii
2019 4433 2211 4491 scilicet
2234 4441 2285 4490 et
2331 4425 2482 4491 Busti
2537 4432 2810 4504 exemplar,
2867 4438 2955 4485 aut
3007 4430 3228 4504 ipsorum
3257 4429 3468 4486 alterum
3490 4425 3696 4486 alterius
