4008 6114
270 259 426 327 1125

351 398 429 460 50
469 395 620 454 Ἐκεῖ
647 398 747 476 γὰρ
776 397 976 472 αὖτοϊς,
1026 401 1100 462 ὡς
1143 402 1291 480 ὁρᾷς,
1336 400 1682 480 ὴπειγμένοις
1945 411 1986 456 Α

476 486 875 567 Καραφρόνησις
907 489 1106 565 γίνεται
1129 489 1234 545 τῶν
1278 490 1591 570 θρεμμάτων
1641 509 1654 521 ·

472 576 686 658 Τούτοις
713 577 994 647 συνελθὼν,
1029 577 1258 658 ἐμφοροῦ
1301 601 1390 654 μοι
1434 589 1527 638 τοῦ
1558 578 1744 638 πόθου.

472 646 687 743 νΑντρον
729 668 968 746 θεωρεϊς,
1014 646 1197 743 ἄντρον
1237 646 1606 746 ἠμελημένον,

476 749 566 810 Ἐν
597 756 642 826 ᾧ
671 753 842 831 φάτνη
865 776 970 834 τις,
1015 756 1102 811 καὶ
1131 755 1347 836 βρέφος,
1377 759 1465 814 καὶ
1492 756 1774 836 παρθένος.

356 839 436 901 55
476 841 604 904 Θεὸς
633 840 825 918 πένης,
859 841 1061 915 ἄοικος,
1109 843 1164 899 ἐν
1193 843 1375 925 φαύλῳ
1402 845 1572 923 ῥάκει,

473 931 562 992 Εἰς
593 935 705 1009 φῶς
734 929 1003 1010 προελθὼν
1033 930 1168 1009 ἄρτι.
1213 939 1324 989 Φεῦ
1364 933 1414 989 τί
1445 956 1537 1009 μοι
1565 932 1740 1012 λέγεις
1769 952 1786 1011 ἶ

475 1016 680 1083 Ψεῦδος
713 1018 809 1093 μὲν
843 1018 1012 1094 οὒδὲν,
1045 1019 1164 1076 ἀλλ’
1199 1021 1373 1089 ἀληθῆ
1405 1023 1708 1098 μανθάνεις,

477 1108 577 1164 Καὶ
607 1107 804 1186 μάρτυς
833 1107 1023 1187 ἀστὴρ,
1057 1108 1114 1165 ὅν
1144 1108 1262 1166 κατ’
1294 1112 1509 1190 οὐρανὸν
1540 1110 1775 1190 βλέπεις,

477 1192 712 1253 Ἐκεῖθεν
739 1195 888 1263 bans
927 1199 987 1254 τὸ
1016 1198 1213 1279 βράφος
1244 1221 1325 1256 σοι
1359 1197 1627 1258 δεικνύων.

362 1281 439 1346 60
477 1284 636 1368 ρῦτοί
662 1306 719 1341 τε
754 1287 1154 1367 συντρέχοντες,
1181 1290 1253 1351 ὡς
1283 1290 1413 1367 πρὸς
1451 1287 1746 1368 Δεσπότην,

477 1360 572 1430 Ὠν
603 1376 692 1430 καὶ
718 1378 780 1430 τὸ
809 1360 1000 1455 τερπδνν
1029 1376 1173 1452 ᾆσμα
1203 1383 1301 1444 τῆς
1327 1360 1612 1457 εὔφημίας.

483 1464 581 1525 Οἷς
613 1462 1004 1538 συμμελῳδεϊν,
1041 1466 1134 1521 οὐκ
1163 1464 1409 1522 ἀπιστεῖν
1437 1488 1496 1523 σε
1525 1466 1750 1546 πρέπον.

481 1552 569 1614 Εἷς
602 1554 700 1631 γὰρ
733 1555 890 1634 χάριν
921 1554 1016 1622 σῆν
1043 1565 1207 1613 ταῦτα
1237 1557 1409 1612 πάντα
1439 1555 1735 1635 συντρέχει.

477 1641 605 1732 Θεὸς
636 1641 936 1732 βροτωθεὶς,
968 1645 1042 1732 ὡς
1070 1644 1243 1721 θεώσῃ
1272 1646 1373 1732 σὴν
1401 1646 1575 1725 φύσιν.
1949 1684 1988 1732 Β

358 1726 436 1790 65
480 1727 650 1795 Πένης
682 1731 812 1810 ὑπὲρ
843 1742 958 1811 σοῦ,
989 1731 1242 1788 πλούσιόν
1271 1754 1329 1788 σε
1357 1731 1624 1796 δεικνύων,

485 1813 917 1900 Ἐπικροτοῠντες
948 1817 1166 1900 ἄγγελοι
1195 1835 1318 1884 ταῖς
1349 1822 1546 1883 ἐΑπίσι.

485 1907 678 1985 Μήτηρ
709 1905 981 1989 ἄνανδρος,
1013 1910 1264 1989 παρθένος
1295 1911 1671 1991 βρεφοτρόιρος,

485 1996 668 2073 Μάγον
695 1998 762 2054 τὰ
790 1997 1007 2076 λαμπρὰ
1037 1997 1199 2079 δῶρα,
1232 2001 1508 2077 ποιμάνων
1537 1999 1753 2078 δρόμος,

485 2090 662 2164 Χαρᾶς
693 2087 759 2141 τὰ
785 2087 955 2144 πάντα
986 2090 1177 2164 μεστὰ,
1223 2091 1309 2145 καὶ
1337 2087 1610 2163 θυμηδίας.

361 2170 443 2236 ’70
484 2174 697 2257 Τούτοις
729 2176 825 2251 μὲν
858 2178 948 2233 οὖν
992 2178 1274 2257 σύγχαιρε,
1307 2179 1395 2233 καὶ
1427 2179 1836 2257 συμπροσκύνει,

490 2245 580 2319 τἘαι
609 2261 663 2319 δὲ
687 2263 834 2320 τόνδε
864 2267 955 2321 τὸν
984 2272 1200 2345 κατηφῆ
1231 2263 1529 2344 πρεσϐύτην
1562 2287 1576 2300 ·

491 2351 678 2444 enimat
710 2354 808 2430 γὰρ
836 2356 992 2411 αὐτὸν
1023 2352 1154 2410 ἄλλο
1197 2378 1246 2411 τι
1278 2357 1501 2434 κρυπτὸν
1532 2356 1720 2418 πάθος.

509 2437 624 2503 Εξει
652 2438 706 2496 δὲ
748 2443 933 2499 τούτου
961 2445 1148 2518 μικρὸν
1179 2443 1423 2506 ὑπνώσας
1455 2442 1628 2517 λύσιν,

491 2529 589 2586 Καὶ
618 2532 964 2610 συγκροτήσει
994 2537 1152 2588 πᾶσιν
1183 2533 1319 2607 ἡμῖν
1348 2529 1541 2600 ἡδέως.

409 2606 472 2673 Β’
504 2641 532 2673 ι
572 2620 656 2683 Εἷς
817 2623 967 2698 ἁγίαν
995 2631 1088 2679 τοῦ
1119 2606 1343 2700 Χριστοῦ
1373 2621 1626 2678 Βάπτισιν
1647 2619 1701 2678 5.
1746 2637 1770 2676 ι

366 2705 446 2768 75
488 2705 649 2788 Ἀνὴρ
681 2711 1169 2790 κομὴτηςαύχμὸν
1213 2709 1394 2788 ἄγριον
1425 2709 1656 2789 τρέφων,

486 2805 685 2879 Τρίχας
715 2797 985 2880 καμήλου,
1029 2799 1118 2855 καὶ
1144 2797 1177 2847 6
1216 2797 1371 2878 δορᾶς
1399 2798 1573 2869 ζώνην
1605 2796 1800 2876 φέρων,

289 2927 508 3010 plearis
535 2947 762 2995 amore.
795 2930 1047 2993 Antrum
1077 2930 1261 3012 vides,
1277 2938 1511 2992 antrum
1534 2928 1934 3003 reconditum,

291 3015 354 3079 in
388 3037 504 3098 quo
533 3037 824 3102 praesepe,
856 3028 916 3081 et
958 3020 1173 3093 infans,
1199 3029 1258 3081 et
1281 3019 1467 3097 virgo,
1502 3019 1660 3081 Deus
1690 3035 1936 3099 pauper,

1630 265 1934 332 VERSUS
1976 266 2290 330 IAMBICI.

3507 261 3658 328 1126

2224 406 2489 475 Ασαρκος,
2513 397 2831 474 ἡμίγυμνος,
2865 390 3094 473 ἀγγέλου
3123 391 3302 474 τύπος,

2227 491 2356 542 Ηκει
2400 485 2678 565 προφήτης
2712 485 2892 548 καινὸς
2925 483 2976 548 ἐξ
3021 484 3243 560 ἐρημίας
3281 503 3294 516 ο

2213 579 2424 653 Πρῶτον
2454 571 2498 629 δ’
2530 576 2714 630 ἑαυτοῦ
2744 575 2967 650 Χριστὸν
3009 573 3151 628 εἶναι
3184 574 3420 649 μηνύων,

2089 663 2167 727 80
2214 666 2478 722 Δείκνυσιν
2514 667 2668 721 αὒτὸν
2710 670 2839 721 πᾶσι
2867 677 2985 728 τοῖς
3017 665 3403 742 ἠθροισμένοις.

2207 755 2384 827 Τούτῳ
2424 752 2726 833 προσελθὼν
2773 752 2851 832 (3)
2887 755 3110 833 Χριστος
3140 754 3212 815 ὡς
3245 751 3599 830 ἕγνωσμένος,

2202 845 2353 899 Alta?
2376 841 2562 900 λαϐεῖν
2592 843 2870 918 βάπτισμα
2901 855 3020 904 τοῖς
3064 839 3242 906 ἄλλοις
3275 846 3390 904 ἶσα,

2214 923 2272 989 ιΟ
2315 930 2358 986 δ’
2390 931 2446 987 εὖ
2475 932 2749 1010 γινώσκων
2780 929 2924 994 ὅστις
2957 933 3129 1010 οὗτος,
3166 933 3253 988 καὶ
3280 931 3460 1003 πόθεν⁹

2212 1021 2410 1100 ῌεῖραν
2453 1022 2513 1076 τὸ
2543 1026 2782 1100 πρᾶγμα,
2817 1033 3004 1099 πεῖραν
3035 1021 3261 1097 ἡγηϊται
3294 1020 3456 1095 μόνον
3494 1037 3510 1052 ⁸

2089 1107 2168 1170 85
2221 1093 2363 1166 ’ὅθεν
2404 1093 2674 1188 κραταίῶς
2690 1093 2964 1165 ἆντιτείνει
2996 1115 3073 1184 τῷ
3089 1093 3268 1186 λόγῳ.

2210 1194 2359 1265 Πλὴν
2388 1197 2507 1253 ἀλλ’
2536 1198 2738 1253 ὑπεικει
2773 1197 3040 1254 Δεσπότου
3068 1197 3326 1275 προθυμίᾳ
3356 1215 3374 1234 ο

2211 1286 2400 1365 Τρέμει
2432 1285 2476 1342 δ’
2511 1285 2657 1362 ὅμως
2689 1288 2785 1354 τὴν
2830 1299 3016 1366 χεῖρα,
3045 1289 3131 1343 καὶ
3153 1287 3307 1362 ψαύει
3339 1285 3519 1362 μόλις,

2226 1385 2346 1432 Ανω
2367 1380 2598 1455 θεωρῶν,
2632 1378 2704 1439 ὡς
2735 1374 2942 1454 ἴλιγγον
2976 1376 3216 1456 ἐκφύγοι,

2211 1464 2420 1521 Μᾶλλον
2452 1463 2506 1520 δὲ
2536 1465 2689 1522 κύκεϊ
2718 1467 2932 1544 φρικτὸν
2963 1462 3094 1522 ἄλλο
3123 1487 3172 1520 τι
3201 1463 3413 1542 βλέπει.

2089 1554 2170 1619 90
2210 1555 2494 1633 Ῑῖεριστερὰ
2522 1555 2754 1610 κάτεισιν
2785 1557 2858 1618 εἷς
2887 1560 2990 1633 γῆν
3020 1555 3234 1630 ὑψόθεν,

2209 1630 2306 1700 ΓἸιῐν
2336 1645 2539 1723 οὖρανοὶ
2567 1642 2863 1718 πέμπουσιν
2894 1643 2954 1699 ἐκ
2978 1650 3081 1700 τῶν
3111 1645 3428 1724 σχισμάτων
3469 1663 3481 1677 ο

2213 1732 2373 1798 Φωνὴ
2402 1730 2447 1788 δ’
2476 1731 2677 1788 ἐκεῖθεν
2706 1733 2936 1811 πατρικὴ
2965 1733 3156 1811 βροντᾷ
3185 1733 3355 1811 μέγα,

2218 1822 2336 1877 Υἱὸν
2365 1819 2599 1878 καλοῦασ
2643 1822 2864 1900 Χριστὸν
2894 1821 3252 1898 ἠγαπημένον
3299 1838 3314 1852 '

2218 1911 2316 1967 Καὶ
2346 1922 2600 1988 μαρτυρεῖ
2625 1911 2687 1966 τὸ
2716 1916 2930 1985 Πνεῦμα
2958 1910 3128 1982 τούτῳ
3159 1910 3500 1990 ςροστρέχον,

2094 1999 2174 2061 95
2221 1995 2301 2053 Δι’
2330 1997 2387 2054 ὅν
2420 1997 2702 2072 κατῆλθεν,
2735 2002 2780 2072 ᾧ
2821 1999 3027 2072 σεμνῶς
3059 1996 3313 2077 ἐφιζάνει,

2220 2091 2409 2159 Πτηνῷ
2437 2083 2482 2139 δ’
2517 2083 2682 2142 ἔοικεν
2713 2085 3003 2159 όξυκινήτῳ
3033 2087 3204 2166 φύσει,

2219 2180 2530 2254 Περιστερᾶς
2563 2177 2661 2253 γὰρ
2691 2173 2831 2239 εἶδος
2855 2177 2926 2238 ὡς
2961 2175 3341 2256 ἁπλουστέρας,

2222 2269 2260 2316 Σ
2353 2264 2397 2295 ‘.
2435 2261 2480 2292 "1
2582 2272 2636 2296 υ..
2772 2265 2786 2284 κ
3034 2287 3054 2298 -
3154 2263 3174 2296 ,Ξ

2263 2284 2397 2325 υνεις
2429 2282 2482 2317 οε.
2511 2284 2672 2321 "cauta
2700 2285 2788 2319 και
2813 2265 3052 2329 ποταμὸς
3083 2267 3257 2342 ἡρέμα

2225 2342 2362 2422 Ἰστᾷ
2391 2353 2450 2407 τὸ
2479 2352 2681 2431 ῥετθρον
2710 2361 2803 2410 του
2831 2351 3044 2431 δρόμου,
3078 2357 3163 2409 καὶ
3192 2354 3500 2435 προσμένει,

2098 2440 2177 2502 60
2219 2438 2367 2497 Οὕτω
2398 2463 2458 2518 γε
2483 2447 2653 2516 τιμῶν
2683 2441 2780 2508 τὴν
2814 2447 2944 2497 Θεοῦ
2985 2443 3297 2518 παρουσίαν,

2225 2531 2322 2612 Kal
2349 2530 2448 2596 τὴν
2490 2528 2661 2596 καλὴν
2705 2530 2951 2608 κάθαρσιν
2981 2529 3405 2612 ἀντιλαμϐάνων,

2229 2608 2318 2682 Ὠς
2346 2623 2553 2697 πρῶτος
2586 2618 2741 2682 αὗτὸς
2769 2621 2866 2685 τήν
2899 2619 3056 2698 χάριν
3086 2608 3417 2701 δεδεγμένος,

2229 2705 2403 2786 Ἀρχή
2435 2707 2650 2785 γένηται
2683 2705 2815 2782 τῷδε
2859 2715 2935 2782 τῷ
2963 2709 3257 2788 μυστηρίῳ.

2230 2805 2393 2853 Τουτο
2421 2796 2621 2874 βροτῶν
2652 2802 2789 2875 φῶς,
2823 2806 2976 2855 τοῦτο
3001 2794 3086 2852 δευ
3100 2798 3211 2876 τέρα
3253 2797 3471 2872 πλάσις,

2026 2927 2402 3001 macilentus,
2454 2927 2833 3002 seminudus,
2893 2929 3090 3009 angeli
3147 2937 3339 3011 typus,
3376 2949 3409 2992 e
3440 2931 3678 2993 deserto

2025 3034 2209 3077 novus
2240 3016 2524 3097 propheta
2552 3023 2729 3078 venit.
2760 3016 3024 3079 Priorem
3077 3027 3273 3080 autem
3346 3018 3678 3099 semetipso

295 3107 532 3184 tugurio
550 3127 778 3173 carens.
801 3110 861 3170 in
882 3109 978 3169 vili
999 3127 1219 3187 panno,
1244 3108 1315 3169 ad
1341 3109 1533 3169 lucem
1553 3107 1728 3169 modo
1749 3106 1943 3168 editus
1975 3183 2002 3187 _
2029 3103 2327 3167 Christum
2357 3123 2490 3166 esse
2516 3105 2878 3185 significans,
2922 3105 3116 3186 ipsum
3135 3105 3414 3168 omnibus
3433 3126 3679 3187 congre-

296 3183 598 3258 est?Ehe-n
623 3197 798 3278 !quid
814 3183 1429 3277 dicis?Nihilquidem
1445 3197 1593 3268 falsi,
1614 3196 1716 3258 sed
1742 3183 2004 3257 verumC
2032 3193 2184 3275 gatis
2215 3183 2590 3257 manifestat.
2605 3195 2693 3257 Ad
2725 3213 2861 3257 eum
2904 3183 3173 3258 Christus
3202 3205 3264 3258 ut
3293 3205 3466 3258 notus
3496 3183 3674 3261 acce-

297 3283 489 3348 audis.
523 3283 594 3346 Et
625 3287 790 3348 testis
815 3295 907 3348 est
927 3287 1119 3359 stella,
1155 3304 1329 3366 quam
1354 3284 1414 3345 in
1446 3284 1600 3347 caelo
1625 3283 1947 3368 conspicis,

293 3371 456 3434 unde
485 3379 714 3436 venerit
742 3376 940 3438 infans
996 3375 1102 3436 tibi
1148 3373 1520 3452 ostendens;
1579 3383 1642 3438 et
1671 3373 1764 3434 isti
1793 3373 1953 3439 velut

294 3460 368 3523 ad
401 3463 722 3525 Dominum
754 3472 1196 3538 concurrentes,
1233 3481 1486 3543 quorum
1519 3463 1696 3525 etiam
1729 3470 1817 3524 est
1841 3462 1949 3542 ju-

297 3551 526 3613 cundus
559 3553 795 3614 laudum
857 3563 1201 3616 concentus.
1269 3550 1416 3615 Cum
1469 3552 1564 3615 his
1594 3552 1946 3633 Concinere,

301 3657 420 3700 non
453 3640 731 3705 difﬁdere
763 3641 870 3704 tibi
900 3645 1193 3705 convenit.
1229 3640 1457 3703 Tuieni
1478 3660 1534 3702 m
1598 3640 1787 3703 gratia
1820 3640 1950 3702 haec

295 3728 498 3791 omnia
525 3731 710 3793 ﬁunt:
745 3731 900 3794 Deus
954 3733 1132 3794 homo
1184 3730 1392 3812 factus,
1426 3741 1490 3792 ut
1520 3729 1760 3793 deiﬁcet
1789 3736 1946 3790 tuam

295 3825 567 3881 naturam
599 3842 616 3898 ;
645 3840 868 3902 egenus
899 3830 1140 3902 propter
1170 3827 1248 3895 te,
1313 3819 1556 3881 divitem
1618 3827 1674 3880 te
1705 3819 1956 3880 demon.

297 3915 532 3985 strans;
582 3911 800 3991 angeli,
849 3911 1066 3992 spebus
1124 3909 1552 3991 applaudentes
1583 3927 1598 3988 ;
1630 3917 1819 3969 mater
1850 3926 1955 3969 ne-

300 3995 497 4060 sciens
525 3999 738 4072 virum,
772 4001 934 4078 virgo
958 4017 1250 4081 puerpera
1273 4023 1289 4072 ;
1313 3996 1630 4078 splendida
1644 4015 1950 4075 magorum

299 4084 495 4162 dona;
531 4099 833 4171 pastorum
905 4109 1271 4166 concursus;
1336 4088 1537 4151 omnia
1596 4089 1954 4169 jubilatione

299 4177 631 4262 gaudioque
660 4181 854 4262 plena.
881 4179 1030 4253 Qum
1055 4180 1145 4241 his
1171 4180 1348 4258 igitur
1367 4185 1426 4238 tu
1454 4175 1792 4256 congaude;
1813 4195 1950 4238 cum

295 4260 416 4328 illis
449 4260 672 4348 prOnus
692 4269 898 4345 adora,
934 4269 1064 4333 sine
1095 4287 1233 4329 vero
1265 4268 1424 4328 hunc
1460 4264 1737 4327 demissis
1764 4265 1952 4326 oculis

2034 3284 2205 3359 dens,
2237 3283 2596 3364 baptismum
2655 3284 2907 3346 aliorum
2950 3285 3242 3366 baptismo
3271 3286 3527 3348 similem
3554 3287 3683 3351 dari

2035 3372 2148 3434 sibi
2173 3381 2363 3454 rogat.
2389 3372 2494 3435 Ille
2518 3391 2683 3449 vero,
2709 3373 2866 3436 bene
2889 3373 3086 3436 sciens
3109 3373 3299 3454 qualis
3341 3383 3399 3435 et
3419 3376 3578 3438 unde
3607 3377 3686 3443 sit

2033 3466 2144 3528 iste
2175 3485 2300 3528 rem
2334 3465 2808 3546 experimentum
2831 3484 3162 3547 purumque
3205 3475 3502 3529 tentamen
3522 3469 3683 3531 testi-

2035 3564 2174 3619 mat.
2236 3553 2406 3618 Unde
2456 3555 2688 3617 fortiter
2745 3554 2970 3617 obstitit
3024 3553 3222 3617 verbo.
3257 3553 3684 3620 Verumtamen

2032 3643 2334 3708 desiderio
2393 3643 2631 3708 Domini
2693 3643 3084 3724 obtemperat.
3115 3643 3233 3707 Sed
3275 3663 3456 3706 manu
3486 3648 3685 3712 tremit

2034 3734 2245 3814 vixque
2274 3749 2508 3793 sursum
2530 3731 2848 3812 aspiciens,
2880 3733 3228 3811 vertiginem
3247 3733 3470 3813 effugit.
3502 3734 3684 3815 Magis

2035 3831 2230 3886 autem
2263 3821 2638 3884 tremendum
2663 3821 2821 3883 aliud
2840 3821 2980 3902 quid
3002 3821 3295 3902 conspicit
3337 3821 3605 3903 Desuper
3620 3824 3684 3886 in

2037 3919 2255 3972 terram
2288 3909 2583 3972 delabitur
2608 3910 2903 3984 columba,
2937 3929 3116 3991 quam
3167 3929 3237 3972 ex
3269 3910 3526 3973 nubibus
3548 3913 3684 3976 coeli

2035 4000 2374 4076 demittunt,
2403 4006 2585 4060 etvox
2616 4010 2859 4079 paterna
2881 4018 2950 4061 ex
2984 4001 3100 4061 alto
3131 3998 3358 4074 reboat,
3384 4001 3683 4064 Christum

2033 4089 2248 4151 Filium
2307 4088 2762 4150 dilectissimum
2820 4108 3056 4151 vocans.
3126 4089 3685 4172 Testimoniumque

2032 4179 2233 4241 reddit
2261 4177 2514 4259 Spiritus
2538 4179 2611 4240 ad
2642 4179 2834 4260 ipsum
2859 4197 3204 4254 accurrens,
3249 4188 3492 4260 propter
3506 4200 3683 4262 quem

2032 4268 2344 4330 descendit
2371 4276 2429 4330 et
2457 4286 2635 4348 super
2666 4287 2802 4330 eum
2825 4268 3173 4330 solemuiter
3198 4268 3540 4333 considens.
3568 4269 3687 4333 Vo-

297 4371 546 4419 senem:
611 4359 846 4420 mordet
903 4359 1061 4420 enim
1117 4375 1256 4419 eum
1304 4355 1456 4416 alius
1512 4354 1652 4445 quis
1685 4358 2181 4445 secretusnlucri
2208 4376 2346 4420 vero
2377 4357 2559 4420 veloci
2587 4365 2819 4434 natura,
2842 4357 3118 4420 columba
3138 4358 3369 4421 scilicet
3398 4357 3681 4445 simplici,

296 4445 564 4509 affectus.
586 4447 681 4510 Ab
713 4448 824 4509 hoc
855 4458 1052 4510 autem
1088 4454 1220 4528 post
1255 4445 1433 4506 breve
1463 4442 1760 4504 somnium
1792 4441 1948 4504 libe-

296 4535 547 4685 iéabitur,
576 4548 635 4600 et
663 4536 922 4599 libenter
977 4535 1290 4598 nobiscum
1321 4532 1597 4596 omnibus
1649 4532 1951 4614 complau—

344 4632 424 4686 et.

344 4643 424 4687 et.
579 4712 653 4777 II.
687 4714 765 4778 In
792 4733 1035 4778 sacrum
1066 4713 1308 4776 Christi
1338 4711 1667 4790 Baptism.

383 4799 490 4864 Vir
545 4803 788 4884 pilosus,
846 4804 1129 4866 incultam
1186 4800 1572 4863 rusticitatem
1615 4797 1945 4878 enutriens,

301 4887 378 4954 de
406 4891 545 4973 pilis
555 4893 768 4956 cameli
787 4894 1058 4972 vestitus,
1079 4900 1142 4956 et
1165 4908 1378 4954 zonam
1391 4889 1702 4972 pelliceam
1722 4886 1942 4967 ferens,

1355 5020 1389 5074 6
1429 5045 1516 5104 γρ,
1547 5020 1723 5104 δοράς.

381 5023 415 5073 ι
441 5023 522 5088 ἴσ.
553 5025 708 5093 ἧκον,
791 5028 826 5080 5
864 5050 950 5108 γρ.
979 5028 1270 5105 βάπτησιν.

2030 4447 2243 4509 similis
2272 4453 2380 4508 est.
2411 4445 2748 4525 Intelligens
2781 4455 2976 4509 autem
2999 4447 3124 4508 haec
3148 4454 3207 4508 et
3236 4447 3430 4508 amnis
3455 4447 3686 4528 placide

2031 4555 2266 4599 cursum
2300 4536 2472 4615 sistit,
2509 4544 2566 4596 et
2609 4544 2931 4617 exspectat,
2994 4537 3082 4598 sic
3141 4535 3244 4598 Dei
3308 4537 3688 4617 praesentiam

2031 4626 2350 4698 honorans,
2386 4624 2812 4706 pulchramque
2841 4626 2966 4689 vice
3013 4625 3326 4706 puritatem
3358 4625 3683 4706 accipiens,

2032 4721 2095 4774 ut
2123 4714 2251 4794 ipse
2307 4713 2555 4793 primus,
2605 4724 2847 4795 accepta
2893 4716 3102 4793 gratia,
3160 4713 3518 4796 principium
3550 4714 3686 4775 huic

2030 4801 2306 4883 mysterio
2339 4801 2455 4864 σοι.
2496 4806 2624 4865 Hoc
2683 4803 3023 4865 mortalium
3055 4804 3258 4865 lumen
3285 4803 3398 4863 hoc
3422 4801 3688 4864 secunda

2028 4890 2918 4974 creatio,charissima,sigillum
2931 4893 3110 4956 ethoc
3127 4889 3448 4956 concinunt
3463 4889 3684 4972 angeli,

1665 5189 1920 5256 Matthei
1946 5191 2116 5257 Busti
2143 5200 2316 5256 notae.

392 5364 472 5444 (3)
503 5389 530 5421 α
557 5366 738 5441 Τούτῳ
767 5365 1091 5446 προσελθών.
1127 5362 1242 5425 Pro
1269 5362 1952 5446 éyvu'aa_pevoc__reposuis-

2038 5380 2324 5444 nusquam
2365 5360 2673 5446 (quantum
2701 5364 2840 5442 scio)
2899 5364 3143 5446 legitur.
3159 5361 3296 5446 Hoc
3325 5369 3554 5446 certum
3590 5368 3686 5424 est

309 5440 438 5527 sem
489 5440 844 5527 ἠγνοημένος,
905 5446 953 5507 si
1049 5463 1260 5505 versus
1293 5440 1488 5527 _'ralio
1545 5440 1796 5510 tulisset,
1861 5451 1952 5527 aut

2041 5462 2108 5505 ea
2135 5440 2465 5527 qua:_pau_lo
2512 5455 2639 5527 post
2694 5440 3035 5527 sequantur,
3069 5449 3098 5502 ὁ
3127 5445 3171 5502 δ’
3218 5445 3273 5502 εὗ
3295 5444 3590 5523 γινώσκων,
3627 5449 3689 5504 et

312 5523 891 5607 etiamglzvaapévoc,
953 5539 1227 5607 tanquam
1283 5523 1501 5607 factum
1555 5539 1630 5607 ex
1679 5523 1952 5607 particula

2042 5523 2199 5600 caatl,
2233 5523 2454 5603 aliquid
2489 5523 2605 5588 tale
2636 5523 2955 5606 postulare.

317 5602 596 5689 privativa
626 5617 684 5668 et
711 5602 1264 5686 ngc’opugbarytono
1313 5602 1499 5682 (unde
1555 5602 1821 5679 ἔγνώσμα)
1855 5604 1960 5664 sed
