4008 6114
138 300 325 374 1199

371 424 420 499 ﬂ0
450 440 500 518 γ’
531 442 690 508 ἄλλος
719 445 886 537 ὄχλος
916 451 1036 516 τοὺς
1068 461 1301 532 χιτῶνας
1330 462 1660 537 στρωννύων.

384 539 586 606 Υμνους
617 533 1023 613 προσᾳδέτωσαν
1053 543 1339 621 ἱκετηρίους

186 616 321 680 160
605 624 705 714 γὰρ
734 621 850 690 ἥκει
883 633 1041 683 πᾶσιν
1073 631 1101 685 ὁ
1131 616 1431 714 ζωηφόρος)

387 721 512 806 Οσοι
543 711 727 770 λαϐεῖν
755 714 991 773 θέλουσιν
1026 720 1190 778 αὐτοῦ
1219 711 1324 791 τὴν
1361 711 1540 806 χᾶριν,

362 800 434 854 Σὺ
463 798 533 879 δ’,
566 801 612 857 ὦ
638 805 875 894 ποθεινὴ,
908 809 1037 884 πρὸς
1068 810 1118 865 τί
1147 812 1241 876 τὰς
1272 798 1470 882 σαυτῆς
1500 816 1690 894 πύλας,

363 889 523 967 Σιὼν,
557 888 811 972 ἀνοίξεις,
868 892 1022 952 Ενδον
1052 897 1472 978 ἐμπεπλησμένη

362 985 585 1054 Λῃστῶν
625 980 867 1061 ἀπηνῶν,
898 981 1182 1061 δυσσεϐὦν,
1229 993 1542 1071 μιαιφόνων,

190 1066 319 1130 165
362 1069 462 1156 ρῦς
492 1071 550 1126 οὗ
591 1066 636 1122 δ’
667 1070 695 1124 ὁ
737 1080 948 1149 νεκροῦς
992 1072 1268 1138 ἐξανιστῶν
1297 1066 1505 1156 ῥᾳδίως.

370 1139 524 1228 ᾍδην
553 1179 611 1213 τε
639 1164 797 1214 νικῶν
826 1139 977 1225 οὗτος
1002 1161 1059 1211 ίο
1088 1139 1319 1243 ἐντρέπει
1456 1139 1602 1249 τάχα
1634 1187 1649 1203 ⁸

367 1255 495 1309 Τοῖς
526 1248 624 1326 γὰρ
667 1247 825 1328 φόνου
866 1250 1109 1308 πνέουσιν
1139 1251 1291 1320 αἰδὼς
1335 1259 1430 1313 οὐκ
1459 1247 1556 1335 ἔνι,

362 1337 460 1424 god
489 1334 716 1410 μᾶλλον,
751 1338 793 1392 εἰ
817 1338 1001 1417 φθόνος
1030 1361 1109 1406 τις
1137 1345 1321 1406 αὐτοὺς
1354 1334 1616 1424 ἐκφλέγει.

366 1410 540 1509 ἸΟμωτξ
563 1422 609 1480 δ’
643 1410 841 1509 ἄνοιγε,
874 1429 959 1484 καὶ
996 1426 1154 1509 δέχου
1194 1434 1286 1488 τὸν
1318 1410 1614 1502 Δεσπότην.

191 1504 319 1565 170
360 1508 461 1594 Καὶ
490 1507 589 1594 γὰρ
619 1506 837 1594 πάρεστι
866 1515 958 1564 τοῦ
984 1504 1195 1583 παθεῖν,
1230 1513 1409 1590 οἶμαι,
1444 1516 1624 1594 χάριν,

359 1591 610 1671 Ἐπείπερ
639 1591 777 1673 οἶδε,
811 1596 897 1650 καὶ
927 1598 1129 1673 παθὼν,
1161 1601 1370 1679 φεύγειν
1398 1591 1586 1666 πάθος,

362 1686 434 1769 ρῦ
476 1680 538 1752 δή
570 1704 648 1745 τις
679 1684 815 1756 ἡμῖν
858 1682 1020 1761 ἐστιν,
1052 1686 1284 1744 ἐντεῦθεν
1312 1686 1493 1769 φόϐος,

368 1762 593 1827 Ὠσαννὰ
618 1774 813 1845 τοίνυν,
847 1774 1017 1830 σῶσον
1047 1774 1392 1855 εὖλογημένε,

363 1857 512 1916 Οὕτω
539 1862 812 1939 προσηνὴς
844 1860 1175 1938 είσελοιύνων²
1209 1867 1295 1921 καὶ
1337 1866 1506 1946 φέρων

196 1948 322 2034 175
363 1956 582 2028 Βροτοτς
611 1948 806 2006 ἅπασιν
850 1949 909 2006 ἐκ
945 1954 1123 2009 παθῶν
1156 1953 1460 2034 ἀφθαρσίαν.

236 2028 322 2112 ς’
368 2057 397 2097 (
428 2039 516 2100 Εἷς
544 2038 643 2105 τὴν
674 2039 825 2116 ἁγίαν
855 2047 946 2096 τοῦ
975 2028 1551 2123 Χριστοῦ-Σταύρωσιν.
1592 2068 1619 2098 υ

401 2125 498 2192 Νὺξ
526 2134 712 2189 ταῦτα.
749 2130 847 2186 Καὶ
875 2130 973 2208 γὰρ
1003 2129 1155 2200 ἥλιον
1198 2132 1412 2209 κρύπτει
1441 2132 1653 2209 σκότος,

358 2213 559 2295 Ἀχλὺς
589 2213 642 2271 δὲ
676 2215 880 2296 πληροῖ
907 2218 1073 2274 παντο
1102 2220 1191 2276 καὶ
1220 2221 1377 2296 βαθὺς
1408 2220 1588 2299 ζόφος.

361 2310 482 2367 Πῶς
516 2304 603 2361 οὗν
632 2307 831 2384 θεωρῶ,
864 2304 1150 2385 δημιουργὲ
1181 2308 1369 2386 Χριστέ
1391 2332 1513 2384 μου,

360 2394 747 2470 Στουρούμενόν
776 2415 835 2451 σε
871 2414 886 2475 ς
936 2402 1064 2472 Φεῦ,
1113 2397 1161 2452 τί
1201 2407 1356 2456 τοῦτο
1388 2417 1405 2478 ς
1460 2399 1548 2453 καὶ
1590 2398 1745 2454 πόθεν
1780 2418 1796 2478 ς

201 2479 319 2545 180
360 2481 581 2561 Σωτῆρα
610 2482 813 2559 κόσμου
841 2485 1146 2565 προσδοκῶν
1176 2509 1233 2544 σε
1265 2487 1545 2567 μακρόθεν,

359 2580 461 2629 Νῦν
490 2573 564 2633 ὡς
594 2582 885 2651 κακοῦργον
915 2577 987 2639 εἷς
1017 2575 1145 2654 ἀρᾶς
1180 2574 1345 2655 ξύλον⁸
1358 2575 1559 2652 βλέπω.

358 2659 624 2726 Ἀπῆλθεν
656 2660 821 2737 εἶδος,
855 2662 1051 2729 κάλλος
1081 2664 1176 2722 οὒκ
1204 2664 1350 2745 ἔχεις
1394 2664 1518 2744 ’έτις

362 2749 552 2829 Μήτηρ
580 2747 634 2804 δὲ
661 2753 866 2832 θρηνεῖ,
909 2754 998 2809 καὶ
1026 2757 1117 2817 σὸς
1146 2754 1517 2831 ἠγαπημένος,

160 2916 291 2979 beri
347 2920 675 3002 conspexit)
737 2921 861 2982 haec
908 2921 1025 2984 alia
1101 2921 1271 2984 turba
1326 2940 1462 2984 suas
1523 2928 1796 2984 sternens

158 3007 410 3104 tunicas.
446 3007 828 3105 supplicibus
876 3012 1191 3105 concinant
1245 3010 1476 3105 hymnis
1503 3010 1852 3105 (SalvatorC

160 3093 320 3154 enim
375 3097 557 3159 venit.
618 3099 896 3161 omnibus
944 3101 1121 3161 vitam
1190 3099 1451 3179 portans)
1511 3106 1795 3178 quotquot

155 3184 341 3263 ipsius
371 3187 619 3262 gratiam
653 3190 959 3269 percipere
988 3189 1212 3251 volunt.
1272 3186 1362 3248 Tu
1420 3206 1582 3261 vero,
1618 3206 1798 3249 vene-

154 3270 364 3335 rabilis
393 3272 562 3350 Sion,
597 3277 670 3337 ad
701 3278 841 3357 quid
877 3285 1003 3339 tuas
1033 3277 1269 3357 aperies
1322 3284 1518 3356 portas
1547 3276 1578 3336 ?
1634 3278 1798 3337 Intus

155 3362 332 3443 plena
362 3380 424 3423 es
453 3364 782 3427 latronibus
812 3366 1003 3441 saevis,
1037 3365 1260 3446 impiis,
1286 3365 1625 3438 bomicidis,
1645 3383 1796 3445 quos

154 3469 269 3513 nec
296 3452 427 3533 ipse
455 3454 557 3534 qui
603 3455 775 3516 facile
824 3464 1087 3517 mortuos
1139 3454 1380 3516 suscitat
1408 3461 1466 3515 et
1495 3454 1794 3515 infernum

154 3540 359 3616 vincit,
413 3542 530 3604 cito
573 3544 895 3606 convertit.
946 3543 1182 3606 Caedem
1240 3544 1401 3604 enim
1433 3542 1794 3622 Spirantibus

154 3629 350 3691 nullus
375 3629 533 3693 inest
590 3633 801 3712 pudor,
860 3632 1189 3712 praesertim
1250 3650 1381 3693 cum
1446 3631 1661 3710 aliquis
1692 3648 1795 3690 eos

154 3717 482 3782 inflammet
508 3721 690 3782 zelus.
724 3720 1146 3783 Verumtamen
1174 3720 1339 3801 aperi
1372 3727 1428 3781 et
1457 3720 1657 3799 recipe
1679 3718 1791 3779 Do-

156 3808 414 3886 minum;
447 3811 667 3872 etenim
697 3810 960 3886 advenit,
977 3823 1140 3890 puto,
1159 3809 1420 3890 patiendi
1442 3826 1638 3882 causa,
1655 3825 1789 3868 cum

154 3896 286 3977 scit,
312 3898 403 3960 vel
425 3899 677 3979 patiens,
698 3899 902 3979 fugere
920 3901 1284 3981 passionem.
1316 3896 1787 3977 Nullus;quidem

152 3984 363 4048 exinde
388 3986 560 4049 nobis
581 3996 672 4049 est
693 3988 891 4051 timor.
920 3988 1199 4050 Hosanua
1218 3986 1661 4067 ergo,?_Salvator
1683 3985 1786 4047 be-

153 4074 409 4152 nedicte,
442 4079 528 4138 sic
555 4085 898 4139 mansuetus
927 4076 1290 4157 ingrediens,
1315 4077 1580 4136 etferens
1601 4074 1790 4135 omni-

152 4162 264 4224 bus
293 4164 639 4227 mortalibus
671 4184 741 4228 ex
772 4165 1147 4247 passionibus
1177 4164 1701 4227 immortalitatem.

312 4298 407 4361 VI.
440 4299 519 4362 In
548 4308 825 4364 sanctam
879 4300 1108 4363 Christi
1137 4298 1620 4379 cruciﬁxioncm.

231 4428 459 4513 Ubique
488 4451 625 4494 nox.
658 4430 891 4495 Etenim
926 4433 1111 4495 solem
1146 4432 1447 4495 obducunt
1476 4430 1737 4493 tenebrae
1770 4445 1788 4505 ',

154 4522 388 4585 nimbus
443 4531 640 4583 autem
697 4530 756 4584 et
810 4522 997 4584 densa
1051 4523 1237 4601 callgo
1285 4521 1519 4602 replent
1569 4518 1790 4583 omnia.

163 4610 465 4685 Quomodo
498 4630 658 4693 ergo,
694 4611 944 4688 Christe,
970 4612 1051 4672 mi
1073 4614 1342 4687 Creator,
1379 4619 1434 4671 te
1463 4608 1633 4670 video
1665 4628 1797 4672 cru-

164 4699 447 4764 ciﬁxum?
471 4699 637 4764 Eheu
666 4702 680 4761 !
716 4702 859 4783 quid
891 4709 980 4763 est
1008 4702 1120 4763 hoc
1154 4710 1212 4762 et
1240 4698 1443 4762 unde?
1472 4697 1556 4760 Te
1587 4698 1793 4763 mundi

165 4789 525 4853 Salvatorem
557 4800 932 4870 exspectans,
987 4809 1145 4852 nunc
1171 4790 1328 4851 velut
1356 4787 1793 4849 malefactorem

150 4881 211 4942 in
234 4877 680 4942 maledictionis
702 4880 863 4957 ligno
878 4897 1232 4961 suspensum
1256 4877 1512 4959 aspicio!
1538 4874 1797 4940 Ecanuit

155 4967 387 5049 apecies
406 4985 424 5044 ;
444 4966 725 5031 decorem
756 4967 1010 5050 amplius
1021 4987 1142 5030 non
1153 4967 1361 5030 habes.
1383 4966 1579 5028 Plorat
1593 4973 1794 5029 autem

226 5101 282 5152 to
305 5124 390 5181 γρ.
426 5102 684 5184 ἒντρέχει.
771 5104 820 5147 η
851 5127 939 5183 γρ.
973 5102 1056 5162 δεῖ
1087 5126 1153 5181 με
1183 5105 1303 5185 γάρ·

1531 314 1828 386 VERSUS
1871 306 2186 380 IAMBIGI.

3383 313 3537 392 1136

2093 451 2256 538 Μόνοι
2300 454 2554 528 παρόντες
2584 460 2690 510 τῶν
2717 457 2817 534 πρὸ
2847 465 3035 535 μικροῦ
3062 476 3143 515 σοι
3172 457 3358 538 φίλων.

1938 535 2049 599 185
2093 537 2312 616 Φροῦδοι
2345 542 2595 615 μαθηταὶ,
2628 544 2715 598 καὶ
2742 545 2999 622 πτερωτοὶ
3028 541 3073 599 δ’
3106 535 3301 603 οἰκέται

2091 628 2277 693 Μάτην
2306 630 2698 710 περιτρέχωσι,
2733 632 2920 706 μεσσοὶ
2948 630 3208 712 δακρύων.

2090 718 2162 772 Οὒ
2191 717 2290 794 γὰρ
2319 718 2533 792 βοηθεῖν
2564 720 2837 798 εὐποροῦσι
2866 726 2942 794 τῷ
2970 721 3144 801 πάθει,

2091 802 2265 881 Μέγας
2294 803 2341 859 δ’
2370 803 2556 862 ἄπεστι
2586 808 2676 870 σὸς
2701 809 2882 887 Πατὴρ
2913 810 3311 890 παντοκράτωρ,

2085 891 2253 948 Μόνον
2282 890 2450 950 λιπών
2482 916 2539 949 σε
2568 901 2730 951 ταῦτα
2760 897 3012 976 πάσχειν,
3047 899 3119 961 ὡς
3149 896 3345 977 λέγεις.

1929 975 2046 1041 190
2089 979 2268 1036 Καίτοι
2301 999 2556 1059 προεῖπες
2588 983 2711 1063 οὒχὶ
2739 975 3009 1063 λειφθῆναι
3042 989 3226 1069 μόνος,

2085 1069 2338 1133 Συνόντος
2383 1071 2537 1128 αὒτοῠ
2566 1074 2654 1128 καὶ
2684 1073 2839 1129 τανῦν
2869 1074 3134 1154 πάσχοντί
3162 1090 3244 1134 σοι

2086 1153 2236 1213 Ἀλλ’
2265 1160 2357 1214 οὒκ
2399 1158 2608 1222 ἄπεστι,
2644 1168 2853 1237 Πνεῦμα
2882 1153 3097 1241 γὰργσὸν
3139 1164 3423 1242 λαμϐάνει,

2078 1245 2407 1303 Συνευδοκῶν
2432 1270 2513 1323 τε,
2546 1251 2633 1305 καὶ
2662 1251 2828 1307 συνών
2861 1274 2966 1331 σοι,
2997 1255 3085 1309 καὶ
3113 1253 3282 1333 φέρων

2087 1336 2204 1390 Υἱοῦ
2234 1334 2485 1403 τελευτὴν
2511 1337 2858 1415 ἡγαπημένου
2889 1339 3123 1416 βλέπειν,

1921 1419 2038 1483 195
2081 1420 2131 1512 ξί
2166 1434 2262 1480 Δεῖ
2287 1425 2504 1502 γάρ,με,
2543 1424 2626 1483 δεῖ
2653 1449 2735 1483 σοι
2771 1430 3063 1509 συνθανεῖν,
3097 1430 3364 1512 εὖεργέτα,

2083 1501 2174 1573 (Ως
2205 1501 2573 1592 συμμετάσχω
2601 1519 2697 1579 τῆς
2728 1514 2981 1594 ἐγέρσεως
3010 1501 3193 1580 παλινξ

2081 1598 2256 1685 ρῦτως
2287 1599 2424 1665 ἔδοξε
2461 1621 2473 1635 ·
2509 1608 2662 1658 τοῦτο
2690 1603 2786 1670 τῆς
2813 1605 3204 1685 εὐσπλαγχνίας

2088 1679 2263 1761 ’Υμῶν
2294 1690 2421 1767 πρὸς
2450 1691 2592 1762 ἡμᾶς
2636 1692 2670 1758 ἡ
2706 1693 2931 1769 μεγίστη
2963 1679 3270 1772 χρηστότης
3305 1710 3318 1723 ⁸

2084 1776 2553 1854 Εὗγνωμονοῦμεν,
2591 1778 2747 1862 Πλὴν⁵
2766 1781 2992 1860 τάχυνον
3021 1781 3080 1838 ἐκ
3105 1784 3270 1862 τάφου
3304 1801 3319 1815 ⁸

1920 1860 2040 1925 200
2082 1852 2335 1950 ξπεύσεις
2367 1864 2419 1921 δὲ
2440 1852 2683 1931 πάντως.
2723 1852 2897 1932 Ἥλιος
2926 1871 3025 1949 γὰρ
3055 1852 3253 1950 ἐνθάθε,

2077 1943 2143 2042 ,ῐο
2189 1954 2308 2031 πρὶν
2336 1956 2609 2042 ζοφιξλθεὶς,
2643 1956 2729 2011 καὶ
2771 1943 2973 2034 κρυϐεὶίς
2999 1943 3075 2022 ἐίς
3109 1960 3207 2026 σὴν
3238 1943 3419 2039 γάριν,

2099 2041 2319 2116 Ελάμψε
2349 2040 2734 2125 φαιδρὸκθηαῦθις
2779 2043 2886 2100 ἀνθ’
2922 2046 3210 2125 ἐωσφόρου,

2082 2130 2152 2184 Σὲ
2178 2133 2240 2186 τὸ
2271 2115 2519 2207 μέγιστον
2558 2115 2732 2189 Ἥλιον
2765 2115 3080 2212 προμηνύιον

2082 2215 2176 2274 Ἐκ
2204 2223 2304 2296 γῆς
2336 2216 2395 2267 12
2419 2219 2681 2300 ἀνίσχειν,
2717 2229 2827 2301 φῶς
2858 2244 2915 2278 τε
2944 2222 3176 2298 πέμψειν
3207 2222 3409 2281 αὒτίκα.

1921 2304 2041 2367 9205
2086 2303 2303 2391 ΑΙδοιμεν
2329 2307 2416 2364 οὖν
2447 2307 2726 2382 λάμποντα
2755 2311 2843 2366 καί
2873 2333 2953 2391 σε,
2988 2310 3179 2390 Χριστέ
3207 2335 3330 2387 μου,

2086 2378 2280 2474 Ὥσπερ
2323 2397 2385 2451 τὸ
2414 2378 2743 2472 σὸν-ποίημα
2775 2399 2874 2465 τὴν
2918 2378 3004 2456 νῦν
3035 2378 3260 2478 ἦμέραν,

2082 2480 2162 2538 Δι’
2200 2484 2267 2548 ἧς
2313 2486 2517 2563 ὁρῶμεν
2545 2483 2724 2540 τούσδε
2753 2487 2871 2551 τοὺς
2904 2487 3069 2553 θείους
3111 2489 3334 2568 τύπους,

2089 2571 2186 2657 Καί
2215 2593 2296 2627 σοι
2328 2573 2781 2651 συναστράψοιμεν
2812 2575 2873 2631 ἐκ
2902 2582 3005 2653 γῆς
3038 2577 3125 2631 καὶ
3155 2577 3359 2657 τάφων.

2123 2649 2202 2744 ζ.
2240 2680 2267 2719 ι
2300 2663 2387 2724 Εἷς
2419 2649 2531 2727 τὴν.
2559 2664 2814 2720 Θεοτόκον
2856 2649 3195 2744 δακρύουσαν.
3236 2649 3273 2720 ἰ

2135 2730 2189 2804 ’Ξὶ
2234 2756 2323 2806 τοῦ
2351 2751 2545 2814 πάθους
2583 2750 2861 2828 Δέσποινα,
2909 2755 2997 2809 καὶ
3026 2754 3086 2809 σὺ
3115 2751 3351 2832 δακρύεις
3380 2773 3396 2835 ς

1880 2922 2069 2977 mater
2090 2933 2322 2978 necnon
2346 2923 2479 2979 tuus
2499 2918 2772 2999 dilectus,
2793 2918 2906 2979 soli
2947 2938 3105 2981 nunc
3143 2926 3213 2982 ex
3241 2920 3520 2985 omnibus

1877 3024 2024 3086 quos
2040 3024 2231 3085 nuper
2246 3005 2504 3067 habebas
2525 3007 2752 3081 amicis,
2767 3013 3049 3071 astantes.
3063 3007 3310 3088 Fugitivi
3337 3010 3519 3073 disci-

1879 3094 2025 3173 puli,
2052 3093 2362 3173 timidique
2380 3097 2537 3157 velut
2555 3112 2690 3156 aves
2708 3095 2883 3169 servi,
2908 3096 3123 3158 frustra
3145 3099 3307 3178 pleni
3338 3100 3523 3180 lacry-

1880 3182 1991 3242 mis
2020 3184 2490 3245 circumcursant
2518 3204 2531 3244 :
2594 3202 2713 3244 non
2759 3185 2919 3245 enim
2951 3186 3210 3264 passioni
3240 3199 3352 3248 tuae
3379 3206 3519 3251 suc-

1877 3282 2116 3333 currere
2147 3274 2363 3334 valent.
2398 3274 2581 3336 Abest
2625 3281 2824 3336 autem
2884 3294 3137 3358 magnus
3167 3285 3310 3340 tuus
3338 3280 3521 3342 Pater

1878 3362 2281 3442 omnipotens,
2305 3362 2653 3443 relinquens
2684 3372 2740 3424 te
2770 3363 2987 3441 solum,
3022 3378 3080 3426 ut
3106 3366 3217 3447 ais,
3242 3367 3353 3428 ista
3375 3368 3516 3447 pati.

1875 3449 2151 3512 Attamen
2182 3450 2416 3511 dixeras
2446 3460 2502 3512 te
2533 3471 2649 3512 non
2698 3452 2954 3533 relinqui
3002 3454 3218 3535 solum,
3249 3455 3377 3535 ipso
3407 3455 3515 3516 tibi

1878 3556 2033 3598 nunc
2064 3539 2311 3618 patienti
2360 3546 2608 3601 astante.
2646 3538 2715 3599 Et
2737 3558 2873 3600 vero
2905 3560 3023 3602 non
3070 3542 3239 3603 abest
3270 3563 3283 3602 :
3346 3552 3511 3604 tuum

1876 3626 2035 3687 enim
2069 3627 2283 3706 accipit
2315 3629 2611 3709 spiritum,
2645 3629 3028 3692 consentiens
3049 3631 3511 3711 astansquetibi,

1876 3723 1935 3775 et
1954 3715 2086 3776 Filii
2109 3715 2476 3775 dilectissimi
2490 3728 2742 3778 mortem
2758 3719 3025 3798 aspicere
3036 3720 3258 3779 valens.
3274 3719 3519 3799 Oportet

1872 3805 2032 3866 enim
2065 3822 2184 3883 me,
2238 3813 2471 3883 oportet
2519 3805 2626 3867 tibi
2675 3807 2993 3883 commori,
3052 3807 3414 3884 benefactor,
3452 3817 3518 3870 ut

1872 3893 2069 3955 denuo
2097 3894 2553 3956 resurrectionis
2611 3898 2904 3976 particeps
2964 3898 3123 3959 fiam.
3156 3895 3242 3958 Ita
3272 3898 3514 3978 placuit.

1870 3981 1994 4043 Hoc
2025 3998 2166 4061 erga
2191 4001 2298 4043 nos
2332 3983 2759 4046 misericordiae
2785 3996 2995 4049 vestrae
3025 3986 3284 4048 maxima
3305 3987 3513 4065 gratia.

1870 4071 2033 4133 Bene
2062 4072 2352 4133 novimus.
2414 4071 2460 4132 E
2493 4074 2719 4135 tumulo
2757 4084 2953 4136 tamen
2984 4075 3217 4142 festina.
3256 4074 3514 4138 Omnino

1869 4161 2240 4241 properabis.
2282 4158 2433 4223 Ecce
2477 4163 2636 4223 enim
2675 4165 2762 4225 sol
2801 4165 2902 4245 qui
2930 4165 3514 4245 priusintuigratiam

1808 4250 2303 4345 1)obscuratuset
2337 4250 2717 4345 absconditus
2759 4252 2950 4345 fuerat
2996 4273 3242 4345 rursum
3275 4273 3515 4317 aurora:

1869 4339 1997 4400 loco
2028 4339 2342 4420 splendide
2371 4339 2575 4419 fulget,
2612 4348 2668 4403 te
2702 4342 3026 4403 maximum
3049 4344 3248 4406 Solem
3273 4352 3330 4405 et
3358 4352 3517 4406 terra

1874 4427 2034 4489 brevi
2050 4435 2456 4490 surrecturum
2470 4428 2911 4512 missurumque
2929 4433 3127 4493 lumen
3151 4432 3510 4509 signiﬁcans.

1877 4515 2197 4579 Videamus
2224 4517 2404 4594 igitur
2433 4518 2729 4580 lucentem
2764 4529 2843 4594 te,
2893 4520 3148 4595 Christe,
3181 4522 3338 4584 sicut
3367 4540 3515 4603 Opus

1880 4616 2045 4669 tuum
2076 4614 2428 4688 praesentem
2478 4606 2661 4681 diem,
2697 4626 2803 4688 per
2831 4626 3007 4689 quem
3040 4610 3515 4690 contemplamur

1873 4699 1981 4760 hos
2009 4698 2240 4759 divinos
2271 4700 2459 4775 typos,
2494 4703 2553 4755 et
2607 4704 2800 4758 tecum
2857 4706 2915 4760 et
2973 4707 3129 4762 terra
3154 4698 3513 4778 tumulisque

1874 4804 2184 4865 surgamus

2154 4864 2281 4929 VII.
2311 4865 2386 4929 In
2413 4866 2745 4946 Deiparam
2775 4864 3231 4945 lacry‘mantem.

1954 4958 2005 5025 Ο
2020 4958 2292 5022 maeroris
2311 4958 2584 5033 Domina,
2608 4965 2667 5021 et
2687 4964 2748 5019 tu
2774 4957 3117 5037 lacrymaris
3136 4957 3166 5018 ἶ)
3204 4956 3511 5031 Quodnam

1390 5103 1444 5146 η
1470 5126 1557 5183 γρ.
1591 5103 1877 5179 ἀνασχεῖν.

1491 5234 1752 5304 Μοῑιὶιωί
1780 5229 1948 5297 Busti
1979 5234 2158 5291 notae.

227 5366 301 5463 ςδ)
349 5392 377 5425 α
420 5352 572 5442 ᾍδην
604 5376 1063 5463 τε-νικῶνρῦτος,
1097 5396 1123 5428 n
1162 5366 1433 5463 Ἐνέρέχει
1458 5370 1658 5463 locum.
1677 5368 1778 5432 hic

1858 5370 2026 5427 cutus
2085 5356 2318 5419 videtur
2364 5353 2729 5433 Augustinus
2781 5352 3094 5416 Steucbi‘us
3136 5350 3503 5433 Eugubinus,

151 5433 363 5539 tabe}?
586 5458 806 5530 potest.
860 5433 1114 5539 ίειοοιέέιρ
1172 5433 1461 5539 ειψὲιίῖιιο
1521 5451 1774 5539 avem,
1861 5437 2677 5539 sertuaaieairerrrera
2707 5433 3504 5539 νξτείιηέηιὲπιεηεέξίιξξε-

146 5527 302 5613 ἤγουν
331 5514 982 5613 δυσωπετξτιυο-(ἱᾏῑὶεπι
1217 5531 1279 5593 in
1307 5531 1578 5613 sequenti
1608 5514 1779 5592 versd

1877 5514 2009 5603 ,icit,
2044 5514 2116 5611 aa
2146 5516 2355 5613 βποιι.
2388 5530 2518 5594 cap.
2550 5531 2608 5588 ι,
2643 5531 2701 5591 ν,
2732 5514 2793 5578 3.
2874 5521 2991 5579 Εως
3042 5517 3179 5579 τίνος
3237 5517 3296 5572 οὒ
3326 5516 3501 5593 βούλει

148 5607 392 5688 positum
424 5607 665 5673 evincit.
701 5609 891 5690 Hujus
922 5610 1091 5674 verbi
1143 5611 1261 5674 vim
1291 5607 1432 5672 dum
1464 5628 1583 5672 non
1612 5626 1777 5672 asse-

458 5744 723 5808 Ριπιοι-
752 5741 861 5808 Gn.
891 5744 1063 5809 CXX.

1890 5600 2181 5682 ντραπῆναί
2211 5619 2275 5672 με
2312 5616 2326 5676 ς

3013 5726 3090 5792 36
