4008 6114
438 291 591 359 1135

635 429 722 496 Μή
753 449 865 492 πως
911 424 1139 505 ταράξης
1175 425 1271 492 τὴν
1303 421 1472 484 καλὴν
1503 424 1797 502 συνουσίαν,

636 517 732 574 Καὶ
762 517 1037 592 ζημιώσῃς
1082 516 1282 590 κόσμον
1313 513 1513 575 ἐνθέους
1545 512 1754 590 λόγους.

635 601 722 684 :EE
751 604 968 684 ούρανοῦ
996 605 1094 683 γὰρ
1126 602 1239 681 ἄρτι
1269 603 1481 666 τούτους
1511 610 1601 658 τοῦ
1629 602 1800 678 τρίτου

638 675 782 750 "Hm
814 675 1289 767 'xopiCoov'Hz'Dlvc
1323 675 1708 769 αἰθεροδρόμος,

439 779 590 846 1325
635 791 785 842 Κινεϊ
817 781 870 838 δὲ
901 795 1063 862 χεῖρα
1094 784 1224 859 πρὸς
1257 782 1463 861 γραφῆς
1492 780 1770 858 ὑπουργίαν

632 871 952 946 Οἰκουμένης
983 873 1044 926 τὸ
1071 873 1264 945 θαῦμα,
1296 871 1358 925 τὸ
1388 875 1616 947 χρυσοῦν
1658 868 1853 941 στόμα.

631 955 832 1037 Σήλου,
862 959 920 1013 τὸ
962 956 1173 1027 λοιπὸν,
1206 957 1264 1013 ὃν
1293 958 1393 1036 πρὸ
1424 963 1528 1014 τῶν
1559 959 1722 1033 θυρῶν
1748 953 1987 1032 βλέπεις,

631 1047 808 1119 Τούτῳ
848 1067 905 1103 τε
933 1047 1280 1122 συνθαύμαζε,
1313 1046 1400 1104 καὶ
1427 1044 1787 1123 συγκαρτέρει.

513 1123 622 1194 ΙΔ’.
653 1157 681 1188 α
713 1135 802 1213 Εἰς
831 1137 923 1191 τὸν
951 1135 1099 1213 ἅγιον
1131 1132 1382 1200 Ἰωάννην
1411 1135 1501 1190 τὸν
1534 1132 1928 1210 Χρυσόστομον.
1956 1155 1984 1185 n

667 1221 728 1271 19
759 1203 818 1280 1|[:I
847 1203 1089 1301 γλῶσσαν
1123 1224 1282 1300 εὑρὼν
1335 1229 1434 1301 πῦρ
1477 1203 1758 1296 πνέουσαν,
1805 1203 2068 1298 ζωγράφῆ

434 1307 586 1372 1330
627 1311 806 1390 ῌόνην
838 1310 1045 1390 ἀφῆκας
1077 1307 1376 1377 εὐλαϐηθεὶς
1409 1309 1506 1375 τὴν
1537 1307 1708 1387 φλόγα
1743 1328 1759 1386 ς

629 1386 696 1456 Ἦ
727 1386 898 1456 πάντα
925 1398 1136 1474 τολμῶν
1168 1398 1517 1479 προσγράφεις
1548 1386 1635 1453 καὶ
1664 1398 1723 1452 τὸ
1748 1394 1940 1476 φλέγον
1965 1416 1980 1475 ς

627 1489 724 1546 Καὶ
756 1487 1031 1567 φθέγγεται
1063 1488 1184 1567 μὲν,
1214 1489 1302 1543 καὶ
1331 1486 1486 1543 λαλεῖ
1515 1483 1872 1564 παραινέσεις,

627 1574 775 1634 Ἀλλ’
807 1576 946 1633 ἔστιν
971 1577 1300 1655 ἰσχνόφωνος
1335 1573 1386 1640 ἐξ
1417 1575 1642 1637 ἀσιτίας.

627 1664 788 1739 Ἐμὸν
817 1667 877 1720 τὸ
907 1664 1096 1721 λεῖπον
1133 1683 1151 1700 ⁸
1177 1665 1235 1721 οὐ
1263 1665 1360 1742 γὰρ
1391 1665 1477 1727 οὖς
1523 1663 1899 1742 παρεσχόμην.

425 1748 584 1820 1335
626 1759 729 1811 Νῦν
759 1753 847 1809 οὖν
876 1755 1149 1832 ὖποσχὼν,
1186 1752 1456 1831 γνώσομαι
1484 1753 1534 1806 τί
1562 1774 1652 1826 μοι
1683 1750 1847 1828 λέγει.

617 1839 780 1898 Βαὸαί
813 1859 827 1874 ⁸
860 1854 1210 1921 καταφρονεῖν
1240 1863 1306 1916 με
1338 1841 1502 1897 πείθει
1532 1850 1625 1898 τοῦ
1655 1840 1792 1915 βίου,

521 1917 628 1992 ιε’.
668 1951 697 1984 α
731 1931 816 1993 Εἷς
846 1931 937 1987 τὸν
965 1917 1116 2007 ἅγιον
1149 1930 1434 2007 Γρηγόριον
1479 1929 1569 1985 τὸν
1614 1925 1896 2004 Θεολόγον.
1937 1950 1960 1984 ι

625 2020 685 2074 Τί
725 2040 807 2076 σοι
831 2020 892 2076 τὸ
921 2018 1131 2075 σύννουν
1157 2017 1378 2094 Βλέμμα
1407 2016 1670 2092 βούλεται,
1708 2017 1877 2094 Πάτερ
1909 2035 1926 2096 ;

622 2104 798 2171 Δὲξειν
825 2130 877 2163 τι
907 2107 1086 2162 καινὸν
1117 2103 1330 2181 ἒκόιάζῃ
1360 2127 1449 2181 μοι
1496 2105 1664 2184 τάχα.

623 2190 772 2251 Ἀλλ’
802 2195 897 2253 οὒκ
929 2193 989 2252 ἂν
1019 2193 1187 2274 εὕροις
1227 2213 1242 2228 ⁶
1289 2200 1392 2250 πᾶν
1435 2195 1534 2272 γὰρ
1578 2191 1868 2270 ἀνθρώποις
1898 2189 2062 2256 ξένον,

426 2280 580 2345 1340
623 2278 944 2363 Ἐγνώρισαν
972 2284 1259 2363 φθάσαντες
1291 2285 1340 2340 οἱ
1383 2285 1464 2340 σοί
1516 2304 1606 2357 μοι
1649 2280 1821 2359 λόγοι,

741 2362 865 2446 1ς’,
903 2395 930 2427 α
965 2362 1051 2435 Εἰς
1079 2375 1170 2427 τὸν
1200 2373 1367 2451 μέγαν
1399 2371 1695 2428 Βασίλειον.
1731 2390 1760 2428 )

701 2458 1014 2539 Ἐπιπρέπει
1044 2483 1123 2525 τις
1157 2463 1469 2537 σεμνοποιὸς
1501 2459 1750 2539 ὠχρότης

623 2548 710 2615 Ἐξ
741 2549 1044 2628 ἐγκρατείας
1070 2553 1146 2624 τῷ
1175 2558 1321 2629 σοφῷ
1353 2547 1672 2622 διδασκάλῳ.

417 2708 630 2771 chrum
660 2705 980 2769 conturbes
1010 2716 1252 2782 cretum,
1286 2715 1346 2770 et
1374 2707 1596 2770 mnndo
1647 2706 1875 2769 divinos
1907 2704 2056 2766 sub-

1652 285 1897 356 JOANN
1905 291 1972 353 IS
2015 289 2573 356 EUCHAITENSIS

3629 294 3756 358 H36

2361 424 2510 482 Ἀλλ’
2541 428 2583 481 εἰ
2612 424 2849 500 λαλήσμι
2883 431 2994 497 (ζῇν
3025 429 3122 506 γὰρ
3152 425 3301 484 δοκεῖ
3320 430 3407 484 καὶ
3433 430 3637 508 τύπος)⁷

2358 518 2534 592 Τρυφὴ
2562 517 2622 571 τὸ
2654 519 2866 593 χρῆμα,
2899 514 3202 595 φαιδρότης,
3235 519 3323 572 καὶ
3352 520 3662 594 τερπνότης.

2167 600 2317 665 1344
2361 605 2544 660 Οἷκοῦν
2577 605 2642 658 τὰ
2668 603 2827 682 χείλη
2859 605 2989 681 πρὸς
3018 603 3208 682 λόγους
3239 606 3396 676 κίνει,
3433 607 3619 683 Πάτερ,

2356 702 2489 774 ’ξοτξς
2532 695 2618 750 καὶ
2661 694 2831 757 λίθους
2859 693 3164 772 θέλγοντας,
3201 694 3365 752 Ἀλλὰ
3395 697 3471 772 μὴ
3503 696 3645 774 λέγε,

2362 767 2386 788 ⁶¹⁹
2449 767 2460 771 ⁷
2568 781 2590 800 λ
2657 783 2670 804 ι
2875 785 2888 802 «ο
2966 767 2976 772 ⁷
3086 785 3096 804 ν
3320 781 3344 802 ν
3395 767 3406 772 “

2377 794 2520 862 Απερ
2563 781 2820 838 οιδασκων
2848 804 2921 846 εις
2952 786 3282 850 συναισθησιν
3314 806 3490 862 αγεις,

2359 872 2576 927 Δάκνειν
2606 873 2704 949 γὰρ
2747 869 2863 928 οἶδε
2893 878 3055 926 ταῦ-τα
3088 870 3202 946 (κᾶν
3235 874 3400 949 στάζῃ
3433 871 3587 950 μέλι)

2353 962 2481 1024 Τοὺς
2513 959 2688 1015 ἕλκεσι
2717 961 2992 1039 βρύοντας,
3025 960 3076 1024 ἐξ
3103 963 3175 1016 ὧν
3207 962 3522 1039 στυγνότης,

2154 1047 2310 1108 1350
2355 1049 2487 1126 Πρὸς
2517 1049 2582 1114 ἣν
2614 1049 2866 1126 ἐπαρκεῖς
2896 1051 2983 1104 καὶ
3013 1049 3228 1128 γραφεὶς
3272 1047 3408 1106 οὕτω
3448 1051 3634 1110 μόνον.

2539 1145 2637 1217 ΙΖ’,
2677 1179 2703 1210 σ
2741 1157 2826 1218 Εἰς
2871 1156 2991 1218 τοὺς
3023 1169 3167 1232 τρεῖς
3212 1156 3346 1230 ἅμα,
3385 1180 3411 1212 ι

2432 1262 2587 1339 Τριὰς
2620 1263 2718 1336 μὲν
2748 1265 2888 1340 εὗρεν
2918 1264 3217 1340 ἰσαρίθμους
3247 1265 3570 1343 συμμάχους
3604 1281 3616 1293 '

2358 1340 2726 1429 ’Υπερμαχους
2758 1349 2802 1406 δ’
2849 1349 3038 1416 ἔστησε
3069 1351 3243 1412 πίστις
3273 1340 3476 1422 ἐνθάδες

2345 1437 2586 1517 ίΑνάξιον
2615 1440 2858 1517 κρίνασα,
2893 1441 2980 1494 καὶ
3010 1437 3189 1516 πόρῥω
3230 1438 3411 1516 λόγου,

2349 1513 2442 1605 Ῐιὶν
2471 1540 2585 1590 τοῖς
2616 1527 2794 1605 λόγοις
2828 1529 3054 1600 σύνεστι,
3086 1530 3165 1601 μὴ
3195 1530 3282 1584 καὶ
3312 1543 3427 1591 τοῖς
3459 1531 3668 1592 τύποις,

2152 1611 2304 1677 1355
2352 1597 2494 1695 ῗρθεν
2517 1597 2798 1695 γραφέντες
2832 1623 2926 1691 ζῇν
2959 1597 3166 1673 δοκούσι
3195 1617 3282 1672 καὶ
3311 1615 3484 1694 λέγειν

2355 1687 2511 1782 Ἅπερ
2531 1687 2778 1783 ’τρέρουσιν
2808 1687 3166 1784 αἱτθεόγραφοι
3213 1687 3411 1766 Βίϐλοι,

2349 1795 2554 1860 Ταύτην
2585 1791 2812 1868 ἀμοιϐὴν
2851 1806 2968 1855 τοῖς
2999 1791 3328 1858 διδασκάλοις
3357 1793 3506 1868 νέμει

2350 1881 2537 1946 Εὔνους
2569 1882 2838 1956 μαθητὴς,
2877 1881 3084 1948 οἰκέτης
3116 1880 3389 1948 Ἰωάννης,

2479 1992 2591 2064 1Η’,
2629 2025 2656 2056 α
2693 2004 2778 2064 Εἰς
2824 2003 2914 2057 τὸν
2944 2002 3094 2079 ἅγιον
3125 2001 3404 2061 Νικόλαον.
3440 2026 3470 2056 ι

2431 2111 2592 2166 Αὐτὸν
2624 2115 2798 2187 κρατῶ
2828 2131 2885 2163 σε
2916 2105 3194 2187 προσδυνῶ
3237 2129 3292 2163 τε
3322 2110 3409 2164 καὶ
3439 2107 3650 2183 βλέπω.

2149 2195 2305 2260 1360
2347 2198 2508 2260 Αὐτὸν
2536 2204 2714 2277 κρατῶ
2737 2219 2794 2253 σε
2827 2216 2844 2236 ο
2877 2199 2968 2252 σὸν
2999 2195 3053 2252 δὲ
3081 2195 3140 2246 90
3169 2202 3323 2272 σῶμα
3353 2198 3439 2252 καὶ
3469 2195 3612 2270 τόδε,

2346 2287 2488 2364 Ανὴρ
2533 2285 2762 2364 ἐναργως
2792 2283 3112 2363 πρεσϐύτης,
3148 2284 3241 2340 Ἐκ
3271 2285 3577 2363 χρωμάτων

2349 2376 2520 2453 Σαφές
2562 2376 2622 2430 τὸ
2653 2381 2807 2450 σῶμα
2839 2390 2853 2404 ⁶
2889 2376 3091 2448 πνεύμα
3120 2371 3166 2428 δ’
3197 2373 3258 2429 ἄν
3289 2396 3370 2430 σοι
3414 2375 3504 2428 καὶ
3552 2371 3704 2448 λόγον

2346 2461 2507 2538 Ἐμὸν
2535 2463 2834 2543 παρέσχον,
2867 2465 2909 2517 εἷ
2940 2459 3124 2518 λαϐεῖν
3162 2460 3462 2528 κατηξίους.

2345 2553 2523 2615 Οὕτως
2550 2552 2697 2631 ἔχειν
2729 2553 2887 2615 πόθος
2931 2573 2997 2626 με
3043 2554 3229 2626 πείθει,
3262 2551 3348 2606 καὶ
3379 2548 3584 2626 λέγειν.

2137 2710 2372 2774 vivendi
2396 2711 2591 2792 typus)
2618 2711 2732 2772 hoc
2761 2718 2850 2772 est
2879 2709 3128 2782 deliciae,
3162 2707 3468 2788 gaudium,
3496 2716 3559 2770 et
3580 2708 3762 2786 jucun-

420 2797 621 2859 trahas
650 2813 980 2858 sermones.
1013 2797 1095 2857 Ex
1116 2798 1292 2858 tertio
1311 2813 1565 2877 namque
1582 2796 1730 2858 caelo
1754 2793 2060 2857 nuncillos
2140 2799 2316 2866 ditas,
2348 2800 2530 2862 Labia
2561 2817 2722 2878 ergo,
2757 2797 2952 2872 Pater,
2985 2815 3152 2858 move
3172 2797 3245 2857 ad
3285 2813 3603 2857 sermones
3633 2795 3765 2874 ipsas

415 2889 594 2956 affert
627 2889 919 2954 aatbereus
963 2888 1199 2950 Paulus.
1251 2891 1485 2950 Manum
1536 2897 1734 2951 autem
1785 2905 1954 2949 move
1986 2887 2058 2948 ad
2141 2899 2338 2970 petras
2368 2889 2777 2951 demulcentes
2811 2910 2824 2946 :
2862 2886 2964 2948 sed
2998 2907 3072 2948 ne
3099 2887 3262 2947 dicas
3293 2903 3426 2966 qua;
3454 2884 3681 2947 docens
3705 2881 3758 2942 ad

419 2975 740 3059 Scriptura;
760 2976 1112 3051 subsidium,
1143 2976 1304 3039 orbis
1326 2977 1584 3038 universi
1608 2977 2533 3060 miraculum,osnsympathiam
2586 2978 2736 3054 agis.
2786 2975 3134 3038 Contristari
3181 2974 3341 3034 enim
3395 2982 3622 3034 norunt
3676 2973 3761 3032 ista

415 3082 684 3134 aureum.
709 3063 968 3140 Imitare,
1003 3066 1078 3126 de
1114 3073 1352 3140 caetero,
1385 3084 1565 3144 quem
1597 3073 1736 3128 ante
1768 3065 1922 3126 fores
1953 3082 2053 3124 as-

417 3153 605 3234 picis;
639 3172 774 3216 cum
804 3153 916 3215 isto
947 3155 1164 3216 mirare
1187 3163 1245 3215 et
1274 3172 1611 3234 persevera.

525 3245 672 3310 XIV.
706 3245 784 3308 1η
809 3255 1088 3310 sanctum
1117 3246 1413 3309 Joannem
1459 3248 1972 3327 Chrysostomum.

495 3337 650 3402 Num
696 3339 918 3418 lingua,
972 3340 1180 3419 pictor,
1234 3341 1430 3418 ignem
1481 3339 1744 3418 spirante
1791 3337 2049 3414 inventa,

412 3427 599 3498 solam
629 3427 871 3490 timidus
901 3427 1333 3509 praetermisisti
1360 3427 1704 3490 ﬂammam?
1733 3432 1823 3492 An
1850 3428 2052 3489 omnia

357 3521 362 3524 ’
413 3517 638 3583 audens
665 3517 862 3596 ignem
892 3537 1125 3598 quoque
1155 3518 1434 3597 sculpens
1453 3515 1706 3595 adjicis?
1730 3517 1906 3578 Fatur
1925 3516 2052 3596 qui-

410 3604 546 3668 dem
574 3607 1055 3687 hortationesque
1100 3606 1530 3688 loquiturzsed
1575 3625 1645 3668 ex
1691 3605 2050 3667 abStinentia

409 3702 610 3772 guttur
635 3695 838 3757 haeret.
871 3698 1068 3758 Meum
1093 3705 1182 3756 est
1199 3695 1524 3774 reliquum:
1551 3713 1668 3755 non
1693 3693 1852 3755 enim
1874 3710 2050 3756 aures

409 3782 658 3862 praebui.
688 3781 856 3846 Nunc
881 3784 1063 3863 igitur
1096 3784 1443 3864 conjiciens,
1479 3783 1619 3864 quid
1650 3783 1796 3844 mihi
1835 3783 2045 3862 loqua-

407 3878 524 3948 tur,
559 3870 765 3938 sciam.
797 3873 922 3935 Ahl
953 3891 1050 3934 me
1079 3875 1255 3934 vitam
1286 3883 1674 3935 contemnere
1705 3871 1934 3934 suadet.

564 3959 695 4022 XV.
727 3960 800 4023 In
829 3970 1110 4025 sanctum
1143 3959 1510 4041 Gregorium
1543 3960 1901 4040 theologum.

489 4050 641 4125 Quid
673 4052 781 4115 tibi
810 4053 934 4116 vult.
977 4054 1076 4115 hic
1121 4052 1548 4131 cogitabundus
1579 4054 1791 4128 vultus,
1827 4053 2046 4116 Pater?

407 4139 500 4204 Ad
529 4160 740 4203 novum
773 4141 916 4223 quid
946 4141 1095 4204 mihi
1122 4143 1316 4202 statim
1349 4141 1668 4205 dicendum
1709 4141 1912 4221 cogis:
1941 4143 2046 4206 sed

409 4247 531 4294 non
557 4230 886 4306 invenires,
936 4239 1092 4291 totus
1136 4230 1294 4293 enim
1344 4229 1684 4291 hominibus
1729 4241 2047 4295 extraneus

410 4325 524 4382 est.
550 4316 662 4386 Tui
691 4336 1000 4384 sermones
1021 4319 1145 4398 jam
1179 4319 1326 4379 mihi
1356 4319 1788 4381 revelaverant.

755 4410 906 4475 XVI.
937 4409 1009 4472 In
1042 4429 1328 4491 magnum
1357 4412 1676 4474 Basiliam.

490 4503 830 4584 Sapientem
860 4504 1205 4582 magistrum
1235 4503 1410 4565 decet
1436 4505 1792 4568 venerabilis
1817 4524 1886 4569 ex
1907 4527 2044 4572 con-

415 4592 888 4673 tinentiapallor.
911 4593 976 4658 Si
998 4610 1136 4654 vero
1157 4593 1431 4674 loquatur
1453 4594 1708 4674 (videtur
1722 4595 1880 4659 enim
1909 4617 2044 4664 esse

490 4752 552 4804 19
577 4777 664 4833 γρ,
697 4754 732 4823 ἡ
763 4751 979 4831 γλῶσσα
1024 4759 1234 4832 νευρῶν.
1318 4751 1378 4803 ³ο
1404 4777 1490 4834 γρ.
1511 4757 1702 4832 θαῦμα.

2141 3059 2300 3140 (licet
2327 3067 2442 3129 mel
2471 3066 2776 3136 distillant)
2805 3063 3146 3124 vulneribus
3175 3068 3467 3140 gravatos,
3503 3081 3537 3123 e
3569 3059 3764 3142 quibus

2137 3166 2226 3219 est
2255 3155 2513 3230 tristitia,
2548 3162 2754 3216 contra
2803 3171 2980 3234 quam
3024 3152 3215 3213 solum
3263 3152 3350 3213 sic
3394 3151 3620 3233 scripto
3651 3148 3759 3210 suf-

2137 3244 2284 3306 ﬁcis.

2618 3334 2796 3400 XVII.
2829 3335 2902 3397 In
2931 3341 3048 3398 tres
3075 3333 3282 3396 simul.

2212 3430 2468 3492 Trinitas
2498 3429 2736 3510 quidem
2770 3445 3015 3489 numero
3048 3445 3219 3504 pares
3235 3424 3463 3486 invenit
3482 3422 3764 3487 commili-

2135 3528 2323 3582 tones.
2352 3519 2706 3582 Defensores
2728 3527 2928 3578 autem
2963 3516 3060 3576 hic
3080 3518 3267 3576 erexit
3288 3515 3438 3575 ﬁdes
3466 3513 3760 3592 indignum

2133 3617 2189 3667 et
2218 3605 2562 3668 irrationale
2589 3605 2889 3684 judicans,
2917 3622 3165 3683 quorum
3199 3603 3584 3663 sermonibus
3604 3601 3759 3670 inest,

2132 3713 2338 3756 eorum
2371 3694 2700 3754 noninesse
2733 3693 2902 3772 typis.
2929 3691 3098 3755 Unde
3116 3690 3335 3770 depicti
3359 3694 3561 3752 vivere
3582 3689 3762 3748 viden-

2132 3793 2224 3844 tur
2245 3802 2313 3843 ac
2342 3783 2541 3843 dicere
2563 3801 2694 3862 qua;
2724 3784 2919 3844 ferunt
2951 3781 3134 3842 divini
3163 3779 3352 3842 Libri.
3387 3778 3560 3841 Hanc
3603 3776 3762 3838 vicis-

2129 3872 2445 3933 situdinem
2480 3871 2775 3948 magistris
2798 3871 3044 3951 partitur
3070 3867 3396 3930 benevolus
3416 3865 3759 3948 discipulus,

2126 3977 2331 4023 servus
2357 3959 2639 4024 Joannes.

2441 4064 2647 4130 XVIII.
2681 4065 2757 4128 In
2785 4073 3065 4128 sanctum
3097 4062 3440 4127 Nicolaum.

2205 4159 2401 4236 Ipsum
2436 4167 2492 4220 te
2516 4159 2862 4238 amplector,
2891 4176 3258 4238 venerorque
3277 4175 3344 4218 ac
3371 4157 3753 4238 contemplor.

2127 4245 2321 4326 Ipsum
2381 4255 2437 4308 te
2495 4248 2876 4326 complector.
2923 4249 3111 4309 Tuum
3163 4253 3358 4307 autem
3419 4265 3642 4325 corpus
3686 4250 3762 4306 est

2065 4333 2304 4439 Distud,
2338 4336 2423 4396 vir
2443 4337 2567 4416 jam
2621 4337 2847 4398 senior.
2900 4337 2989 4398 Ex
3035 4334 3337 4397 coloridus
3388 4335 3637 4396 evidens
3687 4339 3760 4395 est

2127 4441 2364 4503 corpus.
2398 4426 2492 4486 An
2521 4435 2719 4488 autem
2769 4423 2870 4485 tibi
2913 4442 3046 4485 cum
3097 4422 3308 4503 spiritu
3358 4440 3563 4484 meum
3626 4440 3757 4502 quo-

2125 4530 2242 4592 que
2269 4531 2608 4577 sermonem
2649 4513 2909 4585 exhibui,
2944 4511 3118 4576 modo
3162 4511 3430 4591 recipere
3479 4510 3755 4595 digneris.

2125 4598 2223 4664 Sic
2254 4619 2386 4665 esse
2416 4611 2475 4665 et
2503 4602 2667 4683 loqui
2694 4621 2790 4666 me
2818 4600 3026 4665 suadet
3056 4598 3315 4668 indoles.

1759 4915 2013 4983 Matthaei
2038 4918 2208 4985 Busti
2237 4927 2413 4985 nota.

407 5073 743 5139 metuebat:
779 5072 1037 5154 ideoque
1049 5078 1240 5154 noctu
1267 5072 1342 5134 ad
1372 5080 1639 5134 sanctum
1690 5073 2038 5154 Cbrysosto-

403 5172 566 5218 mum
597 5151 989 5235 commeabat,
1024 5151 1111 5213 illi
1138 5163 1203 5213 ut
1225 5169 1460 5235 causam
1494 5170 1659 5213 suam
1693 5151 2037 5235 exponeret,

403 5244 582 5316 atque
612 5235 713 5316 illo
752 5233 905 5316 apud
959 5232 1380 5312 imperatorem
1429 5231 1869 5316 intercedente,
1915 5231 2042 5316 pri;

404 5312 620 5378 stinam
651 5312 1020 5392 dignitatem,
1054 5316 1101 5371 si
1135 5321 1353 5390 posset,
1395 5321 1794 5392 recuperaret.
1821 5312 2040 5378 Verum

401 5394 545 5457 dum
601 5391 870 5472 sanctum
918 5391 1363 5472 illumﬂt'atrem
1421 5391 1692 5472 privatim
1741 5411 1872 5454 cum
1923 5397 2039 5458 alio

399 5475 837 5556 colloquentem
853 5469 1236 5556 interpellare
1247 5469 1824 5556 verecundatur,tres
1835 5485 2040 5540 noctes

401 5550 710 5616 continuas
745 5551 820 5613 ad
849 5553 1064 5612 ostium
1095 5550 1487 5631 prastolatur,
1522 5559 1580 5613 et
1606 5569 1835 5615 summo
1864 5571 2038 5620 mane

2122 5080 2360 5144 domum
2377 5097 2442 5140 re
2455 5078 2674 5161 infecta
2690 5077 3378 5161 terrevertitur.Proclus
3392 5092 3587 5146 autem
3607 5081 3765 5161 igno-

2121 5179 2276 5244 rans
2300 5177 2552 5244 quanam
2603 5159 2906 5244 ingressus
2935 5166 3092 5244 esset
3128 5158 3179 5244 is
3209 5159 3309 5244 qui
3348 5158 3765 5244 Cbrysostomo

2124 5239 2459 5302 lucubrami
2503 5241 2749 5325 astabat,
2799 5239 3044 5298 attonito
3073 5239 3304 5325 similis
3330 5239 3598 5325 stupet;
3637 5258 3768 5301 mox

2127 5329 2322 5381 tamen
2355 5319 2646 5399 comperit
2675 5317 2832 5379 hunc
2877 5336 2993 5399 non
3034 5317 3214 5380 alium
3264 5317 3465 5382 fuisse'
3490 5343 3524 5385 a
3557 5317 3766 5384 sancto

2123 5399 2325 5482 faulo,
2357 5397 2538 5482 idque
2557 5418 2674 5482 non
2707 5397 2947 5458 aliunde
2983 5416 3158 5482 quam
3199 5401 3353 5482 quod
3400 5405 3544 5482 oris
3563 5400 3767 5482 specie

2119 5478 2424 5543 Paulinam
2449 5478 2727 5562 efﬁgiem,
2753 5496 2929 5559 quam
2961 5478 3236 5562 religiose
3267 5479 3500 5546 colebat
3514 5478 3766 5562 Chryso-

2122 5568 2369 5639 stamus,
2402 5561 2652 5623 referret
2680 5556 2859 5638 atque
2884 5556 3262 5637 exprimeret.
