4008 6114
227 262 389 328 1149

445 406 601 480 ρπως
635 399 880 471 συνέστη,
911 402 999 457 καὶ
1040 398 1154 457 καθ’
1187 399 1365 458 ὅντινα
1393 402 1613 480 τρόπον,

433 468 562 551 υΙιίξω
592 487 833 566 φέρονται
864 498 956 548 τοῦ
982 491 1341 569 προσήκοντος
1369 488 1551 569 λόγου,

431 575 648 654 Σκάφην
682 573 737 618 ³⁸
792 576 1076 642 καλοῦντες
1144 579 1267 656 (τὴν
1320 576 1674 658 ὑμνουμένην)
1742 578 1880 633 σκά-

1472 669 1598 745 [σην
1627 664 1742 741 (21)
1779 687 1795 748 ;

431 752 490 834 ἐί
519 748 565 806 δ’
610 750 670 810 ἄν
698 773 778 815 τις
810 752 956 810 εἴποι
985 754 1084 821 τῆν
1115 760 1329 834 πρᾶσιν,
1361 753 1502 823 πλὴν
1533 756 1569 825 ἢ
1599 756 1760 813 πόνον

270 837 391 900 ’775
441 819 594 918 ’ὅπερ
623 840 853 921 πέφυκεν
885 819 1218 919 ἀντιλήψεως
1262 819 1404 899 δόσιν
1438 863 1454 924 ;

433 930 606 1011 Μόνον
634 930 908 1009 προσέστω
935 930 1105 1011 κέρμα
1124 936 1201 1006 τῷ
1230 932 1570 1010 πεπραμένῳ,

442 1008 532 1080 Ὠς
563 1017 624 1074 ἂν
653 1008 784 1097 πρὸς
815 1008 1160 1098 ἀντάλλαγμα
1191 1021 1269 1096 μῆ
1298 1008 1635 1096 συνεμπέσοι.

431 1103 575 1199 ξἘγὼ
603 1107 701 1181 μὲν
731 1106 867 1163 οὕτω
896 1108 994 1175 τῆν
1023 1114 1213 1187 πρᾶσιν
1243 1110 1424 1185 μαθὼτ
1465 1107 1608 1187 λέγω
1642 1128 1656 1141 ⁶

453 1193 614 1251 Αλλοι
645 1192 689 1250 δ’
721 1194 854 1260 ἴσως
898 1195 1181 1273 βλέποντες
1211 1200 1364 1265 ἡπῶν
1393 1219 1442 1254 τι
1472 1196 1658 1273 πλέον,

267 1279 389 1344 ’780
434 1282 545 1365 pint
571 1283 686 1340 ἀντὶ
714 1291 914 1364 χρυσοῦ
943 1308 1069 1365 φασι
1112 1290 1405 1365 πεπρᾶσθαι
1434 1285 1574 1363 τόδε,

440 1361 648 1437 Ἀπλῶς
681 1361 969 1452 δέν-χρυσοῖό
997 1373 1109 1430 δεῖν
1139 1361 1356 1455 γράφειν
1384 1397 1440 1431 τε
1469 1361 1563 1431 καὶ*
1585 1374 1780 1455 λέγειν.

434 1462 542 1526 Τῆς
573 1459 844 1539 ἀκριϐείας
870 1466 973 1520 τῶν
1017 1459 1342 1520 διδασκάλων
1373 1462 1473 1530 ὅση
1505 1482 1521 1542 ;

427 1554 547 1613 Πῶς
577 1547 631 1592 39
655 1549 742 1607 οὖν
772 1551 979 1608 ἐκεῖνον
1007 1554 1097 1607 τὸν
1128 1551 1309 1620 Θαλῆν
1350 1574 1429 1618 τις
1457 1551 1713 1628 θαυμάσοι
1737 1571 1755 1625 ;

431 1639 592 1718 Σοφοὶ
622 1639 718 1714 μὲν
749 1642 913 1714 οὗτοι,
945 1642 1034 1697 καὶ
1076 1637 1139 1696 τὸ
1178 1638 1351 1719 δόγμα
1381 1648 1485 1698 τῶν
1514 1640 1649 1699 πάνυ
1680 1657 1695 1673 ⁸

266 1724 388 1787 785
432 1716 735 1806 ’Υπεριρυῶς
779 1729 879 1807 γὰρ
912 1729 1021 1784 ἐστι
1065 1735 1168 1786 τῶν
1202 1716 1543 1809 ἀποκρύφων.

427 1815 487 1872 Τί
514 1812 560 1869 δ’
588 1817 622 1882 ἡ
672 1817 913 1895 πρόθεσις
942 1824 1134 1892 ζημιοῖ
1177 1817 1535 1896 προσκειμένῃ
1564 1838 1580 1898 ς

432 1900 724 1994 ἱερήσομαι
754 1906 854 1983 γὰρ
882 1907 972 1961 τὸν
1002 1903 1255 1979 δικαστὴν
1288 1913 1379 1962 τοῦ
1405 1905 1565 1985 λόγου
1602 1921 1616 1936 ⁸

462 1998 507 2049 Η
530 1997 643 2058 πῶς
686 2002 951 2072 παροῦσαν
985 1996 1128 2059 αὖθις
1171 1993 1344 2058 ἕλκεις
1374 1997 1446 2061 εἰς
1490 1995 1647 2072 μέσον
1674 2016 1689 2076 ς

434 2087 553 2145 Πῶς
583 2082 685 2161 γὰρ
713 2084 924 2153 νοήσεις
955 2085 1016 2141 τὸ
1044 2088 1305 2156 πραθῆναι
1335 2087 1576 2166 χρυσίου,

271 2167 390 2233 790
431 2172 520 2236 Μὴ
549 2170 863 2249 προσλαϐὼν
902 2171 1086 2238 ἔξωθεν
1118 2174 1282 2241 αὒτην
1326 2174 1614 2255 ἀγράφως;

435 2269 532 2316 Δεῖ
560 2262 659 2340 γὰρ
704 2284 770 2337 με
802 2263 1011 2328 πάντως
1039 2265 1171 2341 πρὸς
1216 2264 1274 2320 σὲ
1304 2270 1409 2321 τῶν
1439 2271 1545 2321 σῶν
1565 2286 1615 2320 τι
1645 2262 1710 2313 4ο
1751 2284 1886 2342 φρα-

1659 2350 1797 2431 [σαι.

431 2434 606 2530 ξἈλῖυ²
635 2441 707 2503 ὼς
739 2438 902 2520 ἔοικε,
936 2445 1036 2507 τῆς
1079 2443 1368 2521 σαφηνείας
1400 2443 1561 2522 χάριν

455 2538 739 2608 Αχρηστος
767 2531 802 2597 ἡ
833 2528 1084 2597 δύστηνος
1116 2532 1244 2605 ὑμῖν
1265 2531 1472 2610 εὖρέθη.

439 2618 510 2674 Τὸ
540 2618 637 2695 γὰρ
683 2617 844 2697 σαφές
887 2639 945 2674 τε
976 2619 1064 2674 καὶ
1093 2617 1358 2697 πρόδηλον
1389 2617 1443 2675 ἐν
1485 2618 1691 2699 λόγοις,

170 2710 185 2727 ⁹
271 2704 395 2768 795
441 2705 801 2785 Δυγογράφοις
844 2704 1079 2776 ἣδιστον,
1114 2708 1172 2763 οὗ
1204 2706 1612 2788 σχεδογρᾶφοις,

436 2796 535 2854 Καὶ
576 2804 740 2852 ταῦτα
767 2794 955 2861 κλῆσιν
994 2793 1120 2873 (22)
1184 2798 1245 2852 τὸ
1276 2794 1476 2876 σχέδην
1505 2796 1880 2871 κεκτημένοις,

1605 262 1897 332 VERSUS
1941 268 2260 332 IAMBICI.

3456 260 3604 334 1150

2165 408 2382 486 Γρίφους
2415 406 2468 463 δέ
2499 431 2577 464 σοι
2609 408 2857 466 πλέκοντι
2890 411 3006 472 τοὺς
3039 408 3091 465 ἐν
3122 416 3198 482 τῷ
3228 406 3407 487 σχέδει

2170 493 2435 575 Ἐπαχθές
2467 497 2580 554 ἐστι
2610 503 2712 553 πᾶν
2755 498 3062 578 πρόχειρον,
3093 498 3182 553 καὶ
3211 494 3411 577 σχέδην
3447 515 3464 533 ο

2157 580 2310 666 ’ῥλλθ
2338 584 2517 642 ἕνεκέν
2544 607 2624 661 τε,
2672 587 2759 642 καὶ
2788 587 2970 666 χάριν,
3001 588 3088 642 καὶ
3128 583 3325 646 τοιάδε.

2003 668 2122 733 800
2173 653 2234 728 ’,Η
2263 673 2359 740 τὴν
2387 675 2515 753 ὑπὲρ
2543 653 2655 730 δεέν
2684 653 2921 743 ἀντὶκτῆς
2953 653 3065 731 αντὶ
3094 674 3305 753 φράσεις

2164 761 2252 826 Εἷς
2280 762 2631 842 συμπέρασμα
2660 773 2751 823 νοῦ
2779 763 2938 842 λόγου
2966 759 3419 844 προσλαμϐάνειν,

2165 847 2407 932 μάλιστα
2435 852 2532 927 μὲν
2561 852 2675 916 πῶς
2699 871 2715 932 ;
2761 852 2873 908 ἀντὶ
2901 853 3001 930 γὰρ
3028 852 3211 909 τούτου
3238 848 3356 908 τόδε

2164 920 2407 1019 ῗᾼμεινον
2436 920 2607 997 εἰπεῖν
2638 920 2839 1017 μέλλον
2872 920 3013 997 είναι
3043 940 3142 1008 τῆν
3172 945 3388 1019 πρᾶσιν,

2266 1028 2386 1093 τοὺς
2416 1031 2690 1094 τοσούτους
2722 1028 3114 1110 έκπεριτρέχειν
3148 1027 3369 1091 κύκλους

2005 1115 2127 1178 8Οὸ
2166 1097 2385 1175 ’,Επειτα
2414 1117 2588 1186 πολλῆ
2619 1097 2894 1198 σδγγένεία
2924 1097 3055 1198 πρδς
3086 1116 3207 1174 τάδε

2166 1211 2244 1283 Γῆ
2267 1207 2505 1287 προθέσει
2534 1207 2782 1286 πρόσεστι
2813 1206 3237 1286 μαρτυρουμένη,

2166 1293 2304 1353 Ἀνθ’
2333 1300 2406 1353 ὢν
2436 1296 2633 1377 πέφυκε
2662 1294 3014 1372 λαμϐάνεσθαι
3042 1294 3326 1359 πολλάκις.

2173 1389 2290 1447 [Ιῶς
2335 1385 2421 1443 οὖν
2452 1388 2679 1464 στερηθῇ
2709 1391 2815 1442 τῶν
2846 1385 3036 1452 ἑαυτῆς
3068 1381 3242 1441 ἐνθάδε
3272 1402 3290 1463 ;

2163 1480 2298 1546 Νικᾷ
2324 1475 2374 1523 4⁸
2410 1472 2477 1530 δι’
2520 1475 2723 1554 ἀμφοῖν
2758 1493 2771 1507 ⁸
2814 1474 2949 1531 ὥστε
2980 1472 3362 1553 συγχωρητέα.

2003 1559 2125 1627 810
2267 1561 2312 1618 δ’
2344 1561 2501 1626 ἄλλος
2534 1563 2696 1631 αὐτὴν
2726 1562 2983 1629 ἐξελαύνει
3014 1585 3093 1627 τις
3122 1561 3300 1640 λόγος,

2166 1633 2229 1712 ’,Η
2257 1651 2448 1726 δεῖξον,
2481 1654 2518 1720 ῆ
2545 1653 2787 1734 σίγησον,
2818 1654 2855 1720 ῆ
2885 1652 3045 1719 δόξεις
3071 1633 3245 1728 μάτην

2166 1740 2509 1821 Ἐπηρεάζειν
2536 1740 2594 1791 49
2622 1756 2739 1806 τοῖς
2769 1742 3060 1806 ἆνευθύνοις
3091 1740 3296 1819 λόγοις.

2167 1832 2275 1905 Οὐκ
2301 1830 2530 1908 εὐλόγως
2575 1828 2629 1886 δὲ
2656 1837 2748 1887 τοῦ
2774 1829 2933 1909 λόγου
2962 1831 3052 1887 τὸν
3082 1829 3383 1908 προστάτην

2164 1919 2355 1999 Λόγοις
2385 1919 2650 1999 μάχεσθαι
2682 1917 2878 1999 σφόδρα
2906 1924 3011 1977 τῶν
3041 1918 3163 1976 ἄνευ
3189 1917 3252 1969 45
3279 1917 3463 1997 λόγου.

2167 2039 2295 2123 AI“,
2335 2069 2359 2102 α
2409 2049 2544 2128 Πρὸς
2577 2048 2697 2112 τοὺς
2740 2048 2969 2127 ἀκαίρως
2999 2048 3359 2127 στιχίζοντας.
3413 2070 3439 2102 ιι

2166 2170 2285 2235 815
2311 2171 2378 2221 44
2419 2179 2639 2251 Αριστον
2668 2173 2810 2228 εἶναι
2839 2177 2942 2229 πᾶν
2976 2171 3165 2252 μέτρον
3194 2169 3418 2251 προεῖπέ
3446 2193 3527 2234 τις
3560 2187 3573 2201 ·

2168 2260 2330 2339 Κάγὼ
2367 2258 2421 2317 δὲ
2453 2273 2666 2340 μετρεῖν
2695 2257 2880 2339 πρᾶξιν
2909 2258 3057 2324 εἰδὼς
3083 2261 3173 2317 καὶ
3199 2258 3384 2339 λόγον,

2167 2349 2387 2429 Μέτροις
2428 2351 2584 2427 ὁρίζω
2610 2350 2698 2405 καὶ
2738 2347 2927 2428 λόγους
2958 2351 3078 2414 τοὺς
3108 2348 3422 2429 ἐμμέτρους,

2162 2438 2364 2518 Μέτρον
2393 2435 2439 2494 δ’
2468 2438 2531 2494 ἃν
2573 2435 2664 2504 εἵη
2696 2444 2800 2494 πᾶν
2826 2440 2888 2497 τὸ
2917 2437 3227 2518 συμμέτρως
3268 2436 3421 2517 ἕχον,

2163 2527 2362 2606 Μέτρον
2392 2524 2438 2583 δ’
2468 2525 2690 2606 ἄμετρον
2721 2525 2958 2603 οὐδαμῶς
2990 2527 3195 2607 μέτρων
3216 2526 3388 2606 λέγω.

2006 2616 2126 2678 820
2168 2617 2365 2673 Σκόπει
2393 2617 2455 2672 τὸ
2482 2615 2664 2692 ῥητὸν,
2693 2617 2783 2672 καὶ
2809 2617 2957 2681 σύνες
2989 2617 3122 2673 τίσοι
3151 2615 3321 2695 λέγει’

2169 2697 2262 2763 Ἕκ
2310 2701 2563 2783 Πινδάρου
2608 2702 2672 2754 45
2698 2704 2797 2783 γὰρ
2844 2702 2967 2786 (23)
3020 2711 3172 2762 τοῦτο
3228 2711 3318 2762 τοῦ
3361 2706 3606 2785 σοφωτά-

3387 2795 3525 2876 [του.

236 2960 1381 3043 extravagaricensendisunt,scapham
1396 2962 1878 3025 vocantesfamo-
1963 2960 2196 3023 obvium
2229 2968 2289 3023 et
2317 2959 2592 3023 odiosum
2624 2971 2715 3023 est
2743 2983 2758 3037 ;
2790 2961 2894 3024 sed
2933 2979 3111 3025 voces
3154 2963 3312 3038 ideo,
3339 2969 3604 3044 propter,

236 3068 361 3149 sam
376 3049 851 3149 scap_ham‘.’Qu_id
865 3057 1062 3149 autern
1077 3051 1880 3149 quisvcnditionem-dixerit,
1904 3100 1943 3149 Ο
1969 3058 2026 3111 et
2054 3050 2170 3149 alia
2193 3050 2554 3149 hujusmodi,
2590 3051 3032 3149 vel-superpro
3085 3059 3297 3149 contra
3329 3051 3519 3149 placet
3547 3050 3608 3112 in

238 3138 354 3199 nisi
372 3140 525 3220 quod
551 3138 899 3201 naturaliter
916 3147 1003 3201 est
1019 3140 1214 3200 datum
1230 3158 1334 3219 pro
1350 3139 1518 3202 dato?
1535 3140 1735 3201 Solum
1751 3160 1886 3202 ven-
1908 3138 1943 3149 “”
1969 3139 2412 3201 conclusionem
2440 3139 2815 3202 sermonibus
2853 3140 2922 3200 ad
2933 3140 3158 3202 bibere.
3194 3139 3445 3202 Maxime
3469 3158 3606 3202 vero

236 3228 360 3289 dito
374 3228 750 3307 superveniat
775 3228 1121 3308 pecunia,ut
1142 3228 1201 3289 in
1223 3228 1746 3292 commutationem
1768 3248 1884 3290 non
1968 3228 2109 3309 quid
2130 3233 2157 3288 ’ἰ
2182 3228 2394 3292 Melius
2425 3237 2482 3289 et
2512 3228 2714 3291 dicere
2759 3230 2866 3290 hoc
2926 3248 3032 3310 pro
3089 3229 3201 3291 isto
3231 3247 3365 3290 esse
3396 3228 3604 3291 vendi-

237 3316 558 3396 cedat.Ego
582 3317 822 3395 quidem
842 3318 928 3377 sic
946 3316 1288 3378 venditione
1315 3317 1583 3394 designo.
1606 3317 1720 3381 Alii
1748 3336 1886 3380 vero
1970 3317 2402 3398 tionem,quam
2418 3316 2991 3397 exspattari.Deinde
3008 3317 3602 3398 multapropinquitas

233 3404 383 3467 forte
407 3406 713 3487 plusquam
735 3423 843 3466 nos
863 3405 1132 3466 videntes
1149 3426 1263 3466 non
1290 3426 1395 3483 pro
1419 3425 1560 3466 auro
1588 3406 1882 3468 venditio-

234 3512 373 3555 nem
422 3494 654 3575 factam,
718 3493 824 3555 sed
879 3492 1227 3573 simpliciter
1282 3512 1426 3555 auro
1496 3494 1879 3556 scribendum

233 3600 302 3643 ac
324 3582 641 3644 dicendum
668 3583 895 3645 dicunt.
922 3581 967 3644 Ο
993 3583 1405 3660 magistrorum
1433 3584 1836 3645 sinceritatem
1862 3585 1876 3644 ι

236 3669 348 3742 Qui
370 3689 507 3750 ergo
528 3689 642 3731 non
670 3670 916 3730 miretur
938 3669 1287 3731 Thaletem?
1309 3669 1616 3751 Sapientes
1641 3672 1879 3753 quidem

233 3759 330 3820 isti
357 3769 514 3840 sunt,
537 3769 594 3821 et
612 3757 867 3819 celebris
883 3758 1082 3838 opinio
1103 3767 1191 3819 est
1221 3778 1348 3839 qua:
1368 3768 1652 3839 supernat
1698 3762 1879 3821 mira-

239 3848 367 3909 cula
429 3847 785 3928 apocrypha.
846 3846 996 3920 Quid
1054 3857 1249 3909 autem
1317 3849 1563 3909 offendit
1614 3848 1882 3929 apposita

237 3937 609 4018 prapositio!
637 3936 1018 4015 InterrOgabo
1037 3936 1365 4017 questionis
1379 3937 1671 4017 judicent.
1695 3939 1880 4000 Num-

230 4026 368 4107 quid
390 4034 742 4104 praesentem
760 4024 972 4087 iterum
997 4024 1058 4086 in
1073 4044 1311 4087 causam
1336 4024 1547 4089 vocas?
1567 4024 1876 4099 Quomodo

232 4115 392 4177 enim
423 4134 566 4176 auro
621 4113 796 4176 vendi
847 4114 1191 4196 explicabis,
1257 4133 1326 4176 ea
1381 4115 1600 4177 deforis
1656 4114 1878 4194 absque

232 4207 450 4288 scripto
482 4225 598 4267 non
629 4215 930 4287 assumpta
950 4204 1279 4286 'IOpportet
1303 4205 1459 4267 enim
1495 4207 1667 4287 plane
1690 4225 1785 4267 me
1803 4206 1878 4267 de

1966 3405 2039 3467 ad
2072 3407 2179 3467 ista
2209 3405 2609 3487 praapositioni
2634 3406 2968 3469 testimonio
3000 3407 3180 3470 estad
3227 3425 3361 3487 quae
3387 3408 3599 3487 saepius

1964 3492 2248 3555 adhibere
2280 3503 2412 3555 nata
2442 3503 2552 3554 est.
2587 3496 2706 3556 Cur
2760 3494 2938 3572 igitur
2992 3495 3116 3556 suis
3172 3494 3264 3554 his
3292 3493 3604 3555 orbaretur

1967 3580 2420 3662 proprietatibus
2440 3580 2680 3643 ?V|ncit
2704 3581 2980 3662 utrinque
3008 3599 3021 3643 :
3054 3580 3211 3642 unde
3240 3580 3605 3642 admittenda

1967 3678 2077 3732 est.
2112 3667 2172 3730 Si
2202 3688 2339 3731 vero
2370 3669 2501 3749 quis
2557 3669 2709 3731 alius
2766 3687 2960 3732 sermo
3017 3669 3296 3751 propellit
3324 3687 3478 3744 eam,
3511 3669 3601 3730 vel

1967 3757 2236 3833 ostende,
2271 3758 2359 3819 vel
2412 3767 2561 3833 tace,
2622 3758 2712 3819 vel
2765 3758 2982 3819 frustra
3033 3756 3380 3819 calumniari
3411 3766 3604 3820 rectos

1963 3863 2269 3908 sermones
2299 3845 2614 3910 videberis.
2645 3848 2775 3911 Non
2805 3857 3002 3909 autem
3044 3847 3280 3927 expedit
3309 3847 3473 3908 verbi
3504 3866 3601 3929 pa-

1964 3941 2200 3996 tronum
2230 3935 2684 3997 sermocinando
2706 3935 2952 3997 multum
2974 3944 3322 4000 concertare
3351 3955 3485 3997 cum
3514 3937 3603 3998 eis

1962 4021 2063 4103 qui
2094 4030 2232 4085 sunt
2260 4023 2392 4085 sine
2421 4023 2624 4085 verbo.

2018 4159 2274 4225 XXXIII.
2310 4162 2621 4227 Adversus
2651 4164 3078 4244 intempestive
3097 4165 3531 4229 rersiﬁcantes.

231 4292 346 4354 tuis
375 4294 595 4375 aliquid
620 4294 693 4354 ad
721 4302 777 4355 te
797 4295 997 4356 dicere
1020 4294 1049 4352 ?
1072 4292 1317 4369 Verum,
1364 4307 1429 4357 ut
1453 4298 1709 4369 videtur,
1746 4294 1871 4356 evi-
1897 4308 1940 4356 D
2041 4288 2337 4370 Optimam
2371 4311 2503 4354 esse
2532 4291 2860 4374 quamlibet
2890 4312 3230 4355 mensuram
3266 4294 3481 4376 aliquis
3509 4296 3597 4357 af-

232 4383 447 4445 dentiaa
466 4400 646 4446 causa
662 4383 791 4444 sine
821 4383 1072 4445 utilitate
1097 4382 1262 4444 vobis
1289 4383 1587 4445 invenitur
1610 4385 1732 4446 hinc
1757 4384 1872 4444 mi-

236 4490 392 4534 sera.
444 4470 611 4544 Quod
669 4471 828 4532 enim
887 4471 1136 4543 clarum,
1193 4481 1250 4534 et
1292 4472 1663 4533 manifestum
1697 4473 1873 4534 estin

231 4561 631 4641 sermonibus,
655 4560 711 4620 id
740 4559 1036 4621 historicis
1074 4560 1574 4639 jucundissimum
1608 4569 1717 4635 est,
1755 4580 1873 4622 non

230 4649 719 4731 schedographis,
756 4668 867 4710 nec
921 4649 1080 4710 illam
1130 4649 1869 4731 appellationem_adeptis.

228 4737 360 4799 Tibi
380 4746 574 4800 autem
597 4737 982 4817 aenigmatain
1037 4738 1260 4800 schedo
1312 4737 1556 4814 texenti,
1582 4738 1871 4821 quidquid

892 4856 948 4900 39
975 4859 1055 4920 ἴσ.
1090 4861 1204 4919 οὒκ.

303 4857 358 4902 38
384 4883 471 4939 γρ.
502 4858 807 4920 καλοῦνται.
892 4857 931 4900 ³¹

317 4962 403 4991 νο-
479 4950 783 4991 Avo-natam
869 4940 931 4991 45

968 4962 1053 5019 γρ,
1089 4961 1193 5000 σοι.

1290 4859 1352 4911 ιθ
1380 4883 1463 4941 γρ.
1495 4861 1712 4942 φράσον.

227 4938 292 4988 Η
317 4962 403 5019 γρ.
424 4938 429 4939 ⁷
477 4950 783 5019 Αχρηστον.

1801 4859 1852 4909 4¹
1887 4884 1969 4940 γρ.
2005 4859 2072 4919 δ’.

1959 4379 2247 4457 ﬁrmavit;
2285 4389 2340 4442 et
2395 4400 2503 4459 ego
2561 4384 2854 4444 actionem
2913 4401 3371 4465 sermonemque
3403 4385 3599 4445 metiri

1956 4471 2173 4544 sciens,
2202 4471 2500 4533 mensuris
2520 4471 2691 4532 etiam
2722 4471 2997 4534 metrico:
3020 4491 3327 4534 sermones
3350 4472 3600 4536 circum-

1956 4555 2176 4619 scriho.
2211 4562 2461 4622 Mclrum
2481 4569 2679 4623 autem
2702 4560 2921 4623 dicitur
2939 4562 3230 4642 quidquid
3256 4562 3594 4643 proportio-

1955 4664 2092 4707 nem
2129 4649 2338 4713 habet:
2370 4651 2475 4713 sed
2510 4661 2761 4714 metrum
2792 4655 3149 4715 immensum
3182 4653 3427 4715 minime
3457 4653 3593 4715 dico

1955 4740 2551 4820 metrum.Perpende
2564 4741 2782 4804 dictum
2799 4751 2855 4804 et
2869 4743 3006 4823 quid
3024 4742 3300 4804 tibidicat
3310 4751 3597 4805 scrutare:

3180 4861 3242 4911 45
3274 4884 3357 4941 γρ.
3394 4861 3592 4942 λόγῷν.

2161 4859 2220 4910 4³
2262 4884 2349 4942 γρ.
2383 4863 2503 4926 τούς
2547 4860 2734 4941 λόγους
2768 4864 3092 4927 ἀνευθύνους.

1582 5020 1839 5085 Matthaai
1866 5020 2033 5084 Busti
2065 5027 2234 5084 notas.

310 5138 437 5220 (91)
469 5158 505 5221 _(
531 5140 746 5221 Σκάφην
778 5140 1080 5205 καλοῦντες.
1122 5165 1147 5194 n
1174 5138 1284 5221 Alta
1332 5140 1490 5201 enim
1524 5140 1866 5218 legendum,

227 5218 346 5281 non
397 5218 700 5294 καλοῦνται,
761 5228 860 5281 aut
913 5222 1091 5282 etiam
1164 5218 1412 5282 fortasse
1468 5221 1708 5294 καλοῦσι,
1769 5238 1864 5283 re-

214 5302 373 5380 jecta
403 5298 884 5378 interrogationis
935 5311 1073 5363 nota
1130 5299 1189 5359 in
1247 5318 1478 5361 versum
1513 5300 1863 5382 praeceden-

224 5391 366 5443 tem.

306 5460 417 5538 122)
456 5486 483 5517 α
521 5461 616 5517 Καὶ
659 5482 820 5519 ταυτα
852 5461 1060 5530 κλῆσιν.
1104 5486 1127 5516 ιι
1168 5459 1253 5520 Ad
1288 5463 1449 5522 hunc
1480 5462 1671 5523 locum
1695 5461 1868 5523 ὶοιι-ι-

220 5540 525 5621 Iigendum
558 5541 829 5621 apprime
859 5540 1082 5604 faciunt
1111 5539 1212 5601 illa
1234 5539 1563 5603 Eusthathii
1590 5541 1799 5601 'oam.
1826 5545 1862 5604 ί.

221 5620 294 5682 ad
328 5621 496 5683 illum
528 5620 779 5684 Romedi
830 5639 1106 5684 versum:
1164 5644 1203 5699 «ί
1253 5621 1405 5678 Οὖτιν
1466 5620 1573 5699 ἐγὼ
1628 5624 1866 5699 πύματον

217 5699 397 5777 ἔδομαι
430 5704 562 5778 μετα
590 5704 674 5763 οἷς
706 5702 958 5780 ἑτάροισι.
999 5725 1023 5764 9
1081 5703 1139 5760 Οἱ
1187 5698 1239 5755 δὲ
1288 5698 1528 5781 νεώτεροι
1576 5698 1736 5759 ταῦτα
1783 5702 1868 5758 καὶ

1952 5141 2049 5199 ὅσα
2118 5150 2334 5201 τοιαῦτα
2402 5144 2736 5223 ζηλώσαντες
2805 5147 3017 5223 γρίφους
3074 5143 3403 5218 ἐμελέτησαν
3460 5145 3594 5203 πλέ-

1951 5243 2084 5295 κειν,
2133 5227 2219 5288 οὒς
2250 5226 2533 5301 ὠνόμασαν
2589 5222 2784 5304 σχέδη,
2822 5222 2940 5291 τὴν
2984 5225 3162 5304 ἀρχὴν
3220 5225 3318 5298 μὲν
3374 5226 3596 5291 λεπτούς

1948 5324 2092 5365 τινας
2125 5307 2212 5360 καὶ
2241 5305 2389 5369 οἴους
2438 5306 2561 5380 ῥᾷον
2612 5302 3091 5383 ἐκὶδιδράσκεσθαῂη
3115 5302 3266 5366 τέλος
3300 5302 3356 5360 δὲ
3387 5305 3596 5386 ἁνδροὺς

1946 5384 2032 5465 κ-αὶ
2075 5381 2498 5465 δυσδιαφύκτους.
2563 5381 2789 5455 Quibus
2846 5381 3330 5465 verbis__innuere
3359 5381 3597 5447 videtur

1947 5459 2307 5546 Eustathius,
2341 5463 2531 5543 σχέδος
2555 5465 2694 5543 παρὰ
2713 5466 2774 5520 τὸ
2796 5461 2995 5544 σχέδην
3025 5462 3164 5540 dici,
3204 5462 3381 5544 ἤγουν,
3409 5465 3586 5546 ἐγαρς,

1949 5543 2035 5598 καὶ
2064 5543 2359 5624 ἐχομένως·

2035 5621 2163 5703 (23)
2195 5646 2218 5681 α
2256 5623 2352 5682 Ἐκ
2384 5621 2634 5703 Πινδάρου
2677 5625 2798 5704 γὰρ.
2836 5648 2863 5681 ν
2914 5622 3080 5683 Ἀλλὰ
3111 5631 3213 5682 ποῦ
3239 5642 3415 5686 κεῖται
3450 5649 3465 5704 ς

3450 5678 3465 5709 3
