4008 6114
505 240 662 309 1155

544 380 664 443 940
708 386 925 457 Θρηνῶν
955 381 1138 437 ἑαυτὸν
1167 384 1251 443 οἷς
1275 380 1337 435 τὸ
1366 380 1457 435 σὺν
1484 382 1669 457 θρηνεῖ
1692 379 1879 442 πάθος,

704 469 957 526 Πέπτωκε
986 467 1190 547 κέδρος,
1222 471 1256 536 ἡ
1287 468 1436 531 πίτυς
1482 466 1794 539 πεναζέτω.

701 559 758 615 EI
786 559 885 637 γὰρ
914 557 975 615 οὐ
1004 562 1189 614 θᾶττον
1218 557 1463 636 ἦρπάγης
1493 556 1551 613 ἐκ
1579 566 1672 615 τοῦ
1701 556 1836 632 βίου,

698 646 954 726 Σώφρων,
1000 645 1302 725 ἄμεμπτος,
1336 643 1618 724 ἐγκρατὴς,
1666 644 1848 722 ἁγνὸς,
1884 642 2023 717 νέος,

701 737 760 792 Ti.
790 737 899 814 χρή
930 757 996 811 με
1024 737 1114 792 τὸν
1142 733 1396 801 δύστηνον
1425 734 1652 806 ἐλπίζειν
1682 734 1757 790 ’ἐτι
1783 752 1799 813 ;

540 815 664 887 ΛΖ”.
703 848 730 880 ι
763 826 850 889 Εἷς
880 826 972 881 τὸν
1001 825 1305 905 βεστάρχην
1363 821 1691 902 Ἀνδρόνικον
1719 821 2037 899 ἐπιτύμϐιοι.
2076 848 2099 881 ι

538 913 657 976 945
782 911 1021 976 Ἐκεῖνος
1053 915 1203 976 οὗτος
1228 916 1256 969 ὁ
1282 913 1409 992 χθὲς
1442 912 1496 967 ἐν
1527 913 1624 988 βίῳ
1650 912 1847 990 μέγας.

701 1001 942 1079 ῌλούτῳ,
976 1000 1176 1079 λόγοις,
1224 999 1347 1077 δόξῃ
1374 1022 1433 1057 τε
1462 1000 1685 1076 λάμπων
1715 1003 1803 1057 καὶ
1832 1001 2038 1077 νόμοις,

699 1074 787 1171 Ἴον
817 1074 945 1171 εἶχε
986 1074 1186 1166 κόσμος
1215 1074 1416 1165 κόσμον
1459 1089 1512 1145 ὲν
1535 1074 1680 1166 μέσῃ
1723 1074 1902 1165 πόλει,

701 1166 793 1246 "Oc
825 1166 1038 1260 φαιδρὸν
1065 1177 1397 1255 ἀντέλαμπεν
1446 1177 1505 1233 ἐκ
1541 1180 1643 1256 γῆς
1675 1176 1834 1253 ἡλίῳ,

698 1267 1053 1348 Ἀνδρόνικος,
1081 1277 1200 1348 φεῦ,
1244 1274 1357 1332 πῶς
1385 1268 1677 1346 προσείπω,
1725 1267 1811 1323 καὶ
1839 1268 1991 1345 τίνα,

539 1358 658 1421 950
701 1360 775 1417 Οὗ
817 1355 953 1434 μηδὲ
981 1355 1171 1423 κλῆσιν
1201 1354 1339 1421 ἀξίον
1366 1353 1429 1406 50
1470 1378 1549 1420 τις
1597 1356 1659 1410 ἀν
1689 1355 1901 1435 φράσοι,

704 1447 848 1516 Πλὴν
878 1444 1014 1501 ἀλλά
1042 1458 1240 1519 κεῖται,
1273 1448 1360 1501 καὶ
1388 1444 1537 1508 τέλος
1582 1449 1726 1515 ζωῆς
1771 1442 1914 1523 ἔχει,

702 1536 822 1593 Βίου
863 1557 918 1591 τε
950 1541 1042 1590 τοῦ
1065 1534 1270 1613 ρἑντο,
1301 1533 1439 1590 ἀλλά
1467 1535 1555 1590 καὶ
1585 1532 1772 1614 φθόνου

704 1625 847 1692 Αὕτη
879 1622 931 1680 δὲ
964 1623 1141 1702 μορφὴ
1184 1631 1275 1679 τοῦ
1304 1621 1654 1703 παρελθόντος
1686 1623 1847 1697 μόνη,

706 1717 806 1773 Τὸν
835 1720 926 1771 τοῦ
967 1712 1131 1787 καλου
1162 1713 1398 1784 σώζουσα
1427 1711 1673 1787 σώματος
1703 1712 1886 1767 τύπον.

853 1791 985 1864 ΑΠ’.
1039 1824 1063 1858 ι
1098 1782 1295 1882 Ἐτεροι
1327 1802 1398 1867 είς
1427 1803 1518 1857 τὸν
1549 1802 1728 1861 αὐτὸν.
1768 1819 1796 1858 ι

542 1894 660 1957 955
704 1896 761 1951 Εἰ
802 1894 890 1949 καὶ
919 1893 1068 1973 σοφοὶ
1109 1893 1413 1970 θνήσκουσι,
1458 1891 1535 1952 τίς
1567 1887 1739 1966 λόγων
1781 1885 1937 1966 λόγος
1969 1907 1984 1965 ς

707 1985 761 2040 EI
790 1985 876 2039 καὶ
905 1979 1156 2045 δυνάστας
1186 1986 1389 2043 πτῶσις
1420 1978 1586 2041 οὕτως
1612 1978 1770 2054 ἀθρόα

701 2071 853 2150 Φέρει
884 2071 1301 2149 συναρπάζουσα,
1324 2068 1400 2132 τίς
1432 2066 1587 2133 δόξης
1634 2065 1765 2144 ἔρως
1800 2084 1815 2144 ς

701 2163 761 2219 Τί
800 2166 1057 2223 πλοῦντος
1099 2156 1236 2238 ἡδύς
1271 2159 1357 2221 Τὶς
1390 2154 1691 2217 δυναστείας
1723 2154 1904 2233 χάρις,

702 2251 759 2307 Ei
788 2249 956 2305 πάντα
982 2249 1194 2317 θνήσκει
1225 2243 1456 2325 προσῗολ
1468 2252 1495 2321 ᾖ
1519 2250 1641 2321 μιᾶς
1686 2243 1841 2298 νόσου

532 2338 652 2402 960
694 2338 901 2396 Τούτων
930 2337 1179 2393 ἀπάντων
1210 2336 1295 2398 εἷς
1325 2336 1385 2390 τὸ
1417 2345 1680 2413 πρωτεῖον
1711 2331 1905 2412 φέρων.

705 2428 828 2506 IIva
859 2424 1062 2482 ὲλπίσοι
1092 2446 1196 2505 τις,
1228 2425 1348 2503 πρὶν
1378 2423 1530 2498 μάθοι
1561 2423 1622 2478 τὸ
1662 2427 1767 2477 πᾶν
1797 2421 1985 2494 πάθος,

702 2496 879 2596 Ἄφνω
908 2515 1088 2593 νεκρὸς
1124 2496 1238 2594 φευ,
1272 2496 1552 2593 κρύπτεται
1584 2512 1781 2590 βραχεῖ
1812 2508 1938 2582 λίθῳ

705 2604 1034 2684 Ἀνδρόνικος
1079 2602 1319 2682 (τέλαινα
1364 2600 1646 2681 δυστυχεῖς
1690 2598 1867 2673 πόλις)

711 2686 767 2752 ιΟ
798 2699 916 2755 νοῦς
947 2696 975 2749 ὁ
1005 2691 1272 2771 λαμπρὸς,
1305 2692 1340 2759 ἡ
1371 2692 1652 2765 νοημάτων
1682 2689 1882 2765 βρύσις,

539 2782 660 2846 965
701 2785 772 2841 Τὸ
799 2787 904 2838 τῶν
933 2780 1105 2859 λόγων
1135 2779 1373 2859 ἄγαλμα,
1406 2785 1512 2835 τῶν
1542 2779 1721 2854 νόμων
1749 2777 1939 2856 κράτος
1950 2823 1964 2849 ,

706 2861 768 2926 Ἠ
802 2876 891 2925 τοῦ
921 2869 1140 2948 κράτους
1171 2866 1398 2946 εὔκλεια,
1432 2867 1519 2922 καὶ
1550 2871 1653 2921 τῶν
1687 2863 1740 2920 ἒν
1771 2862 1933 2921 τέλει.

704 2948 760 3015 Ὀ
788 2964 913 3034 γοῦν
954 2963 1200 3020 τοσοῦτος
1230 2955 1479 3035 ἀρπαγεὶς
1520 2953 1580 3009 ἐκ
1621 2960 1713 3009 τοῦ
1741 2953 1853 3029 βίου

704 3046 764 3103 Τί
790 3046 980 3124 τερπὸν
1021 3047 1157 3119 ἡμῖν
1192 3042 1407 3123 οἴχεται
1436 3042 1606 3099 λιπὼν
1637 3042 1711 3098 ἔτι
1739 3061 1755 3122 ς

507 3213 626 3278 vita
655 3211 981 3275 subductus
1014 3229 1100 3291 es,
1132 3209 1412 3291 prudens,
1448 3207 1927 3289 irreprehensus,
1957 3204 2151 3267 conti-

505 3318 679 3379 nens,
712 3308 931 3375 castus,
984 3298 1246 3380 juvenis,
1302 3299 1445 3381 quid
1503 3296 1649 3359 mihi
1708 3294 1926 3357 misero
1956 3292 2149 3356 adhuc

506 3390 867 3475 sperandum
896 3389 1122 3452 restat?

584 3477 838 3544 XXXIII.
873 3477 947 3540 In
974 3477 1359 3541 vestarcham
1409 3474 2069 3555 Andronicumjversus

647 3640 653 3651 ,
1163 3565 1508 3648 epitaphici.

586 3650 693 3725 Ille
716 3657 843 3721 heri
867 3676 1111 3735 magnus
1134 3657 1194 3718 in
1214 3656 1366 3732 vita;
1399 3655 1643 3733 divitiis,
1669 3653 1904 3733 litteris,
1938 3650 2145 3731 gloria,

506 3748 895 3828 moribusque
923 3747 1176 3825 fulgens,
1210 3763 1387 3826 quem
1411 3743 1608 3806 media
1628 3743 1864 3805 civitate
1895 3738 2151 3802 mundus

503 3838 710 3900 habuit
738 3832 947 3899 decus.
984 3834 1084 3917 qui
1110 3834 1324 3914 .lumen
1384 3834 1664 3894 aemulum
1723 3830 1839 3893 soli
1891 3829 1965 3890 de
1994 3836 2153 3917 terra

504 3925 793 4000 mittebat,
827 3914 1209 3989 Andronicus
1242 3922 1432 3996 ;eheu
1639 3921 1873 4002 qualem
1906 3917 2097 3980 dicam
2120 3914 2152 3975 ‘?

503 4013 689 4077 Nemo
712 4015 890 4093 digna
908 4019 1142 4075 vocaret
1160 4010 1577 4092 appellatione.
1597 4010 1867 4070 Attamen
1880 4008 2065 4087 jacet,
2092 4013 2152 4067 et

504 4103 832 4166 vitaaﬁnem
860 4102 1060 4184 habet,
1110 4099 1226 4161 vita
1279 4100 1384 4161 sed
1443 4108 1500 4162 et
1548 4098 1769 4161 invidia
1825 4093 2150 4184 deﬁcienti-

504 4190 642 4256 bus.
674 4191 811 4254 Haac
836 4199 1032 4253 autem
1064 4190 1192 4269 ejus
1220 4188 1320 4270 qui
1370 4186 1601 4250 transiit
1630 4186 1823 4266 imago
1853 4186 1980 4248 sola
2012 4183 2213 4267 pul-D

504 4280 633 4343 chri
658 4281 927 4361 corporis
961 4288 1155 4341 servat
1184 4286 1407 4358 typum.

755 4366 1069 4431 XXXVIII.
1102 4369 1239 4431 Alii
1268 4370 1332 4430 in
1361 4365 1633 4429 eumdem
1659 4383 1887 4427 versus.

590 4458 652 4523 Si
682 4460 1115 4540 sapientesipsi
1166 4459 1516 4534 moriuntur,
1561 4475 1692 4538 qua;
1740 4455 2035 4519 rationum
2063 4461 2151 4516 est

503 4549 655 4612 ratio
672 4547 703 4608 ?
731 4547 792 4611 Si
825 4555 1116 4629 potentes,
1152 4547 1314 4628 ipsos
1332 4553 1447 4608 tam
1469 4551 1739 4627 prompta
1759 4546 1930 4606 ruina
1949 4542 2151 4605 subri-

505 4640 678 4720 piens
693 4636 865 4707 tollit,
891 4636 1047 4717 quod
1077 4636 1189 4698 erit
1208 4633 1411 4714 gloriae
1427 4634 1793 4697 desiderium
1809 4633 1840 4692 ξ)
1858 4631 1920 4696 Si
1937 4638 2154 4695 cuncta

504 4726 685 4789 unius
716 4724 907 4788 morbi
938 4722 1161 4805 impetu
1194 4724 1548 4798 moriuntur,
1588 4722 1748 4804 quid'
1781 4722 1999 4785 divitia:
2020 4723 2152 4803 pla-

505 4813 694 4877 cent?
720 4817 863 4890 Quae
894 4813 1175 4894 potentiae
1203 4812 1391 4893 gratia
1409 4812 1439 4872 ?
1458 4811 1681 4874 Horum
1713 4811 1975 4873 omnium
2002 4828 2155 4872 unus

504 4902 820 4983 primatum
852 4921 1090 4984 gerens,
1126 4902 1467 4984 priusquam
1490 4908 1869 4980 aegrotantem
1900 4898 2156 4973 audierit

507 4993 664 5079 quis,
698 4994 892 5057 subito
923 5008 1212 5075 mortuus,
1247 4994 1404 5056 eheu
1429 4993 1444 5053 Ξ
1470 4991 1633 5055 brevi
1654 4991 1850 5072 lapide
1878 4990 2154 5054 conditur

504 5083 907 5157 Andronicus,
936 5083 1160 5163 (infelix
1190 5082 1459 5163 civitas,)
1503 5100 1672 5144 meus
1703 5079 1972 5157 illustris,
2003 5099 2151 5142 con-

509 5171 778 5234 siliorum
801 5173 1119 5250 scaturgio,
1143 5190 1485 5235 sermonum
1512 5172 1716 5245 decus,
1731 5170 1924 5248 legum
1941 5174 2155 5251 poten-

506 5261 928 5341 tia,potestatis
947 5262 1163 5343 gloria,
1198 5261 1642 5341 magistratuum
1664 5258 1973 5339 splendor.
1998 5259 2154 5321 Talis

508 5366 650 5430 ergo
684 5357 873 5413 morte
903 5360 1110 5432 raptus
1134 5350 1272 5431 quid
1333 5348 1507 5412 nobis
1558 5346 1776 5409 amoeni
1806 5346 2155 5429 relinquens

585 5510 650 5561 50
678 5533 762 5589 γρ.
797 5508 862 5567 ἄν
891 5533 971 5576 τις

1726 242 2049 307 JOANNIS
2093 243 2653 307 EUCHAITENSIS

3695 246 3797 310 “56

2436 381 2496 437 Τί
2522 377 2568 435 δ’
2599 377 2729 437 ἄλλο
2775 382 3011 461 χρηστόν
3036 401 3053 461 ;
3106 381 3258 461 Ηλιε,
3305 382 3553 460 στύγναζέ
3578 406 3671 457 μοι,

2272 464 2391 528 970
2433 475 2678 550 Τοιοῦτον
2710 466 2855 526 οὖδέν
2882 468 3012 527 ἄλλο
3041 467 3398 549 προσϐλέπειν
3429 470 3590 550 ἔχων.

2553 545 2682 619 ΛΘ’,
2735 580 2763 612 ι
2812 559 2898 621 Εἷς
2952 560 3042 613 τὸν
3083 545 3271 618 ἑαυτοῦ
3298 545 3549 638 τάφονί»

2471 647 2712 722 Θαύμαζε
2743 647 2931 724 μηδὲν,
2965 648 3100 708 ἀλλὰ
3130 650 3312 729 φρίσσε
3340 651 3442 717 τὴν
3471 651 3584 706 θέαν
3615 668 3629 683 ·

2432 734 2649 802 Βλέπεις
2682 739 2780 815 γὰρ
2809 737 2883 794 ὢν
2914 736 3184 814 ἄνθρωπος
3215 737 3497 817 ἀνθρώπου
3536 738 3676 800 πάθος
3702 753 3713 765 ⁸

2428 823 2497 879 Τὸ
2527 823 2723 897 πτῶμα
2753 826 2955 903 κοινδν,
2988 824 3104 906 ἀλλ’
3137 822 3314 891 ἄνισος
3344 829 3372 882 ὃ
3404 826 3594 906 χρόνος
3625 842 3637 853 ⁶

2427 914 2527 1003 οξίαὶ
2567 913 2658 967 τὸν
2689 914 2780 969 σὸν
2813 900 2993 975 ἄλλοις
3024 898 3236 992 ὕστερον
3266 898 3461 980 δείξεις.
3481 915 3652 992 τάφον.

2267 997 2387 1057 9Ἱῦ
2428 997 2566 1062 "Em:
2595 997 2648 1055 δέ
2679 1000 2886 1075 μέλλει,
2920 1005 3079 1080 γνῶθι
3112 1003 3212 1069 τὴν
3241 1012 3439 1062 σαυτοῦ
3466 1004 3631 1081 φύσιν,

2431 1088 2528 1145 Καὶ
2572 1090 2890 1168 σωφρονίζου
2920 1105 3219 1171 συμφοραῖς
3250 1089 3580 1170 ἀλλοτρίαις.

2896 1170 2989 1241 Μ’.
3044 1170 3252 1260 Ετεροι.

2465 1267 2612 1335 Ζωῆς
2647 1266 2850 1335 ἀπῆλθε
2880 1270 3085 1348 φάσμα,
3131 1272 3218 1326 καὶ
3245 1272 3373 1350 χθὲς
3420 1273 3590 1349 ἣμερα

2426 1356 2644 1422 Ψευδεὶς
2675 1356 2886 1436 ὄνειροι,
2919 1361 3006 1415 καὶ
3048 1358 3238 1416 πλάνοι
3272 1359 3525 1430 σώζοισθέ
3566 1380 3670 1434 μοι,

2428 1443 2710 1510 Παίξαντες
2741 1448 2885 1521 ἡμᾶς
2915 1446 2968 1503 ἐν
2998 1460 3178 1510 σκιαῖς
3209 1449 3414 1526 βραχὺν
3446 1448 3654 1526 χρόνον,

2169 1543 2206 1592 Β
2268 1529 2388 1595 980
2432 1534 2572 1589 Εἶτα
2602 1531 2911 1614 προδόντες,
2956 1537 3044 1591 καὶ
3071 1535 3313 1599 λιπόντες
3345 1536 3555 1615 ἀθρόον,

2435 1621 2590 1681 Οὒδὲν
2635 1624 2734 1701 γὰρ
2776 1623 2870 1690 ἦτε
2914 1623 3054 1689 πλὴν
3084 1623 3335 1680 ἐνυπνίων
3379 1624 3538 1703 χάρις

2438 1709 2770 1791 κλέπτουσα,
2803 1715 2890 1768 καὶ
2923 1711 3224 1792 σφάλλουσα
3270 1715 3391 1776 τοὺς
3438 1708 3793 1784 πλανωμένους.

2479 1865 2502 1891 ν
2701 1790 2838 1857 MA'.
2878 1824 2905 1855 α
2955 1790 3040 1863 Εἰς
3069 1800 3431 1880 πολυάνδριον,

2497 1900 2730 1969 ⁴Ᾱστοργε
2762 1892 2951 1969 μῆτερ,
2986 1891 3031 1947 ὢ
3060 1898 3249 1968 πικρᾶς
3293 1889 3680 1968 ἀσπλαγχνὲας,

2441 1969 2555 2058 Ὑφ’
2582 1982 2647 2047 ἧς
2676 1980 2742 2034 τὰ
2772 1985 2970 2046 σαυτῆς
3001 1979 3154 2036 ῖέκνα
3183 1980 3593 2057 συγ-κατεσθίεις,

2271 2067 2396 2132 985
2436 2065 2612 2130 Οὒδεὶς
2642 2065 2687 2123 δ’
2721 2066 2917 2124 ἔνεστιν
2960 2069 3145 2131 οἶκτος
3181 2084 3194 2098 ·
3228 2066 3346 2123 ἀλλ’
3377 2066 3465 2123 ἐπ’
3500 2065 3723 2145 ἐσχάτων

2434 2154 2670 2234 Σάλπιγξ
2699 2156 3013 2226 ἀπαιτήσειε
3042 2157 3242 2218 πάντας
3274 2154 3525 2233 ἀγγέλου.

2316 2235 2450 2310 ΜΒ’,
2491 2269 2513 2299 ιι
2551 2245 2894 2323 Ἐπίγραμμα
2939 2247 3011 2308 εἷς
3062 2247 3152 2300 τὸν
3205 2244 3462 2301 Πλάτωνα
3504 2244 3589 2299 καὶ
3620 2238 3764 2296 [litori-—

2930 2354 3131 2412 ταρχον
3141 2383 3153 2395 ,

2514 2419 2683 2498 Εἴπερ
2712 2423 2858 2487 τινὰς
2887 2422 3099 2499 βούλοιο
3140 2424 3247 2479 τῶν
3290 2420 3579 2501 ἀλλοτρίων

2431 2516 2539 2577 Τῆς
2583 2516 2680 2578 σῆς
2713 2510 2937 2581 ἀπειλῆς
2967 2509 3251 2589 ἐξελέσθαι,
3284 2510 3477 2589 Χριστέ
3509 2530 3625 2586 μοι),

2434 2598 2692 2655 Πλάτωνα
2733 2603 2820 2656 καὶ
2866 2600 3205 2679 Πλούταρχον
3236 2597 3436 2664 ἐξέλοιό
3469 2621 3557 2674 μοι
3591 2614 3604 2628 ⁸

2264 2687 2386 2752 990
2446 2698 2615 2768 Αμφω
2657 2690 2755 2767 γὰρ
2784 2691 2882 2745 εἶσι
2911 2691 2999 2745 καὶ
3028 2687 3213 2767 λόγον,
3243 2690 3330 2743 καὶ
3359 2690 3452 2744 τὸν
3479 2687 3658 2763 τρόπον

2431 2787 2558 2841 Τοῖς
2603 2791 2722 2841 σοῖς
2752 2778 2935 2853 νόμοις
2979 2777 3194 2855 ἔγγιστα
3223 2776 3662 2856 προσπεφυκότες.

2434 2867 2490 2922 Εἴ
2533 2863 2578 2921 δ’
2609 2866 2874 2945 ἠγνόησον
2903 2869 2977 2929 ὣς
3008 2868 3136 2929 Θεὸς
3169 2866 3229 2922 σὺ
3272 2871 3379 2921 τῶν
3410 2866 3575 2944 ὅλων,

2436 2946 2685 3012 Ἐνταῦθα
2715 2960 2814 3022 τῆς
2858 2961 2958 3022 σῆς
2988 2954 3359 3035 χρηστότητος
3400 2952 3488 3011 δεῖ
3530 2952 3697 3028 μόνον,

2433 3053 2469 3100 Δ
2499 3044 2514 3067 9
2559 3044 2580 3063 η
2659 3044 2683 3064 κ
2917 3043 2946 3101 δ
3057 3045 3071 3063 \
3203 3044 3254 3076 νγ

2477 3068 2493 3099 ι
2556 3067 2623 3110 ην
2653 3067 2886 3108 απαντας
2947 3065 3112 3123 ωρεαν
3150 3065 3334 3114 σωςειν
3392 3076 3414 3099 ς,
3456 3064 3554 3106 εις.

2232 3210 2407 3274 abit?
2437 3210 2603 3284 Quod
2630 3212 2787 3273 aliud
2821 3209 3042 3275 bonum
3064 3212 3093 3271 ?
3112 3210 3234 3291 Sol,
3258 3209 3589 3290 ingemisce
3616 3217 3809 3270 mecum,

2233 3301 2384 3363 nihil
2417 3300 2555 3363 huic
2586 3300 2783 3362 simile
2814 3300 3143 3363 illustrans.

2527 3404 2777 3468 XXXIX.
2810 3405 2884 3468 In
2912 3409 3010 3468 sui
3040 3408 3233 3486 ipsius
3253 3409 3578 3469 tumulum.

2310 3507 2439 3571 Non
2469 3508 2687 3570 mirare
2741 3509 2848 3571 sed
2892 3509 3173 3571 horresce
3232 3511 3650 3590 spectaculum.
3677 3501 3808 3564 Homo

2231 3596 2391 3658 enim
2423 3617 2557 3660 cum
2589 3598 2693 3674 sis,
2715 3598 3023 3660 hominum
3046 3599 3226 3660 fatum
3247 3598 3468 3660 cernis.
3497 3596 3680 3662 Exitus
3702 3603 3807 3652 com-

2234 3685 2452 3761 munis,
2488 3694 2597 3762 est,
2632 3687 2736 3748 sed
2787 3687 3077 3768 inaequale
3126 3695 3381 3766 tempus.
3433 3685 3620 3748 Tuum
3641 3690 3809 3762 tpwqne

2234 3774 2527 3836 tumulum
2559 3775 2691 3837 aliis
2721 3775 2850 3856 ipse
2874 3775 3175 3837 ostendes.
3202 3773 3350 3835 Dum
3372 3786 3571 3838 autem
3594 3772 3646 3834 id
3668 3781 3805 3830 mora-

2235 3870 2351 3939 tur,
2389 3872 2543 3925 tuam
2570 3863 2759 3945 ipsius
2787 3884 3081 3944 cognosce
3101 3872 3394 3939 naturam,
3429 3864 3731 3940 alienisque
3748 3868 3807 3913 ca-

2232 3951 2596 4016 lamitatibus
2624 3971 2837 4035 sapere
2867 3954 3053 4016 disce.

2738 4053 2856 4119 XL.
2887 4057 3079 4119 Aliud
3107 4073 3375 4119 camem.

2312 4157 2498 4222 Cessit
2523 4158 2655 4220 vitae
2684 4159 3032 4239 phantasma
3060 4167 3117 4220 et
3137 4158 3416 4221 hesterna
3436 4158 3588 4219 dies.
3618 4146 3801 4240 Mendi-

2235 4247 2327 4311 cia
2342 4232 2701 4328 fallaciaque
2724 4248 2977 4329 somnia,
3004 4249 3216 4310 valete.
3248 4246 3369 4309 Nos
3385 4247 3498 4308 sub
3518 4232 3809 4330 umbris

2231 4337 2492 4418 quandiu
2518 4337 2717 4399 luditis
2743 4357 2758 4413 ;
2782 4336 3002 4399 deinde
3020 4337 3272 4417 proditis
3308 4348 3369 4397 et
3389 4334 3553 4415 brevi
3582 4328 3807 4394 deseritis.

2231 4422 2391 4485 Nihil
2418 4424 2575 4484 enim
2604 4428 2745 4485 estis
2770 4431 2982 4504 praeter
3009 4423 3376 4488 somniorum
3409 4420 3808 4485 blandimentum

2234 4511 2390 4593 quod
2423 4510 2699 4573 credulos
2727 4511 2967 4592 deciplt.

2691 4623 2838 4688 XLI.
2870 4623 2942 4687 In
2974 4623 3401 4687 cmucterium.

2315 4728 2589 4793 Crudelis
2614 4736 2822 4805 mater,
2847 4746 2881 4790 o
2904 4728 3122 4789 acerba
3140 4724 3567 4799 inhumanitas,
3595 4722 3814 4805 quattllos

2236 4819 2508 4900 proprios
2550 4816 2702 4879 ﬁlios
2734 4803 2998 4879 comedis
3027 4820 3041 4877 ἰ
3083 4815 3259 4879 Nulla
3271 4814 3397 4895 jam
3427 4803 3817 4875 misericordia;

2236 4905 2340 4969 sed
2373 4905 2694 4968 novissime
2725 4913 2973 4967 cunctos
3000 4903 3268 4984 angelica
3300 4902 3436 4965 tuba
3464 4902 3734 4984 reposcet.

2236 4993 2410 5059 XLII.
2441 4995 2844 5077 Epigramma
2893 4995 2961 5058 in
2990 4993 3297 5057 Platonem
3344 4998 3402 5055 et
3463 4983 3819 5077 Plutarchum.

2320 5085 2381 5147 Si
2411 5069 2697 5166 quosdam
2728 5083 2959 5147 alienos
2978 5101 3010 5145 e
3027 5081 3144 5146 tuis
3168 5080 3343 5143 minis
3367 5079 3641 5160 excipere
3664 5069 3822 5135 velles,

2235 5175 2464 5239 Christe
2483 5175 2584 5249 mi,
2604 5173 2906 5236 Platonem
2920 5180 2980 5234 et
2999 5170 3380 5233 Plutarchum
3393 5169 3619 5248 excipe,
3649 5172 3822 5256 qua?“-
3880 5170 3881 5233 Ε

2236 5262 2425 5325 Ambo
2447 5261 2606 5323 enim
2626 5279 2791 5322 more
2814 5279 2883 5322 ac
2908 5278 3186 5322 sermone
3232 5258 3349 5335 tuis
3371 5256 3597 5335 legibus
3618 5258 3823 5313 maxume

2237 5358 2581 5432 paruerunt.
2617 5350 2680 5412 Si
2707 5366 2846 5412 vero
2872 5359 2928 5411 te
2959 5353 3147 5411 Deum
3169 5334 3579 5411 univ'ersorum
3597 5357 3715 5404 esse
3738 5347 3822 5395 n00
