4008 6114
230 259 390 325 1165

428 369 589 475 ᾌλλα
618 410 830 475 φρονεῖν
859 394 1063 453 ἔπεισεν
1092 395 1205 451 ἀντὶ
1231 397 1336 451 τῶν
1365 393 1530 450 πάλαι
1564 410 1578 424 ⁶

431 467 594 549 “Ολως
706 486 886 540 καινὸν
929 483 988 539 ἐκ
1019 481 1266 554 παλαιοῦ,
1313 483 1401 539 καὶ
1429 482 1544 540 νέον

445 571 638 646 Εδειξε,
678 571 890 629 διπλοῦν
924 571 1074 650 ἔργον
1105 569 1479 650 ἐξειργασμένῃ
1513 588 1527 602 ’

422 651 586 735 εΟμοῦ
615 660 711 734 μὲν
741 659 1047 739 ἐπλήρωσεν
1075 658 1268 727 ἡδονῆς
1307 658 1474 735 ξένης,

262 747 382 812 645
423 740 592 842 ῼΟμοῦ
634 746 691 803 δὲ
732 747 1107 828 λαμπρότητος
1153 747 1465 824 ἐμπέπληκέ
1496 770 1584 824 με.

423 821 614 916 ’ῙΑμφω
643 838 742 916 γὰρ
785 821 918 902 αὕτη
949 838 1042 900 τὰς
1087 821 1345 916 ἐνεργείας
1375 821 1542 916 φέρει,

427 924 775 999 Λαμπηδόνος
807 925 1064 1004 γέμουσα,
1093 927 1180 983 καὶ
1207 924 1459 1000 θυμηδίας
1492 943 1506 956 ⁶

449 1015 544 1068 Καὶ
573 1013 806 1078 Μωσέως
838 1014 934 1088 μὲν
967 1017 1029 1070 τὸ
1057 1015 1364 1095 πρόσωπον,
1394 1017 1467 1079 ὡς
1508 1015 1685 1094 λόγος,

430 1097 672 1183 ΪΕδόξασε
701 1104 818 1180 πρὶν
847 1104 882 1168 ἡ
915 1109 1044 1158 Θεοῦ
1072 1106 1283 1183 θεωρία,

261 1184 382 1248 650
428 1179 520 1252 Ὠς
549 1191 637 1246 καὶ
664 1179 916 1266 κάλυμμα
944 1193 1034 1247 τὸν
1063 1179 1290 1258 θεόπτην
1333 1189 1640 1267 λαμϐάνειν,

430 1275 670 1334 Ἐπειδὰν
702 1279 853 1335 αὒτὸν
885 1279 1208 1358 προσλαλεῖν
1240 1277 1419 1344 ἄλλοις
1457 1278 1580 1344 ἔδει,

424 1365 494 1422 Οὔ
536 1368 634 1444 γὰρ
665 1369 895 1447 φορητὸν
939 1369 1067 1447 εἶχε
1096 1370 1192 1436 τὴν
1221 1371 1378 1425 αὸτοῦ
1417 1369 1562 1448 θέαν,

424 1456 482 1511 Εἰ
512 1457 590 1531 μὴ
629 1456 905 1536 καλυφθεὶς
934 1457 1090 1525 ἦλθεν
1119 1460 1191 1522 εἰς
1222 1457 1456 1534 ὁμιλίαν.

427 1540 576 1618 Ἐμοὶ
603 1543 656 1600 δὲ
689 1547 773 1620 σὺ,
804 1547 1050 1625 κράτιστε
1078 1553 1183 1604 τῶν
1213 1546 1494 1623 βασιλέων,

265 1629 385 1692 655
428 1634 515 1693 Εἰς
547 1631 668 1708 ὄψιν
699 1633 885 1710 ἐλθὼν,
931 1636 1018 1691 καὶ
1048 1637 1242 1699 θεαθεὶς
1274 1637 1520 1715 μετρίως,

426 1721 498 1803 9'3
527 1724 588 1777 τὸ
615 1723 922 1803 πρόσωπον,
970 1723 1083 1783 οὐδὲ
1111 1725 1209 1792 τὴν
1239 1723 1360 1800 ὄψιν
1405 1725 1588 1800 μόνον,

435 1797 579 1868 εδλον
611 1797 667 1867 δέ
695 1810 846 1879 δόξης
877 1797 1227 1888 ἐμπέπληκας
1257 1797 1463 1875 αὐτίκα.

426 1901 606 1978 genitor
637 1901 802 1978 μέγαν
831 1923 890 1957 σε
925 1903 1016 1958 τὸν
1044 1900 1158 1958 καθ’
1191 1905 1333 1977 ἡμᾶς
1363 1901 1645 1971 δεσπότην.

423 1971 596 2058 νῌδειν
637 1991 739 2068 πρὸ
767 1990 974 2065 τούτου,
1007 1991 1094 2046 καὶ
1125 1997 1254 2046 Θεοῦ
1297 1994 1438 2047 θετον
1467 1993 1654 2064 τύπον,

261 2074 382 2138 660
425 2077 614 2140 Καλῶς
645 2078 933 2158 στρέφοντα
960 2089 1052 2138 τοῦ
1073 2080 1294 2157 κράτους
1325 2081 1419 2143 τὰς
1449 2083 1621 2161 ἡνίας,

423 2167 521 2223 Καὶ
549 2167 640 2223 σὺν
685 2174 800 2241 Θεῷ
831 2168 1064 2239 σώζοντα
1104 2168 1201 2235 την
1246 2169 1558 2244 οἰκουμένην
1592 2190 1606 2203 ⁸

424 2256 552 2312 Θεὸν
581 2252 635 2310 δὲ
665 2253 1016 2331 πανσέϐαστε,
1050 2258 1138 2313 καὶ
1169 2256 1411 2324 πλάστην
1457 2258 1596 2338 νέον,

445 2351 491 2401 Η
520 2341 837 2424 δημιουργὸν
868 2345 1026 2402 ἄλλον
1069 2345 1162 2403 οὐκ
1188 2347 1522 2421 ἠπιστάμην.

426 2439 527 2489 Νῦν
572 2430 616 2486 δ’
649 2434 747 2508 ὀψὲ
774 2435 870 2508 μὲν
899 2434 988 2489 οὖν
1017 2432 1172 2514 (33),
1206 2432 1324 2491 ἀλλ’
1357 2433 1500 2509 ὅμως
1529 2434 1861 2516 ἐκτησάμην,

262 2518 384 2582 665
429 2522 528 2578 Καὶ
575 2527 794 2599 πρᾶγμα
836 2526 1030 2598 Θαῦμα,
1075 2526 1250 2598 θαῦμα
1289 2523 1568 2598 θαυμάτων
1612 2523 1744 2603 πέρα

429 2611 516 2675 Εἷς
559 2609 704 2690 δεῦρο
730 2610 984 2671 λανθάνον
1029 2633 1095 2686 με
1125 2612 1370 2686 μανθάνω
1400 2611 1577 2688 μόλις.

428 2700 501 2787 Eli)
547 2700 646 2778 γὰρ
674 2701 801 2764 Θεός
832 2723 936 2774 τις,
979 2704 1052 2764 ὡς
1084 2700 1242 2774 ἔοικε,
1276 2703 1375 2758 τὴν
1405 2704 1576 2782 φύσιν,

441 2793 487 2843 Η
516 2792 630 2850 πῶς
672 2803 961 2868 νεουργετς,
997 2790 1132 2870 εἰπὲ,
1164 2792 1286 2856 τοὺς
1314 2789 1433 2848 κατ’
1478 2792 1673 2865 εἰκόνα,

427 2878 524 2935 Καὶ
552 2878 716 2954 ῥᾷστα
746 2877 1015 2954 πλάττεις,
1063 2882 1149 2936 καὶ
1179 2879 1564 2956 μεταπλάττεις
1595 2879 1778 2956 πάλιν,

256 2962 380 3026 670
420 2967 644 3042 Γνώμας
687 2966 940 3046 ἀμείϐω),
971 2971 1058 3026 καὶ
1089 2972 1428 3048 μεθαρμόζων
1456 2971 1702 3048 τρόπους,

1606 255 1896 325 VERSUS
1935 259 2007 320 IA
2017 258 2250 321 MBIGI.

3446 257 3603 324 1166

2151 391 2366 472 Τρέπων
2395 391 2700 470 λογισμούς,
2733 394 2822 448 καὶ
2864 397 3123 468 μεθιστῶν
3152 393 3388 474 καρδίας,

2166 489 2342 560 Λγων,
2392 479 2586 560 φέρων,
2615 480 2850 562 στρέφων
2884 503 2941 538 τε
2969 483 3138 539 πάντα
3167 482 3378 566 ῥᾳδίως,

2151 569 2248 628 »Εκ
2274 569 2569 649 φθέγματός
2597 591 2656 625 τε
2684 571 2772 627 καὶ
2802 570 2922 635 θέας
2952 571 3048 639 τῆς
3079 571 3176 640 σῆς
3209 573 3378 648 μόνης
3411 592 3427 653 ;

2157 659 2257 716 Καὶ
2285 659 2402 721 τοὺς
2432 658 2529 733 μὲν
2558 655 2748 722 ἄλλους
2779 659 2836 714 ού
2872 667 3122 717 τοσοῦτον
3149 662 3421 737 θαυμάσω,

1990 743 2110 808 675
2152 747 2252 808 Οὓς
2277 751 2439 802 ταῦτα
2468 758 2644 809 ποιεῖς
2673 746 2726 803 ἐν
2758 747 2982 826 βραχεῖ,
3014 749 3102 804 καὶ
3131 749 3427 829 συντόμως,

2149 835 2254 894 Οὔκ
2283 836 2611 914 ἀπροθύμους
2641 834 2796 901 ὄντας
2829 835 2935 894 οὐδ’
2967 839 3150 903 αὐτοὺς
3183 838 3318 902 ἴσως
3351 860 3368 878 ⁸

2151 919 2320 1003 Ἠμᾶς
2349 925 2405 982 δὲ
2434 933 2550 991 πῶς
2579 925 2816 1003 ἥμειψας
2845 928 3008 993 οὕτως
3034 930 3217 1010 ἀθρόον
3257 953 3274 1008 ;

2168 1023 2213 1099 ῌ
2241 1016 2358 1080 πῶς
2388 1022 2634 1072 τοσοῦτον
2680 1015 2875 1096 ἴσχυσε
2913 1019 3117 1098 βραχὺς
3148 1020 3344 1099 χρόνος
3375 1038 3391 1096 ;

2153 1088 2315 1185 gummi
2344 1088 2923 1182 προσωμίλησειέ*ἡμίῖπί
2947 1088 3198 1185 ’ἐγῖύθεῖξ

1983 1190 2101 1254 680
2150 1175 2309 1258 Ἅπαξ
2339 1175 2643 1270 προσεῖδες,
2673 1175 2860 1272 μικρὸν
2890 1175 3195 1276 ἀντῶξρθηςν
3213 1196 3398 1278 πάλιν,

2148 1279 2410 1347 Ἀπῆλθες
2440 1281 2583 1346 εὐθὺς
2613 1283 3054 1361 συμμεθαρμόσας
3085 1282 3263 1349 ὅλους.

2148 1370 2348 1436 Καινὴν
2378 1370 2477 1448 γὰρ
2506 1369 2799 1434 ἐντέθεικας
2827 1373 2962 1446 ἡμῖν
2991 1371 3225 1451 καρδίαν,

2149 1460 2250 1517 Καὶ
2277 1465 2483 1533 πνεῦμα
2511 1459 2692 1514 καινὸν
2721 1458 2928 1526 ἔκτισας
2955 1473 3074 1524 τοῖς
3104 1461 3371 1540 ἐγκάτοις.

2065 1549 2072 1552 ’
2164 1555 2419 1625 Αγροικος
2443 1546 2511 1614 ἧν
2541 1545 2668 1626 χθές
2703 1566 2717 1581 °
2757 1547 2970 1612 ἀστικὸς
3000 1547 3055 1605 δὲ
3085 1550 3173 1607 νῦν
3198 1550 3343 1626 μάλα
3379 1567 3393 1582 ·

1887 1637 1926 1685 Β
1989 1632 2108 1697 685
2151 1636 2307 1692 Κάτω
2339 1636 2593 1697 νενευκώς
2629 1650 2643 1665 ⁶
2677 1634 2814 1692 ἀλλὰ
2842 1644 2927 1694 νῦν
2973 1637 3084 1694 ἅνω
3111 1639 3344 1716 βλέπων,

2171 1727 2376 1799 Αθυμος
2411 1722 2574 1802 ’ξᾶλλέ
2606 1724 2848 1800 εὔθυμος,
2881 1724 3076 1793 ἡδονῆς
3118 1729 3320 1805 γέμων.

2148 1814 2368 1890 Μικρὸς,
2400 1814 2646 1893 κατηφής
2678 1829 2698 1849 ⁸
2729 1819 2816 1870 νῦν
2845 1811 2898 1868 δὲ
2926 1813 3193 1895 λαμπρὸς,
3226 1819 3312 1874 καὶ
3341 1819 3531 1898 μέγας,

2152 1902 2252 1958 Καὶ
2290 1907 2455 1957 ταῦτα
2486 1899 2653 1977 μηδὲν
2682 1903 2755 1964 εἰς
2786 1903 2987 1981 τρόπὴν
3016 1903 3170 1983 φέρον
3199 1906 3363 1970 πάθος

2146 1992 2343 2070 ῌαθεῖν
2373 1986 2464 2044 ἀπ’
2495 1989 2672 2069 ἀρχῆς
2701 1990 2758 2047 εὖ
2786 1993 3300 2070 παρεσκευασμένος,

1981 2076 2102 2140 690
2268 2074 2328 2134 ἅν
2359 2099 2410 2133 τι
2440 2068 2598 2134 δώσω
2623 2076 2819 2157 δεῖγμα
2849 2068 2940 2136 τοῦ
2981 2081 3096 2140 νέου
3123 2068 3340 2148 πάθους.

2143 2145 2368 2246 νΑτυφος
2395 2163 2460 2216 60
2487 2165 2561 2224 ὢν
2591 2145 2853 2247 πρὶνζνῦν
2882 2166 2938 2224 δὲ
2979 2172 3240 2246 κομπάζω

2147 2253 2297 2312 Οὕτω
2327 2276 2395 2330 με
2422 2255 2754 2312 παντάπασιν
2784 2255 2836 2321 ἐξ
2865 2253 3026 2314 ἄλλου
3050 2258 3183 2324 τέως

2168 2341 2371 2408 Εδειξεν
2399 2342 2559 2404 ἄλλον
2586 2346 2620 2413 ἡ
2652 2343 2928 2416 παναλκής
2959 2368 3050 2404 σου
3080 2348 3263 2428 χάρις,

2147 2434 2346 2511 Μικρὸν
2371 2433 2470 2511 γὰρ
2501 2431 2658 2508 αὕτη,
2705 2437 2892 2513 μικρὸν
2924 2433 3242 2512 ὲλλάμψασά
3270 2459 3386 2518 μοι,

1987 2519 2107 2583 695
2148 2520 2286 2602 Εἶτα
2317 2518 2569 2600 κρυϐετσα
2598 2525 2783 2578 Θᾶττον
2825 2522 2885 2580 ἐκ
2909 2529 3016 2580 τῶν
3045 2525 3323 2602 ὀμμάτων,

2150 2600 2242 2700 ’μς
2267 2606 2323 2658 61
2356 2610 2629 2700 ἀστραπης
2672 2633 2753 2676 τις
2808 2609 2994 2681 ὀξύτης
3029 2631 3044 2646 °
3105 2600 3193 2670 καὶ
3244 2600 3586 2697 λαμπρότης,

2167 2698 2327 2774 Ομως
2354 2698 2745 2777 κατεκράτησεν
2775 2701 2927 2776 ἡμῶν
2958 2703 3030 2765 εἷς
3063 2701 3235 2778 τέλος,

2147 2787 2245 2844 Καὶ
2273 2787 2372 2854 τὴν
2401 2786 2570 2854 καὶὴν
2601 2784 2819 2863 ἄμειψιν
2848 2786 3102 2865 ὲξήμειψέ
3143 2811 3233 2866 με.

2143 2877 2202 2934 Τί
2231 2873 2274 2932 δ’
2310 2875 2372 2931 ἂν
2415 2876 2571 2934 πάθοι
2601 2897 2703 2952 τις,
2737 2877 2780 2932 εἰ
2823 2875 2981 2935 πάλιν
3008 2880 3193 2936 τούτου
3221 2881 3402 2961 τύχοι,

1880 2974 1921 3024 C
1985 2963 2103 3028 700
2147 2965 2242 3024 Καὶ
2275 2968 2374 3032 τῆς
2404 2965 2588 3040 ὁμοίας
2617 2963 2850 3044 δεύτερον
2879 2967 3036 3046 τύχοι
3057 2967 3204 3044 θέας,

217 3122 364 3184 olim
395 3143 492 3190 me
520 3129 745 3189 sentire
791 3128 994 3204 suasit,
1031 3146 1392 3209 prorsusque
1427 3145 1642 3191 novum
1674 3134 1733 3188 et
1759 3146 1862 3190 re-
1943 3131 2178 3186 vertens
2203 3129 2262 3185 et
2288 3123 2521 3184 animos
2553 3123 2864 3200 innovans,
2897 3143 3103 3208 agens,
3155 3126 3378 3206 ferens,
3414 3129 3579 3192 evol-

213 3229 361 3272 cens
382 3215 892 3296 ostendit,duplex
915 3236 1062 3297 opus
1085 3226 1361 3298 operata:
1389 3216 1566 3278 simul
1585 3224 1861 3279 extranea
1942 3230 2204 3294 vensque
2234 3211 2486 3274 faciliter
2513 3213 2737 3288 omnia,
2768 3233 2837 3276 ex
2870 3233 3013 3276 voce
3057 3216 3298 3298 solaque
3353 3218 3585 3282 visione

217 3317 316 3360 me
326 3300 697 3379 jucunditate
722 3313 780 3364 et
800 3305 1117 3384 splendore
1143 3305 1406 3385 implevit
1431 3323 1444 3368 :
1473 3304 1678 3366 ambas
1700 3305 1856 3367 enim

216 3387 330 3449 has
359 3389 606 3454 virtutes
635 3391 832 3474 habet,
865 3393 1182 3474 splendore
1193 3393 1685 3474 jucunditateque
1725 3394 1854 3473 ple-

217 3494 317 3564 na.
344 3476 440 3539 Sic
462 3487 519 3540 et
539 3482 756 3558 Moysis
777 3482 1022 3560 vultum,
1049 3491 1112 3544 ut
1133 3484 1372 3564 dicitur,
1406 3483 1572 3563 prius
1589 3482 1695 3544 Dei
1710 3483 1856 3544 visio

214 3563 635 3645 illustraverat,
669 3570 749 3631 ita
777 3581 842 3632 ut
872 3571 978 3634 Dei
1008 3563 1440 3653 contemplator
1466 3573 1734 3634 velamen
1755 3591 1857 3634 as-

214 3664 506 3732 sumeret,
539 3659 775 3738 quando
805 3679 936 3721 cum
970 3661 1101 3721 aliis
1130 3661 1384 3742 colloqui
1417 3660 1704 3741 deberet;
1738 3680 1856 3726 non

212 3743 375 3804 enim
419 3746 831 3809 sustinendum
877 3749 1187 3812 habuisset
1213 3750 1431 3826 visum,
1487 3749 1603 3812 nisi
1635 3750 1856 3810 velatus

210 3831 285 3891 ad
310 3833 524 3894 coelum
557 3837 834 3898 venisset.
868 3837 1005 3899 Mihi
1034 3847 1231 3900 autem
1262 3847 1343 3915 tu,
1388 3856 1596 3917 regum
1641 3847 1854 3919 poten-

1941 3301 2243 3366 tua‘lNon
2291 3301 2440 3362 adeo
2490 3302 2733 3382 quidem
2783 3303 3035 3365 mirarer
3082 3305 3252 3383 alios,
3303 3326 3452 3389 quos
3504 3308 3586 3370 ita

1939 3389 2441 3471 brevizsubitoque
2463 3396 2676 3465 mutas,
2697 3397 2901 3470 utpote
2921 3392 3202 3455 ardentes
3224 3401 3282 3456 et
3302 3395 3576 3458 mobiles:

1938 3479 2044 3540 sed
2074 3498 2183 3541 nos
2209 3477 2508 3558 quomodo
2540 3477 2625 3539 sic
2665 3486 2913 3558 repente
2961 3481 3241 3543 mutasti?
3269 3482 3580 3556 Quomodo

1939 3567 2026 3628 sic
2047 3566 2233 3647 potuit
2256 3566 2436 3628 breve
2457 3573 2690 3646 tempus
2710 3566 2740 3625 ?
2770 3565 2968 3629 Semel
2999 3568 3313 3633 nobiscum
3337 3591 3581 3636 conver-

1937 3662 2096 3717 satus
2127 3674 2212 3732 es,
2237 3654 2422 3717 semel
2451 3654 2730 3742 aspexisti
2757 3655 3181 3738 modicumque
3222 3669 3579 3742 conspectus

1938 3761 2024 3818 es,
2076 3743 2298 3824 statim,
2348 3741 2625 3805 omnibus
2672 3743 3023 3826 conciliatis,
3074 3746 3294 3810 abiisti.
3351 3741 3577 3813 Novum

1937 3831 2094 3894 enim
2115 3831 2377 3893 animum
2395 3829 2567 3892 nobis
2589 3831 2913 3912 inspirasti,
2937 3851 3272 3917 novumque
3301 3838 3576 3918 spiritum

211 3919 464 3999 tissime,
498 3924 575 3984 ad
607 3935 990 4005 conspectum
1010 3928 1274 4002 veniens,
1299 3927 1431 4004 et‘si
1451 3926 1750 3988 modicum
1768 3926 1849 3987 vi-
1929 3920 2268 4002 pectoribus
2301 3919 2537 3981 creasti.
2569 3919 2711 3980 Heri
2759 3921 2924 3982 rudis
2953 3939 3139 3999 eram,
3172 3925 3434 3990 urbanus
3462 3947 3571 3990 au-

211 4028 338 4085 sus,
372 4030 490 4073 non
524 4021 749 4075 tantum
779 4017 1025 4089 vultum,
1070 4037 1188 4078 non
1235 4025 1457 4078 tantum
1489 4016 1708 4091 visum,
1740 4015 1849 4078 sed

1931 4017 2048 4071 tem
2097 4029 2254 4072 nunc
2299 4009 2504 4086 valde;
2548 4008 2826 4071 deorsum
2873 4011 3218 4091 inclinatus,
3269 4015 3375 4078 sed
3418 4035 3577 4080 nunc

209 4104 397 4160 totum
428 4103 722 4182 extemplo
752 4105 1054 4185 replevisti
1079 4105 1288 4184 gloria.
1321 4105 1608 4185 Equidem
1642 4113 1701 4166 te
1729 4122 1850 4166 ma-
1929 4117 2163 4160 sursum
2212 4107 2425 4172 tuens;
2476 4097 2812 4177 languidus,
2862 4100 2970 4162 sed
3034 4120 3194 4165 nunc
3247 4103 3458 4168 hilaris
3514 4113 3572 4168 et

207 4209 389 4268 gnum
421 4202 595 4254 antea
619 4194 882 4256 sciebam
911 4205 1178 4258 nostrum
1210 4197 1667 4273 dominatorem,
1692 4195 1848 4257 divi-

208 4297 471 4362 numque
500 4281 607 4344 Dei
638 4292 858 4364 typum,
893 4286 1044 4348 mire
1094 4286 1397 4367 potestatis
1438 4285 1701 4348 habenas
1746 4304 1849 4347 re-

207 4377 469 4446 gentem,
506 4379 564 4432 et
592 4376 796 4434 orbem
831 4382 1126 4436 terrarum
1159 4393 1290 4436 cum
1323 4376 1444 4438 Deo
1473 4381 1845 4436 servantem:

207 4455 332 4520 Deo
361 4465 582 4535 autem,
609 4463 1046 4539 augustissime,
1071 4482 1406 4543 novumque
1431 4464 1850 4544 plasmatorem

207 4553 266 4607 et
297 4548 479 4610 alium
507 4561 841 4612 creatorem
873 4571 990 4614 non
1017 4570 1317 4614 noveram.
1349 4551 1518 4614 Nunc
1541 4560 1739 4614 autem
1761 4569 1851 4615 se-

203 4652 273 4696 ro
305 4637 550 4716 quidem
586 4640 691 4700 sed
724 4647 920 4702 tamen
946 4643 1178 4721 agnovi,
1198 4660 1465 4722 remque,
1492 4641 1848 4722 prodigium,

204 4725 540 4803 prodigium
574 4727 975 4806 prodigiorum
993 4748 1305 4811 superans,
1332 4731 1638 4809 hucusque
1661 4731 1850 4790 latens

204 4827 324 4885 me,
358 4812 453 4872 vix
479 4813 702 4876 edisco.
736 4815 825 4877 Tu
859 4818 1017 4878 enim
1049 4817 1286 4898 aliquis,
1313 4825 1375 4877 ut
1403 4817 1658 4893 videtur,
1680 4823 1850 4877 natu-

203 4915 270 4958 ra
303 4901 481 4972 Deus,
514 4902 832 4980 quomodo,
881 4905 998 4981 dic,
1040 4925 1288 4968 renovas
1320 4924 1422 4966 eos
1451 4906 1554 4985 qui
1599 4913 1736 4966 sunt
1772 4904 1845 4966 ad

204 4985 524 5064 imaginem
547 4997 733 5067 tuam,
751 5000 809 5054 et
830 4993 1109 5057 facillime
1131 4995 1420 5056 formaset
1435 4994 1842 5069 transformas,

207 5084 439 5138 mutans
457 5080 1261 5165 sententias,disponensque
1277 5089 1850 5162 mores,argumenta

281 5235 345 5288 60
387 5237 464 5299 ἴσ,
511 5240 600 5305 ἢν,
725 5241 779 5293 BI
818 5266 903 5321 γρ.
936 5244 1201 5322 ἀστραπή.

1933 4188 2228 4268 voluptate
2251 4187 2494 4268 plenus;
2529 4205 2761 4266 parvus,
2811 4188 3118 4264 obscurus,
3168 4209 3327 4255 nunc
3373 4201 3574 4257 autem

1933 4277 2171 4339 radians
2201 4285 2261 4338 et
2290 4293 2574 4354 magnus;
2609 4287 2671 4337 et
2699 4277 2773 4338 ad
2804 4279 2928 4339 haec
2979 4281 3294 4346 sentienda
3324 4283 3574 4347 minime

1932 4363 2111 4427 sensu
2125 4364 2329 4426 mobili
2347 4382 2382 4425 a
2395 4363 2684 4453 principio
2709 4373 2945 4443 paratus
2964 4384 3149 4445 eram,
3161 4377 3222 4430 ut
3234 4372 3572 4453 exemplum

1933 4453 2243 4517 exhibeam
2293 4452 2426 4514 novi
2475 4471 2717 4542 sensus.
2758 4453 2931 4516 Prius
2976 4474 3137 4518 eram
3187 4452 3461 4542 simplex,
3515 4470 3575 4524 et

1931 4562 2091 4605 nunc
2132 4544 2255 4604 haac
2285 4560 2417 4603 cum
2451 4541 2843 4604 ostentatione
2873 4544 3034 4606 dico.
3071 4545 3168 4609 Sic
3199 4541 3576 4630 me’prorsus

1931 4631 2112 4694 alium
2144 4639 2242 4692 tua
2283 4638 2492 4720 potens
2535 4631 2730 4693 effecit
2778 4633 2987 4708 gratia.
3029 4635 3197 4698 Licet
3236 4638 3394 4699 enim
3443 4639 3574 4720 ipsa

1929 4720 2226 4782 modicum
2262 4718 2681 4801 paulisperque
2712 4720 2859 4782 mihi
2885 4722 3124 4800 luxerit,
3173 4733 3232 4787 et
3272 4718 3484 4788 statim
3503 4746 3575 4789 ex

1929 4810 2116 4872 oculis
2132 4807 2456 4884 evanuerit,
2482 4815 2547 4869 ut
2572 4809 2742 4871 velox
2766 4817 2824 4870 et
2845 4810 3112 4873 lucidum
3153 4813 3374 4896 fulgur,
3415 4822 3569 4877 atta-

1928 4917 2068 4960 men
2104 4915 2212 4959 nos
2248 4896 2308 4956 in
2336 4897 2513 4958 finem
2539 4897 2802 4978 possedit
2825 4907 2884 4960 et
2911 4901 3148 4979 egregie
3180 4919 3275 4966 me
3301 4904 3564 4968 mutavit.

1929 4986 2080 5060 Quid
2095 4992 2290 5048 autem
2309 4985 2860 5066 sentiretaliquis,si
2877 4987 3073 5049 denuo
3093 4990 3250 5052 idem
3271 4992 3576 5072 experire-

1933 5085 2048 5152 tur,
2070 5074 2403 5138 etsecunda
2419 5074 2604 5136 vicem
2631 5075 2888 5135 similem
2915 5075 3162 5138 haberet
3179 5078 3490 5158 visionem,
3513 5090 3577 5145 ut

1555 5406 1812 5472 Mattbaai
1844 5401 2006 5468 Busti
2037 5407 2210 5466 nota).

277 5564 408 5648 (33)
439 5575 540 5626 Νῦν
569 5567 614 5624 δ’
647 5569 744 5647 ὸψὲ
773 5572 868 5647 μὲν
899 5568 1008 5650 οὖν,
1045 5572 1220 5648 forte,
1265 5570 1362 5647 ὸψέ
1395 5569 1490 5650 μὲν
1520 5577 1658 5641 νοῦν,
