4008 6114
488 214 632 282 ΗΠ
1709 218 2029 285 JOANNIS
2070 276 2071 280 η

2217 215 2622 281 HAITENSIS
3687 205 3797 268 lli?

689 352 846 411 Πόλει
873 351 928 410 δὶ
954 355 1177 435 κόσμος,
1211 368 1327 418 τοῖς
1355 351 1400 410 δ’
1430 353 1735 430 ἀνακτόροις
1779 352 1940 432 φύλαξ
1976 400 1988 411 .
2133 372 2175 408 Α
2196 340 2342 425 Νςζ
2377 369 2410 412 (
2444 353 2530 414 Εἷς
2560 351 2656 418 τὴν
2687 349 2739 406 ἐν
2788 353 3074 431 Εὖχαίτοις
3129 352 3307 408 είκόνα
3360 356 3459 406 σοῦ
3487 345 3746 423 βασιλέως.
3780 367 3798 397 ι

489 439 646 504 1455
687 449 881 500 Τοῦτον
907 441 1148 518 βασιλεῖς
1178 441 1459 508 δεξιοῦνται
1489 440 1775 514 πλουσίως,
2409 441 2507 496 Καὶ
2549 442 2638 496 τὸν
2668 442 2912 518 κραταιὸν
2945 438 3203 506 δεσπότην
3238 449 3664 506 Κωνσταντϊνον,

687 540 880 590 Τοῦτον
909 529 1146 588 σέϐουσιν
1177 536 1223 589 οἱ
1251 530 1491 589 σεϐαστοὶ
1519 528 1790 610 δεσπόται,
2410 533 2516 593 Τῆς
2561 533 2663 604 γῆς
2692 529 2753 583 τὸ
2785 531 2980 603 θαῦμα,
3025 531 3115 584 τὸν
3149 528 3318 604 μέγαν
3349 525 3691 602 Μονομάχον.

707 619 878 676 ⁴Αλλον
906 617 1032 699 παρ’
1063 619 1226 678 ἄλλου
1254 622 1347 676 τὸν
1374 621 1536 676 τύπον
1566 617 1885 696 δεδεγμένοι,
2410 616 2660 674 Ἐνταῦθα
2703 615 2883 694 πρᾶξις
2915 614 3130 684 εὐσεϐὴς
3161 617 3488 696 ἀναγράρει.

694 709 791 764 Καὶ
820 709 919 774 τὴν
947 707 1175 784 ἀμοιϐὴν
1204 715 1311 764 τῶν
1353 707 1438 764 ἐπ’
1482 707 1661 772 αὐτοῖς
1689 709 1989 782 θαυμάτων,
2413 707 2516 768 Τὰς
2547 703 2740 783 δωρεὰς
2776 707 2874 783 γὰρ
2903 709 3006 766 τῶν
3037 708 3136 783 πρὸ
3166 716 3258 764 τοῦ
3287 703 3557 780 βασιλέων

689 805 816 860 Τοῖς
861 797 1085 876 μάρτυσι
1114 798 1358 872 νέμοντες
1393 797 1452 852 ἐκ
1479 806 1571 854 τοῦ
1597 794 1846 869 πλησίον,
2220 792 2372 856 1490
2415 793 2586 854 Σάλον
2617 797 2881 857 παθούσας
2913 794 2964 858 ἐξ
3008 796 3256 869 ἐπηρείας
3288 794 3488 872 μέγαν,

487 883 647 948 1460
687 887 840 943 Οὗτοι
883 885 1155 965 φιλοῦντες
1197 885 1424 942 ἔκπαλαι
1466 886 1587 947 τοὺς
1615 894 1708 943 τοῦ
1733 885 1977 965 κράτους,
2414 886 2620 959 Χρυσῆς
2662 881 2970 960 ὑπεστήριξε
2999 885 3172 945 κίονος
3202 884 3377 959 βάσει,

691 971 903 1053 μᾶλλον
930 973 1136 1053 φιλοῦσι
1165 976 1286 1038 τοὺς
1329 972 1445 1030 καθ’
1475 976 1617 1049 ἡμᾶς
1662 971 1939 1044 δεσπότας,
2411 973 2511 1053 Τὸν
2543 969 2932 1050 χρυσόϐουλλον
2963 972 3362 1040 ἀνταναστήσας
3384 969 3576 1048 λόγον,

692 1051 783 1126 Ὠς
814 1051 1204 1142 εὐσεϐεστέρους
1227 1085 1285 1119 τε
1317 1063 1402 1118 καὶ
1427 1061 1780 1141 σοφωτέρους.
2415 1051 2503 1121 Ὠς
2549 1058 2864 1138 ἀντέρεισμα
2894 1062 3140 1138 καρτερὸν
3170 1062 3298 1138 πρὸς
3330 1060 3432 1127 τὴν
3466 1061 3609 1137 βίαν,

685 1151 984 1231 Σοφώτεροι
1012 1152 1110 1231 γάρ
1139 1153 1266 1208 εἰσιν
1298 1154 1343 1208 οἱ
1373 1152 1503 1229 πρὸς
1533 1148 1675 1215 ἀξίαν
2409 1145 2489 1202 Δι’
2520 1150 2580 1203 οὗ
2606 1151 2666 1204 τὸ
2697 1147 2890 1224 μέλλον
2934 1148 3316 1226 ἀσφαλέστερον
3347 1148 3500 1222 νέμει

687 1240 763 1298 Τὰ
790 1243 908 1297 θετα
936 1247 1094 1316 τιμῶ
1121 1239 1313 1304 εἰδότες
1344 1241 1556 1297 πάντων
1586 1237 1745 1294 πλέον
1780 1255 1794 1270 ⁸
2211 1233 2367 1297 1500
2513 1238 2772 1315 μάρτυρος
2803 1235 2953 1292 πόλει
2979 1259 3034 1293 τε
3067 1239 3153 1292 καὶ
3181 1235 3245 1286 68
3273 1239 3552 1314 παροικίᾳ,

493 1323 651 1390 1465
692 1329 846 1387 Οὗτοι
877 1331 1266 1386 κατευθύνουσιν
1296 1329 1465 1387 αὐτῶν
1494 1329 1554 1383 τὸ
1584 1328 1794 1406 κράτος,
2411 1314 2576 1381 ιὈθεν
2595 1314 2799 1381 δίκαιον
2844 1323 3217 1398 ἀντιλαμϐάνει
3249 1325 3433 1404 γέρας,

686 1415 866 1495 Αἴγλη
893 1415 957 1465 67
981 1418 1348 1496 περιστέφοντε
1378 1423 1484 1473 τῶν
1515 1417 1843 1490 αἰτημάτων.
2306 1491 2315 1496 Δ
2410 1415 2496 1476 Εἷς
2525 1414 2644 1476 τοὺς
2679 1411 2796 1469 καθ’
2826 1415 2965 1488 ἡμᾶς
2997 1413 3274 1494 ἐγγραφεὶς
3304 1412 3614 1491 εὐεργέτας,

692 1491 849 1562 Οὗτοι
875 1504 995 1561 κατ’
1039 1491 1244 1584 ἐχθρῶν
1271 1526 1610 1584 συμμαχουσι
1639 1518 1754 1569 τοῖς
1783 1505 1976 1586 φίλοις,
2213 1491 2334 1563 ΝΖ’,
2374 1523 2400 1554 ι
2434 1503 2521 1564 Εἷς
2551 1504 2647 1568 την
2678 1504 2847 1571 θήκην
2877 1509 2967 1557 τοῦ
3005 1491 3185 1576 τιμίου
3220 1501 3367 1566 ξύλου
3417 1510 3514 1558 τοῦ
3545 1506 3766 1578 Χριστοῦ.
3796 1516 3816 1554 ι

689 1594 789 1651 Καὶ
829 1592 1138 1673 προσφιλεῖς
1179 1597 1368 1650 τιθεῖσι
1396 1606 1513 1656 τοῖς
1543 1594 1825 1671 ὑπηκόοις,
2152 1665 2183 1673 _
2409 1596 2641 1668 Σταυροῦ
2668 1590 2827 1646 πάλιν
2856 1596 2988 1670 φῶς,
3039 1591 3125 1646 καὶ
3169 1590 3325 1646 πάλιν
3359 1600 3750 1648 Κωνσταντϊνος
3779 1602 3789 1614 ⁸

688 1686 822 1737 Πᾶσι
853 1665 1169 1760 προσηνεῖς,
1201 1688 1360 1738 πᾶσιν
1389 1665 1819 1760 ἠγαπημένουςί
2152 1665 2187 1714 Β
2413 1670 2469 1760 ΪΟ
2513 1665 2718 1758 πρῶτος
2752 1665 2880 1735 οἶδε’
2896 1682 2984 1735 τὸν
3013 1681 3177 1735 τύπον
3206 1677 3273 1734 δι’
3316 1679 3554 1756 ἀστέρων
3587 1694 3599 1706 ·

489 1767 647 1832 1470
690 1771 842 1828 Οὗτοι
872 1757 927 1826 δὲ
956 1772 1044 1828 καὶ
1075 1779 1184 1850 νῦν,
1218 1772 1408 1849 οἷάπερ
1439 1757 1577 1849 φίλοι
1608 1769 1801 1850 φίλοις,
2212 1766 2369 1828 1505
2414 1757 2470 1825 Ὀ
2500 1766 2737 1845 δεύτερος
2760 1767 2813 1823 δὲ
2847 1775 3028 1824 τοῦτον
3061 1769 3215 1823 αὐτὸν
3257 1769 3342 1823 καὶ
3366 1766 3578 1842 βλέπει,

686 1859 1030 1938 Γνωρίσματα
1055 1858 1356 1917 στέλλουσιν
1387 1859 1587 1922 εὐνοίας
1618 1858 1762 1932 τάδε,
2272 1911 2280 1919 ,
2410 1858 2506 1914 Καὶ
2534 1859 2685 1935 χερσὶ
2713 1871 2929 1919 πισταῖς
2962 1858 3405 1935 προσκυνούμενον
3440 1856 3615 1934 φέρει.

685 1950 784 2025 Καὶ
807 1955 989 2006 τοῦτον
1020 1951 1204 2012 αὐτοῖς
1238 1950 1490 2025 μηνύουσι
1515 1950 1606 2004 τὸν
1633 1949 1826 2025 τρόπον
2413 1953 2598 2025 έλμφω
2627 1945 2751 2022 παρ’
2783 1948 2936 2001 αὖτοῦ
2966 1948 3026 2000 τὸ
3055 1947 3242 2023 κράτος
3284 1943 3614 2023 δεδεγμένοι,

684 2019 816 2104 νΗδη
845 2044 1110 2116 παροῦσαν
1137 2037 1236 2104 τὴν
1266 2038 1463 2093 ἑαυτῶν
1495 2036 1724 2116 ἡμέραν,
2412 2010 2600 2111 ³Ἄμφω
2628 2032 2864 2091 σέϐουσιν
2894 2036 3046 2089 αὒτὸν
3091 2037 3162 2096 ὡς
3196 2034 3496 2112 εὐεργέτην.

687 2126 813 2187 Καθ’
843 2112 1176 2192 ἣνθανόντες
1207 2124 1432 2188 εύκλεῶς
1464 2129 1510 2182 οἱ
1540 2112 1804 2201 γεννάδαι,
2507 2112 2640 2184 ΝΗ’,
2682 2145 2708 2176 ι
2743 2125 2828 2186 Εἰς
2861 2124 2949 2179 τὸν
2995 2123 3144 2200 ἅγιον
3176 2120 3571 2201 Θεοφύλακτον.

491 2215 644 2281 1475
689 2213 825 2292 Δόξῃ
855 2213 1307 2292 κατεστέφθησαν,
1351 2215 1426 2276 ὡς
1470 2215 1764 2292 νικηφόροι,
2407 2212 2536 2273 Θεὸς
2566 2210 2730 2291 φύλαξ
2761 2234 2867 2284 σοι,
2899 2218 3054 2267 τοῦτο
3084 2212 3182 2289 γαρ
3211 2216 3398 2278 κλῆσιν
3447 2211 3620 2287 φέρεις
3651 2226 3664 2240 ⁸

685 2305 784 2364 Καὶ
812 2303 1160 2381 συγκαλοῦσιν
1189 2305 1261 2366 εἷς
1286 2303 1408 2377 μίαν
1436 2300 1716 2377 θυμηδίαν,
2210 2297 2368 2360 4510
2411 2297 2562 2373 Ἐμοὶ
2605 2297 2658 2355 δὲ
2689 2302 2775 2355 καὶ
2818 2302 2904 2380 σὺ,
2937 2301 3028 2356 σὺν
3059 2308 3175 2374 Θεῷ
3204 2298 3364 2378 φύλαξ
3394 2301 3584 2377 πάτερ,

683 2394 783 2456 Οὒς
817 2389 868 2457 ἐξ
913 2389 1057 2454 ἔθους
1087 2390 1268 2470 ἔχουσι
1293 2396 1451 2466 τιμᾷν
1481 2391 1711 2468 γνησίως
1749 2406 1761 2419 ·
2408 2387 2601 2458 Σώζων
2645 2389 2859 2460 ἀσινῶς,
2910 2388 3156 2466 ἀσφαλῶς
3187 2386 3460 2466 διεξάγων,

682 2473 777 2544 Ὠς
807 2480 868 2537 ἂν
897 2481 1324 2559 συνευφραίνοντο
1350 2493 1466 2545 τοῖς
1510 2481 1881 2560 στεφηφόροις,
2407 2478 2508 2560 lui
2537 2477 2633 2543 τὴν
2663 2476 2826 2548 ζάλης
2858 2478 3120 2555 γέμουσαν
3150 2480 3361 2556 ἡμερῶν
3388 2483 3565 2548 νόσον,

679 2576 880 2634 Κοινῶς
912 2550 1244 2647 ἑορτάξοντες
1279 2571 1324 2624 οἱ
1361 2550 1704 2648 στεφηφόροιξ
1750 2550 1759 2559 ’
1867 2550 1877 2556 ⁷
2407 2550 2502 2622 ’.Ην
2533 2568 2604 2629 είς
2633 2567 2785 2630 τέλος
2823 2550 3046 2646 πράϋνον
3079 2550 3605 2645 εὐχῶνφαρμάκοις,

482 2654 642 2720 1480
683 2658 921 2713 Πείθεσθε
950 2659 1142 2718 τοίνυν,
1175 2657 1221 2711 ὦ
1263 2657 1464 2734 φαεινοὶ
1492 2653 1764 2728 δεσπόται,
2412 2656 2508 2734 [iui
2539 2655 2709 2710 πάντα
2741 2679 2830 2730 μοι
2863 2657 3160 2734 σύμπραττε
3193 2658 3321 2732 πρὸς
3351 2659 3412 2711 τὸ
3443 2656 3708 2734 συμιρερον,

679 2747 779 2803 Καὶ
806 2750 904 2811 τῆς
936 2750 1107 2824 χαρᾶς
1139 2726 1355 2824 δέχεσθε
1384 2744 1482 2811 τὴν
1503 2726 1798 2820 κοινωνίαν,
2215 2740 2364 2804 1515
2417 2726 2616 2822 εἘργοις
2646 2726 2871 2820 βεϐαιῶν
2903 2726 3304 2821 τὴν-ἐπώνυμον
3335 2726 3520 2824 χάρινξ

679 2830 932 2890 Ἐνταῦθα
961 2834 1058 2909 μὲν
1085 2840 1171 2890 νῦν
1201 2835 1274 2896 ὡς
1304 2831 1468 2913 φίλοι,
1516 2835 1602 2889 καὶ
1644 2833 1869 2901 πλησίον
1905 2856 1918 2869 ⁸
2409 2829 2523 2912 Ἐφ’
2622 2835 2888 2897 πεποιθὼς
2931 2839 3123 2913 ἱστορῶ
3153 2856 3232 2912 σε,
3267 2837 3353 2890 καὶ
3383 2835 3586 2913 γράφω.

677 2919 768 3002 τεν
800 2926 1044 3000 οὐρανοῖς
1071 2921 1126 2977 δὲ
1159 2922 1345 2999 μικρὸν
1375 2920 1586 3000 ὕστερον
1617 2922 1801 2998 πάλιν,
2149 2992 2181 3002 Π
2481 2914 2610 2983 ΝΘ’,
2651 2946 2674 2976 ιι
2713 2921 2948 3000 Αἴνιγμά
2976 2925 3047 2985 είς
3077 2922 3272 2980 πλοῖον
3301 2923 3351 2986 ἐξ
3382 2923 3580 3002 ἐτέρου,

684 2992 872 3067 "01m-
887 3007 1136 3075 λαϐόντες
1160 2992 1296 3067 ἀλλο
1325 2992 1530 3086 βέλτιον
1561 2992 1796 3092 στέφος,⁷
2145 2992 2183 3040 C
2409 3012 2552 3092 ⁵ζῶόν
2596 3034 2646 3068 τι
2677 2992 2862 3087 πεζὸν,
2877 2992 3027 3067 ⁷ἀλλὰ
3058 3013 3247 3077 νηκτὸν
3281 2992 3489 3090 εὕρέθη,

481 3099 638 3162 1485
681 3099 896 3163 Τούτοις
923 3120 981 3154 τε
1012 3079 1375 3179 συγχαίροιτε,
1421 3101 1508 3154 καὶ
1549 3079 1964 3180 τοτςάγγέλοις.
2409 3079 2716 3180 νΕμψυχον,
2744 3079 2865 3156 ἀλλ”
2897 3099 3130 3180 ἄψυχον,
3185 3079 3438 3179 ἔμπνοῦν,
3476 3079 3597 3155 ’ἀλλ’
3626 3097 3788 3161 ἄπνουισ,

475 3268 593 3331 alio
623 3265 985 3348 recipientes
1015 3265 1373 3347 exemplum,
1409 3273 1467 3327 et
1515 3267 1918 3348 prodigiorum
1962 3270 2024 3332 in
2054 3289 2119 3334 se
2201 3267 2901 3331 scribit.Antecessorum
2924 3268 3082 3329 enim
3104 3267 3789 3347 regumdonationes,qu:e

475 3357 765 3419 factorum
789 3353 977 3416 vicem
1008 3357 1230 3415 sanctis
1254 3354 1610 3435 martyribus
1640 3374 1673 3418 e
1704 3355 1922 3418 vicinia
1970 3360 2115 3421 red-
2200 3375 2470 3436 magnam
2520 3373 2590 3419 ex
2648 3357 2930 3419 violentia
2971 3366 3383 3438 tempestatem
3442 3357 3692 3425 tulerant,
3743 3349 3786 3407 in

476 3446 708 3509 dentes.
739 3443 813 3506 Hi
835 3442 1180 3505 constitutos
1209 3442 1271 3503 in
1295 3450 1581 3523 potestate
1602 3445 1963 3524 jampridem
1985 3448 2120 3509 dili-
2198 3462 2393 3507 aurem
2421 3445 2717 3510 columna;
2750 3446 2873 3506 basi
2903 3446 3204 3522 stabilivit,
3239 3464 3485 3507 auream
3536 3451 3786 3506 exstruens

474 3541 706 3615 gentes,
732 3539 966 3594 nostros
995 3530 1145 3609 mgis
1184 3538 1403 3605 amant,
1450 3549 1621 3610 reges
1670 3541 1732 3593 ut
1772 3534 1956 3612 magis
1989 3537 2116 3616 pios
2198 3532 2445 3607 bullam,
2473 3534 2626 3596 sicut
2651 3535 2803 3596 forte
2831 3545 3040 3597 contra
3075 3535 3188 3596 vim
3241 3534 3677 3607 munimentum,
3702 3541 3785 3616 quo

475 3622 782 3702 magisque
811 3619 1110 3700 sapientes
1144 3641 1157 3683 :
1186 3619 1578 3701 sapientiores
1627 3621 1786 3684 enim
1834 3615 2114 3705 suntqui
2200 3622 2468 3702 martyris
2517 3622 2651 3684 urbi
2688 3623 2935 3703 sedique
2991 3625 3246 3686 futurum
3297 3623 3569 3684 securius
3608 3615 3781 3681 tribuit.

466 3713 637 3793 juxta
654 3711 1002 3788 dignitatem
1024 3709 1223 3771 divina
1253 3710 1560 3791 plusquam
1590 3719 1800 3774 caetera
1831 3729 2116 3775 veneran-
2195 3710 2334 3773 Ideo
2359 3714 2584 3791 justum
2618 3713 2831 3792 recipit
2857 3715 3162 3792 praemium
3199 3718 3354 3773 inter
3383 3721 3611 3772 nostros
3643 3707 3782 3766 bene-

477 3809 596 3863 tur.
633 3799 706 3860 Hi
723 3806 1070 3880 potestatem
1099 3816 1329 3878 eorum,
1357 3817 1595 3878 precum
1623 3799 1840 3862 decore
1860 3800 2114 3862 circum-
2196 3799 2446 3862 factores
2477 3801 2828 3882 inscriptus.

477 3889 708 3968 dantes,
731 3886 1070 3952 obﬁrmant.
1103 3887 1178 3948 Hi
1201 3905 1335 3948 cum
1365 3887 1576 3948 amicis
1605 3888 1888 3950 adversus
1909 3890 2116 3951 hostes
2331 3893 2498 3955 LVII.
2533 3893 2607 3955 In
2639 3895 2862 3957 thecam
2914 3902 3186 3974 pretiosae
3215 3897 3408 3957 crucis
3450 3889 3683 3956 Christi.

430 3995 440 4005 '
477 3979 764 4040 dimicant
793 3977 1123 4039 etsubditis
1153 3975 1417 4038 efﬁciunt
1455 3985 1672 4054 gratos,
1697 3976 1972 4039 omnibus
2003 3977 2115 4039 bo-
2277 3979 2495 4042 Iterum
2530 3983 2723 4043 crucis
2768 3984 2966 4044 lumen
3017 3993 3074 4044 et
3121 3985 3335 4045 iterum
3385 3977 3772 4046 Constantinus.

478 4086 611 4143 nos,
643 4066 870 4128 cunctis
896 4074 1113 4144 gratos.
1147 4063 1220 4126 Hi
1248 4083 1386 4126 vero
1441 4084 1600 4126 nunc
1645 4084 1903 4146 quoque,
1957 4067 2115 4130 velut
2196 4067 2296 4148 qui
2328 4068 2553 4149 primus
2581 4069 2723 4130 vidit
2753 4071 2811 4131 in
2845 4072 2994 4134 caelo
3028 4080 3223 4151 typum
3263 4093 3274 4130 :
3310 4071 3602 4132 secundus
3625 4069 3771 4126 autem

477 4156 688 4219 amicis
707 4156 1042 4231 amici,haac
1064 4153 1496 4218 benevolentia;
1513 4155 1681 4233 signa
1705 4154 1942 4216 mittunt
1964 4155 2113 4236 ipsi-
2140 4175 2182 4224 ι)
2203 4157 2361 4220 hunc
2406 4157 2599 4238 ipsum
2647 4178 2884 4239 quoque
2922 4163 3111 4222 cernit
3143 4170 3198 4223 et
3231 4161 3508 4222 ﬁdelibus
3537 4157 3775 4220 adoratum

477 4264 593 4328 que
622 4245 736 4308 hoc
765 4245 1104 4324 signiﬁcant
1133 4243 1308 4306 modo
1334 4262 1505 4304 suum
1535 4243 1746 4306 adesse
1784 4243 1967 4324 diem,
1999 4263 2115 4325 quo
2199 4245 2470 4307 manibus
2501 4246 2752 4308 sustinet
2806 4247 3016 4317 Ambo,
3056 4249 3129 4310 ab
3157 4249 3266 4310 isto
3300 4256 3581 4329 potestate
3618 4253 3775 4313 act'eP'

476 4333 743 4414 gloriose
773 4334 953 4394 fortes
982 4332 1271 4407 defuncti,
1303 4332 1491 4410 gloria
1507 4332 1656 4393 sicut
1678 4333 1930 4394 victores
1953 4352 2116 4395 coro-
2199 4342 2275 4414 ta,
2312 4335 2486 4395 istum
2517 4342 2579 4394 ut
2609 4335 3050 4398 benefactorem
3088 4346 3464 4400 venerantur.

476 4423 603 4486 nati
643 4430 820 4497 sunt;
868 4431 928 4484 et
972 4422 1031 4484 in
1076 4441 1261 4483 unum
1309 4421 1599 4484 advocant
1627 4420 1932 4500 gaudium,
1971 4441 2117 4502 quos
2439 4421 2633 4484 LVIII.
2671 4425 2743 4486 In
2772 4434 3046 4487 sanctum
3083 4426 3605 4506 Theophylactum.

478 4512 712 4574 sincere
732 4509 926 4574 solent
945 4511 1261 4584 honorare,
1295 4518 1359 4572 ut
1380 4528 1511 4572 cum
1536 4497 1831 4572 coronatis
1851 4497 2117 4572 commu-
2277 4509 2432 4572 Deus
2463 4510 2802 4590 tichustos
2829 4534 2840 4572 :
2875 4515 2982 4576 hoc
3025 4515 3184 4576 enim
3217 4497 3433 4575 nomen
3481 4509 3646 4593 geris.
3677 4497 3776 4562 Milli

480 4617 619 4662 nem
668 4605 910 4679 agentes
959 4597 1334 4660 festivitatem
1385 4599 1648 4660 coronati
1678 4599 2111 4677 congaudeant.
2199 4607 2392 4661 autem
2430 4608 2486 4660 et
2528 4609 2586 4661 tu
2617 4620 2752 4664 cum
2790 4603 2904 4664 Deo
2937 4612 3155 4674 custos,
3185 4611 3348 4684 pater
3377 4595 3773 4686 absqnedamtto

479 4690 688 4754 Parete
718 4707 882 4768 ergo,
917 4688 1176 4750 illustres
1204 4687 1451 4763 domini,
1486 4688 1818 4768 laetitiaeque
1867 4687 2116 4767 accipite
2198 4706 2462 4764 servans,
2502 4697 2621 4750 tuto
2643 4689 2906 4768 dirigens
2935 4700 2992 4753 et
3026 4683 3260 4771 plenam
3297 4695 3634 4769 tempestate
3659 4683 3775 4740 mill'

477 4778 866 4856 consortium,
887 4778 984 4840 hic
1001 4777 1240 4858 quidem
1265 4790 1330 4840 ut
1350 4777 1525 4838 amici
1548 4777 1833 4851 etvicini;
1868 4777 1929 4838 in
1951 4778 2116 4839 ccelis
2197 4795 2340 4857 gans
2371 4778 2803 4856 aegritudinem,
2838 4799 3012 4860 quam
3061 4781 3120 4842 in
3152 4781 3328 4841 ﬁnem
3375 4795 3605 4860 precum
3629 4780 3774 4832 reme-

475 4877 674 4932 autem
695 4868 910 4930 iterum
929 4867 1100 4948 paulo
1123 4866 1582 4948 serius,quando
1605 4867 1914 4929 meliorem
1937 4865 2112 4927 aliam
2198 4868 2315 4928 diis
2358 4867 2675 4946 benignam
2725 4877 2783 4930 et
2829 4871 3026 4931 omnia
3077 4870 3222 4931 mihi
3274 4888 3556 4950 prospera
3601 4869 3774 4922 mecum

477 4975 759 5020 coronam
788 4957 1173 5038 accipientes,
1198 4975 1332 5018 cum
1357 4955 1487 5017 istis
1513 4964 1572 5018 et
1602 4955 1828 5034 angelis
1851 4954 2114 5017 collaeta-
2198 4974 2468 5036 operare,
2505 4957 2862 5018 nominalem
2887 4957 3164 5038 operibus
3180 4959 3424 5036 gratiam
3456 4955 3774 5019 conﬁrmans?

475 5047 712 5111 bimini.
2199 5064 2314 5126 qua
2347 5045 2610 5108 conﬁsus
2640 5046 2831 5107 refero
2862 5065 2930 5107 ac
2959 5047 3180 5109 scribo.

556 5134 796 5201 LVIJn
816 5137 980 5218 regis
994 5137 1325 5217 imaginem
1353 5136 1680 5199 Euchaitis
1707 5136 2113 5196 exsistentem.
2429 5133 2573 5196 LIX.
2607 5136 2904 5214 ίΕηίῃιηα
2933 5138 2998 5197 in
3020 5137 3332 5216 navigium
3361 5153 3440 5196 ex
3469 5134 3601 5194 alio.
3668 5212 3678 5222 .

557 5229 627 5292 Et
657 5237 960 5312 potentem
989 5249 1192 5312 regem
1220 5229 1694 5304 Constantinum,
1727 5235 1900 5288 terra;
1921 5225 2120 5307 prodi-
2281 5223 2579 5312 Invenitur
2608 5223 2825 5285 animal
2860 5225 3132 5302 pedestre
3163 5224 3266 5286 sed
3294 5223 3532 5285 natatile
3560 5242 3573 5312 ξ
3602 5223 3775 5312 δριῐηές

471 5302 960 5401 εἱιιῐη,ἰηοεηιιιῐι
985 5302 1466 5394 Μᾶιιοῐηειοὴυω,
1507 5317 1603 5378 hic
1643 5302 1802 5397 pium
1829 5302 1979 5396 opus
2019 5313 2118 5374 in-
2204 5321 2348 5388 tum,
2381 5311 2487 5373 sed
2519 5311 2745 5394 absque
2785 5313 3018 5390 anima;
3070 5313 3443 5394 inspiratum,
3479 5309 3577 5373 sed
3606 5302 3774 5376 abs‘l“e

551 5487 616 5538 67
644 5513 732 5571 γρ,
760 5495 1158 5575 περιστέφοντες
1188 5491 1293 5548 τῶν
1325 5488 1626 5564 ἱτημάτων,
1713 5484 1778 5534 68
1808 5508 1893 5565 γρ,
1940 5485 2216 5564 παροιμίᾳ,
