4008 6114
299 267 442 338 1181

519 423 558 466 0
603 409 729 489 χθὲς
761 411 1035 489 βασιλεὺς,
1069 416 1096 469 6
1128 413 1257 492 χθὲς
1281 413 1337 469 ἐν
1366 412 1490 491 δόξῃ
1516 415 1708 496 μέγας,

517 506 557 554 0
588 499 713 578 χθὲς
743 497 909 557 δοκῶν
953 507 1079 581 γῆς,
1112 503 1199 558 καὶ
1221 500 1489 569 θαλάσσης
1531 502 1818 572 δεσπότης.

494 593 742 644 Τοιοῦτον
772 588 1033 667 ἐτρύγησα
1061 599 1158 662 τῆς
1203 591 1460 670 ἁμαρτίας

495 671 747 734 Ἐνταῦοα
776 678 977 757 καρπόν
1013 694 1028 709 ⁸
1060 685 1166 735 τῶν
1191 677 1237 736 δ’
1269 694 1384 737 εκεῖ
1411 678 1610 737 πλείων
1638 680 1800 761 φόϐος

337 760 455 824 435
497 762 584 848 ῘΕξ
612 766 687 820 ὧν
718 787 785 841 με
811 767 961 843 ῥῦσαι
991 765 1278 848 δημιουργὲ
1308 768 1500 848 Χριστέ
1530 792 1655 845 μου,

501 841 679 939 ἰΡῢσαί
720 876 789 928 με
814 841 901 931 Ἵτῇ
930 861 1000 932 σῇ
1028 841 1240 935 δωρεάν.
1272 841 1661 939 εὔσπλαγχνίᾳ,

498 922 642 1024 ρ’ῌίιεις
684 922 752 1016 με
778 922 997 1016 θάλπει,
1021 922 1116 1001 καὶ.
1151 946 1282 1023 πρὸς
1310 944 1377 1011 ἣν
1405 922 1589 1021 βλέτῖω
1618 922 1820 1024 μόνην,

537 1012 701 1096 ’Ἁλλή
745 1031 845 1109 γὰρ
874 1012 1021 1129 ἐλπίς
1055 1012 1285 1126 εὔδαμοῦ
1312 1012 1602 1113 σωτηρίας.

856 1126 966 1176 113⁷
1002 1142 1030 1176 α
1083 1129 1290 1198 Ετεροι.
1344 1144 1374 1177 ι

495 1206 659 1303 eluci.
699 1210 760 1265 τὸ
790 1205 971 1289 κέρδος
999 1216 1095 1268 τοῦ
1123 1208 1457 1290 ταλοιπώρου
1484 1234 1598 1291 ριου
1630 1230 1644 1244 ⁸

330 1292 453 1358 440
505 1292 698 1368 ηΕζησα
742 1299 930 1377 μικρὸν
958 1299 1012 1354 ἐν
1040 1297 1425 1380 πολυστρόφοις
1454 1302 1672 1384 τύχαις,

491 1384 639 1443 Εἶδον
666 1387 733 1443 τὰ
759 1387 956 1464 τερπνᾶ
997 1388 1169 1444 πάντα
1197 1390 1285 1445 καὶ⁷
1313 1389 1587 1452 τάναντία.

495 1476 630 1553 Πρὸς
659 1472 807 1541 δόξαν
837 1474 1002 1555 ἤρθην
1046 1475 1284 1556 ἐκφυγὼν
1312 1476 1435 1550 ᾃδου
1464 1478 1655 1557 πύλας,

494 1567 591 1623 Καὶ
617 1565 860 1641 βασιλεὺς
892 1566 1114 1641 ἥκουσα,
1147 1568 1265 1649 φεῦ.
1292 1572 1380 1625 καὶ
1409 1567 1670 1639 δεσπότης
1705 1588 1719 1603 ·

491 1654 656 1713 Τανῦν
686 1654 794 1734 ἐγὼ
823 1656 919 1731 μὲν
947 1656 1003 1712 ἐν
1031 1664 1199 1732 στενῷ
1226 1670 1413 1733 κεῖμαι
1451 1657 1600 1733 λίθῳ,

329 1741 447 1805 445
508 1748 755 1824 Αψυχος,
786 1742 1004 1819 ἄπνους,
1030 1747 1103 1809 εἰς
1146 1746 1291 1802 κόνιν
1319 1745 1487 1812 λυθεὶς
1520 1749 1712 1824 μόνην,

488 1828 705 1888 Ἐκεῖνα
724 1829 770 1887 δ’
795 1832 860 1900 ἧν
893 1831 1118 1912 ὄνειρος.
1166 1832 1312 1891 οὗδὲν
1343 1858 1392 1892 τι
1438 1834 1597 1894 πλέον
1633 1855 1648 1872 ·

486 1917 634 1976 Ἀλλ’
677 1923 705 1977 6
733 1920 938 1987 πλασας
964 1943 1031 1997 με
1072 1936 1195 1987 ταῖς
1224 1923 1513 2004 ἀχράντοις
1542 1928 1696 2006 χερσὶ
1727 1950 1840 2001 σου,

486 2006 817 2067 ’Λνάπλασον
858 2011 1016 2069 πάλιν
1047 2034 1114 2087 με
1142 2013 1232 2069 τὸν
1274 2011 1582 2089 λελυμένον,

494 2098 592 2157 Καὶ
621 2095 708 2163 δὸς
749 2100 943 2175 βοηθὸν
971 2113 1158 2182 χεῖρα,
1192 2099 1279 2166 δός
1308 2125 1398 2178 μοι
1427 2102 1677 2180 κειμένῳ,

323 2185 438 2248 450
480 2188 578 2245 Καὶ
608 2185 779 2253 δεῖξον
807 2188 1095 2273 αὖθις-φῶς
1138 2192 1199 2247 τὸ
1229 2193 1345 2271 σὸν,
1378 2190 1711 2273 πλαστουργέ
1740 2216 1864 2270 μου,

866 2265 995 2336 ΠΓ’.
1039 2299 1061 2332 ι
1101 2276 1285 2341 Αλλοι,
1323 2265 1351 2334 n

487 2363 559 2418 Σὺ
587 2361 854 2440 βασιλεὺς,
889 2347 1125 2441 ’Ϋψιστῆ
1158 2368 1246 2423 καὶ
1271 2368 1333 2423 σὺ
1363 2366 1648 2444 δεσπότης,

480 2457 630 2518 Ζωῆς
659 2452 918 2532 ὑπάρχων
950 2454 1160 2534 Κύριος,
1193 2457 1280 2512 καὶ
1306 2457 1530 2515 θανάτου
1566 2473 1580 2488 ⁸

479 2538 624 2619 Ἐγὼ
651 2538 707 2596 δὲ
733 2543 931 2610 θνητὴν
972 2541 1034 2599 ἐκ
1056 2546 1246 2623 φθορᾶς
1290 2543 1466 2603 λαϐὼν
1509 2547 1684 2625 φύσιν,

481 2627 702 2685 Μέλλων
728 2651 787 2685 τε
816 2633 1001 2688 θᾶττον
1047 2632 1120 2694 εἷς
1148 2634 1339 2712 φθορὰν
1367 2633 1732 2714 ὑποστρέφειν,

315 2715 435 2781 455
480 2717 665 2785 Μάτην
693 2717 938 2794 βασιλεὺς
1124 2721 1482 2797 ὠνομαζόμην
1508 2720 1631 2801 ἄρα,

319 2804 438 2867 916
482 2806 687 2886 ξαίρων
718 2807 957 2886 ὀνείροις,
988 2810 1074 2867 καὶ
1112 2823 1293 2873 σκιαῖς
1322 2810 1656 2885 ἆσυστάτοις,

488 2875 540 2950 Ἄ
570 2875 701 2972 πρὸς
728 2875 915 2974 μικρὸν
940 2875 1215 2975 ’τέρψαντα
1243 2899 1332 2954 καὶ
1359 2896 1616 2965 παίξαντα
1641 2875 1727 2974 ’με

1642 284 1946 349 VERSUS
2006 283 2330 347 IAMBIGI.

3528 266 3681 335 1182

1975 426 2019 477 Α
2242 416 2532 495 ’Δια-ἦλθον,
2578 415 2868 482 ἑξέπτησαν
2904 413 2958 469 ἐν
2987 414 3185 491 βραχεῖ
3213 410 3393 491 χρόνῳ
3424 427 3438 442 ⁸

2223 504 2375 579 Ἐμοὶ
2416 502 2461 559 δ’
2494 503 2702 584 ἀφῆκαν
2732 502 2824 567 τὰς
2855 499 2938 556 ἐπ’
2961 501 3152 557 αὐτοῖς
3185 498 3415 570 εὐθύνας,

2060 591 2181 657 290
2228 593 2325 651 Καὶ
2356 593 2472 657 τοὺς
2502 580 2719 669 λόγους,
2769 590 2887 670 φεῦ,
2942 590 3052 644 τῶν
3108 593 3321 650 κακκῶς
3366 580 3682 751 πεῖραγμέ-

3478 693 3605 750 νων,

3478 693 3605 750 νων,

2228 768 2328 832 Οῧς
2360 769 2437 844 μὴ
2477 767 2543 819 80
2570 768 2829 846 βαρύν-ης,
2861 764 3146 845 δημιουργέ
3176 787 3278 841 μου
3305 762 3448 821 τότε.

2226 856 2377 915 Ἀλλ’
2407 860 2481 921 ὡς
2512 858 2701 937 κριτὴς
2724 854 3114 936 εὔσπλαγχνος,
3146 852 3387 921 ἱλάσθητί
3415 852 3530 928 μοι.

2588 936 2725 1006 ΠΔ’.
2764 970 2789 1002 (ι
2826 955 3032 1025 Ετεροι.
3072 967 3100 1000 ι

2226 1008 2328 1118 ["9]
2358 1038 2461 1094 τῶν
2506 1037 2741 1112 ματαίων
2769 1036 2855 1092 καὶ
2895 1008 3062 1090 κενῶν
3090 1034 3468 1114 φρονημάτων,

2224 1127 2546 1207 Πρόσκαιρος
2569 1126 2643 1183 ὢν
2675 1123 2941 1202 ἅνθρωπος
2971 1122 3217 1203 ἐφρόνουν
3245 1121 3408 1200 μέγα.

2064 1214 2183 1279 225
2227 1216 2326 1274 Καὶ
2357 1219 2458 1293 γῆς
2489 1216 2691 1293 βραχὺς
2722 1223 2879 1293 χοῦς,
2910 1217 3013 1289 γῆς
3057 1209 3382 1268 ἐπεσκόπουν
3410 1207 3569 1290 ἄκρα,

2226 1308 2408 1370 Ζητῶν
2436 1304 2505 1359 τὰ
2533 1301 2709 1375 κύκλῳ
2735 1307 2834 1368 τῆς
2865 1298 2996 1367 ὅλης
3027 1296 3339 1373 οἰκουμένης

2225 1394 2311 1456 Εἷς
2337 1390 2395 1448 ἓν
2423 1391 2649 1466 συνάψαι
2690 1402 2811 1455 τοῖς
2841 1388 2981 1467 ὅροις
3010 1399 3128 1451 τοῖς
3158 1392 3250 1443 τοῦ
3275 1385 3495 1465 κράτους
3533 1402 3549 1419 ο

2223 1478 2372 1537 Ἀλλ’
2417 1480 2705 1559 ἐκράτησεν
2732 1480 2768 1547 ἡ
2797 1478 2898 1557 πρὸ
2928 1485 3020 1536 τοῦ
3051 1474 3403 1556 κρατουμένη,

2220 1570 2320 1628 Καὶ
2350 1570 2479 1648 πρὸς
2509 1570 2690 1624 στενὸν
2722 1566 2879 1646 μέρος
2907 1588 2959 1622 τι
2991 1563 3344 1644 συγκλείσασά
3372 1584 3439 1637 με

2057 1656 2177 1722 230
2219 1657 2473 1716 Ἐνταῦθα
2504 1656 2694 1736 τέφραν
2737 1656 2849 1711 ἀντὶ
2876 1653 3132 1711 δεσπότου
3160 1653 3326 1732 φέρει.

2218 1748 2292 1803 Σὺ
2337 1745 2380 1803 δ’
2415 1749 2443 1803 6
2478 1744 2685 1809 πλάσας
2719 1766 2786 1820 με
2815 1757 2939 1807 ut;
2968 1743 3254 1823 ἀχράντοις
3286 1742 3440 1820 χερσὶ
3468 1762 3585 1816 σου,

2216 1834 2553 1893 Ἀνάπλασον
2581 1832 2741 1890 πάλιν
2772 1856 2839 1909 με
2869 1834 2999 1913 πρὸς
3020 1830 3311 1909 σωτηρίαν,

2218 1926 2319 1982 Καὶ
2350 1937 2467 1987 τοῖς
2496 1921 2745 1999 βλέπουσι
2777 1925 3060 1997 συμπαθῶς
3091 1942 3194 1995 μου
3221 1920 3313 1975 τὸν
3342 1918 3505 1998 τάφον

2213 2013 2417 2079 Φάνηθι
2438 2013 2527 2068 καὶ
2555 2013 2618 2068 σὺ
2648 2011 2922 2087 συμπαθὴς
2954 2000 3008 2064 έν
3037 2015 3105 2086 τῇ
3133 2009 3319 2087 κρίσει.

2015 2090 2146 2160 ΠΕ’.
2192 2123 2213 2157 ο
2253 2103 2340 2167 Εἷς
2362 2101 2462 2169 τὴν
2492 2101 2668 2157 εἰκόνα
2696 2102 2801 2156 τῶν
2831 2099 2990 2179 τριῶν
3019 2098 3205 2177 ἁγίων,
3265 2097 3330 2164 ἣν
3359 2094 3662 2176 ἐδωρήσατο

2518 2196 2595 2264 τῷ
2640 2190 2776 2267 ἁγίῳ
2800 2188 3077 2266 Γρηγορίῳ
3101 2209 3156 2248 .n

2050 2276 2171 2341 238
2211 2278 2366 2355 ²Εμοὶ
2395 2280 2444 2334 τί
2474 2286 2659 2355 μεῖζον
2702 2283 2808 2334 τῶν
2837 2278 2980 2353 ἐμῶν
3009 2275 3361 2348 διδασκάλων,

2337 2365 2452 2424 οὒδὲ
2477 2353 2681 2443 κόσμον
2710 2367 2882 2424 πάντα
2909 2366 3201 2446 προκρίνειν
3232 2364 3370 2445 ἔχω,

2220 2439 2394 2532 ’ὅμως
2422 2455 2476 2513 δὲ
2507 2439 2718 2536 φίλτρον
2761 2439 3317 2535 ἀνδρὸςὴγίασμένοιί.

2208 2542 2359 2601 Αἶδοϊ
2387 2550 2655 2623 κρατῆσαν
2677 2544 2893 2625 οἴχεται
2922 2544 3135 2606 τούτους
3165 2541 3294 2620 ἄγον
3323 2556 3337 2571 ⁹

2211 2630 2359 2714 ίΑλλ’
2382 2632 2604 2714 ἐντρύφα
2646 2637 2737 2691 τίοι
2767 2637 2845 2707 τῷ
2871 2631 3022 2707 καλῷ
3051 2630 3222 2710 δώρῳ,
3270 2631 3459 2711 πάτερ,

2049 2718 2169 2784 240
2216 2704 2430 2779 θΗδιστα
2472 2704 2621 2779 τόνδε
2649 2724 2741 2779 τὸν
2769 2704 3071 2796 συνώνυμον
3099 2704 3336 2798 βλέπων,

2214 2813 2314 2869 Καὶ
2339 2812 2460 2876 τοὺς
2489 2812 2902 2888 συναυγάζοντας
2946 2809 3091 2884 αὒτῷ
3133 2809 3385 2889 φωσφόρο
3412 2831 3472 2873 υς
3524 2825 3544 2845 ⁸

2216 2899 2370 2975 Ἐμοὶ
2401 2898 2445 2955 δ’
2489 2898 2582 2955 ἀπ’
2613 2900 2781 2957 αὐτῶν
2813 2899 3000 2977 μικρὸν
3029 2896 3232 2964 έξαιτοῦ
3263 2895 3446 2973 σέλας,

275 3065 451 3121 nator
479 3078 773 3141 apparens
810 3062 824 3122 !
876 3061 1081 3145 Talem
1113 3063 1197 3125 ibi
1228 3064 1457 3144 peccati
1485 3064 1743 3128 fructum
1767 3082 1930 3127 mes-
1952 3075 1990 3125 C
2015 3066 2242 3129 tionem
2270 3066 2667 3147 reddendam,
2698 3066 2849 3128 sicut
2877 3073 2937 3127 et
2965 3066 3039 3127 de
3070 3064 3223 3127 male
3253 3063 3457 3144 gestis,
3483 3064 3660 3128 eheu!

275 3148 370 3210 sui
408 3169 424 3225 ;
453 3152 561 3210 sed
588 3148 663 3211 de
691 3149 811 3212 illis
841 3151 1031 3230 major
1058 3159 1147 3213 est
1174 3162 1389 3216 metus.
1415 3153 1461 3214 E
1490 3153 1705 3234 quibus
1735 3153 1926 3217 libera

280 3254 400 3312 me,
433 3244 665 3300 creator
693 3239 776 3300 mi
805 3239 1062 3322 Christe,
1122 3241 1310 3305 libera
1368 3260 1463 3304 me
1523 3253 1621 3305 tua
1673 3243 1927 3321 gratuita

278 3324 714 3403 misericordia,
750 3346 883 3409 quae
912 3347 1007 3390 me
1037 3339 1274 3391 recreat
1323 3337 1384 3392 et
1434 3331 1506 3391 ad
1537 3350 1712 3411 quam
1745 3349 1926 3393 unam

275 3414 536 3495 respicio
572 3432 586 3477 :
624 3434 759 3496 spes
789 3417 948 3478 enim
978 3417 1094 3478 alia
1120 3418 1325 3479 salutis
1356 3437 1473 3479 non
1504 3419 1763 3499 est_ulla.

832 3509 1115 3573 LXXXII.
1151 3511 1371 3574 Aliud.

358 3599 555 3663 Triste
586 3601 942 3664 miserabilis
971 3604 1102 3666 vita;
1134 3604 1509 3666 commodum
1546 3607 1561 3665 !
1622 3606 1930 3688 Paulisper

269 3690 336 3752 in
366 3689 549 3751 variis
579 3689 834 3753 fortunis
862 3691 1019 3774 vixi;
1045 3692 1245 3754 omnia
1266 3694 1530 3756 secunda
1558 3694 1926 3775 adversaque

269 3778 395 3839 vidi
421 3799 436 3860 ;
467 3778 537 3840 ad
555 3778 830 3855 gloriam,
857 3782 1071 3843 inferni
1089 3781 1355 3845 faucibus
1377 3789 1639 3861 ereptus,
1659 3782 1920 3844 elevatus

271 3886 407 3929 sum
436 3887 452 3941 ;
474 3874 649 3948 atque
664 3885 766 3929 rex
789 3869 1162 3945 etdominus,
1190 3870 1384 3947 eheuj!
1411 3889 1539 3930 sum
1565 3871 1917 3951 appellatus.

270 3954 445 4019 Nnnc
473 3956 535 4017 in
565 3964 817 4034 angusto
862 3958 1058 4039 lapide
1098 3960 1298 4039 jaceo,
1361 3958 1664 4031 inanimis,
1698 3958 1924 4040 absque

271 4044 508 4125 spiritu,
526 4044 588 4104 in
604 4045 867 4107 cinerem
883 4047 1133 4110 solutus.
1156 4046 1260 4109 Illa
1281 4066 1417 4109 vero
1440 4047 1733 4108 somnium
1757 4057 1924 4110 erant

273 4140 336 4194 et
366 4133 515 4194 nihil
565 4134 842 4214 amplius.
894 4134 1033 4209 Sed,
1069 4154 1102 4197 ο
1134 4135 1355 4215 tu,§qui
1389 4153 1482 4196 me
1513 4134 1631 4197 tuis
1660 4134 1920 4199 inteme-

273 4223 419 4283 ratis
443 4221 718 4283 manibus
740 4223 1068 4303 plasmasti,
1102 4242 1337 4286 rursum
1375 4223 1597 4302 plasma
1632 4241 1726 4284 me
1755 4225 1919 4286 solu-

272 4317 423 4385 tum,
461 4318 517 4372 et
561 4310 637 4371 da
692 4329 933 4372 manum
994 4311 1343 4391 abjutricem
1403 4311 1545 4372 mihi
1574 4312 1817 4394 jacenti,
1855 4327 1911 4377 et

268 4399 510 4474 iterum,
543 4399 624 4460 mi
656 4399 995 4480 plasmator,
1022 4410 1186 4463 tuum
1217 4401 1415 4462 lumen
1442 4400 1713 4462 ostende.

814 4492 1004 4556 LXXX
1014 4493 1112 4557 III.
1146 4494 1353 4557 Aliud.

350 4586 436 4648 Tu
460 4605 562 4648 rex
587 4594 645 4648 et
668 4586 1006 4648 dominator
1029 4605 1116 4659 es,
1142 4607 1175 4649 ο
1202 4585 1685 4668 Altissime,_’vitae
1700 4588 1921 4668 pariter

266 4681 329 4737 et
356 4674 562 4736 mortis
589 4675 888 4738 dominus.
950 4675 1072 4752 Ego
1138 4696 1308 4751 vero,
1368 4675 1468 4757 qui
1505 4676 1814 4739 mortalem
1847 4696 1919 4741 ex

265 4762 652 4843 corruptione
683 4774 950 4826 naturam
984 4784 1336 4846 acceperam
1369 4773 1428 4824 et
1488 4765 1547 4825 in
1579 4766 1916 4845 corruptio-

174 4880 177 4885 ·
267 4868 405 4912 nem
437 4851 552 4913 cito
575 4852 899 4929 rediturus,
958 4854 1175 4916 frustra
1235 4853 1393 4931 regis
1453 4872 1670 4914 nomen
1710 4853 1913 4931 habui,

269 4938 875 5021 somniislevibusque
890 4942 1152 5021 gaudens
1169 4942 1415 5018 umbris,
1438 4960 1586 5022 quae,
1606 4949 1910 5023 postquam

270 5044 365 5089 me
418 5027 718 5108 paulisper
771 5030 1242 5107 delectaverunt,
1303 5040 1481 5112 atque
1525 5031 1817 5104 luserunt,
1853 5032 1914 5095 in

2004 3155 2409 3236 reliquerunt;
2436 3174 2612 3237 quam
2647 3164 2734 3229 tu,
2756 3153 3023 3236 Creator,
3048 3161 3194 3217 tunc
3217 3172 3336 3215 non
3353 3169 3656 3234 aggravas;

2008 3243 2134 3321 sed,
2169 3251 2232 3305 ut
2251 3243 2435 3324 judex
2467 3244 2830 3318 misericors,
2867 3243 3156 3305 miserere
3187 3241 3329 3305 mei.

2571 3336 2869 3399 LXXXIV.
2900 3337 3115 3399 Aliud.

2089 3423 2136 3489 Ο
2162 3443 2324 3488 vanae
2344 3426 2674 3507 inanesque
2702 3424 3132 3504 cogitationes!
3168 3423 3359 3486 Homo
3390 3439 3524 3486 cum
3554 3440 3619 3485 es
3652 3455 3659 3463 -

2005 3531 2135 3575 sem
2168 3515 2588 3595 temporarias,
2656 3533 2864 3591 magna
2915 3512 3275 3590 cOgitabam,
3343 3520 3403 3572 et
3456 3511 3656 3573 brevis

2011 3610 2187 3665 terrae
2219 3603 2525 3683 particula,
2578 3603 2649 3664 ad
2709 3611 2976 3664 extrema
3023 3608 3198 3662 terrae
3256 3599 3654 3681 conjiciebam

2009 3692 2236 3771 oculos,
2271 3710 2339 3753 ea
2368 3684 2500 3772 quae
2531 3694 2707 3752 totius
2740 3690 2903 3751 orbis
2949 3688 3201 3751 circuitu
3251 3690 3651 3759 continentur,

2004 3778 2066 3840 in
2096 3799 2281 3841 unum
2313 3778 2467 3841 intra
2490 3779 2708 3841 limites
2736 3777 3015 3859 potentize
3045 3791 3324 3858 coaptare
3356 3794 3649 3859 quaerens.

2003 3865 2120 3930 Sed
2146 3868 2411 3948 possedit
2434 3876 2569 3930 ante
2594 3884 2869 3949 possessa
2891 3873 2950 3928 et
2972 3885 3069 3927 me
3091 3867 3149 3928 in
3182 3878 3489 3944 angustam
3511 3883 3651 3946 par-

2006 3962 2121 4016 tem
2154 3956 2477 4031 inclusum,
2511 3956 2609 4018 hic
2638 3956 2903 4017 cinerem
2923 3972 3025 4033 pro
3044 3954 3416 4017 dominatore
3438 3962 3648 4033 gestat.

2004 4043 2091 4106 Tu
2113 4063 2251 4106 vero
2273 4045 2376 4126 qui
2402 4064 2494 4108 me
2516 4047 2632 4107 tuis
2653 4043 3023 4106 intemeratis
3056 4042 3332 4105 manibus
3350 4043 3645 4124 formasti,

2003 4134 2073 4195 ad
2106 4133 2356 4197 salutem
2385 4153 2477 4196 me
2506 4135 2785 4208 reforma,
2842 4150 3160 4214 meumque
3190 4132 3483 4194 tumulum
3515 4152 3649 4194 cum

2002 4224 2416 4304 compassione
2436 4227 2698 4285 cernenti
2711 4223 2846 4298 bus,
2862 4222 3120 4284 videaris
3134 4230 3189 4284 et
3206 4230 3264 4282 tu
3277 4221 3653 4303 compatiens

1937 4353 1979 4403 ο
1998 4312 2059 4374 in
2096 4311 2196 4372 die
2218 4312 2458 4392 judicii.

2002 4403 2270 4467 LXXXV.
2311 4404 2383 4466 In
2428 4407 2613 4467 trium
2669 4412 3019 4467 sanctorum
3078 4406 3432 4486 imaginem,
3468 4423 3650 4486 quam

2415 4502 2622 4557 sancto
2656 4496 2950 4576 Gregorio
2980 4494 3239 4563 dederat.

2080 4588 2225 4650 Mihi
2248 4587 2386 4668 quid
2415 4587 2564 4650 meis
2591 4588 2780 4667 majus
2798 4587 3117 4667 magistris,
3148 4587 3366 4669 quibus
3391 4606 3500 4649 nec
3523 4589 3641 4649 uui-

1997 4693 2243 4737 versum
2276 4676 2560 4737 mundum
2595 4676 3070 4757 antepenerem‘?
3102 4687 3507 4737 verumtamen
3536 4678 3646 4737 lm-

2002 4763 2180 4825 minis
2209 4765 2398 4825 sancti
2428 4764 2693 4838 dilectio,
2730 4765 3016 4844 pudorem
3053 4765 3316 4840 vincens,
3352 4763 3471 4825 abit
3504 4764 3649 4824 istos

1997 4852 2324 4915 abducens.
2346 4851 2744 4914 Nihilominus
2761 4855 2867 4915 hoc
2889 4853 3137 4934 pulchro
3155 4853 3309 4914 dono
3324 4852 3645 4930 delectare,

1999 4952 2190 5024 pater,
2217 4941 2656 5021 jucundissime
2711 4950 2873 5004 tuum
2936 4943 3093 5003 hunc
3149 4960 3535 5021 zyuonymum
3588 4955 3649 5004 et

1997 5034 2362 5095 collucentes
2390 5052 2526 5095 cum
2561 5052 2696 5114 ipso
2722 5033 3007 5097 luciferos
3034 5032 3469 5113 contemplans.
3503 5033 3645 5097 Mihi

266 5115 428 5179 brevi
450 5126 718 5199 tempore
742 5119 1137 5183 evolaverunt.
1166 5121 1309 5182 Mihi
1325 5127 1523 5182 autem
1546 5119 1620 5181 de
1643 5120 1791 5200 ipsis
1809 5139 1909 5182 ra-
1993 5130 2189 5184 autem
2219 5121 2290 5183 ab
2314 5121 2460 5202 ipsis
2492 5140 2730 5203 parvam
2755 5139 3010 5203 exposce
3038 5121 3358 5198 flammam,
3387 5140 3518 5203 qua;
3550 5140 3646 5183 me

344 5250 408 5302 80
437 5275 523 5332 γρ.
555 5253 792 5332 βαρύνεις
805 5300 817 5313 .

1603 5384 1855 5449 Μειιιιιωί
1887 5386 2047 5447 Busti
2077 5396 2252 5450 notua.

374 5512 474 5605 ίῳ)
522 5514 707 5605 μάτην
749 5515 1014 5592 βασιλεύς.
1050 5513 1306 5578 Versum
1336 5514 1455 5577 456
1501 5523 1554 5577 et
1597 5515 1862 5598 reliquos
1908 5540 1917 5580 ι

2060 5520 2118 5583 in
2168 5522 2493 5604 exemplari
2532 5523 2932 5605 sequebantur
2959 5541 3160 5605 quaere
3192 5540 3357 5588 num.
3400 5522 3523 5599 40;
3558 5521 3640 5586 ibi

268 5592 425 5653 Δαϐὶό
453 5592 728 5670 μελῳδῶν,
