4008 6114
282 244 454 313 κυῶ

482 385 583 450 Οἷς
613 384 903 452 εὐδόκησας
931 382 1130 464 δωρέαν
1160 406 1228 461 με
1252 384 1555 444 πλουτίσαι.

497 470 679 539 Πολλὴ
724 473 884 553 χάρις
914 493 996 528 σοι
1038 470 1187 528 τοῦδε
1213 480 1310 529 τοῦ
1342 478 1566 553 τερπνοῦ
1594 473 1729 548 βίου,

332 557 452 620 300
496 561 597 617 Καὶ
624 565 724 628 τῆς
750 559 938 638 ἔμοιγε
963 559 1222 640 φιλτάτης
1244 559 1522 639 ἀπραξίας.

496 656 647 741 “law:
678 647 858 741 ἄδοξός
888 650 1054 741 ἐστιν,
1099 647 1489 741 ἀλλῗ-ἐξλευθέρα
1522 670 1537 685 ο

516 746 648 800 iw:
678 737 881 816 κρότων
920 734 1162 817 ἄμοιρος,
1195 737 1333 795 ἀλλὰ
1359 739 1448 795 καὶ
1478 737 1679 816 γθόνων
1722 759 1734 773 ·

496 824 692 893 Κτῆσις
734 836 828 890 τις·
856 824 919 882 οὔ
947 826 1226 905 πρόσεστιν
1258 842 1276 903 ς
1311 824 1427 883 οῦδὲ
1454 823 1736 907 φροντίδες,

496 912 565 995 fail
599 912 802 990 μᾶλλον
844 914 1123 985 ἐκτήκουσι
1155 917 1353 995 σάρκας
1380 914 1658 987 δεσπότου,

332 997 451 1061 305
738 1003 1046 1081 πρόσοντων
1075 1005 1110 1071 ἡ
1140 984 1389 1078 μετουσία
1418 1002 1592 1083 τρέφει
1627 1017 1640 1031 ⁸

513 1099 714 1146 Απεστι
742 1089 925 1170 κέρδος
961 1106 979 1165 ;
1023 1089 1162 1147 ἀλλὰ
1201 1093 1289 1148 καὶ
1321 1093 1613 1172 μοχθηρία,

497 1167 560 1260 ΤΗ
587 1179 761 1236 πάντα
788 1167 1000 1258 κέρδους
1028 1178 1349 1260 ἐξανιχνεύει
1379 1167 1560 1260 πόρον.

496 1256 557 1323 Ἦ
588 1256 867 1348 κερμάτων
888 1275 1052 1349 χνοῦν
1081 1256 1226 1326 οἶδεν
1257 1256 1519 1350 ἐκλείχειν
1549 1270 1710 1345 μόνη.

495 1358 567 1413 Οὐ
594 1371 882 1435 προσκυνεῖ
908 1379 1010 1437 τις,
1056 1355 1172 1413 οὐδὲ
1200 1359 1427 1414 θωπεύει
1456 1359 1626 1437 τάχα,

333 1440 452 1503 310
495 1444 567 1500 Οὐ
592 1452 986 1522 προσκυνοῦμεν
1030 1448 1123 1502 οἶα
1142 1448 1315 1509 θῶπες
1356 1444 1536 1503 οὐδένα
1562 1466 1574 1477 ·

493 1528 642 1588 Ἀλλ’
671 1531 736 1581 8?-
758 1534 998 1612 εὐγενεῖς
1022 1533 1251 1599 ἅπαντες
1281 1536 1354 1598 ὡς
1384 1534 1496 1591 κατ’
1534 1535 1732 1595 εἰκόνα.

488 1618 741 1702 [Ιροεδρία
764 1629 867 1678 ποῦ
894 1641 909 1700 ς
953 1624 1042 1678 καὶ
1068 1621 1133 1671 85
1160 1621 1465 1702 προσεδρεία
1494 1623 1644 1696 πότε,

494 1698 596 1772 TE;
637 1698 955 1777 πολλαπλῆν
976 1708 1185 1767 σύνοιδα
1204 1698 1307 1778 ’τὴν
1350 1698 1558 1787 ἆηδίαν,

496 1800 632 1878 Πρὸς
661 1799 759 1867 τὴν
798 1798 1002 1867 ἐκείνης
1031 1798 1227 1868 ἡδονὴν
1270 1800 1632 1879 μετρουμένην
1665 1819 1682 1880 ;

332 1885 452 1946 315
495 1886 728 1954 Πλοῦτος
769 1888 874 1966 ῥέει
903 1908 920 1969 ;
952 1893 1067 1965 πῷς
1102 1904 1119 1963 ;
1152 1889 1275 1969 οὐχὶ
1303 1891 1393 1945 καὶ
1417 1887 1695 1969 παραῤῥὲει
1722 1907 1738 1968 ;

494 1976 737 2033 Μάλιστα
766 1979 855 2034 καὶ
878 1978 957 2040 τὶς
990 1977 1217 2035 ἀστάτου
1241 1976 1392 2057 φίλου
1420 1976 1579 2057 λόγος
1604 1997 1623 2058 ;

524 2073 598 2122 Εα
629 2064 922 2123 πλανᾶσθαι
952 2067 1072 2130 τοὺς
1099 2064 1346 2130 θέλοντας
1365 2065 1431 2116 84
1456 2067 1695 2142 εὖκόμως
1744 2082 1757 2094 ’

494 2155 568 2212 Σὺ
594 2152 641 2210 δ’
671 2154 729 2211 εὖ
755 2152 1024 2234 βεϐηκὼς,
1054 2160 1236 2231 κτῆμα
1263 2167 1498 2215 τοιοῦτον
1527 2156 1701 2236 πόθει,

486 2241 595 2300 Ἀεῖ
632 2244 867 2322 πεφυκὸς
895 2250 973 2318 τῷ
1001 2242 1234 2324 φιλοῦντι
1259 2244 1606 2325 προσμένειν,

335 2329 456 2395 320
496 2329 649 2413 ξΑλλ’
678 2335 836 2410 ὁγκον
866 2332 1008 2411 α’ίρει
1041 2352 1056 2367 ⁶
1088 2334 1177 2389 καὶ
1215 2333 1560 2391 καταστέλλει
1590 2332 1779 2413 πάλιν,

499 2411 592 2484 Ὠς
622 2427 832 2497 πνεῦμα
873 2422 1042 2502 φύσης
1084 2421 1251 2478 ἀσκὸν
1280 2422 1656 2502 ἐστερημένον.

497 2507 664 2591 ἶΛλλὰ
688 2509 887 2589 τρυφὴν
915 2507 1119 2567 δίδωσιν
1144 2529 1160 2545 °
1197 2509 1369 2588 [ἀλλὰ]
1402 2514 1487 2568 καὶ
1516 2512 1681 2591 φθόην

504 2588 564 2652 Ὠ
595 2588 752 2656 ποῖον
780 2588 940 2662 εἶπας
974 2596 988 2656 ἓ
1033 2600 1122 2656 καὶ
1148 2601 1250 2679 γὰρ
1281 2599 1339 2656 οὗ
1376 2588 1589 2675 ιψευδῶς
1617 2599 1772 2681 ἔφην,

495 2687 569 2742 Σὺ
599 2684 644 2742 δ’
677 2684 880 2759 ἐξέταζε
904 2685 1072 2744 τᾶλλα
1098 2693 1204 2744 τῶν
1236 2694 1416 2745 κακῶν
1447 2688 1568 2765 ὅσα,

294 2896 406 2960 bus
427 2916 522 2960 me
543 2898 721 2979 gratis
751 2898 1118 2981 locupletare
1151 2874 1426 2980 dignatus
1470 2919 1557 2965 es.
1590 2901 1812 2982 {Multae
1840 2902 1948 2965 tibi

297 2987 498 3088 gratiae
514 2988 590 3094 qb
602 2989 759 3094 hanc
764 2988 1092 3094 jucundam
1106 2989 1281 3051 vitam
1298 2998 1355 3052 et
1366 2989 1516 3094 mihi
1530 2991 1944 3094 charissimam
1963 3043 2002 3094 Ο

293 3076 500 3139 otium.
534 3075 789 3157 lngloria
819 3077 1067 3140 tersitan
1117 3086 1227 3156 est,
1281 3081 1387 3142 sed
1416 3079 1647 3157 libera;
1679 3080 1944 3142 forsitam

295 3165 612 3244 plausuum
646 3184 879 3247 expers,
942 3168 1047 3230 sed
1079 3175 1137 3229 et
1164 3167 1427 3232 invidiae.
1491 3169 1796 3251 Possessio
1826 3188 1946 3232 non

300 3254 442 3316 est?
459 3272 675 3335 nequa:
693 3274 873 3338 curae,
899 3276 1029 3337 qua:
1050 3257 1236 3337 magis
1265 3277 1475 3321 carnes
1507 3258 1766 3339 potentis
1789 3266 1945 3320 exte-

304 3350 512 3419 nuant,
573 3362 749 3425 quam
806 3345 1265 3408 redundantium
1319 3347 1692 3428 participatio
1741 3347 1944 3413 nutrit.

302 3431 486 3494 Abest
515 3433 743 3495 lucrum
774 3440 802 3496 ?
840 3434 967 3496 Sed
1012 3454 1249 3516 quoque
1295 3435 1488 3511 labor,
1546 3436 1648 3517 qui
1673 3444 1946 3498 cunctam

299 3521 449 3582 lucri
463 3521 617 3584 viam
638 3521 899 3600 obsidet,
924 3523 1025 3605 qui
1048 3532 1274 3586 tantum
1295 3525 1409 3586 scit
1431 3543 1811 3586 nummorum
1834 3524 1946 3586 de-

295 3609 486 3672 libare
515 3612 916 3692 superficiem.
946 3611 1131 3675 Nemo
1164 3612 1623 3689 forte,odorat?
1650 3615 1726 3676 At
1756 3632 1949 3695 neque

299 3698 636 3763 blanditur:
664 3700 966 3763 neminem
997 3710 1059 3763 ut
1084 3702 1421 3766 adulatores
1452 3703 1768 3765 adoramus
1803 3701 1947 3779 ;sed

303 3806 512 3851 omnes
557 3797 839 3873 quantum
897 3791 970 3852 ad
1026 3790 1317 3869 imagines
1366 3791 1598 3855 nobiles
1641 3798 1802 3855 sunt.
1836 3789 1950 3854 Ubi

300 3879 745 3958 praeeminentia
770 3878 803 3940 ‘I
827 3878 897 3941 Et
931 3890 1069 3943 tunc
1093 3881 1432 3945 sollicitudo
1450 3882 1620 3961 cujus
1640 3880 1713 3942 de
1737 3887 1950 3942 caatero

304 3966 457 4030 bene
484 3968 620 4030 novi
669 3968 1070 4050 incommoda,
1118 3969 1193 4031 ad
1226 3970 1659 4050 jucunditatem
1689 3970 1817 4050 ejus
1845 3988 1950 4031 ac-

302 4056 672 4119 commodata
700 4061 728 4119 ?
756 4057 805 4121 Ο
838 4056 1055 4119 divitiae
1083 4057 1276 4120 ﬂuunt
1306 4057 1337 4118 ‘?
1368 4056 1673 4132 Quomodo
1693 4058 1722 4118 ‘?
1745 4057 1955 4121 Nonne

303 4144 479 4206 etiam
508 4147 912 4226 praeterfluunt
931 4145 963 4206 ἱ)
992 4146 1280 4224 Maxime;
1314 4157 1373 4210 et
1402 4167 1532 4229 quae
1562 4147 1954 4210 inconstantis

1634 242 1931 311 VERSUS
1968 240 2286 309 ῙΑΜΒΙΟΙ.

1959 394 2019 444 Α,
2066 376 2184 440 3%
2227 375 2315 436 Ἐν
2338 382 2425 441 οἷς
2456 379 2485 434 ὁ
2512 376 2739 441 πλοῦτος
2767 376 3020 444 δεξιοῦται
3048 378 3167 444 τοὺς
3197 377 3399 459 φῶους.
3498 452 3533 459 μ’

3514 243 3669 311 “86

2216 468 2304 531 Τίς
2334 467 2423 524 οῦν
2453 468 2668 537 συνήσει
2698 485 2715 547 ς
2743 467 2823 531 τίς
2852 465 3143 523 διοπτεόσει
3172 467 3295 524 τάδε
3329 489 3346 549 ς

2218 554 2400 623 Πολλὴ
2444 555 2603 636 χάρις
2632 577 2714 612 σοι
2736 562 2841 613 τῶν
2871 554 3047 633 λόγων
3077 562 3206 612 Θεοῦ
3236 558 3396 636 Λόγε,

2221 647 2321 708 Οἷς
2363 642 2651 711 εὐδόκησας
2681 642 2881 724 δωρεάν
2910 666 2978 721 με
3005 643 3303 725 πλουτίσαι,

2226 733 2326 796 Οὓς
2354 730 2582 807 ἀξίωμα,
2613 731 2864 812 πλοῦτον,
2897 731 3157 808 εὔκλειαν,
3195 734 3401 813 θρόνον,

2065 817 2184 882 330
2230 822 2327 878 Καὶ
2357 827 2461 878 πᾶν
2492 820 2572 877 ὅτι
2601 822 2880 901 κράτιστον
2904 824 3138 901 ἡγοῦμαι
3171 822 3387 898 μόνους,

2219 910 2284 991 Οἳ
2331 911 2423 973 τὰς
2454 910 2646 991 ὀρέξεις
2677 917 2782 966 τῶν
2816 910 2960 986 ἐμῶν
2987 910 3313 986 θελημάτων

2228 989 2558 1075 Ῥεμϐασμὸν
2581 1001 2676 1056 οὐκ
2703 999 2828 1055 ἐῶσι
2859 999 3090 1079 πάσχειν
3119 998 3304 1077 ῥᾳδίως

2225 1088 2466 1152 Πίνοντὲς
2498 1090 2641 1145 αὒτοὶ
2668 1088 2842 1145 πάντα
2872 1091 3055 1168 ψυχῆς
3084 1091 3268 1170 πόθον,

2227 1171 2317 1246 Ὦς
2346 1185 2469 1247 τοὺς
2510 1183 2780 1256 ποταμοὺς
2809 1182 2845 1248 ἡ
2876 1179 3112 1236 θάλασσα
3152 1181 3273 1244 τοὺς
3302 1179 3448 1261 πέριξ
3496 1198 3510 1211 '

2065 1264 2182 1328 335
2223 1270 2282 1327 Εί
2312 1272 2389 1345 μή
2433 1292 2482 1325 τι
2513 1271 2705 1349 σαρκὸς
2734 1269 2970 1342 ἀσθενείᾳ
3011 1266 3325 1349 προσλάϐοι,

2227 1350 2318 1422 Ὠς
2347 1357 2537 1435 τέλμα,
2575 1360 2761 1437 μικρὸν
2790 1357 3044 1437 ἐκτραπὲν
3079 1359 3272 1437 ῥείθρου
3301 1359 3485 1438 μέρος.

2222 1445 2309 1514 Ἐξ
2337 1449 2411 1505 ὧν
2442 1448 2611 1526 ἔγωγε
2640 1449 2733 1512 τὰς
2763 1448 3007 1527 ἀφορμὰς
3029 1444 3335 1528 λαμϐάνων,

2215 1539 2436 1602 Τούτους
2467 1537 2679 1613 ἐμαυτῷ
2705 1538 2826 1599 τοὺς
2864 1537 3054 1610 νόμους
3081 1536 3145 1587 85
3172 1535 3286 1616 ἔχω
3316 1538 3557 1619 γράφειν,

2055 1621 2174 1686 339
2212 1623 2301 1681 Ἐν
2355 1630 2439 1690 οἷς
2493 1632 2787 1703 κρατοῦμαι
2850 1622 2997 1704 (45),
3049 1626 3138 1681 καὶ
3193 1632 3370 1704 κρατῶ
3425 1627 3531 1684 τῶν
3587 1629 3663 1682 ὢν

3393 1715 3559 1791 [θέμις
3571 1765 3585 1778 ,

2582 1792 2667 1879 ζ’.
2707 1822 2731 1860 ε
2767 1803 2856 1867 Εἷς
2900 1802 3104 1863 ἑαυτόν,

2026 1890 2183 1954 1603
2226 1891 2511 1949 Πλουτοῦσι
2540 1890 2728 1949 πολλοὶ
2755 1888 2889 1971 (46)
2917 1937 2933 1952 .
2959 1898 3116 1970 παῦε,
3136 1894 3224 1948 καὶ
3240 1891 3316 1957 τίς
3345 1913 3436 1968 μοι
3465 1890 3662 1973 λόγος

2226 1982 2484 2061 ῌνωχοὺς
2508 1980 2609 2059 γὰρ
2636 1979 2754 2060 ἔχει
2784 1980 2985 2043 πάντας
3016 1978 3076 2046 ἀξ
3103 1978 3224 2036 ἴσου
3253 1981 3437 2059 τάφος,

2028 2066 2186 2131 1605
2230 2058 2466 2149 Ἀϐροῦς,
2758 2067 2948 2135 ἥττους
2978 2090 3035 2124 τε
3063 2070 3152 2125 καὶ
3176 2058 3547 2135 πενεστάτους.

2226 2164 2393 2238 ’ζανῦν
2434 2155 2489 2213 δὲ
2533 2156 2719 2222 παῖξαι
2753 2158 2938 2237 μικρὸν
2971 2159 3153 2221 αὐτοῖς
3183 2155 3397 2238 ἐνδίδου,

2233 2230 2365 2309 εἰἰιυς
2397 2246 2551 2309 κενὰς
2581 2230 2824 2326 φέροντες
2851 2230 3143 2302 *αἴσθωνται
3174 2246 3363 2326 χέρας.

2221 2333 2453 2400 Πολλοὺς
2478 2335 2650 2413 θρόνοι
2693 2333 2934 2414 φέρουσιν
2961 2333 3198 2410 ὑψηλοὺς
3241 2334 3374 2408 ἅνω,

2227 2422 2371 2502 Ἐγὼ
2397 2421 2453 2479 δὲ
2477 2426 2635 2501 γῆθεν
2667 2421 2893 2479 ἔκπαλαι
2922 2422 3320 2504 πεπλασμένος,

2026 2508 2186 2574 1610
2226 2513 2313 2577 Εἷς
2353 2516 2459 2590 γῆν
2485 2533 2544 2567 τε
2559 2512 2713 2591 νεύω,
2758 2513 2849 2568 καὶ
2874 2511 3022 2567 κάτω
3049 2517 3195 2583 ζητῶ
3226 2511 3431 2588 μένειν.

2225 2598 2290 2649 86
2316 2598 2505 2674 Πολλῷ
2545 2596 2601 2654 δὲ
2630 2609 2727 2666 τὴν
2757 2598 2973 2678 ἔπαρσιν
3013 2598 3237 2657 ἐκκλίνω
3265 2605 3417 2679 φωτὶ,

2232 2691 2319 2760 Μή
2347 2709 2461 2751 πως
2491 2689 2770 2751 σκοτωθεὶς
2796 2687 2987 2763 ὑψόθεν
3018 2690 3198 2768 χαμαὶ
3236 2688 3410 2765 πέσω,

2027 2901 2201 2976 mala,
2233 2899 2449 2982 quibus
2479 2900 2712 2962 fortuna
2763 2899 3192 2981 complectatur
3240 2900 3488 2967 amicos.
3525 2904 3672 2978 Quis

2027 2991 2208 3070 igitur
2234 2989 2530 3065 intelliget
2546 2988 2729 3062 ?Quis
2742 2988 2869 3050 haec
2882 2989 3287 3053 considerabit
3309 2990 3340 3051 ‘I
3355 2992 3549 3057 Multa:
3571 2994 3680 3055 tibi

2025 3079 2248 3159 gratiae.
2281 3078 2391 3141 Dei
2418 3077 2703 3159 Verbum,
2734 3076 2809 3140 ob
2862 3078 3067 3152 verba,
3118 3077 3333 3158 quibus
3366 3099 3460 3142 me
3499 3085 3680 3159 gratis

2026 3169 2391 3251 locupletare
2422 3167 2698 3246 dignatus
2728 3185 2815 3243 es,
2841 3186 2971 3248 quae
3027 3166 3151 3228 sola
3181 3167 3547 3247 dignitatem,
3577 3172 3676 3234 di-

2027 3259 2220 3334 vitias,
2251 3258 2492 3338 famam,
2518 3258 2820 3331 thronum,
2847 3264 2906 3317 et
2926 3255 3342 3339 quodcumque
3362 3259 3674 3339 optimum,

2031 3346 2304 3409 existimo
2329 3366 2345 3423 ;
2367 3365 2497 3428 quae
2527 3364 2675 3408 meae
2703 3346 2917 3425 placita
2938 3346 3258 3407 voluntatis
3280 3366 3398 3407 non
3426 3348 3680 3411 faciliter

2030 3454 2232 3498 errare
2286 3436 2527 3507 sinunt;
2586 3432 2954 3515 ipsa'totum
3015 3441 3228 3496 anima:
3285 3434 3673 3510 desiderium,

2030 3524 2184 3587 sicut
2230 3543 2394 3586 mare
2445 3522 2880 3585 circumdantes
2933 3523 3164 3596 ﬂuvios,
3226 3524 3529 3603 potantia;
3567 3524 3681 3587 nisi

2031 3612 2174 3695 quid
2204 3612 2400 3675 carnis
2431 3612 2737 3674 debilitate
2756 3618 3098 3691 prazsumat,
3120 3610 3273 3673 sicut
3307 3628 3580 3674 caenosus
3600 3612 3682 3673 la-

2034 3721 2161 3777 cus,
2194 3701 2449 3781 aliquam
2481 3701 2688 3762 ﬂuenti
2743 3699 2972 3762 deviam
3028 3708 3301 3781 partem;
3362 3718 3432 3761 ex
3462 3700 3679 3781 quibus

2030 3811 2137 3871 ego
2190 3792 2453 3855 rationes
2508 3809 2841 3865 assumens,
2898 3789 3030 3853 illas
3085 3790 3474 3871 mihimetipsi
3520 3798 3680 3872 leges

2030 3880 2221 3942 habeo
2241 3879 2615 3960 scribendas,
2640 3878 2856 3960 quibus
2881 3878 3194 3941 contineor
3223 3887 3281 3940 et
3307 3898 3513 3943 eorum
3546 3898 3678 3961 qua:

2032 3968 2192 4030 licita
2222 3976 2359 4031 sunt
2388 3968 2724 4030 facultatem
2758 3968 2973 4029 habeo.

2518 4055 2635 4118 XC.
2667 4055 2744 4118 In
2771 4056 3185 4137 semetipsum.

2112 4145 2342 4208 Divitiis
2373 4144 2675 4208 abundant
2703 4144 2892 4206 multi.
2924 4179 3004 4191 —
3032 4147 3149 4208 Cur
3176 4145 3287 4207 hoc
3309 4144 3484 4207 dico?
3521 4147 3678 4208 Pau-

304 4232 484 4294 amici
511 4233 660 4295 ratio
689 4233 720 4294 ε)
753 4232 890 4296 Sine
914 4253 1118 4298 errare
1158 4235 1448 4300 volentes.
1499 4235 1589 4298 Tu
1638 4253 1776 4297 vero
1800 4235 1956 4297 bene
1977 4240 2020 4289 D
2041 4253 2212 4315 peres
2227 4235 2388 4298 enim
2420 4244 2668 4296 cunctos
2689 4233 2993 4313 aequaliter
3013 4232 3259 4297 habebit
3284 4234 3566 4312 tumulus,
3585 4235 3678 4298 di-

306 4321 582 4384 lundatus
610 4324 765 4385 hanc
793 4332 1002 4406 exopta
1061 4325 1522 4405 possessionem,
1555 4344 1684 4405 quae
1715 4341 1955 4407 semper
2033 4323 2204 4398 vites,
2239 4322 2599 4397 mediocres,
2650 4321 3084 4403 inferioresque
3126 4340 3195 4384 ac
3243 4323 3675 4403 pauperrimos.

306 4410 575 4489 diligenti
606 4430 953 4492 permanere
983 4413 1154 4477 solet.
1208 4412 1326 4477 Sed
1375 4414 1587 4475 fastum
1618 4411 1905 4475 extollunt
1933 4429 1946 4474 :

305 4507 367 4561 et
394 4518 631 4561 rursum
661 4500 1023 4580 deprimunt.
1059 4508 1123 4563 ut
1152 4500 1406 4583 Spiritus
1434 4509 1625 4564 utrem
1654 4519 1795 4563 aere
1824 4499 1950 4580 pri-

302 4597 520 4650 vatum.
559 4587 673 4651 Sed
704 4588 983 4652 libidines
1013 4591 1269 4653 excitant
1297 4611 1311 4655 :
1336 4610 1540 4654 verum
1564 4600 1624 4653 et
1660 4607 1949 4652 consum-

303 4676 589 4758 ptionem.
623 4674 670 4740 Ο
700 4677 895 4759 qualia
917 4678 1150 4741 dixisti!
1184 4680 1259 4742 At
1288 4698 1426 4743 vero
1478 4700 1597 4742 non
1640 4677 1950 4741 mendacia

262 4816 265 4817 ν
309 4764 541 4828 locutus
587 4784 743 4830 sum.
807 4765 896 4847 Tu
954 4786 1090 4830 vero
1170 4787 1418 4833 recense
1477 4776 1618 4851 quot
1688 4768 1808 4831 sint
1835 4766 1951 4829 alia

393 4932 458 4984 89
483 4958 570 5019 γρ,
598 4935 852 5019 εὐγενῶς.
934 4937 1000 4988 85
1030 4937 1123 5019 κῖσ.
1155 4937 1491 5019 προσεδρεϊαι
1520 4940 1661 5014 πόθι,
1697 4938 1772 4995 ὧν
1814 4935 1978 4996 πολλ.

314 5011 369 5069 δὲ
399 5011 531 5094 φωτῖ
558 5016 657 5085 τὴν
676 5011 904 5095 ’ἔπαρσιν
934 5018 1179 5080 ἐκκλίνον).

2032 4413 2206 4476 Nunc
2234 4420 2431 4474 autem
2460 4411 2547 4473 eis
2578 4410 2881 4491 paululum
2910 4411 3117 4473 ludere
3165 4411 3463 4492 permitte,
3488 4413 3681 4474 donec

2032 4520 2099 4563 se
2128 4518 2338 4564 manus
2386 4518 2596 4562 vacuas
2639 4498 2863 4561 habere
2925 4500 3203 4562 sentiant.
3241 4534 3305 4546 -
3347 4500 3562 4563 Multos
3616 4501 3681 4562 in

2030 4590 2212 4651 altum
2243 4588 2530 4651 sublimes
2562 4589 2818 4650 evehunt
2846 4588 3073 4650 throni.
3133 4626 3211 4635 —
3267 4586 3389 4667 Ego
3436 4607 3574 4650 vero
3604 4589 3680 4651 de

2031 4686 2190 4740 terra
2210 4676 2354 4739 olim
2377 4678 2716 4759 plasmatus,
2745 4677 2821 4738 ad
2856 4685 3073 4740 terram
3115 4676 3338 4738 inclino
3360 4675 3675 4739 deorsum-

2032 4785 2148 4848 que
2176 4782 2423 4829 manere
2447 4766 2600 4830 volo.
2656 4766 2841 4829 Multo
2888 4765 3209 4848 splendore
3252 4765 3677 4828 circumdatam

2060 4934 2124 4986 84
2150 4934 2233 4999 ἴσ,
2266 4935 2521 5001 εὐκόλως.
2604 4935 2669 4987 88
2694 4935 2774 4997 ῗσ.
2808 4937 3024 5016 γράφειν
3053 4935 3189 5015 ἔχω.
3274 4932 3338 4984 86
3366 4934 3450 4997 is.
3497 4934 3681 5012 πολλῷ

1670 5149 1931 5215 Matthzei
1957 5148 2121 5213 Busti
2148 5157 2326 5216 noue.

397 5317 683 5402 (45)-ΪενΔ
713 5332 833 5402 μοῖς,
866 5332 1175 5401 κρατοῦμσι.
1247 5321 1500 5388 Versum
1571 5318 1691 5383 340
1759 5337 1959 5402 quaere
2040 5317 2827 5402 Numerossequentibus'in
2844 5318 3113 5402 margine
3137 5317 3354 5380 frustra
3372 5334 3680 5402 apponere

311 5398 482 5463 num.
500 5480 504 5481 ν
521 5400 584 5461 71
601 5447 629 5481 ,_
645 5398 731 5461 ibi
757 5401 846 5457 καὶ
872 5398 966 5467 τας
994 5398 1286 5481 αὐγούστας
1315 5407 1412 5470 ὡς.

390 5480 524 5559 (46)
570 5479 859 5538 Πλουτοῦσι
914 5479 1128 5546 παλλοί.
1159 5483 1397 5548 Litteras
1446 5500 1480 5544 a
1527 5490 1586 5543 et

310 5566 552 5626 sontant
578 5575 866 5643 personas
889 5560 1114 5642 Dialogi
1140 5564 1309 5645 cujus
1329 5560 1601 5627 umbram
1623 5562 1723 5624 hic
1743 5559 1952 5624 habes.

1633 5480 1672 5543 b
1726 5450 1954 5561 reprae-

2039 5399 2228 5460 nolui.
2258 5397 2455 5464 Nulla'
2484 5398 2643 5490 enim
2688 5399 2847 5490 inter
2868 5398 3052 5490 libros
3096 5398 3423 5490 impressas
3455 5406 3513 5490 et
3541 5397 3680 5490 cod2

2038 5497 2307 5621 manusc.
2341 5478 2603 5541 occurrit
2627 5480 2884 5561 amplius
2914 5478 3250 5543 differentia
3290 5487 3574 5560 quantum
3606 5480 3682 5545 ad

2039 5575 2107 5620 or
2150 5576 2335 5621 mem.

2039 5575 2310 5621 ormnem
2320 5605 2335 5623 ο
