4008 6114
290 228 443 300 1189
1632 235 1928 301 VERSUS

2016 234 2285 300 tMBICI.
3508 228 3662 292 1190

485 377 647 428 Ποῖον
677 370 837 450 λόγου
877 371 1133 430 τάλαντον
1181 376 1276 431 οὒκ
1301 372 1366 422 94
1394 372 1537 453 ἔχων
1566 370 1725 448 λόγον
1750 390 1766 449 ;
1949 381 1989 426 Α

486 456 635 540 Οὕτω
662 458 728 511 95
756 460 1034 534 καμόντων
1063 463 1136 525 ὡς
1180 465 1304 540 ὁρᾷς
1334 464 1440 517 τῶν
1471 461 1729 539 ὁργάνων,

490 538 582 610 Ὠς
625 546 760 624 μηδὲ
786 547 980 604 λεπτὸν
1009 538 1223 628 φθέγμα.
1241 549 1468 625 πέμπειν
1498 538 1750 613 εὐκόλως.

485 643 744 718 Τοσοῦτον
770 636 1028 716 ἐκράτησε
1056 644 1162 694 τῶν
1190 639 1374 718 πρώην
1404 637 1569 695 ὕθλων

491 715 554 779 (Π
595 735 681 784 νῦν
713 747 778 800 με
811 724 1163 782 συστέλλουσα
1193 726 1550 806 παιδαγωγία,

489 803 606 894 Ὑφ’
647 817 712 881 ἦς
741 813 1014 889 πέπαυμαι
1044 822 1136 870 τοῦ
1165 803 1465 895 θεατρίζεινὴ
1489 803 1688 894 μᾶτην,

484 903 581 959 Καὶ
622 901 797 959 πολλὰ
827 901 1020 982 ληρεῖν
1050 903 1104 958 ὲν
1136 903 1368 984 σχολαῖς
1396 906 1484 961 καὶ
1512 902 1792 981 συλλόγοις
1829 921 1845 938 ο

481 989 630 1047 Εἴσω
670 989 725 1046 δὲ
767 992 950 1067 νεύων,
997 992 1260 1072 μετριάζω
1289 995 1418 1071 πρὸς
1451 992 1665 1070 λόγους,

477 1077 652 1146 Μηδὲν
680 1082 947 1157 περιττὸν,
985 1078 1110 1154 μηδ’
1146 1077 1360 1160 ἄκαιρον
1391 1081 1647 1162 ἐκφέρων,

486 1167 681 1230 Μόνοις
712 1165 768 1222 δὲ
797 1169 978 1248 φωνὴν
1007 1182 1123 1233 τοῖς
1161 1169 1462 1249 ἀναγκαίοις
1494 1169 1686 1245 νέμων.

481 1255 630 1312 Οὕτω
657 1278 712 1311 τε
757 1257 969 1331 σαίνων,
1003 1259 1089 1314 καὶ
1120 1257 1339 1314 λεαίνων
1380 1259 1479 1326 τὴν
1511 1259 1687 1331 νόσον,

492 1344 562 1422 Τὸ
591 1344 813 1413 ζωτικόν
843 1367 934 1418 μοι
965 1356 1171 1420 πνεῦμα
1199 1347 1478 1403 συνθάλπω
1506 1345 1684 1422 μόλις,

487 1412 688 1495 νΑλλως
732 1453 788 1489 τε
921 1437 1009 1491 καὶ
1051 1412 1214 1491 παλαι
1258 1458 1337 1499 τις
1366 1436 1430 1503 ἦν
1462 1412 1794 1514 εύγλωτιτία,

487 1522 584 1579 Καὶ
614 1524 818 1599 καρπὸν
847 1526 941 1581 οὒκ
969 1522 1240 1604 ἄχρηστον
1270 1524 1522 1602 ἐλήνεγκέ
1553 1545 1660 1598 σοι,

490 1609 677 1672 Καλῶς
706 1613 1057 1691 γεωργὴσασα
1081 1613 1309 1676 πολλοὺς
1340 1618 1445 1669 τῶν
1491 1611 1623 1669 νέων
1658 1633 1672 1648 ·

485 1697 693 1762 Πάντας
723 1701 823 1779 γὰρ
853 1703 913 1757 ού
940 1701 1118 1777 τίθημι
1148 1703 1226 1776 μὴ
1255 1704 1342 1758 καὶ
1369 1703 1640 1778 κομπάσω
1673 1721 1689 1738 ⁸

487 1785 634 1854 Πλὴν
662 1786 798 1844 ἀλλὰ
823 1787 1098 1853 πλείστους
1126 1790 1250 1868 ἦρεν
1292 1790 1353 1847 ἐκ
1395 1793 1749 1869 μαθημάτων,

487 1873 759 1940 Πλείστοις
793 1874 956 1934 δὲκαὶ
998 1881 1129 1958 πρὸς
1159 1882 1283 1946 ἦθος
1322 1879 1592 1958 είσήνεγκέ
1618 1901 1668 1934 τι
1705 1897 1718 1910 ·

487 1965 562 2020 Οὗ
603 1964 808 2039 μᾶλλον
836 1968 870 2034 ἡ
901 1964 1165 2031 παίδευσις
1197 1967 1546 2047 εύτδχεστέρα

485 2049 547 2100 97
591 2056 799 2110 Τούτων
828 2061 1085 2134 περιττῶν
1115 2056 1169 2111 ἐν
1197 2055 1377 2134 λόγοις
1406 2057 1825 2132 κομψευμάτων.

486 2143 709 2206 Τούτους
753 2142 922 2222 ἔγωγε
950 2146 1069 2208 τοὺς
1100 2145 1438 2225 σοφισθέντας
1470 2145 1637 2218 νέους,

489 2229 678 2322 ξζέρδος
710 2231 957 2311 μέγιστον
985 2238 1062 2322 τῷ
1090 2232 1636 2322 ταλάντιρᾲπροσιρέρω
1673 2253 1684 2265 ⁸

506 2319 580 2374 Ων
624 2326 712 2377 νῦν
741 2324 960 2400 Θεωρεῖς
1004 2321 1143 2378 ἔστιν
1173 2320 1262 2386 ιῦς
1291 2319 1652 2400 διδασκάλους,

493 2410 724 2483 Βαθμοτς
753 2431 810 2466 τε
838 2408 1110 2490 λαμπροῖς
1141 2408 1505 2488 ἐμπρέποντας
1534 2409 1688 2473 ἀξίως
1739 2427 1752 2441 ·

486 2492 780 2573 Ἀργοῦντα
820 2495 866 2552 δ’
897 2497 1012 2577 ἄρτι
1044 2495 1304 2572 μηδαμῶς
1338 2497 1601 2576 μέμφουσί
1630 2519 1720 2573 με,

487 2585 669 2662 Ξηρὸς
700 2585 800 2662 γὰρ
828 2587 934 2659 εἶμι
964 2592 1033 2663 τῇ
1061 2587 1290 2664 πυρώσει
1319 2593 1413 2642 τοῦ
1453 2586 1675 2659 πάθους,

488 2673 585 2754 gat
614 2676 1001 2752 πραγματείας,
1047 2677 1120 2738 ὡς
1153 2676 1435 2754 γεωργίας,
1469 2674 1632 2740 ξένος.

493 2743 636 2817 ’ὃθεν
657 2743 944 2842 ’σχολάζων
985 2743 1322 2843 προστέτηιια
1350 2743 1473 2827 ταίίς
1501 2759 1724 2840 βίϐλοις,

488 2847 644 2905 Εἶναι
675 2853 939 2928 μαθητὴς,
970 2856 1028 2911 οὗ
1057 2850 1365 2918 διδάσκαλος
1395 2851 1558 2910 θέλων
1597 2872 1612 2886 ’

2214 360 2362 440 Ῥᾷον
2393 368 2492 444 γὰρ
2521 363 2644 422 οἶδα
2674 372 2828 422 τοῦτο
2850 365 3034 440 πολλῴ
3061 367 3136 420 τῶ
3166 364 3334 443 μέσῳ,

2299 458 2314 480 ς
2394 462 2416 470 η.
2538 453 2562 473 ,α
2688 478 2708 488 Ω
2747 453 2760 474 τ
2807 446 2819 462 ⁸
2926 453 2936 474 ν

2219 465 2317 513 Και
2346 477 2504 512 πασιν
2533 453 2705 518 αλλω..
2738 453 3122 534 ασφαλεστερον
3151 456 3388 532 τρόποις.

2219 545 2442 624 Κρύψεις
2473 541 2528 599 δέ
2548 565 2640 599 σου
2668 544 2758 598 τὸν
2801 541 2998 622 λύχνον
3029 541 3084 596 ὲν
3109 546 3177 616 τῇ
3206 542 3409 620 γωνίᾳ,

2213 634 2273 690 Τί
2299 639 2452 689 τοῦτο
2481 632 2608 710 φῂς,
2643 628 2879 711 ἄνθρωπε
2911 651 2927 701 ;
2957 635 3071 693 πῶς
3097 628 3162 678 98
3186 629 3371 694 καλεῖς
3400 629 3596 710 λύχνον

2219 722 2319 778 Τὸν
2348 724 2441 779 οὒκ
2471 718 2666 799 ἔχοντα
2709 721 2770 774 τὸ
2799 724 3067 799 προσῆκον
3100 725 3212 798 φῶς
3243 717 3426 799 λύχνῳ
3451 737 3467 798 ;

2213 797 2310 866 Ἦν
2339 797 2559 888 λύχνος,
2593 806 2717 864 οῖδα
2753 829 2767 846 ο
2802 797 3010 888 καὶγὰρ
3039 797 3133 864 cini.
3157 797 3406 887 ἀρνητέον
3442 828 3456 842 ⁸

2211 895 2361 953 Ἀλλ’
2393 900 2462 961 εἷς
2494 897 2690 976 τροφὴν
2736 896 2909 953 ἔλαιον
2935 896 3123 972 ἀρκουν
3153 898 3249 954 οὒκ
3289 895 3456 977 ἔχων,

2213 985 2553 1064 Ἐψυγμένην
2583 985 2806 1042 δείκνυσι
2836 986 2933 1053 τὴν
2975 985 3250 1064 θρυαλλίδα
3278 1003 3290 1016 ⁶

2209 1063 2306 1138 Ἦς
2335 1063 2411 1149 τῷ
2441 1081 2722 1154 μαρασμῷ,
2757 1075 2846 1130 καὶ
2876 1075 2933 1129 τὸ
2963 1063 3054 1129 τοῦ
3082 1075 3256 1153 φωτὸς
3286 1074 3466 1155 σέλας,

2216 1161 2447 1243 Ἀμυδρὰ
2476 1177 2668 1242 φαῖνον
2688 1163 2782 1218 οὒκ
2813 1161 2929 1242 ἔχει
2957 1161 3296 1238 λαμπηδόνα,

2217 1256 2534 1330 ἓυνασθενετ
2563 1254 2662 1330 γὰρ
2692 1253 2777 1308 καὶ
2806 1250 2964 1330 λόγος
2989 1259 3067 1326 τῷ
3096 1253 3315 1330 σαρκίῳ,

2203 1317 2412 1417 ὅὨσπερ
2441 1317 2679 1416 παθούσῃ
2711 1317 2963 1415 μουσιιίὸν
2993 1317 3328 1419 μέλος-λύρα,

2217 1432 2287 1488 Τὸ
2319 1431 2493 1509 φωτὸς
2517 1430 2604 1486 οὖν
2636 1453 2724 1505 μοι
2755 1427 3002 1505 λείψανον
3028 1430 3286 1509 τηρητέον

2217 1520 2345 1575 Μετ’
2377 1517 2662 1599 ἀσφαλείας
2697 1515 2841 1576 ἔνδον
2883 1516 3206 1596 ἐγκλείσαντί
3235 1543 3358 1594 που,

2216 1609 2312 1666 Καὶ
2339 1612 2446 1663 τῶν
2474 1609 2734 1686 ὑπαίθρων
2778 1608 3087 1682 πνευμάτων
3131 1607 3416 1684 ἀπωτᾶιτω,

2215 1697 2305 1763 Μὴ
2347 1694 2621 1760 παντελῶς
2653 1718 2743 1770 μοι
2766 1692 2979 1751 σϐεσθὲν
3011 1695 3064 1751 ἐν
3091 1697 3292 1776 βραχεῖ
3317 1696 3502 1761 λάθοι.

2213 1785 2380 1864 ᾼῦτὸς
2410 1782 2465 1839 δὲ
2509 1783 2708 1864 λύχνον
2742 1783 2902 1840 ἄλλον
2931 1784 2985 1839 ἐν
3031 1783 3179 1859 μέσῳ
3219 1786 3367 1862 τίθει,

2218 1860 2393 1948 ῩΟστις
2422 1860 2618 1946 κύκλω-
2630 1880 2875 1931 τοσοῦτον
2907 1872 3166 1948 ἐκπέμψει
3211 1860 3390 1948 σέλας,

2208 1946 2368 2038 ΪΟσον
2399 1963 2460 2018 σὺ
2487 1961 2687 2038 βούλει,
2720 1963 2798 2038 μὴ
2827 1959 3074 2025 δεδοικὼς
3105 1963 3204 2028 τὴν
3249 1959 3425 2019 σϐέσιν

2212 2029 2346 2108 ’μισον
2391 2053 2555 2108 κακὸν
2584 2053 2706 2131 γὰρ,
2740 2057 2848 2129 γῶς
2891 2072 2950 2107 τε
2972 2049 3262 2129 συγκλείειν
3295 2052 3456 2130 μέγα,

2215 2143 2312 2198 Καὶ
2342 2143 2526 2220 μικρὸν
2553 2141 2694 2205 αὖθις
2727 2143 2798 2204 εἷς
2828 2139 3074 2220 ὕπαιθρον
3105 2140 3330 2219 ἐξάγειν,

2232 2227 2358 2293 Αλις
2389 2232 2510 2310 γὰρ,
2545 2230 2607 2284 ἃν
2637 2231 2931 2309 σύμμετρον
2973 2229 3176 2308 αὐγάζῃ
3205 2231 3389 2305 τόπον,

2213 2304 2362 2399 ΞΑλις
2496 2304 2603 2374 ’κᾶν
2645 2325 2710 2396 ζῇ
2737 2321 2824 2375 καὶ
2843 2304 3112 2396 ⁷διαυγείας
3147 2304 3294 2399 δίχα.

2213 2385 2365 2472 Ἴσως
2394 2385 2492 2486 γὰρ
2523 2410 2593 2471 εἷς
2625 2385 2856 2483 ἔναυσμα
3044 2385 3365 2482 συμϐέλοιτό
3395 2432 3519 2485 που,

2215 2497 2324 2578 ξίᾶν
2354 2497 2480 2554 αὐτὸ
2513 2495 2677 2571 μηδὲν
2707 2497 2837 2576 πρὸς
2879 2498 2940 2551 τὸ
2971 2502 3056 2552 νῦν
3091 2497 3287 2575 φαίνειν
3321 2497 3449 2578 ἔχη,

2223 2577 2314 2648 Ὠς
2342 2586 2377 2652 ἡ
2408 2584 2522 2642 καθ’
2551 2587 2696 2660 ἡμᾶς
2725 2583 3082 2662 ἆδρανεστότη
3114 2586 3289 2664 φάσις,

2218 2679 2338 2735 Πῶς
2381 2675 2471 2730 σῦν
2503 2694 2561 2728 σε
2591 2671 2710 2738 δόξα
2741 2675 2872 2752 πρὸς
2902 2671 3150 2750 μέγιστον
3180 2672 3372 2754 ἐξάροι,

2217 2765 2324 2820 Οὐκ
2353 2759 2614 2818 ἐνδιδόντα
2642 2767 2710 2837 τῇ
2739 2767 2872 2842 φορᾷ
2911 2766 3008 2828 τῆς
3051 2762 3254 2843 ἡμέρας
3282 2783 3298 2843 ;

2009 2848 2076 2900 99
2099 2849 2248 2926 Μέν’,
2281 2851 2327 2908 ὦ
2357 2847 2643 2930 ταλαίπωρ’
2677 2849 2800 2930 (48)
2836 2849 3036 2928 ἀτρέμα
3066 2866 3182 2916 σοῖς
3215 2851 3268 2907 ἐν
3295 2852 3501 2916 τόποις,

284 3008 376 3101 Ita
400 3013 558 3076 enim
590 3015 1024 3094 laboraverunt,
1075 3028 1139 3082 ut
1194 3017 1387 3101 vides,
1451 3037 1690 3100 organa,
1723 3027 1787 3081 ut
1817 3028 1986 3081 necC
2011 3018 2234 3082 volens.
2259 3017 2421 3082 Istud
2455 3018 2615 3080 enim
2643 3017 2826 3079 multo
2850 3017 3082 3080 facilius
3134 3037 3264 3082 esse
3286 3021 3408 3082 scio
3431 3039 3666 3084 necnon

283 3097 546 3165 debilem
575 3124 785 3168 vocem
815 3107 1068 3170 faciliter
1091 3097 1382 3173 emittam.
1423 3097 1585 3172 Adeo
1616 3107 1931 3190 praeteritis
2015 3107 2175 3170 circa
2207 3107 2409 3169 omnia
2469 3107 2672 3170 tutius.
2725 3143 2804 3154 —-
2842 3107 3272 3170 Abscondesne
3319 3119 3380 3171 tu
3415 3117 3571 3172 tuam
3601 3111 3665 3171 in

283 3193 461 3278 nugis
482 3194 769 3272 pravaluit
788 3215 923 3278 qua;
943 3216 1040 3259 me
1059 3216 1219 3259 nunc
1242 3198 1400 3277 regit
1429 3197 1777 3277 disciplina!
1809 3195 1937 3268 Qua

284 3276 560 3366 ducente,
580 3276 877 3347 theatrum
899 3287 1116 3348 frustra
1136 3276 1340 3350 tenere
1363 3276 1735 3366 multaquein
1753 3285 1934 3348 scho-

283 3364 358 3426 lis
381 3377 440 3429 et
467 3370 778 3453 colloquiis
821 3374 1052 3436 effutire
1095 3373 1318 3437 cessavi
1352 3395 1367 3452 ;
1418 3364 1760 3436 meditando
1791 3392 1932 3436 vero

286 3458 665 3522 sermonibus
693 3470 1016 3544 temperor,
1057 3463 1205 3525 nihil
1237 3464 1624 3544 superﬂuum,
1655 3463 1804 3525 nihil
1834 3461 1934 3524 ab-

286 3545 532 3607 surdum
565 3551 894 3629 proferens,
927 3553 1069 3614 solis
1126 3571 1264 3615 vero
1323 3553 1678 3615 necessariis
1725 3568 1933 3614 vocem

291 3631 583 3698 tribuens.
610 3635 706 3700 Sic
730 3641 1044 3703 blandiens
1065 3641 1492 3704 acdemulcens
1513 3641 1810 3720 morbum,
1839 3639 1932 3701 vix

291 3720 438 3809 mihi
478 3723 716 3788 vitalem
761 3729 1032 3809 spiritum
1093 3729 1378 3792 accendo.
1437 3729 1614 3792 Aliud
1644 3747 1784 3790 vero
1812 3736 1936 3789 erat

285 3808 428 3898 olim
461 3814 728 3892 quaadam
763 3808 1036 3880 facundia
1061 3835 1077 3893 ;
1102 3819 1479 3898 fructumque
1511 3817 1618 3878 tibi
1643 3836 1762 3878 non
1796 3817 1937 3877 inu-

287 3897 478 3974 tilem,
513 3903 716 3966 multis
751 3905 1070 3986 juvenibus
1122 3897 1403 3987 praeclare
1451 3906 1736 3968 institutis
1765 3904 1937 3985 tulit;

2015 3199 2228 3277 angulo
2253 3197 2560 3259 lucernam
2586 3197 2707 3257 Υ-
2737 3196 2888 3269 Quid
2910 3196 3082 3278 dicis,
3107 3197 3285 3259 homo
3310 3197 3336 3258 Υ
3357 3197 3664 3269 Quomodo

2017 3285 2322 3348 lucernam
2347 3303 2533 3365 vocas,
2561 3303 2702 3346 eum
2719 3285 2822 3364 qui
2845 3303 2960 3346 non
2985 3285 3233 3348 habetlu
3245 3305 3376 3348 men
3405 3287 3666 3349 lucernae

2016 3374 2437 3437 conveniens?
2489 3373 2630 3435 Erat
2659 3374 2926 3448 lucerna,
2980 3375 3148 3448 scio;
3199 3377 3311 3440 hoc
3355 3376 3515 3436 enim
3546 3396 3665 3438 non

2014 3463 2354 3544 negandum
2383 3470 2498 3524 est:
2562 3463 2666 3524 sed
2725 3462 2796 3523 ad
2856 3463 3309 3543 nutrimentum,
3361 3464 3665 3526 sufﬁciens

2015 3571 2135 3614 non
2154 3551 2376 3613 habens
2387 3551 2609 3626 oleum,
2629 3551 2983 3612 exstinctum
2997 3551 3254 3612 ostendit
3270 3552 3659 3631 ellychnium;

2017 3643 2189 3721 cujus
2220 3639 2691 3719 consumptione,
2729 3640 2972 3701 luminis
3013 3658 3249 3721 quoque
3297 3640 3512 3719 fulgor,
3547 3641 3657 3703 ob-

2019 3747 2192 3792 scure
2223 3730 2452 3804 lucens,
2502 3727 2848 3790 charitatem
2904 3747 3022 3789 non
3081 3729 3278 3790 habet.
3309 3731 3666 3809 Languescit

2020 3820 2180 3880 enim
2210 3836 2408 3880 sermo
2439 3835 2574 3879 cum
2607 3817 2983 3896 corpusculo,
3017 3816 3170 3878 sicut
3199 3836 3332 3878 cum
3363 3818 3516 3879 mala
3541 3819 3663 3899 lyra

2019 3915 2251 3970 cantus.
2287 3905 2644 3986 Relinquum
2664 3923 2805 3983 ergo
2825 3905 3022 3966 lumen
3041 3905 3188 3966 mihi
3208 3906 3661 3968 custodiendum

288 4004 500 4051 omnes
525 3992 684 4053 enim
719 4012 834 4058 non
866 3995 981 4057 cito
1013 4015 1090 4057 ne
1121 3996 1362 4074 gloriari
1379 3995 1600 4057 videar.
1632 3998 1943 4059 Verumta.
2026 4004 2118 4058 est
2142 3996 2303 4058 intus
2331 4013 2465 4056 cum
2496 3994 2817 4056 securitate
2837 3993 3166 4055 includenti
3202 3993 3666 4076 longissimeque

292 4092 429 4137 men
486 4081 704 4144 multos
739 4083 801 4144 in
859 4084 1126 4146 scientiis
1182 4083 1456 4164 instituit,
1518 4082 1834 4164 multisque
1865 4085 1936 4146 ad
2023 4083 2418 4147 aﬂaminibus
2438 4083 2656 4164 apertis
2674 4083 3020 4164 tenenti,ne
3050 4083 3284 4162 penitus
3305 4083 3663 4145 exstinctum

294 4181 527 4229 morum
582 4189 846 4232 normam
908 4171 1131 4252 aliquid
1193 4172 1410 4252 attulit,
1470 4172 1636 4251 cujus
1665 4172 1937 4236 educatio
2023 4174 2168 4235 mihi
2197 4173 2358 4235 brevi
2391 4171 2778 4252 subripiatur.
2811 4171 2919 4234 Ille
2949 4171 3109 4232 enim
3157 4172 3330 4232 aliam
3360 4170 3423 4233 in
3468 4172 3664 4234 medio

288 4252 420 4355 istis
478 4257 962 4355 exuberantibus
985 4261 1044 4321 in
1075 4259 1271 4355 verbis
1299 4259 1600 4355 illecebris
1631 4262 1812 4355 multo
1841 4261 1934 4323 fe-
1958 4306 2000 4355 υ
2022 4263 2530 4355 ponitlucernam,
2555 4260 2654 4341 qui
2675 4268 2905 4355 tantum
2926 4259 3344 4355 ‘orbicularem
3375 4259 3664 4355 fulgorem

295 4340 470 4406 licior
497 4356 605 4408 est.
640 4347 760 4410 Hos
791 4349 1066 4430 equidem
1087 4349 1388 4430 sapienter
1410 4349 1655 4411 edoctos
1678 4350 1933 4430 juvenes
1958 4340 1999 4355 ”
2019 4340 2254 4426 emittit,
2281 4356 2561 4431 quantum
2579 4349 2766 4428 cupis,
2795 4347 3244 4411 exstinctionem
3263 4368 3380 4412 non
3412 4349 3661 4418 timens:

298 4437 363 4492 ut
392 4432 621 4497 lucrum
655 4439 974 4500 maximum
1006 4439 1078 4500 ad
1104 4440 1382 4501 talentum
1404 4437 1658 4517 adjicio;
1683 4457 1933 4520 quorum
2019 4456 2124 4519 par
2145 4437 2303 4499 enim
2338 4437 2556 4498 malum
2587 4444 2982 4514 estmagnum
3013 4437 3331 4500 occludere
3353 4436 3577 4518 lumen,
3611 4447 3668 4499 et

294 4538 451 4609 nunc
481 4525 768 4604 quosdam
822 4526 989 4589 vides
1040 4528 1348 4606 magistros
1401 4527 1694 4608 clarisque
1726 4527 1935 4589 merito
2019 4545 2259 4609 parvum
2291 4527 2350 4587 in
2383 4533 2651 4608 apertum
2695 4527 3063 4606 producere;
3096 4525 3244 4588 satis
3275 4534 3365 4588 est
3421 4527 3582 4588 enim
3616 4527 3666 4589 si

291 4607 583 4696 fulgentes
641 4615 988 4681 honoribus.
1045 4616 1377 4678 Potiantem
1435 4607 1792 4677 vero’nunc
1840 4633 1937 4678 me
2021 4607 2317 4678 modicum
2362 4607 2615 4676 ill'ustret
2667 4617 2944 4695 spatium,
3002 4617 3113 4678 etsi
3169 4616 3300 4679 sine
3351 4615 3669 4696 splendore

291 4695 445 4770 haud
469 4707 851 4784 redarguunt:
877 4708 1077 4770 aridus
1094 4706 1252 4770 enim
1271 4724 1402 4768 sum
1418 4705 1702 4768 incendio
1727 4704 1944 4785 morbi,
2029 4705 2204 4770 vivat.
2225 4705 2403 4767 Forte
2423 4706 2578 4765 enim
2593 4703 2665 4765 ad
2687 4722 3006 4767 accensum
3029 4705 3302 4785 quapiam
3329 4695 3665 4785 proliceret,

297 4799 631 4878 acnegotiis
657 4795 929 4861 civilibus
947 4800 1100 4860 sicut
1119 4792 1950 4875 agriculturaealienus.Unde
2032 4793 2143 4856 etsi
2169 4792 2318 4854 nihil
2336 4792 2410 4854 ad
2429 4791 2745 4854 lucendum
2766 4792 2959 4873 ipsum
3007 4792 3242 4874 habeat,
3296 4793 3448 4852 sicut
3468 4799 3670 4853 nostra

301 4886 706 4950 voluminibus
734 4904 874 4949 vaco
907 4885 1258 4966 discipulus,
1309 4883 1466 4945 haud
1500 4883 1782 4963 magister
1813 4900 1948 4945 esse
2031 4881 2244 4945 debilis
2273 4879 2512 4942 locutio.
2577 4917 2647 4928 —-
2702 4879 3004 4953 Quomodo
3064 4899 3204 4960 ergo
3263 4880 3337 4943 ad
3369 4899 3665 4942 summum

381 5022 446 5074 94
471 5045 558 5102 γρ.
593 5022 729 5103 ἔχω.
810 5022 876 5074 95
903 5046 987 5102 γρ.
1035 5023 1364 5098 καμνόντων.
1449 5019 1515 5070 96
1555 5042 1639 5100 γρ.
1672 5019 1763 5080 xii.
1847 5017 1910 5067 97
1951 5041 2036 5097 γρ,
2065 5029 2180 5080 τοῖς
2224 5021 2353 5075 τῶν.
2439 5015 2505 5065 98
2532 5039 2618 5096 γρ.
2651 5020 2738 5073 καὶ
2768 5019 2864 5080 εἷς.
2947 5015 3012 5065 99
3053 5038 3138 5093 γρ,
3171 5017 3205 5082 ἡ
3238 5015 3336 5089 μὲν
3364 5016 3410 5071 ὦ
3437 5014 3560 5077 ταλ.

1662 5150 1916 5215 Matthaai
1944 5149 2110 5212 Busti
2139 5155 2294 5210 nota:

379 5291 502 5382 (472
565 5269 711 5382 ’ίσαξς
741 5292 840 5370 γὰρ
870 5294 939 5357 εἷς
983 5292 1239 5382 ’έναυσμαἶ
1289 5286 1783 5382 Συμϐἀιλοικτόπου,
1817 5302 1934 5376 pou

2020 5279 2467 5382 plerumque’in
2499 5281 2693 5382 ipsum
2724 5288 3023 5382 agentem.

300 5360 833 5453 eratferendunr':
897 5389 1090 5453 neque
1139 5360 1304 5453 enim
1358 5360 1936 5453 anadematv‘usliiam

2021 5360 2038 5453 ς
2098 5361 2229 5453 (μ)
2263 5360 2396 5453 tu»):
2419 5360 3079 5453 a‘r’zthirwp’.‘Electra
3119 5361 3274 5453 apud
3311 5360 3666 5453 Euripidem

302 5451 617 5534 signiﬁcat,
647 5440 1111 5534 Conducere'vel
1132 5440 1453 5534 conferre:
1485 5440 1939 5534 in_med_ia'v_oce
2021 5443 2081 5534 i_n
2111 5440 2320 5534 Oreste
2368 5441 2606 5534 fratrem
2642 5440 2768 5522 jam
2814 5440 3112 5534 furentem
3150 5440 3238 5534 sic
3270 5440 3485 5534 affatur:
3513 5443 3540 5504 ε’
3563 5443 3668 5534 Μιέν

303 5521 652 5618 δεῖρίεεὶιηὲ,
706 5535 765 5594 in
821 5551 937 5613 qua
993 5527 1342 5614 signiﬁcatio
1401 5525 1571 5589 activi
1615 5524 1940 5588 reﬂectitur

2021 5526 2064 5580 ὦ
2136 5521 2426 5601 ταλαίπωρ’
2484 5521 2681 5603 ἀτρέμα
2743 5535 2858 5587 σοῖς
2911 5523 2963 5577 ἐν
3021 5521 3245 5599 δεμνίοις
3301 5541 3313 5554 °
3379 5529 3514 5602 Ορᾷς
3570 5523 3667 5602 γὰρ
