4008 6114
177 263 341 328 1193

382 397 597 456 Μᾶλλον
628 396 674 453 δ’
701 398 903 456 ἐκεῖθεν
935 399 1023 462 οἷς
1054 399 1451 479 προπέπρακται
1481 398 1659 478 μάθοι)

382 487 477 542 Καὶ
505 483 569 553 δὴ
600 488 730 564 πρὸς
760 485 890 561 ὕψος
921 500 1112 567 χεῖρας
1134 486 1401 567 ἐξαίροντά
1428 508 1519 562 με,

380 575 477 630 Καὶ
505 572 569 641 δὴ
600 581 890 653 κρατοῦντα
931 572 1191 650 σύμϐολον
1221 578 1368 643 νίκης
1400 575 1558 656 μέγα,
1618 620 1625 635 .

373 662 580 726 Φθάσας
609 669 838 741 κραταιᾷ
867 664 1011 742 χειρὶ
1040 670 1128 721 νῦν
1159 662 1537 739 συλλαμϐάνει,

377 750 476 831 Earl.
503 751 601 819 τήν
645 749 922 825 ἄκαμπτον
953 749 1163 831 καρδίαν
1190 753 1406 828 κάμψας
1448 753 1553 827 βίᾳ,

377 819 545 914 νΑγει,
577 838 719 917 φέρει
749 819 829 916 τε,
861 840 949 895 καὶ
976 819 1178 906 τίθησιν
1207 841 1279 903 εὶς
1311 819 1491 915 μέσον.

376 928 475 983 Τὸν
504 926 751 1007 ἐκφυγεῖν
780 925 998 992 δόξαντα
1025 934 1128 985 πᾶν
1157 926 1260 996 ἤδη
1293 928 1475 1004 μέσον.

373 1020 486 1070 Τῶν
515 1017 633 1093 πρὶν
677 1013 720 1069 δ’
752 1014 964 1071 ἐκείνων
997 1015 1237 1072 ἆστάτων
1271 1016 1546 1091 ἐνυπνίων,

376 1102 473 1157 Καὶ
501 1106 607 1156 τῶν
649 1101 943 1180 λογισμῶν,
976 1107 1064 1167 σῖς
1093 1103 1316 1179 έμαυτὺν
1345 1105 1614 1183 ἐκράτουν,

374 1186 791 1246 Κατεσκέδασται
820 1191 1069 1270 σύγχυσίς
1096 1214 1200 1272 τις,
1233 1194 1320 1249 καὶ
1349 1193 1528 1272 ζόφος,

371 1274 522 1332 Οὕτω
552 1285 681 1334 Θεοῦ
711 1277 1011 1358 σφήλαντος
1042 1281 1226 1344 αὐτοὺς
1256 1280 1464 1359 ἁθρόον,

372 1362 521 1420 Οῧτω
551 1372 679 1421 Θεοῦ
709 1367 961 1445 φύραντος
992 1365 1200 1445 ἀρρήτῳ
1227 1368 1430 1447 τρόπῳ,

374 1453 470 1509 Καὶ
499 1454 671 1509 πάντα
699 1454 1049 1533 συγχέαντος,
1084 1457 1158 1519 ὡς
1189 1456 1421 1534 ἀγνωσία

370 1539 623 1617 Σέϐοιμέν
649 1543 825 1617 αὒτὸν,
859 1543 931 1607 ὥς
960 1566 1041 1608 τις
1084 1545 1209 1601 εἶπε
1236 1552 1342 1602 τῶν
1372 1546 1535 1603 πάλαι

327 1628 633 1709 Ἀλλότριος
664 1632 761 1706 μὲν
788 1631 938 1710 (49),
973 1632 1114 1700 πλὴν
1144 1633 1320 1697 καλῶς
1349 1633 1516 1692 δοκῶν
1545 1635 1725 1709 φάναι.

371 1728 474 1777 Τοῦ
501 1720 761 1793 θαύματος
791 1721 890 1798 γὰρ
920 1720 1058 1778 ἔνθεν
1092 1723 1234 1797 αύτῴ
1260 1724 1320 1778 τὸ
1349 1723 1530 1803 πλέον,

374 1804 469 1892 :Ex
496 1812 593 1874 τῆς
622 1806 847 1864 ἀϐύσσου
863 1813 967 1865 τῶν
995 1807 1204 1879 ἀδήλων
1232 1812 1527 1892 κριμάτων,

371 1884 465 1950 Ὠν
496 1893 633 1952 εἶδεν
665 1894 824 1960 οὐδεὶς
865 1898 984 1961 τοὺς
1015 1884 1337 1976 ἀπορρήτους
1368 1884 1560 1978 λόγούς
1594 1920 1609 1937 ⁸

370 1985 467 2044 Οἷς
511 1981 631 2047 εἶξα
658 1982 807 2059 κάγω
841 1985 857 2013 ‘
890 1985 976 2042 καὶ
1018 1985 1067 2039 τί
1092 1986 1191 2063 γὰρ
1214 1989 1401 2042 παθεῖν
1431 1984 1555 2066 ἔδει,

369 2072 456 2132 Et:
497 2072 587 2127 τὸν
618 2069 871 2137 δυνάστην
903 2070 1201 2146 ἐμπεσόντα
1220 2075 1312 2129 τὸν
1343 2074 1549 2154 μέγαν;

368 2161 562 2239 φύκοῦν
592 2158 720 2232 ἐκάμ
731 2161 884 2238 φθην,
918 2161 1007 2216 καὶ
1033 2162 1311 2239 κρατηθεὶς
1345 2160 1484 2218 ἂπαν

372 2236 631 2313 εΥπῆλθον
803 2254 894 2303 τοῦ
922 2236 1080 2326 ζυγοῦ
1096 2251 1156 2304 τὸ
1196 2250 1401 2329 φορτίον
1436 2266 1450 2279 '

368 2335 466 2418 _Kat‘t
494 2334 689 2413 μάρτυς
721 2338 825 2411 είμὶ
866 2343 957 2392 τοῦ
987 2340 1313 2418 πανισχύρου
1340 2338 1584 2418 κράτους,

368 2407 429 2479 ΓὈ
459 2407 622 2501 ῥᾷστα
648 2407 821 2481 πᾶσαν
856 2407 1362 2506 ἐκϐιάζεταιηφύσιν,

365 2510 470 2570 Κᾶν
514 2511 813 2590 σκληρότης
843 2535 922 2570 τις
966 2514 1281 2594 αὗτόχρημα
1309 2517 1564 2595 τυγχάνοι

365 2597 512 2657 Ἀλλ’
529 2599 586 2657 οἵ
628 2623 707 2665 τις
742 2606 904 2680 αὖχετ
932 2600 1140 2680 στεῤῥὸς
1165 2604 1306 2659 εἶναι
1333 2605 1425 2669 τὰς
1467 2604 1679 2685 φρένας,

366 2691 461 2745 Καὶ
492 2701 609 2752 τοῖς
638 2688 915 2767 λογισμοῖς
945 2688 1193 2770 ἀσφαλῶς
1235 2689 1537 2768 βεϐηκέναι.

361 2774 625 2834 Ἐντεῦθεν
650 2778 712 2833 ἃν
741 2777 1005 2835 παίδευσιν
1037 2779 1291 2858 ἀρκοῦσαν
1324 2778 1497 2840 λάϐοι.

360 2866 448 2933 Μὴ
479 2865 673 2945 σφόδρα
700 2866 931 2945 θαρρεῖν,
967 2865 1101 2943 μηδὲ
1144 2870 1403 2925 πιστεύειν
1432 2867 1588 2949 ἄγαν,

1567 266 1865 330 VERSUS
1903 261 2193 328 IAMBICI

1850 413 1890 461 Α

1832 1718 1871 1767 Β

3389 268 3546 334 1194

2115 386 2205 461 Ὦς
2232 407 2350 459 τοῖς
2394 396 2585 452 ἑαυτοῦ
2604 396 2865 476 χρήσεται
2894 396 3076 454 πάντω
3118 399 3328 474 νὸμοις.

2104 474 2293 548 Ἀλλος
2324 485 2423 564 γὰρ
2452 474 2615 564 ἡμῖν,
2636 474 2704 548 νὸς
2747 486 2808 540 τὸ
2837 491 2942 542 πᾶν
2969 483 3087 565 ἔχει
3129 488 3340 566 κράτος,

2101 568 2231 654 I_I:zp’
2261 574 2320 628 οὗ
2347 571 2508 647 μόνον
2538 569 2623 628 δεῖ
2650 573 2910 653 προσφυὲς
2939 580 3121 645 ζητεῖν
3162 574 3325 654 πέρας

2107 642 2362 724 Ἅπαντας
2392 663 2536 736 ἡμᾶς
2565 642 2761 726 παντὸς
2793 642 2969 741 έργου,
2998 663 3086 719 καὶ
3115 642 3299 743 λόγόυ,

2096 751 2298 812 Παντὸς
2329 755 2527 807 σιιοποῦ
2553 771 2611 805 τε
2639 751 2728 806 καὶ
2753 748 3033 830 λογισμοῦ,
3068 753 3157 809 καὶ
3185 751 3399 831 δρόμου.

2098 832 2246 893 Ἐπεὶ
2274 836 2390 893 καθ’
2422 838 2577 894 αὑτὸν
2608 836 2755 895 οἶδεν
2797 838 2960 903 οὐδεὶς
2989 841 3051 896 οὗ
3079 839 3287 921 τρέχει,

2098 924 2220 1001 Πρὶν
2251 924 2313 980 ἃν
2341 926 2510 983 θανών
2540 947 2619 990 τις
2648 939 2840 1005 πεῖραν
2882 925 2987 993 ἕξοι
3011 934 3119 984 τῶν
3149 927 3312 1006 ὅλων,

2096 1007 2302 1091 ζΛρχῆς
2333 1015 2487 1090 ὁμου,
2519 1013 2702 1079 τέλους
2729 1037 2787 1071 τε
2814 1016 2902 1072 καὶ
2929 1016 3036 1073 τῶν
3059 1016 3114 1073 ἐν
3143 1017 3293 1091 μέσῳ
3323 1035 3340 1050 ⁸

2100 1078 2170 1155 ’λ’
2193 1078 2308 1181 ἱρὴ
2339 1078 2661 1168 σκοποῦντας
2695 1102 3079 1184 εὐλαϐεστέρως
3108 1078 3281 1186 ἔγειν,

2095 1187 2208 1272 Ἀεὶ
2235 1193 2296 1247 τὸ
2326 1190 2520 1266 μέλλον
2550 1194 2787 1272 χρηστὸν
2817 1189 3233 1268 ἐξαιτουμένους.

2082 1267 2209 1351 4Γ’.
2238 1297 2261 1334 (ι
2298 1281 2385 1342 Εἷς
2427 1281 2525 1347 τὴν
2553 1267 2646 1340 τοῦ
2676 1267 3040 1362 νομοφύλακος
3072 1283 3286 1362 νεαράν.
3323 1306 3352 1339 n

2090 1365 2257 1430 Αὐτὸς
2284 1370 2558 1438 σκοπήσας
2587 1376 2807 1448 πρᾶγμα
2836 1376 2988 1446 κοινῇ
3016 1370 3301 1451 συμφέρον,

2091 1453 2258 1518 Αὐτὸς
2286 1454 2501 1531 βασιλεῖ
2524 1458 2586 1512 τὸ
2616 1457 2877 1524 σκοπηθὲν
2907 1458 3188 1537 γνωρίσας,

2089 1543 2254 1606 Αὒτός
2283 1564 2340 1598 τε
2370 1545 2580 1624 πείσας,
2614 1545 2770 1608 αὐτός
2800 1545 2943 1603 ἐστιν
2972 1548 3001 1603 ὁ
3029 1546 3269 1625 γράφων.

2089 1653 2117 1687 α
2176 1635 2264 1695 Et:
2322 1632 2416 1688 τὸν
2470 1630 2703 1712 δεύτερον
2745 1632 2906 1712 λόγον
2971 1635 3064 1690 τὸν
3120 1635 3193 1697 εἰς
3247 1635 3338 1691 τὸν
3408 1655 3537 1714 τρο-

2518 1722 2829 1801 παιοφόρον.
2882 1744 2911 1777 »

2093 1811 2230 1889 Ψιᾶς
2259 1808 2287 1864 ὁ
2318 1807 2503 1886 μικρὸς
2533 1807 2682 1887 ἔργον
2710 1810 2935 1889 ἑσπέρας
2964 1808 3121 1886 λόγος
3156 1824 3171 1839 ⁸

2102 1876 2239 1952 εὅθεν
2283 1876 2487 1974 βραχξὺς
2516 1876 2574 1952 τέ
2601 1876 2691 1953 καὶ
2719 1897 2784 1952 τὰ
2812 1876 2945 1976 πρὸς
2974 1876 3104 1964 τέλη
3134 1898 3306 1961 νόθος,

2091 1980 2261 2062 Εἴπερ
2292 1982 2490 2040 δίκαιον
2518 1982 2768 2062 λοιδόρως
2796 1983 2985 2042 καλεῖν
3014 1984 3192 2058 νόθον,

2093 2071 2191 2152 ξΓὸν
2224 2069 2276 2137 ἐξ
2306 2068 2529 2151 ἀδελφοῦ
2558 2085 2752 2152 μοῖραν
2782 2071 3149 2151 ἠρανισμένον.

2095 2149 2241 2221 Ἐνὸς
2270 2159 2370 2238 γὰρ
2398 2149 2558 2238 ἄμφω
2584 2149 2781 2238 πατρὸς
2814 2149 2961 2224 ὄντες
2991 2163 3038 2217 οἱ
3067 2159 3241 2239 λόγοι,

2092 2244 2408 2327 ᾍΑδελφικῶς
2437 2246 2673 2325 θαῤῥοῦσι
2697 2249 2794 2316 τὴν
2836 2248 3133 2309 κοινωνίαν.

1892 2322 2000 2408 ιε’
2033 2350 2065 2395 ε
2090 2313 2203 2392 νοτι
2246 2313 2452 2403 άπέστη
2647 2313 2764 2404 τῆς⁷
2807 2338 3113 2417 συγγραφῆς
3179 2348 3275 2399 τοῦ
3327 2362 3528 2421 χρονο-

2713 2448 2796 2487 ου.
2832 2447 2857 2484 υ

2089 2502 2146 2569 Ὀ
2173 2514 2497 2592 συγγραφεὺς
2534 2447 2857 2590 ψέῖῗέόῗςοίὲέ
2878 2516 2971 2572 οὐκ
2998 2513 3187 2594 εἴρηκέ
3215 2540 3301 2575 πω
3331 2534 3346 2549 ⁸

2086 2600 2348 2657 Ψεύσαιτο
2377 2601 2522 2675 μέντ’
2551 2600 2613 2659 ἂν
2645 2600 2697 2658 ἕν
2728 2624 2788 2679 γε
2816 2615 2935 2666 τοῖς
2961 2601 3174 2668 λοιποῖς
3202 2603 3383 2684 λόγοις

2082 2686 2232 2745 Οὕτω
2321 2687 2352 2744 λ
2396 2690 2409 2711 ’
2618 2696 2646 2706 ’⁸
2778 2689 2809 2746 λ
2871 2691 2899 2746 ό
3107 2689 3180 2748 ’δε

2082 2762 2111 2773 α
2261 2710 2317 2768 φι
2355 2711 2550 2745 ουντων
2578 2712 2684 2747 των
2714 2711 2776 2746 κε
2812 2712 2869 2746 ευ
2903 2712 3037 2748 ντων
3058 2714 3126 2748 τα
3186 2739 3204 2773 ,

2081 2762 2173 2860 ἷῼν
2203 2762 2321 2841 τοῦς
2349 2776 2550 2834 έπαίνοι
2580 2776 2840 2858 ἐντρυφῶν
2868 2780 2930 2835 τὸ
2961 2776 3186 2860 βιϐλίον,

2092 2843 2259 2938 τὅμως
2290 2863 2322 2913 4
2352 2863 2520 2930 ἔδοξεν
2550 2843 2873 2945 ἐνδεέστερον
2899 2843 3073 2945 λέγειν
3106 2886 3122 2902 ·

1893 1618 2026 1703 4Δὀ

40 3028 65 3118 ί
158 3030 416 3111 scriptus
438 3032 534 3112 sit,
560 3032 751 3112 potius
764 3042 957 3098 autem
982 3035 1150 3098 illinc
1188 3035 1402 3118 quibus
1431 3038 1505 3097 sit
1532 3035 1797 3116 praedes-
1817 3047 1857 3097 C
1881 3028 2063 3092 habet
2083 3030 2430 3109 potentiam,
2447 3050 2481 3093 a
2497 3050 2612 3114 quo
2632 3039 2859 3095 tantum
2870 3050 2979 3094 nos
2990 3051 3199 3096 omnes
3221 3035 3526 3116 proprium

40 3120 65 3202 ἶ
159 3120 405 3194 tinatus,
439 3120 674 3202 discat,)
708 3141 841 3184 cum
865 3124 989 3202 jam
1019 3125 1080 3186 in
1128 3125 1312 3187 altum
1344 3144 1555 3186 manus
1587 3125 1801 3186 tende-

161 3207 299 3270 bam
333 3216 391 3269 et
419 3227 695 3287 magnum
729 3211 994 3273 victoriae
1030 3213 1365 3292 symbolum
1411 3213 1797 3293 occupabam,

159 3298 294 3377 ipse
318 3315 497 3358 manu
518 3298 651 3359 forti
676 3300 1043 3378 praeveniens
1059 3302 1326 3381 corripit;
1347 3309 1425 3383 et,
1450 3301 1803 3364 indomitum

159 3385 221 3445 vi
240 3384 489 3447 domans
518 3386 804 3464 animum,
838 3388 977 3465 agit,
1002 3389 1138 3464 fert,
1176 3397 1235 3451 et
1262 3390 1323 3451 in
1354 3390 1613 3451 medium
1641 3391 1803 3470 ponit

40 3482 64 3559 ﬁ
156 3472 327 3534 illum
354 3474 455 3552 qui
474 3475 600 3554 jam
632 3494 807 3537 omne
838 3476 1136 3556 publicum
1164 3478 1444 3557 effugisse
1487 3479 1602 3539 sibi
1631 3480 1804 3560 plane

157 3560 492 3626 videbatur.
526 3562 779 3624 Istorum
809 3573 1005 3626 autem
1041 3566 1400 3628 incertorum
1432 3568 1801 3629 somniorum

40 3651 58 3687 τί
159 3651 525 3713 etrationum
551 3651 763 3730 quibus
786 3671 882 3714 me
902 3653 1273 3716 continebam
1290 3656 1801 3717 evanuitconfusio

39 3734 67 3787 β
157 3737 425 3817 quaedam
442 3745 501 3800 et
522 3738 960 3815 obscuritas,ita
979 3741 1096 3803 Deo
1110 3742 1307 3804 statim
1326 3761 1397 3804 ea
1407 3742 1800 3816 subvertente,

40 3826 61 3873 ιί
154 3827 242 3888 ita
271 3826 392 3889 Deo
450 3827 737 3889 ineffabili
793 3828 967 3889 modo
1022 3830 1419 3892 confundente
1474 3839 1801 3911 cunctaque

46 3910 69 3959 Γ
156 3914 473 3991 miscente,
528 3923 593 3976 ut
646 3916 977 3995 ignorantia
1031 3934 1386 3981 veneremur
1432 3938 1592 3998 eum,
1651 3910 1801 3982 sicut

40 4006 67 4051 tt
154 4003 242 4065 ait
260 4005 633 4084 antiquorum
651 4004 1267 4087 quidam,extraneus,
1313 4007 1419 4069 sed
1459 4009 1799 4090 quioptime

40 4094 69 4147 [ξ
154 4091 381 4154 dixisse
396 4092 770 4173 videtur.lpsi
788 4112 1041 4174 namque
1051 4095 1377 4173 praesertim
1394 4096 1625 4158 miratio
1641 4097 1799 4158 venit

1885 3118 2065 3181 ﬁnem
2090 3121 2377 3198 omnium,
2410 3122 2633 3203 operis,
2666 3123 2983 3198 sermonis,
3014 3125 3320 3206 propositi,
3351 3125 3528 3189 ratio-

1884 3207 1979 3270 nis
2009 3217 2068 3269 et
2092 3227 2328 3292 cursus,
2351 3228 2619 3292 quaerere
2643 3218 2891 3291 oportet.
2907 3211 3092 3275 Nemo
3122 3213 3304 3291 enim,
3325 3215 3527 3295 prius-

1883 3315 2058 3377 quam
2090 3299 2378 3360 moriatur
2406 3298 2794 3380 omniumque
2822 3300 2999 3379 initii,
3030 3301 3188 3383 ﬁnis,
3214 3309 3272 3363 et
3301 3304 3526 3366 medio-

1882 3403 2014 3447 rum
2045 3388 2470 3467 experientiam
2499 3388 2793 3462 habuerit,
2848 3389 2961 3451 scit
3013 3409 3129 3471 quo
3161 3389 3350 3454 vadat.
3382 3391 3522 3464 Quae

1886 3474 2329 3537 considerantes
2398 3477 2574 3538 decet
2651 3494 2760 3537 nos
2840 3494 3017 3555 agere
3084 3477 3517 3558 circunspecte,

1884 3579 2121 3643 semper
2151 3564 2318 3625 utilia
2346 3564 2739 3645 deprecantes
2767 3563 2986 3628 futura.

2121 3654 2319 3736 XCIII.
2350 3657 2425 3718 In
2451 3655 2918 3736 Nomophylacis
2954 3655 3276 3720 novellam.

1959 3732 2066 3795 Ille
2097 3735 2352 3814 quirem
2408 3732 2685 3797 omnibus
2733 3732 2947 3798 'utilem
3002 3736 3169 3809 vidit,
3230 3736 3362 3817 ipse
3415 3737 3517 3818 qui

1880 3820 2061 3883 visam
2090 3822 2217 3900 regi
2245 3822 2661 3898 manifestavit,
2695 3829 2755 3885 et
2807 3822 2938 3904 ipse
2992 3822 3093 3905 qui
3146 3823 3354 3903 suasit,
3383 3824 3516 3907 ipse

1883 3917 1971 3971 est
1994 3910 2094 3990 qui
2122 3910 2346 3972 scribit.

1880 3995 2077 4061 XCIV.
2098 3998 2172 4060 1n
2184 3998 2512 4061 seeundum
2525 4014 2873 4061 sermonem
2892 3999 2958 4061 in
2983 3998 3512 4081 ﬁopwophomm.

1958 4090 2145 4154 Unius
2174 4110 2321 4171 opus
2345 4109 2607 4172 vesperae
2631 4108 2846 4172 parvus
2866 4108 3096 4155 sermo:
3141 4093 3302 4156 unde
3321 4093 3517 4160 brevis

56 4186 71 4227 τ’
154 4198 233 4243 ex
262 4181 625 4242 occultorum
651 4180 857 4261 abysso
898 4181 1283 4260 judiciorum,
1339 4202 1589 4264 quorum
1622 4204 1796 4247 nemo
1816 4241 1861 4264 η
1881 4186 1991 4255 est,
2017 4179 2155 4242 etin
2180 4180 2266 4240 eis
2294 4199 2425 4260 quae
2470 4186 2605 4241 sunt
2651 4177 2726 4240 ad
2765 4178 2944 4240 ﬁnem
2965 4188 3164 4256 notus,
3195 4182 3245 4244 si
3273 4183 3515 4263 quidem

40 4990 86 5058 ,5
151 4974 270 5035 mis
290 4977 549 5038 confidat
578 4994 689 5038 nec
712 4975 890 5037 nimis
909 4984 1109 5056 speret
1136 4996 1201 5040 se
1243 4978 1368 5041 suis
1393 4978 1627 5058 legibus
1654 4998 1787 5042 om-

39 5049 60 5078 "
147 5062 295 5124 nino
310 5063 646 5129 fruendum.
671 5064 841 5128 Alius
860 5049 1020 5127 enim
1045 5064 1214 5128 nobis
1242 5074 1352 5149 est,
1386 5049 1490 5149 qui
1516 5078 1788 5132 cunctam

227 5200 261 5250 ι
288 5224 374 5281 γρ,
412 5200 611 5267 ἔδοξαν.

40 4268 73 4329 LL‘
149 4269 663 4332 novitineﬁ‘abiles
681 4270 959 4345 calculos.
985 4269 1208 4342 Quibus
1260 4278 1320 4333 et
1351 4290 1458 4350 ego
1489 4273 1664 4335 cessi.
1698 4268 2100 4349 Ut-"justum
2131 4277 2219 4331 est
2245 4268 2775 4348 injuriosevocare
2822 4269 3094 4351 nothum,
3154 4269 3255 4350 qui
3285 4279 3513 4349 partem

40 4376 75 4421 ra
147 4356 299 4439 quid
328 4357 485 4419 enim
514 4358 782 4420 dolorem
813 4366 949 4420 ante
970 4361 1193 4439 Regem
1216 4378 1496 4439 magnum
1516 4362 1737 4425 cadens
1765 4361 1797 4422 ?
1877 4377 1949 4420 ex
1975 4358 2156 4421 fratre
2213 4358 2456 4420 sortitus
2503 4364 2612 4418 est.
2673 4354 2862 4419 Unius
2918 4358 3075 4419 enim
3127 4358 3310 4438 patris
3338 4359 3513 4424 ambo

40 4456 73 4516 ﬁ,»
141 4445 337 4525 Igitur
368 4446 632 4508 domitus
655 4464 786 4509 sum
840 4454 899 4508 et
952 4447 1194 4508 omnino
1249 4449 1436 4510 victus
1487 4450 1617 4529 jugi
1643 4469 1794 4512 onus

44 4548 75 4602 is
137 4537 273 4616 jam
308 4534 534 4614 subegi.
567 4533 640 4596 Et
668 4534 834 4597 testis
893 4554 1025 4597 sum
1081 4535 1459 4599 validissimae
1487 4540 1785 4617 potentiae,

40 4638 75 4695 gr“
146 4641 288 4703 quae
317 4633 585 4685 cunctam
618 4630 909 4703 naturam,
936 4623 1046 4685 etsi
1077 4624 1334 4687 maxima
1356 4626 1785 4703 duritiesiusit,

40 4746 78 4785 μ
145 4710 328 4791 facile
349 4711 610 4791 subjicit.
633 4712 914 4773 Attamen
941 4712 993 4773 si
1012 4713 1143 4792 quis
1162 4731 1227 4775 se
1252 4714 1420 4776 ﬁrmo
1434 4715 1632 4776 animo
1658 4734 1807 4777 esse-

146 4796 458 4879 glo'r'iatur,
494 4807 552 4861 et
577 4798 905 4861 rationibus
933 4818 998 4861 se
1044 4801 1269 4863 ﬁrmari
1319 4802 1542 4878 credat,
1576 4803 1791 4866 exinde

39 4910 85 4968 εει
149 4876 457 4970 sufﬁciens
477 4887 749 4967 accipere
770 4894 962 4965 potest
997 4887 1437 4965 documentum,
1465 4876 1669 4953 utnon
1690 4891 1787 4953 ni—

1874 4466 2007 4509 cum
2041 4464 2353 4509 sermones
2409 4444 2552 4522 sint,
2608 4443 2872 4506 fraterne
2926 4445 3348 4512 communitate
3376 4468 3516 4513 con-

1874 4536 2088 4597 ﬁdunt.

1936 4622 2110 4686 XCV.
2147 4621 2295 4685 Cum
2320 4641 2357 4682 a
2384 4620 2683 4699 scriptura
2710 4619 3147 4703 ehronographi
3173 4622 3428 4689 destitit.

1952 4710 2219 4791 Scriptor
2274 4706 2652 4772 mendacium
2705 4708 2947 4789 quidem
2998 4728 3290 4789 nusquam
3320 4712 3504 4776 dixit:

1872 4799 2227 4861 mentiretur
2235 4804 2430 4860 autem
2444 4796 2507 4857 in
2524 4794 2772 4876 reliquis
2785 4796 3185 4875 sermonibus,
3209 4798 3290 4859 ita
3304 4815 3510 4863 amau-

1873 4887 2029 4950 tibus
2048 4886 2147 4967 qui
2165 4884 2530 4966 jubentista,
2557 4901 2808 4963 quorum
2856 4885 3128 4948 laudibus
3167 4886 3280 4949 etsi
3299 4893 3498 4950 tume-

1872 4983 1995 5039 scat
2032 4974 2289 5049 libellus,
2326 4993 2444 5035 non
2490 4980 2687 5033 tamen
2715 4973 3074 5035 sufﬁcientia
3116 4972 3318 5037 dicere
3350 4976 3509 5039 visus

1873 5072 1983 5129 est.
2005 5062 2275 5126 Facultas
2287 5062 2446 5125 enim
2458 5061 2772 5143 plausuum
2785 5061 3121 5125 satietatem
3145 5062 3355 5127 nescit.
3369 5063 3507 5128 Hac

1505 5280 1765 5349 Matthei
1793 5275 1955 5341 Busti
1982 5281 2158 5338 notae.

223 5413 351 5498 (49)
390 5438 415 5471 ι(
445 5411 751 5498 ίΑλλότριρς
782 5415 900 5491 μέν.
938 5441 964 5474 π
998 5415 1205 5498 Eurip.
1235 5415 1461 5480 Hecub.

1864 5407 2073 5472 audire
2132 5422 2269 5469 eum
2321 5402 2713 5463 παλινωδοῦντα
2765 5404 2897 5480 πρὸς
2937 5403 3037 5471 τὴν
3087 5401 3363 5462 κολακείαν
3406 5404 3504 5472 τὴν

222 5483 346 5569 (5οί
380 5517 408 5552 ι
445 5483 808 5588 "ortv-iumenti}
849 5502 973 5563 τῆς.
1017 5522 1066 5588 ἰ
1299 5496 1783 5588 τοῦΑχρονογράφου
1866 5486 2054 5555 ἀνέδην
2082 5487 2270 5543 οὑτωσὶ
2312 5483 2702 5564 γεγενημένην.

58 5550 74 5592 ⁵’
141 5550 511 5657 reponerent
556 5550 811 5637 libenter
849 5550 1330 5654 τόῖῗιιίοναξιᾶᾖου.
1380 5550 1567 5655 stibio
1599 5550 1783 5636 Ibnirn

465 5709 719 5773 ΡΑτιιοι..
752 5706 861 5775 Gn.
892 5706 1058 5774 CXX.

2940 5694 3018 5760 38
