4008 6114
303 199 457 265 1205

1747 197 2195 262 ORATIONES.

3514 200 3672 276 1206

300 333 434 411 ἀνὴρ
477 335 766 402 τεθνηκὼς,
829 337 934 397 οἰὸς
993 335 1285 412 μονογενὴς
1343 341 1410 410 τῇ
1460 335 1619 411 μητρὶ
1648 332 1829 411 αὐτοῦ,
1864 331 1938 388 καῖ

2035 327 2224 389 tristia
2265 327 2514 389 civitatis
2574 329 2755 390 multa
2805 348 2938 390 cum
2997 330 3118 393 illa.
3180 331 3249 392 Et
3301 331 3510 392 videns
3541 350 3674 394 eam

302 421 432 486 αῦτὴ
463 422 632 499 χήρα,
666 423 753 476 καὶ
795 421 962 502 ὄχλος
1015 428 1113 489 τῆς
1173 421 1378 485 πόλεως
1435 423 1610 483 ἱκανὸς
1663 420 1754 475 σὺν
1785 422 1940 497 αὐτῇ,

301 511 399 565 Καὶ
427 507 546 565 ἰδὼν
578 511 740 577 αῦτὴν
804 510 921 590 (10)
956 515 983 568 6
1028 510 1231 578 ’[ησοῦς
1287 511 1682 590 ἐσπλαγχνίσθη
1737 508 1820 566 ἐπ’
1850 513 1944 568 αὒ-

299 597 398 662 τὴν
426 599 514 653 καί
542 599 694 654 εἶπεν
727 601 881 679 αὐτῇ,
929 601 1017 666 Μὴ
1073 600 1252 661 κλαῖε.
1313 603 1411 657 Καὶ
1439 598 1737 678 προσελθὼν
1767 599 1945 676 ἥψατο

297 689 396 750 τῆς
441 693 595 764 σοροῦ
626 703 640 716 ·
704 691 751 743 οἱ
809 686 863 744 δὲ
919 689 1266 766 βαστάζοντες
1323 687 1573 756 ἔστησαν.
1637 689 1736 746 Καὶ
1795 689 1941 760 εἷπε,

299 772 575 853 Νεανίσκε,
634 777 714 832 σοὶ
783 776 948 856 λέγω,
1044 777 1303 856 ἐγέρθητι,
1379 778 1466 832 καὶ
1559 777 1859 834 ἀνεκάθισεν
1917 779 1944 831 6

295 867 499 943 νεκρὸς,
560 869 648 923 καὶ
715 867 908 947 ἤρξατο
979 867 1184 944 λαλεῖν,
1261 869 1348 924 καὶ
1405 866 1594 925 ἔδωκεν
1648 870 1804 927 αὐτὸν
1873 874 1940 943 τῇ

296 956 458 1030 μητρὶ
490 955 667 1015 αὐτοῦ.
747 980 775 1012 ι
829 949 885 1014 ’0
929 957 1286 1036 μεγαλουργὸς
1344 958 1472 1020 Θεὸς
1530 958 1617 1014 καὶ
1668 958 1939 1023 Δεσπότης

293 1042 383 1096 καὶ
444 1043 628 1121 Κύριος
687 1047 842 1120 ἡμῶν
901 1045 1105 1111 Ἰησοῦς
1168 1047 1388 1124 Χριστὸς
1443 1050 1614 1121 θαῦμα
1671 1045 1939 1124 μέγα-τε-

293 1144 599 1209 ρατουργετ,
659 1135 747 1189 καὶ
813 1141 1066 1204 ζωοποιεῖ
1120 1136 1155 1202 ἡ
1185 1135 1321 1215 ζωὴ,
1379 1136 1466 1191 καὶ
1521 1135 1703 1205 ἀνιστᾷ
1747 1135 1782 1201 ἠ
1812 1133 1910 1188 ἀνά

293 1236 502 1291 στασις,
535 1221 621 1276 καὶ
693 1223 872 1301 νεκρὸν
928 1221 1112 1301 ἐγείρει
1165 1223 1293 1299 πρὸς
1347 1222 1480 1302 (11)
1527 1223 1700 1301 ταφὴν
1730 1221 1941 1299 ἀπαγό-

293 1324 478 1386 μενον,
536 1311 624 1364 καὶ
679 1309 784 1366 ἀπὸ
839 1317 933 1368 τοῦ
989 1312 1252 1386 θαύματος
1310 1312 1492 1368 τούτου
1548 1320 1824 1370 πιστοῦται
1855 1312 1942 1366 καὶ

289 1397 621 1474 πληροφορεῖ
691 1398 789 1465 τὴν
858 1397 1304 1477 προσδοκωμένην
1388 1400 1573 1466 κοινὴν
1661 1400 1941 1456 ἀνάστασιν

286 1483 378 1536 καὶ
431 1483 715 1552 καθολικὴν
771 1485 972 1565 ἔγερσιν
1035 1488 1139 1544 τῶν
1211 1493 1430 1568 νεκρῶν,
1492 1490 1578 1543 καὶ
1634 1497 1732 1554 τὴν
1790 1492 1944 1551 αῦτοῦ

285 1573 562 1651 ζωηφόρον
593 1576 697 1646 ,καὶ
749 1576 889 1631 θείαν
944 1576 1225 1632 ἀνάστασιν
1297 1575 1642 1656 προδεικνύει,
1702 1577 1790 1632 καὶ
1844 1575 1942 1642 την

285 1654 355 1711 δι’
413 1663 574 1728 αῦτῆς
622 1661 877 1742 λύτρωσιν
935 1666 1023 1722 καὶ
1092 1654 1383 1743 ἐλευθερίαν
1460 1654 1634 1740 ἡμῶν
1673 1665 1942 1742 ὕπεμφαί-

289 1766 366 1801 νει
397 1749 485 1804 καὶ
543 1753 829 1832 σωτηρίαν,
887 1755 973 1809 καὶ
1041 1755 1183 1824 ζωὴν
1235 1755 1332 1820 τὴν
1391 1754 1630 1815 αἰώνιον,
1693 1743 1783 1816 Ὦς
1843 1753 1943 1830 γὰρ

290 1833 512 1913 ἤγγισε,
544 1842 694 1920 φησὶ,
747 1849 814 1918 τῇ
872 1842 1011 1919 πύλῃ
1067 1847 1164 1909 τῆς
1231 1840 1462 1915 πόλεως,
1526 1841 1634 1897 ἰδοὺ
1691 1840 1824 1917 ἀνὴρ
1855 1837 1942 1904 ἐξ-

289 1925 566 1998 εκομίζετο
610 1931 876 1996 τεθνηκὼς
933 1932 1041 1994 υἱὸς
1101 1931 1392 2007 μονογενὴς
1447 1936 1514 2006 τῇ
1571 1930 1730 2005 μητρὶ
1762 1927 1938 1986 αῦτοῦ.

308 2017 513 2090 Ηγγισε
584 2021 652 2092 τῇ
700 2017 841 2093 πύλῃ
897 2023 996 2084 τῆς
1053 2016 1258 2081 πόλεως
1317 2021 1458 2074 Να³ιν
1517 2021 1544 2073 6
1593 2017 1813 2095 Χριστὸς
1856 2016 1943 2071 καί

290 2101 423 2163 Θεὸς
479 2103 656 2178 ἡμῶν,
705 2107 740 2173 ἡ
782 2105 922 2172 πύλη
965 2112 1062 2173 τῆς
1120 2112 1263 2177 ζωῆς
1322 2108 1408 2162 καὶ
1463 2107 1560 2172 τῆς
1636 2103 1938 2178 ἀθανασίας,

288 2190 377 2243 καὶ
409 2191 503 2244 τὸν
559 2194 745 2270 θρῆνον
803 2193 1070 2252 ἐκέλευσεν
1127 2197 1155 2251 ὀ
1208 2193 1485 2266 ζωπδότης
1550 2192 1936 2252 συστέλλεσθαι.

289 2274 585 2355 Ἐκράτησε
613 2281 711 2359 γὰρ
765 2286 863 2349 τὴν
918 2282 1101 2350 κλίνην
1170 2290 1262 2340 τοῦ
1330 2283 1641 2349 τεθνηκότος
1693 2281 1940 2348 ἀπαντή-

286 2385 382 2427 σας
430 2368 460 2421 6
522 2371 820 2445 Δεσπότης,
877 2374 965 2428 καὶ
1021 2378 1088 2448 τῇ
1147 2374 1307 2452 μητρὶ
1363 2373 1453 2428 τοῦ
1509 2370 1752 2445 κειμένου
1793 2373 1937 2431 εἷπε,

286 2453 376 2540 hii}
439 2453 620 2532 κλαῖε,
678 2459 723 2515 ὦ
781 2461 932 2535 γύναι
1002 2460 1138 2517 ἀλλὰ
1179 2460 1264 2525 δὸς
1321 2461 1553 2540 ἡσυχίαν
1608 2466 1685 2533 τῷ
1741 2457 1938 2518 πένθει.

289 2537 441 2620 Ἐγὼ
467 2544 566 2623 γάρ
596 2547 702 2621 εἰμι
731 2550 766 2616 ἡ
824 2549 1107 2612 ἀνάστασις
1163 2551 1251 2606 καὶ
1306 2551 1342 2616 ἡ
1398 2537 1534 2619 ζωή.
1594 2552 1795 2603 Παῦσαι
1829 2546 1940 2601 τοί-

2026 415 2218 490 Jesus,
2257 415 2668 478 misericordia
2699 426 2892 478 motus
2921 425 3011 479 est
3038 437 3218 498 super
3247 419 3406 481 illam
3441 427 3496 480 et
3527 420 3676 482 dixit

2029 505 2114 566 illi
2143 505 2308 565 :Noli
2330 507 2498 566 ﬂere.
2521 505 2590 566 Et
2638 507 2930 567 accedens
2963 507 3151 585 tetigit
3172 508 3454 581 loculum,
3484 516 3542 570 et
3571 510 3672 589 qui

2028 612 2160 654 eum
2185 593 2498 674 portabant
2518 600 2830 657 stetcrunt.
2859 594 3133 657 Etdixit:
3164 597 3674 671 Adolescens,tibi

2028 681 2182 756 dico,
2219 700 2395 758 surge
2443 692 2502 746 et
2521 683 2747 744 resedit
2778 683 2878 764 qui
2927 691 3052 744 erat
3111 692 3375 744 mortuus
3407 693 3463 746 et
3493 685 3672 766 ccepit

2028 769 2189 850 loqui
2220 777 2276 831 et
2306 771 2468 832 dedit
2498 771 2663 832 illum
2697 773 2868 832 matri
2899 790 3039 832 suae.
3081 796 3103 829 ι)
3143 771 3254 844 Qui
3284 791 3493 852 magna
3523 793 3670 854 ope-

2025 864 2189 918 ratur
2243 857 2401 918 Deus
2461 867 2517 919 et
2574 861 2859 921 Dominus
2918 867 3121 920 noster
3174 858 3349 921 Jesus
3405 861 3673 924 Christus

2025 945 2371 1006 miraculum
2388 965 2661 1026 magnum
2677 947 2876 1021 efﬁcit,
2893 947 3215 1010 etviviﬁcat
3232 949 3349 1009 vita
3363 957 3419 1010 et
3432 950 3675 1012 suscitat

2021 1034 2408 1109 resurrectio,
2445 1045 2504 1098 et
2537 1045 2836 1097 mortuum
2893 1036 3108 1097 excitat
3157 1038 3259 1117 qui
3289 1038 3674 1118 sepeliendus

2026 1121 2384 1183 efferebatur
2413 1131 2471 1184 et
2497 1123 2608 1185 hoc
2632 1123 2918 1186 miraculo
2939 1125 3111 1186 ﬁdem
3135 1134 3192 1186 et
3223 1127 3671 1205 persuasionem

2025 1210 2198 1271 nobis
2223 1210 2437 1290 ingerit
2461 1213 2796 1274 communis
2845 1232 3019 1293 quam
3067 1223 3441 1293 expectamus
3469 1234 3673 1277 resur-

2025 1299 2308 1360 rectionis
2341 1308 2396 1361 et
2429 1299 2780 1362 universalis
2801 1310 3163 1362 mortuorum
3186 1303 3672 1378 resurrectionis,

2027 1395 2085 1448 et
2106 1405 2269 1448 suam
2294 1388 2582 1451 viviﬁcam
2617 1390 2948 1451 etdivinam
2985 1392 3486 1452 resurrectionem
3513 1411 3673 1472 pree-

2028 1476 2307 1556 ostendit,
2340 1484 2396 1538 et
2415 1487 2672 1538 nostram
2698 1497 2804 1558 per
2825 1479 2983 1539 illam
3010 1479 3486 1559 redemptionem
3516 1489 3573 1541 et
3604 1480 3670 1541 li-

2028 1563 2315 1626 bertatem
2355 1574 2410 1624 et
2465 1565 2714 1626 salutem
2775 1575 2830 1628 et
2887 1567 3064 1630 vitam
3120 1576 3401 1630 aeternam
3461 1568 3672 1630 subin-

1964 1650 2204 1738 Bdicat.
2273 1653 2349 1715 Ut
2407 1653 2566 1714 enim
2626 1655 3156 1735 apprOpinquabat,
3213 1656 3426 1736 inquit,
3489 1665 3673 1736 portze

2026 1739 2295 1820 civitatis,
2331 1759 2471 1803 ecce
2502 1742 2588 1802 vir
2629 1744 2986 1805 efferebatur
3034 1751 3300 1805 mortuus
3330 1745 3674 1824 unigenitus

2025 1829 2226 1889 matris
2251 1847 2392 1892 suae.
2416 1831 2925 1911 Appropinquavit
2943 1840 3124 1912 portae
3137 1832 3385 1894 civitatis
3407 1833 3675 1896 Christus

2027 1923 2085 1977 et
2140 1919 2300 1979 Deus
2356 1929 2582 1992 noster,
2645 1927 2826 1999 portae
2878 1920 3008 1980 vitae
3065 1929 3123 1980 et
3181 1920 3664 2000 immortalitatis,

2025 2013 2081 2066 et
2111 2007 2570 2086 lamentajussit
2625 2008 2940 2088 comprimi
2996 2008 3127 2069 vitae
3176 2009 3369 2070 dator.
3405 2009 3673 2072 Retinuit

2025 2093 2183 2155 enim
2247 2095 2464 2155 mortui
2521 2095 2790 2158 lecticam
2849 2096 3168 2158 adveniens
3242 2096 3552 2179 Dominus,
3613 2107 3672 2161 et

2016 2182 2278 2262 jacentis
2311 2183 2485 2245 matri
2539 2185 2731 2262 dixit;
2792 2209 2815 2240 α
2875 2184 3008 2246 Noli
3063 2187 3230 2264 ﬂere,
3277 2185 3530 2261 mulier;
3563 2188 3673 2249 sed

2023 2269 2213 2331 dolori
2245 2271 2420 2333 ﬁnem
2453 2272 2867 2352 impone.‘Ego
2923 2273 3080 2335 enim
3137 2291 3267 2334 sum
3299 2276 3670 2338 resurrectio

2024 2367 2084 2420 et
2115 2358 2249 2420 vita.
2282 2359 2502 2421 Desine
2533 2361 2710 2439 igitur
2742 2361 3081 2435 lamentari,
3139 2369 3194 2422 et
3225 2381 3464 2440 gemere
3498 2372 3557 2424 et
3585 2363 3671 2426 la-

2025 2465 2252 2527 crymas
2285 2448 2449 2509 siste.
2484 2447 2749 2511 Solvetur
2779 2451 2940 2511 enim
3008 2457 3244 2511 tuarum
3273 2449 3664 2530 lacrymarum

2025 2553 2200 2596 causa
2227 2544 2286 2597 et
2341 2546 2724 2600 convertetur
2776 2538 2945 2599 dolor
2995 2547 3129 2600 tuus
3173 2539 3231 2599 in
3260 2539 3563 2616 gaudium.
3595 2539 3668 2600 Et

285 2652 372 2687 νυν
437 2634 543 2688 τῶν
594 2633 854 2714 ὀδυρμῶν,
899 2639 1092 2695 παῦσαι
1162 2646 1266 2696 τῶν
1320 2639 1546 2718 θρήνων,
1607 2638 1693 2692 καὶ
1741 2639 1935 2700 στῆσον

2025 2622 2310 2718 accedens
2340 2624 2534 2718 tetigit
2563 2626 2847 2718 loculum.
2909 2626 2979 2687 Et
3011 2634 3301 2688 steterunt
3331 2627 3664 2718 quiqporta-

286 2718 351 2772 τά
379 2716 581 2798 δάκρυα
615 2739 628 2752 ⁸
663 2710 941 2794 λυθήσεται
1004 2727 1104 2805 γάρ
1161 2748 1253 2783 σου
1307 2710 1412 2781 τέῦν
1470 2710 1704 2803 δακρύων
1732 2724 1767 2790 ἡ
1799 2721 1937 2799 πρό-

2025 2710 2185 2805 bant,
2217 2713 2523 2792 stupefacti
2554 2721 2611 2776 et
2663 2715 2818 2805 intra
2863 2733 2928 2775 se
2969 2723 3318 2805 quaerentes
3351 2714 3483 2794 quis
3505 2723 3665 2777 esset

288 2827 472 2885 φασις,
521 2812 609 2867 καὶ
665 2800 1120 2886 μεταϐληθήσεται
1175 2816 1236 2870 τὸ
1279 2813 1464 2877 πένθος
1509 2800 1602 2871 σου
1640 2814 1711 2875 εἰς
1741 2810 1937 2890 χαράν.

2025 2800 2123 2890 ille
2148 2807 2206 2861 et
2225 2820 2338 2881 qua
2361 2802 2435 2863 de
2460 2821 2635 2863 causa
2657 2803 2948 2880 tetigisset
2968 2803 3253 2864 loculum.
3280 2804 3425 2865 Cum
3471 2813 3667 2867 autem

295 2897 394 2952 Καὶ
453 2899 753 2977 προσελθὼν
802 2901 980 2978 ἥψατο
1043 2907 1146 2967 τῶς
1218 2909 1396 2982 σοροῦ,
1451 2902 1539 2958 καὶ
1623 2900 1848 2966 ἔστησαν
1895 2915 1938 2967 οἱ

2026 2887 2476 2982 circumstarent
2497 2892 2665 2982 valde
2695 2891 2951 2962 attoniti,
2979 2900 3036 2952 et
3054 2891 3196 2972 quid
3217 2891 3477 2982 futurum
3498 2901 3670 2982 esset

289 2954 642 3058 βαστάζλντες
721 2954 1137 3066 ἐκπλῖηττόμενοι
1222 2954 1310 3047 xui
1380 2954 1782 3067 ’διαποροῦντες
1855 2985 1938 3055 Τίς

2027 2977 2228 3038 videre
2251 2987 2556 3060 cuperent,
2588 2979 2881 3042 allocutus
2913 2987 3002 3042 est
3033 2954 3327 3041 mortuum
3373 2979 3666 3064 Christus,

289 3070 427 3128 ἐστιν
458 3076 636 3138 οὗτος.
695 3078 781 3132 καὶ
837 3078 921 3134 ἐπὶ
983 3082 1080 3135 τίνι
1130 3082 1314 3152 σκοπῴ
1367 3076 1544 3152 ἥψατο
1585 3081 1685 3142 τῆς
1731 3082 1936 3154 σοροῦς

292 3151 383 3224 Ὠς
428 3161 486 3218 δὲ
556 3165 922 3244 περιμένοντες
979 3167 1112 3234 ἦσαν
1195 3151 1328 3242 μετὰ
1399 3151 1655 3240 θάμϐους,
1713 3151 1935 3224 πολλοῦς

287 3251 373 3305 καὶ
427 3249 563 3307 ἰδεῖν
623 3252 956 3331 προσεδόκων
1039 3257 1100 3310 τὸ
1180 3253 1607 3330 συμϐησόμενον,
1695 3250 1936 3330 ἐφώνησε

288 3339 378 3395 τὸν
408 3341 594 3417 νεκρὸν
624 3343 652 3397 6
682 3345 926 3421 Χριστὸς,
978 3345 1065 3399 καὶ
1095 3343 1241 3399 sine“
1306 3344 1396 3398 Σοὶ
1452 3341 1616 3421 λέγω,
1677 3341 1937 3414 νεανίσκε,

289 3426 558 3506 ἐγέρθητι,
615 3431 703 3486 καὶ
758 3432 893 3488 οὕτω
963 3432 1108 3510 λόγῳ
1161 3433 1274 3487 καὶ’
1305 3432 1412 3510 ἁφῇ
1468 3432 1557 3486 τὸν
1629 3429 1809 3508 νεκρὸν
1853 3428 1940 3494 ἐξ·

290 3515 574 3593 ανέστησε,
637 3520 722 3574 καὶ
809 3519 983 3575 ἐλάλει
1060 3520 1282 3576 ἐνώπιον
1348 3520 1583 3581 πάντων.
1646 3518 1940 3592 Δυνάμενος

289 3599 342 3657 δὲ
382 3603 536 3683 λόγῳ
587 3607 733 3681 μόνῳ
787 3613 1006 3675 ποιῆσαι
1062 3610 1124 3665 τὸ
1193 3612 1366 3684 θαῦμα
1407 3611 1435 3664 6
1506 3609 1747 3686 Χριστὸς,
1793 3604 1940 3680 ὅμως

288 3689 515 3749 ἅπτεται
552 3700 651 3762 τῆς
711 3695 894 3762 κλίνης
955 3695 1078 3776 (12)
1139 3694 1222 3753 διὰ
1276 3699 1358 3772 τὸ,
1419 3695 1509 3751 ἵνα
1540 3697 1811 3771 μάθωμεν,
1857 3693 1938 3749 ὅτι

287 3781 348 3835 16
378 3785 540 3858 σῶμα
571 3790 794 3863 Χριστοῦ
848 3792 941 3841 τοῦ
996 3793 1127 3841 Θεοῦ
1184 3787 1360 3860 ἡμῶν,
1419 3784 1574 3858 σῶμά
1634 3782 1742 3837 ἐστι
1798 3781 1938 3852 ζωῆς

291 3872 377 3926 καὶ
406 3871 688 3936 ἀθανασίας
722 3889 736 3902 ⁶
771 3875 860 3930 καὶ
907 3874 988 3929 ὅτι
1045 3874 1197 3938 αῦτὸς
1246 3873 1385 3928 ἐστιν
1443 3874 1470 3928 6
1500 3872 1774 3950 καταρχὰς
1802 3891 1937 3950 χερ-

292 3959 370 4012 σὶν
400 3959 688 4040 ἀχράντοις
715 3963 843 4040 (13)
889 3965 1202 4040 θεουργικῶς
1269 3960 1560 4022 διαπλάσας
1590 3961 1678 4016 τὸν
1735 3956 1938 4037 ἄνθρω-

293 4067 414 4118 πον,
473 4051 564 4105 καὶ
631 4057 708 4124 τῷ
754 4054 895 4124 θειῳ,
929 4053 1016 4107 καὶ
1075 4057 1236 4130 νοερῷ
1291 4050 1626 4129 ἐμφυσήματι
1681 4047 1938 4126 ψυχώσας

292 4135 376 4190 ταὶ
406 4137 628 4207 ζωώσας
659 4139 812 4197 αὐτόν
847 4157 860 4171 ·
922 4142 1008 4195 καὶ
1064 4137 1145 4194 ὅτι
1201 4139 1356 4202 αῦτὸς
1414 4136 1570 4194 πάλιν
1616 4137 1826 4215 ὕστερον
1858 4132 1940 4190 διὰ

2027 3073 2084 3126 et
2103 3065 2219 3128 ait:
2248 3066 2420 3127 «Tibi
2439 3067 2598 3148 dico,
2623 3069 2993 3142 adolescens,
3018 3086 3218 3146 surge,
3253 3092 3276 3123 υ
3307 3076 3365 3128 et
3389 3071 3467 3130 ita
3489 3071 3666 3132 verbo

2023 3162 2082 3217 et
2125 3155 2399 3218 manibus
2458 3166 2755 3220 mortuum
2800 3157 3126 3238 suscitavit,
3191 3165 3248 3218 et
3305 3159 3664 3237 loquebatur

2022 3261 2219 3305 coram
2247 3245 2546 3310 omnibus.
2608 3249 2751 3308 Cum
2810 3255 3006 3308 autem
3048 3253 3250 3328 posset
3310 3247 3488 3308 verbo
3541 3249 3667 3310 solo

2022 3333 2374 3396 miraculum
2396 3334 2661 3398 Christus
2684 3337 2946 3411 efﬁcere,
2974 3335 3158 3414 tangit
3183 3343 3376 3395 tamen
3396 3336 3665 3398 lecticam

2022 3429 2086 3482 ut
2113 3421 2408 3484 discamus
2437 3422 2652 3486 Christi
2675 3425 2783 3487 Dei
2816 3425 3000 3486 nostri
3057 3442 3272 3503 corpus
3297 3441 3514 3502 corpus
3535 3443 3667 3487 esse

2024 3509 2156 3571 vitae
2198 3518 2256 3570 et
2282 3510 2774 3588 immortalitatis;
2809 3522 2867 3575 et
2907 3513 3102 3592 ipsum
3135 3530 3266 3571 esse
3296 3511 3406 3591 qui,
3439 3511 3511 3572 ab
3544 3511 3662 3573 ini-

2023 3597 2103 3657 tio
2137 3597 2461 3677 impollutis
2493 3601 2764 3661 manibus
2794 3601 2990 3661 divina
3021 3608 3147 3660 arte
3201 3598 3502 3661 hominem
3535 3600 3661 3661 for-

2023 3684 2223 3759 mavit,
2257 3693 2314 3746 et
2344 3685 2540 3748 divino
2566 3687 3021 3751 etintellectuali
3041 3687 3251 3766 spiritu
3279 3706 3412 3747 eum
3433 3687 3666 3750 anima-

2020 3776 2100 3836 vit
2129 3783 2184 3837 et
2214 3776 2544 3860 viviﬁcavit,
2568 3788 2742 3861 atque
2781 3781 2974 3861 ipsum
3008 3779 3294 3858 deinceps
3323 3797 3430 3858 per
3461 3779 3664 3841 tubam

2023 3865 2340 3926 humanam
2367 3875 2632 3929 naturam
2663 3871 3082 3931 suscitaturum
3132 3885 3288 3946 esse,
3322 3874 3380 3927 et
3423 3868 3664 3928 unicui-

2021 3971 2135 4032 que
2171 3953 2342 4030 juxla
2367 3973 2545 4035 opera
2574 3975 2678 4017 sua
2703 3957 3097 4018 redditurum.
3149 3953 3337 4017 Judex
3387 3955 3544 4015 enim
3578 3965 3664 4017 est

2019 4041 2278 4101 vivorum
2313 4053 2371 4104 et
2401 4053 2793 4126 mortuorum,
2817 4052 2876 4104 et
2902 4044 3027 4124 ipse
3059 4051 3148 4104 est
3177 4043 3267 4103 via
3307 4051 3364 4102 et
3407 4045 3618 4104 veritas
3645 4063 3661 4120 ;

2023 4147 2216 4210 neque
2238 4130 2492 4208 egebunt
2520 4142 2753 4194 rectore
2783 4133 2882 4213 qui
2928 4150 3064 4193 eum
3096 4138 3442 4210 sequentur.
3467 4131 3530 4192 Si
3553 4150 3661 4192 au-

294 4223 587 4304 σάλπιγγος
641 4230 740 4294 τὴν
796 4229 1121 4307 ἀνθρωπίνην
1193 4229 1340 4307 φύσιν
1411 4225 1594 4302 μέλλει
1641 4225 1936 4290 ἀναστῆσαι

2025 4226 2142 4278 tem
2175 4225 2262 4277 est
2292 4220 2528 4309 veritas,
2553 4221 2698 4282 nihil
2731 4222 2950 4309 habent
2971 4219 3256 4309 falsiquaa
3311 4218 3383 4279 ab
3409 4238 3478 4280 eo
3509 4219 3667 4281 dicta

291 4314 377 4368 καὶ
428 4315 633 4394 ἐγεῖραι
695 4318 782 4372 καὶ
863 4315 1143 4376 ἀποδοῦναι
1223 4317 1428 4388 ἑκάστῳ
1484 4317 1618 4372 κατὰ
1674 4314 1741 4370 τὰ
1812 4311 1936 4390 ἔργα

294 4405 470 4462 αῦτοῦ.
521 4405 715 4481 Κριτής
775 4405 874 4483 γάρ
968 4405 1076 4461 ἐστι
1132 4406 1342 4476 ζώντων
1428 4405 1514 4460 καὶ
1571 4409 1789 4482 νεκρῶν,
1850 4403 1935 4456 καὶ

295 4491 448 4555 αῦτὸς
505 4493 646 4549 ἐστιν
700 4496 734 4560 ἡ
785 4493 902 4557 ὁδὸς
961 4496 1049 4552 καὶ
1097 4496 1133 4559 ἡ
1191 4492 1431 4566 ἀλήθεια,
1493 4494 1549 4548 εὖ
1591 4491 1935 4560 δεηθήσονται

294 4587 385 4636 τοῦ
438 4591 897 4659 χειραγωγοῦντος
951 4583 998 4638 oi
1077 4581 1476 4644 ἀκολουθοῦντες
1529 4581 1694 4653 αὐτῷ,
1767 4578 1826 4635 Ei
1883 4573 1937 4630 δὲ

295 4668 382 4721 καὶ
410 4667 649 4744 ἀλήθεια,
700 4673 758 4727 οῦ
814 4668 1024 4749 ψεῦδος,
1080 4671 1144 4727 τὰ
1200 4669 1482 4747 λεγόμενα,
1555 4669 1642 4723 καὶ
1687 4665 1936 4744 μακάριοι

299 4755 343 4806 oi
372 4763 524 4814 10610
579 4760 910 4823 πιστεύοντες
972 4778 986 4791 ·
1041 4759 1084 4813 εἶ
1139 4757 1193 4813 δὲ
1247 4759 1334 4814 καὶ
1389 4758 1523 4831 ζωὴ,
1583 4754 1679 4812 κᾶν
1730 4753 1934 4809 ἀποθᾶ-

300 4863 448 4916 νωσι,
505 4849 751 4918 ζήσονται
808 4851 855 4904 οἱ
931 4846 1256 4924 πληροῦντες
1280 4847 1373 4910 τὰς
1433 4845 1602 4924 ἀγίας,
1633 4843 1789 4898 αὐτοῦ
1849 4841 1938 4896 ἐν-

299 4929 477 5008 τολὰς,
527 4938 698 5000 καθὼς
754 4935 912 4992 πάλιν
969 4923 1211 5013 ἀλλαχοῦ
1279 4933 1421 5012 λέγει
1458 4949 1472 4963 ⁸
1525 4955 1552 4988 α
1591 4923 1648 4989 (Ο
1679 4929 1937 4987 πιστεύων

301 5019 370 5082 εἷς
428 5021 544 5097 ἐμὲ,
603 5025 698 5082 κᾶν
744 5024 1005 5098 ἀποθάνῃ,
1066 5024 1304 5092 ζήσεται.
1364 5023 1484 5096 Καὶ,
1543 5021 1631 5080 ἐάν
1702 5040 1782 5080 τις
1849 5019 1939 5072 τὸν

297 5104 423 5179 ἐμὸν
477 5109 636 5190 λόγον
714 5112 952 5189 τηρήσῃ,
1029 5111 1248 5166 θάνατον
1327 5114 1386 5169 οὗ
1444 5112 1521 5186 μὴ
1576 5110 1820 5186 θεωρήσῃ
1869 5106 1941 5168 εἰς

383 5283 502 5370 (10)
536 5308 566 5348 ‹
603 5279 659 5346 '0
705 5285 928 5370 Ἰησοῦς.
965 5306 994 5348 ›
1029 5285 1202 5370 Apud
1233 5288 1446 5350 Lucam
1496 5291 1524 5346 ὁ
1568 5289 1776 5367 Κύριος.
1807 5283 1938 5348 Mox

301 5361 403 5443 ἐπί
425 5361 583 5443 αῦτῇ,
617 5373 678 5429 et
707 5368 1029 5430 ἀνεκάθισεν.

382 5442 510 5527 (Η)
539 5442 572 5501 να
619 5449 752 5525 Πρὸς
795 5448 988 5527 τειξρήν.
1029 5468 1060 5505 n
1096 5447 1280 5510 Paulo
1311 5455 1470 5522 ante,
1506 5449 1634 5527 πρὸς
1675 5445 1860 5527 τάφον.

382 5524 427 5594 (1
441 5522 540 5602 2)«
553 5528 647 5583 Διά
658 5522 740 5588 τὸ.
771 5545 798 5587 ι
824 5522 962 5591 Haec
981 5527 1192 5590 abesse
1211 5533 1503 5612 poterant.
1519 5522 1789 5590 Fortasse
1801 5522 1919 5587 scri
1933 5555 1949 5568 -

2019 4312 2176 4381 sunt,
2225 4314 2283 4367 et
2311 4306 2464 4368 beati
2509 4309 2609 4389 qui
2641 4310 2700 4370 id
2731 4308 3028 4386 credunt;
3064 4307 3114 4368 si
3145 4325 3280 4367 vero
3315 4313 3403 4367 est
3450 4315 3506 4368 et
3527 4309 3666 4383 vita,

2019 4395 2251 4456 etiamsi
2296 4399 2510 4459 mortui
2567 4399 2807 4475 fuerint,
2871 4397 3086 4468 vivent,
3151 4396 3250 4476 qui
3307 4403 3509 4458 sancta
3537 4398 3666 4477 ejus

2021 4483 2295 4545 mandata
2323 4487 2650 4568 adimplent
2673 4508 2688 4560 ;
2713 4485 3214 4568 quemadmodum
3238 4492 3296 4545 et
3316 4483 3457 4544 alibi
3477 4485 3622 4547 dicit
3647 4503 3660 4548 :

2024 4595 2050 4625 ι
2086 4570 2198 4642 Qui
2225 4574 2414 4635 credit
2443 4575 2503 4635 in
2531 4595 2646 4656 me,
2683 4576 2856 4637 etiam
2891 4575 2941 4634 si
2972 4585 3243 4634 mortuus
3266 4573 3464 4647 fuerit,
3489 4573 3661 4648 vivet,

2021 4659 2080 4722 Si
2110 4660 2241 4740 quis
2271 4680 2610 4725 sermonem
2644 4684 2845 4725 meum
2891 4660 3236 4741 servaverit,
3259 4669 3505 4721 mortem
3546 4680 3665 4722 non

1991 4748 2241 4809 'videbit
2263 4750 2322 4810 in
2341 4761 2656 4816 aeternum.
2687 4773 2716 4811 )
2739 4751 3057 4832 Accipiunt
3075 4749 3314 4829 quidem
3340 4747 3401 4808 in
3423 4748 3666 4810 auribus

2021 4835 2129 4898 Dei
2159 4837 2403 4899 verbum
2436 4848 2494 4901 et
2523 4840 2823 4903 daemones
2841 4853 2899 4902 et
2931 4837 3204 4900 homines
3231 4833 3487 4915 improbi
3517 4854 3533 4912 ;
3559 4836 3665 4900 sed

2025 4945 2141 4986 non
2165 4925 2224 4986 in
2246 4927 2451 4990 auditu
2472 4937 2694 4990 tantum
2717 4930 2828 4991 levi
2850 4926 3054 4990 salutis
3085 4931 3303 4985 nostra;
3319 4941 3515 4984 sermo
3550 4932 3660 5002 est,

2025 5031 2221 5093 neque
2242 5015 2302 5075 in
2327 5016 2598 5080 doctrina
2619 5026 2844 5080 tantum
2869 5015 2985 5076 vita
3003 5020 3112 5086 est,
3141 5011 3246 5073 sed
3268 5019 3327 5072 et
3348 5011 3408 5070 in
3439 5011 3669 5074 audito-

2023 5121 2154 5164 rum
2185 5103 2594 5168 observatione
2623 5114 2680 5168 et
2709 5103 3153 5186 adimpletione.
3212 5101 3456 5160 Mortem
3488 5099 3668 5178 igitur

2020 5288 2222 5364 pserat
2249 5281 2613 5364 Xiphilinus,
2645 5282 2964 5364 8ta1i;~‘ivat.

2107 5360 2236 5442 (t3)
2268 5386 2299 5442 ᾳ
2330 5355 2682 5442 ὸεουργικῶς.
2722 5385 2746 5419 ι
2802 5355 3037 5425 Divina
3088 5368 3238 5426 arte.
3295 5355 3662 5420 Vocabulum

2027 5441 2224 5503 minus
2253 5441 2554 5522 frequens.
