4008 6114
440 168 597 234 1207
1549 179 1606 241 J.
1650 179 2040 243 XIPHILINI
2083 181 2197 243 CP.
2246 181 2709 246 PARIARCHE
3654 175 3798 241 {208

437 319 561 363 non
591 302 814 367 videbit
841 304 905 367 in
934 313 1224 369 aternnm
1255 307 1358 387 qui
1398 307 1659 370 ﬁrmiter
1693 308 1896 372 divina
1926 328 2084 395 pra-

2175 311 2256 365 νὸν
2288 312 2473 368 αἰῶνα.
2500 332 2524 366 ο
2566 311 2823 391 Δέχονται
2877 315 2975 387 μὲν
3025 316 3096 376 εἰς
3152 315 3262 370 ὦτα
3307 315 3396 368 τὸν
3441 322 3532 370 τοῦ
3562 319 3692 368 Θεοῦ
3716 308 3799 363 λό-

438 398 610 480 cepta
635 398 694 453 et
713 396 993 456 mandata
1013 395 1231 458 Christi
1256 396 1511 459 custodit
1570 396 1707 459 Haec
1729 409 1924 461 autem
1950 399 2090 462 dicit

2178 421 2272 476 γον
2302 400 2388 454 καὶ
2444 396 2686 474 δαίμονες
2743 402 2829 457 καὶ
2883 398 3142 478 ἄνθρωποι
3198 400 3411 480 τραῦλοι,
3472 398 3588 454 ἀλλ’
3646 399 3734 454 οῦκ
3759 398 3802 451 ἐν

438 478 756 562 Dominus,
789 500 910 543 non
962 483 1206 545 omnino
1251 484 1419 546 carni
1485 493 1737 549 mortem
1792 488 2086 565 auferens,

2176 486 2425 566 ἀκροάσει
2457 489 2618 562 μόνον
2672 488 2805 567 ψιλῃ
2863 494 2962 556 τῆς
3022 478 3283 568 σωτηρίας
3341 492 3368 545 6
3411 487 3595 566 λόγος,
3626 484 3734 544 035%.
3760 485 3803 540 ἐν

439 569 548 658 sed
570 578 824 632 mortem
859 589 979 633 non
1030 572 1157 652 jam
1212 581 1466 636 mortem
1498 592 1631 636 esse
1677 585 1984 655 reputans,
2034 585 2090 639 ut

2177 578 2325 652 μόνῳ
2374 583 2453 651 τῷ
2506 581 2698 652 μαθεῖν
2753 581 2789 646 ἡ
2845 579 2981 658 ζωή,
3053 576 3171 633 ἀλλ’
3228 578 3282 635 ἐν
3336 578 3414 653 τῷ
3469 577 3696 655 τηρῆσαι
3730 576 3803 629 καὶ

442 656 623 722 Deus.
640 660 852 740 Neque
875 660 1035 723 enim
1058 668 1285 723 tantum
1316 663 1440 724 Deo
1470 662 1644 724 facile
1674 672 1763 725 est
1793 674 2090 727 mortuum

2176 666 2453 747 πληρῶσαι
2510 670 2572 724 τὸ
2627 668 2900 730 ἀκουσθέν.
2960 656 3194 725 Θάνατον
3246 670 3414 724 τοίνυν
3469 670 3531 723 ὠ
3579 668 3656 741 μη
3682 669 3803 720 θεω-

438 753 500 810 οι
525 756 899 837 corruptum,
945 750 1451 830 quemadmodum
1506 752 1744 828 accidit,
1769 753 2089 830 viviﬁcare,

2175 757 2320 833 ρήση
2392 758 2464 818 εἷς
2517 759 2608 814 τὸν
2664 757 2831 813 αἶῶνα
2899 760 2929 813 6
3010 755 3222 833 βέϐαιος
3300 755 3464 837 φύλαξ
3521 756 3629 812 τῶν
3673 756 3803 810 θείων

437 834 545 897 sed
569 836 747 897 etiam
791 838 948 917 quod
973 857 1090 900 non
1108 838 1275 901 estin
1296 840 1743 916 generationem
1769 842 2087 904 adducere.

439 922 511 986 Et
549 923 685 986 ideo
716 925 956 1005 quidem
988 925 1168 988 dicit:
1207 951 1235 983 α
1287 927 1673 1003 Adolescens,
1737 929 1843 990 tibi
1875 931 2005 992 dico
2037 938 2096 992 et

439 1012 671 1094 impero
697 1032 897 1093 surge.
926 1038 949 1073 ι)
977 1014 1113 1076 Tibi
1131 1026 1364 1077 mortuo
1384 1015 1519 1077 dico
1545 1034 1695 1091 ;non
1718 1018 1964 1080 alteram
1987 1037 2094 1099 pro

440 1101 633 1164 altera
658 1101 879 1165 induco
902 1103 998 1167 vel
1022 1103 1251 1185 inspiro
1300 1102 1602 1180 animam;
1658 1106 1928 1168 eamdem
1954 1126 2094 1169 vero

434 1189 621 1270 jubeo
650 1209 787 1252 mea
813 1192 1030 1253 virtute
1078 1200 1137 1253 et
1163 1198 1453 1273 potestate
1493 1193 1751 1272 regredi.
1777 1192 2093 1257 Viviﬁcare

445 1286 505 1341 et
533 1278 773 1357 evigila,
789 1280 970 1359 jussit
989 1279 1280 1342 Dominus
1308 1288 1364 1341 et
1381 1298 1589 1342 servus
1608 1280 1834 1343 obediit
1857 1284 2092 1346 Domini

438 1368 739 1448 mandato,
775 1375 835 1429 et
855 1368 1153 1432 animatus
1176 1378 1236 1431 et
1258 1376 1479 1430 motum
1500 1370 1805 1451 accipiens
1836 1373 2084 1449 resedit,

439 1462 498 1517 et
525 1456 702 1536 cmpit
732 1456 893 1537 loqui
925 1475 1129 1519 coram
1160 1456 1324 1519 omni
1355 1459 1596 1537 populo,
1627 1477 1702 1520 ne
1723 1460 1857 1540 quis
1886 1462 2086 1541 suspi-

2176 842 2399 900 ἐντολῶν
2469 846 2558 901 καὶ
2645 846 3069 924 προσταγμάτων
3139 853 3229 901 τοῦ
3329 852 3583 916 Χριστοῦ,
3653 847 3803 899 Ταῦτα

2176 929 2230 987 δὲ
2272 930 2413 1009 λέγει
2458 934 2485 988 6
2538 932 2747 1010 Κύριος,
2807 934 2931 1013 οὒχὶ
2986 934 3195 997 πάντως
3252 934 3478 1011 ἀναιρῶν
3537 934 3602 987 τὸ
3637 930 3800 986 τεθνά-

2177 1041 2259 1075 ναι
2330 1021 2503 1098 σαρκὶ,
2577 1019 2713 1076 ἀλλὰ
2768 1022 2859 1077 τὸν
2932 1023 3173 1092 θάλατον,
3237 1022 3460 1078 θάνατον
3545 1021 3687 1076 εἶναι
3738 1018 3801 1090 μὴ

2175 1106 2540 1186 λογιζόμενος,
2592 1110 2667 1171 ὡς
2724 1109 2853 1173 Θεός
2907 1108 3056 1188 (14)⁶
3132 1107 3247 1168 οὐδὲ
3303 1110 3381 1183 τῷ
3436 1115 3558 1182 Θεῷ
3613 1108 3674 1163 τὸ
3728 1126 3797 1159 νε-

2174 1197 2323 1273 κρὸν,
2380 1196 2508 1252 καθὸ
2578 1195 2832 1276 πέφυκεν,
2889 1195 3025 1255 ἀλλά
3053 1200 3144 1255 καὶ
3194 1199 3255 1253 τὸ
3295 1199 3371 1272 μή
3421 1196 3481 1251 ὃν
3556 1195 3700 1272 ἄγειν
3744 1195 3801 1253 εξ

2173 1282 2401 1361 γένεσιν,
2480 1284 2567 1339 καὶ
2614 1286 2675 1340 τὸ
2727 1285 3152 1364 κατεφθαρμένον
3227 1282 3455 1347 εὒκόλως
3510 1291 3800 1354 ζωοποιεῖν.

2176 1372 2275 1426 Διὰ
2330 1372 2429 1449 γὰρ
2486 1377 2642 1429 τοῦτο
2717 1374 2804 1427 καὶ
2892 1371 3060 1450 λέγει,
3144 1372 3417 1451 Νεανίσκε,
3505 1373 3593 1427 σοὶ
3660 1369 3801 1445 λέγω,

2172 1460 2262 1514 καὶ
2329 1460 2412 1516 σοὶ
2485 1460 2821 1539 προστάσσω,
2908 1459 3170 1539 ἐγέρθητι.
3257 1462 3371 1534 Σοὶ,
3450 1461 3533 1533 τῷ
3583 1463 3805 1514 τεθνεῶτι

441 1551 679 1605 caretur
708 1543 929 1605 malum
980 1544 1252 1625 spiritum
1311 1544 1648 1626 ingressum
1696 1549 1825 1626 ejus
1875 1568 2089 1629 corpus

2175 1546 2315 1625 λέγω
2348 1562 2360 1576 ’
2411 1552 2515 1627 οὐχ
2543 1547 2724 1627 ἐτέρατ
2754 1549 2864 1605 ἀνθ’
2909 1549 3086 1626 ἐτέρας
3119 1550 3315 1626 εἰσάγω
3372 1548 3408 1615 ἢ
3464 1547 3687 1622 ἐμπνέω
3716 1551 3805 1619 ψυ-

441 1634 715 1713 movisse,
747 1639 808 1694 et
848 1650 956 1713 per
983 1632 1399 1713 deceptionem
1429 1644 1489 1696 et
1536 1634 1740 1696 dolum
1768 1654 1894 1698 rem
1926 1638 2088 1699 acci-

441 1719 626 1783 disse.
652 1719 1025 1801 Quapmpter
1040 1720 1267 1784 resedit
1282 1728 1551 1783 mortuus
1568 1731 1625 1783 et
1650 1723 2003 1804 loquebatur
2029 1736 2093 1789 ut

443 1807 523 1871 de
553 1809 856 1871 communi
894 1816 954 1870 et
1001 1808 1324 1871 universali
1381 1818 1750 1873 mortuorum
1811 1830 2089 1877 resurre-

443 1897 706 1960 ctionem
730 1896 1172 1960 ﬁdemfaceret.
1197 1895 1334 1958 Haec
1356 1899 1516 1958 enim
1546 1898 1714 1976 signa
1737 1909 1905 1961 erant
1922 1902 2092 1964 ﬁrma

443 1992 673 2050 ctcerta
684 1985 1165 2049 resurrectionis.
1179 1986 1412 2065 Corpus
1430 1985 1590 2046 enim
1608 2005 1726 2048 non
1740 1988 2087 2066 animatum,

439 2092 637 2156 neque
665 2073 878 2137 sedere
909 2091 1102 2154 neque
1131 2072 1295 2154 loqui
1325 2091 1533 2135 revera
1563 2083 1775 2154 potest.
1808 2075 1980 2139 Unde
2036 2086 2095 2140 et

440 2163 607 2227 dedit
631 2161 799 2224 illum
833 2162 1008 2222 matri
1036 2179 1159 2223 sua
1185 2163 1257 2223 ad
1311 2161 1599 2241 majorem
1630 2164 1825 2226 adhuc
1854 2184 2095 2246 persua-

443 2253 675 2315 sionem
699 2257 759 2313 et
787 2250 992 2313 fidem.

2174 1645 2283 1714 χὴν
2335 1634 2482 1713 (15),
2555 1636 2718 1703 αὐτὴν
2790 1636 3152 1711 ἀνακαλοῦμαι
3210 1635 3537 1699 δεσποτικῶς
3598 1642 3668 1711 τῇ
3722 1634 3808 1706 ἐμῆ,

2173 1720 2387 1797 δυνάμει
2441 1724 2790 1802 ὑποστρέψαι.
2864 1725 3111 1792 Ζωώθητι
3189 1726 3277 1781 καὶ
3369 1725 3641 1801 ἐγέρθητι,
3701 1723 3806 1778 ἐκέ-

2174 1809 2354 1869 λευσεν
2385 1814 2413 1867 6
2475 1814 2775 1892 Δεσπότης,
2832 1814 2920 1869 καί
2983 1817 3011 1870 6
3070 1811 3248 1876 δοῦλος
3304 1814 3575 1881 ὑπήκουσε
3635 1819 3710 1885 τῷ
3734 1817 3809 1865 τοῦ

2179 1901 2448 1958 Δεσπότου
2502 1904 2890 1981 προστάγματι,
2944 1905 3030 1958 καὶ
3089 1905 3377 1982 ψυχωθεὶς,
3445 1904 3537 1959 καὶ
3595 1903 3809 1968 κινηθεὶς

2173 1988 2470 2069 ἀνεκάθισε,
2528 1991 2615 2046 καὶ
2682 1989 2873 2068 ἤρξατο
2942 1989 3127 2047 λαλεῖν
3196 1991 3420 2047 ἐνώπιον
3475 1993 3683 2053 παντὸς
3734 1996 3812 2044 τοῦ

2173 2076 2324 2151 λαοῦ,
2356 2075 2448 2132 ἵνα
2480 2080 2557 2153 μή
2581 2100 2659 2141 τις
2689 2077 2953 2156 ὑπολάϐῃ,
3009 2077 3089 2135 ὅτι
3144 2086 3351 2154 πνεῦμα
3404 2078 3533 2158 (16)
3568 2079 3809 2158 πονηρίας

2171 2163 2478 2222 ὑπεισελθὸν
2525 2169 2584 2223 τὸ
2653 2172 2808 2242 σῶμα
2876 2168 3107 2243 ἐκίνησε,
3177 2170 3266 2224 καὶ
3344 2169 3480 2226 κατά
3534 2170 3811 2248 φαντασίαν

2171 2252 2357 2311 λοιπὸν
2400 2256 2487 2310 καὶ
2517 2255 2727 2322 ἀπάτην
2780 2258 2841 2311 τὸ
2900 2263 3118 2335 πρᾶγμα
3186 2257 3490 2335 γεγένηται.
3533 2259 3636 2312 Διά
3673 2266 3811 2315 τοῦτο

440 2345 528 2399 καὶ
569 2341 872 2398 ἀνεκάθισεν
902 2342 931 2396 6
960 2341 1140 2417 νεκρὸς
1182 2340 1270 2396 καὶ
1312 2338 1488 2401 ἐλάλει
1516 2342 1647 2426 πρὸς
1678 2340 2036 2424 πληροφορίαν
2063 2345 2162 2410 τῆς
2190 2347 2376 2409 κοινῆς
2419 2344 2506 2398 καὶ
2535 2343 2815 2412 καθολικῆς
2848 2344 3100 2423 ἐγέρσεως
3129 2352 3234 2401 τῶν
3265 2346 3487 2423 νεκρῶν.
3515 2352 3695 2403 Ταῦτα
3721 2345 3811 2421 γὰρ

441 2444 648 2508 σημεῖα
675 2434 772 2497 τῆς
803 2430 1141 2493 ἀναστάσεως
1173 2427 1357 2505 βέϐαια
1385 2431 1473 2485 καὶ
1501 2430 1715 2510 ἀσφαλῇ
1748 2450 1765 2467 ⁶
1812 2439 1967 2508 σῶμα
1995 2433 2094 2511 γὰρ
2125 2429 2360 2511 ἄψυχον,
2392 2429 2506 2489 οὔτε
2535 2430 2711 2511 λέγειν
2741 2430 2952 2489 δύναται
2984 2440 3050 2510 τῇ
3080 2432 3296 2504 ἀληθείᾳ
3325 2449 3338 2461 ·
3373 2432 3490 2489 ὅθεν
3521 2434 3613 2489 καὶ
3632 2430 3811 2488 ἔδωκεν

447 2521 604 2581 αὐτὸν
630 2525 700 2595 τῇ
745 2519 905 2597 μητρὶ
952 2522 1110 2577 αῦτοῦ
1138 2519 1268 2597 πρὸς
1298 2517 1513 2574 πλείονα
1544 2518 1904 2600 πληροφορίαν
1932 2523 2019 2577 καὶ
2048 2522 2324 2583 πίστωσιν,

524 2610 843 2687 Postquam
902 2603 1063 2666 enim
1123 2604 1475 2667 miraculum
1535 2604 1682 2667 illud
1753 2608 1978 2684 grande
2031 2608 2092 2669 in

2259 2604 2476 2674 Ἐπειδὴ
2527 2606 2581 2662 δὲ
2623 2610 2684 2664 τὸ
2737 2607 3023 2688 παράδοξον
3094 2618 3186 2667 τοῦ
3242 2609 3477 2688 μέγαλου
3555 2610 3806 2683 θαύματος

441 2698 715 2760 timorem
734 2701 793 2756 et
819 2699 1126 2773 stuporem
1153 2711 1362 2755 omnes
1410 2693 1518 2774 qui
1552 2694 1801 2755 aderant
1822 2696 2087 2771 adduxit,

2175 2696 2359 2753 τούτου
2416 2697 2491 2758 εἷς
2532 2693 2693 2775 φόϐον
2763 2699 2849 2753 καὶ
2911 2696 3236 2764 κατάπληξιν
3284 2700 3404 2761 τοὺς
3467 2699 3589 2754 τότε
3633 2697 3807 2774 παρόν-

443 2781 1120 2867 gloriﬁcaveruntDeum
1133 2780 1406 2843 dicentes
1428 2802 1442 2839 :
1493 2804 1518 2838 ιι
1540 2782 1836 2862 Propheta
1847 2802 2090 2863 magnus

2175 2805 2265 2847 τας
2322 2782 2525 2861 ἤγαγεν
2583 2782 2842 2859 ἅπαντας,
2915 2788 3004 2843 καὶ

441 2872 699 2938 surrexit
721 2870 781 2932 in
793 2869 993 2947 nobis,
1018 2869 1344 2932 etvisitavit
1364 2868 1524 2930 Deus
1546 2870 1830 2950 populum
1853 2891 2086 2934 suum.»

440 2960 724 3027 Nondum
754 2958 914 3020 enim
963 2957 1232 3019 notitiam
1288 2956 1587 3019 habebant
1635 2958 1710 3020 de
1763 2960 2000 3022 Christo
2029 2969 2094 3023 ut

443 3053 570 3115 Deo
590 3048 920 3112 Salvatore.
944 3036 1226 3109 Attamen
1246 3064 1366 3108 non
1390 3064 1633 3125 parvum
1662 3056 2090 3128 erat,magnum

444 3138 795 3221 prophetam
827 3142 886 3197 et
914 3133 1144 3196 caeteris
1175 3133 1482 3214 prophetis
1507 3141 1568 3195 et
1589 3133 1719 3214 ipso
1752 3134 2093 3213 legislature

440 3228 644 3307 Moyse
674 3225 966 3305 majorem
994 3221 1247 3285 credere
1291 3222 1632 3298 Dominum,
1668 3230 1726 3283 et
1749 3225 1972 3286 sensim
2002 3227 2095 3288 via

444 3312 841 3398 procedentes
861 3318 921 3374 et
950 3310 1336 3373 excelsiorem
1367 3310 1582 3373 adduci
1612 3313 1995 3389 sententiam,
2035 3322 2096 3377 et

442 3407 636 3469 Deum
668 3420 799 3465 esse
811 3418 1015 3463 verum
1047 3400 1320 3463 credere.
1345 3399 1419 3461 Et
1438 3399 1583 3462 exiit
1614 3400 1770 3461 fama
1790 3402 1966 3483 hujus
1988 3403 2096 3464 mi-

440 3493 631 3557 raculi
659 3492 721 3555 in
770 3490 1106 3553 universam
1129 3487 1391 3552 Iudaeam
1422 3496 1484 3552 et
1530 3489 1592 3550 in
1621 3504 1861 3553 omnem
1892 3492 2092 3572 regio-

446 3600 586 3645 nem
617 3579 895 3642 vicinam.
927 3576 1068 3640 Ideo
1100 3576 1260 3639 enim
1292 3577 1511 3639 multos
1542 3583 1722 3639 testes
1778 3578 1955 3659 hujus
2006 3577 2095 3643 rei

445 3669 739 3746 adhibuit,
785 3686 863 3730 ne
890 3666 1075 3729 invidi
1100 3664 1292 3729 Judaei
1339 3665 1691 3729 calumniari
1723 3675 1780 3729 et
1811 3668 2093 3730 miracula

445 3759 640 3823 celare
652 3757 963 3838 cupientes
976 3754 1037 3817 id
1055 3755 1292 3817 eﬂicere
1316 3762 1580 3836 possent.
1608 3754 1773 3817 Adeo
1804 3759 1959 3819 enim
1993 3757 2091 3818 di-

442 3847 675 3927 vulgata
690 3853 780 3907 est
801 3846 978 3925 hujus
996 3842 1215 3905 mortui
1228 3842 1687 3905 resurrectionis
1705 3844 1925 3906 famaet
1939 3845 2092 3907 ultra

442 3935 781 4000 universam
810 3932 1029 3998 Iudaeae
1053 3931 1306 3993 vicinam
1336 3932 1674 4010 regionem,
1724 3939 1788 3992 ut
1808 3950 1996 4013 usque
2017 3933 2090 3995 ad

445 4042 621 4088 aures
646 4021 888 4085 Joannis
916 4020 1194 4102 Baptistaa
1216 4020 1278 4081 in
1295 4019 1530 4081 deserto
1558 4019 1846 4081 versantis
1874 4038 2086 4101 perve-

3098 2785 3338 2857 ἐδόξαξον
3387 2789 3479 2842 τὸν
3551 2788 3683 2841 Θεὸν
3734 2783 3804 2839 λέ-

2171 2891 2380 2949 γοντες,
2407 2870 2489 2926 ὅτι
2540 2893 2567 2925 ι
2599 2875 2885 2952 Προφήτης
2922 2874 3088 2952 μέγας
3144 2875 3424 2953 ἐγήγερται
3486 2874 3544 2929 ἐν
3572 2877 3730 2948 ἡμῖν,
3775 2895 3796 2926 ι

2171 2960 2258 3016 καὶ
2287 2958 2367 3015 ὅτι
2417 2959 2798 3036 «ἐπεσκέψατο
2835 2965 2862 3019 6
2893 2965 3020 3027 Θεὸς
3076 2965 3166 3019 τὸν
3222 2963 3349 3019 λαὸν
3378 2964 3561 3024 αὑτοῦ,
3600 2985 3628 3016 ι
3662 2960 3804 3020 Οὔπω

2171 3048 2271 3126 γὰρ
2300 3052 2459 3127 εἶχον
2521 3047 2723 3105 ἔννοιαν
2778 3051 2848 3115 ὡς
2904 3052 3021 3129 περὶ
3079 3059 3210 3109 Θεοῦ
3262 3050 3354 3108 τοῦ
3404 3056 3656 3129 Σωτῆρος
3686 3057 3801 3127 Χρι-

2173 3145 2297 3195 στοῦ
2327 3152 2341 3167 ’
2376 3135 2523 3211 ὅμως
2573 3136 2690 3194 οὐδὲ
2739 3146 2895 3196 τοῦτο
2945 3142 3131 3218 μικρὸν
3173 3140 3238 3207 ἧν
3292 3141 3353 3195 τὸ
3408 3139 3575 3216 μέγαν
3603 3140 3803 3218 προφή-

2171 3238 2293 3292 την’
2330 3226 2418 3281 καὶ
2459 3227 2670 3300 μείζονα
2724 3232 2838 3302 μῶν
2897 3227 3099 3284 λοιπῶν
3165 3228 3474 3307 προφητῶν,
3549 3229 3636 3282 καὶ
3665 3229 3804 3283 αῦτώ

2176 3318 2269 3370 τοῦ
2322 3310 2609 3388 νομοδότου
2672 3315 2906 3380 Μωσέως
2991 3316 3217 3390 νομίζειν
3306 3318 3395 3370 τὸν
3458 3316 3668 3393 Κύριον,
3723 3336 3800 3369 και

2172 3402 2307 3459 κατὰ
2349 3404 2533 3481 μικρὸν
2604 3401 2711 3478 ὸδῷ
2762 3402 3136 3483 προϐαίνοντας
3191 3405 3279 3459 καὶ
3348 3405 3421 3467 εἰς
3486 3402 3802 3481 ὑψηλοτέραν

2174 3489 2429 3559 ἀναϐῆναι
2513 3493 2613 3559 τὴν
2699 3491 2925 3573 ἔννοιαν,
2998 3494 3085 3549 καὶ
3162 3494 3291 3549 Θεὸν
3348 3497 3486 3549 εἶναι
3545 3500 3801 3549 πιστεῦσαι

2174 3578 2442 3647 ἀληθινὸν.
2486 3581 2583 3637 Καὶ
2611 3578 2822 3648 ἐξῆλθεν
2866 3584 2893 3637 6
2922 3580 3080 3659 λόγος
3129 3588 3218 3637 τοῦ
3271 3582 3537 3657 θαύματος
3610 3582 3663 3639 ἐν
3705 3580 3793 3655 ὅλῃ

2173 3672 2239 3742 τῇ
2278 3664 2496 3739 Ἰουδαίᾳ
2525 3668 2612 3723 καὶ
2679 3669 2825 3745 πάσῃ
2893 3675 2959 3745 τῇ
3002 3669 3309 3748 περιχώρῳ,
3373 3670 3471 3723 Διὰ
3525 3670 3628 3746 γὰρ
3667 3674 3797 3724 τοῦτο

2174 3752 2403 3820 πολλοὺς
2472 3753 2753 3834 ἐπεφέρετο
2811 3758 3073 3835 μάρτυρας
3131 3764 3221 3812 τοῦ
3304 3757 3642 3835 πράγματος,
3698 3756 3794 3827 ἵνα,

2175 3844 2261 3899 καὶ
2317 3842 2629 3919 βουλόμενοι
2673 3848 2720 3901 οἱ
2777 3847 3030 3921 βάσκανοι
3106 3842 3346 3903 Ἰουδαῖοι
3403 3842 3701 3901 διαϐάλλειν
3727 3845 3798 3898 καὶ

2172 3932 2520 4009 ὑποκρύπτειν
2576 3933 2643 3988 τὰ
2707 3933 2972 4009 θαύματα,
3069 3933 3146 4008 μὴ
3246 3934 3493 4011 ἱσχύωσι.
3556 3940 3795 3990 Τοσοῦτον

2172 4020 2272 4097 γὰρ
2328 4019 2619 4088 ἐπλατύνθη
2664 4024 2692 4077 ὁ
2761 4020 2920 4100 λόγος
2981 4026 3079 4089 τῆς
3161 4020 3417 4100 ἐγέρσεως
3484 4029 3583 4079 τοῦ
3638 4019 3795 4099 νεκροῦ

445 4112 625 4177 nerit.
676 4110 826 4173 Tres
880 4119 1076 4172 autem
1133 4106 1610 4171 resurrectiones
1650 4109 1819 4170 facta
1873 4117 2012 4170 sunt
2057 4128 2090 4171 a

2175 4109 2259 4164 καὶ
2327 4107 2569 4165 ἐπέκεινα
2662 4110 2758 4177 τῆς
2845 4109 2975 4176 ὅλης
3059 4110 3360 4189 περιχώρου
3384 4115 3480 4175 τῆς
3570 4108 3793 4168 Ἰουδαίας

443 4199 752 4285 prophetis
778 4206 915 4262 ante
963 4197 1186 4260 Christi
1240 4196 1586 4271 adventum,
1651 4203 1709 4258 et
1738 4206 1990 4277 quatuor
2012 4199 2085 4260 ab

441 4292 574 4372 ipso
603 4288 862 4353 Christo.
912 4288 999 4351 Ac
1058 4287 1249 4367 prima
1303 4285 1557 4372 quidem
1600 4286 1955 4348 resurrectio
1981 4285 2092 4348 fuit

443 4370 549 4443 lilii
579 4376 907 4457 Sarephtiae
954 4374 1244 4451 mulieris,
1304 4392 1479 4454 quem
1538 4370 1697 4436 Elias
1747 4374 2089 4451 suscitavit;

443 4466 710 4530 secunda
735 4465 842 4527 ﬁlii
871 4463 1283 4537 Sunamitidis,
1315 4482 1491 4543 quam
1521 4472 1806 4542 operatus
1840 4471 1929 4525 est
1962 4463 2088 4525 Eli-

444 4571 639 4629 sreus;
673 4551 867 4628 tertia,
897 4570 1072 4632 quam
1098 4550 1604 4613 etfecitmortuum
1628 4550 1820 4612 Elisasi
1843 4568 2086 4630 corpus.

443 4642 757 4724 Duplicem
816 4640 976 4703 enim
1032 4638 1288 4702 obtinuit
1342 4638 1586 4718 gratiam
1640 4638 1910 4710 Elisaeus,
1964 4638 2093 4701 Elia

447 4730 859 4811 sublatoneo
878 4738 937 4793 et
984 4736 1251 4791 mortuus
1297 4737 1594 4789 mortuum
1617 4728 1917 4789 suscitavit
1959 4745 2092 4811 cor_-

446 4822 577 4907 pori
605 4839 711 4884 suo
740 4820 1107 4900 impositum.
1136 4816 1352 4890 Quarta
1397 4816 1758 4907 resurrectio
1782 4816 2093 4907 praesentis

443 4909 842 4977 adolescentis
870 4915 982 4986 est,
1013 4925 1144 4990 quas
1188 4906 1381 4987 prima
1435 4923 1470 4966 a
1517 4906 1947 4985 Christo:facta
1977 4912 2088 4969 est.

528 5088 652 5172 (14)
687 5085 951 5172 «οὐδὲζτῷ
975 5093 1113 5162 Θεῷ.
1146 5102 1176 5146 ι
1200 5080 1505 5172 Sententia
1516 5081 2087 5164 videturpostulare,

446 5163 647 5249 Οὒῖγὰρ
676 5169 836 5244 μόνον
864 5189 943 5249 τῳ
974 5174 1095 5249 Θειέ
1131 5197 1209 5208 -
1253 5163 1467 5249 εἰξκολον
1493 5163 1801 5249 ζωοποιεῖν.

593 5242 648 5319 5)
680 5242 704 5304 α
741 5248 935 5316 Αὒτήν.
987 5265 1018 5305 ι
1049 5246 1228 5310 Forte
1255 5242 1391 5302 ἀλλά
1418 5246 1515 5313 τὴν
1545 5246 1734 5315 αὐτήν,

553 5249 648 5319 15)
680 5269 704 5304 ε
741 5249 935 5316 Αὒτήν.
987 5265 1018 5305 ι
1049 5249 1228 5310 Forte
1255 5249 1391 5302 ἀλλά
1418 5249 1515 5313 τὴν
1545 5249 1734 5315 αὐτήν,

495 5249 659 5473 ἐξ)
687 5346 717 5388 (
748 5334 959 5403 Πνεῦμα
985 5326 1264 5405 πονηρίας.
1301 5348 1329 5381 ι
1365 5331 1576 5402 Πνεῦμα
1618 5325 1871 5405 πονηρὸν,
1923 5322 2086 5401 ἤγουν

563 5432 592 5467 ο
630 5431 710 5472 ος.

444 5408 731 5570 διάῗῖᾖῆςλ
759 5478 850 5553 Ὠς
872 5486 960 5543 καὶ
986 5517 1067 5531 -
1091 5482 1463 5564 διατρίϐοντος.
1521 5483 1633 5547 Hic
1659 5481 1894 5548 videtur
1921 5481 2085 5544 exci-

2170 4194 2402 4273 ἐγένετο,
2448 4198 2521 4259 ὡς
2566 4196 2683 4269 (17)
2732 4200 2819 4254 καὶ
2876 4198 3035 4277 μέχρι
3092 4202 3191 4264 τῆς
3234 4197 3399 4265 ἀκοῆς
3456 4197 3696 4259 Ἰωάννου
3722 4202 3794 4251 τοῦ

2172 4290 2466 4340 Βαπτιστοῦ
2527 4287 2599 4348 εἰς
2656 4286 2751 4351 τὴν
2836 4285 3040 4365 ἅρημον
3124 4284 3501 4362 διατριϐόντος.
3550 4296 3700 4365 Τρεῖς
3750 4282 3791 4336 δὲ

2173 4370 2473 4435 ἐναστάσεις
2529 4371 2770 4449 ἐγένοντο
2827 4395 2968 4451 παρα
3036 4379 3139 4429 τῶν
3185 4374 3473 4451 προφητῶν
3557 4377 3657 4452 πρὸ
3713 4372 3791 4437 τῆς

2175 4465 2401 4531 Χριστοῦ
2459 4462 2767 4540 παρουσίας,
2840 4463 2927 4517 καὶ
3010 4462 3256 4538 τέσσαρες
3340 4461 3466 4539 παρ’
3512 4462 3673 4518 αὗτοῦ
3717 4469 3793 4517 τοῦ

2173 4554 2418 4623 Χριστοῦ.
2520 4550 2619 4606 Καὶ
2711 4550 2895 4629 πρώτη
2965 4551 3062 4625 μὲν
3121 4550 3404 4613 ἀνάστασις
3487 4558 3582 4606 τοῦ
3630 4547 3790 4609 παιδὸς

2170 4638 2273 4701 τῆς
2322 4634 2442 4714 (10)
2486 4639 2808 4716 Σαραφθίας,
2868 4640 2925 4695 ὃν
2999 4631 3178 4701 Ἠλίας
3237 4637 3493 4704 ἀνέστησε
3532 4660 3548 4674 ·
3611 4636 3794 4712 δευτέρα

2171 4725 2207 4792 ἡ
2237 4730 2327 4780 τοῦ
2382 4723 2569 4790 παιδὸς
2591 4730 2689 4792 τῆς
2763 4725 3132 4802 Σουμανίτιδος
3209 4725 3327 4805 (19)
3383 4727 3449 4793 ἦν
3504 4724 3794 4788 Ἐλισσαῖος

2177 4811 2634 4893 ἐθαυματούργησε
2669 4834 2683 4851 ο
2717 4825 2868 4895 τρίτη
2893 4814 2972 4896 δὲ,
3025 4816 3091 4881 ἢν
3131 4816 3192 4870 τὸ
3261 4816 3443 4893 νεκρὸν
3502 4815 3633 4894 (20)
3663 4817 3796 4887 σῶμα

2175 4909 2268 4959 τοῦ
2308 4900 2608 4959 Ἐλισσαίου
2678 4902 2919 4970 ἐποίησε.
2994 4901 3220 4961 Διπλοῦν
3265 4904 3365 4981 γὰρ
3429 4900 3585 4958 ἔλαϐε
3616 4908 3673 4959 τὸ
3699 4901 3797 4980 χά-

2174 5079 2335 5144 disse
2363 5082 2552 5161 φθάσαι
2609 5077 2994 5161 Occasionem
3050 5077 3229 5161 hujus
3275 5076 3598 5161 sententiae
3630 5074 3797 5161 dede-

2170 5168 2310 5222 runt
2338 5154 2428 5237 ea,
2461 5177 2593 5239 quae
2619 5160 2777 5240 apud
2835 5158 3054 5220 Lucam
3112 5154 3196 5217 ibi
3254 5157 3329 5218 de
3360 5155 3593 5220 Joanne
3623 5154 3796 5234 subji-

2171 5248 2431 5303 ciuntur.

2250 5321 2375 5401 (18(
2410 5340 2440 5381 (
2470 5322 2787 5401 Σαραφθίαςλ.
2828 5340 2856 5373 ι)
2892 5314 2987 5401 I_I_I_
3002 5317 3152 5401 Beg.
3184 5316 3464 5401 Χγιιζξὲ.

2282 5394 2375 5477 19)
2407 5424 2436 5456 α
2469 5394 2865 5474 Σουμανίτιδος.
2909 5394 3159 5477 113%.
3192 5411 3275 5470 1v,
3314 5394 3389 5458 32
3421 5412 3597 5477 seqq.

2245 5474 2368 5559 (20)
2400 5482 2471 5539 T6
2501 5481 2684 5559 νεκρὸν
2713 5486 2887 5554 σῶμα.
2921 5474 2999 5539 IV
3028 5474 3174 5556 Reg.
3206 5491 3313 5552 xu,
3346 5477 3449 5539 Ἡ.
