4008 6114
323 183 474 250 1209
1779 184 2233 255 ORATIONES.
3522 177 3682 246 1210

314 341 475 398 ρισμα
518 322 546 376 6
597 320 901 388 Ἐλισσαῖος
956 321 1342 403 ἀναληφθέντος
1382 321 1528 400 ,(21)
1589 313 1793 382 Ἠλιοῦ.
1862 323 1959 378 Διᾶ

2059 318 2161 384 Sed
2192 340 2310 384 non
2341 330 2405 385 ut
2431 322 2591 386 Elias
2615 328 2675 386 et
2702 322 2948 384 Elisaaus
2978 340 3085 403 per
3106 338 3311 401 preces
3346 325 3405 381 et
3436 316 3679 378 invoca-

314 416 465 466 τοῦτο
522 410 608 464 καὶ
667 412 846 488 νεκρὸς
904 409 997 484 ὢν,
1076 411 1255 489 νεκρόν
1312 409 1599 478 ἀνέστησεν
1668 409 1962 467 ἐπιτεθέντα

2059 410 2240 473 tiones
2260 420 2554 474 mortuum
2577 412 2746 474 illum
2767 410 3071 472 suscitavit
3091 409 3376 483 Christus,
3409 405 3516 468 sed
3539 420 3681 486 pro-

315 504 390 571 τῷ
444 497 658 572 σώματι
716 502 897 561 αὐτοῦ.
957 499 1192 577 Τετάρτη
1249 498 1560 572 ἀνάστασις,
1613 500 1649 566 ἡ
1704 506 1796 555 τοῦ
1852 521 1961 555 πα-

2059 498 2177 578 pria
2207 508 2493 580 potestate
2525 509 2584 563 et
2614 500 2888 581 imperio.
2948 498 3161 570 Quinta
3208 493 3563 559 resurrectio
3594 498 3685 553 est

316 584 495 663 ρόντος
590 587 884 666 νεανίσκου,
963 589 997 655 ἦ
1066 588 1287 665 πρώτως
1344 586 1603 665 γενομένη
1661 589 1803 667 παρὰ
1872 596 1962 645 τοῦ

2059 587 2179 650 ilia)
2206 588 2392 665 Jairi;
2426 598 2588 653 sexta
2617 590 2821 653 Lazari
2854 586 3228 667 quatriduani
3261 607 3277 667 ;
3337 584 3584 665 septima
3617 599 3686 643 ea

317 680 541 752 Χριστοῦ
573 688 587 702 ⁸
626 672 745 731 ἀλλ’
779 675 883 754 οὔχ
912 678 986 741 ὡς
1016 673 1197 742 Ἠλίας
1244 676 1280 743 ἢ
1323 673 1643 741 Ἐλασσατος
1675 674 1759 732 διὰ
1788 698 1958 755 προσ-

2059 695 2175 756 quae
2203 677 2263 738 in
2297 678 2572 757 passione
2604 677 2825 740 Christi
2855 677 3005 737 facta
3036 685 3127 738 est
3159 692 3173 738 :
3230 674 3413 735 multa
3436 688 3684 750 corpara

318 768 486 844 ευχῆς
557 767 645 821 καὶ
730 766 1115 842 παρακλήσεως
1188 767 1445 835 ἀνέστησε
1513 769 1603 825 τὸν
1673 768 1961 835 τεθνηκότα

2059 771 2380 828 sanctorum
2414 767 2514 846 qui
2543 766 2937 839 dormiebant,
2974 769 3428 826 resurrexerunt
3457 782 3473 842 ;
3509 776 3683 841 quam

315 860 496 909 τοῦτον
554 855 582 908 6
653 856 898 934 Χριστὸς,
973 854 1095 911 ἀλλ’
1177 859 1486 922 αὖθεντικῶς
1518 874 1535 891 ⁶
1608 856 1827 931 πέμπτη
1905 854 1960 911 δὲ

2059 861 2244 914 secuta
2297 862 2387 915 est
2437 862 2660 933 octava,
2718 851 2955 915 Domini
3032 852 3216 932 ipsius
3299 849 3682 911 resurrectio.

314 939 595 1004 ἀνάστασις
650 942 686 1010 ἡ
740 948 840 1009 τῆς
897 945 1149 1023 θυγατρὸς
1204 952 1296 1001 τοῦ
1354 944 1567 1024 Ἰαείρου
1596 960 1612 978 ⁶
1672 944 1802 1012 ἕκτη
1867 951 1960 1001 τοῦ

315 1031 573 1108 Λαζάρου,
618 1036 710 1087 τοῦ
770 1032 1129 1110 τετραημέρου
1163 1050 1176 1063 “
1224 1031 1423 1109 ἑϐδόμη
1480 1036 1516 1102 ἡ
1577 1033 1630 1091 ἐν
1672 1041 1750 1108 τῷ
1806 1034 1958 1091 πάθει

314 1126 405 1176 τοῦ
456 1127 704 1200 Χριστοῦ,
758 1120 933 1180 πολλὰ
985 1124 1207 1199 σώματα
1246 1124 1368 1181 τότε
1409 1131 1513 1181 τῶν
1553 1123 1959 1201 κεκοιμημένων

315 1206 479 1284 ἁγίων
520 1208 818 1287 ἠγέρθησαν
861 1208 980 1287 (22)
1013 1230 1030 1291 ;
1099 1216 1184 1276 οῖς
1253 1211 1677 1280 ἐπηκολούθησεν
1721 1210 1883 1289 ὀγδόη
1924 1211 1961 1277 ἡ

315 1303 406 1352 τοῦ
453 1297 637 1375 Κυρίου
679 1298 988 1364 ἀνάστασις.
1057 1298 1206 1357 Ἀλλ’
1277 1305 1329 1358 αἱ
1373 1302 1469 1378 μὲν
1512 1302 1645 1359 ἐπτά
1691 1298 1815 1380 (23)
1860 1304 1961 1356 θα-

317 1384 458 1459 νάτῳ
500 1384 659 1443 πάλιν
703 1385 1072 1467 διεδέχθησαν,
1117 1392 1152 1458 ἡ
1197 1389 1251 1445 δὲ
1295 1388 1483 1469 ὀγδόη,
1560 1389 1794 1468 ἀνωτέρα
1860 1392 1961 1444 θα-

2044 938 2287 1020 Septem
2320 941 2435 1004 illae
2463 942 2700 1023 quidem
2732 949 2923 1002 morte
2949 958 3154 1001 rursus
3178 942 3476 1016 absorptae
3492 943 3629 999 sunt
3664 956 3680 1014 ;

2040 1036 2242 1092 octava
2271 1038 2466 1093 autem
2499 1032 2669 1095 morti
2694 1030 2965 1110 superior
2990 1028 3335 1108 permansit.
3360 1026 3503 1099 Quae
3523 1024 3682 1085 enim

2042 1118 2114 1181 ad
2149 1127 2414 1181 octavum
2447 1120 2724 1183 saeculum
2758 1116 3079 1180 ﬁeridebet
3097 1126 3464 1178 mortuorum
3481 1130 3688 1175 resur-

2042 1206 2259 1282 rectio,
2291 1227 2409 1269 non
2432 1209 2557 1288 jam
2619 1216 2809 1270 morte
2864 1205 3253 1279 resecabitur,
3285 1204 3388 1266 sed
3420 1202 3683 1263 indisso-

2045 1294 2245 1357 lubilis
2275 1296 2391 1358 erit
2418 1305 2477 1359 et
2508 1307 2752 1360 aeterna.
2774 1296 3075 1359 Conemur
3096 1313 3201 1373 ego
3226 1301 3285 1355 et
3306 1291 3686 1365 nos,fratres,

2044 1383 2340 1446 viviﬁcare
2366 1393 2426 1447 et
2453 1386 2744 1447 suscitare
2786 1392 3017 1445 nostras
3075 1382 3303 1445 animas
3325 1382 3447 1461 jam
3480 1396 3684 1441 emor-

317 1473 493 1549 νάτου,
539 1472 819 1550 διέμεινεν.
869 1470 931 1535 Ἠ
974 1479 1074 1557 γὰρ
1114 1479 1250 1535 κατὰ
1289 1468 1380 1536 τὸν
1424 1477 1606 1558 ὄγδοον
1638 1476 1763 1557 (24)
1800 1480 1962 1534 αἰῶνα

2059 1481 2174 1533 tuas
2204 1479 2264 1534 et
2289 1473 2350 1535 in
2379 1482 2570 1536 morte
2607 1474 2871 1554 sepultas
2920 1480 3163 1553 propter
3211 1478 3470 1552 peccata.
3501 1468 3688 1530 Acce-

314 1560 579 1637 μέλλουσα
619 1564 855 1641 γενέσθαι
916 1573 1021 1626 τῶν
1085 1575 1280 1647 νεκρῶν
1339 1569 1650 1645 ἀνάστασις,
1721 1570 1816 1625 οὒκ
1884 1565 1961 1622 ἔτι

314 1652 339 1670 Δ
424 1650 436 1670 Ι
593 1649 616 1670 δ
802 1655 813 1670 1
1070 1655 1150 1670 §\\
1171 1657 1184 1670 ι
1277 1656 1290 1670 ς
1420 1655 1457 1670 1‘
1660 1655 1684 1670 ν
1942 1657 1956 1670 ι

2059 1560 2278 1637 damus,
2307 1581 2527 1644 quaeso,
2564 1564 2801 1640 fratres,
2833 1562 2909 1625 ad
2941 1562 3259 1624 Dominum
3290 1561 3391 1640 qui
3420 1564 3684 1619 mortuos

312 1650 519 1723 θανάτῳ
587 1649 987 1727 διακοπήσεται,
1060 1655 1198 1712 ἀλλὰ
1267 1655 1592 1720 ἀκατάλυτος
1659 1655 1805 1712 ἔσται
1872 1657 1961 1712 καὶ

2059 1652 2311 1728 vivificat,
2348 1660 2405 1714 et
2432 1660 2568 1714 ante
2599 1671 2732 1714 eum
2767 1651 3144 1732 procidamus
3166 1659 3223 1711 et
3243 1650 3529 1729 lacrymas
3546 1649 3686 1707 tun-
3722 1653 3737 1666 '

310 1739 516 1804 αἰώνιος
557 1739 706 1817 (25).
756 1741 1148 1818 Σπουδάσωμεν
1190 1746 1362 1801 τοίνυν
1404 1746 1493 1801 καὶ
1533 1746 1723 1819 ἡμεῖς,
1798 1741 1958 1799 ἀδελ-

2059 1741 2273 1802 lamus.
2306 1740 2473 1803 Nunc
2500 1742 2659 1802 enim
2717 1759 2868 1821 opus
2919 1750 3009 1801 est
3062 1738 3437 1800 confessione
3469 1756 3486 1813 ;
3520 1753 3682 1796 nunc

313 1827 417 1906 φοὶ,
464 1833 792 1898 ζωοποιῆσαι
837 1833 923 1887 καὶ
966 1832 1260 1898 ἀναστῆσαι
1307 1833 1401 1896 τὰς
1446 1831 1707 1911 ἡμετέρας
1777 1833 1958 1911 ψυχὰς

2059 1846 2193 1908 ῖιριιε
2219 1837 2307 1891 est
2337 1829 2636 1910 precibus,
2700 1846 2859 1891 nunc
2912 1827 3306 1908 lacrymarum
3363 1832 3597 1905 tempus
3629 1830 3690 1884 et

312 1916 699 1995 νενεκρωμένας
767 1916 869 1986 ἤδη
939 1922 1027 1976 καὶ
1094 1919 1526 1996 τεθανατωμένας
1596 1934 1719 1983 ταῖς
1786 1921 1960 1997 ἀμαρ-

2059 1917 2406 1994 singultuum
2424 1926 2479 1979 et
2496 1919 2708 1998 luctus;
2726 1937 2883 1979 nunc
2900 1924 3271 1977 conteremus
3290 1914 3473 1976 corda
3485 1918 3684 1973 nostra

311 2005 470 2069 τίαις,
517 2005 923 2083 Προσέλθωμεν,
969 2008 1284 2089 παρακαλῶ,
1318 2016 1396 2084 τῷ
1424 2011 1545 2072 τοὺς
1588 2010 1799 2089 νεκροὺς
1829 2008 1957 2089 (26)

314 2098 658 2170 ζωογονοῦντι
731 2096 998 2177 Δεσπότῃ,
1083 2099 1173 2155 καὶ
1244 2097 1626 2176 προσπέσωμεν
1696 2102 1838 2171 αὒτῷ
1877 2093 1967 2154 καὶ

312 2179 779 2259 προσκλαύσωμεν.
850 2192 955 2243 Νῦν
1026 2187 1127 2265 γὰρ
1197 2187 1352 2267 χρεία
1421 2184 1853 2265 ἐξομολογήσεως
1910 2187 1965 2243 ἐν

314 2274 392 2341 τῷ
434 2271 652 2347 παρόντι
709 2271 807 2346 βίῳ
837 2288 852 2304 ⁶
927 2279 1015 2329 νῦν
1085 2276 1242 2354 χρεία
1309 2273 1510 2354 εὖχων,
1576 2282 1662 2333 νῦν
1732 2272 1963 2353 δακρύων

316 2358 495 2435 καιρὸς
554 2360 642 2414 καὶ
699 2367 997 2438 στεναγμοῦ
1059 2365 1149 2419 καὶ
1208 2362 1451 2436 πένθους,
1525 2363 1613 2418 καὶ
1669 2365 1965 2443 συντρίψω-

2046 2003 2731 2068 Dominuminvorantes.
2757 2008 2887 2087 Ipse
2908 2005 3066 2066 enim
3090 2012 3177 2065 est
3201 2002 3452 2065 tristitiae
3473 2007 3690 2063 nostrae

2048 2092 2340 2171 liberatio,
2377 2108 2435 2156 et
2460 2095 2658 2157 laetitia
2689 2093 3441 2157 etlibertasetresurreclio
3465 2112 3480 2170 ;
3504 2089 3691 2169 glori-

2047 2182 2315 2257 ficamus,
2342 2184 2575 2260 fratres,
2603 2203 2719 2246 non
2738 2202 2842 2245 ore
2859 2190 3080 2243 tantum
3096 2190 3153 2243 et
3171 2180 3367 2255 labiis,
3393 2180 3496 2241 sed
3510 2177 3695 2239 corde

2047 2271 2120 2332 ab
2153 2273 2317 2333 omni
2346 2272 2767 2335 incredulitate
2798 2272 3044 2346 mundo,
3105 2278 3164 2331 et
3217 2271 3333 2331 vita
3357 2268 3603 2350 optima,
3635 2275 3694 2329 et

2048 2359 2566 2441 irreprehensibili
2621 2360 2859 2423 vivendi
2915 2361 3169 2435 ratione,
3228 2358 3365 2439 quia
3420 2356 3506 2418 sic
3534 2355 3694 2417 Deus

314 2465 411 2519 μεν
442 2446 537 2509 τὰς
578 2445 790 2526 καρδίας
836 2451 992 2524 ἡμῶν
1052 2451 1144 2506 τὸν
1202 2451 1479 2518 Δεσπότην
1536 2450 1962 2527 ἐπικαλούμενοι.

2059 2447 2441 2526 glorificatur.
2479 2451 2557 2513 Ut
2585 2449 2845 2520 videant,
2877 2448 3091 2529 inquit,
3125 2464 3306 2527 opera
3340 2453 3542 2506 nostra
3568 2443 3697 2523 pul-

313 2532 479 2620 ⁴ᾴῦτὸς
538 2535 637 2612 γὰρ
708 2538 742 2604 ἡ
816 2536 1074 2616 λύτρωσις
1129 2545 1229 2606 τῆς
1301 2540 1500 2620 λύπης,
1555 2542 1644 2596 καὶ
1700 2540 1844 2619 χαρά
1883 2539 1962 2596 καῖ

2059 2536 2220 2611 chra,
2257 2543 2315 2597 et
2342 2537 2677 2617 gloriﬁcent
2723 2538 2956 2600 Patrem
3008 2547 3276 2597 nostrum
3309 2533 3408 2614 qui
3436 2533 3498 2593 in
3530 2531 3697 2593 caelis

312 2619 570 2702 ἐλευθερία
658 2626 747 2682 καὶ
832 2626 969 2707 ζωὴ,
1059 2629 1147 2684 καὶ
1230 2619 1539 2692 ἀνάστασις.
1631 2625 1962 2708 Δοξάσωμεν,

2059 2633 2167 2705 est,
2193 2631 2391 2688 omnia
2418 2627 2490 2688 ad
2522 2627 2768 2707 gloriam
2798 2626 2904 2689 Dei
2937 2624 3342 2705 perﬁciamus,
3375 2629 3434 2683 et
3460 2621 3523 2682 in
3544 2639 3694 2683 con-

309 2709 524 2792 ἀδελφοί
605 2735 729 2789 μου,
818 2714 897 2789 μὴ
984 2717 1209 2791 στόματι
1296 2718 1456 2793 μόνον
1540 2718 1626 2773 καὶ
1708 2715 1962 2796 χείλεσιν,

2059 2714 2186 2776 trito
2218 2722 2275 2776 et
2324 2716 2533 2777 humili
2582 2716 2763 2777 corde
2821 2716 3150 2777 clamemus
3205 2712 3474 2774 dicentes
3502 2727 3693 2771 unus-

312 2798 449 2856 ἀλλὰ
494 2799 619 2880 (27)
661 2805 861 2881 καθαρᾷ
917 2804 1101 2883 καρδίᾳ
1152 2806 1243 2862 καὶ
1302 2806 1480 2873 πάσης
1543 2805 1819 2879 ἀπαθείας,
1879 2808 1962 2862 καῖ

2059 2802 2348 2884 quisque:
2404 2827 2431 2859 α
2487 2802 2724 2879 Libera,
2759 2803 3033 2875 Domine,
3089 2820 3126 2863 a
3183 2801 3406 2861 framea
3433 2796 3693 2858 animam

316 2886 401 2944 διὰ
464 2890 580 2965 βίου
632 2891 842 2968 ἀρίστου
899 2894 989 2949 καὶ
1059 2892 1324 2957 πολιτείας
1381 2894 1814 2972 ἀκαταγνώστου,
1886 2892 1962 2950 ὅτι

2059 2908 2266 2966 meam,
2300 2897 2359 2954 et
2388 2891 2461 2953 de
2492 2910 2669 2953 manu
2697 2891 2860 2952 canis
2890 2890 3126 2952 unicam
3160 2906 3379 2955 meam.
3412 2885 3484 2947 Et
3514 2903 3695 2946 exau-

316 2975 480 3042 οὕτως
540 2980 569 3034 6
632 2980 760 3044 Θεὸς
817 2977 1085 3051 δοξάζεται
1117 2980 1256 3054 (28).
1335 2972 1426 3045 Ὠς
1497 2980 1558 3039 ἂν
1601 2980 1782 3061 ἴδωσι,
1813 2985 1963 3062 φησὶ,

315 3065 382 3121 τὰ
423 3064 561 3121 καλά
590 3064 718 3145 ’έργα
757 3068 935 3142 ἡμῶν,
991 3070 1079 3126 καὶ
1119 3068 1373 3135 δοξάσωσι
1416 3072 1507 3127 τὸν
1532 3070 1771 3149 -Πατέρα
1812 3072 1967 3146 ἡμῶν

315 3154 409 3210 τὸν
438 3153 490 3209 ἐν
521 3168 637 3220 τοῖς
668 3156 938 3236 οὐρανοῖς,
971 3158 1144 3215 πάντα
1186 3161 1259 3222 εἰς
1316 3157 1466 3224 δόξαν
1522 3165 1652 3215 Θεοῦ
1708 3156 1965 3239 διαπρατ-

314 3242 548 3319 τώμεθα,
624 3245 713 3301 καὶ
786 3245 842 3300 ἐν
899 3246 1320 3326 συντετριμμένῃ
1389 3248 1477 3304 καὶ
1535 3247 1966 3325 τεταπεινωμένῃ

321 3331 504 3411 καρδίᾳ
566 3336 714 3413 πρὸς,
768 3334 925 3391 αὐτὸν
994 3334 1375 3411 ἀναϐοήσωμεν
1447 3334 1689 3414 λέγοντες
1746 3335 1967 3400 ἕκαστος

322 3423 476 3496 ἡμῶν
509 3438 522 3451 ⁸
564 3444 592 3477 α
627 3414 826 3501 ιΡῦσαι,
850 3424 1023 3501 Κύριε,
1063 3421 1193 3502 ((29)
1222 3424 1326 3479 ἀπὸ
1355 3424 1614 3503 ῥομφαίας
1656 3424 1755 3491 τὴν
1784 3427 1966 3504 ψυχήν

320 3532 445 3585 μου,
476 3512 563 3567 καὶ
591 3510 650 3567 ἐκ
698 3512 882 3590 χειρὸς
926 3513 1078 3575 κυνὸς
1123 3513 1215 3568 τὸν
1273 3512 1538 3591 μονογενῆ
1596 3534 1720 3587 μου.
1782 3535 1810 3567 n
1872 3515 1970 3571 Καὶ

317 3600 674 3656 εἰσακούσεται
705 3602 733 3655 6
777 3601 929 3674 Θεὸς,
975 3602 1063 3656 καὶ
1105 3604 1165 3659 οὔ
1197 3599 1328 3680 (30)
1376 3602 1623 3678 μακρύνει
1673 3600 1771 3666 τὴν
1827 3602 1966 3675 βοή-

313 3692 459 3746 θειαν
531 3690 685 3745 αὺτοῦ
739 3686 829 3767 ἀφ’
898 3689 1051 3762 ἡμῶν
1123 3692 1151 3745 6
1228 3688 1525 3754 ἀνεξίκακος
1583 3690 1790 3765 Κύριος,
1849 3687 1970 3743 ἀλλ’

312 3778 650 3857 ἐλευθερώσει
719 3780 861 3853 ἡμᾶς
933 3779 1109 3845 πάσης
1188 3779 1352 3859 ὀργῆς
1422 3780 1511 3835 καὶ
1566 3776 1799 3834 κινδύνου
1883 3781 1970 3835 καὶ

314 3868 677 3946 στενοχωρίας
738 3868 824 3922 καὶ
876 3864 1127 3941 θλίψεως,
1192 3870 1279 3924 καὶ
1335 3866 1654 3946 λυτρώσεται
1707 3871 1804 3932 τῆς
1875 3889 1969 3923 τυ-

2050 2978 2173 3040 diet
2199 2981 2379 3061 Deus,
2414 2988 2473 3042 et
2501 2999 2619 3042 non
2652 2980 2887 3043 differet
2913 2978 3197 3041 auxilium
3227 2994 3399 3043 suum
3451 2991 3557 3054 pro
3587 2989 3694 3052 pa-

2053 3067 2258 3130 tientia
2279 3087 2384 3130 sua
2403 3068 2716 3145 Dominus,
2743 3078 2802 3132 et
2821 3068 3101 3131 liberabit
3121 3085 3231 3128 nos
3254 3065 3325 3127 ab
3351 3062 3513 3126 omni
3536 3062 3697 3124 iraet

2052 3156 2313 3236 periculo
2344 3165 2402 3219 et
2430 3158 2716 3237 angustiis
2748 3166 2806 3220 et
2837 3158 3177 3236 amictione,
3210 3162 3269 3217 et
3296 3153 3553 3216 redimet
3589 3169 3698 3212 nos

2051 3264 2084 3306 a
2114 3245 2444 3324 tyrannide,
2479 3254 2537 3307 et
2564 3246 2636 3307 ab
2667 3246 2901 3308 insidiis
2920 3245 3067 3309 etab
3085 3242 3322 3325 injuriis
3353 3249 3691 3302 nostrorum

2050 3333 2367 3395 visibilium
2401 3343 2459 3396 et
2489 3334 2874 3397 invisibilium
2923 3333 3326 3404 inimicorum,
3385 3336 3444 3390 et
3472 3327 3701 3388 auferet

2052 3440 2160 3481 nos
2192 3422 2365 3485 morti
2418 3422 2670 3485 funestae
2725 3424 2975 3503 peccati,
3035 3431 3097 3483 et
3152 3417 3471 3500 participes
3520 3414 3700 3477 faciet

2052 3510 2223 3588 regni
2252 3511 2531 3585 cmlestis,
2565 3512 2706 3591 quia
2728 3502 2875 3592 ipse
2932 3519 3022 3571 est
3078 3506 3438 3569 resurrectio
3471 3511 3530 3564 et
3557 3502 3695 3592 vita,

2053 3598 2317 3661 Christus
2347 3607 2404 3660 et
2434 3598 2590 3659 Deus
2643 3591 2886 3676 noster;
2947 3597 3060 3679 ipsi
3109 3595 3427 3657 reddamus
3458 3591 3697 3671 gratias,

2052 3705 2187 3750 cum
2221 3686 2409 3764 ipsius
2441 3686 2732 3768 principio
2763 3697 3006 3750 carente
3036 3689 3209 3749 Patre
3240 3691 3297 3744 et
3319 3680 3698 3746 sanctissimo

2053 3783 2110 3836 et
2139 3775 2362 3855 optimo
2396 3784 2453 3836 et
2479 3776 2812 3838 vivificante
2854 3775 3105 3856 Spiritu,
3154 3790 3315 3833 nunc
3346 3778 3406 3833 et
3431 3787 3695 3849 semper,

2053 3863 2198 3926 etin
2232 3864 2448 3926 saacula
2472 3866 2844 3927 saeculorum.
2882 3866 3097 3927 Amen.
3120 3912 3135 3945 ,

312 3952 544 4035 ραννίδος
596 3956 683 4011 καὶ
730 3954 1011 4019 ἐπιθέσεως
1060 3958 1148 4013 καὶ
1204 3954 1407 4033 βλάϐης
1466 3960 1570 4012 τῶν
1626 3959 1829 4035 ὁρατῶν
1873 3957 1960 4012 καὶ
2005 3956 2240 4034 ἀοράτων
2296 3955 2500 4033 ἐχθρῶν
2558 3958 2732 4035 ἡμῶν,
2794 3958 2881 4011 καὶ
2925 3954 3178 4020 ἐξελεῖται
3236 3955 3376 4026 ἡμᾶς
3434 3957 3527 4008 τοῦ
3584 3970 3696 4026 χα-

315 4044 482 4101 λεποῦ
538 4045 759 4100 θανάτου
815 4050 915 4111 τῆς
986 4046 1267 4123 ἁμαρτίας,
1330 4047 1417 4102 καὶ
1472 4046 1754 4108 κοινωνοὺς
1826 4046 2040 4115 ποιήσει
2096 4066 2195 4111 της
2251 4044 2484 4122 οὖρανίου
2554 4047 2710 4103 animi)
2764 4044 3053 4122 βασιλείας,
3127 4041 3205 4097 ὅτι
3250 4040 3403 4102 αὒτὸς
3461 4038 3602 4093 ἐστιν
3660 4040 3692 4103 ἡ

320 4132 605 4195 ἀνάστασις
652 4134 739 4188 καὶ
792 4133 826 4200 ἡ
886 4133 1019 4206 ζωὴ,
1082 4136 1109 4189 ὁ
1169 4135 1392 4211 Χριστὸς
1448 4136 1535 4190 καὶ
1596 4136 1725 4197 Θεὸς
1814 4135 1991 4211 ἡμῶν,

2069 4134 2156 4188 καὶ
2240 4135 2381 4205 αὐτῷ
2460 4133 2556 4199 τὴν
2632 4134 2965 4213 εὔχαριστίαν
3052 4130 3403 4209 προσάγωμεν
3461 4128 3552 4183 σὺν
3623 4132 3700 4199 τῷ

316 4220 541 4298 ἀνάρχῳ
569 4219 727 4276 αὔτοῦ
756 4222 937 4300 Πατρὶ,
969 4223 1056 4278 καὶ
1085 4228 1162 4297 τῷ
1190 4222 1430 4300 παναγίῳ
1481 4224 1566 4278 καὶ
1624 4222 1804 4301 ἀγαθῴ
1848 4222 1941 4278 καὶ
1969 4228 2099 4299 ιζωο
2112 4226 2238 4293 τοιῷ
2272 4221 2557 4300 ΙΙνεύματι,
2592 4229 2677 4279 νῦν
2710 4222 2796 4277 καὶ
2840 4221 2938 4295 ἀεὶ,
2986 4221 3073 4275 καὶ
3103 4221 3174 4282 εἰς
3203 4219 3323 4281 τοὺς
3358 4218 3549 4278 αἰῶνας
3594 4220 3697 4270 τῶν

319 4308 524 4365 αἰώνων
535 4350 550 4366 .
597 4304 770 4381 Ἀμήν
781 4353 793 4365 .

642 4402 934 4465 ΚΥΡΙΑΚῌ
982 4387 1067 4454 [B'
1107 4406 1233 4456 ΤΟΥ
1278 4404 1644 4457 mmemor.

759 4504 789 4543 (
819 4472 990 4563 Ἠχος
1021 4475 1097 4564 γ’,
1143 4487 1355 4543 ἑωθινὸν
1398 4477 1473 4549 α’,
1512 4506 1542 4547 ι

401 4574 561 4634 Οὐδὲν
644 4570 763 4650 (31)
837 4571 1001 4637 οὕτως
1072 4572 1187 4630 οἶδε
1257 4573 1468 4655 θολοῦν,
1539 4574 1804 4653 ἀγαπητοὶ
1877 4569 1965 4630 καὶ

428 4740 530 4821 ﬁt)
569 4764 599 4798 α
633 4740 837 4802 Ἠλιοῦ.
861 4764 888 4796 ι
907 4737 1007 4821 Sic
1022 4739 1397 4820 srepeincod.
1415 4742 1627 4821 legitur
1643 4758 1747 4819 pro
1762 4741 1965 4815 Ἠλίου,

432 4819 530 4894 Ἡ)
570 4843 593 4877 ο
618 4825 716 4901 Οἷς
752 4819 1199 4901 ἐπηκολούθησεν.
1238 4846 1264 4877 ι)
1299 4827 1393 4901 Οἷς
1428 4819 1571 4884 ferri
1602 4830 1792 4901 potest
1828 4841 1842 4882 :
1876 4826 1967 4885 αἷς

327 4900 521 4961 tamen
550 4900 769 4963 rectius
798 4900 1012 4963 referri
1043 4907 1238 4979 potest
1266 4900 1338 4962 ad
1370 4900 1710 4963 ἀναστάσεσι.

402 4980 520 5062 (23)
563 5005 590 5037 α
621 4983 842 5055 Θανάτῳ
884 4978 1055 5037 πάλιν
1072 4978 1441 5061 διεδέχθησαν,
1480 5006 1504 5041 ι
1542 4984 1777 5045 Θάνατος
1807 4978 1968 5037 διεδέ-

321 5059 462 5126 ξατο.

394 5141 518 5221 (24)
557 5164 585 5197 α
614 5118 829 5219 νογδοον
851 5141 1033 5199 αἰῶνα.
1056 5159 1086 5199 ›
1116 5139 1366 5202 Videtur
1382 5159 1520 5221 ergo
1550 5138 1966 5221 Xiphilinusin

311 5222 406 5285 his
435 5220 507 5283 ad
544 5221 702 5285 8000
732 5239 951 5301 annum
982 5221 1210 5301 referre
1241 5222 1420 5301 finem
1453 5220 1882 5301 hujus’mundi.

398 5302 586 5383 (25)__¢
619 5300 1015 5383 Σπουδάσομεν.
1055 5326 1082 5357 n
1111 5299 1219 5383 Hic
1239 5300 1298 5362 in
1316 5299 1582 5383 margine
1598 5300 1729 5383 cod.
1752 5299 1967 5378 legitur

312 5379 674 5461 ἠθικόνίΝειι-ῐι
704 5380 765 5441 in
795 5381 914 5461 fine
944 5379 1309 5461 singularum
1341 5379 1469 5443 fere
1506 5381 1866 5461 orationum,
1894 5397 1965 5440 ex

315 5460 675 5543 imitatione,
710 5459 1065 5543 ut_videtur,:
1110 5461 1533 5543 Chrysostomi,
1594 5461 1667 5523 de
1699 5459 1965 5522 moribus

321 5540 593 5623 quaedam
623 5539 949 5623 praecipere
980 5541 1152 5606 solet.

2410 4394 2766 4459 DOMINICA
2799 4396 2902 4459 ΧΠ
2934 4394 3325 4459 ΜΑΤΤΗᾸΞΙ.

2329 4484 2452 4547 Vox
2482 4487 2685 4562 tertia,
2715 4488 3083 4547 matulinum
3126 4487 3415 4564 primum.

2136 4572 2296 4635 Nihil
2323 4574 2404 4635 ita
2432 4576 2782 4656 corrumpit,
2815 4575 3050 4649 fratres,
3086 4584 3145 4635 et
3181 4573 3459 4635 obscurat
3488 4572 3700 4633 huma-

2160 4742 2253 4815 26)
2293 4767 2319 4798 ι
2354 4750 2728 4821 Ζωογονοῦντι,
2771 4767 2794 4799 υ
2832 4761 2937 4823 pro
2968 4750 3335 4815 ζωοποιοῦν-ει.

2199 4817 2562 4902 Ἰλαᾲιςαθαρᾷ
2593 4823 2773 4902 καρδίᾳ
2817 4817 2920 4881 ἀπὸ
2960 4825 3136 4890 πάσης
3177 4823 3452 4902 ἀπαθείας.
3507 4817 3705 4902 {Hac

2050 4901 2211 4961 haud
2242 4900 2423 4963 dubie
2454 4900 2727 4983 corrupta
2752 4912 2906 4963 sunt.
2933 4903 3108 4965 Forte
3132 4920 3270 4979 ergo
3287 4900 3700 4983 scribendum,

2051 4990 2175 5061 est;
2227 4986 2435 5061 Καθαρᾷ
2465 4981 2648 5061 καρδία
2676 4983 2781 5039 ἀπὸ
2824 4984 3001 5049 πάσης
3049 4983 3309 5050 ἀπειθίας,
3361 4987 3464 5061 aut
3503 4981 3703 5061 καθαρᾷ

2048 5059 2231 5151 καρδίᾳ
2260 5055 2438 5151 πάσης
2496 5055 2784 5151 ἀπειθείας,
2844 5072 2945 5123 aut,
3000 5065 3201 5151 καθαρᾷ
3254 5059 3437 5151 καρδία
3491 5059 3584 5151 καὶ
3620 5055 3705 5113 διὰ

2049 5135 2225 5207 πάσης
2256 5141 2530 5205 ἀπαθείας.
2580 5135 2841 5207 Scilicet,
2906 5148 2967 5201 ut
3008 5135 3232 5196 ἀπάθεια
3291 5135 3369 5199 sit
3424 5139 3537 5199 hoc
3570 5135 3701 5197 loco

2051 5223 2216 5300 ejus,
2237 5220 2523 5300 qui_liber
2552 5230 2640 5300 est
2669 5239 2700 5280 a
2737 5220 2931 5300 pravis
2961 5219 3144 5280 animi
3171 5214 3701 5280 commotionibus.

2134 5292 2311 5373 (28):“
2350 5292 2440 5364 Ὠς
2473 5299 2531 5357 ἄν
2564 5292 2751 5358 ἴδωσι..
2793 5323 2817 5357 ι
2869 5300 3072 5361 Matth.
3105 5315 3163 5373 V,
3200 5300 3295 5360 16.

2133 5379 2315 5460 (29)ἶά
2355 5379 2489 5437 Ἀπὸ
2531 5381 2810 5460 ῥομφαίας.
2862 5405 2887 5435 »
2923 5379 3077 5442 Psal.
3110 5396 3231 5454 xvl,
3268 5378 3368 5439 21.

2131 5459 2249 5539 (30)
2284 5481 2308 5515 α
2346 5459 2698 5539 Μκκρύνει.)
2732 5460 2907 5522 Forte
2938 5473 3218 5539 μακρυνεϊῗ

2131 5538 2257 5619 (3t)
2293 5558 2322 5599 ‹
2353 5536 2480 5597 οὐδέ
2510 5539 2700 5604 οὕτως.
2750 5568 2775 5601 υ
2812 5539 2949 5602 Haec
2979 5536 3166 5603 oratio
3205 5537 3269 5600 in
3301 5536 3434 5601 cod.
3467 5537 3569 5617 46,
3601 5536 3695 5603 bis
