4008 6114
279 283 429 350 1213

1702 280 2042 347 ΟΒΑΤΙΟΝ
2047 282 2164 344 ES.

3480 288 3634 354 1214

272 418 428 481 θῆσαι
457 414 739 490 ἐκώλυσεν,
770 418 843 478 ὡς
890 418 925 484 ἡ
971 420 1200 497 σήμερον
1258 416 1772 497 ἀναγνωσθησομένη
1824 419 1911 473 εὐ-

2004 408 2132 487 quid
2162 408 2541 473 bonifaciam
2572 419 2636 473 ut
2685 412 2938 475 habeam
2995 412 3174 475 vitam
3235 422 3517 478 aeternam
3549 420 3577 476 ?
3607 438 3635 469 »

276 502 533 580 αγγελικὴ
562 506 825 583 περικοπὴ
856 504 1109 579 δηλώσει,
1140 505 1303 572 οὕτως
1334 505 1531 585 ἔχουσα
1557 523 1569 536 ⁸
1611 530 1638 562 α
1672 514 1758 583 Τῷ
1786 506 1916 584 (37)

274 599 439 669 καιρῴ
508 592 690 667 ἐκείνῳ
760 595 1023 661 νεανίσκος
1092 618 1171 659 τις
1240 594 1501 674 προσῆλθε
1554 604 1630 670 τῷ
1708 603 1916 676 Χριστῷ

275 687 574 757 γονυπετῶν
631 684 720 738 καὶ
776 681 968 761 λέγων.
1034 682 1323 742 Διδάσκαλε
1374 685 1558 764 ἀγαθὲ,
1616 688 1666 741 τί
1723 686 1913 763 ἀγαθὸν

277 771 505 843 ποιήσω,
540 770 632 826 ’ίνα
658 768 772 850 ἔχω
799 773 940 842 ζωὴν
967 773 1174 828 αἰώνιον
1209 793 1225 853 ;
1276 796 1304 828 ιι
1361 776 1459 831 Τὸν
1501 774 1769 830 νεανίσκον
1797 774 1915 829 τού-

275 878 390 936 τον,
421 859 512 914 τὸν
558 857 910 939 προσελθόντα
959 868 1038 935 τῷ
1093 862 1320 940 Χριστῷ,
1381 862 1518 926 τινὲς
1573 865 1644 928 ὡς
1688 861 1912 918 ὕπουλον

275 946 362 1001 καὶ
416 949 645 1024 πονηρὸν
702 949 789 1003 καὶ
865 949 1176 1028 πειράζοντα
1255 952 1346 1007 τὸν
1416 952 1637 1030 Χριστὸν
1691 948 1910 1007 διαϐάλ-

279 1031 450 1095 λουσι,
483 1036 553 1091 Τὸ
591 1034 645 1090 δέ
687 1034 879 1102 ἀληθὲς
910 1041 1006 1116 οὐχ
1060 1035 1223 1101 οὕτως
1274 1037 1414 1117 ἔχει,
1458 1037 1595 1094 ἀλλά
1651 1037 1910 1118 φιλάργυ-

278 1144 365 1200 ρον
397 1121 491 1197 μὲλ
543 1124 631 1179 καὶ
686 1125 982 1203 χρημάτων
1038 1123 1221 1184 δοῦλον
1277 1126 1453 1190 καλῶς
1506 1125 1567 1184 ἅν
1615 1150 1696 1191 τις
1741 1127 1910 1207 εἴποι,

277 1208 504 1267 ὕπουλον
571 1209 625 1267 δὲ
698 1215 785 1269 καὶ
859 1216 1091 1293 πονηρὸν
1158 1217 1245 1272 καὶ
1299 1216 1608 1294 πειράζοντα
1652 1215 1912 1290 οὐδαμῶς.

282 1300 380 1357 Καὶ
426 1300 535 1383 *γὰρ
577 1302 606 1357 6
648 1303 870 1380 Χριστὸς
926 1301 1240 1383 φιλάργυρον
1295 1305 1437 1360 εἶναι
1506 1313 1692 1363 τοῦτον
1743 1302 1913 1382 ἤλεγ-

279 1385 384 1452 ξεν.
424 1380 480 1446 Ὀ
510 1387 565 1445 δὲ
622 1380 1001 1469 εὖαγγελιστῆς
1044 1380 1245 1455 Λουκᾶς
1301 1392 1536 1473 ἄρχοντα
1589 1392 1730 1473 λέγει
1784 1380 1912 1451 τού-

277 1498 369 1533 τον
399 1477 540 1534 εἶναι
581 1485 688 1535 τῶν
718 1478 979 1537 Ἰουδαίων
1014 1500 1032 1517 ο
1083 1482 1169 1537 καὶ
1198 1483 1227 1537 6
1267 1480 1645 1559 εὐαγγελιστὴς
1705 1483 1914 1561 Μάρκος

277 1563 446 1645 λέγει,
529 1566 609 1623 ὅτι
679 1565 946 1643 ἐμϐλέψας
1019 1571 1160 1644 αὖτῷ
1229 1572 1257 1625 6
1328 1568 1552 1644 Ἰησοῦς,
1640 1572 1916 1649 ἠγάπησεν

1997 500 2167 561 Hunc
2198 501 2634 562 adolescentem
2670 502 2769 583 qui
2799 502 2871 564 ad
2905 502 3202 565 Christum
3226 505 3475 567 accessit
3497 522 3645 565 nono

1997 589 2144 649 nulli
2174 598 2235 649 ut
2266 608 2503 670 pravum
2540 601 2599 653 et
2627 591 2964 671 improbum
2995 599 3056 654 et
3082 593 3378 655 Christum
3399 601 3640 654 tentan—

1998 685 2114 737 tem
2145 679 2603 743 calumniantur.
2637 679 2721 741 Re
2750 682 2991 761 quidem
3046 699 3203 751 vera,
3256 701 3372 743 non
3417 683 3529 743 hoc
3562 681 3641 741 ita

1997 783 2062 826 se
2084 765 2279 847 habet,
2308 767 2410 828 sed
2436 786 2567 828 eum
2594 769 2860 846 pecuniae
2879 769 3134 830 amicum
3155 769 3491 831 divitiarum
3510 787 3634 829 ser-

1996 871 2130 914 vum
2163 854 2341 916 fuisse
2371 854 2525 918 bene
2554 856 2797 927 dixeris.
2836 875 3076 936 pravum
3107 865 3303 919 autem
3334 866 3392 918 et
3433 856 3637 937 perdi-

1998 955 2124 1008 tum
2155 952 2214 1004 et
2244 951 2594 1007 tentatorem
2630 946 2895 1009 minime.
2926 947 3159 1009 Etenim
3194 946 3641 1010 Christusillum

1998 1040 2057 1093 ut
2089 1034 2358 1113 pecuniae
2386 1035 2622 1095 avidum
2682 1036 2996 1115 vituperat.
3052 1040 3235 1096 Lucas
3280 1036 3640 1114 evangelista

1998 1143 2130 1187 eum
2161 1125 2303 1187 dicit
2333 1145 2462 1188 esse
2490 1126 2829 1189 Judaeorum
2850 1128 3096 1209 ducem;
3127 1137 3185 1189 et
3211 1130 3639 1190 Marcusevan—

1997 1214 2204 1290 gelista
2232 1215 2374 1276 dicit
2393 1215 2621 1290 Jesum,
2650 1224 2958 1296 postquam
2985 1217 3151 1277 illum
3176 1217 3425 1277 intuitus
3458 1222 3636 1287 esset,

1997 1301 2163 1362 illum
2198 1303 2499 1366 dilexisse.
2535 1304 2683 1367 Inde
2714 1305 2896 1383 igitur
2945 1304 3323 1373 manifestum
3368 1312 3456 1365 est
3487 1303 3637 1363 ado-

1998 1389 2323 1452 lescentem
2355 1393 2597 1454 aliunde
2631 1393 2849 1454 bonum
2885 1412 3016 1455 esse
3062 1401 3119 1454 et
3148 1393 3323 1453 vitam
3353 1400 3637 1453 aeternam

1998 1480 2274 1560 cupiisse,
2310 1481 2567 1543 avaritia:
2593 1492 2789 1544 autem
2820 1484 3020 1562 spinas
3051 1483 3306 1544 fertilem
3330 1480 3484 1541 illius
3505 1480 3639 1541 ani-

2000 1587 2112 1630 ma;
2141 1579 2356 1630 terram
2391 1570 2649 1633 foedasse
2685 1590 2698 1634 :
2743 1598 2764 1627 ιι
2802 1572 2961 1635 Dixit
2990 1579 3184 1632 autem
3219 1570 3324 1631 illi.
3361 1569 3512 1641 Quid
3545 1588 3640 1629 me

278 1654 459 1715 αὐτόν.
520 1655 766 1712 Φαίνεται
824 1657 993 1712 τοίνυν
1048 1657 1153 1714 ἀπὸ
1206 1659 1412 1739 τούτου,
1470 1658 1550 1714 ὅτι
1593 1657 1762 1717 τὲίλλα
1819 1661 1916 1736 μὲν

2004 1659 2220 1719 bonum
2250 1658 2400 1719 dicis
2427 1659 2457 1719 ?
2487 1678 2659 1720 nemo
2692 1659 2901 1739 bonus,
2938 1660 3050 1720 nisi
3084 1662 3241 1722 Deus
3273 1657 3456 1721 solus.
3498 1681 3522 1712 »

280 1741 439 1807 καλὸς
493 1743 559 1810 ἦν
619 1746 647 1801 6
699 1744 984 1821 νεανίσκος,
1043 1748 1130 1802 καὶ
1185 1752 1328 1817 ζωῆς
1381 1747 1625 1823 ἐπεθύμει
1677 1750 1911 1829 αἰωνίου,

273 1831 312 1898 ἡ
342 1828 396 1886 δὲ
451 1828 575 1909 (38)
633 1830 828 1889 ἄκανθα
878 1839 977 1901 τῆς
1033 1833 1367 1914 φιλαργυρίας
1422 1838 1580 1893 αὒτοῦ
1606 1838 1705 1905 τὴν
1747 1828 1913 1894 λιπαἐ

277 1919 373 1997 ρὰν
419 1917 638 1999 ἄρουραν
681 1925 776 1990 τῆς
832 1927 1016 2003 ψυχῆς
1073 1923 1231 1981 αὒτοῦ
1286 1924 1607 2000 ἐλυμήνατο.
1677 1949 1705 1981 α
1754 1917 1810 1983 εΟ
1858 1924 1913 1981 δὲ

276 2007 434 2064 εἶπεν
487 2012 651 2083 αὐτῷ,
709 2010 768 2067 Τί
821 2012 888 2086 με
944 2010 1115 2089 λέγεις
1178 2011 1421 2092 ἀγαθὸν,
1477 2012 1639 2077 οὐδεὶς
1694 2014 1913 2093 ἀγαθὸς,

276 2098 322 2151 εί
344 2098 422 2171 μὴ
464 2100 545 2161 εἷς
578 2100 606 2153 6
650 2098 802 2162 Θεός.
855 2121 878 2157 ο
942 2100 1102 2157 Φύσει
1154 2101 1251 2177 μὲν
1279 2101 1469 2179 ἀγαθὸς
1501 2103 1658 2178 μόνος
1689 2107 1717 2159 6
1749 2104 1910 2168 Θεός*

275 2185 468 2262 γνώμῃ
511 2184 566 2241 δὲ
615 2186 801 2250 ἀθκθδς
851 2189 1011 2264 μόνος
1067 2192 1095 2246 ὁ
1150 2192 1470 2265 θεομίμητος
1524 2192 1720 2269 γίνεται
1755 2210 1768 2225 ’
1832 2194 1916 2250 οὒ-

275 2271 381 2336 δεὶς
412 2272 466 2330 δὲ
496 2276 612 2331 οὔτε
641 2274 843 2351 ὑλικὸς,
901 2277 1017 2333 οὔτε
1071 2277 1227 2341 ἄυλος
1282 2278 1474 2357 ἀγαθός
1532 2280 1641 2336 ἐστι
1698 2281 1911 2360 κυρίως,

272 2363 322 2417 εἰ
377 2363 455 2438 μὴ
511 2364 673 2439 μόνος
729 2367 757 2421 6
812 2366 964 2429 Θεός.
1026 2367 1169 2422 Διότι
1230 2373 1307 2441 τῷ
1359 2368 1455 2442 μὲν
1511 2369 1647 2425 κατὰ
1702 2371 1850 2449 φύσιν
1877 2372 1912 2438 ἡ

274 2451 568 2531 ἀγαθότης,
598 2454 686 2509 καὶ
715 2450 798 2509 διὰ
826 2461 981 2511 τοῦτο
1010 2454 1371 2534 ἀτρεπτοτάτη
1408 2476 1422 2490 ·
1454 2470 1571 2520 τοῖς
1621 2455 1675 2513 δὲ
1732 2455 1915 2522 ἄλλοις

274 2547 438 2596 πᾶσιν
495 2544 709 2619 ὁρατοῖς
765 2545 852 2602 καὶ
928 2543 1169 2623 ἀοράτοις
1252 2546 1388 2601 κατὰ
1455 2547 1775 2626 προαίρεσιν,
1834 2545 1918 2605 διὰ

276 2636 437 2686 τοῦτο
490 2632 714 2709 τρεπτή.
804 2633 902 2691 Καὶ
957 2632 1069 2688 ἐπεὶ
1135 2634 1302 2689 τοίνυν
1361 2637 1510 2698 οὗτος
1565 2637 1594 2691 6
1651 2636 1915 2700 νεανίσκος

274 2715 546 2796 ἄνθρωπον
598 2717 780 2783 ἁπλῶς
855 2721 944 2777 τὸν
1026 2724 1251 2801 Χριστὸν
1328 2721 1690 2799 ὑπελάμϐανεν
1748 2725 1911 2797 εἶναι,

272 2808 363 2862 καὶ
405 2806 598 2885 ἀγαθὸν
655 2810 808 2865 αὐτὸν
866 2808 1133 2890 ἐκάλεσεν,
1190 2815 1293 2891 οὐχ
1346 2813 1421 2875 ὡς
1478 2814 1628 2892 Θεὸν,
1685 2812 1804 2870 ἀλλ’
1847 2815 1916 2879 ὡς

271 2897 569 2978 ἄνθρωπον,
631 2901 718 2956 καὶ
765 2901 837 2962 ὡς
880 2899 971 2956 ἕνα
1018 2906 1122 2958 τῶν
1164 2901 1290 2980 παρ’
1351 2893 1607 2981 Ἑϐραίοις
1664 2902 1915 2960 διδασκά-

2077 1749 2301 1811 Natura
2330 1748 2570 1827 quidem
2600 1748 2761 1809 solus
2788 1748 2945 1810 Deus
2977 1749 3166 1809 bonus
3197 1758 3325 1827 est;
3360 1747 3640 1825 opinione

1997 1850 2136 1893 vero
2162 1835 2323 1895 solus
2367 1834 2558 1896 bonus
2607 1837 2671 1897 ﬁt
2725 1838 2824 1917 qui
2881 1836 3069 1898 Deum
3125 1835 3413 1896 imitatur.
3450 1834 3639 1895 Nemo

1999 1922 2158 1983 enim
2190 1942 2385 2004 neque
2410 1942 2733 2005 corporeus
2764 1943 2958 2006 neque
2991 1923 3429 2004 integerreipsa
3449 1921 3639 1983 bonus

1998 2018 2109 2079 est.
2134 2010 2249 2072 nisi
2277 2012 2439 2073 solus
2469 2012 2646 2075 Deus.
2681 2014 2819 2077 Ideo
2851 2034 2979 2095 quae
3008 2011 3335 2074 secundum
3368 2019 3638 2071 naturam

1997 2106 2089 2159 est
2106 2098 2338 2162 bonitas
2365 2110 2605 2183 propter
2624 2104 2737 2165 hoc
2754 2102 2948 2183 ipsum
2973 2113 3062 2163 est
3085 2098 3524 2162 indefectibilis.
3551 2098 3635 2160 Ex

1996 2185 2128 2249 aliis
2157 2198 2352 2250 autem
2379 2191 2654 2253 omnibus
2683 2190 2785 2272 qui
2832 2210 2960 2252 eam
3016 2198 3256 2271 propter
3285 2187 3636 2249 electionem

1999 2277 2121 2336 sive
2151 2277 2504 2353 visibilibus,
2539 2280 2660 2342 sive
2693 2279 3092 2341 invisibilibus
3111 2276 3301 2338 sortiti
3318 2286 3477 2355 sunt,
3501 2275 3635 2338 ideo

2001 2363 2176 2425 etiam
2210 2375 2398 2446 potest
2426 2367 2738 2450 decidere;
2759 2375 2818 2429 et
2845 2372 3121 2448 quoniam
3152 2364 3252 2425 ille
3282 2362 3635 2425 adolescens

2000 2454 2299 2518 Christum
2357 2476 2586 2519 merum
2646 2458 2949 2519 hominem
3006 2473 3137 2517 esse
3192 2452 3527 2533 suspicatur
3580 2459 3640 2512 et

2000 2541 2220 2603 bonum
2252 2543 2418 2606 illum
2447 2556 2632 2621 vocat,
2668 2566 2787 2608 non
2810 2545 3102 2619 utDeum,
3130 2542 3234 2604 sed
3261 2540 3638 2603 utbominem

2001 2639 2059 2692 et
2089 2651 2269 2693 unum
2329 2653 2399 2695 ex
2449 2634 2715 2697 Hebraeis
2771 2633 3141 2705 doctoribus,
3202 2630 3343 2691 inde
3373 2629 3641 2710 sequitur

2001 2720 2297 2784 Christum
2330 2742 2435 2803 pro
2465 2725 2567 2786 tali
2600 2723 2882 2805 opinione
2927 2731 2990 2785 ut
3035 2719 3340 2783 hominem
3369 2735 3503 2782 cum
3533 2717 3638 2781 illo

1999 2829 2337 2873 sermonem
2371 2812 2635 2876 habere:
2694 2815 2811 2876 Cur
2870 2831 2963 2873 me
3022 2810 3172 2872 dicis
3226 2808 3472 2881 bonum,
3503 2825 3637 2867 cum

1998 2898 2108 2961 sim
2136 2899 2303 2981 juxta
2331 2909 2486 2962 tuam
2520 2902 2867 2983 opinionem
2897 2902 3071 2961 homo
3099 2921 3111 2962 :
3148 2907 3208 2960 ut
3238 2898 3415 2959 homo
3443 2896 3636 2971 enim,

273 2985 411 3059 λῶν,
442 2986 629 3044 λοιπὸν
659 2989 745 3045 καὶ
773 2990 801 3044 6
849 2991 1072 3068 Χριστὸς
1116 2991 1246 3068 πρὸς
1299 2992 1396 3057 τὴν
1456 2992 1703 3059 τοιαύτην
1760 2995 1916 3053 αὐτοῦ

2004 3008 2117 3050 non
2147 3009 2277 3051 sum
2311 2991 2500 3053 bonus
2533 3013 2547 3073 ;
2584 3000 2646 3054 ut
2691 2992 2846 3056 Deus
2862 3009 3021 3064 vero,
3055 2990 3414 3049 immensum
3447 2984 3635 3046 habeo

272 3073 569 3155 ὑπόληψιν,
614 3078 686 3140 ὡς
738 3073 1006 3155 ἅνθρωπος
1062 3079 1202 3152 αὐτῷ
1259 3076 1579 3156 διαλέγεται,
1643 3081 1793 3136 Διατί
1849 3103 1916 3155 με

276 3162 451 3241 λέγεις
504 3164 719 3242 ἀγαθὸν,
772 3165 1042 3244 ἄνθρωπον
1112 3165 1236 3223 ὄντα
1292 3167 1429 3225 κατά
1487 3167 1587 3225 τὴν
1630 3168 1731 3235 σὴν
1778 3170 1916 3226 ὑπό-

273 3250 443 3327 ληψιν
478 3273 493 3333 ;
538 3256 611 3317 ὡς
643 3253 739 3329 μὲν
780 3254 879 3334 γὰρ
910 3253 1202 3334 ἅνθρωπος,
1239 3258 1333 3313 οὒκ
1382 3257 1488 3331 εἰμὶ
1541 3256 1735 3335 ἀγαθός
1767 3273 1781 3287 ⁸
1843 3261 1916 3321 ὡς

274 3336 334 3395 δέ
366 3342 516 3421 Θεὸς,
549 3340 762 3422 ἄπειρον
827 3343 940 3423 ἔχω
981 3346 1041 3399 τὸ
1096 3347 1194 3412 τῆς
1250 3344 1575 3420 ἀγαθότητος
1633 3344 1863 3425 πέλαγος
1900 3367 1913 3379 ⁸

278 3428 442 3503 μόνος
483 3429 581 3508 γὰρ
638 3432 825 3510 κυρίως
896 3431 1087 3510 ἀγαθὸς
1147 3434 1174 3487 6
1231 3432 1382 3495 Θεός.
1428 3441 1591 3492 Τοῦτο
1648 3431 1703 3489 δὲ
1758 3436 1918 3491 εἰπὼν

276 3518 308 3573 6
339 3520 584 3597 Χριστὸς,
638 3522 697 3576 ού
736 3520 856 3584 τοὺς
907 3519 1207 3598 ἀνθρώπους
1264 3520 1589 3600 ἀπεστέρησε
1645 3527 1744 3588 τῆς
1787 3524 1919 3600 ἀγα-

277 3606 527 3689 ρότητος,
559 3606 694 3664 ἀλλά
718 3609 834 3687 περὶ
890 3612 986 3677 τῆς
1049 3610 1234 3689 κυρίως
1290 3609 1619 3687 ἀγαθότητος
1671 3608 1913 3677 ἐδίδαξεν,

282 3679 308 3703 τ,
508 3679 517 3682 -
788 3679 797 3687 .
1115 3679 1125 3689 .
1342 3679 1352 3687 .

297 3704 422 3769 Αμα
463 3693 632 3753 δὲκαὶ
675 3698 772 3765 τὴν
822 3696 1100 3754 κολακείαν
1163 3698 1415 3755 ἀπώσατο
1472 3701 1560 3754 καὶ
1617 3697 1914 3756 ἐπαίδευσεν

271 3784 444 3857 ἡμᾶς,
517 3786 595 3860 μὴ
646 3787 1104 3864 συγκατατίθεσθαι
1159 3801 1278 3850 τοῖς
1337 3787 1593 3850 ἐπαίνοις,
1658 3810 1686 3841 ιιι
1742 3790 1799 3844 Εἰ
1859 3787 1913 3843 δὲ

269 3871 443 3937 θέλεις
488 3874 738 3933 εἰσελθεῖν
768 3879 839 3939 εἷς
883 3878 980 3945 τὴν
1036 3878 1199 3953 ζωὴν,
1230 3880 1461 3955 τήρησον
1491 3878 1584 3940 τὰς
1615 3876 1852 3942 ἐντολάς·
1877 3903 1905 3933 ιι

273 3959 420 4039 λέγει
449 3967 610 4044 αύτῷ,
650 3988 677 4020 α
713 3968 872 4030 Ποίας
906 3986 921 4046 ;
960 3990 988 4022 α
1021 3972 1138 4047 Οὐχ
1166 3969 1239 4031 ὡς
1275 3967 1530 4045 πειράζων
1573 3969 1601 4023 6
1645 3967 1910 4031 νεανίσκος

276 4057 429 4136 εἶπε,
482 4059 659 4133 ποίας,
720 4055 840 4113 ἀλλ’
893 4057 1102 4132 ἐνόμισε
1156 4057 1297 4135 παρὰ
1348 4055 1440 4119 τάς
1485 4057 1703 4131 νομικὰς
1759 4056 1911 4114 ἐντο-

269 4146 395 4219 λὰς,
444 4146 621 4225 ἐτέρας
674 4147 818 4202 εἶναι
876 4143 1092 4208 ἐντολὰς
1157 4146 1251 4207 τὰς
1309 4144 1613 4222 εἶσαγούσας
1684 4147 1756 4209 εἰς
1814 4146 1914 4211 τὴν

270 4235 421 4308 ζωὴν
448 4237 548 4303 τὴν
591 4235 822 4297 αἰώνιον,
891 4257 918 4289 α
977 4226 1034 4292 Ὀ
1092 4232 1148 4290 δὲ
1191 4232 1397 4301 Ἰησοῦς
1441 4234 1566 4291 εἶπε
1607 4236 1692 4307 τὸ,
1727 4236 1799 4291 06
1825 4258 1914 4313 φο-

2002 3077 2279 3140 bonitatis
2303 3078 2571 3160 pelagus.
2591 3080 2762 3143 Solus
2785 3080 2943 3141 enim
2971 3096 3108 3140 vere
3129 3077 3321 3139 bonus
3338 3081 3429 3137 est
3458 3074 3636 3136 Deus.

1999 3167 2064 3230 Id
2094 3187 2232 3230 vero
2289 3169 2496 3231 dicens
2551 3170 2840 3245 Christus,
2901 3188 3019 3230 non
3076 3165 3350 3228 homines
3379 3162 3644 3225 bonitate

2001 3256 2293 3332 destituit,
2326 3258 2429 3319 sed
2464 3277 2566 3321 eos
2596 3259 2797 3320 docuit
2851 3276 2983 3340 quae
3013 3274 3149 3319 vera
3178 3255 3252 3317 sit
3282 3252 3540 3315 bonitas.
3571 3250 3644 3313 Et

2001 3345 2179 3407 simul
2204 3346 2520 3409 blanditias
2542 3348 2781 3426 repulit,
2808 3355 2864 3409 et
2890 3345 3213 3408 noslaudes
3235 3361 3351 3404 non
3374 3358 3639 3422 quaerere

2002 3444 2204 3497 monet
2230 3458 2243 3495 :
2274 3462 2301 3492 ι
2327 3435 2391 3499 Si
2413 3436 2572 3498 enim
2597 3437 2683 3497 vis
2701 3438 2757 3497 in
2783 3438 2957 3497 vitam
2981 3433 3235 3514 ingredi,
3270 3448 3439 3491 serva
3466 3448 3639 3490 man-

2001 3523 2158 3604 data,
2200 3548 2223 3581 ιι
2260 3525 2471 3605 inquit.
2514 3554 2536 3581 ιι
2578 3525 2720 3597 Quae
2746 3525 2777 3584 ‘I
2836 3550 2859 3583 ο
2894 3526 3024 3585 Νοιι
3057 3531 3120 3584 ιιι
3151 3528 3381 3583 tentans
3403 3518 3643 3597 juvenis

1999 3611 2145 3673 dixit
2176 3629 2190 3674 :
2248 3632 2379 3693 quae
2412 3630 2427 3687 ;
2479 3613 2584 3673 sed
2639 3612 2859 3693 putavit
2890 3630 3020 3674 esse
3051 3618 3260 3691 praeter
3293 3607 3442 3686 legis
3468 3625 3641 3667 man-

1998 3701 2160 3776 data,
2194 3701 2308 3762 alia
2338 3701 2613 3762 mandata
2643 3702 2702 3762 in
2733 3701 2907 3762 vitam
2939 3710 3220 3762 aeternam
3252 3696 3641 3759 introducen-

1997 3788 2112 3850 tia:
2148 3814 2172 3843 α
2196 3788 2369 3851 Jesus
2385 3798 2581 3852 autem
2606 3791 2791 3852 dixit:
2845 3789 2973 3851 Non
2996 3788 3274 3868 occides;
3326 3804 3443 3846 non
3475 3785 3647 3845 adul-

1995 3876 2250 3955 terabis;
2267 3897 2383 3938 non
2407 3878 2624 3940 furtum
2641 3879 2849 3960 facies;
2869 3898 2983 3939 non
3005 3878 3216 3940 falsum
3235 3872 3645 3938 testimonium

1994 3966 2202 4047 dices;
2237 3967 2459 4028 honora
2506 3978 2729 4048 patrem
2764 3977 2927 4029 tuum
2960 3976 3019 4030 et
3051 3975 3300 4027 matrem
3324 3972 3482 4024 tuam
3512 3983 3528 4043 ;
3590 3971 3650 4023 et

1995 4054 2207 4134 diliges
2239 4055 2573 4133 proximum
2602 4065 2791 4133 tuum,
2852 4056 3005 4118 sicut
3060 4055 3340 4135 teipsum.
3374 4051 3527 4113 Dicit
3559 4051 3646 4111 illi
3728 4085 3731 4089 -

1996 4143 2345 4206 adolescens
2370 4165 2385 4224 ;
2406 4145 2541 4207 Haec
2566 4147 2764 4208 omnia
2787 4145 3012 4207 servavi
3035 4163 3102 4206 ex
3120 4145 3431 4223 juventute
3446 4159 3639 4202 mea.»

1999 4230 2346 4294 Summatim
2406 4234 2552 4313 legis
2611 4235 2891 4296 mandata
2945 4232 3311 4295 adolescenti
3370 4231 3647 4311 proponit

274 4325 500 4403 νεύσεις,
548 4326 608 4381 οὔ
652 4323 980 4403 μοιχεύσεις,
1033 4325 1092 4380 οὗ
1138 4321 1377 4397 κλέψεις,
1437 4345 1495 4379 ου
1551 4320 1914 4402 ψευδομαρ.υ-

2004 4323 2298 4402 sapienter
2327 4324 2617 4395 Christus,
2655 4344 2724 4386 ea
2753 4324 2927 4385 simul
2960 4325 3185 4385 honore
3239 4320 3639 4393 circumdans,

274 4414 478 4493 ρήσεις.
510 4413 646 4485 Τίμα
692 4413 783 4468 τὸν
826 4411 1026 4491 πατέρα
1083 4433 1175 4469 σου
1216 4412 1305 4466 καὶ
1357 4412 1455 4478 τὴν
1499 4411 1703 4489 μητέρα
1761 4433 1852 4468 σου
1900 4431 1911 4442 ’

274 4501 367 4558 καὶ
408 4501 702 4579 ἀγαπήσεις
753 4501 844 4556 τὸν
899 4499 1124 4567 πλησίον
1189 4522 1281 4556 σου
1339 4502 1412 4565 ὡς
1465 4500 1703 4558 σεαυτόν.
1764 4499 1918 4577 Λέγει

277 4589 423 4664 αὒτῷ
492 4592 519 4645 6
594 4590 860 4651 νεανίσκος
892 4605 908 4621 ⁹
983 4589 1160 4644 Πάντα
1217 4595 1378 4644 ταῦτα
1448 4585 1781 4667 ἐφυλαξάμην
1861 4588 1922 4643 ἐκ

279 4678 531 4745 νεότητός
575 4700 699 4752 μου.
737 4701 764 4731 ιι
800 4677 903 4740 Τὰς
960 4675 1477 4757 κεφαλαιωδεστὲρας
1530 4676 1636 4732 τῶν
1690 4683 1923 4752 νομικῶν

281 4765 507 4823 ἐντολῶν
548 4766 805 4845 προτείνει
863 4771 939 4840 τῷ
993 4766 1246 4838 νεανίσκῳ
1305 4766 1649 4839 οἰκονομικῶς
1702 4767 1731 4820 6
1788 4772 1922 4843 Χρι-

282 4856 429 4934 στὸς,
474 4854 586 4930 ἅμα
636 4856 734 4929 μὲν
778 4861 948 4929 τιμῶν
991 4853 1175 4926 αὐτὰς,
1228 4852 1321 4907 ἵνα
1378 4853 1457 4927 μὴ
1528 4850 1651 4927 δόξῃ
1696 4851 1925 4917 ἐναντίος

283 4949 359 5016 τῷ
416 4944 560 5020 νόμῳ
593 4962 606 4977 ’
651 4943 763 5018 ἅμα
819 4942 873 4998 δὲ
915 4944 1024 5016 καὶ,
1084 4941 1176 4996 ἵνα
1218 4939 1353 5020 (39)
1398 4937 1559 5019 δείξῃ,
1589 4939 1669 4996 ὅτι
1700 4944 1727 4997 6
1770 4941 1824 4997 ἐν
1850 4949 1929 5017 τῷ

283 5031 429 5107 νόμῳ
470 5034 691 5108 νομίζων
720 5034 860 5089 εἶναι
889 5030 1114 5104 τέλειος,
1161 5031 1235 5092 εἰς
1278 5032 1377 5095 τὴν
1423 5027 1599 5107 ἀρχὴν
1630 5036 1722 5085 τοῦ
1765 5029 1927 5109 e617-

284 5119 494 5200 γελικοῦ
561 5121 726 5197 νόμου
799 5117 994 5189 ἀτελής
1048 5117 1215 5179 ἐστιν.
1291 5113 1578 5194 Ἐγίνωσκε
1662 5119 1783 5197 γὰρ,
1857 5122 1930 5189 ὡς

282 5212 628 5289 προγνώστης
698 5211 853 5289 Θεὸς,
932 5206 1012 5263 ὅτι
1096 5206 1263 5269 οὕτως
1346 5205 1780 5284 ἀποκριθήσεται,
1852 5209 1932 5267 ὅτι

280 5464 294 5478 .
359 5384 479 5477 (βῖ)
510 5409 538 5441 α
556 5393 652 5478 ςιςῷ
680 5386 847 5464 καιρῷ
865 5383 1074 5475 ἐκείνῳ.
1099 5408 1131 5478 ξ
1153 5383 1358 5478 Matth.
1385 5384 1617 5478 xix,“16
1642 5385 1935 5478 seqq..Sic

277 5464 739 5546 incipiunthanc
754 5461 1090 5545 pericapam
1106 5463 1496 5527 Lectionaria.
1511 5461 1657 5526 Nam
1679 5461 1744 5526 in
1758 5461 1933 5529 editis

276 5563 399 5607 non
429 5545 650 5624 legitur
678 5568 743 5625 γο
756 5551 1006 5606 θυτιετῶν.

2000 4429 2076 4471 ne
2127 4412 2461 4473 contrarius
2518 4413 2632 4491 legi
2693 4414 3045 4483 videretur;
3104 4411 3280 4473 simul
3329 4417 3525 4471 autem
3584 4414 3648 4468 ut

2002 4499 2343 4561 ostenderet
2366 4519 2501 4561 eum
2527 4503 2626 4581 qui
2643 4521 2706 4563 se
2727 4502 2784 4562 in
2808 4502 2934 4580 leg«-
2953 4501 3280 4581 perfectum
3301 4518 3431 4560 esse
3445 4498 3651 4559 crede-

2002 4594 2113 4660 ret,
2140 4587 2312 4648 vilem
2333 4606 2463 4649 esse
2485 4590 2572 4650 vel
2596 4590 2748 4670 quod
2770 4591 2840 4651 ad
2861 4586 3644 4669 evangelicaelegisinitinm.

2008 4674 2243 4738 Sciebat
2272 4676 2455 4751 enim,
2490 4686 2551 4738 ut
2581 4678 2913 4759 praevidens
2942 4678 3122 4753 Deus,
3144 4678 3310 4739 illum
3334 4693 3650 4755 reSponsu-

2008 4783 2140 4825 rum
2174 4783 2305 4826 esse
2338 4766 2614 4828 mandata
2645 4785 2709 4829 se
2740 4776 3083 4829 exsecutum
3138 4785 3267 4828 esse
3299 4772 3357 4827 et
3383 4764 3648 4825 custodi-

2010 4853 2161 4914 visse
2194 4872 2261 4914 ex
2293 4854 2691 4917 adolescentia
2722 4876 2847 4918 sua.
2885 4857 3023 4918 Idee
3055 4866 3112 4919 et
3141 4873 3314 4916 unam
3367 4872 3433 4914 ex
3468 4870 3648 4913 evan-

2010 4942 2479 5020 gelicislegibus
2532 4945 2894 5025 protendens
2956 4943 3240 5007 Dominus
3283 4940 3647 5003 adolescenti

2017 5030 2285 5111 pecuniae
2328 5032 2563 5093 avidum
2619 5034 2780 5093 illum
2839 5051 2969 5094 esse
3021 5031 3275 5094 convicit
3320 5038 3651 5110 opportune

2018 5128 2076 5180 et
2102 5118 2407 5181 evidenter
2427 5122 2690 5183 ostendit
2707 5122 3008 5181 avaritiam
3030 5137 3240 5180 omnes
3258 5118 3504 5179 virtutes
3518 5117 3649 5196 pol-

2018 5207 2204 5283 luere,
2239 5216 2297 5270 et
2350 5206 2487 5269 inde
2535 5209 2872 5289 fugiendam
2936 5217 2996 5270 et
3049 5205 3453 5289 repellendam
3501 5205 3651 5266 hanc

2099 5383 2221 5465 (38')
2253 5404 2281 5444 ι
2333 5393 2378 5442 Η
2504 5384 2723 5465 ἄκανθα.
2774 5405 2800 5442 ιι
2841 5383 3166 5465 Eleganter
3200 5382 3333 5465 haec
3355 5381 3525 5445 dixit.

2095 5462 2219 5543 (39)
2256 5486 2280 5521 α
2336 5476 2423 5523 Iv:
2451 5463 2610 5541 δείξῇ,
2646 5464 2724 5521 ὅτι
2757 5465 2902 5543 ῥέν.
2945 5462 2973 5519 ιι
3004 5463 3103 5527 Sic
3132 5463 3273 5525 dedi
3302 5463 3377 5526 de
3405 5462 3651 5528 meo.[n

2013 5531 2146 5610 cod.
2180 5531 2388 5606 vitiose
2418 5531 2743 5624 legebatur:
2779 5531 2880 5604 ⁵ινα
2909 5543 3033 5623 δόξῃ
3062 5543 3143 5602 ὅτι
3173 5544 3250 5602 ἐν.
