4008 6114
472 220 621 285 1215

1544 223 1600 287 J.
1649 223 2033 289 XIPHILINI
2074 229 2189 291 GP.
2234 230 2750 296 PATRIARCHE

3674 241 3803 307 1216

465 355 847 437 cupiditatem
865 354 1147 452 jussit.Ut
1172 356 1331 418 enim
1347 356 1505 452 dixit
1516 357 1947 452 adolescenssi
1959 356 2106 452 legis

2195 363 2509 442 κατώρθωσε
2578 367 2672 431 τὰς
2726 366 2943 433 ἐντολὰς
3011 372 3100 427 καὶ
3156 370 3408 452 ἐφύλαξεν
3473 372 3537 429 ἐκ
3576 373 3803 441 νεότητος.

464 452 759 526 praecepta
782 446 1059 519 custodit,
1096 464 1309 525 magna
1345 447 1589 509 omnino
1627 447 1911 528 implevit.
1948 446 2112 520 Quo-

463 536 641 597 modo
672 543 867 596 autem
901 535 1088 615 potuit
1119 534 1218 596 ille
1249 535 1608 615 proximum,
1642 544 1708 597 ut
1736 536 1999 616 seipsum
2029 536 2116 598 di-

461 622 648 701 ligere
677 623 727 683 si
750 624 876 701 ipse
898 624 1136 704 quidem
1163 622 1328 684 dives
1356 632 1532 687 esset.
1579 625 1881 704 proximus
1920 632 2112 687 autem

463 717 716 791 pauper?
737 710 920 773 Nemo
941 711 1097 773 enim
1115 712 1447 793 proximum
1464 711 1722 792 diligens
1738 720 1800 773 ut
1817 712 2105 793 seipsum,

462 798 731 878 proximo
755 799 877 860 vult
897 818 1028 861 esse
1052 799 1471 863 ditior.0mnis
1495 808 1690 863 autem
1714 802 1890 862 homo
1915 802 2110 880 proxi-

461 904 591 946 mus
623 887 859 948 dicitur.
912 888 985 949 Et
1021 889 1071 949 si
1105 888 1420 949 amavisset
1471 889 1801 969 proximum
1840 890 2105 969 juvenis,

462 975 777 1055 participes
800 994 1002 1037 eorum
1044 996 1175 1058 quaa
1196 976 1472 1048 habebat.
1505 977 1748 1039 fecisset
1780 995 1985 1058 parum
2019 978 2107 1039 vel

460 1063 605 1125 nihil
635 1063 943 1125 habentes.
965 1065 1118 1138 Quid
1161 1065 1340 1143 igitur
1368 1073 1426 1125 et
1453 1065 1655 1127 dicere
1676 1066 1958 1144 juvenem
1990 1065 2107 1127 im-

462 1153 713 1234 plevisse
733 1152 923 1215 ethoc
965 1163 1326 1235 praeceptum
1369 1162 1427 1217 et
1465 1154 1581 1217 alia
1612 1154 1760 1234 legis
1790 1162 2107 1236 praecepta,

460 1250 525 1303 ut
539 1241 777 1321 juvenis
808 1260 873 1303 se
916 1243 1261 1323 implevisse
1289 1242 1640 1306 asserebat?
1663 1242 1913 1305 Amabat
1948 1244 2109 1306 enim

458 1330 790 1411 proximum
820 1331 973 1393 sicut
1004 1331 1299 1413 seipsum,
1328 1332 1433 1393 sed
1456 1331 1535 1393 ita
1558 1339 1621 1393 ut
1645 1331 1796 1393 nihil
1829 1331 1914 1393 illi
1943 1331 2111 1395 noci-

457 1419 514 1479 vi
559 1420 827 1493 inferret,
876 1438 996 1481 non
1029 1428 1087 1482 et
1129 1420 1297 1481 illum
1353 1421 1723 1501 propriarum
1774 1420 2109 1482 divitiarum

462 1513 808 1593 participem
858 1513 1100 1576 faceret.
1136 1514 1199 1577 Id
1249 1512 1408 1575 enim
1456 1511 1710 1575 sublime
1744 1522 1802 1574 et
1832 1531 2107 1593 magnum

460 1611 516 1664 et
548 1601 792 1665 Judaica
822 1603 1096 1665 vecordia
1126 1602 1328 1665 altius.

460 1691 625 1756 δόλως
662 1691 907 1772 ἔχοντας.
946 1695 1006 1750 Σί
1034 1695 1122 1751 οὖν
1153 1694 1292 1751 ἔστιν
1345 1697 1537 1774 εἰπεῖν,

2202 452 2300 507 Διὰ
2356 460 2511 510 τοῦτο
2552 457 2639 511 καὶ
2685 456 2809 531 μίαν
2867 464 2971 516 τῶν
3032 459 3386 538 εῦαγγελικῶν
3428 461 3653 520 ἐντολῶν
3702 486 3807 541 προ·

2196 544 2368 604 τείνας
2425 550 2501 617 τῷ
2568 545 2823 618 νεανίσκῳ
2891 549 2919 602 6
3007 548 3218 627 Κύριος,
3278 548 3600 630 φιλάργυρον
3658 550 3809 628 ἤλεγξε

2197 639 2378 719 τοῦτον
2439 632 2580 688 εἶναι
2620 652 2632 665 ”
2695 635 3004 713 εὐαφόρμως
3057 635 3111 692 δὲ
3164 639 3252 694 καὶ
3294 642 3541 716 καθαρῶς

2198 715 2355 784 ἔδειξε
2440 720 2536 786 τὴν
2607 720 2948 802 φιλαργυρίαν
3028 726 3202 789 πάσας
3276 715 3672 803 λυμαινομένην
3736 729 3810 791 τίις

2191 805 2402 887 ἀρετὰς,
2446 809 2534 865 καὶ
2595 810 2700 866 ἀπὸ
2766 813 2950 869 τούτου
3006 834 3226 892 φε.ικτον
3277 816 3339 871 τὸ
3391 823 3636 873 τοιοῦτον
3678 817 3809 879 ﬁdo;

2190 896 2277 950 καὶ
2309 894 2666 974 ἀποτρόπαιον
2721 896 3021 976 διωρ’σιτο.
3082 903 3266 964 Καθὼς
3301 900 3421 981 (41)
3484 900 3543 958 δὲ
3613 904 3750 959 εἶπεν
3790 906 3810 959 6

2193 984 2479 1057 νεανίσκος,
2514 985 2558 1040 εἰ
2586 984 2804 1064 ἐφύλαξε
2832 988 2927 1049 τὰς
2981 997 3073 1047 τοῦ
3114 989 3275 1064 νόμου
3330 989 3581 1063 ἐντολὰς,
3638 991 3808 1067 μεγάλα

2194 1070 2404 1135 πάντως
2436 1074 2769 1152 κατώρθωσε,
2820 1077 2942 1138 Πῶς
2981 1073 3036 1132 δέ
3080 1074 3275 1156 ἴσχυσε
3321 1077 3539 1142 ἐκεῖνος
3568 1083 3803 1157 κατορθῶ-

2193 1180 2280 1215 σαι
2309 1161 2371 1216 τὸ
2399 1159 2610 1239 ἀγαπᾷν
2653 1162 2746 1218 τὸν
2796 1161 3043 1244 πλησίον,
3103 1166 3177 1229 ὡς
3232 1168 3443 1244 ἑαυτὸν,
3492 1167 3650 1247 εἴπερ
3689 1170 3809 1232 αὖτδς

2195 1248 2290 1322 μὲν
2345 1247 2593 1313 πλούσιος
2620 1250 2712 1325 ἦν,
2745 1252 2772 1306 6
2802 1248 2857 1307 δὲ
2886 1250 3111 1319 πλησίον
3159 1255 3382 1334 πτωχός
3417 1275 3435 1335 ;
3504 1254 3679 1321 Οὗδεὶς

2193 1337 2414 1415 ἀγαπῶν
2457 1340 2547 1393 τὸν
2602 1337 2830 1406 πλησίον
2873 1342 2945 1404 ὣς
2990 1342 3198 1418 ἑαυτὸν,
3260 1343 3659 1424 πλαυσιώτερος
3705 1345 3809 1402 θέλει

2193 1424 2336 1481 εἶναι
2379 1424 2471 1481 τοῦ
2539 1425 2763 1493 πλησίον
2800 1446 2815 1460 ·
2860 1434 2965 1491 πᾶς
3000 1428 3126 1505 (42)
3166 1428 3220 1486 δὲ
3277 1431 3556 1511 ἄνθρωπος
3627 1432 3811 1498 πλησὶσν

2191 1511 2402 1590 λέγεται
2472 1515 2561 1569 καὶ
2613 1516 2657 1570 εἷ
2710 1515 2896 1593 ἠγάπα
2970 1518 3062 1574 τὸν
3132 1517 3358 1585 πλησίον
3442 1523 3472 1576 6
3549 1521 3806 1592 νεανίσκος,

2191 1600 2465 1679 ἐμερίσατο
2514 1601 2596 1675 ἂν,
2645 1602 2743 1660 ὅσα
2789 1604 3042 1672 ἐκέκτητο
3083 1609 3214 1686 πρὸς
3263 1609 3387 1671 τοὺς
3432 1609 3595 1687 ὀλίγα
3653 1610 3688 1678 ἢ
3736 1613 3806 1665 0'3-

1583 1694 1662 1751 ὅτι
1722 1695 2034 1771 κατώρθωσε
2090 1690 2179 1748 καὶ
2234 1690 2431 1757 ταύτην
2487 1691 2585 1758 τὴν
2639 1692 2881 1767 ἐντολὴν,
2940 1695 3029 1751 καὶ
3082 1696 3170 1760 τὺς
3238 1695 3406 1761 ἀλλας
3464 1700 3498 1753 6
3549 1700 3810 1766 νεανίσκος,

459 1784 530 1844 ὡς
562 1781 810 1862 ἐνεχώρει
842 1785 959 1840 τότε
987 1789 1267 1863 κατορθοῦν
1314 1786 1472 1846 αὐτάς
1509 1800 1523 1814 ⁸
1581 1785 1763 1863 ἠγάπα
1813 1782 1908 1858 μὲν
1953 1782 2051 1858 γαρ
2092 1780 2183 1836 τὸν
2230 1777 2458 1844 πλησίον
2512 1781 2584 1843 ὡς
2631 1781 2836 1855 ἑαυτὸν,
2883 1779 3002 1837 ἀλλ’
3047 1782 3183 1839 ὥστε
3213 1782 3380 1859 μηδὲν
3412 1784 3564 1860 αῦτῷ
3591 1784 3812 1863 βλαϐερὸν

460 1869 793 1936 ἐνδείξασθαι.
828 1876 886 1930 οῦ
913 1874 1041 1949 μὴν,
1076 1875 1213 1931 ὥστε
1242 1876 1651 1953 συμμερίσασθαι
1696 1877 1836 1947 αὖτῷ
1864 1873 1954 1928 τὸν
1982 1867 2116 1926 ἴδιον
2145 1866 2369 1925 πλοῦτον
2405 1885 2417 1899 ·
2451 1875 2604 1925 τοῦτο
2635 1872 2732 1949 γὰρ
2762 1871 2967 1947 ὑψηλὸν
2997 1875 3085 1930 καὶ
3113 1874 3251 1953 μέγα
3302 1875 3393 1930 καὶ
3423 1879 3529 1941 τῆς
3575 1873 3813 1941 {ou-301117,;

461 1984 502 2039 χ
505 1961 821 2035 αμαιζηλίας
852 1963 1108 2043 ἀνώτερον
1119 2008 1132 2023 .

536 2048 857 2113 Videamus
886 2059 944 2112 et
972 2070 1103 2130 nos,
1136 2054 1348 2115 fratres
1376 2050 1683 2133 Evangelii
1713 2048 2103 2130 discipuli,an
2126 2052 2165 2101 Β

458 2139 789 2221 proximum
823 2140 977 2203 sicut
1006 2161 1114 2203 nos
1135 2161 1404 2219 amenus,
1443 2150 1504 2203 et
1546 2159 1621 2202 an
1650 2139 1819 2201 illum
1861 2137 2105 2220 partici-

459 2248 594 2308 pem
643 2229 927 2293 faciamus
976 2231 1269 2294 honorum
1314 2250 1446 2312 quae
1493 2248 1528 2292 a
1567 2229 1689 2292 Deo
1742 2227 2102 2308 accepimus.

458 2317 634 2379 Pauci
683 2327 878 2381 autem
937 2328 1098 2401 sunt,
1133 2328 1197 2381 ut
1246 2320 1483 2400 opinor,
1545 2318 1587 2380 ii
1627 2318 1728 2399 qui
1771 2316 1951 2379 hodie
1993 2317 2106 2378 hoc

462 2406 800 2469 mandatum
834 2407 1437 2490 adimplent.Quando
1477 2417 1674 2470 autem
1711 2408 1824 2468 hoc
1857 2404 2103 2466 manda-

456 2502 579 2556 tum
602 2513 717 2556 non
735 2496 911 2558 modo
926 2515 1043 2559 non
1063 2496 1519 2576 implemus,sed
1537 2496 1712 2557 etiam
1740 2493 1992 2573 proximi
2008 2493 2106 2554 ho-

457 2601 533 2645 na
549 2582 1255 2665 abripimus,etinjuriam
1294 2586 1348 2647 ei
1390 2586 1638 2647 facimus
1663 2594 1723 2644 et
1766 2601 1902 2644 eum
1936 2580 2104 2643 laedi-

460 2690 614 2747 mus,
631 2680 690 2734 et
710 2673 1147 2735 calumniamur
1165 2682 1222 2736 et
1245 2673 1661 2755 opprimimus,
1680 2690 1798 2752 qua
1814 2669 2108 2732 sententia

457 2769 520 2821 et
548 2776 722 2839 pmna
743 2780 861 2822 non
884 2780 1088 2824 sumus
1112 2761 1315 2841 digni?
1350 2783 1378 2820 α
1398 2760 1681 2840 Quidjam
1707 2778 1799 2821 me
1821 2758 2098 2821 deficit?»

457 2846 607 2920 Quid
624 2848 771 2910 mihi
794 2848 985 2924 deest,
1011 2850 1207 2931 inquit
1243 2849 1375 2911 ille?
1411 2849 1536 2912 Hoc
1562 2848 1770 2911 dicens
1799 2847 2101 2926 signiﬁca-

455 2936 1041 3018 batostendebatque
1071 2957 1136 3000 se
1167 2942 1453 3019 majorem
1486 2955 1703 3017 cupere
1737 2945 1795 2998 et
1824 2944 2103 3017 appetere

455 3026 732 3087 virtutem
762 3048 775 3085 :
811 3050 837 3082 α
863 3026 1021 3088 Dixit
1042 3027 1127 3088 illi
1153 3029 1320 3091 Jesus
1347 3050 1359 3086 :
1390 3027 1453 3089 Si
1482 3026 1568 3087 vis
1597 3025 1894 3106 perfectus
1943 3042 2099 3104 esse,

455 3114 623 3193 vade,
657 3114 846 3176 vende
874 3114 1390 3195 quahabes.etda
1406 3112 1792 3195 pauperibus,
1827 3119 1887 3174 et
1908 3111 2098 3173 habe-

457 3201 546 3263 bis
571 3203 913 3263 thesaurum
935 3202 997 3262 in
1022 3202 1203 3281 caelis,
1239 3211 1299 3264 et
1327 3202 1572 3263 veniens
1603 3217 1855 3280 sequere
1909 3215 2027 3261 me.
2068 3223 2091 3255 η

2271 2028 2483 2120 ΙἸδωμεν
2512 2048 2598 2103 καὶ
2647 2048 2834 2122 ἡμεῖς,
2890 2046 3103 2130 ἀδελφοί
3164 2071 3284 2124 μου,
3343 2052 3392 2106 οἱ
3446 2057 3547 2107 τοῦ
3608 2051 3793 2128 Εὒατγε

2189 2133 2301 2191 λίου
2351 2133 2461 2213 143)
2521 2135 2772 2210 μάλιστα,
2834 2140 2878 2194 εί
2938 2138 3229 2217 ἀγαπῶμεν
3283 2140 3402 2205 τοὺς
3475 2138 3707 2207 πλησίον
3755 2142 3811 2200 ὣς

2188 2224 2426 2297 ἑαυτοὺς,
2511 2225 2598 2280 καὶ
2666 2227 3050 2302 συμμερίζομεν
3122 2231 3329 2306 αὐτοῖς,
3418 2228 3562 2306 ἅπερ
3644 2227 3815 2308 ἔχομεν

2187 2313 2356 2391 ἀγαθὰ
2384 2313 2445 2369 ἐκ
2487 2320 2641 2377 Θεοῦ,
2702 2312 2902 2395 Ὀλίγοι
2945 2316 2999 2373 δέ
3030 2320 3183 2391 εἰσιν,
3241 2321 3316 2381 ὡς
3357 2320 3562 2395 νομίζω
3607 2323 3653 2376 οἱ
3691 2318 3815 2385 πλη-

2188 2411 2394 2480 ροῦντες
2453 2404 2686 2481 σήμερον
2737 2406 2935 2472 ταύτην
2990 2407 3090 2473 τὴν
3147 2405 3392 2477 ἐντολήν.
3443 2389 3565 2464 Ὀτε
3623 2405 3677 2463 δὲ
3704 2405 3818 2483 μηᾶ

2186 2491 2381 2556 ταύτην
2450 2492 2548 2558 τὴν
2606 2490 2824 2560 ἐντολὴν
2880 2501 3157 2575 ποιοῦμεν,
3230 2494 3366 2552 ἀλλὰ
3441 2498 3533 2552 καὶ
3603 2497 3670 2552 τὰ
3729 2502 3815 2552 τῶν

2187 2577 2413 2645 πλησίον
2470 2581 2790 2661 ἁρπαζομεν,
2850 2584 2939 2639 καὶ
3000 2581 3278 2659 ἀδικοῦμεν
3328 2585 3419 2640 καὶ
3474 2583 3812 2643 πλεονεκτοῦ-

2188 2687 2308 2745 μεν,
2381 2668 2469 2724 καὶ
2533 2665 2884 2744 διαϐάλλομεν
2963 2671 3050 2725 καὶ
3108 2678 3551 2750 στενοχωροῦμεν
3629 2671 3810 2740 αὐτοὺς,

2186 2757 2338 2821 ποίας
2398 2753 2681 2823 καταδίκης
2763 2759 2851 2814 καὶ
2926 2756 3197 2823 κολάσεως
3282 2763 3378 2817 οὒκ
3434 2758 3603 2835 ἐσμὲν
3656 2757 3807 2836 ἄξιος

2193 2865 2220 2897 α
2253 2844 2313 2901 Τί
2354 2843 2430 2900 ἔτι
2482 2846 2702 2924 ὑστερῶ,
2748 2864 2772 2902 ι
2816 2848 2876 2904 Τί
2903 2845 3181 2923 λείπομαι,
3235 2846 3380 2926 λέγει
3438 2850 3466 2904 6
3525 2848 3808 2923 νεανίσκος;

2186 2939 2350 2990 Τοῦτο
2397 2931 2453 2989 δὲ.
2500 2935 2648 2990 ειπὸν
2706 2934 2950 3015 ἐνέφηνε,
2992 2937 3083 2992 καὶ
3139 2933 3408 3010 ἧδήλωσε,
3455 2934 3542 2992 ὅτι
3601 2937 3808 3011 μείζονος

2184 3018 2428 3096 ἐπιθυμεῖ
2470 3023 2557 3078 καὶ
2598 3022 2794 3102 ἐφίεται
2869 3024 3083 3102 ἀρετῆς.
3147 3047 3171 3078 α
3254 3031 3369 3102 Εφη
3430 3028 3577 3098 αῦτῷ
3633 3027 3659 3079 6
3712 3021 3809 3086 Ἰη-

2184 3119 2304 3173 σοῦς
2337 3126 2352 3141 ⁸
2406 3112 2460 3168 Εἰ
2489 3109 2655 3174 θέλεις
2714 3110 2912 3174 τέλειος
2961 3115 3126 3189 εἶναι,
3172 3111 3365 3191 ὕπαγε,
3422 3113 3683 3178 πώλησόν
3735 3131 3811 3165 σου

2182 3198 2249 3253 τὰ
2276 3199 2606 3278 ὑπάρχοντα,
2664 3202 2753 3256 καὶ
2808 3198 2895 3264 δὸς
2938 3214 3211 3281 πτωχοῖς,
3255 3203 3343 3256 καὶ
3384 3199 3520 3267 ἕξεις
3576 3200 3811 3276 θησαυρὸν

459 3293 603 3355 Cum
634 3290 807 3361 bona,
846 3290 1066 3352 divitiae
1101 3309 1341 3370 nempe,
1383 3288 1744 3370 impedirent
1787 3286 2101 3368 quominus

2194 3286 2237 3341 ἐν
2299 3289 2562 3367 οὖρανοῖς,
2630 3290 2719 3346 καὶ
2772 3288 2940 3367 δεῦροι
2998 3288 3269 3347 ἀκολούθει
3328 3311 3443 3364 μοι.
3522 3312 3552 3344 ι
3620 3284 3812 3349 Ἐπειδῆ

457 3379 652 3458 ipsum
685 3387 1056 3460 sequeretur,
1076 3378 1247 3459 jubet
1269 3378 1537 3441 Christus
1550 3380 1829 3456 juvenem
1856 3393 1926 3436 ea
1953 3394 2100 3437 ven-

458 3467 601 3530 dere
634 3475 693 3529 et
724 3467 864 3529 dare
895 3468 1277 3549 pauperibus,
1326 3476 1385 3529 et
1420 3467 1504 3529 sic
1545 3465 1882 3545 expeditum
1934 3464 2102 3544 sequi

459 3556 947 3637 ipsum.Habebis
966 3566 1161 3620 autem
1186 3554 1703 3631 thesaurum,dicit
1732 3551 2104 3614 adolescenti

459 3645 768 3713 Dominus.
801 3654 864 3708 ut
894 3646 1022 3725 ejus
1074 3647 1373 3709 avaritiam
1425 3644 1851 3714 consolaretur,
1896 3640 2103 3721 illique

459 3734 845 3814 polliceretur
890 3753 956 3797 se
1003 3753 1239 3797 rursum
1281 3733 1810 3795 thesaurizaturum
1864 3747 1994 3791 esse
2046 3736 2102 3791 et

460 3822 701 3901 quidem
736 3823 1015 3885 meliores
1028 3824 1362 3886 thesauros.
1389 3822 1455 3883 In
1478 3821 1646 3883 caelis
1669 3818 1853 3900 enim,
1885 3817 2099 3899 inquit,

459 3910 707 3973 habebis
729 3911 1098 3973 thesaurum.
1117 3910 1394 3974 Ostendit
1413 3918 1609 3971 autem
1633 3925 1740 3987 per
1769 3907 1894 3967 haec
1925 3906 2103 3968 verba

460 4007 727 4079 paratum
762 4017 999 4079 semper
1038 3999 1110 4060 iis
1141 3999 1241 4078 qui
1290 4017 1417 4060 eam
1470 4004 1774 4059 merentur
1814 3996 2103 4055 bonarum

436 4087 756 4153 .actionum
787 4090 1150 4149 mercedem.
1179 4086 1488 4149 «Veniens
1517 4102 1767 4165 sequere
1800 4100 1917 4154 me,
1956 4107 1983 4137 ι»
2018 4082 2103 4142 di-

463 4176 615 4237 citur
645 4194 751 4256 pro
783 4176 1022 4238 ambula
1068 4175 1129 4236 in
1183 4194 1327 4236 meae
1369 4174 1499 4236 vitae
1548 4171 1831 4250 vestigiis,
1868 4178 1924 4231 et
1957 4169 2105 4230 meis

462 4264 693 4342 legibus
723 4265 1093 4345 obtempera.
1124 4264 1186 4328 Id
1211 4271 1266 4325 te
1288 4264 1475 4333 deest,
1513 4262 1613 4343 qui
1642 4260 1789 4340 legis
1813 4266 2104 4339 praecepta

461 4351 824 4431 adimplesti.
851 4386 927 4395 —
958 4377 985 4407 α
1017 4354 1334 4433 Postquam
1366 4360 1560 4414 autem
1596 4351 1721 4411 haec
1769 4347 1961 4433 verba,
1994 4364 2103 4407 au-

462 4439 573 4501 diit
600 4438 949 4500 adolescens
980 4439 1125 4502 abiit
1172 4432 1377 4503 tristis.
1426 4437 1693 4501 Habebat
1740 4435 1897 4498 enim
1950 4432 2106 4495 bona

463 4527 682 4589 multa:
717 4549 739 4584 ι
776 4527 1009 4598 Quanto
1059 4529 1284 4607 majora
1333 4526 1693 4609 possidebat,
1730 4531 1887 4585 tanto
1918 4522 2106 4599 magis

460 4633 671 4678 eorum
693 4631 898 4675 servus
921 4616 1313 4677 erat.Etenim
1343 4615 1673 4677 divitiarum
1699 4618 2100 4708 augmentum,

2194 4612 2389 4708 ἐπῆλθε
2420 4611 2449 4668 λ
2458 4614 2743 4689 δποῦμενος
2781 4634 2794 4647 ·

457 4711 838 4781 augmentum
870 4703 1014 4763 facit
1038 4703 1314 4766 avaritias.
1349 4703 1535 4767 Causa
1564 4702 1747 4777 igitur
1774 4699 1953 4778 hujus
1973 4698 2105 4759 tris-

460 4793 606 4855 titiae
641 4801 702 4857 et
750 4790 1095 4854 diffidentiae
1135 4802 1260 4854 erat
1309 4809 1522 4871 magna
1573 4789 1907 4852 divitiarum
1965 4805 2106 4866 pos-

462 4882 673 4945 sessio.
708 4880 851 4944 Cum
885 4881 1043 4943 enim
1090 4901 1208 4943 non
1259 4889 1458 4963 posset
1486 4880 1678 4961 sequi,
1714 4878 1861 4940 abiit
1893 4875 2099 4936 tristis.

461 5005 541 5017 ——
565 4992 587 5026 ι
612 4969 783 5033 Jesus
799 4978 993 5032 autem
1016 4969 1164 5032 dixit
1193 4968 1503 5051 discipulis
1540 4968 1662 5029 suis
1693 4986 1707 5031 :
1743 4970 1937 5030 Amen
1969 4963 2102 5025 dico

544 5145 674 5229 ςᾹ-Ο)
699 5169 723 5203 ιι
754 5153 1025 5229 Καθαροῦς,
1053 5174 1080 5206 ι)
1109 5150 1149 5213 i.
1184 5168 1238 5211 e.
1273 5154 1472 5228 σχφῶς.
1525 5144 1625 5208 Sic
1676 5143 1772 5205 hic
1820 5161 1977 5225 saepe
2019 5143 2119 5213 uti.

467 5225 620 5287 solet
649 5227 760 5289 hoc
786 5225 1095 5290 vocabulo.

552 5304 676 5385 (41)
735 5326 764 5365 (
811 5312 992 5374 Καθὼς
1043 5308 1094 5365 δὲ
1152 5310 1487 5385 κατώρθωσε.
1536 5329 1563 5360 ›)
1595 5305 1739 5385 Ηὶἰξρ
1770 5302 1898 5385 sine
1920 5303 2109 5385 dubio

465 5382 751 5468 corrupta
774 5394 931 5468 sunt,
966 5406 1076 5468 nec
1109 5382 1336 5467 adjuvat
1376 5386 1472 5465 hic
1502 5384 1685 5468 codex
1709 5382 1893 5468 B.qu_i
1916 5383 1973 5468 in
1994 5382 2109 5445 alia

466 5462 669 5527 omnia
696 5462 971 5530 discedit.
1004 5462 1303 5530 Forle'hic
1356 5462 1516 5528 locus
1568 5465 1653 5524 sic
1685 5462 1965 5544 constitui
1999 5481 2109 5544 po-

466 5553 621 5609 test:
685 5546 873 5614 Καλῶς
923 5546 978 5604 δὲ
1034 5551 1204 5604 εἰπεῖν
1249 5552 1275 5605 6
1333 5548 1623 5620 νεανίσκος,
1680 5546 1735 5599 Ei.
1764 5542 2110 5622 ἐφύλαξα-τας

2184 3375 2248 3433 τὰ
2298 3376 2630 3456 ὑπάρχοντα,
2690 3376 2980 3457 τουτέστιν,
3035 3380 3063 3434 6
3123 3375 3346 3440 πλοῦτος
3403 3374 3655 3453 ἐμπόδιον
3694 3375 3811 3442 ἦσαν

2182 3472 2275 3522 τοῦ
2330 3463 2699 3538 ἀκολουθῆναι,
2756 3464 2956 3522 κελεύει
3017 3466 3045 3521 ό
3126 3467 3347 3544 Χριστὸς
3431 3473 3512 3536 τῷ
3584 3466 3812 3532 νεανίσκῳ

2181 3549 2429 3619 πωλῆσαι
2460 3560 2621 3609 ταῦτα
2647 3556 2735 3610 καὶ
2773 3552 2949 3609 δοῦναι
2991 3567 3262 3634 πτωχοῖς,
3308 3556 3397 3611 καὶ
3456 3552 3628 3617 οὕτως
3681 3550 3812 3609 ἐλευ-

2182 3642 2471 3718 θερωθῆναι
2521 3643 2608 3697 καὶ
2654 3641 2959 3699 ἀκολουθεῖν
3004 3642 3168 3717 αὒτῷ.
3238 3640 3380 3707 Εξεις
3436 3641 3494 3698 δὲ
3549 3642 3805 3718 θησαυρὸν,

2184 3729 2307 3784 εἷπε
2362 3735 2440 3803 τῷ
2510 3732 2763 3805 νεανίσκῳ
2838 3734 2866 3786 6
2944 3731 3154 3810 Κύριος,
3216 3732 3683 3809 παραμυθούμενος
3731 3728 3810 3793 τὴν

2183 3814 2615 3896 φιλοχρηματίαν
2668 3820 2845 3890 αότοῦ,
2906 3822 2992 3875 καὶ
3046 3817 3539 3900 ἐπαγγελλόμενος,
3596 3818 3674 3874 ὅτι
3723 3819 3807 3880 θη-

2185 3906 2414 3982 σαυρίσει
2446 3904 2623 3982 πάλιν,
2680 3909 2767 3963 καὶ
2818 3911 2877 3966 οῦ
2931 3907 3084 3963 τοῦτο
3141 3908 3327 3981 μόνον,
3371 3905 3514 3964 ἀλλὰ
3571 3906 3807 3986 κρείττονι

2184 3993 2464 4071 θησαυρόν.
2528 3992 2617 4051 Ἐν
2672 4000 2873 4073 οὐρανῷ
2956 3996 3077 4074 γὰρ,
3152 3996 3328 4070 εἶπεν,
3391 3995 3474 4051 ὅτι
3533 3995 3663 4061 ἕξεις
3722 3996 3807 4056 θη-

2186 4082 2397 4159 σαυρόν.
2461 4080 2730 4153 Ἐδήλωσε
2788 4081 2841 4139 δὲ
2884 4082 2967 4140 διᾶ
3022 4082 3206 4140 τούτου
3252 4086 3339 4139 καὶ
3392 4086 3491 4151 τὴν
3543 4079 3806 4155 ἀποκειμὲ-

2186 4191 2283 4235 νην
2313 4169 2392 4224 ἀεὶ
2439 4184 2557 4233 τοῖς
2609 4170 2773 4236 ἀξιοις
2831 4169 3059 4246 ἀμοιϐὴν
3108 4178 3214 4227 τῶν
3258 4173 3702 4251 κατορθωμάτων.
3750 4167 3806 4225 τὸ

2194 4277 2218 4312 ιι
2274 4265 2434 4336 Δεῦρο
2465 4258 2738 4317 ἀκολούθει
2770 4281 2884 4339 μοι,
2925 4282 2947 4317 ι)
2983 4260 3097 4315 ἀντὶ
3124 4266 3217 4316 τοῦ
3260 4257 3444 4331 Βάδιζε
3502 4258 3621 4316 κατ’
3675 4258 3806 4336 ἴχνος

2186 4351 2282 4409 τῆς
2329 4346 2463 4421 ἐμῆς
2495 4346 2791 4429 πολιτείας,
2823 4350 2911 4404 καὶ
2957 4346 3228 4405 ἀκολούθει
3288 4362 3409 4412 ταῖς
3468 4349 3629 4422 ἐμαῖς
3680 4347 3806 4401 ἐντο-

2186 4433 2337 4497 λαῖς.
2397 4443 2560 4493 Τοῦτο
2617 4437 2717 4515 γάρ
2786 4459 2867 4493 σοι
2924 4435 3092 4493 λείπει
3163 4437 3257 4500 τὰς
3329 4438 3555 4512 νομικὰς
3621 4432 3804 4491 ἐντολὰς

2186 4524 2599 4602 κατορθώσαντι,
2651 4548 2673 4578 α
2712 4524 2970 4589 Ἀκούσας
3030 4522 3084 4579 δὲ
3139 4527 3168 4580 6
3223 4525 3491 4589 νεανίσκος
3533 4527 3623 4580 τὸν
3651 4522 3801 4600 λόγον,

2853 4614 2921 4681 ἦν
2950 4613 3049 4692 γὰρ
3077 4611 3223 4691 ἔχων
3250 4615 3506 4687 κτήματα
3558 4611 3737 4669 πολλά.
3776 4627 3799 4663 1

2208 4696 2344 4757 Οσον
2374 4702 2500 4781 εἶχε
2536 4701 2705 4760 πολλὰ
2755 4704 2782 4758 6
2835 4701 3125 4770 νεανίσκος,
3185 4707 3433 4758 τοσοῦτον
3490 4704 3673 4763 αὺτοῖς
3709 4696 3805 4754 ἐδε-

2188 4787 2415 4845 δούλωθο
2449 4806 2461 4818 '
2513 4792 2602 4846 καὶ
2646 4791 2746 4868 γὰρ
2814 4792 2877 4857 η’
2909 4789 3186 4867 προσθήκη
3239 4795 3331 4844 τοῦ
3385 4787 3619 4847 πλούτου
3666 4805 3806 4863 προσ-

2185 4879 2355 4945 θήκην
2409 4892 2555 4934 ποιεῖ
2621 4884 2720 4944 τῆς
2792 4877 3130 4957 φιλαργυρίας
3163 4891 3176 4905 ⁶
3265 4875 3482 4953 γέγονεν
3558 4877 3644 4933 οὖν
3696 4872 3807 4929 αἰτία

2186 4970 2285 5032 τῆς
2357 4965 2525 5034 λύπης
2583 4971 2667 5025 καὶ
2743 4967 2838 5034 τῆς
2909 4965 3171 5030 ἀπειθείας
3252 4967 3288 5032 ἡ

3366 4963 3805 5040 πολυκτημοσύνη.

2189 5151 2279 5201 τοῦ
2324 5145 2484 5219 νόμου
2514 5143 2746 5209 ἐντολὰς.
2784 5142 2991 5222 μεγάλα
3020 5143 3229 5204 πάντως
3261 5142 3611 5222 κατώρθωσαι.

2272 5223 2399 5302 (4?)
2440 5247 2466 5277 α
2504 5231 2611 5302 Πγᾶς
2654 5224 2707 5280 δὲ
2752 5219 3019 5300 ἄνθρωπος
3067 5220 3293 5302 πλησίον
3341 5219 3579 5302 λέγεται.
3618 5226 3804 5302 ξῌφῦ,

2194 5303 2254 5363 ni
2282 5298 2471 5369 fallor.
2509 5301 2718 5365 abesse
2751 5298 3041 5383 poterant.
3072 5298 3266 5375 Certe,
3295 5298 3471 5380 quam
3494 5298 3804 5362 vimhichr

2186 5383 2331 5445 bere
2364 5383 2610 5459 possint,
2650 5381 2766 5445 non
2801 5381 3090 5460 intelligo.

2270 5456 2396 5543 (43.)
2436 5487 2462 5518 ι
2489 5456 2601 5522 Τοῦ
2623 5456 3222 5543 Εὒαγγελίουῗμάλιστα.
3283 5483 3310 5517 υ
3370 5458 3557 5525 Forte
3593 5476 3694 5543 pro
3720 5456 3804 5535 μά-

2193 5542 2346 5602 λιστα
2377 5542 2701 5623 legendum
2734 5542 2991 5619 μαθηταί.
