4008 6114
260 251 420 322 1217

1706 253 2158 324 ORATIONES.

3482 250 3634 318 1218

257 387 411 448 Ἐπεὶ
478 394 578 472 γὰρ
649 395 743 452 οὐκ
798 394 1033 466 ἠδυνήθη
1101 395 1467 471 ἀκολουθῆναι,
1545 392 1750 461 ἀπῆλθε
1806 392 1905 450 λυ-

1996 387 2178 466 vobis,
2213 388 2349 469 quia
2362 387 2606 451 difﬁcile
2635 387 2798 450 dives
2830 385 3075 449 intrabit
3095 387 3156 448 in
3177 384 3425 466 regnum
3450 387 3626 449 ταξιο-

251 481 546 555 πούμενος.
604 507 633 538 α
686 475 742 541 Ὀ
778 482 833 540 δὲ
891 483 1094 552 Ἰησοῦς
1151 482 1277 541 εἷπε
1318 497 1434 546 τοῖς
1493 487 1758 560 μαθηταῖς
1802 482 1881 538 αὖ·

255 574 374 638 τοῦ,
422 568 596 645 Ἀμὴν
649 570 793 650 λέγω
849 575 1000 648 ὑμῖν.
1049 572 1128 629 ὅτι
1173 570 1439 636 δυσκόλως
1497 571 1744 635 πλούσιος
1788 573 1900 628 εἰσ-

260 653 527 714 ελεύσεται
598 660 671 723 εἰς
724 661 825 728 τὴν
879 660 1147 737 βασιλείαν
1217 667 1321 717 τῶν
1392 664 1621 741 οὒρανῶν
1665 681 1680 697 ’
1763 681 1785 714 ι
1858 661 1902 714 εἰ

253 741 316 799 δὲ
345 746 372 800 6
425 744 675 810 πλούσιος
720 746 1011 821 δυσκόλως,
1070 752 1099 806 6
1140 748 1464 816 πλεονέκτης
1518 746 1747 810 οοἨόλως
1783 767 1797 785 ’
1858 748 1901 803 εἰ

254 833 359 911 γὰρ
391 835 418 889 δ
461 836 537 910 μὴ
568 834 683 902 δοῦς
737 838 804 894 τὰ
845 839 1031 894 ἑαυτοῦ
1085 838 1472 917 κατακρίνεται,
1516 836 1701 911 πολλῷ
1757 835 1902 911 μᾶλ-

256 919 355 977 λον
410 924 438 978 6
505 925 593 980 καὶ
647 924 713 980 τὰ
767 924 957 1004 ἐτέρων
1014 926 1279 1004 ἁρπάζων.
1341 947 1365 981 α
1430 925 1596 982 Πάλιν
1651 923 1705 981 δὲ
1763 922 1904 1001 λέγω

1985 496 2139 539 rum.
2171 503 2197 535 ι
2227 476 2289 540 Si
2310 497 2447 540 vero
2471 475 2715 539 difﬁcile
2747 475 3110 549 dives,nullo
3129 476 3303 537 modo
3343 474 3624 537 ambitio-

1986 584 2108 628 sus.
2138 564 2200 628 Si
2230 566 2389 628 enim
2422 566 2524 647 qui
2551 585 2669 627 non
2696 566 2795 626 dat
2810 584 2938 643 sua,
2960 564 3411 637 condemnatur,
3441 563 3627 627 multo

1984 654 2169 733 magis
2185 655 2285 735 qui
2308 655 2459 716 bona
2479 654 2736 716 aliorum
2762 653 3002 734 abripit.
3030 688 3106 699 —
3131 675 3153 708 ι
3184 651 3400 713 Iterum
3427 661 3624 714 autem

1983 742 2114 805 dico
2135 744 2331 804 vobis:
2360 743 2613 805 Facilius
2638 749 2728 803 est
2744 743 3036 804 camelum
3068 759 3172 822 per
3196 741 3461 802 foramen
3485 759 3627 802 acus

1985 831 2239 893 transire
2311 849 2485 911 quam
2562 830 2803 891 divitem
2864 830 2924 891 in
2987 848 3236 909 regnum
3317 829 3627 906 caelorum,

1984 920 2255 981 introire.
2292 923 2604 1000 Postquam
2636 919 2696 980 id
2725 919 2971 982 difﬁcile
2994 937 3127 981 esse
3157 918 3303 981 dixit
3332 918 3626 993 Christus,

256 1011 414 1088 ὑμῖν,
475 1011 848 1091 Εὖκοπώτερόν
917 1014 1025 1069 ἐστι
1098 1012 1343 1089 κάμηλον
1423 1011 1507 1069 διὰ
1561 1015 1900 1091 τρυπήματος

1996 1006 2202 1069 deinde
2232 1007 2288 1068 id
2324 1008 2466 1069 dicit
2492 1026 2623 1069 esse
2645 1008 3035 1087 impossibile,
3064 1015 3122 1068 et
3147 1026 3264 1067 non
3296 1007 3473 1068 modo
3505 1007 3623 1068 im-

258 1096 473 1177 ῥαφίδος
514 1097 759 1172 διελθεῖν,
821 1101 857 1169 ἣ
909 1101 1158 1158 πλούσιον
1229 1103 1302 1164 εἰς
1345 1102 1443 1168 τὴν
1485 1100 1754 1177 βασιλείαν
1808 1108 1902 1156 τοῦ

1996 1096 2294 1175 possibile,
2323 1097 2424 1156 sed
2452 1096 2695 1157 omnino
2731 1096 3125 1175 impossibile.
3146 1094 3529 1176 Impossibile
3544 1101 3634 1157 est

260 1193 398 1244 Θεοῦ
454 1186 707 1244 εἰσελθεῖν
743 1205 757 1219 ⁸
841 1211 863 1243 ι)
941 1191 1101 1245 εἰπὼν
1160 1191 1221 1244 τὸ
1291 1196 1509 1267 πρᾶγμα
1577 1186 1826 1243 δύσκολον
1880 1190 1908 1243 6

1996 1184 2149 1245 enim
2181 1184 2471 1246 camelum
2504 1184 2723 1246 animal
2756 1204 2861 1265 per
2886 1185 3154 1246 foramen
3186 1202 3328 1247 acus
3349 1184 3628 1259 transire,

259 1276 508 1353 Χριστὸς,
567 1275 746 1332 ἔπειτα
791 1276 933 1354 λέγει
987 1288 1141 1336 τοῦτο
1197 1279 1282 1332 καὶ
1336 1276 1607 1356 ἀδύνατον,
1666 1276 1754 1331 καὶ
1806 1279 1909 1354 οὐχ

1996 1272 2420 1351 impossibilius
2448 1281 2647 1334 autem
2674 1282 2763 1334 est
2787 1273 3026 1334 divitem
3050 1273 3276 1335 intrare
3298 1273 3359 1332 in
3383 1290 3633 1352 regnum

256 1361 446 1426 ἁπλῶς
504 1362 777 1439 ἀδύνατον,
836 1364 972 1421 ἀλλὰ
1031 1367 1118 1421 καὶ
1187 1374 1277 1423 τοῦ
1328 1362 1577 1422 ἀδυνάτου
1646 1362 1909 1420 ἀδυνατώ-

1996 1360 2552 1433 crelorum.Quidam
2585 1370 2782 1423 autem
2814 1362 3017 1443 dicunt
3046 1362 3338 1424 camelum
3373 1380 3503 1422 esse
3528 1380 3633 1422 va-

256 1472 435 1529 τερον.
469 1448 752 1509 Ἀδύνατον
781 1453 877 1528 μὲν
925 1455 1024 1533 γὰρ
1080 1454 1176 1520 τὴν
1230 1451 1475 1528 κάμηλον
1524 1454 1587 1508 τὸ
1640 1451 1774 1522 ζῶον
1825 1451 1907 1507 διὰ

1996 1447 2173 1533 [idum
2198 1449 2411 1528 navigii
2430 1450 2656 1525 funem,
2682 1470 2795 1531 quo
2819 1453 3142 1511 ancbroras
3163 1459 3354 1512 nauta;
3370 1451 3634 1529 alligant.

255 1539 603 1617 τρυπήματος
689 1539 912 1616 βελόνης
1007 1539 1232 1598 διελθεῖν
1266 1557 1279 1571 ‘
1385 1539 1771 1619 ἀδυνατώτερρν
1853 1537 1907 1595 δὲ

1991 1532 2117 1597 Ηοο
2146 1536 2354 1599 dicens
2385 1536 2652 1600 Christus
2683 1538 2915 1600 divitias
2938 1558 3055 1600 non
3100 1548 3358 1616 accusat,
3406 1540 3507 1601 sed
3539 1539 3636 1600 di-

255 1627 448 1682 τούτου
487 1629 572 1701 τὸ,
620 1627 872 1686 εἰσελθεῖν
926 1628 1180 1686 πλούσιον
1226 1631 1297 1694 εἰς
1338 1630 1433 1696 τὴν
1478 1627 1746 1705 βασιλείαν
1801 1635 1907 1683 τῶν

1996 1624 2262 1686 vitiarum
2287 1626 2560 1687 servilem
2589 1624 3190 1707 amorem.0ptimum
3216 1634 3275 1689 et
3290 1626 3640 1689 admirabile

258 1717 497 1796 οὐρανῶν
534 1734 546 1747 ·
607 1720 743 1784 τινὲς
799 1718 855 1775 δὲ
910 1719 1154 1795 κάμηλον
1203 1719 1317 1795 (44)
1390 1719 1599 1797 λέγουσι
1670 1718 1907 1798 σχοινίον

1996 1713 2352 1791 exemplum.
2406 1713 2917 1786 Quemadmodum
2978 1715 3139 1777 enim
3185 1734 3325 1777 acus
3369 1715 3637 1777 foramen

256 1805 417 1884 παχὺ
460 1815 554 1864 τοῦ
599 1805 808 1883 πλοίου,
851 1811 897 1883 ᾧ
951 1806 1199 1883 δεσμοῦσι
1241 1809 1336 1872 τὰς
1391 1807 1621 1885 ἀγκύρας
1679 1810 1726 1863 οἱ
1781 1813 1910 1864 ναῦ-

257 1915 373 1955 ται,
434 1903 608 1954 Ταῦτα
675 1893 847 1974 λέγων
916 1898 944 1952 6
1018 1896 1266 1975 Χριστὸς,
1343 1896 1402 1953 οὔ
1483 1893 1749 1975 διαϐάλλει
1819 1897 1908 1952 τὸν

256 1980 514 2062 πλοῦτον,
573 1981 709 2040 ἀλλᾶ
751 1963 837 2040 ¹τὸ
891 1963 1192 2044 δουλούσθαι
1247 1963 1324 2059 τῷ
1377 1983 1610 2057 πλούτῳ,
1670 1963 1907 2062 ’Ἀριστον

257 2067 321 2126 δὲ
374 2071 464 2127 καὶ
517 2073 801 2147 θαυμάσιον
874 2070 929 2128 δὲ
981 2071 1336 2153 παράδειγμα.
1405 2072 1650 2151 Καθάπερ
1706 2073 1807 2151 γὰρ
1847 2073 1908 2128 τὸ

256 2159 513 2239 τρύπημα
542 2166 638 2229 νῆς
681 2160 928 2237 βελόνης,
980 2166 1039 2221 οὒ
1095 2176 1270 2241 χωρεῖ
1311 2162 1409 2228 τὴν
1465 2160 1708 2236 κάμηλον
1739 2158 1822 2216 διά
1850 2181 1906 2216 τε

257 2246 364 2313 τὴν
418 2246 625 2316 πολλὴν
694 2253 855 2309 αὖσοῦ
918 2249 1242 2330 στσνότητα,
1297 2250 1386 2306 κπιί
1453 2246 1536 2304 διὰ
1589 2250 1679 2304 τὸν
1742 2246 1906 2304 πολὺν

256 2331 422 2412 ὄγκον
475 2340 574 2402 τῆς
618 2335 889 2416 καμήλου,
946 2334 1083 2393 οὕτω
1152 2338 1240 2392 καὶ
1283 2338 1317 2404 ἡ
1377 2333 1497 2397 ὁδδς
1553 2336 1589 2403 ἡ
1632 2334 1907 2413 ἀπάγουσα

1991 1818 2109 1861 non
2140 1802 2360 1882 accipit
2388 1803 2708 1885 camelum,
2742 1804 2882 1885 quia
2908 1803 3227 1866 admodum
3276 1812 3503 1866 arctum
3551 1812 3642 1866 est

1990 1888 2158 1964 illud,
2185 1891 2449 1953 camelus
2471 1901 2669 1953 autem
2697 1892 3133 1972 corpulentum,
3175 1892 3257 1953 ita
3295 1900 3353 1955 et
3389 1893 3482 1953 via
3510 1911 3641 1974 quae

1994 1977 2157 2038 ducit
2207 1978 2280 2038 ad
2338 1979 2511 2041 vitam
2562 1986 2843 2042 aeternam
2903 2000 3021 2042 non
3078 1981 3295 2061 accipit
3344 1981 3586 2043 divitem
3619 2030 3636 2058 ,

1989 2064 2129 2144 quia
2166 2064 2267 2127 illa
2314 2066 2553 2147 quidem
2599 2075 2846 2147 angusta
2892 2075 3005 2145 est,
3058 2067 3222 2130 dives
3251 2077 3446 2130 autem
3475 2069 3644 2133 valde

1993 2160 2200 2216 tumet.
2253 2152 2435 2216 Decet
2487 2154 2687 2237 igitur,
2736 2155 2970 2233 fratres,
3015 2175 3252 2217 omnem
3300 2155 3638 2237 superbiam

1991 2240 2256 2321 abjicere
2291 2242 2462 2321 juxta
2491 2243 2755 2304 divinum
2785 2243 3156 2323 Apostolum,
3207 2253 3263 2306 et
3313 2244 3500 2305 minui
3531 2263 3643 2325 per

1992 2329 2380 2391 voluntariam
2414 2340 2848 2411 paupertatem,
2874 2332 2956 2395 ita
2976 2341 3040 2394 ut
3065 2332 3360 2413 possimus
3393 2350 3498 2413 per
3527 2350 3639 2394 an-

260 2423 341 2486 εἰς
394 2422 493 2490 τὴν
522 2424 666 2494 ζωὴν
724 2425 825 2492 τὴν
866 2424 1098 2504 αἰώνιον,
1144 2428 1204 2483 οὔ
1253 2437 1428 2503 χωρεῖ
1479 2425 1572 2479 κὸν
1628 2420 1907 2497 πλούσιον,

1996 2426 2224 2497 gustam
2255 2418 2405 2480 viam
2426 2419 2676 2482 introire
2701 2420 2764 2482 in
2791 2440 3040 2501 regnum
3060 2422 3640 2499 coelorum.Augusta

263 2509 354 2567 διά
395 2531 452 2567 τε
520 2511 618 2579 τὴν
674 2513 863 2580 ἑαυτῆς
920 2514 1234 2592 στενότητα,
1307 2515 1394 2569 καὶ
1459 2510 1542 2567 διὰ
1596 2513 1687 2568 τὸν
1744 2510 1909 2568 πολὺν

2002 2507 2163 2570 enim
2193 2515 2360 2569 estet
2386 2517 2548 2569 arcta
2583 2509 2675 2570 via
2703 2528 2837 2590 quae
2865 2510 3031 2571 ducit
3057 2510 3130 2572 ad
3160 2510 3367 2585 vitam;
3391 2518 3448 2573 et
3469 2509 3642 2591 pauci

265 2596 428 2678 ὄγκον
455 2606 547 2657 τοῦ
587 2599 858 2660 πλουσίου.
892 2601 1086 2679 Πρέπει
1140 2601 1252 2674 οὖν,
1308 2598 1520 2681 ἀδελφοί
1578 2622 1702 2675 μου,
1745 2601 1909 2657 πάντα

2005 2605 2141 2658 sunt
2167 2596 2265 2677 qui
2289 2596 2595 2657 inveniunt
2626 2616 2777 2661 eam.
2805 2620 2828 2653 α
2857 2598 3185 2660 Audientes
3214 2606 3411 2660 autem
3453 2598 3640 2660 disci-

265 2685 428 2766 ὄγκον
460 2687 576 2765 (45)
619 2689 899 2747 ἀποθέσθαι
927 2692 1065 2746 κατὰ
1106 2691 1197 2747 τὸν
1230 2693 1385 2746 θεῖον
1431 2687 1782 2762 Ἀπόστολον,
1828 2707 1909 2746 κα·

2009 2685 2130 2767 puli
2182 2686 2506 2748 timuerunt
2552 2687 2717 2748 valde
2762 2687 3233 2761 dicenteszQuis
3277 2705 3416 2767 ergo
3450 2696 3644 2768 potest

265 2775 616 2845 λεπτυνθῆναι
700 2776 763 2833 δι’
845 2780 1080 2835 ἑκουσίου
1149 2779 1355 2852 πενίας,
1428 2776 1564 2833 ὥστε
1633 2774 1909 2845 δυνηθῆναι

2010 2773 2268 2836 salvari?
2297 2798 2319 2833 υ
2347 2773 2722 2851 Timuerunt,
2750 2794 2853 2855 pro
2879 2775 3099 2839 turbati
3119 2783 3281 2851 sunt;
3305 2794 3422 2837 non
3444 2784 3641 2838 tamen

264 2862 353 2920 διὰ
392 2870 491 2933 τῆς
522 2872 713 2932 στενῆς
760 2864 878 2923 ὁδοῦ
935 2865 1189 2924 εἰσελθεῖν
1249 2867 1319 2931 εἰς
1356 2865 1456 2933 τὴν
1498 2864 1766 2942 βασιλείαν
1810 2871 1909 2921 τῶν

1999 2861 2075 2924 de
2103 2863 2341 2943 seipsis,
2376 2882 2667 2944 pauperes
2697 2863 2856 2925 enim
2879 2872 3066 2935 erant,
3101 2864 3206 2926 sed
3236 2864 3312 2926 de
3331 2864 3636 2930 divitibus.

264 2954 522 3031 οὐρανῶν.
570 2955 737 3018 Στενὴ
795 2956 895 3034 γὰρ
949 2957 1038 3012 καὶ
1091 2953 1415 3030 τεθλιμμένη
1469 2955 1505 3022 ἡ
1563 2953 1683 3017 ὁδὸς
1729 2956 1765 3022 ἡ
1800 2954 1909 3011 ἀπ-

1996 2944 2362 3031 Incipiebant
2390 2952 2549 3013 enim
2588 2953 2817 3015 viscera
2856 2952 3285 3014 misericordiae
3334 2954 3640 3034 sascipere

266 3041 471 3119 άγουσα
499 3043 571 3106 εἰς
619 3044 718 3109 τὴν
765 3043 930 3119 ζωὴν,
974 3045 1062 3100 καὶ
1102 3042 1270 3122 ὀλίγοι
1309 3044 1434 3099 εἰσὶν
1485 3045 1532 3098 οἱ
1588 3044 1909 3121 εὑρίσκοντες

1996 3039 2551 3121 apostoli,etdolere
2564 3041 2638 3102 de
2655 3041 2962 3104 hominum
2988 3040 3319 3122 perditione
3341 3042 3632 3103 dicentes:

262 3128 456 3199 αὐτήν,
496 3149 526 3189 (
581 3129 924 3194 Ἀκούσαντες
972 3130 1027 3187 δὲ
1079 3135 1125 3189 οἱ
1169 3133 1397 3207 μαθηταὶ
1452 3134 1608 3190 αὐτοῦ
1649 3128 1909 3202 ἐξεπλήσ-

1999 3153 2027 3185 α
2058 3128 2200 3201 Quis
2240 3146 2379 3208 ergo
2420 3136 2614 3209 potest
2644 3130 2904 3193 salvari?
2940 3153 2963 3188 ι)
3000 3129 3242 3191 Intuens
3291 3140 3489 3192 autem
3531 3130 3636 3194 Je-

263 3215 641 3299 σοντοσφόδρα,
692 3218 958 3298 λέγοντες,
1006 3221 1093 3284 Τίς
1147 3218 1247 3299 ἄρα
1287 3219 1497 3276 δύναται
1537 3220 1766 3288 σωθῆναι
1800 3239 1816 3300 ς
1879 3244 1906 3276 n

264 3302 709 3386 Ἐξεπλήσσοντο,
790 3307 904 3364 ἀντὶ
972 3330 1065 3367 του
1144 3306 1497 3387 ἐθορυϐοῦντο.
1586 3306 1731 3376 Πλὴν
1809 3312 1913 3388 οὔχ

264 3394 400 3473 ὑπὲρ
468 3395 666 3451 ἑαυτῶν
724 3394 971 3474 (πένητες
1046 3397 1148 3475 γαρ
1201 3396 1381 3470 ἦσαν),
1442 3394 1560 3451 ἀλλ’
1615 3396 1743 3475 ὑπὲρ
1805 3403 1912 3452 τῶν

264 3480 533 3539 πλουσίων
567 3502 583 3517 ο
648 3481 871 3562 ἤρξαντο
938 3485 1037 3564 γὰρ
1095 3482 1383 3563 σπλάγλνα
1437 3485 1721 3563 οἷετιρμῶν
1778 3484 1911 3542 ἀνα-

265 3567 456 3627 λαϐεῖν
513 3574 560 3627 οἱ
611 3570 918 3649 ἀπόστολοι,
988 3574 1078 3629 καί
1125 3573 1443 3652 ὑπεραλγετν
1499 3578 1599 3640 τῆς
1643 3572 1909 3639 ἀπωλείας

263 3663 378 3715 τῶν
418 3659 726 3740 ἀνθρώπων,
795 3659 1039 3740 λέγοντες
1071 3679 1092 3701 ⁸
1163 3662 1251 3724 Τίς
1307 3660 1405 3740 ἄρα
1461 3658 1670 3718 δύναται
1726 3665 1908 3727 σωθῆ-

265 3769 354 3804 ναι
389 3766 406 3827 ς
444 3767 475 3807 (
533 3745 836 3825 Ἐμϐλέψας
877 3747 932 3806 δὲ
989 3753 1016 3807 6
1061 3748 1264 3818 Ἰησοῦς
1308 3750 1462 3806 εἶπεν
1506 3750 1687 3812 αὐτοῖς
1724 3764 1738 3778 ’
1776 3752 1909 3827 Παρ’

262 3836 558 3915 ἀνθρώποις
625 3843 780 3894 τοῦτο
847 3836 1095 3895 ἀδύνατον
1131 3853 1145 3870 ‘
1219 3838 1369 3917 Παρὰ
1443 3836 1497 3893 δὲ
1569 3843 1684 3910 Θεῷ
1738 3836 1910 3892 πάντα

260 3922 480 3984 δυνατά.
555 3948 584 3980 ι
675 3932 889 4005 Πρῶτον
942 3926 1126 4007 ἡμέρῳ
1177 3925 1444 4003 βλέμματι
1502 3924 1601 3992 τὴν
1675 3922 1910 3980 διάνοιαν

257 4019 372 4070 τῶν
447 4017 698 4089 μαθητῶν
765 4016 1073 4096 φρίττουσιν
1153 4017 1241 4073 καὶ
1313 4011 1697 4093 θορυϐουμένην
1765 4035 1904 4090 παρ-

261 4102 532 4181 ηγόρησεν
561 4106 590 4160 6
621 4110 868 4183 Χριστὸς,
903 4105 1027 4161 εἶτα
1080 4105 1259 4184 εἶπεν,
1306 4101 1387 4158 ὅει
1430 4102 1574 4180 παρὰ
1616 4101 1906 4179 ἀνθρώποις

1994 3236 2114 3291 sus,
2149 3217 2293 3279 dicit
2322 3218 2441 3280 illis
2472 3239 2485 3278 :
2529 3241 2552 3275 α
2581 3219 2751 3300 Apud
2786 3218 3059 3281 homines
3108 3220 3221 3280 hoc
3272 3219 3644 3299 impossibile

1991 3308 2276 3386 est;ap,u«l
2304 3309 2491 3369 Deum
2514 3316 2647 3369 aute
2664 3326 2722 3368 m
2741 3307 2939 3369 omnia
2963 3307 3273 3389 possibilia
3299 3316 3459 3371 sunt.
3500 3334 3525 3367 ι)
3565 3344 3640 3355 --

1993 3394 2164 3457 Dulci
2197 3395 2454 3476 primum
2484 3397 2702 3459 intuitu
2733 3405 2990 3460 mentem
3039 3395 3465 3476 discipulorum
3508 3406 3636 3460 tre-

1997 3493 2256 3546 mentem
2318 3493 2376 3546 et
2435 3485 2723 3546 turbatam
2778 3486 3118 3547 consolatus
3176 3493 3269 3546 est
3325 3486 3631 3567 Christus,

1993 3572 2210 3634 deinde
2240 3572 2407 3647 dixit,
2442 3573 2599 3652 apud
2631 3573 2846 3634 divites
2876 3572 3188 3634 manifeste
3219 3573 3470 3635 salutem
3508 3593 3639 3637 esse

1990 3659 2423 3740 impossibilem
2455 3682 2468 3723 :
2503 3660 2694 3722 valide
2736 3660 2993 3724 avaritiae
3031 3660 3282 3722 vinculis
3328 3661 3493 3742 ligati
3537 3681 3643 3743 per

1993 3748 2221 3828 seipsos
2252 3755 2552 3829 nequeunt
2593 3748 2665 3809 ab
2697 3748 2806 3810 ista
2838 3748 3150 3829 tyrannide
3176 3748 3442 3813 liberari.
3478 3753 3642 3816 Deus

1995 3844 2190 3897 autem
2224 3854 2342 3897 non
2376 3837 2551 3898 modo
2576 3844 2801 3917 postest
2823 3838 3071 3912 salvare,
3089 3838 3193 3899 sed
3218 3839 3463 3919 quodvis
3477 3840 3640 3902 aliud

1996 3931 2207 4004 potest.
2257 3924 2516 3988 Salvabit
2551 3944 2727 4006 porro
2760 3926 2972 3988 divites
3016 3928 3199 3999 Deus,
3254 3927 3303 3988 si
3353 3946 3458 4007 pro
3487 3928 3644 3990 virili

1992 4019 2154 4093 parte
2183 4021 2522 4093 operantes,
2558 4014 2751 4095 ipsum
2789 4014 3195 4077 invocaverint
3226 4014 3294 4075 ad
3298 4015 3562 4094 jutorem
3584 4024 3643 4079 et

1992 4100 2281 4162 libertatis
2301 4101 2592 4178 datorem,
2616 4101 2852 4164 divitias
2886 4101 3246 4183 pauperibus
3275 4103 3642 4166 distribuen-

266 4190 540 4255 πλουσίοις
596 4214 749 4251 τουτο
819 4190 1021 4260 δηλαδὴ
1074 4196 1135 4249 τὸ
1191 4192 1423 4259 σωθῆναι
1480 4188 1730 4246 ἀδύνατόν
1781 4187 1905 4270 (46)

1998 4207 2112 4264 tes,
2136 4190 2550 4252 etdivitiarum
2573 4190 2910 4271 cupiditatis
2938 4192 3138 4271 ignem
3164 4190 3636 4271 exstinguentes.

267 4279 406 4355 ἐστι,
452 4278 715 4357 δεδεμένοι
751 4283 981 4362 ἰσχυρῶς
1038 4294 1160 4343 ταῖς
1217 4293 1420 4359 σειραῖς
1491 4291 1612 4342 ταῖς
1651 4285 1911 4358 φιλαργυ-

271 4369 386 4448 ρίας
440 4366 772 4428 ἀδυνατοῦσιν
824 4367 916 4450 ἀφ’
970 4371 1168 4427 ἑαυτῶν
1224 4369 1384 4450 μόνον
1440 4366 1570 4447 (47)
1631 4365 1918 4446 ἐλευθερω-

264 4457 421 4523 θῆναι
449 4458 547 4524 τῆς
574 4458 821 4525 τοιαύτης
849 4449 1166 4537 τυραννίδος.
1231 4449 1287 4514 Ὀ
1358 4456 1413 4512 δὲ
1470 4457 1599 4519 Θεὸς
1656 4455 1717 4510 ού
1759 4455 1920 4531 μόνον

260 4552 434 4603 σῶσαι
483 4542 715 4621 δύναται,
764 4545 900 4603 ἀλλὰ
939 4547 1028 4604 καὶ
1082 4553 1187 4604 πᾶν
1230 4546 1407 4625 ἕτερον
1460 4543 1693 4604 δύναται.
1744 4544 1915 4601 Σώσει

256 4634 319 4691 δὲ
348 4635 471 4698 τοὺς
514 4635 793 4698 πλουσίους
824 4637 852 4691 6
882 4637 1036 4710 Θεὸς,
1072 4634 1161 4692 ἐὰν
1190 4636 1289 4702 τὴν
1333 4632 1457 4714 παρ’
1512 4634 1711 4690 έαυτῶν
1740 4654 1913 4689 σπου-

255 4721 359 4790 δὴν
420 4723 746 4802 εἰσφέροντες
822 4723 1238 4782 ἐπικαλέσωνται
1311 4725 1398 4779 καί
1454 4732 1637 4781 τοῦτον
1700 4720 1913 4782 ἐπίκου-

260 4833 355 4890 ρον
410 4813 497 4867 καὶ
554 4810 895 4892 συλλήπτορα
952 4813 1049 4881 τῆς
1119 4812 1432 4891 ἐλευθερίας,
1504 4816 1776 4873 κενοῦντες
1831 4811 1921 4883 τὸν

262 4896 499 4955 πλοῦτον
558 4901 630 4963 εἰς
695 4902 819 4964 τοὺς
889 4902 1121 4969 πένητας
1177 4903 1266 4957 καὶ
1333 4897 1663 4959 σϐεννύοντες
1705 4900 1767 4955 τὸ
1820 4906 1922 4994 πῦρ

266 4990 368 5052 τῆς
423 4992 529 5044 τῶν
604 4990 903 5068 χρημάτων
978 4990 1271 5066 ἐπιθυμίας.
1354 4985 1486 5045 Ἰδοὺ
1568 4984 1919 5066 ἐδιδάχθημεῆ

267 5074 357 5160 καὶ
413 5072 698 5157 ἐμάθομεν,
756 5075 973 5160 ἀδελφοί
1045 5101 1169 5158 μου⁷
1242 5075 1322 5134 ὅτι
1377 5073 1628 5132 ἀδύνατον
1688 5074 1919 5142 σωθῆναι

268 5158 607 5243 φιλάργυρον,
651 5162 741 5222 ἐὰν
772 5165 849 5241 μὴ
879 5158 979 5233 τὴν
1021 5165 1146 5245 παρ’
1203 5166 1390 5222 ἑαυτοῦ
1448 5161 1680 5231 σπουδὴν
1739 5161 1919 5242 εἰσφέ-

347 5339 476 5420 (45)
515 5361 539 5396 α
576 5339 832 5421 Κά-μηλον
872 5340 1106 5421 λέγουσι.
1147 5365 1172 5398 ιι
1221 5341 1439 5421 Catena
1467 5337 1919 5421 inedita,_cujus

265 5417 790 5501 est‘apograpbum
823 5417 982 5501 apud
1013 5440 1132 5495 me,
1164 5420 1235 5483 ad
1269 5422 1430 5483 hunc
1459 5422 1653 5501 locum
1680 5417 1776 5501 εἰς
1804 5417 1917 5501 ba-

263 5496 368 5559 bet
468 5496 722 5580 Kvéprﬂov
765 5497 821 5555 δὲ
860 5496 987 5575 ἰῦδε,
1039 5505 1098 5560 οὒ
1147 5504 1208 5557 τὸ
1256 5507 1413 5580 ζῶον,
1466 5499 1601 5555 ἀλλὰ
1644 5500 1705 5553 τὸ
1762 5500 1913 5579 παχὺ

262 5578 526 5655 σχοινίον,
559 5582 605 5652 ᾧ
632 5576 885 5653 δεσμοῦσι
915 5582 1010 5644 τὰς
1040 5581 1268 5661 ἀγκύρας
1311 5584 1358 5637 οἰ
1389 5576 1589 5638 ναῦται.

1996 4278 2150 4341 Ecce
2180 4278 2375 4341 edocti
2404 4298 2610 4341 sumus
2642 4288 2699 4340 et
2728 4279 3068 4352 didicimus,
3098 4279 3332 4356 fratres,
3357 4280 3643 4362 impossi-

1998 4365 2119 4427 bile
2147 4384 2280 4427 esse
2309 4366 2520 4429 salvari
2552 4367 2822 4447 pecuniae
2850 4367 3177 4429 studiosum
3204 4366 3320 4428 nisi
3343 4369 3642 4449 propriam

2002 4472 2205 4516 curam
2233 4453 2546 4529 adhibens,
2589 4455 2776 4517 Deum
2824 4455 3159 4536 adjutorem
3213 4454 3507 4538 habuerit,
3541 4459 3645 4539 qui

2004 4542 2199 4624 ipsum
2254 4541 2327 4604 ab
2376 4542 2711 4605 istiusmodi
2758 4543 3079 4624 cupiditate
3134 4543 3370 4606 liberet.
3426 4547 3645 4609 Dicunt

1994 4637 2190 4694 autem
2225 4651 2239 4691 :
2276 4628 2336 4692 Si
2370 4630 2569 4693 omnia
2599 4631 2905 4712 possibilia
2929 4630 3225 4706 suntDeo,
3253 4631 3337 4692 illi
3356 4633 3643 4713 possibile

2000 4735 2133 4780 esse
2153 4726 2215 4781 et
2244 4719 2489 4782 malum.
2521 4720 2615 4783 Ad
2644 4719 2779 4782 illos
2814 4727 3010 4782 autem
3034 4720 3398 4800 respondent
3421 4722 3640 4783 malum

2002 4825 2137 4869 esse
2166 4827 2283 4870 non
2317 4810 2648 4890 potestatis,
2703 4812 2805 4873 sed
2855 4810 3236 4872 inﬁrmitatis.
3288 4809 3427 4872 Ideo
3460 4811 3641 4874 David

2004 4905 2244 4978 peccata
2303 4899 2628 4961 nominavit
2682 4899 3054 4962 inﬁrmitates
3098 4899 3351 4961 dicens:
3399 4922 3427 4956 α
3461 4901 3643 4963 Com-

2006 4987 2326 5066 pletaasunt
2348 4988 2721 5067 inﬁrmitates
2752 5006 2982 5051 eorum.
3018 5012 3046 5043 »
3082 4986 3155 5048 Et
3175 4987 3410 5049 divinus
3427 4988 3645 5052 Paulus

2002 5074 2145 5136 dicit
2181 5094 2197 5138 :
2231 5100 2252 5131 α
2292 5074 2436 5139 Cum
2484 5095 2591 5139 nos
2640 5075 2864 5139 inﬁrmi
2910 5092 3199 5151 essemus,
3244 5074 3305 5137 id
3354 5083 3445 5138 est
3496 5092 3642 5157 pec-

2003 5170 2231 5227 catores
2247 5163 2516 5229 Christus
2527 5183 2634 5247 pro
2647 5164 2845 5247 impiis
2864 5171 3132 5227 mortuus
3155 5163 3383 5228 est.»Et
3402 5163 3643 5229 aliunde

2081 5344 2198 5420 (65)
2240 5367 2267 5400 α
2302 5344 2479 5400 Πάντα
2505 5342 2664 5422 ὄγκον
2693 5343 2997 5422 ἀποθέσθαι.
3035 5365 3065 5397 ι
3100 5338 3283 5404 Hebr.
3317 5354 3422 5416 III,
3462 5343 3517 5405 1.

2082 5423 2200 5498 (46)
2232 5447 2259 5478 α
2299 5420 2577 5502 Ἀδύνατόν
2625 5423 2733 5479 ἐστι
2790 5421 3055 5499 δεδεμένοι
3083 5422 3339 5502 ἰσχυρῶς.
3378 5445 3404 5479 ι
3442 5420 3640 5485 Malim

1997 5500 2245 5562 ἀδύνατόν
2272 5503 2406 5577 ἐστι,
2432 5501 2690 5570 δεδεμένοι
2720 5504 2819 5583 γὰρ
2847 5505 3105 5583 ἰσχυρῶς,

2079 5583 2200 5661 (47)
2233 5606 2261 5638 α
2298 5583 2415 5662 Ἀφ’
2445 5585 2645 5640 ἑαυτῶν
2677 5579 2859 5660 μόνον,
2899 5579 2943 5638 ἶ
2963 5579 3165 5644 Malim
3196 5582 3401 5658 μόνων.
