4008 6114
476 188 634 253 1219
1556 197 1611 259 J.
1663 188 2046 260 XIPHILINI
2091 202 2101 253 4

2192 245 2204 259 .
2252 194 2787 262 ΡΑΤΒΙΑΒΟΗΑΕ.
3681 202 3791 266 1220

465 323 636 402 juxta
684 320 883 384 divum
926 321 1306 402 Gregorium,
1348 323 1487 385 mali
1540 323 1776 386 initium
1835 336 1925 389 est
1982 330 2101 393 bon

2188 348 2338 404 ρων,
2398 329 2561 406 σχοίη
2610 330 2697 384 καὶ
2752 329 2842 384 τὸν
2904 331 3032 385 Θεὸν
3074 331 3268 405 βοηθὸν
3311 329 3396 387 ἐπὶ
3445 337 3513 405 τῇ
3565 329 3792 409 ἀπαλλαγῇ

472 411 789 491 neglectio.
825 410 890 499 In
923 410 1079 472 bono
1114 410 1274 473 enim
1304 411 1631 475 immobilis
1668 415 1840 475 statio
1886 416 2101 481 initiun

2210 415 2303 472 τοῦ
2330 418 2566 473 τοιούτου
2612 418 2828 480 πάθους.
2876 417 3095 495 Λέγουσι
3144 416 3199 474 δὲ
3250 419 3357 499 ὅτι,
3403 419 3494 474 ἐὰν
3550 419 3698 475 πάντα
3742 426 3794 491 τῷ

472 499 537 561 ﬁt
568 499 827 563 malitiae.
853 498 1159 571 Quomodo
1190 509 1385 562 autem
1413 500 1632 562 bonum
1667 503 1924 582 negliget
1954 506 2101 569 boni

2208 511 2323 579 Θεῷ
2348 504 2476 584 (48)
2512 503 2722 577 δυνατά,
2757 504 2972 563 δυνατὸν
3016 507 3113 586 ἄρα
3169 511 3247 582 τῷ
3275 498 3390 582 Θεῷ
3420 509 3509 564 καὶ
3550 510 3604 564 τὸ
3651 508 3793 569 κακόν,

471 594 561 650 tas
581 588 613 648 ?
644 591 843 651 Potest
869 588 1029 650 enim
1060 588 1300 668 quidem
1333 590 1533 651 omnia
1562 590 1745 673 Deus,
1782 593 2101 657 vultauten

2204 594 2456 673 Λέγουσιν
2512 594 2601 650 οὖν
2669 596 2799 674 πρὸς
2860 597 3069 669 αὐτοὺς,
3128 595 3207 652 ὅτι
3257 599 3320 653 τὸ
3389 598 3555 653 κακὸν
3605 598 3686 653 οὐκ
3715 595 3796 651 ἔστι

473 676 629 739 bona
655 687 714 739 et
753 677 999 759 optima.
1882 755 1906 763 Δ

2202 681 2497 763 δυνάμεως,
2556 681 2675 738 ἀλλ’
2706 681 3015 759 ἀδυναμίας,
3055 685 3149 741 Διά
3205 695 3356 744 τοῦτο
3383 686 3476 742 καὶ
3509 688 3536 740 6
3568 682 3705 739 Δαϐὶδ
3724 684 3794 745 τὰς

471 769 728 846 ἁμαρτίας
793 755 1071 859 ῶνόμαξεν
1123 768 1410 841 ἀσθενείας,
1482 770 1643 825 εἰπών
1678 785 1690 799 ·
1773 795 1800 825 α
1881 755 1985 829 ’ὅτι
2038 755 2435 838 ἐπληθύνθησαν
2483 755 2612 843 ’(49)
2668 774 2719 826 αἱ
2774 755 3031 828 ἀσθένειαι
3087 772 3255 828 αὐτῶν
3293 790 3306 804 ’
3377 796 3410 826 ι
3472 775 3569 829 Καὶ
3620 774 3645 827 6
3688 775 3795 832 θεῖος

469 855 676 919 Παῦλος
736 854 903 934 λέγει,
940 875 966 915 ε
1007 854 1194 913 ἡΟντων
1242 854 1365 935 (50)
1426 860 1581 933 ἡμῶν
1634 859 1886 930 ἀσθενῶν,
1948 859 2111 938 ἤγουν
2170 858 2524 936 ἁμαρτωλῶν,
2570 863 2599 915 6
2657 862 2877 938 Χριστὸς
2935 860 3062 940 ὑπὲρ
3105 859 3308 918 ἀσεϐῶν
3350 861 3601 919 ἀπέθανε.
3655 883 3679 912 ι
3725 862 3795 915 Καὶ

471 944 839 1024 ἀλλοτρόπως,
884 947 1018 1002 κατά
1043 948 1133 1001 τὸν
1166 952 1321 1002 Θεϊον
1353 947 1661 1025 Γρηγόριον,
1696 948 1866 1028 Ἀρχῆ
1902 956 1991 1008 τυῦ
2021 956 2185 1005 κακοῦ
2214 949 2272 1004 τὸ
2303 947 2568 1022 ἀμελῆσαι
2599 957 2691 1006 τοῦ
2719 949 2914 1025 ἀγαθοῦ
2947 967 2961 982 ⁸
2996 951 3030 1016 ἡ
3062 949 3160 1027 γὰρ
3191 948 3243 1004 ἐν
3272 956 3348 1024 τῷ
3376 947 3531 1022 καλῷ
3562 947 3673 1026 (51)
3699 948 3793 1001 στά-

471 1055 578 1103 σις,
624 1036 809 1097 κακίας
840 1034 985 1113 ἀρχὴ
1017 1036 1237 1113 γίνεται,
1286 1036 1405 1098 Πῶς
1435 1033 1490 1091 δὲ
1533 1035 1791 1111 ἀμελήσει
1821 1047 1912 1096 τοῦ
1941 1037 2136 1114 ἀγαθοῦ
2177 1039 2212 1105 ὴ
2244 1036 2547 1114 ἀγαθότης;
2588 1036 2809 1092 Δύναται
2854 1036 2951 1111 μὲν
2982 1038 3080 1115 γὰρ
3122 1038 3293 1093 πάντα
3322 1039 3350 1092 6
3392 1038 3526 1099 Θεός
3562 1052 3575 1065 ⁸
3604 1033 3791 1110 βούλεται

470 1120 525 1177 δὲ
554 1123 620 1178 τά
648 1120 831 1201 ἄριστα
860 1124 947 1178 καὶ
974 1123 1040 1178 τὰ
1068 1123 1258 1201 ἀγαθά.

550 1209 712 1287 Ideo,
746 1210 979 1285 fratres,
1013 1230 1149 1271 cum
1178 1211 1366 1273 simus
1393 1210 1636 1286 infirmi,
1671 1213 1745 1273 ad
1790 1212 1977 1275 Deum
2012 1214 2116 1294 qui

469 1308 663 1380 potest
716 1300 915 1361 omnia
970 1299 1355 1380 accedamus,
1410 1301 1687 1380 potentiae
1739 1302 2115 1382 acquirendae

471 1406 669 1463 causa,
693 1394 752 1450 et
772 1395 908 1448 ante
932 1405 1065 1448 eum
1090 1388 1193 1467 qui
1215 1387 1619 1466 indigentibus
1634 1389 1917 1450 auxilium
1955 1409 2110 1469 pra;—

469 1477 667 1551 stabit,
683 1476 863 1538 corde
886 1474 1137 1538 contrito
1156 1475 1556 1556 procidamus,
1582 1486 1639 1538 et
1681 1485 1744 1539 ut
1774 1478 1847 1540 ab
1889 1479 1961 1540 iis
1983 1497 2114 1559 qua;

469 1584 540 1627 ex
572 1565 829 1645 peccatis
852 1564 1126 1625 oriuntur
1147 1564 1378 1625 divitias
1401 1564 1727 1627 liberemur
1748 1585 1882 1628 enm
1906 1586 2113 1648 prece-

2281 1213 2378 1268 Διά
2405 1218 2582 1286 τοῦτο,
2629 1210 2841 1293 ἀδελφοί
2896 1234 3016 1288 μου,
3075 1216 3152 1286 τῷ
3205 1214 3376 1269 πάντα
3434 1211 3690 1286 δυναμένῳ
3712 1216 3793 1280 θεῷ

2195 1299 2426 1361 ἀσθενως
2486 1300 2701 1379 ἔχοντες
2770 1300 3166 1379 προσέλθωμεν,
3211 1300 3485 1377 δυνάμεως
3542 1300 3701 1376 ἕνεκα,
3733 1298 3793 1352 καὶ

2194 1393 2270 1460 τῷ
2324 1402 2441 1451 τοῖς
2513 1388 2752 1465 ἀπόροις·
2793 1389 2960 1469 πόρον
3018 1390 3305 1469 παρέχοντι
3360 1392 3502 1465 μετά
3547 1407 3794 1464 συντετριμ-

2194 1475 2361 1549 μένης
2430 1473 2642 1554 καρδίας
2698 1477 3101 1557 προσπέσωμεν,
3158 1480 3245 1534 καὶ
3302 1480 3392 1533 τὸν
3466 1476 3520 1542 ἐξ
3576 1473 3793 1552 ἁμαρτιῶν

2193 1562 2420 1621 πλοῦτον
2489 1565 2835 1646 ἀποκουφίσαι
2903 1563 3381 1641 ὲκδυσωπήσωμεν,
3454 1565 3600 1628 ὅπως
3679 1584 3792 1617 πτω-

468 1672 623 1730 mur,
679 1654 984 1734 culparum
1053 1660 1294 1732 egentes
1358 1653 1493 1715 facti
1550 1654 1831 1718 virtutum
1891 1656 2101 1718 divitiis

2192 1654 2284 1732 χοὶ
2339 1655 2683 1729 πταισμάτων
2745 1653 3141 1733 ἀναδειχθέντες
3197 1661 3273 1728 τῷ
3343 1653 3563 1727 πλυότφ
3616 1651 3792 1707 πλουτι-

465 1742 803 1823 repleamur
833 1747 1012 1819 atque
1048 1741 1127 1802 ita
1158 1740 1321 1802 dilati
1350 1741 1412 1802 in
1457 1760 1668 1803 manus
1700 1744 1809 1805 Dei
1839 1744 2106 1824 depona-

465 1849 598 1893 mus
619 1831 876 1904 divitias,
911 1828 1184 1890 manibus
1211 1848 1535 1909 pauperum
1568 1831 2109 1895 easdistribuentes

467 1927 526 1982 et
558 1920 866 1983 thesauros
904 1917 965 1978 in
1010 1917 1175 1979 cmlis
1224 1917 1663 1999 nobismetipsis
1697 1920 2105 1982 thesaurizan-

466 2016 578 2071 tes.
606 2006 772 2069 Tunc
794 2025 931 2068 vere
952 2006 1164 2068 divites
1188 2007 1581 2082 inveniemur,
1605 2009 1905 2070 neminem
1922 2010 2107 2071 refor-

467 2097 761 2159 midantes
781 2095 880 2177 qui
903 2094 1407 2157 indefectibilibus
1423 2108 1483 2157 et
1500 2097 1875 2159 manentibus
1890 2098 2109 2160 divitiis

465 2186 802 2259 insidietur,
828 2192 886 2246 et
909 2192 1215 2245 manentes
1250 2190 1307 2244 et
1343 2202 1459 2245 non
1486 2184 1821 2246 difﬂuentes
1858 2186 2106 2249 habebi-

467 2293 598 2336 mus
628 2294 696 2336 ex
726 2275 837 2335 hoc
870 2271 1029 2333 bono
1060 2273 1335 2334 thesauro
1359 2272 1626 2347 delicias,
1660 2274 1720 2334 in
1753 2274 1986 2337 Christo
2017 2277 2106 2339 Je-

467 2381 537 2424 su
567 2362 818 2425 Domino
850 2368 1075 2436 nostro;
1107 2379 1284 2440 quem
1316 2361 1486 2423 decet
1524 2362 1710 2441 gloria
1749 2371 1807 2424 et
1850 2372 2105 2444 potestas

463 2470 594 2513 cum
627 2451 800 2513 Patre
829 2457 888 2513 et
917 2458 1117 2512 sancto
1150 2448 1396 2529 Spiritu,
1440 2469 1599 2512 nunc
1647 2459 1731 2532 et”
1753 2469 2013 2533 semper,
2047 2460 2106 2515 et

462 2541 523 2602 in
554 2541 766 2604 saecula
795 2539 1170 2602 saeculorum.
1204 2539 1418 2602 Amen.

800 2625 1158 2691 DOMINICA
1188 2625 1492 2700 QUINTA,
1526 2625 1758 2691 LUCJE.

961 2725 1104 2787 Post
1132 2724 1585 2787 Ascensionem.

544 2824 711 2887 Bona
725 2822 967 2900 quidem
990 2828 1127 2883 sunt
1147 2821 1387 2883 et‘utilia
1409 2820 1608 2883 omnia
1627 2820 1824 2883 divina
1865 2822 2104 2885 oracula

2189 1741 2395 1805 σθέντες
2461 1744 2534 1806 εἷς
2598 1756 2790 1822 χεῖρας
2851 1750 2982 1801 Θεοῦ
3034 1744 3099 1798 τά
3151 1745 3405 1822 χρήματα
3461 1740 3791 1820 παρτθώμεθαι

2189 1830 2343 1908 γερσὶ
2413 1832 2655 1900 πενήτων
2716 1831 2846 1887 αὒτά
2915 1831 3250 1907 ἀποθέμενοι,
3310 1833 3398 1887 καὶ
3442 1832 3566 1892 τοὺς
3609 1829 3658 1885 ἐν
3706 1836 3794 1883 τοῖς

2189 1922 2435 1995 οὖρανοϊς
2483 1920 2771 1997 θησαυροὺς
2843 1920 3053 1983 ἑαυτοῖς
3111 1920 3647 1997 ἀποθησαυρίσαντες.
3696 1914 3795 1970 Τότε

2190 2004 2402 2072 ἀληθῶς
2473 2008 2857 2084 εὑρεθησόμεθα
2914 2006 3179 2081 πλούσιοι,
3248 2005 3427 2065 οὐδένα
3487 2009 3579 2063 τὸν
3620 2000 3795 2062 emim-

2189 2092 2406 2151 λεύοντα
2462 2103 2539 2170 τῷ
2584 2096 2834 2168 ἀκενώτῳ
2887 2097 2974 2151 καὶ
3031 2094 3240 2170 μένοντι
3282 2094 3502 2169 πλούτῳ
3555 2094 3795 2174 ὑφόρώμνε-

2190 2205 2293 2254 νοι,
2324 2186 2411 2239 καὶ
2440 2185 2696 2259 μένουσαν
2740 2187 2826 2239 καὶ
2883 2181 3243 2261 ἀδιάῤῥευστον
3289 2184 3389 2249 τὴν
3447 2183 3535 2239 ἐπὶ
3563 2184 3719 2255 τούτῳ
3741 2188 3797 2253 τῷ

2188 2270 2366 2349 ἀγαθῷ
2406 2276 2651 2352 θησαυρῷ
2677 2273 2875 2352 τρυφὴν
2929 2273 3016 2327 καὶ
3048 2271 3164 2350 (52)
3221 2272 3512 2328 ἀπόλαυσιν
3541 2272 3731 2347 ἕξομεν,
3757 2270 3794 2325 ἐν

2189 2366 2398 2438 Χριστῷ
2449 2359 2623 2427 Ἰησού
2664 2368 2741 2435 τῷ
2798 2360 2967 2440 Κυρίῳ
3015 2362 3170 2435 ἡμῶν
3203 2378 3217 2391 ·
3263 2364 3310 2435 ᾦ
3351 2361 3543 2440 πρέπει
3597 2359 3704 2424 δόξα
3728 2361 3797 2414 καὶ

2186 2452 2374 2530 κράτος
2410 2453 2499 2508 σὺν
2525 2460 2601 2526 τῷ
2646 2453 2827 2532 Πατρὶ,
2875 2452 2962 2506 καὶ
3015 2458 3092 2525 τῷ
3148 2452 3280 2529 ἁγίῳ
3310 2453 3597 2531 Πνεύματι,
3628 2456 3704 2505 νῦν
3728 2450 3795 2504 καὶ

2186 2539 2285 2617 ἀεὶ,
2318 2542 2404 2596 καὶ
2439 2532 2660 2605 εἶς’τοὺς
2693 2543 2883 2603 αἰῶνας
2912 2540 3016 2595 τῶν
3049 2540 3271 2602 αἰώνων,
3307 2537 3507 2614 Ἀμήν,

2639 2639 2931 2702 ΚΥΡΙΑΚῌ
2978 2640 3015 2689 E
3031 2624 3062 2707 ',
3110 2638 3358 2691 ΛΟΥΚΑ.

2655 2750 2684 2781 α
2719 2727 2863 2783 Μετά
2904 2727 3002 2792 τὴν
3054 2730 3288 2801 ι’ψωσιν.
3328 2749 3353 2781 ι

2267 2816 2464 2895 Ἀγαθά
2500 2816 2624 2899 (53)
2658 2819 2753 2895 μὲν
2781 2820 2954 2875 πάντα
2992 2820 3058 2875 τά
3111 2823 3231 2875 θεῖα
3259 2817 3415 2895 λόγια
3458 2820 3547 2873 καὶ
3576 2812 3787 2894 ἐπωφελῆ

465 2912 541 2974 iis
572 2912 673 2990 qui
704 2919 961 2973 mentem
994 2910 1298 2985 adhibent,
1332 2905 1438 2973 sed
1470 2910 1570 2971 illa
1592 2910 1722 2972 aliis
1744 2911 2101 2974 mirabiliora

2188 2920 2302 2971 τοῖς
2328 2906 2704 2987 προσέχουσιν,
2758 2908 2940 2965 ἐκεῖνα
2994 2905 3049 2962 δὲ
3097 2905 3261 2963 πλέον
3311 2907 3415 2963 τῶν
3474 2904 3646 2961 ἄλλων
3695 2907 3785 2959 0m-

466 3008 525 3063 et
553 3000 809 3075 utiliora,
861 3017 989 3079 quae
1031 3000 1358 3060 animarum
1406 3000 1681 3061 ordinant
1712 3018 1909 3062 mores
1948 3010 2007 3062 et
2031 3000 2103 3063 ad

464 3089 693 3151 virtutis
746 3087 1109 3150 desiderium
1170 3095 1229 3149 et
1289 3087 1670 3167 cupiditatem
1731 3090 1988 3151 excitant
2045 3097 2105 3151 et

463 3178 603 3241 mali
634 3177 1017 3257 rejectionem
1068 3182 1125 3237 et
1163 3175 1443 3254 effugium
1484 3184 1841 3256 proponunt.
1877 3177 2016 3239 Ideo
2046 3187 2105 3240 et

462 3266 749 3330 Dominus
772 3284 891 3327 non
913 3272 1101 3325 cessat
1123 3282 1230 3324 nos
1249 3262 1320 3323 ad
1344 3261 1563 3324 bonum
1591 3264 1814 3326 hortari
1837 3272 1892 3326 et
1907 3275 2104 3329 osten-

462 3356 607 3419 dere
630 3375 699 3418 ea
720 3373 848 3436 quae
871 3354 944 3415 ad
967 3353 1215 3414 salutem
1240 3352 1511 3427 tendunt,
1534 3360 1592 3413 et
1609 3371 1679 3413 ea
1695 3372 1827 3433 quae
1858 3354 1929 3415 ad
1957 3374 2098 3436 per-

458 3445 747 3508 ditionem
776 3444 1017 3505 ducunt.
1055 3442 1121 3505 Et
1148 3440 1387 3523 quidem
1418 3459 1526 3502 nos
1553 3440 1625 3502 ad
1659 3442 1929 3504 virtutem
1964 3462 2096 3523 pro-

461 3542 676 3611 movet,
703 3533 890 3595 avitio
922 3541 1114 3594 autem
1146 3531 1514 3604 dehortatur,
1542 3545 1599 3594 et
1637 3539 1887 3612 utroque
1922 3533 2096 3594 modo

460 3635 726 3685 nostram
747 3628 912 3683 curat
929 3622 1200 3684 salutem.
1234 3618 1318 3680 Ne
1349 3619 1507 3680 enim
1559 3619 1852 3700 possimus
1899 3620 2097 3684 dicere

460 3711 628 3774 illum
660 3711 816 3773 bona
844 3710 1083 3790 quidem
1132 3716 1512 3785 monstrasse,
1562 3710 1637 3771 de
1687 3709 1856 3770 malis
1897 3719 2093 3771 autem

459 3800 721 3875 siluisse,
748 3808 807 3862 et
835 3818 911 3860 ne
945 3807 1185 3879 propter
1214 3798 1326 3859 hoc
1375 3795 1438 3857 in
1488 3797 1707 3858 malum
1758 3798 2100 3859 incidamus

459 3896 736 3969 tanquam
766 3888 985 3949 malum
1025 3889 1383 3966 ignorantes,
1412 3886 1547 3947 ideo
1600 3893 1661 3947 et
1708 3905 1838 3965 quae
1866 3887 2099 3949 virtutis

460 3997 641 4059 opera
667 3979 808 4053 sint,
843 3986 902 4039 et
930 3994 1061 4057 qua;
1091 3976 1234 4046 vitii,
1286 3974 1459 4035 nobis
1489 3974 1768 4045 ostendit,
1810 3974 1927 4035 alia
1968 3977 2099 4037 aliis

461 4068 756 4129 contraria
801 4083 1131 4145 opponens.
1184 4063 1247 4127 Id
1290 4063 1369 4123 ita
1419 4081 1482 4123 se
1528 4061 1749 4124 habere
1795 4063 2100 4125 manifeste

461 4156 732 4217 ostendet
760 4155 939 4217 hodie
972 4152 1270 4234 proposita
1296 4150 1593 4230 Evangelii
1638 4151 1832 4225 lectio,
1867 4170 1997 4231 quas
2024 4153 2095 4213 ad

459 4243 671 4307 divites
701 4252 759 4306 et
789 4260 1079 4324 pauperes
1107 4241 1393 4303 attineant
1426 4240 1703 4320 edocens,
1739 4239 1949 4301 divitos
1970 4241 2098 4320 qui-

459 4332 596 4394 dem
618 4349 870 4393 monens
905 4344 970 4391 ut
998 4329 1242 4391 delicias
1286 4338 1343 4391 et
1387 4329 1529 4390 alias
1572 4328 1703 4389 vitae
1753 4328 2009 4389 fallacias
2039 4337 2098 4391 et

456 4420 946 4481 inhumanitatem
967 4419 1579 4500 oderint,modestiam
1603 4424 1795 4478 autem
1815 4425 1872 4477 et
1892 4418 2095 4479 huma-

456 4509 701 4571 nitatem
724 4508 1181 4587 amplectantur;
1206 4518 1458 4587 egentes
1483 4515 1679 4568 autem
1712 4515 1766 4567 et
1800 4524 2094 4587 pauperes

458 4599 719 4661 edocens
749 4615 867 4658 non
896 4596 1163 4658 animum
1192 4596 1453 4674 abjicere
1472 4595 2092 4676 propterinsanabiles

457 4688 820 4769 paupertatis
849 4703 1046 4767 casus,
1069 4685 1173 4747 sed
1206 4703 1309 4747 eos
1335 4702 1623 4762 generose
1660 4684 1815 4746 ferre
1854 4690 1912 4746 et
1957 4703 2091 4745 cum

538 4864 667 4945 (48)
693 4887 722 4945 ς
747 4873 863 4943 Θεῷ
885 4865 1097 4927 δυνατά.
1133 4889 1157 4925 ι
1179 4862 1402 4945 Δυνατὰ,
1419 4862 1577 4945 quod
1594 4861 1751 4945 haud
1773 4861 1954 4925 dubie
1968 4880 2095 4943 pro-

456 4941 589 5025 pter
616 4941 875 5008 vicinum
904 4945 1118 5004 δυνατὸν
1147 4941 1455 5025 exciderat
1481 4942 1555 5025 _in
1585 4941 2091 5025 codice,_senten-

455 5020 540 5086 tia
566 5025 649 5087 ita
682 5028 1037 5105 postulante,
1070 5023 1300 5089 addidi.
1358 5021 1539 5085 Paulo
1601 5031 1735 5104 post
1759 5023 1935 5085 etiam
1963 5032 2094 5104 post

457 5104 729 5187 ὠνόμασεν
757 5106 949 5187 adjeci
979 5108 1241 5173 ἀσθενίας.

539 5186 659 5263 (49)
699 5208 726 5241 α
752 5183 1213 5263 ,ξΕπληθύνθησαἫ
1250 5205 1280 5246 )
1321 5183 1477 5246 P83].
1510 5202 1606 5263 XV,
1641 5184 1699 5250 3.

534 5250 653 5343 (50)
690 5289 718 5321 α
750 5250 948 5325 νοντων
978 5250 1144 5343 δμῶν,
1185 5290 1209 5325 ο
1245 5266 1418 5327 Rom.
1448 5283 1508 5341 V,

490 5345 661 5485 ἐξῆ)
696 5368 727 5403 α
775 5348 991 5413 Στάσις.
1051 5373 1078 5406 ι)
1160 5358 1348 5425 Εγουν,
1395 5348 1457 5403 τὸ
1488 5347 1564 5423 μὴ
1594 5346 1909 5427 προκόπτειν
1937 5344 1991 5399 ἐν
2021 5352 2097 5420 τῷ

559 5451 626 5485 ω.

453 5450 626 5500 καΛῳ.

534 5502 663 5589 (52)
704 5524 734 5565 ‹
762 5508 967 5587 Τρυφὴν
996 5511 1082 5566 καὶ
1113 5507 1422 5567 ἀπόλαυσιν.
1464 5529 1488 5566 ιι
1551 5507 1754 5586 Τρυφὴν
1784 5502 1991 5567 addidi
2019 5521 2090 5565 ex

2187 2996 2487 3075 μασιώτερα
2546 2997 2634 3052 καὶ
2702 2994 3104 3075 ὠφελιμώτερα,
3163 2994 3260 3051 ὅσα
3316 3001 3419 3053 τῶν
3478 2998 3663 3074 ψυχῶν
3712 2991 3785 3067 ῥλ-

2184 3085 2351 3159 θμίζει
2404 3086 2468 3140 τὰ
2537 3084 2663 3156 ἤθη,
2728 3085 2813 3140 καὶ
2886 3086 3014 3163 πρὸς
3094 3089 3189 3150 τῆς
3247 3082 3436 3162 ἀρετῆς
3502 3080 3787 3145 διανίστησιν

2184 3171 2357 3252 ἔφεσιν
2385 3175 2473 3230 καὶ
2500 3172 2794 3249 ἐπιθυμίαν,
2850 3176 2939 3229 καὶ
2990 3174 3089 3240 τὴν
3146 3178 3243 3239 τῆς
3299 3171 3488 3235 κακίας
3518 3171 3787 3234 ὑποτίθησιν

2182 3260 2452 3329 ἀποϐολὴν
2502 3265 2588 3319 καὶ
2644 3263 2943 3343 ἀποφυγήν.
3026 3263 3123 3317 Διά
3184 3260 3338 3316 τοῦτο
3409 3261 3498 3315 καὶ
3552 3262 3581 3315 6
3631 3259 3787 3335 Κύριος

2182 3352 2242 3407 οὐ
2295 3356 2515 3408 παύεται
2573 3351 2652 3406 ἀεὶ
2707 3352 2773 3413 τά
2828 3348 3012 3407 δέοντα
3069 3352 3204 3425 ἡμῖν
3258 3354 3526 3427 παραινῶν
3566 3347 3647 3404 καὶ
3685 3347 3790 3399 ὁποι

2179 3438 2427 3497 δεικνύων
2487 3441 2552 3496 τά
2593 3462 2650 3495 τε
2701 3442 2829 3518 πρὸς
2887 3439 3149 3518 σωτηρίαν
3220 3438 3568 3515 συντείνοντα,
3624 3436 3702 3490 καὶ
3737 3432 3789 3486 τὰ

2177 3531 2307 3607 πρὸς
2369 3528 2636 3586 ἀπώλειαν
2696 3529 2939 3608 φέροντα,
3002 3529 3090 3584 καὶ
3146 3528 3209 3586 τὰ
3275 3527 3371 3601 μὲν
3443 3529 3575 3605 πρὸς
3627 3521 3787 3601 ἀρετὴν

2177 3619 2625 3697 προτρεπόμενος,
2701 3619 2768 3673 τὰ
2838 3616 2892 3672 δὲ
2962 3619 3033 3681 εἷς
3111 3618 3297 3672 κακίαν
3362 3614 3782 3694 ἀποτρεπόμενος,

2177 3708 2264 3762 καὶ
2326 3707 2648 3785 ἑκατέρωθεν
2715 3708 2849 3780 ἡμῖν
2902 3706 2999 3773 τὴν
3057 3705 3319 3783 σωτηρίαν
3371 3701 3784 3783 πραγματευόμε-

2179 3816 2286 3859 νος.
2324 3779 2423 3853 τΪνα
2452 3779 2550 3873 γάρ
2595 3796 2671 3871 μὴ
2729 3779 2926 3874 ἔχομεν
2985 3794 3180 3874 λέγειν,
3209 3779 3322 3849 ’ὅτι
3380 3779 3447 3851 τά
3499 3779 3594 3869 μὲν
3647 3787 3784 3867 ἀγαθὰ

2179 3882 2394 3956 ἐδίδαξε,
2437 3885 2502 3939 τά
2529 3881 2583 3939 δὲ
2631 3883 2801 3963 φαῦλα
2861 3884 3231 3958 ἀπεσιώπησε,
3277 3884 3365 3938 καὶ
3409 3880 3495 3938 διὰ
3537 3888 3680 3938 τοῦτο
3707 3896 3785 3931 πε·

2180 3973 2506 4051 ριπίπτωμεν
2533 3987 2649 4037 τοῖς
2691 3985 2907 4045 κακοῖς,
2938 3975 3012 4035 ὡς
3067 3968 3280 4051 ἄγνοιαν
3338 3969 3583 4050 ἔχοντες,
3635 3966 3785 4024 τούτου

2179 4060 2337 4139 χάριν
2388 4063 2475 4117 καὶ
2530 4063 2596 4117 τά
2646 4060 2742 4128 τῆς
2786 4061 3000 4140 ἀρετῆς,
3051 4063 3139 4117 καὶ
3193 4063 3259 4116 τὰ
3314 4059 3416 4128 σῆς
3473 4061 3653 4119 κακίας
3680 4052 3782 4122 ὲδις-

2180 4148 2371 4227 λωσεν,
2448 4148 2699 4219 ἀλλήλοις
2791 4152 2944 4212 τιθεὶς
3032 4150 3098 4204 τὰ
3180 4149 3386 4205 ἐναντία
3474 4142 3781 4227 παράλληλιι

2187 4221 2290 4295 ’δτι
2321 4238 2439 4316 (54)
2482 4248 2645 4296 ταῦτα
2673 4237 2836 4302 οὕτως
2881 4237 3021 4319 ἔχει,
3072 4237 3221 4304 δείξει
3276 4242 3520 4317 καθαρῶς
3554 4221 3669 4315 ’(55)
3715 4232 3781 4286 καὶ

2176 4327 2211 4394 ἡ
2258 4328 2484 4403 σήμερον
2532 4326 2902 4406 προθησομένη
2956 4325 3273 4406 εὒαγγελικῆ
3336 4327 3603 4403 ὑπόθεσις,
3644 4319 3778 4377 πλου-

2177 4416 2316 4479 σίους
2345 4416 2434 4471 καὶ
2474 4415 2704 4482 πένητας
2759 4417 2824 4471 τὰ
2882 4413 3003 4494 (56)
3048 4416 3381 4493 προτήκοντα
3421 4410 3777 4476 ἐκδιδάσκουσι,

2175 4506 2262 4562 moi.
2302 4505 2421 4568 τοὺς
2471 4504 2567 4579 μὲν
2621 4502 2899 4568 πλουσίους
2960 4504 3056 4571 τὴν
3102 4502 3298 4582 τρυφὴν
3353 4503 3439 4557 καὶ
3503 4501 3598 4566 τὴν
3648 4494 3783 4557 ἄλλην

2176 4593 2383 4660 ἀπάτην
2432 4604 2525 4653 τοῦ
2565 4594 2676 4670 βίου
2721 4591 2880 4650 ἔτιδὲ
2928 4595 3016 4650 καὶ
3071 4593 3170 4660 τὴν
3227 4591 3597 4668 ἀπανθρωπίαν
3636 4595 3779 4663 μισεῖν

2175 4680 2572 4761 ἐκπαιδεύουσα,
2622 4684 2721 4751 τήν
2767 4679 2822 4739 δὲ
2878 4682 3186 4761 αὐτάρκειαν
3239 4682 3327 4737 καὶ
3378 4679 3480 4746 τὴν
3523 4676 3780 4757 φιλανθρω-

2177 4859 2449 5020 ϐοῗθ3ιῖἐ
2486 4939 2683 5020 Ἀγαθὰ
2712 4942 2833 5017 μέν.
2870 4964 2894 4997 »
2924 4938 3114 5020 Etiam
3144 4939 3270 4999 haec
3297 4933 3498 5020 oratio
3520 4925 3783 5014 legiturin

2176 5015 2311 5083 cod.
2337 5015 2437 5102 B.,
2468 5015 2674 5102 estque
2700 5015 2848 5097 haec,
2888 5021 2950 5081 ni
2977 5018 3170 5102 fallor,
3195 5015 3457 5102 omnium
3481 5015 3651 5102 longe
3668 5025 3782 5102 pra?

2174 5090 2533 5163 stantissima
2564 5090 2762 5178 exiis,
2809 5090 2942 5182 quin
2995 5101 3057 5160 in
3108 5090 3199 5159 bis
3249 5095 3481 5159 duobus
3513 5090 3783 5157 codicibus
3892 5112 3893 5141 ξ

2183 5188 2586 5262 reperiuntur.

2265 5261 2389 5342 (54)
2431 5283 2454 5317 α
2509 5273 2600 5320 Οτι
2629 5271 2812 5323 ταῦτα,
2852 5258 3086 5342 ιε-Ιδοιζιθ
3117 5258 3195 5314 ὃτι
3226 5256 3497 5342 δὲταῦτα.

2262 5334 2381 5415 (55}
2422 5365 2449 5397 α
2482 5345 2752 5422 Καθαρῶς.
2792 5362 2816 5399 ι
2854 5338 2927 5415 ν,
2962 5339 3036 5401 ad
3066 5344 3215 5399 orat.
3245 5334 3318 5413 II,
3351 5342 3480 5422 not.
3519 5335 3614 5399 10.

2256 5422 2381 5500 (56)
2418 5442 2442 5480 ι
2490 5423 2564 5478 Τὰ
2606 5417 2991 5499 προσθήκοντα.
3027 5443 3055 5475 ι
3109 5427 3274 5497 Εγουν
3305 5417 3622 5484 καθήκοντα.
