4008 6114
287 260 431 329 1221

283 401 405 455 πίαν
465 397 750 470 ἀσπάζεται
787 414 800 428 ⁸

286 488 363 563 μὴ
415 490 761 544 καταπίπτειν
797 486 923 566 (57)
981 500 1103 550 ταῖς
1174 492 1270 557 τῆς
1339 489 1518 554 πενίας
1607 488 1918 556 ἀνηκέστοις

287 587 605 655 συμφοραῖς,
649 573 1041 647 ἐκδιδάσκουσα,
1086 574 1222 632 ἀλλὰ
1282 578 1453 655 φέρειν
1511 579 1759 655 γενναίως
1804 572 1920 650 μετ’

288 663 646 742 εὐχαριστίας,
698 676 817 728 τατς
864 664 1256 743 χρηστοτάταις
1307 664 1477 721 ἐλπίσι
1528 671 1633 722 τῶν
1653 662 1921 743 -.μελλόν-

428 731 437 741 ’
467 731 675 829 ἀγαθῶν
745 751 843 819 τὴν
866 731 1244 831 ηπαράκλησιν
1319 751 1567 833 ἔχοντας.
1653 731 1799 811 Ἔστι
1869 749 1923 806 δὲ

289 839 529 902 ὑπόθεσις
572 839 821 897 πλουσίω
875 843 963 897 καὶ
1009 840 1238 907 πένητος
1294 841 1559 899 πολιτείαν
1602 840 1922 920 διηγουμένη

291 925 555 1009 διάφορον,
614 938 708 988 τοῦ
776 930 872 1004 μὲν
924 935 992 1005 τῇ
1033 937 1199 1009 τρυφῇ
1254 928 1687 1010 βεϐαπτισμένοι),
1734 936 1827 988 τοῦ
1868 927 1922 985 δὲ

290 1022 358 1093 τῇ
415 1016 545 1097 (58)
592 1018 745 1090 πενίᾳ
797 1017 1228 1097 κατεστιγμένου,
1283 1021 1370 1075 καὶ
1426 1019 1672 1097 ἐκατέρου
1724 1019 1941 1076 τούτων’

292 1104 530 1171 ἀντάξιον
600 1110 699 1173 τῆς
784 1105 1050 1170 πολιτείας
1137 1105 1502 1173 ἀντιλαϐόντος
1585 1108 1921 1183 ἀντάμειψιν,

292 1194 366 1256 ὡς
441 1194 569 1251 αὐτὰ
653 1191 882 1261 δηλώσει
958 1196 1022 1251 τὰ
1089 1193 1400 1273 εὖαγγελικὰ
1482 1197 1693 1272 ῥξματα
1759 1195 1924 1257 οὕτως

293 1279 512 1363 ἔχοντα.
564 1306 591 1337 α
640 1285 797 1339 Εἶπεν
838 1286 866 1340 6
925 1283 1111 1362 Κύριος
1166 1284 1265 1351 τὴν
1321 1281 1624 1363 παραϐολὴν
1674 1285 1871 1350 ταύτην
1906 1301 1920 1313 ·

292 1350 593 1449 Ἰνθρωπός
664 1393 744 1434 τις
806 1370 923 1451 (59)
992 1350 1057 1438 ἦν
1131 1350 1407 1434 πλούσιος.
1434 1374 1521 1428 καὶ
1578 1350 1926 1428 ἐνεδιδύσκετο

294 1460 557 1538 πορφύραν
647 1462 735 1516 καὶ
816 1461 1027 1536 βύσσον,
1130 1461 1529 1540 εὐφραινόμενος
1626 1460 1926 1539 καθημέραν

293 1547 571 1626 λαμπρῶς.
632 1551 856 1629 Πτωχὸς
915 1546 970 1604 δέ
1023 1570 1101 1612 τις
1165 1549 1228 1616 ἧν
1279 1550 1498 1624 ὀνόματι
1554 1550 1808 1628 Λάζαρος,
1870 1549 1928 1611 ὃς

294 1634 546 1703 ἐϐέϐλητο
584 1637 656 1699 εἷς
698 1638 790 1693 τὸν
835 1635 1050 1693 πυλῶνα
1092 1637 1248 1696 αὐτοῦ
1301 1636 1608 1712 ἡλκωμένος
1659 1639 1746 1693 καὶ
1805 1637 1926 1692 ἐπι-

292 1729 469 1800 θυμῶν
499 1729 852 1804 χορτασθῆναι
896 1725 1000 1782 ἀπὸ
1042 1732 1145 1782 τῶν
1205 1728 1417 1805 ψυχίων
1470 1732 1576 1782 τῶν
1630 1727 1928 1783 πιπτόντων

295 1814 400 1869 ἀπὸ
426 1818 527 1880 τῆς
577 1813 838 1892 τραπέζης
893 1823 988 1873 τοῦ
1026 1813 1298 1873 πλουσίου.
1362 1837 1389 1869 ι
1455 1813 1628 1870 Θέλων
1671 1819 1699 1871 6
1744 1816 1928 1895 Κύριος

295 1902 630 1966 κοινωνικοὺς
679 1904 820 1977 ἡμᾶς
877 1903 1018 1959 εἶναι
1067 1904 1153 1959 καὶ
1210 1900 1567 1981 φιλαλλήλους
1628 1905 1715 1960 καὶ
1772 1925 1930 1979 μετα-

295 1987 555 2060 δοτικοὺς,
609 1992 696 2046 καὶ
751 1987 1024 2047 παιδεῦσαι
1065 1992 1184 2055 τοὺς
1233 1989 1622 2066 ἀναλεήμονας,
1683 1995 1774 2049 οἶα
1831 1992 1930 2048 αὒ-

296 2092 411 2143 τοτς
455 2076 839 2159 ἀποϐήσονται,
900 2081 987 2136 καὶ
1038 2077 1237 2146 διδάξαι
1296 2078 1476 2156 πάλιν,
1521 2081 1643 2144 τοὺς
1685 2103 1930 2138 κακοπα-

293 2170 527 2240 θοῦντας,
576 2170 669 2224 οἷα
739 2167 1143 2241 εὖπαθήσουσιν,
1212 2168 1342 2246 ὑπὲρ
1399 2170 1473 2222 ὧν
1528 2167 1743 2226 ἐνταῦθα
1795 2171 1931 2225 ὕπο-

297 2254 528 2330 μένουσι,
589 2258 679 2311 τὸν
735 2254 987 2312 πλούσιον
1015 2263 1084 2334 τῇ
1115 2254 1456 2337 ἀσπλαγχνίᾳ
1502 2259 1589 2312 καὶ
1642 2255 1816 2334 πολλῇ
1864 2264 1932 2335 τῇ

298 2343 661 2423 ἀπανθρωπίᾳ,
715 2346 803 2400 καὶ
844 2346 933 2400 τὸν
976 2346 1199 2424 πτωχὸν
1253 2350 1322 2421 τῇ
1373 2345 1563 2421 ἀπορίᾳ
1614 2347 1702 2400 καὶ
1756 2344 1932 2423 πολλῇ

296 2438 365 2508 τῇ
420 2431 664 2511 καρτερίᾳ
720 2430 1087 2511 παραϐολικῶς
1130 2435 1264 2509 ἡμῖν
1326 2434 1398 2495 εἰς
1437 2434 1597 2488 τύπον
1628 2433 1816 2512 ἀρετῆς
1847 2444 1933 2497 καὶ

296 2520 482 2583 κακίας
513 2520 793 2599 πανσόφως
821 2521 1232 2600 ὑπεζωγράφησε
1267 2540 1282 2557 ο
1326 2521 1414 2576 καὶ
1467 2521 1557 2575 τὸν
1610 2522 1707 2595 μὲν
1763 2520 1933 2578 πλού-

299 2630 410 2665 σιον
493 2607 777 2683 ἀνωνύμως
862 2607 1174 2686 παρέλαϐεν,
1249 2611 1320 2674 ὡς
1377 2606 1512 2684 μηδὲ
1582 2607 1723 2673 ἄξιον
1794 2612 1935 2689 παρὰ

1727 256 2063 328 ORATION
2072 259 2176 325 ES.

869 399 987 463 τοὺς
1072 398 1297 478 ἀπόρους
1376 398 1431 456 δὲ
1498 403 1584 458 καὶ
1642 398 1918 479 πτωχοὺς,

2017 390 2332 469 gratiarum
2382 392 2613 455 actione
2666 400 2731 454 ut
2775 394 3238 458 consolationem
3293 395 3646 460 adhibentes

3489 263 3645 332 1222

2001 480 2328 541 futurorum
2364 479 2653 542 bonorum
2691 482 2969 561 optimam
2999 502 3187 564 spem.
3213 484 3512 565 Evangelii
3532 506 3645 549 au-

2005 576 2122 629 tem
2145 569 2439 649 proposita
2457 569 2632 632 iectio
2656 570 2851 632 divitis
2873 580 2931 632 et
2949 574 3228 653 pauperis
3252 575 3427 637 vitam
3459 576 3640 638 dissi-

2004 658 2206 719 milem
2244 666 2463 739 narrat,
2491 659 2665 720 unius
2700 660 2940 740 quidem
2988 661 3047 722 in
3094 661 3325 725 deliciis
3351 663 3645 738 immersi,

2002 747 2249 809 alterius
2303 757 2500 810 autem
2553 748 2748 830 inopia
2806 757 2866 811 et
2920 760 3182 829 egestate
3243 753 3540 829 notabilis,
3588 762 3646 817 et

2004 834 2309 915 utriusque
2340 837 2574 916 dignam
2602 839 2737 900 vita;
2762 856 2884 900 suae
2905 841 3451 905 remunerationem
3481 844 3641 905 acci-

2007 923 2242 1003 pientis,
2267 923 2661 988 utostendunt
2682 928 3021 1006 evangelica
3041 929 3219 991 verba
3242 930 3329 991 sic
3370 930 3595 1011 digesta
3630 950 3645 995 :

2015 1034 2035 1067 ι
2066 1013 2221 1076 Dixit
2248 1014 2533 1077 Dominus
2565 1014 2901 1096 parabolam
2946 1016 3115 1079 istam
3141 1040 3154 1077 :
3185 1019 3373 1082 Homo
3407 1021 3647 1099 quidam

2006 1108 2134 1161 erat
2153 1101 2324 1190 dives
2351 1111 2407 1163 et
2434 1103 2789 1165 induebatur
2815 1123 3075 1185 purpura
3098 1113 3156 1167 et
3179 1106 3376 1188 bysso,
3403 1111 3648 1190 epulans

2006 1188 2269 1269 quotidie
2298 1191 2628 1269 splendide.
2665 1191 2736 1253 Et
2765 1200 2892 1253 erat
2918 1193 3153 1273 quidam
3190 1188 3501 1260 mendicus
3534 1218 3647 1260 no-

2009 1277 2170 1339 mine
2201 1280 2452 1341 Lazarus
2476 1280 2574 1360 qui
2590 1279 2831 1359 jacebat
2857 1281 2927 1341 ad
2950 1282 3196 1361 januam
3239 1285 3388 1364 ejus,
3425 1286 3649 1349 ulceri-

2009 1365 2117 1427 bus
2147 1368 2374 1446 plenus,
2405 1376 2464 1428 et
2489 1369 2735 1448 cupiens
2766 1369 3016 1429 saturari
3059 1371 3134 1432 de
3183 1373 3356 1435 micis
3385 1393 3514 1455 quae
3543 1394 3646 1437 ca-

2008 1453 2228 1516 debant
2257 1455 2332 1516 de
2363 1475 2571 1517 mensa
2615 1456 2834 1519 divitis.
2876 1480 2899 1515 »
2938 1457 3158 1521 Volens
3207 1453 3494 1523 Dominus
3543 1483 3651 1525 nos

2009 1541 2166 1604 inter
2197 1560 2302 1604 nos
2334 1545 2777 1606 communicare
2827 1557 2883 1606 et
2929 1545 3177 1625 diligere
3208 1557 3266 1611 et
3292 1568 3555 1629 erogare,
3591 1561 3651 1615 et

1953 1665 1988 1712 Β
2011 1630 2516 1694 immisericordes
2545 1633 2782 1708 docere,
2816 1652 2951 1716 quae
2981 1634 3053 1694 iis
3081 1637 3648 1717 accideredebeant,

2011 1730 2070 1779 et
2098 1736 2304 1781 rursus
2325 1720 2557 1782 miseris
2578 1721 2895 1783 ostendere
2927 1723 3066 1802 quid
3100 1724 3239 1786 boni
3286 1745 3388 1789 eos
3421 1738 3655 1791 maneat

2013 1824 2119 1887 pro
2152 1808 2320 1870 malis
2348 1828 2477 1890 quae
2507 1810 2681 1871 hisin
2712 1810 2886 1872 terris
2925 1811 3202 1884 subeunt,
3238 1814 3478 1877 divitem
3514 1818 3648 1898 qui-

2015 1895 2149 1957 dem
2174 1897 2341 1958 valde
2370 1898 2913 1961 immisericordem
2947 1908 3007 1962 et
3032 1899 3454 1976 inhumanum,
3498 1895 3650 1985 pau-

2015 2002 2217 2064 perem
2250 2003 2385 2047 vero
2414 1986 2585 2047 valde
2615 1986 2854 2066 inopem
2883 1995 2940 2050 et
2964 1988 3285 2069 patientem
3313 1993 3652 2070 parabolice

2013 2070 2186 2161 nobis
2213 2072 2273 2133 in
2304 2074 2641 2155 exemplum
2670 2074 2900 2137 virtutis
2948 2084 3005 2137 et
3056 2078 3292 2139 malitiae
3332 2080 3652 2161 sapientis-

2013 2159 2165 2221 sime
2195 2161 2461 2242 depinxit
2490 2163 2564 2224 Et
2593 2161 2833 2223 divitem
2865 2163 3109 2241 quidem
3141 2164 3363 2246 absque
3405 2159 3655 2230 nomine

2014 2248 2357 2328 assumpsit,
2407 2257 2465 2309 et
2520 2250 2827 2328 indignum
2889 2251 2989 2332 qui
3037 2271 3071 2314 a
3124 2255 3655 2339 Dee—nominetur,

2007 2336 2172 2415 juxta
2199 2337 2354 2416 quod
2390 2356 2495 2417 per
2525 2339 2872 2418 prophetam
2902 2340 3050 2402 dicit
3086 2361 3099 2402 :
3147 2365 3174 2396 α
3208 2340 3380 2404 Haud
3428 2336 3658 2407 memor

2018 2442 2118 2485 ero
2146 2426 2454 2486 nominum
2486 2444 2691 2487 eorum
2725 2445 2831 2507 per
2860 2427 3016 2490 labia
3046 2441 3297 2512 mea,et,
3326 2432 3499 2512 periit
3526 2452 3623 2497 me

2019 2513 2208 2574 moria
2236 2513 2362 2592 ejus
2406 2531 2536 2576 cum
2567 2515 2787 2576 sonitu.
2825 2539 2853 2572 »
2888 2517 3117 2578 Nomen
3144 2528 3337 2580 autem
3382 2523 3659 2603 pauperis

2018 2613 2328 2682 memorat,
2362 2603 2638 2683 quoniam
2661 2603 2956 2682 justorum
2989 2606 3231 2669 nomina
3258 2608 3317 2669 in
3349 2609 3503 2672 libro
3527 2613 3661 2672 vitae

301 2703 431 2753 Θεοῦ
476 2697 837 2771 ὀνομάζεσθαι,
910 2698 1042 2754 καθὰ
1099 2699 1186 2753 καὶ
1239 2695 1323 2752 διὰ
1375 2703 1466 2753 τοῦ
1511 2700 1786 2776 Προφίξτου
1838 2686 1933 2755 λὲ-

2017 2686 2301 2770 inscripta
2329 2698 2485 2751 sunt.
2518 2688 2809 2752 Hebraica
2838 2699 3032 2753 autem
3072 2694 3309 2756 traditio
3341 2697 3521 2759 habet
3542 2702 3658 2761 La-

300 2806 382 2864 γει
416 2801 431 2815 ⁶
474 2805 498 2841 tt
533 2788 605 2843 Οὐ
634 2785 711 2860 μὴ
747 2784 864 2864 (60)
923 2790 1141 2861 μνησθῶ
1193 2788 1297 2843 τῶν
1355 2785 1625 2860 ὀνομάτων
1654 2787 1822 2844 αὐτῶν
1854 2786 1935 2862 διά

2017 2794 2215 2838 zarum
2273 2778 2587 2858 quemdam
2630 2796 2763 2840 esse
2808 2779 3214 2863 Jerosolymis,
3234 2782 3663 2848 incarnationis

300 2874 529 2956 χειλέων
560 2897 680 2951 μου,
713 2878 803 2932 καὶ
831 2874 1075 2932 ἀπώλετο
1115 2878 1177 2932 τὸ
1225 2877 1561 2953 μνημόσυνον
1605 2875 1723 2954 (61)
1780 2878 1935 2935 αὒτοῦ

2020 2865 2257 2928 Domini
2289 2866 2480 2930 nostri
2503 2875 2801 2956 tempore,
2825 2868 2887 2928 in
2921 2871 3404 2956 extremainopia
3433 2874 3659 2954 degen-

301 2963 424 3039 μετ’
454 2962 617 3044 ἤχου.
652 2986 681 3019 ι
736 2969 837 3021 Τοῦ
878 2962 933 3020 δὲ
978 2965 1235 3039 ὀνόματος
1282 2967 1602 3040 μνημονεύει
1644 2974 1735 3023 τοῦ
1775 2966 1938 3034 πένη-

298 3074 410 3133 τος,
442 3050 624 3119 ἔπειδή
667 3050 1025 3143 τῶν,,δικαίων
1067 3054 1132 3109 τὰ
1185 3054 1432 3143 ὀνόμεπιταΔ
1481 3055 1533 3110 ἐν
1589 3053 1753 3131 βίϐλῳ
1778 3061 1938 3143 ,ζωῆς

300 3141 712 3220 ἀπογράφονται,
786 3133 936 3220 Ἔχει
995 3139 1078 3223 δὲ,
1105 3143 1192 3198 καὶ
1245 3144 1279 3209 ἡ
1343 3133 1598 3220 Ἐϐραίκῆ
1627 3142 1936 3223 παράδοσις,

300 3231 536 3308 Λάζαρον
595 3229 736 3286 εἷναί
791 3251 905 3285 τινα
965 3228 1020 3284 ἐν
1066 3220 1442 3309 Ἰεροσολύμοις
1496 3233 1629 3288 κατὰ
1683 3220 1773 3288 τὸν
1815 3220 1940 3289 καιέ-

303 3319 391 3398 ρὺν
447 3323 546 3385 τῆς
603 3315 1045 3396 ἐνανθρωπήσεως
1095 3328 1187 3377 τοῦ
1242 3320 1427 3397 Κυρίου
1485 3319 1538 3375 ἐν
1601 3319 1808 3400 ἐσχάτῇ
1851 3344 1943 3377 πε-

303 3408 387 3463 νία
432 3404 699 3485 διάγοντα,
752 3410 812 3465 οὗ
847 3408 935 3463 καὶ
978 3407 1294 3481 μνημονεύει
1348 3406 1472 3487 (62)
1517 3410 1546 3464 6
1613 3409 1822 3486 Κύριος,
1866 3411 1939 3472 ὡς

306 3493 618 3574 εὐχαρίστου
670 3495 758 3550 καὶ
811 3504 1139 3572 καρτερικοῦ,
1218 3496 1305 3551 καὶ
1380 3496 1725 3574 μακροθύ;.ο.υ›ς
1780 3496 1939 3574 ἔργα-ο

305 3582 527 3657 ζομένου
567 3588 740 3639 πᾶσαν
797 3579 1127 3650 δικαιοσύνην
1170 3585 1258 3639 καὶ
1316 3583 1533 3662 ἀρετήν.
1609 3609 1635 3640 cr
1681 3586 1938 3663 Μακάριοι

304 3672 405 3751 γὰρ
448 3672 627 3751 φησὶν,
675 3675 720 3728 οἱ
750 3668 1062 3752 φοϐούμενοι
1104 3673 1194 3729 τὸν
1238 3673 1446 3752 Κύριον,
1501 3675 1589 3729 καὶ
1646 3675 1704 3729 τὸ
1736 3674 1940 3749 μνημό·

306 3782 462 3818 συνον
517 3761 686 3817 αὐτῶν
741 3759 887 3834 μένει
944 3762 1016 3826 εἷς
1056 3763 1147 3817 τὸν
1202 3762 1387 3841 αἰῶνα,
1444 3763 1531 3817 καὶ
1577 3760 1695 3839 (63)
1750 3763 1939 3837 μνήμῃ

305 3848 505 3906 δικαίου
566 3849 683 3925 μετ’
753 3850 1052 3929 ἐγκωμίων,
1107 3851 1216 3930 καὶ,
1288 3851 1361 3913 εἷς
1421 3847 1544 3929 (64)
1603 3850 1939 3924 μνημόσυνον

307 3938 517 3996 αἰώνιον
548 3936 928 4004 ἕσταιδικαίος.
976 3962 1005 3993 ι
1071 3930 1127 3996 Ὀ
1173 3940 1268 4014 μὲν
1325 3939 1412 3994 οὖν
1455 3936 1702 4000 πλούσιος
1732 3939 1938 4017 πορφύ-

2019 2962 2162 3043 tem,
2198 2955 2370 3035 cujus
2391 2963 2449 3016 et
2479 2956 2747 3016 meminit
2774 2955 3061 3018 Dominus
3095 2952 3158 3019 ut
3190 2961 3435 3038 gratiosi
3465 2952 3535 3023 eti
3558 2982 3660 3043 pa-

2017 3042 2219 3105 tientis
2235 3054 2293 3105 et
2308 3045 2730 3123 longaminiter
2748 3047 3284 3125 omnemjustitiam
3311 3056 3371 3112 et
3387 3042 3660 3113 virtutem

2022 3133 2341 3212 operantis:
2358 3134 2554 3197 »Beati
2574 3133 3658 3218 enim,inquit,quitimentDominum,

2025 3231 2081 3282 et
2112 3223 2396 3284 memoria
2422 3241 2628 3284 eorum
2660 3231 2856 3283 manet
2885 3223 2945 3283 in
2979 3233 3291 3302 aeternum,
3316 3236 3396 3302 et,
3432 3248 3661 3290 memo-

2026 3310 2114 3371 ria
2122 3310 2269 3390 justi
2299 3331 2432 3372 cum
2459 3311 2753 3384 laudibus,
2789 3319 2868 3385 et,
2899 3311 2958 3372 in
2988 3315 3281 3376 memoria
3301 3325 3521 3379 aeterna
3554 3322 3666 3379 erit

2019 3399 2460 3478 justus.»Dives
2490 3401 2666 3476 igitur
2695 3416 2955 3479 purpura
2984 3408 3040 3461 et
3070 3401 3243 3481 bysso
3272 3402 3656 3483 induebatur,

2021 3505 2154 3547 cum
2186 3488 2355 3573 multi
2386 3488 2485 3549 alii
2517 3488 2660 3548 nudi
2691 3496 2887 3549 essent
2935 3498 2994 3548 et
3024 3490 3304 3567 rigereut,
3341 3500 3401 3554 et
3450 3493 3665 3573 frigore

2022 3581 2080 3633 et
2107 3572 2240 3662 gelu
2268 3574 2791 3662 haererent,etipse
2810 3573 3117 3634 mendicus
3137 3576 3388 3640 Lazarus
3413 3580 3485 3641 ad
3520 3572 3659 3662 por-

2023 3668 2139 3721 tam
2179 3660 2354 3739 hujus
2397 3660 2656 3741 improbi
2686 3669 2742 3723 et
2775 3662 2992 3741 perditi
3023 3677 3082 3725 et
3115 3662 3424 3728 inhumani
3457 3660 3659 3731 et'im-

2024 3746 2426 3809 misericordis
2447 3749 2653 3828 jacens
2703 3757 2762 3811 et
2814 3749 3175 3827 angustiatus
3219 3761 3276 3814 et
3331 3757 3547 3821 nudus.
3594 3759 3665 3820 Et

2024 3836 2259 3916 quidem
2293 3835 2456 3898 dives
2475 3836 2865 3916 istequotidie
2894 3837 3663 3923 splendiduserat,epulans

2025 3932 2082 3986 et
2114 3925 2410 3988 luxuriose
2441 3933 2498 3987 et
2526 3935 2871 4005 sumptuose
2904 3935 3075 3987 terrm
3096 3937 3153 3989 et
3178 3930 3355 3992 maris
3374 3934 3665 3997 reditibus

309 4048 404 4106 ραν
430 4027 519 4084 καὶ
570 4026 756 4102 βύσσον
808 4013 1181 4107 ἐνεδιδύσκετο,
1222 4025 1433 4083 πολλῶν
1491 4025 1681 4104 ἐτέρων
1736 4013 1935 4103 γυμνη-

2032 4013 2255 4086 fruens,
2306 4015 2472 4107 dives
2518 4023 2576 4075 et
2598 4013 2834 4107 deliciis
2864 4015 3135 4107 afﬂuens.
3161 4019 3492 4097 Totaigitur
3511 4022 3663 4084 divi-

309 4102 568 4173 τευόντων
621 4117 709 4172 καὶ
763 4116 1054 4194 ῥυγούντων
1113 4117 1202 4171 καὶ
1272 4115 1434 4195 ψύχει
1497 4115 1584 4170 καὶ
1651 4115 1790 4193 κρύει
1833 4136 1935 4180 πη-

2033 4103 2106 4164 tis
2125 4122 2266 4164 cura
2294 4103 2451 4165 circa
2471 4102 2803 4164 vestimenti
2830 4104 3319 4181 magniﬁcentiam
3342 4116 3399 4169 et
3427 4129 3664 4175 mensas

311 4204 606 4284 γνυμένων,
651 4205 739 4261 καὶ
765 4191 947 4264 ναύτοὖ
1015 4202 1079 4271 δὴ
1134 4210 1225 4261 τοῦ
1281 4191 1503 4283 πτωχοῦ
1557 4191 1791 4283 Λαζάρου
1818 4204 1935 4281 πρὸς

2033 4200 2090 4253 et
2110 4192 2312 4272 epulas
2346 4191 2712 4252 versabatur.
2759 4192 3012 4253 Lazarus
3060 4212 3197 4255 vero
3217 4195 3416 4277 inopia
3434 4206 3491 4259 et
3513 4218 3668 4261 mor-

311 4272 404 4351 τὸν
461 4292 676 4350 πυλῶνα
728 4294 911 4350 τούτου
956 4299 1049 4349 τοῦ
1102 4290 1279 4350 ἀδίκου
1339 4293 1425 4348 καὶ
1478 4292 1808 4370 κακοτρόπου
1861 4293 1935 4347 κα¹

2031 4279 2107 4370 ho
2126 4280 2429 4342 confectus
2458 4281 2530 4370 ad
2553 4279 2728 4342 istius
2749 4279 2986 4359 jacebat
3001 4280 3242 4370 januam
3255 4272 3339 4370 ,εἰ
3354 4287 3553 4349 omnia
3567 4306 3659 4349 sur

315 4381 671 4458 ἀνελεήμονος
713 4381 801 4438 καὶ
828 4379 1177 4461 ἀσπλάγχνου
1231 4377 1560 4457 βεϐλημένου
1615 4381 1702 4436 καὶ
1760 4400 1946 4435 στενο-

314 4470 659 4551 χωρουμένου
686 4471 774 4526 καὶ
823 4470 1256 4549 γυμνητεύοντος.
1330 4470 1429 4527 Καὶ
1481 4470 1509 4524 6
1566 4468 1661 4543 μὲν
1703 4466 1949 4531 πλούσιος

315 4560 469 4623 οὗτος
525 4556 641 4615 καθ’
682 4557 883 4636 ἡμέραν
937 4557 1178 4637 λαμπρὸς
1235 4557 1324 4636 ἧν,
1386 4556 1811 4636 εὐφραινόμενος,
1862 4557 1948 4611 καὶ

312 4648 537 4711 ἀσώτως
589 4648 677 4703 καὶ
730 4644 1027 4713 πολυτελῶς
1109 4652 1213 4703 τῶν
1281 4650 1378 4712 τῆς
1453 4650 1554 4723 γῆς
1609 4646 1694 4701 καὶ
1749 4643 1950 4701 θαλάσ-

318 4758 420 4802 σης
474 4732 743 4814 προσόδων
812 4741 1177 4816 κατατρυφῶν,
1251 4733 1474 4791 πλοῦτον
1543 4734 1630 4788 καὶ
1708 4755 1951 4789 καταπο-

320 4823 518 4885 λαύων.
550 4826 673 4903 Περὶ
713 4833 875 4884 ταῦτα
917 4825 1017 4903 γὰρ
1071 4826 1106 4891 ἡ
1148 4829 1291 4879 πᾶσα
1315 4829 1410 4880 τοῧ
1449 4820 1698 4879 πλοτσίου
1726 4820 1947 4895 σπουδὴ,

324 4912 445 4990 περί
523 4933 579 4968 τε
652 4916 939 4989 ἱματισμοῦ
1014 4910 1356 4970 πολυτέλειαν
1410 4912 1498 4968 καὶ
1554 4908 1813 4989 τραπέζας
1868 4913 1956 4967 καὶ

325 5001 561 5077 κώμους.
608 4992 667 5059 ’0
716 5001 771 5059 δὲ
828 5002 1060 5079 Λάζαρος
1099 5000 1250 5073 πενίᾳ
1287 5001 1376 5057 καὶ
1419 4999 1558 5072 νόσῳ
1610 5000 1955 5079 τετρυχωμέ-

427 5176 532 5254 57)
565 5195 591 5234 ι
640 5178 1018 5240 Καταπίπτειν.
1054 5201 1083 5234 ι
1128 5177 1411 5241 Animum
1440 5173 1720 5256 abjicere.

427 5178 532 5254 57)
565 5195 591 5234 ι
640 5178 1018 5240 Καταπίπτειν.
1054 5201 1083 5234 ι
1128 5178 1411 5241 Animum
1440 5178 1720 5256 abjicere.

401 5178 594 5349 E218):
628 5261 786 5331 Πενίᾳ
812 5259 1244 5338 κατεστιγμένου.
1292 5282 1321 5315 ι
1381 5255 1587 5337 Inopia
1618 5262 1678 5318 et
1701 5261 1961 5336 egestate

324 5336 674 5419 notabilis."
1045 5336 1051 5338 '
1492 5336 1507 5337 ί

409 5416 535 5497 (59)
587 5439 616 5472 ε
668 5420 948 5497 Ανθρωπός
977 5441 1056 5485 τις
1098 5419 1185 5488 ἧν.
1222 5441 1251 5474 ι
1283 5415 1426 5480 Luc.
1459 5432 1583 5497 xvt,
1617 5415 1712 5479 19.

433 5417 535 5496 59)
587 5439 616 5472 α
660 5417 948 5497 -Λνθρωπός
977 5441 1056 5485 τις
1098 5419 1185 5488 ἧν.
1222 5441 1251 5474 ι
1283 5417 1426 5480 Luc.
1459 5432 1583 5492 xvr,

401 5417 531 5578 (60)
584 5520 607 5555 ι
645 5499 718 5556 06
758 5499 838 5574 μὴ
881 5503 1120 5576 μνησθῷ.
1155 5522 1179 5557 ι
1211 5497 1371 5562 Ρεεὶ.
1402 5513 1504 5573 xv,
1535 5495 1595 5560 4.

2030 4359 2212 4457 bibat,
2233 4379 2353 4457 non
2387 4360 2560 4457 modo
2578 4377 2721 4457 quae
2751 4361 3135 4457 paupertatis,
3169 4365 3282 4457 sed
3307 4372 3360 4425 et
3395 4384 3527 4457 quae
3565 4370 3662 4428 in-

2031 4439 2329 4527 ﬁrmitatis
2359 4447 2546 4527 erant.
2578 4439 2646 4500 Et
2669 4439 2945 4527 cupiebat
2969 4444 3223 4527 saturari
3248 4444 3323 4527 de
3348 4439 3516 4507 micis
3533 4465 3662 4527 quas

2032 4518 2329 4607 cadebant
2359 4520 2455 4607 de_
2485 4537 2693 4607 mensa
2737 4519 2956 4607 divitis.
3007 4522 3196 4607 Nemo
3227 4524 3384 4607 enim
3417 4518 3665 4607 erat-qui

2032 4598 2353 4683 quidquam
2376 4597 2502 4683 cibi
2532 4598 2619 4658 illi
2647 4600 2965 4683 praeberet,
2984 4602 3083 4662 sed
3108 4604 3343 4683 jacebat
3364 4605 3563 4667 multis
3579 4597 3669 4667 ul-

2034 4679 2268 4771 ceribus
2298 4679 2577 4748 refertus,
2601 4686 2662 4776 et
2672 4679 3143 4776 consolationem
3177 4685 3359 4745 multa
3387 4692 3665 4776 ex‘parte

2032 4759 2329 4850 accipiens
2375 4776 2570 4850 neque
2608 4758 2725 4850 ullo
2746 4776 2790 4850 _a
2810 4759 3084 4850 quolibet
3130 4780 3407 4850 sermone
3453 4758 3668 4850 dignus

2036 4838 2293 4919 habitus,
2311 4838 2517 4919 morbo
2538 4838 2934 4919 detinebatur,
2954 4848 3012 4899 et
3039 4840 3191 4903 fame
3219 4838 3662 4919 absumebatur,

2037 4916 2210 4999 Dives
2239 4925 2435 4999 autem
2466 4918 2869 4999 delectabatur
2896 4920 3159 4999 quotidie
3190 4930 3246 4983 et
3274 4922 3336 4983 in
3360 4922 3588 4984 luxuria
3609 4916 3668 4985 et

2037 4996 2327 5060 ebrietate
2356 4997 2670 5061 otiabatur.
2706 4996 2891 5060 Tanta
2914 4996 3076 5061 enim
3113 5008 3239 5064 erat
3280 5001 3476 5064 divitis
3522 5021 3663 5065 cru-

2150 5174 2247 5259 fjl
2282 5199 2305 5231 ι
2342 5176 2702 5259 Ἀπώλετοτὸ
2730 5180 3085 5259 μνημόσυνον.
3123 5177 3333 5259 {PsaL
3368 5199 3452 5259 lx,
3481 5181 3543 5247 7,

2150 5254 2252 5336 62)
2289 5274 2320 5315 (
2349 5258 2677 5336 Μνημονεύει
2711 5272 2726 5288 ⁸
2766 5280 2791 5317 ι
2828 5258 3043 5316 ἐνταῦθα
3071 5256 3318 5320 scilicet.

2116 5335 2232 5419 ((33!
2268 5358 2296 5391 α
2324 5339 2527 5419 wth
2558 5335 2777 5419 δικαίου.
2814 5361 2842 5393 n
2878 5337 3163 5419 Proverb.
3195 5339 3352 5419 x,‘7.

2120 5414 2239 5493 (64)
2272 5438 2299 5469 α
2324 5413 2416 5479 Εἰς
2446 5416 2806 5491 μνημοσύνον.
2845 5440 2869 5476 ι
2906 5415 3061 5481 Psal.
3094 5433 3214 5495 CXI,
3240 5413 3306 5481 ’6.
