4008 6114
370 226 527 291 1223

353 450 457 510 sed
489 452 779 512 remansit
810 451 1046 525 efferus,
1082 449 1243 511 imno
1274 469 1411 511 vero
1456 450 1619 511 omni
1656 451 1782 513 fera
1838 453 2000 514 fero-

348 535 499 597 cior.
517 536 668 600 «Sed
692 538 1256 601 etcanesvenientes
1278 538 1578 617 lingebant
1593 539 1792 602 ulcera
1807 542 1996 621 ejus.»

349 624 797 705 Compatientes
829 626 1013 705 magis
1044 645 1224 688 canes
1256 635 1315 688 et
1346 627 1726 690 humaniores
1751 645 1816 690 se
1849 647 2000 709 prae-

346 711 491 774 bent
519 733 693 794 quam
724 716 911 777 dives.
938 718 1128 779 Canes
1158 715 1397 796 quidem
1427 717 1629 778 ulcera
1671 723 1730 777 et
1755 718 1999 779 vulnera

348 805 624 882 pauperis
645 804 946 883 lingebant
967 824 1084 865 non
1110 813 1391 866 nocentes
1417 823 1608 886 neque
1629 807 1993 888 mordentes,

348 889 451 951 sed
484 892 652 971 quasi
680 894 1070 955 condolentes
1100 901 1157 955 et
1209 892 1410 971 lingua
1440 903 1666 974 partem
1713 896 1992 957 afﬂictam

346 977 632 1053 foventes,
669 989 727 1042 et
776 982 1086 1043 vulnerum
1146 1001 1421 1042 cruorem
1471 983 1876 1063 detergentes,
1937 992 1996 1044 et

348 1069 574 1129 sensim
604 1069 866 1131 dolorem
897 1071 1261 1133 alleviantes.
1289 1070 1462 1132 Dives
1490 1079 1684 1132 autem
1719 1071 1992 1132 immise-

344 1154 535 1216 ricors
567 1166 690 1220 erat
725 1166 783 1220 et
809 1158 1203 1239 implacabilis
1241 1178 1310 1219 ac
1355 1177 1432 1220 ne
1486 1159 1707 1221 vultum
1748 1160 1990 1241 quidem

345 1243 593 1307 hilarem
627 1248 869 1327 pauperi
903 1247 1286 1327 monstrabat,
1322 1266 1524 1328 neque
1555 1267 1695 1310 voce
1722 1268 1855 1310 cum
1887 1250 1988 1311 illo

345 1335 1043 1418 communicabat,neque
1074 1356 1335 1417 pannum
1368 1337 1454 1397 illi
1485 1336 1651 1398 dedit
1693 1346 1797 1402 aut
1833 1337 1985 1399 obo-

343 1420 466 1482 lum
494 1431 596 1484 aut
627 1444 866 1505 parvum
903 1425 1073 1505 panis
1101 1426 1415 1486 frustulum
1447 1425 1633 1499 dedit,
1660 1426 1765 1488 sed
1787 1426 1986 1489 omnia

345 1509 507 1571 solus
536 1530 644 1591 per
671 1513 872 1593 gulam
905 1515 1210 1575 stomacho
1240 1514 1504 1577 demisit.

1439 231 1497 293 J.
1544 232 1935 295 XIPHILINI
1976 230 2089 296 GP.
2138 235 2652 300 PATRIARCHE

354 359 590 422 delitas.
618 360 747 423 Non
781 362 941 424 enim
975 361 1367 441 prosperitate
1398 362 1612 423 melior
1626 362 1869 426 aﬂ‘ectus
1889 358 1981 418 εει

2065 377 2175 418 ,νος
2233 353 2487 422 ἐϐέϐλητο
2554 358 2686 434 πρὸς
2747 361 2836 414 τὸν
2892 360 3109 418 πυλῶνα
3182 366 3366 445 αὐτού,

3596 248 3751 311 1224

3428 370 3520 422 καὶ
3576 369 3751 426 πάντα

2084 443 2381 523 ὑπέμεινεν,
2428 448 2487 503 οὒ
2529 445 2692 519 μόνον
2720 449 2786 503 τὰ
2814 447 2910 516 τῆς
2940 453 3146 524 πενίας,
3202 443 3358 509 ἀλλά
3387 455 3477 510 καὶ
3519 456 3589 511 τὲ
3647 463 3746 523 τῆς

2083 531 2391 610 ἀῤῥωστίας,
2436 534 2523 588 καὶ
2591 532 2835 610 ἐπεθύμει
2892 541 3253 617 χορτασθῆναι
3306 542 3415 597 ἀπὸ
3475 549 3583 600 τῶν
3644 550 3748 619 ψι-

2082 623 2217 701 χίων
2288 625 2389 677 τῶν
2432 622 2733 681 πιπτόντων
2779 625 2884 681 ἀπὸ
2925 632 3023 693 τῆς
3088 628 3353 706 τραπέζης
3410 639 3509 688 τοῦ
3565 631 3746 693 πλον)-

2080 712 2191 766 σίου
2225 728 2238 741 '
2299 707 2460 775 οὒδείς
2502 709 2556 766 δὲ
2623 712 2690 779 ἦν
2746 716 2774 769 6
2828 716 3079 795 παρέχων
3141 722 3317 793 αὐτῷ,
3365 719 3509 776 ἀλλά
3567 721 3745 779 ἔκειτο

2077 796 2250 885 ἕλκεσι
2327 799 2496 873 βρύων
2563 799 2812 882 πολλοῖς,
2895 806 2984 860 καὶ
3048 795 3374 885 παρηγορίαν
3446 807 3743 885 οὗόαμόθεν

2077 884 2392 967 δεχόμενος,
2440 885 2554 943 οὐδὲ
2584 886 2743 966 λόγου
2775 892 2917 954 τινὸς
2947 891 3070 971 παρ’
3128 894 3333 958 αΒενὸς
3395 896 3735 973 ἀξιούμενος,

2076 981 2143 1064 ἢ,
2185 975 2322 1064 νόσῳ
2375 975 2680 1056 κατείχετο,
2739 980 2826 1034 καὶ
2884 988 2959 1055 τῷ
3029 980 3171 1057 λιμῷ
3224 987 3614 1064 κατετρύχετο·
3675 980 3737 1046 '0

2075 1063 2127 1119 δὲ
2199 1063 2450 1128 πλούσιος
2479 1064 2669 1145 ἐτρύφα
2716 1065 2834 1123 καθ’
2892 1069 3093 1148 ἡμέραν
3148 1072 3235 1127 καὶ
3289 1072 3390 1153 65)
3454 1063 3511 1129 ἐν
3584 1075 3731 1132 ἀσω-

2072 1153 2205 1215 τίαις
2268 1154 2357 1207 καὶ
2425 1153 2607 1225 μέθαις
2677 1154 2936 1235 ἐσχόλαζε
2971 1174 2983 1187 ⁸
3050 1161 3279 1226 τοσαύτη
3351 1164 3454 1242 γὰρ
3526 1166 3566 1231 ἡ
3644 1173 3739 1221 τοῦ

2071 1240 2320 1297 πλουσίου
2390 1241 2607 1314 ὠμότης
2641 1258 2654 1272 ⁶
2731 1243 2846 1301 οὐδὲ
2917 1248 3016 1326 γὰρ
3081 1250 3182 1303 ὑπὸ
3264 1254 3366 1316 τῆς
3426 1240 3736 1331 eam

2067 1329 2288 1406 βελτίων
2345 1328 2579 1406 ἐγένετο,
2662 1331 2780 1388 ἀλλ’
2850 1332 3031 1409 ἔμενεν
3092 1332 3503 1417 ἐκθηριώμεηῖος,
3584 1328 3731 1417 μᾶλ-

2067 1420 2161 1476 λον
2216 1417 2270 1473 δὲ
2341 1419 2430 1473 καὶ
2495 1418 2677 1497 θηρίου
2734 1424 2929 1486 παντὸς
2988 1424 3383 1505 χαλεπώτερος,
3465 1448 3497 1487 (
3562 1427 3735 1486 Ἀλλᾶ

2065 1514 2153 1570 καὶ
2196 1511 2244 1565 οἱ
2273 1506 2423 1567 κύνες
2473 1505 2759 1586 ἐρχόμενοι
2818 1511 3106 1591 ἀπέλειχον
3154 1516 3222 1569 τὰ
3276 1514 3406 1582 ἕλκη
3468 1516 3657 1577 αὖτοὺ.
3698 1540 3725 1575 ι

342 1601 765 1681 Συμπαθέστεροι
809 1608 854 1660 οἱ
898 1606 1046 1669 κύνες
1090 1614 1181 1663 τοῦ
1210 1603 1460 1660 πλουσιου
1489 1606 1575 1660 καὶ
1615 1603 2093 1684 φιλανθρωπότεροι
2123 1601 2392 1682 φαίνονται
2426 1611 2441 1626 ⁸
2459 1598 2521 1684 Δοί
2552 1598 2649 1671 μὲν
2676 1601 2775 1677 γὰρ
2803 1601 2952 1664 κύνες
2983 1604 3046 1657 τὰ
3075 1601 3206 1669 ⁴ἕλκη
3235 1606 3321 1659 καὶ
3351 1606 3416 1661 τὰ
3444 1607 3731 1684 τραύματα

340 1694 434 1743 τοῦ
463 1688 688 1756 πένητος
733 1690 967 1772 ἔλειχον,
1013 1695 1102 1751 ούύ
1145 1691 1466 1771 ἀδικοῦντες,
1512 1682 1639 1749 οὔδε*
1670 1691 1967 1769 δάκνοντες,
2003 1682 2124 1749 ἀλλ’
2154 1693 2268 1746 οἷον
2326 1682 2729 1763 συναλγοῦντες,
2787 1692 2873 1745 καὶ
2916 1693 3282 1769 θεραπεύοντες
3311 1698 3381 1768 τῇ
3407 1693 3636 1771 γλώττῃ
3665 1698 3733 1750 τὸ

340 1775 558 1857 λυποῦν,
606 1780 691 1835 καὶ
719 1782 810 1835 τὸν
852 1770 1025 1860 ἰχῶρα
1054 1789 1157 1838 τῶν
1200 1770 1512 1860 τραυμάτων
1542 1782 1977 1861 ἀποσμήχοντες,
2012 1784 2101 1839 καὶ
2128 1778 2300 1858 ἡρέμα
2327 1772 2423 1834 τὰς
2452 1770 2633 1838 ὀδύνας
2663 1775 3104 1857 ἐπικουφίζοντες.
3140 1772 3197 1837 ιΟ
3224 1779 3279 1835 δὲ
3309 1780 3565 1845 πλούσιος
3604 1782 3729 1860 (66)

342 1863 657 1941 ἀσυμπαθὴς
700 1867 764 1935 ἧν
807 1870 894 1924 καὶ
926 1869 1253 1950 ἀμείλικτος,
1278 1871 1365 1926 καὶ
1396 1868 1510 1927 οὔδε
1539 1869 1687 1946 ὄμμα
1718 1869 1895 1948 ἱλαρὸν
1923 1878 2001 1945 τῷ
2028 1870 2216 1935 πένητι
2247 1861 2555 1950 ἐχαρίσατο,
2600 1868 2660 1923 οὗ
2686 1863 2845 1943 λόγου
2868 1868 3184 1943 μετέδωκεν,
3215 1871 3275 1925 οὒ
3301 1869 3462 1945 ῥάκος
3507 1870 3725 1949 ἐπὲῥρι-

342 1955 439 2026 ψεν
468 1952 527 2009 ού
569 1951 790 2012 δέδωκεν
820 1955 1030 2032 ὀϐολὸν,
1076 1960 1136 2015 οὐ
1163 1948 1422 2039 τεμάχιον
1454 1956 1610 2037 ἄρτου
1639 1960 1848 2037 μικρὸν,
1879 1957 2016 2016 ἀλλά
2043 1958 2214 2015 πάντα
2240 1961 2309 2030 τῇ
2357 1948 2456 2020 ἶδίᾳ
2497 1954 2708 2032 γαστρὶ,
2764 1956 2837 2019 ὣς
2882 1956 2935 2013 ἒν
2991 1956 3293 2037 πανδοχείῳ
3341 1956 3424 2014 διὰ
3480 1964 3586 2026 τῆς
3630 1948 3730 2021 τοῦ

342 2042 611 2123 φάρυγγος
641 2046 828 2124 χώνης
859 2046 1185 2125 ἐπέῤῥιπτεν.

420 2133 656 2213 Pauper
683 2141 878 2196 autem
910 2134 1181 2210 Lazarus,
1215 2155 1351 2199 cum
1397 2145 1557 2199 tanta
1603 2145 1904 2217 pateretur
1934 2145 1981 2198 el

2161 2127 2217 2193 (0
2248 2133 2302 2190 δὲ
2357 2133 2523 2201 πένης
2580 2132 2697 2209 (67)
2742 2132 2975 2211 Λάζαρος
3030 2140 3258 2191 τοσαῦτα
3313 2136 3569 2215 πάσχων,
3631 2139 3728 2193 καὶ

339 2219 400 2281 in
430 2223 605 2285 tantis
636 2222 808 2285 malis
834 2233 1185 2296 versaretur,
1233 2244 1349 2286 non
1384 2224 1832 2306 blasphemavit,
1867 2246 1981 2289 non

2069 2222 2124 2278 ἐν
2192 2235 2308 2287 τοῖς
2366 2222 2620 2285 τοιούτοις
2696 2221 2952 2299 ὑπάρχων
3011 2219 3229 2302 δεινοῖς,
3289 2225 3383 2279 οὒκ
3437 2222 3726 2305 ἐϐλασφή-

341 2310 714 2387 convitiatus,
750 2331 868 2373 non
898 2312 1238 2393 indignatus
1268 2321 1377 2389 est,
1411 2333 1531 2375 non
1576 2316 1981 2397 murmuravit,

2068 2332 2260 2385 μησεν,
2341 2308 2455 2367 οὐδὲ
2518 2307 2872 2387 ἐλοιδόρησεν,
2961 2311 3056 2366 οὒκ
3126 2311 3519 2391 ἠγανάκτησεν,
3598 2311 3721 2369 οὐδὲ

340 2415 460 2459 non
498 2400 731 2461 divitias
777 2399 943 2461 diviti
983 2401 1334 2481 objurgavit,
1381 2401 1685 2464 neminem
1737 2404 1981 2465 omnino

2065 2399 2369 2477 ἐγόγγυσεν,
2430 2399 2489 2454 οὗ
2530 2399 2629 2465 τὴν
2688 2398 2886 2476 τρυφὴν
2939 2405 3029 2454 τοῦ
3090 2397 3337 2455 πλουσίω
3400 2400 3715 2476 ἐμέμψατο,

340 2486 775 2564 condemnavit,
818 2497 919 2552 aut
958 2489 1065 2551 Dei
1096 2489 1524 2570 providentiam
1554 2492 1978 2572 reprehendit;

2065 2485 2180 2543 ἀλλ’
2240 2488 2355 2544 οὔτε
2412 2488 2529 2545 τινὰ
2585 2492 2689 2541 τῶν
2752 2485 3037 2564 ἀνθρώπων
3115 2488 3435 2566 κατέκρινεν,
3496 2491 3533 2555 ἣ
3611 2491 3715 2556 τήν

337 2575 443 2637 sed
474 2596 605 2639 cum
640 2578 823 2640 multa
854 2577 1137 2659 patientia
1166 2580 1466 2643 sustinuit.
1525 2579 1665 2642 Ideo
1707 2589 1766 2641 et
1810 2600 1977 2642 mor-

2065 2576 2309 2653 πρόνοιαν
2368 2575 2646 2651 ἐμέμψατο
2711 2580 2803 2629 τοῦ
2873 2580 3027 2647 Θεοῦ,
3085 2573 3221 2631 ἀλλά
3279 2577 3413 2650 μετά
3494 2576 3713 2645 πολλῆς

339 2670 504 2725 tuum
534 2665 702 2728 illum
732 2668 927 2745 angeli
969 2676 1382 2748 susceperunt.
1415 2667 1473 2730 Si
1507 2669 1667 2730 enim
1709 2687 1977 2731 murmu-

2065 2669 2156 2730 τῆς
2216 2662 2524 2743 φιλοσοφίας
2578 2661 2841 2740 ἐκαρτέρει
2876 2678 2890 2693 ⁸
2962 2660 3045 2721 διὰ
3124 2674 3276 2723 τοῦτο
3347 2666 3434 2720 καὶ
3505 2665 3714 2723 ἀποθα-

335 2765 498 2814 rator
528 2765 587 2815 et
616 2753 996 2835 blasphemus
1044 2747 1277 2837 fuisset,
1333 2776 1450 2819 non
1506 2766 1665 2819 tanto
1723 2758 1972 2833 honore,

2065 2753 2215 2808 νόντα
2264 2752 2417 2807 αὒτὸν
2460 2754 2508 2807 οἱ
2565 2747 2787 2828 ἅγγελαι
2840 2748 3114 2829 ἐδέχοντο.
3162 2754 3220 2809 Εἰ
3264 2753 3363 2831 γὰρ
3388 2753 3457 2819 ἦν
3500 2777 3713 2832 γογγυ-

338 2859 530 2922 neque
559 2844 907 2921 angelorum
938 2848 1216 2908 comitatu
1246 2846 1460 2924 dignus
1507 2846 1742 2909 habitus
1790 2854 1973 2912 esset.

2065 2840 2195 2907 στὴς
2238 2842 2327 2896 καὶ
2354 2838 2691 2919 βλάσφημος,
2727 2840 2819 2896 οὒκ
2867 2838 2928 2894 ἂν
2984 2841 3242 2908 τοσαύτης
3284 2846 3446 2917 τιμῆς
3476 2842 3713 2922 ἠξιώθη,

343 2948 373 2989 ‹
401 2930 643 2992 Factum
676 2940 763 2993 est
792 2942 1011 3009 autem,
1036 2935 1249 3015 inquit,
1285 2944 1351 2996 ut
1380 2945 1712 2998 moreretur
1743 2936 1979 2998 mendi-

2065 2929 2149 2985 καὶ
2200 2930 2298 2994 τῆς
2356 2929 2497 3007 παρα
2537 2929 2644 2985 τῶν
2687 2926 2930 3005 ἀγγέλων
2978 2925 3301 3009 δορυφορίας.
3370 2951 3395 2986 α
3457 2929 3715 3008 Ἐγένετο

335 3037 444 3080 cus
470 3026 526 3080 et
558 3027 889 3099 portaretur
915 3021 987 3082 ab
1028 3024 1255 3102 angelis
1285 3024 1348 3084 in
1401 3024 1594 3086 sinum
1643 3024 1916 3088 Abrahae.
1948 3050 1971 3083 υ

2065 3017 2182 3096 γὰρ,
2238 3018 2418 3095 φησὶν,
2470 3017 2756 3074 ἀποθανεῖν
2800 3018 2860 3071 τὸ
2916 3020 3137 3096 πτωχὸν
3194 3020 3283 3074 καὶ
3338 3018 3709 3098 ἀπενεχθῆναι

337 3104 447 3168 Vix
477 3107 796 3187 aliquando
824 3129 859 3171 a
887 3128 1096 3188 magna
1126 3112 1487 3190 paupertatis
1515 3131 1584 3173 ac
1615 3113 1805 3174 morbi
1839 3133 1974 3194 pro-

2065 3107 2159 3161 ὕπὸ
2226 3112 2331 3160 τῶν
2390 3104 2629 3182 ἀγγέλων
2674 3107 2746 3167 εἷς
2804 3107 2892 3194 τὸν
2944 3104 3143 3194 κόλπον
3202 3116 3292 3165 τοῦ
3349 3105 3619 3185 Ἀϐραάμ.
3671 3132 3703 3164 δ

334 3196 487 3259 cella
508 3197 795 3259 liberatus
827 3218 1052 3278 pauper
1079 3203 1333 3262 Lazarus
1354 3200 1416 3261 in
1448 3192 1979 3280 tranquillumpor-

2065 3193 2223 3257 Μόλις
2295 3194 2425 3252 ποτὲ
2468 3195 2573 3251 ἀπὸ
2615 3195 2713 3260 τῆς
2756 3192 2965 3260 πολλῆς
3009 3193 3173 3264 ζάλης
3230 3196 3325 3262 τῆς
3388 3196 3570 3259 πενίας
3615 3198 3710 3252 καὶ

333 3292 458 3347 tum
482 3287 766 3366 pervenit.
801 3286 913 3359 Qui
943 3287 1102 3349 enim
1134 3288 1196 3347 in
1224 3287 1345 3349 Deo
1378 3307 1513 3369 spes
1541 3307 1678 3350 suas
1728 3298 1973 3369 ponunt,

2065 3288 2152 3349 τῆς
2205 3283 2361 3340 νύσου
2432 3285 2459 3338 6
2532 3282 2696 3348 πένης
2768 3283 3002 3360 Λάζαρος
3078 3285 3273 3360 ῥυσθεὶς
3331 3286 3404 3347 εἷς
3473 3286 3563 3339 τὸν
3624 3284 3708 3341 εὖ·

331 3373 406 3434 iis
436 3393 742 3455 poenarum
772 3384 829 3438 et
850 3394 1251 3439 aerumnarum
1284 3368 1423 3438 ﬁnis
1446 3385 1536 3439 est
1580 3396 1651 3439 ex
1689 3368 1781 3439 his
1798 3380 1972 3440 terris

2065 3368 2163 3426 διον
2194 3370 2311 3449 (68)
2369 3370 2559 3446 λιμένα
2612 3372 2941 3440 κατήντησε.
2989 3381 3117 3434 Τοῖς
3177 3372 3274 3449 γὰρ
3329 3373 3423 3436 τὰς
3482 3370 3708 3436 ἐλπίδας

332 3462 622 3542 migratio,
658 3472 720 3525 ut
751 3484 859 3527 nos
887 3465 1061 3526 docet
1091 3463 1369 3527 Salomon
1393 3466 1603 3529 dicens
1625 3466 1813 3529 :«Visi
1836 3474 1972 3528 sunt

2065 3457 2235 3538 ἔχουσι
2293 3460 2435 3539 παρὰ
2495 3467 2571 3534 τῷ
2616 3467 2731 3535 Θεῷ
2790 3457 2913 3538 (69)
2957 3462 3273 3534 μετάστασις
3344 3461 3539 3536 γίνεται
3595 3469 3706 3518 τῶν

331 3552 517 3614 oculis
541 3553 952 3634 insipientium
976 3554 1125 3615 mori
1159 3562 1216 3616 et
1240 3555 1571 3617 existimata
1610 3564 1702 3617 est
1727 3556 1969 3617 afﬂictio

328 3640 589 3704 ransitus
608 3642 869 3719 illorum,
909 3652 967 3705 et
998 3644 1157 3723 quod
1190 3663 1225 3704 a
1253 3644 1427 3706 nobis
1458 3652 1548 3706 est
1576 3645 1735 3707 inter
1765 3652 1967 3706 exter-

331 3728 718 3793 minium.llli
738 3741 934 3794 autem
965 3741 1097 3793 sunt
1122 3733 1184 3793 in
1215 3750 1378 3811 pace.
1422 3733 1655 3795 Etenim
1688 3734 1741 3794 si
1772 3752 1971 3797 coram

328 3817 672 3881 hominibus
698 3828 987 3883 tormenta
1017 3821 1172 3901 passi
1204 3829 1362 3898 sunt,
1397 3840 1533 3902 spes
1564 3822 1803 3884 illorum
1852 3824 1969 3884 im-

333 3908 686 3971 mortalitate
717 3909 890 3990 plena
914 3917 1063 3972 est.»
1088 3913 1272 3973 Datur
1300 3912 1457 3972 enim
1482 3911 1600 3973 illis
1617 3910 1973 3991 aequivalens

332 3996 524 4076 poenis
570 3998 993 4061 consolationis
1031 4017 1330 4075 mensura,
1365 3999 1510 4071 imo,
1558 4000 1748 4078 major
1795 4018 1973 4080 quam

328 4100 434 4161 pro
482 4084 934 4148 adversitatibus
965 4086 1298 4148 retributio.
1359 4086 1526 4148 Decit
1574 4088 1734 4148 enim
1791 4086 1968 4149 Chri-

326 4177 492 4234 stus:
534 4199 561 4230 «
588 4173 921 4237 Mensuram
946 4174 1275 4238 confertam
1303 4182 1359 4237 et
1390 4175 1624 4255 plenam
1658 4174 1883 4236 dabunt
1912 4175 1974 4236 in

326 4258 526 4323 sinum
556 4272 836 4328 vestrum.
872 4286 895 4321 1)
925 4262 1216 4328 Caaterum
1255 4273 1314 4326 et
1339 4265 1592 4327 Lazarus
1614 4282 1721 4344 per
1738 4272 1976 4325 sanctos

325 4350 565 4428 angelos
586 4353 901 4415 translatus
922 4359 1011 4414 est
1029 4351 1092 4412 in
1115 4353 1309 4414 sinum
1337 4351 1979 4434 Abrahaaﬂuicunque

2051 3552 2228 3607 πόνων
2285 3552 2372 3606 καὶ
2428 3556 2708 3630 συμφορῶν
2777 3553 2812 3618 ἡ
2884 3549 3115 3606 ἐντεῦθεν
3172 3547 3465 3624 ἀποδημία,
3524 3554 3710 3614 καθὼς

2052 3641 2140 3695 καὶ
2183 3642 2211 3695 6
2256 3638 2508 3714 Σολομῶν
2539 3637 2765 3695 διδάσκει
2808 3637 3003 3718 λέγων,
3039 3637 3216 3703 ἔδοξαν
3250 3638 3370 3717 (70)
3399 3638 3454 3693 ἐν
3497 3639 3710 3718 ὀφθαλ-

2055 3741 2181 3803 μοῖς
2252 3728 2490 3808 ἀφρόνων
2561 3728 2821 3807 τεθνάναι,
2909 3730 2997 3783 καὶ
3066 3726 3307 3804 ἐλογίσθη
3376 3728 3617 3792 κάκωσις
3669 3732 3710 3798 ἡ

2050 3814 2219 3882 ἔξοδος
2276 3819 2470 3897 αὐτῶν,
2528 3818 2615 3872 καὶ
2669 3817 2704 3883 ἡ
2746 3816 2835 3897 ἀφ’
2892 3818 3046 3891 ἡμῶν
3114 3817 3297 3894 πορεία
3350 3817 3653 3895 σύννριμμα
3688 3834 3703 3846 ·

2052 3908 2099 3962 οἱ
2161 3904 2216 3961 δέ
2270 3907 2399 3961 εἰσιν
2456 3904 2510 3960 ἐν
2578 3907 2784 3985 εἰρήνῃ,
2832 3907 2930 3964 Καὶ
2971 3904 3071 3982 γὰρ
3112 3905 3167 3959 ἐν
3207 3904 3326 3980 ὄψει
3383 3904 3705 3984 ἀνθρώπων,

2054 3994 2142 4050 ἐὰν
2185 3992 2537 4067 κολασθῶσιν,
2594 3997 2630 4063 ἡ
2685 3994 2833 4058 ἐλπὶς
2892 3994 3065 4049 αὐτῶν
3120 3993 3400 4057 ἀθανασίας
3460 3993 3705 4072 πλήρης,

2059 4080 2260 4139 Δίδοται
2303 4083 2402 4160 γὰρ
2446 4086 2627 4146 αὒτοτς
2675 4083 2792 4161 (71)
2847 4081 3034 4147 ἐπίσης
3066 4094 3184 4144 τοῖς
3242 4082 3424 4145 πόνοις
3475 4085 3535 4139 τὸ
3597 4084 3707 4158 μέ-

2056 4193 2175 4250 τρον
2205 4170 2299 4239 τῆς
2344 4170 2752 4250 παρακλήσεως,
2808 4169 3010 4247 μᾶλλον
3053 4169 3130 4245 δὲ,
3179 4172 3265 4226 καὶ
3319 4169 3530 4233 πλείους
3593 4174 3706 4228 τῶν

2058 4260 2231 4316 πόνων
2296 4261 2347 4314 αἱ
2401 4257 2638 4334 ἀμοιϐαί,
2711 4260 2863 4337 Λέγει
2934 4259 3032 4337 γὰρ
3078 4261 3106 4315 ὁ
3160 4261 3408 4338 Χριστὸς,
3470 4258 3550 4314 ὅτι
3598 4261 3704 4335 μέ-

2062 4370 2182 4425 τρον
2241 4346 2370 4427 (72)
2425 4348 2772 4424 πεπιεσμένον
2830 4350 2917 4404 καὶ
2967 4348 3450 4427 ὑπερεκχυνόμενον
3504 4346 3726 4404 δώσω-⁸

329 4446 525 4499 autem
577 4457 868 4519 pauperes
928 4448 1301 4502 murmurant
1347 4447 1404 4502 et
1458 4440 1874 4520 blasphemant
1926 4460 1981 4522 et

2065 4459 2144 4493 σιν
2188 4437 2262 4499 εἷς
2294 4437 2383 4491 τὸν
2413 4435 2611 4493 κόλπον
2641 4439 2811 4512 ὑμῶν.
2858 4437 3053 4492 Λοιπὸν
3102 4437 3189 4492 καὶ
3244 4438 3272 4491 ὁ
3315 4436 3546 4513 Λάζαρος
3615 4435 3699 4493 διά

328 4524 713 4605 indignantur
767 4535 827 4589 et
880 4527 1267 4609 impatienter
1317 4528 1517 4591 ferunt
1564 4537 1887 4607 egestatem
1936 4530 1981 4601 ii

2065 4527 2164 4582 τῶν
2206 4525 2370 4603 ἁγίων
2439 4525 2678 4604 ἀγγέλων
2749 4525 3098 4595 ἀπενήνεκται
3155 4525 3230 4588 εἷς
3298 4526 3418 4588 τοὺς
3461 4524 3697 4589 κόλπους

325 4633 446 4676 non
478 4616 655 4678 modo
681 4634 714 4678 e
738 4617 836 4679 tali
863 4616 1050 4695 gloria
1071 4616 1351 4680 decident
1372 4625 1431 4678 et
1453 4617 1838 4695 aberrabunt,
1870 4619 1974 4681 sed

2065 4624 2149 4673 τοῦ
2194 4614 2454 4695 Ἁϐραάμ.
2509 4626 2635 4674 Οσοι
2678 4615 2733 4673 δὲ
2778 4618 3063 4697 γογγυσταί
3118 4623 3221 4673 τῶν
3280 4619 3545 4693 πενήτων,
3608 4619 3696 4673 καὶ

320 4702 560 4766 ωἰθηιὶε
587 4705 778 4786 poenis
824 4713 880 4767 et
917 4707 1228 4769 tormentis
1273 4706 1601 4770 tradentur.
1638 4706 1968 4769 Audiamus

2065 4705 2385 4785 Βλάσφημοι,
2455 4707 2541 4763 καὶ
2596 4705 3034 4784 ἀγανακτοῦντες,
3108 4707 3196 4762 καὶ
3263 4704 3695 4785 δυσχεραίνοντες

319 4791 420 4871 qui
441 4793 642 4855 miseri
664 4805 724 4856 et
750 4793 1021 4857 infelices
1039 4813 1264 4871 sumus,
1282 4813 1474 4874 neque
1507 4795 1889 4873 indignemur
1907 4796 1963 4857 si

2065 4797 2133 4852 ἐπὶ
2163 4800 2230 4861 τῆ
2273 4798 2446 4874 πενίᾳ,
2494 4795 2553 4850 οὒ
2592 4799 2754 4869 μόνον
2808 4801 2907 4862 τῆς
2964 4796 3212 4861 τοιαύτης
3270 4793 3422 4863 δόξης
3478 4796 3697 4852 ἀποπε-

319 4878 530 4962 inopes
559 4890 619 4945 et
644 4882 989 4945 afflictiJ’er
1017 4882 1231 4945 multas
1264 4881 1424 4946 enim
1456 4882 1869 4945 tribulationes
1904 4891 1964 4946 et

2065 4892 2257 4943 τοῦνται
2327 4883 2411 4938 καὶ
2484 4880 2608 4962 (Ἶ3)
2691 4882 3169 4962 ἀποστοχήσωσιν,
3236 4880 3374 4939 ἀλλὰ
3428 4882 3515 4937 καὶ
3572 4895 3697 4946 ταῖς

403 5057 516 5132 (65)
555 5085 577 5117 ι
611 5063 709 5119 Καὶ
741 5062 819 5123 ἐν.
856 5084 880 5119 ι)
918 5059 1199 5123 Usitatius
1229 5060 1354 5122 fere
1381 5061 1435 5119 ἐν
1467 5059 1778 5123 omittitur.

402 5139 526 5220 (66)
585 5165 613 5198 α
647 5139 983 5219 Ἀσυμπαθὴς
1014 5143 1078 5210 ἧν
1121 5144 1208 5199 καὶ
1238 5142 1563 5217 ἀμείλικτος,
1602 5166 1629 5197 ι)
1678 5140 1851 5216 Ecce,
1896 5149 1960 5202 ut

319 5236 455 5303 mor
474 5239 591 5303 per
619 5231 815 5303 partes
844 5222 1101 5303 oratorie
1131 5222 1403 5303 explicet.

2124 5059 2244 5138 (69)
2282 5081 2311 5121 ς
2342 5059 2695 5139 Μετάστασις.
2733 5079 2762 5120 )
2796 5040 2983 5139 “Eyouv
3012 5057 3324 5139 ἀπαλλαγή,

2127 5137 2250 5222 (70)
2292 5163 2316 5196 α
2370 5137 2553 5205 Εδοξεν
2587 5161 2640 5217 ἓν
2671 5137 2991 5282 όξθαλμοϊς.
3028 5163 3050 5197 ι)
3092 5137 3347 5217 δειρνιιι,
3378 5139 3442 5203 Ξ.

2127 5222 2248 5282 [71)
2279 5241 2308 5282 α
2344 5218 2587 5282 Ἐπίσης.
2625 5243 2653 5275 »
2737 5238 2789 5281 1c
2819 5220 2963 5282 dedi
2987 5238 3058 5282 ex
3085 5220 3220 5280 cod.
3254 5220 3319 5281 B.
3356 5220 3424 5282 In

2120 5217 2248 5300 (7t)
2279 5241 2308 5282 α
2344 5218 2587 5300 Ἐπίσης.
2625 5243 2653 5275 »
2692 5217 2789 5282 Sic
2819 5220 2963 5282 dedi
2987 5238 3058 5282 ex
3085 5220 3220 5280 cod.
3254 5220 3319 5281 B.
3356 5220 3424 5282 In
3446 5217 3587 5283 cod.
3617 5226 3691 5286 A.

402 5298 520 5380 (67)
558 5324 585 5381 (ε
620 5298 679 5357 “()
710 5299 763 5357 δὲ
793 5302 957 5370 πένης
987 5298 1245 5381 Λάζαρος.
1279 5323 1308 5363 »
1343 5302 1532 5364 Etiam
1567 5301 1693 5363 haec
1723 5318 1952 5363 morum

2065 5298 2251 5381 'iti‘ose
2283 5306 2423 5381 erat
2440 5298 2664 5362 ἐπίσοις,

317 5379 544 5442 notatio
570 5379 723 5442 bene
753 5398 817 5446 se
848 5381 1045 5447 habet.

400 5460 591 5540 (68)}:
634 5459 813 5519 Εὕδιον
840 5461 1050 5538 λιμένα.
1114 5485 1141 5518 ι
1202 5463 1386 5524 Bene.
1447 5465 1593 5527 Nam
1644 5467 1819 5526 antea
1846 5465 1959 5540 περὶ

318 5538 481 5610 ζάλης
503 5538 759 5602 dixerat.

2131 5380 2253 5458 (72)
2290 5406 2313 5436 (ι
2350 5380 2548 5459 itit-5190‘)
2580 5381 2950 5456 πεπιεσμένον,
3002 5404 3029 5435 ι
3064 5378 3208 5441 Luc.
3239 5394 3323 5458 VI,
3355 5377 3456 5440 38.

2128 5459 2252 5540 (73)
2293 5485 2319 5518 α
2349 5457 2847 5540 Ἀποστοχήσωσιν,
2882 5483 2905 5518 ι
2938 5458 3116 5522 Forte
3143 5457 3565 5538 ἀστοχήσουσιν,
