4008 6114
119 249 150 312 1
165 247 313 314 225

1605 241 2056 346 ,_OBATIONI:_‘.S

3375 260 3531 329 1226

113 385 388 449 αἰωνίαις
457 383 704 445 κολάσεσι
772 384 860 441 καὶ
942 383 1216 464 τιμωρίαις
1303 381 1783 463 παραπεμφθήσον-

1876 370 2234 436 tentationes
2273 373 2506 449 oportet
2534 385 2642 434 nos
2679 369 2918 464 intrare
2945 373 3009 436 in
3035 391 3293 454 regnum
3331 380 3520 444 coelo-

115 495 249 534 ται.
321 465 622 550 Ἀκούωμεν
681 476 728 532 οἱ
783 471 1159 553 δυστυχοῦντες
1215 473 1303 530 καὶ
1339 469 1794 552 -δυσπραγοῧντες,

117 564 226 618 καὶ
293 563 376 640 μὴ
433 564 814 641 ἀγανακτῶμεν
871 562 1152 637 πενόμενοι
1199 562 1286 617 καὶ
1324 557 1645 636 θλιϐόμενοι.
1701 559 1798 614 Διὰ

117 651 240 731 γὰρ
276 650 496 710 πολλῶν
545 651 773 728 θλίψεων
817 652 905 708 καὶ
947 656 1253 730 πειρασμῶν
1301 646 1385 706 δεῖ
1427 650 1570 724 ἡμᾶς
1623 645 1797 703 εἰσελ-

115 743 254 798 θεῖν
319 743 394 804 εἰς
443 743 542 810 τὴν
597 741 865 818 βασιλείαν
920 747 1024 797 τῶν
1081 743 1309 819 οὐρανῶν
1368 757 1382 772 ⁸
1443 737 1697 800 πλούσιας
1745 734 1799 791 δὲ

116 831 224 886 καὶ
290 838 499 911 τρυφῶν
553 829 818 894 δυσκόλως
875 830 928 887 ἒν
986 833 1118 906 αὒτῇ
1174 827 1542 910 εἰσελεύσεται.
1607 827 1668 884 Ei
1721 825 1799 901 μὴ

119 919 239 998 γὰρ
302 907 415 978 τῶν
458 917 708 977 κινδύνων
757 929 849 978 τοῦ
896 919 1009 996 βίου
1054 907 1238 976 τούτου
1280 918 1369 975 καὶ
1423 922 1528 973 τῶν
1575 912 1799 990 θλίψεων

122 1007 534 1086 ἀπογεύσονται
583 1009 673 1065 καὶ
718 1011 765 1065 οἱ
821 1007 1085 1084 πλούσιοι,
1148 1012 1245 1074 τῆς
1302 1009 1441 1069 θείας
1489 1008 1632 1076 ζωῆς
1680 1025 1802 1060 κοι-

123 1102 390 1164 νωνῆσαι
447 1096 568 1178 (74)
617 1100 712 1157 οὒκ
754 1097 962 1177 έχουσι.
1017 1095 1276 1176 Μακάριοι
1313 1093 1368 1151 δὲ
1409 1094 1498 1152 καὶ
1549 1095 1596 1150 οἱ
1631 1089 1802 1148 πλού-

121 1207 244 1242 σιοι
300 1190 350 1242 οἱ
397 1184 651 1250 κινδύνοις
701 1187 789 1243 καὶ
843 1197 1165 1266 πειρασμοῖς
1222 1185 1648 1265 περιπίπτοντες,
1708 1181 1795 1236 καὶ

119 1273 184 1330 ἐν
265 1288 396 1338 ταῖς
464 1272 957 1352 ἐπισυμϐαινούσαις
1045 1287 1340 1354 συμφοραῖς
1421 1270 1793 1347 ὑπομένοντες,

115 1364 219 1418 καί
297 1369 606 1440 πεινῶντες,
677 1363 766 1420 καὶ
837 1359 1116 1438 διψῶντες,
1177 1363 1266 1419 καὶ
1319 1359 1639 1438 θλιϐόμενοι,
1703 1357 1790 1413 καὶ

115 1452 655 1531 στενοχωρούμενοι,
741 1452 832 1508 καὶ
913 1456 1344 1531 εὐχαριστοῦντες
1430 1449 1482 1506 ἐν
1566 1446 1784 1505 ἅπασιν.

119 1517 250 1598 ’,Ετι
483 1517 593 1597 ὀὖν
640 1517 742 1600 ὀὐκ
797 1539 953 1617 ἐσμὲν
975 1517 1248 1620 Νᾶκριϐεϊς
1304 1546 1408 1597 τῶν
1462 1535 1786 1620 πραγμάτων

1877 483 2035 526 rum.
2071 460 2246 542 Dives
2274 467 2473 522 autem
2507 467 2566 522 et
2593 460 2697 542 qui
2734 461 2964 527 deliciis
2986 467 3170 530 aflfuit
3193 468 3436 534 difﬁcile
3460 472 3523 534 in

1877 553 2022 616 illud
2055 550 2319 614 intrabit.
2361 549 2487 612 Nisi
2538 551 2698 612 enim
2749 552 2927 632 hujus
2978 556 3114 619 vitm
3161 560 3426 639 pericula
3469 569 3529 626 et

1879 645 2240 707 tentationes
2272 650 2329 705 et
2361 641 2777 705 tribulationes
2807 649 3170 722 gustaverint
3199 662 3259 712 et
3287 651 3524 729 divites,

1879 734 2094 796 divina:
2126 731 2280 794 illius
2323 730 2456 793 vita:
2506 731 2826 813 participes
2882 735 3013 798 fieri
3071 757 3190 800 non
3223 747 3521 819 poterunt.

1881 823 2044 886 Beati
2070 839 2210 883 vero
2242 827 2302 883 et
2333 819 2542 882 divites
2572 821 2674 902 qui
2699 822 2760 883 in
2790 825 3056 905 pericula
3080 834 3137 888 et
3166 829 3526 893 tentationes

1879 911 2170 985 incidunt,
2187 909 2322 971 vita:
2339 909 2677 972 etmiserias
2689 913 2988 991 patienter
3008 914 3231 998 ferunt,
3260 925 3318 979 et
3334 919 3520 981 usuri-

1883 1010 2008 1076 unt,
2031 1000 2334 1080 etsitiunt,
2369 999 2780 1082 etafﬂguntur,
2797 1009 2854 1063 et
2874 1010 3200 1081 arctantur,
3224 1014 3283 1068 et
3301 1008 3524 1084 gratias

1883 1097 2064 1169 agunt
2117 1088 2178 1150 in
2224 1086 2523 1150 omnibus.
2578 1091 2709 1151 Non
2760 1108 2966 1152 sumus
3014 1093 3209 1155 adhuc
3264 1096 3525 1158 accurati

1880 1197 2082 1240 rerum
2107 1175 2516 1257 inquisitores,
2536 1195 2730 1266 neque
2745 1178 2977 1258 judicia
2996 1180 3104 1243 Dei
3114 1191 3520 1266 penetramus,

1879 1267 1982 1329 sed
2015 1285 2200 1328 unum
2235 1274 2457 1327 tantum
2513 1265 2666 1327 scire
2712 1266 3024 1342 debemus,
3071 1289 3290 1352 nempe
3320 1265 3520 1336 omnia

1878 1356 1952 1416 ad
1982 1364 2246 1417 nostram
2275 1354 2593 1415 utilitatem
2647 1373 2682 1418 a
2733 1357 2856 1419 Deo
2886 1357 3192 1422 distribui.
3225 1358 3288 1422 Si
3317 1368 3516 1423 autem

1870 1443 2028 1505 ferre
2060 1450 2466 1524 paupertatem
2496 1461 2888 1523 nequeamus,
2922 1453 2982 1507 et
3005 1446 3230 1510 idcirco
3251 1448 3522 1528 indigne-

1872 1551 2026 1607 mur,
2043 1531 2352 1594 audiamus
2363 1530 2450 1593 Do
2463 1531 2684 1592 minum
2699 1532 3020 1596 dicentem:
3035 1559 3062 1590 ιι
3077 1534 3526 1617 Inspicitevola-

115 1619 436 1709 ἐξετασταὶ,
501 1626 617 1688 οὐδὲ
672 1629 1001 1706 γινώσκομεν
1055 1619 1120 1685 τὰ
1167 1630 1394 1709 κρίματα
1444 1635 1598 1703 Θεοῦ,
1651 1619 1783 1677 ἀλλὰ

1873 1619 1994 1681 tilia
2011 1619 2168 1702 coeli;
2190 1639 2383 1700 neque
2405 1628 2632 1695 serunt,
2657 1640 2852 1702 neque
2875 1629 3127 1700 metunt,
3151 1643 3344 1705 neque
3366 1645 3513 1692 0011-.

123 1716 306 1792 μόνον
388 1699 574 1774 είδέναι
645 1715 946 1796 ὀφείλομεν,
1033 1717 1113 1774 ὅτι
1181 1718 1353 1775 πάντα
1420 1709 1783 1794 συμφερόντως

1873 1699 2187 1790 gregantin
2206 1699 2447 1791 horrea,
2472 1718 2529 1771 et
2551 1709 2724 1772 Pater
2737 1699 3208 1775 nosterccelestis
3225 1699 3409 1795 pascit
3422 1734 3512 1794 ea,

122 1806 277 1880 ἡμῖν
327 1804 528 1862 ἐκεῖθεν
574 1803 700 1885 (76)
750 1807 1129 1881 οἰκονομεῖται.
1185 1807 1242 1863 Ei
1284 1803 1339 1860 δὲ
1385 1801 1557 1884 φέρειν
1605 1803 1665 1858 οὔ
1694 1796 1783 1857 δυ-

1873 1795 1993 1859 Scit
2025 1797 2184 1859 enim
2215 1797 2480 1860 Salvator
2509 1805 2714 1860 noster
2743 1798 3086 1864 benefactor
3111 1821 3220 1864 nos
3241 1803 3518 1866 omnibus

125 1893 374 1968 νάμεῖθα
415 1894 516 1962 τὴν
584 1895 790 1974 πενίαν,
859 1896 947 1951 καὶ
1015 1892 1100 1951 διὰ
1162 1903 1315 1954 τοῦτο
1352 1893 1783 1974 Δ(Ξιγανακτοῡμεν1

1873 1885 2138 1965 indigere
2160 1895 2219 1949 et
2241 1905 2347 1969 pro
2364 1888 2577 1949 animae
2600 1895 2816 1950 nostra
2831 1891 3289 1954 necessitatibus
3305 1893 3506 1957 donat.

127 1980 453 2058 ἀκούσωμεν
527 1993 621 2042 τοῦ
676 1970 860 2062 Κυρίον
918 1981 1166 2062 λέγοντος
1196 2001 1211 2018 ο
1264 2005 1293 2037 α
1352 1970 1684 2057 Ἐμϐλὲψατε
1731 1975 1805 2038 εἷς
1856 1975 1922 2031 τὰ
1979 1977 2192 2033 πετεινὰ
2236 1988 2328 2036 τοῦ
2377 1982 2594 2058 οὖρανοῦ
2645 1994 2659 2010 ⁸
2721 1977 2835 2035 οὔτε
2896 1982 3189 2060 σπείρουσιν
3246 1981 3363 2038 οὔτε
3419 1987 3510 2040 θε-

131 2072 392 2151 ρίζουσιν,
443 2071 559 2128 οὔτε
615 2061 925 2150 συνάγουσιν
983 2061 1057 2136 εἰς
1123 2074 1220 2137 τὰς
1275 2061 1571 2144 ἀποθήκας,
1632 2067 1719 2124 καὶ
1774 2065 1802 2120 6
1824 2066 2004 2144 Πατὴρ
2033 2068 2186 2142 ἡμῶν
2217 2069 2244 2124 6
2274 2067 2508 2148 οὐράνιος
2560 2067 2731 2148 τρέφει
2762 2069 2893 2126 αὐτά
2922 2092 2950 2125 3
2994 2088 3007 2102 °
3043 2068 3158 2127 οἶδε
3195 2071 3294 2151 γὰρ
3329 2073 3357 2128 6
3387 2078 3512 2128 Σω-

127 2159 237 2237 τὴρ
268 2160 426 2235 ἡμῶν
472 2161 560 2216 καὶ
607 2160 910 2239 εὐεργέτης,
957 2159 1037 2218 ὅτι
1086 2162 1270 2242 χρείαν
1300 2159 1500 2240 ἔχομεν
1545 2155 1781 2232 πάντων,
1802 2153 1891 2208 καὶ
1919 2155 2052 2209 κατὰ
2081 2157 2142 2211 τὸ
2172 2156 2429 2235 συμφέρον
2457 2161 2558 2222 τῆς
2589 2161 2771 2236 ψυχῆς
2800 2156 2996 2218 δίδωσι.

219 2270 249 2302 3
316 2245 570 2305 Ἀπέθανε
633 2269 658 2306 ι)
706 2246 784 2329 δὲ,
831 2250 982 2328 φησὶ,
1049 2271 1073 2306 tt
1134 2250 1222 2307 καὶ
1277 2250 1305 2304 ὁ
1361 2247 1638 2318 πλούσιος,
1702 2246 1789 2303 καὶ

122 2335 337 2415 ἐτάφη.
396 2360 424 2392 3
477 2333 652 2400 Οὐδεὶς
703 2339 731 2393 6
780 2338 1179 2417 προηγούμενος
1229 2347 1322 2396 τοῦ
1371 2335 1642 2410 πλουσίου,
1693 2339 1788 2395 οὐ·

127 2422 241 2486 δεὶς
307 2426 336 2480 6
408 2423 724 2505 δορυφορῶν,
795 2427 1028 2506 καθάπερ
1098 2428 1188 2483 τὸν
1247 2428 1507 2507 Λάζαρον.
1568 2422 1788 2492 Ἐπειδὴ

129 2513 239 2592 γὰρ
271 2512 325 2569 ἐν
355 2520 432 2588 τῷ
461 2515 560 2590 βίῳ
613 2515 784 2590 τούτῳ
824 2514 1055 2579 πολλοὺς
1103 2515 1234 2596 ἔσχε
1286 2516 1408 2578 τοὺς
1439 2513 1785 2595 δορυφοροῦν-

130 2623 235 2664 τας
295 2603 324 2657 6
378 2601 628 2666 πλούσιος
675 2604 762 2659 καὶ
817 2605 938 2668 τοὺς
985 2605 1390 2685 θεραπεύοντας,
1447 2604 1602 2672 ἡνίκα
1663 2602 1780 2683 (77)

131 2691 228 2747 καὶ
281 2692 412 2769 πρὸς
460 2692 522 2746 τὸ
569 2689 720 2755 τέλος
766 2691 978 2772 ἔφθασε,
1031 2695 1227 2770 γυμνὸς
1276 2694 1364 2750 καὶ
1412 2690 1609 2772 ἔρημος
1655 2694 1787 2750 πάν-

131 2801 246 2835 των
278 2779 487 2860 γέγονε,
541 2779 742 2856 μᾶλλον
781 2779 836 2836 δὲ
882 2783 971 2838 καὶ
1015 2783 1148 2857 μετὰ
1193 2783 1293 2849 τὴν
1335 2783 1596 2862 βραχεῖαν
1642 2781 1784 2838 ἐκεί-

135 2890 237 2935 νην
291 2867 467 2924 ἄνεσιν
543 2869 700 2939 (ἅπας
767 2870 866 2948 γὰρ
935 2871 964 2926 6
1032 2871 1213 2949 παρὼν
1283 2872 1394 2947 βίος
1449 2871 1653 2950 βραχὺς
1709 2871 1787 2945 τῷ

133 2955 387 3033 μέλλοντι
445 2958 900 3039 συγκρινόμενος),
950 2961 1022 3023 εἷς
1071 2960 1170 3026 τὴν
1225 2961 1437 3017 αἰωνίαν
1485 2961 1784 3031 κατήντησε

132 3044 383 3110 κόλασιν.
430 3054 694 3105 Σκοπεττε
750 3046 828 3124 δὲ,
885 3054 1001 3112 πῶς
1055 3049 1140 3106 ἐπὶ
1191 3059 1282 3110 τοῦ
1339 3048 1589 3110 πλουσίου
1642 3051 1784 3129 ταφὴ

131 3135 410 3218 τέτακται,
439 3139 613 3201 καθὼς
661 3139 690 3194 6
739 3135 899 3195 Δαϐὶδ
942 3136 1110 3219 λέγει,
1159 3162 1189 3195 α
1240 3138 1341 3198 Καὶ
1394 3137 1526 3218 (78)
1556 3141 1602 3196 οἱ
1630 3139 1783 3219 τάφοι

133 3228 312 3284 αὐτῶν
343 3227 497 3284 οἰκίαι
529 3227 600 3290 εἷς
631 3226 720 3284 τόν
757 3229 942 3288 αἰῶνα.
998 3252 1027 3284 3
1085 3228 1317 3293 Θάνατος
1345 3229 1444 3308 γὰρ
1471 3241 1589 3291 τοῖς
1620 3228 1786 3286 ἆπαν-

133 3313 365 3392 θρώποις
434 3317 523 3372 καὶ
590 3317 886 3392 ὠμοτάτοις
957 3315 1225 3381 πλουσίοις
1291 3318 1352 3373 τὸ
1406 3315 1782 3396 ἀπαλλαγῆναι

136 3411 236 3460 τοῦ
265 3424 506 3478 σωματος
539 3422 557 3442 ⁶
608 3404 934 3484 ἀπέρχονται
987 3406 1086 3485 γὰρ
1137 3405 1198 3462 ἐκ
1243 3410 1442 3485 τρυφῆς
1490 3407 1563 3470 εἰς
1611 3405 1782 3463 κόλα·⁸

135 3513 250 3570 σιν,
279 3490 338 3546 ἐα
379 3489 531 3558 δόξης
580 3493 652 3557 εἰς
699 3493 934 3574 ἀτιμίαν,
981 3494 1042 3550 ἐκ
1082 3497 1256 3576 φωτὸς
1303 3497 1375 3558 εἰς
1423 3495 1641 3560 σκότος.
1686 3496 1784 3552 Δια

136 3590 294 3639 τοῦτο
322 3581 502 3661 εἶπεν,
552 3579 633 3638 ὅτι
683 3582 851 3664 ἐτάφη
914 3599 929 3613 ⁸
981 3581 1179 3659 δηλῶν,
1228 3587 1302 3649 ὡς
1352 3587 1387 3654 ἡ
1438 3587 1594 3665 ψυχὴ
1626 3589 1784 3645 αὐτοῦ

133 3669 234 3725 τὸν
261 3669 564 3726 κατώτατον
609 3671 698 3727 καὶ
742 3669 956 3752 ζοφώδη
998 3673 1158 3730 τόπον
1208 3670 1423 3753 ἔλαχεν.
1483 3670 1648 3729 Ἀλλὰ
1695 3674 1784 3730 καὶ

135 3757 230 3814 ὅτε
276 3756 364 3828 ἔζη
411 3760 439 3814 6
484 3757 760 3833 πλούσιος,
808 3763 882 3825 ὡς
925 3761 978 3819 ἐν
1024 3763 1260 3837 μνήματι
1305 3761 1780 3841 κατορωρυγμένην

133 3846 268 3926 εἶχε
293 3845 390 3913 τὴν
437 3844 566 3905 ἰδίαν
613 3849 822 3928 ψυχὴν,
875 3849 989 3908 ἀντὶ
1037 3851 1206 3930 τάφου
1249 3851 1308 3906 τὸ
1356 3855 1510 3918 σῶμα
1557 3851 1778 3929 περιφέ-

133 3955 266 4016 ρων.
317 3935 415 3991 Διὰ
459 3944 612 3995 τοῦτο
656 3938 745 3994 καὶ
799 3939 828 3993 6
880 3939 1139 4018 μακάριος
1201 3935 1360 3994 Δαϐὶδ
1411 3937 1554 4016 λέγει
1615 3953 1630 3970 ⁸
1690 3939 1779 4007 Μὴ

132 4021 299 4104 φοϐοῦ
329 4022 478 4104 (79),
534 4023 660 4083 ὅταν
707 4025 982 4104 πλουτήσῃ
1034 4027 1330 4108 ἄνθρωπος,
1382 4026 1418 4096 ’r‘.
1475 4026 1600 4084 ὅταν
1630 4026 1780 4096 πλη-

134 4114 336 4181 θυνθείη
363 4116 409 4183 ἡ·
449 4113 571 4181 δόξα
612 4125 704 4175 τοῦ
760 4115 914 4175 οἴκου
959 4121 1140 4199 αὐτοῦ,
1188 4116 1268 4174 ὅτι
1315 4121 1410 4176 οὒκ
1457 4116 1509 4174 έν
1539 4123 1616 4192 τῷ
1645 4117 1785 4175 ἀπο-

1956 2265 1984 2297 α
2020 2245 2284 2304 Mortuus
2306 2250 2417 2320 est,
2448 2243 2663 2324 inquit,
2693 2252 2750 2305 et
2771 2245 2957 2322 dives,
2987 2254 3046 2308 et
3065 2247 3332 2330 sepultus
3354 2255 3464 2313 est.
3483 2273 3507 2308 ι

1870 2328 2054 2391 Nemo
2084 2330 2326 2394 divitem
2363 2332 2667 2412 praecedit,
2706 2353 2883 2397 nemo
2916 2355 3053 2397 eum
3075 2328 3415 2414 comitatur,
3446 2346 3513 2400 ut

1871 2422 2174 2483 Lazarum.
2233 2423 2551 2502 Postquam
2609 2421 2768 2485 enim
2828 2424 2891 2485 in
2949 2425 3059 2487 hac
3117 2426 3236 2487 vita
3297 2427 3516 2489 multos

1870 2509 2158 2572 satellites
2189 2517 2247 2570 et
2277 2508 2635 2572 domesticos
2682 2510 2889 2574 habuit
2936 2513 3123 2589 dives,
3171 2515 3408 2595 quando
3437 2516 3511 2578 ad

1870 2596 2048 2664 finem
2083 2599 2369 2678 pervenit,
2405 2599 2598 2661 nudus
2627 2607 2685 2662 et
2715 2600 2991 2663 omnibus
3021 2602 3292 2665 desertus
3320 2605 3510 2666 factus

1869 2694 1981 2767 est,
2013 2687 2133 2748 imo
2165 2687 2342 2749 etiam
2397 2695 2526 2768 post
2572 2687 2750 2751 breve
2801 2690 2914 2752 hoc
2946 2690 3138 2752 otium
3170 2692 3317 2770 (tota
3349 2691 3509 2754 enim

1867 2793 2128 2856 praesens
2180 2777 2296 2836 vita
2348 2775 2545 2838 brevis
2595 2786 2684 2839 est
2734 2778 2948 2840 futura:
3005 2786 3386 2861 comparata),
3443 2781 3507 2843 in

1867 2871 2118 2927 aeternas
2152 2882 2353 2945 poenas
2392 2865 2687 2946 pervenit.
2720 2865 2925 2929 Videte
2970 2874 3168 2930 autem
3216 2869 3512 2950 quomodo

1866 2951 2063 3015 divitis
2092 2953 2396 3033 sepultura
2413 2954 2789 3036 disponatur,
2809 2957 2978 3036 juxta
2999 2956 3237 3020 Davidis
3258 2977 3463 3021 vocem
3495 2975 3510 3022 :

1873 3065 1900 3097 α
1931 3041 2216 3122 Sepulcra
2246 3060 2475 3116 eorum,
2508 3044 2719 3106 domus
2769 3043 3006 3106 illorum
3040 3047 3100 3107 in
3131 3055 3445 3112 aeternum.
3479 3069 3510 3110 ι)

1866 3132 2026 3193 Mors
2055 3137 2148 3192 est
2175 3129 2335 3192 enim
2385 3130 2723 3194 inhumanis
2758 3141 2816 3194 et
2842 3134 3276 3196 crudelissimis
3307 3135 3512 3198 diviti-

1865 3217 1979 3282 bus
2012 3237 2047 3279 a
2074 3237 2322 3300 corpore
2354 3219 2638 3300 separari.
2662 3220 2900 3284 Abeunt
2922 3222 3083 3284 enim
3110 3242 3179 3284 ex
3204 3223 3436 3286 deliciis
3455 3224 3517 3286 in

1865 3307 2264 3387 punitionem,
2299 3326 2368 3370 ex
2399 3309 2587 3388 gloria
2607 3310 2668 3370 in
2693 3309 2977 3388 dedecus,
3003 3331 3072 3374 ex
3097 3312 3232 3373 luce
3257 3313 3319 3374 in
3342 3321 3514 3375 tene-

1863 3395 2023 3461 bras.
2056 3395 2309 3476 Propter
2336 3397 2450 3458 hoc
2481 3397 2627 3459 dicit
2656 3398 2823 3461 illum
2879 3401 3182 3479 sepultum
3214 3419 3371 3481 esse,
3405 3420 3508 3462 os-

1865 3485 2117 3547 tendens
2139 3484 2270 3564 ejus
2285 3487 2538 3546 animam
2557 3485 2827 3548 inﬁmum
2847 3496 2903 3548 et
2922 3487 3302 3549 tenebrosum
3318 3489 3514 3550 locum

1864 3574 2134 3636 sortitam
2162 3591 2314 3634 esse.
2371 3572 2487 3635 Sed
2535 3574 2709 3636 etiam
2762 3575 2996 3656 quando
3055 3576 3286 3640 vivebat
3315 3578 3505 3655 dives,

1865 3661 2168 3742 propriam
2196 3661 2454 3722 animam
2487 3669 2765 3743 tanquam
2797 3664 2857 3725 in
2892 3675 3278 3728 monumento
3309 3667 3514 3730 delos-

1863 3768 1989 3814 sam
2019 3748 2276 3811 habebat
2307 3768 2410 3830 pro
2465 3753 2741 3831 sepulcro
2797 3772 3017 3834 corpus
3048 3753 3505 3818 circumferens.

1862 3838 2003 3901 ldeo
2035 3838 2239 3902 beatus
2269 3837 2462 3901 David
2493 3838 2637 3902 dicit
2663 3859 2676 3904 :
2701 3839 2829 3903 «Ne
2856 3842 3151 3919 timueris,
3185 3863 3322 3905 cum
3352 3845 3516 3908 dives

1863 3927 2050 3990 factus
2101 3925 2283 3989 fuerit
2335 3926 2540 4003 homo,
2597 3936 2657 3990 et
2707 3948 2840 3991 cum
2896 3931 3293 4012 multiplicata
3339 3933 3520 3997 fuerit

1863 4017 2050 4097 gloria
2078 4015 2289 4077 domus
2316 4015 2446 4096 ejus
2476 4032 2492 4092 ;
2557 4017 2834 4098 quoniam
2868 4038 3007 4081 cum
3045 4019 3361 4099 interierit,
3395 4043 3517 4086 non

1867 4106 2096 4168 auferet
2133 4105 2358 4180 omnia,
2407 4123 2599 4186 neque
2643 4107 2972 4171 descendet
3004 4127 3139 4170 cum
3191 4128 3265 4172 eo
3326 4111 3516 4190 gloria

136 4204 379 4272 θνήσκειν
437 4205 592 4262 αὺτὸν
648 4203 878 4281 λήψεται
947 4207 1014 4262 τὰ
1082 4193 1278 4287 πάντα,
1339 4203 1453 4265 οὐδὲ
1509 4227 1783 4286 συγκατα-

1873 4196 2020 4276 ejus.
2041 4220 2067 4253 3
2083 4195 2191 4257 Hic
2211 4193 2370 4255 enim
2392 4194 2592 4256 omnia
2604 4195 2908 4277 relinquit,
2925 4204 2982 4258 et
3003 4197 3143 4258 inde
3157 4199 3352 4261 nudus
3365 4199 3510 4277 abit,

138 4289 356 4361 ϐήσεται
421 4295 564 4368 αὒτῷ
619 4295 654 4362 ἡ
737 4292 860 4361 δόξα
927 4299 1105 4358 αὐτοῦ.
1160 4293 1412 4355 Ἐνταῦθα
1463 4296 1562 4375 γὰρ
1617 4296 1783 4353 πάντα

1875 4292 1936 4346 et
1959 4281 2264 4375 tormentis
2281 4282 2555 4375 traditur.
2583 4286 2900 4375 ¢__Mortuus
2918 4293 3011 4375 est
3035 4294 3229 4375 autem
3250 4296 3307 4350 et
3323 4289 3508 4367 dives,

140 4377 549 4461 καταλιμπάνει,
616 4383 704 4438 καὶ
773 4384 970 4462 γυμνὸς
1043 4384 1242 4442 ἐκεῖθεν
1316 4383 1633 4466 ἀπέρχεται,
1702 4384 1791 4441 καὶ

138 4473 213 4544 τῇ
237 4465 444 4525 κολάσει
488 4468 852 4548 παραδίδοται.
908 4495 959 4530 α.
985 4471 1242 4531 Ἀπέθανε
1298 4471 1352 4528 δὲ
1401 4475 1490 4529 καὶ
1538 4476 1566 4530 6
1618 4465 1790 4531 πλού-

139 4579 252 4622 σιος
281 4561 364 4616 καὶ
394 4558 590 4640 ἐτάφη.
630 4583 659 4616 3
709 4553 767 4620 Ὀ
815 4562 910 4638 μὲν
959 4566 1180 4644 πτωχὸς
1212 4561 1523 4630 τελευτῆσαι
1553 4562 1787 4642 λέγεται,

133 4649 226 4705 τὸν
266 4647 455 4728 χρόνον
513 4653 612 4716 τῆς
657 4649 866 4720 πλάνης
923 4655 1237 4731 πληρώσας,
1289 4655 1378 4709 καὶ
1428 4651 1782 4734 πεταλλάξας,

137 4737 266 4794 ἀντιὶ
292 4742 386 4803 τῆς
445 4739 584 4795 κατᾶ
628 4741 796 4819 σάρκα
848 4740 985 4819 ξωῇς
1033 4743 1131 4810 τὴν
1177 4743 1538 4818 πνευματικήν
1582 4759 1598 4773 ⁶
1654 4744 1682 4798 6
1730 4741 1784 4798 δὲ

135 4822 380 4888 πλούσιος
434 4831 504 4894 τῆ
576 4827 792 4904 ᾲπιστίᾳ
863 4831 1178 4911 νενέκρωται
1245 4831 1334 4887 καὶ
1403 4831 1776 4890 τεθανάτωται.

153 4934 177 4969 ι
250 4915 340 4970 Καὶ
409 4913 462 4972 ὲν
529 4924 604 4992 τῷ
820 4918 1016 5000 ἐπάρας
1084 4921 1209 4984 τοὺς
1267 4919 1566 5000 ὀφθαλμοὺς
1624 4924 1782 4980 αὐτοῦ

145 5000 386 5089 ὑπάρχων
435 5003 491 5060 ἐν
551 5004 821 5086 ϐασάνοις,
893 5011 989 5089 ὁρᾷ
1055 5011 1148 5069 τὸν
1204 5007 1446 5085 Ἀϐραὰμ
1499 5009 1605 5066 ἀπὸ
1667 5031 1778 5086 μα-

146 5088 338 5172 κρόθεν,
399 5094 487 5150 καὶ
543 5096 776 5176 Λάζαρον
833 5097 887 5156 ἐν
929 5088 1064 5162 τοῖς
1117 5098 1337 5162 κόλποις
1395 5102 1553 5158 αὐτοῦ
1618 5117 1634 5134 ⁶
1691 5099 1780 5156 καὶ

147 5179 292 5244 αὐτὸς
339 5185 586 5258 φωνήσας
632 5186 758 5243 εἷπε
811 5202 827 5219 ⁶
879 5187 1051 5269 Πάτερ
1097 5186 1360 5268 Ἀϐραὰμ,
1419 5186 1640 5257 ἐλέησόν
1686 5208 1778 5269 με,

384 5383 409 5417 ιι
443 5365 551 5458 (rex
579 5363 856 5458 ἔχουσι.ῆξ
886 5364 1108 5442 Malim,
1129 5367 1244 5458 ὀὐχ
1270 5365 1462 5458 ἕξουσι,

1875 4381 1933 4436 et
1961 4373 2224 4455 sepultus
2249 4378 2360 4433 est.
2397 4396 2424 4428 ν
2457 4371 2769 4435 Mendicus
2793 4373 3034 4456 quidem
3058 4373 3276 4438 dicitur
3305 4378 3518 4442 deces-

1874 4461 2048 4544 sisse,
2072 4459 2267 4523 exsilii
2297 4467 2567 4540 tempore
2593 4461 2860 4544 impleto,
2883 4472 3252 4527 commutans
3274 4487 3379 4548 pro
3400 4469 3516 4532 vita

1871 4549 2199 4613 secundum
2223 4566 2464 4610 carnem
2496 4549 2866 4630 spiritualem
2887 4552 3094 4618 vitam.
3118 4553 3294 4616 Dives
3314 4565 3511 4620 autem

1873 4641 1936 4702 in
1965 4638 2382 4702 incredulitate
2426 4638 2758 4702 immoritur
2811 4650 2869 4703 et
2897 4642 3124 4705 interit.
3166 4668 3193 4699 α
3221 4643 3292 4706 Ει
3322 4647 3381 4706 in
3412 4646 3511 4706 in-

1863 4730 2030 4792 ferno
2063 4729 2298 4792 elevans
2328 4730 2532 4794 oculos
2562 4750 2724 4813 suos,
2755 4751 2891 4794 cum
2922 4743 3080 4796 esset
3104 4735 3166 4794 in
3198 4735 3509 4797 tormentis

1862 4818 2011 4882 vidit
2039 4817 2342 4880 Abraham
2367 4837 2402 4881 a
2430 4820 2625 4901 longe,
2662 4827 2720 4882 et
2746 4821 3030 4884 Lazarum
3079 4823 3140 4884 in
3170 4823 3302 4884 sinu
3336 4825 3510 4904 ejus;

1865 4918 1927 4970 et
1945 4907 2074 4988 ipse
2104 4907 2367 4970 clamans
2397 4907 2542 4971 dixit
2572 4930 2592 4971 :
2647 4909 2824 4972 Pater
2865 4911 3190 4986 Abraham,
3225 4911 3515 4976 miserere

1864 4995 1982 5059 mei
2012 5003 2071 5058 et
2101 4996 2272 5058 mitte
2293 4999 2596 5074 Lazarum,
2619 5008 2684 5061 ut
2706 5001 2955 5080 intingat
2977 5009 3309 5063 extremum
3337 5001 3512 5083 digiti

1863 5085 1957 5148 sui
1984 5083 2049 5146 in
2077 5101 2289 5166 aquam
2343 5093 2403 5149 et
2450 5087 2766 5168 refrigeret
2809 5089 3068 5169 linguam
3117 5107 3337 5172 meam,
3373 5091 3511 5173 quia

1863 5179 2096 5240 crucior
2117 5173 2182 5237 in
2197 5175 2310 5237 hac
2332 5176 2592 5242 flamma.
2618 5201 2648 5234 ι
2675 5179 2925 5240 Lazarus
2947 5177 3195 5259 quidem
3215 5177 3280 5240 in
3291 5197 3511 5262 supre-

1950 5344 2354 5449 (Z7)..¢‘(Hvtxtf
2379 5357 2488 5449 καὶ.
2524 5375 2556 5418 3
2589 5359 2689 5417 Καί
2733 5356 2849 5421 hoc
2894 5359 3025 5423 loco
3069 5359 3264 5425 omitti
3319 5371 3516 5449 potest

219 5435 344 5580 575;)
376 5451 552 5580 a_tE~.-t
583 5435 694 5508 οἷν.
733 5469 763 5504 3
794 5442 895 5510 Sic
915 5435 1149 5511 correii
1168 5435 1278 5534 pro
1303 5446 1388 5505 ἐπὶ
1405 5446 1517 5530 οὖν,
1544 5443 1702 5529 quod
1720 5444 1783 5510 in

261 5564 274 5578 .
330 5539 425 5580 θαι
453 5541 544 5580 ur.

1873 5435 2211 5510 auctoritate
2241 5435 2376 5498 cod.
2407 5435 2476 5500 B.

1948 5517 2077 5580 (78)
2109 5538 2140 5572 α
2174 5519 2272 5575 Καὶ
2301 5519 2349 5574 οἱ
2377 5518 2476 5580 τάφ

149 5537 216 5581 CO

223 5519 274 5580 d.
307 5519 544 5600 legitur.
807 5581 834 5610 ν
1169 5519 1189 5534 ’

223 5599 278 5680 (7
286 5597 336 5675 6)
373 5619 406 5661 ε
437 5600 704 5689 Ἐκεῖθεν.
745 5627 800 5689 3_
826 5613 1001 5689 Ηγουν
1028 5606 1135 5689 άπὸ
1157 5613 1250 5666 τοῦ
1279 5612 1434 5671 Θεοῦ.

471 5685 728 5755 Pauor.
759 5685 872 5755 Gn.
891 5684 1078 5754 CXX.

2109 5538 2140 5572 α
2174 5519 2272 5603 [toti
2301 5518 2579 5603 01‘1&00t._
2589 5516 2812 5603 _n_l_’sa1.
2844 5535 3052 5603 XLVIII,
3086 5520 3185 5586 12.

1948 5593 2251 5679 (πομπὴ
2278 5593 2743 5677 φοϐοδ.-»ίι›ίά.,
2774 5600 2877 5666 17.
3035 5593 3051 5603 ’
3194 5681 3276 5746 39
