4008 6114
526 233 551 299 1
563 234 678 300 227

1591 231 1649 301 Ι.
1695 236 2084 304 XIPHILINI
2125 237 2240 302 GP.
2286 237 2800 305 PATRIARCHIE

3745 240 3854 307 1228

520 386 661 432 nam
682 367 1073 431 elevationem
1092 368 1250 431 venit
1280 388 1298 445 ;
1317 366 1482 431 dives
1500 376 1698 433 autem
1719 370 1778 431 in
1795 369 2153 451 profundis-

2253 373 2322 429 ιαὶ
2371 372 2584 448 πέμψον
2636 372 2894 451 Λάζαρον,
2945 371 3036 428 ἵνα
3089 373 3238 449 βάψῃ
3299 375 3367 430 τὸ
3424 373 3596 454 ἄκρον
3652 384 3740 434 τοῦ
3786 375 3856 430 δα-

522 457 741 520 simum
772 457 1116 519 barathrum
1172 456 1301 519 Non
1324 458 1580 521 Lazarus
1597 458 1744 521 vidit
1764 458 2030 523 divitem.
2049 459 2162 533 Qui

524 546 684 609 enim
715 544 780 607 in
812 544 945 608 luce
974 553 1138 621 sunt,
1192 563 1293 609 eos
1324 547 1424 626 qui
1464 555 1620 609 stant
1647 547 1709 608 in
1746 547 2010 610 tenebris
2041 567 2162 610 non

522 633 843 715 aspiciunt,
876 634 984 697 sed
1030 633 1193 697 dives
1242 634 1524 697 Lazarum
1575 634 1754 711 videt,
1810 636 2068 717 quierat
2098 637 2160 699 in

523 722 659 784 sinu
685 722 959 798 Abrahae,
993 729 1058 784 ut
1087 741 1158 785 eo
1190 723 1375 801 magis
1423 724 1741 789 crucietur.
1790 726 1934 788 Cum
1964 742 2159 807 angu-

524 810 805 873 stiaretur
834 811 1000 874 dives
1012 818 1071 874 et
1094 811 1438 875 terribiliter
1458 813 1593 892 igne
1613 814 2000 896 cruciaretur,
2028 834 2157 895 sup-

523 898 741 980 plicem
771 918 976 961 vocem
1009 900 1082 961 ad
1112 899 1411 963 Abraham
1446 902 1595 963 tollit
1625 902 1873 967 dicens:
1932 925 1955 960 ι
1989 901 2163 965 Pater

521 987 849 1065 Abraham,
881 988 1174 1051 miserere
1205 989 1347 1066 mei,
1381 998 1438 1052 et
1469 990 1633 1054 mitte
1665 993 1948 1055 Lazarum
1981 998 2046 1054 ut
2077 994 2163 1054 in-

524 1076 707 1155 tingat
733 1084 1062 1139 extremum
1093 1077 1259 1155 digiti
1284 1078 1375 1141 sui
1411 1078 1474 1140 in
1523 1098 1735 1161 aquam
1763 1088 1820 1143 et
1850 1080 2164 1160 refrigeret

522 1163 781 1244 linguam
807 1183 1022 1243 meam,
1043 1165 1182 1246 quia
1202 1165 1438 1229 crucior
1456 1167 1518 1228 in
1539 1168 1649 1230 hac
1673 1170 1932 1231 flamma.
1962 1192 1985 1227 ι
2009 1168 2163 1250 Apta

526 1271 672 1316 sane
693 1253 878 1317 verba
905 1255 979 1316 ad
1026 1254 1322 1317 Abraham
1376 1255 1439 1317 in
1492 1258 2075 1320 commiserationem
2105 1264 2164 1318 et

522 1342 781 1422 gemitus
809 1343 1247 1426 attrahendum,
1280 1343 1387 1406 sed
1439 1352 1637 1407 tanem
1690 1364 1773 1410 ne
1801 1346 1888 1408 sic
1918 1345 2161 1428 quidem

524 1430 803 1493 auxilium
840 1432 1086 1494 invenit.
1120 1431 1521 1514 Inopportuna
1543 1434 1702 1497 enim
1726 1444 1850 1497 erat
1870 1433 2158 1510 invitatio,

524 1517 719 1599 primo
748 1518 991 1600 quidem
1039 1527 1284 1600 propter
1326 1519 1747 1585 intermedium
1795 1522 2158 1598 barathrum,

525 1605 745 1668 deinde
774 1614 1017 1688 propter
1045 1608 1308 1671 dolores.
1368 1633 1395 1665 α
1446 1610 1719 1673 Clamans
1747 1619 1942 1673 autem
1973 1609 2157 1671 dixit:

2244 459 2436 518 κτύλου
2479 464 2635 519 αὐτοῦ
2690 458 2897 524 ὕδατος.
2945 463 3033 518 καὶ
3073 462 3350 540 καταψύξῃ
3401 487 3514 539 μου
3563 465 3664 531 τὴν
3719 464 3860 544 γλῶσ-

2243 570 2363 621 σαν,
2395 547 2475 605 ὅτι
2506 546 2767 624 ὀδυνῶμαι
2816 549 2871 605 ἐν
2917 555 2986 627 τῇ
3031 548 3187 630 φλογῖ
3227 554 3420 628 ταύτῃ.
3482 576 3513 608 ι
3568 544 3629 611 Ὀ
3662 552 3753 629 μὲν
3778 554 3862 610 Δί-

2241 643 2395 716 ζαρος
2452 639 2526 700 εἷς
2582 636 2715 712 ὕψος
2772 636 2929 706 ⁴ἶλλθεν
2985 639 3297 717 ὑπέρτατον,
3346 643 3376 697 6
3410 639 3473 697 δὲ
3524 642 3772 705 πλούσιος
3808 644 3864 703 ei;

2242 727 2379 805 χάος
2424 726 2735 803 βαθύτατον,
2787 730 2903 807 Οὖχ
2950 729 2978 782 6
3036 728 3269 807 Λάζαρος
3316 727 3432 785 εἶδε
3483 731 3580 786 τὸν
3623 730 3863 791 πλούσιον.

2243 816 2302 872 Οἱ
2330 815 2430 894 γὰρ
2477 814 2531 871 ἐν
2579 820 2657 889 τῷ
2702 817 2834 892 φωτὶ
2885 816 3006 878 τοὺς
3054 814 3109 870 ἐν
3158 817 3333 874 σκότει
3389 819 3636 882 ἑστῶτας
3684 821 3741 876 οὐ
3764 819 3865 894 βλέ-

2242 924 2427 962 πουσιν
2460 919 2476 936 ⁸
2510 900 2631 958 ἀλλ’
2678 905 2706 959 6
2754 902 3002 967 πλούσιος
3049 905 3139 960 τὸν
3190 906 3427 985 Λάζαρον
3476 906 3671 983 βλέπει
3700 908 3749 966 ἒν
3773 924 3864 971 tot;

2242 989 2466 1054 κόλποις
2533 990 2657 1049 ὄντα
2712 1001 2808 1050 τοῦ
2864 989 3121 1071 Ἀϐραάμ,
3179 993 3270 1049 ἵνα
3319 994 3584 1069 μειζόνως
3634 997 3859 1074 κατατρύ-

2242 1101 2432 1158 χητσι.
2485 1077 2574 1136 Ἐν
2621 1079 2903 1158 ἀμηχανίᾳ
2946 1081 3047 1137 τινὶ
3097 1081 3171 1137 ὢν
3221 1083 3249 1137 6
3305 1081 3594 1159 πλούσιος,
3657 1087 3743 1142 καὶ
3789 1083 3861 1139 δτι.

2244 1174 2345 1231 νῶς
2376 1167 2897 1246 ἀποτηγανιζόμενος
2949 1167 3073 1249 (80)
3122 1172 3386 1248 ἱκετηρίαν
3437 1185 3588 1229 κινεῖ
3634 1176 3761 1251 πρὸς
3798 1176 3864 1229 τὸν

2244 1253 2485 1335 Ἀϐραὰμ
2557 1255 2726 1336 λέγων
2791 1276 2803 1289 ·
2871 1279 2900 1311 α
2962 1258 3133 1337 Πάτερ
3188 1257 3454 1340 Ἀϐραὰμ,
3512 1260 3740 1329 ἐλέησόν
3798 1264 3864 1341 μὲ,

2242 1347 2329 1402 καὶ
2355 1347 2567 1422 πέμψον
2616 1352 2871 1426 Λᾶζαρον,
2920 1346 3011 1403 ἵνα
3060 1344 3208 1424 ϐάψῃ
3252 1350 3314 1404 τὸ
3368 1349 3529 1429 ἄκρον
3583 1360 3683 1411 τοῦ
3709 1350 3867 1407 διατίθ-

2242 1433 2334 1494 λου
2385 1438 2543 1495 αὐτοῦ
2587 1433 2793 1516 ὕδατος,
2844 1437 2933 1492 καὶ
2986 1434 3260 1513 καταψύξῃ
3317 1459 3417 1513 μου
3451 1439 3574 1519 *τὴν
3626 1439 3864 1519 γλῶσσαν,

2245 1522 2325 1579 ὅτι
2377 1521 2639 1600 ὀδυνῶμαι
2688 1523 2743 1580 ἐν
2793 1528 2861 1600 τῇ
2914 1523 3069 1605 φλογὶ
3117 1529 3305 1601 ταῦτῃ.
3365 1548 3388 1582 ι
3448 1517 3652 1584 (bavi,
3686 1530 3749 1585 τὰ
3796 1517 3870 1604 (Si?

2246 1632 2388 1687 ματα
2445 1613 2519 1676 εἷς
2563 1612 2885 1688 συμπάθειαν
2940 1614 3030 1668 καὶ
3077 1612 3261 1669 οἶκτον
3310 1616 3402 1670 τὸν
3450 1611 3707 1694 Ἀϐραᾶπ
3744 1616 3870 1696 ἐφεὶ-

525 1695 815 1759 Miserere
864 1696 1003 1775 mei,
1058 1700 1233 1759 Pater
1318 1698 1638 1775 Abraham,
1692 1706 1751 1762 et
1797 1700 1962 1761 mitte
1992 1700 2167 1760 Laza-

2253 1700 2520 1781 κύσασθαι,
2580 1696 2699 1756 ἀλλ’
2751 1698 2898 1775 ὅμως
2954 1697 3071 1759 οὒδὲ
3125 1698 3293 1764 οὕτως
3348 1701 3620 1782 ὠφέλειαν
3668 1695 3871 1784 εῧρατε”

526 1801 686 1860 rum,
713 1805 744 1846 )
782 1786 951 1847 illum
982 1804 1327 1867 pauperem,
1355 1807 1532 1869 quem
1555 1796 1614 1851 et
1636 1789 1798 1870 prius
1818 1787 2165 1852 exsecrabar

528 1882 589 1935 et
615 1892 691 1936 ne
721 1875 1011 1938 micarum
1044 1876 1286 1957 quidem
1319 1876 1394 1938 de
1424 1895 1631 1939 mensa
1652 1896 1786 1940 mea
1815 1876 2163 1957 participem

524 1961 812 2027 faciebam
844 1985 859 2042 ;
908 1964 1010 2027 illo
1065 1984 1224 2028 nunc
1271 1984 1438 2047 egeo.
1471 1965 1685 2028 Videte
1713 1966 2010 2048 quomodo
2028 1984 2164 2029 eum

530 2053 929 2116 constraverit
977 2054 1235 2136 punitio,
1288 2054 1590 2135 quomodo
1634 2073 1770 2118 eum
1820 2055 2049 2136 punitio
2098 2054 2170 2117 ad

528 2150 790 2204 mentem
820 2143 1118 2206 saniorem
1146 2142 1472 2218 reduxerit,
1506 2142 1804 2223 quomodo
1835 2142 2170 2224 proximum

529 2229 672 2292 olim
704 2231 1057 2311 praeterierit
1086 2239 1145 2293 et
1174 2251 1333 2294 nunc
1363 2250 1396 2294 a
1420 2232 1594 2312 longe
1610 2231 1875 2307 advocet,
1911 2239 1972 2294 et
1990 2248 2166 2313 quem

530 2319 1099 2401 saepiusingrediens
1112 2330 1172 2385 et
1186 2320 1634 2401 egrediensnon
1646 2320 1994 2402 aspiciebat,
2012 2339 2168 2383 nunc

531 2408 807 2471 eumdem
827 2410 1059 2472 eminus
1073 2409 1357 2476 ardenter
1371 2409 1675 2491 suspiciat.
1690 2409 2006 2471 «Miserere
2025 2409 2163 2486 mei,

531 2503 591 2559 et
620 2497 785 2560 mitte
818 2500 1125 2562 Lazarum.
1146 2519 1178 2559 ›
1214 2497 1386 2561 Modo
1415 2498 1632 2578 quaeris
1665 2496 2163 2572 misericordiam,

529 2586 762 2667 quando
784 2586 909 2667 jam
958 2606 1079 2649 non
1120 2594 1210 2649 est
1257 2585 1682 2648 misericordia;
1729 2588 2001 2667 tempus!
2038 2585 2166 2648 Non

529 2673 746 2735 audisti
768 2674 1086 2737 Dominum
1109 2675 1441 2738 dicentem:
1479 2673 1782 2739 Judicium
1814 2677 1946 2737 sine
1982 2676 2168 2738 mise-

529 2761 787 2824 ricordia
817 2773 905 2825 est
935 2764 1019 2826 illi
1049 2764 1149 2845 qui
1168 2783 1286 2826 non
1304 2764 1445 2826 fecit
1465 2762 1933 2825 misericordiam
1955 2762 1981 2825 ?
2000 2762 2168 2825 Nunc

533 2857 593 2912 te
619 2851 887 2931 paenitet,
921 2872 1052 2915 cum
1075 2855 1203 2933 jam
1236 2872 1356 2915 non
1396 2859 1488 2915 est
1516 2851 1877 2933 poenitentia:
1909 2860 2163 2933 tempus.

2246 1786 2460 1867 ἄκαιρος
2509 1788 2609 1867 γὰρ
2650 1790 2686 1856 ἡ
2734 1786 3065 1867 παράκλησις
3117 1805 3132 1821 ⁶
3178 1791 3241 1845 τὸ
3287 1790 3407 1870 μὲν,
3463 1788 3553 1848 διὰ
3606 1794 3673 1849 τὸ
3720 1792 3875 1868 μετέ)

2243 1876 2384 1955 χάος
2412 1894 2427 1908 ·
2459 1878 2521 1933 τὸ
2568 1874 2643 1957 δὲ,
2693 1874 2779 1931 διὰ
2823 1876 2923 1943 τὴν
2968 1875 3177 1945 ὀδύνην,
3233 1901 3260 1932 ι
3309 1880 3582 1948 Φωνήσας
3644 1879 3704 1936 δὲ
3734 1884 3873 1938 εἶπ’

2255 1960 2508 2031 Ἐλέησόν
2539 1985 2628 2041 με,
2659 1964 2824 2043 πάτερ
2872 1960 3131 2043 Ἀϐραάμ,
3188 1967 3278 2021 καὶ
3303 1965 3519 2041 πέμψον
3578 1969 3834 2049 Λάζαρον,
3860 1993 3877 2021 ι

2254 2050 2458 2109 ἐκεῖνον
2507 2054 2598 2109 τὸν
2653 2052 2880 2131 πένητα,
2928 2050 2987 2107 ὅν
3032 2055 3121 2109 καὶ
3163 2050 3553 2130 ἐϐδελυττόμην
3614 2058 3683 2112 τὸ
3739 2060 3890 2134 ﬂgiti.-

2253 2162 2364 2221 ρον,
2414 2142 2503 2197 καὶ
2550 2138 2665 2200 οὖδὲ
2713 2146 2817 2197 τῶν
2866 2140 2972 2196 ἀπὸ
3016 2145 3119 2207 τῆς
3160 2142 3422 2221 τραπέζης
3475 2142 3788 2213 pstea-130w
3827 2150 3891 2220 ᾦξ-

2250 2231 2410 2309 χίων,
2495 2229 2693 2288 ἐκείνου
2772 2226 2977 2304 δέομαι,
3066 2228 3318 2310 Βλέπετε,
3387 2236 3504 2294 πῶς
3584 2233 3890 2291 συνέπειὶῆ

2249 2319 2405 2376 αὐτὸν
2451 2319 2486 2386 ἡ
2543 2319 2790 2395 τιμωρία,
2840 2324 2955 2381 πῶς
3010 2318 3044 2385 ἡ
3102 2316 3278 2393 θλίψις
3333 2320 3493 2377 αὺτὸν
3556 2319 3896 2401 ἐσωφρόνισε,

2247 2404 2475 2473 πλησίον
2533 2404 2657 2486 (81)
2710 2405 2835 2462 ὄντα
2891 2406 3211 2485 παρέτρεχε,
3271 2409 3358 2463 καὶ
3400 2407 3678 2486 μακρόθεν
3736 2410 3900 2489 καλεῖ,

2248 2504 2360 2575 νῦν,
2412 2494 2500 2551 καὶ
2557 2495 2615 2550 ὃν
2684 2492 2944 2557 πολλάκις
3018 2495 3389 2575 εἰσερχόμενος
3460 2498 3554 2552 καί
3618 2496 3902 2578 ἐξερχόμε-

2246 2604 2335 2645 νος
2366 2581 2481 2656 (82)
2511 2586 2614 2662 οὐχ
2664 2583 2825 2662 ἑώρα,
2879 2592 3062 2642 τοῦτον
3106 2584 3365 2662 μακρόθεν
3410 2581 3545 2639 ὄντα
3599 2586 3727 2660 μετ’

2248 2666 2391 2733 ϐείας
2435 2669 2642 2746 βλέπει,
2696 2667 2954 2737 Ἐλέησόν
3005 2692 3095 2751 με,
3155 2672 3243 2727 καὶ
3294 2670 3509 2747 πέμψον
3577 2675 3844 2752 Λάζαρον,
3882 2698 3901 2727 ι

2248 2755 2468 2837 Ἀρτίως
2538 2766 2722 2830 ζητεῖς
2789 2759 2882 2814 τὸν
2939 2757 3111 2839 ἔλεον,
3168 2758 3256 2815 ὅτε
3307 2762 3493 2839 καιρὸς
3558 2760 3752 2826 ἐλέους
3818 2768 3900 2820 οζιιί

2248 2845 2427 2928 ﬁer-rw;
2487 2852 2581 2907 οὐκ
2633 2847 2863 2915 ἤκουσας
2920 2857 3011 2906 τοῦ
3066 2849 3252 2927 Κυρίου
3294 2847 3553 2926 λέγοντος
3614 2869 3631 2883 '
3691 2841 3760 2909 Ἣ
3803 2855 3894 2929 ιφὲο

530 2937 660 3000 Non
678 2940 839 3001 estin
860 2940 1096 3003 inferno
1127 2941 1446 3017 confessio,
1463 2960 1582 3003 non
1594 2950 1683 3003 est
1704 2941 2165 3003 commiseratio.

2253 2958 2332 3001 σις
2379 2935 2597 3001 ἀνίλεώς
2645 2935 2773 3017 (83)
2828 2936 2939 2993 ἐστι
2992 2943 3069 3012 τῷ
3123 2937 3201 3013 μὴ
3231 2938 3511 3007 ποιήσαντι
3544 2937 3760 3018 Eleos;
3811 2948 3897 2997 Νῦν

531 3024 599 3089 In
627 3027 864 3090 inferno
896 3028 1079 3103 enim,
1112 3029 1322 3109 inquit,
1356 3014 1487 3109 quis
1510 3028 1888 3091 conﬁtebitur
1912 3032 1942 3090 ?
1977 3029 2043 3091 In
2064 3029 2167 3091 lin-

2253 3039 2554 3105 μετανοετς,
2607 3024 2694 3083 ὅτε
2738 3029 2833 3083 οὒκ
2877 3022 2984 3080 ’ἐστι
3042 3025 3314 3099 μετάνοια.
3368 3028 3476 3084 Οὔκ
3526 3025 3680 3082 ’ἐστιν
3747 3028 3802 3085 ἐν

534 3133 653 3196 gua
681 3116 928 3196 punitur
954 3117 1119 3179 dives
1149 3136 1256 3197 per
1276 3135 1455 3195 quam
1478 3116 1724 3179 delicias
1740 3118 1991 3198 accepit.
2017 3120 2168 3182 Gut-

533 3210 654 3266 tam
685 3223 850 3286 aqua;
872 3205 1038 3286 petit,
1063 3212 1374 3285 postquam
1393 3223 1469 3266 uc
1494 3205 1720 3282 frigidae
1742 3205 1981 3286 quidem
2007 3226 2173 3289 aquae

534 3293 780 3356 calicem
805 3294 1028 3355 sitienti
1043 3293 1229 3356 dedit.
1252 3292 1335 3355 Ea
1358 3300 1448 3354 est
1464 3310 1722 3371 congrua
1741 3296 2167 3373 remuneratio,

532 3382 638 3445 ille
669 3381 824 3462 ignis
853 3388 913 3444 et
940 3381 1041 3444 illa
1068 3382 1129 3443 in
1151 3380 1390 3443 inferno
1412 3399 1605 3462 paena,
1631 3381 1835 3462 lingua
1856 3382 2013 3444 sicca
2038 3394 2172 3464 gut-

534 3470 715 3534 tulam
745 3470 809 3533 in
838 3471 1300 3533 consolationem
1353 3476 1659 3551 appetens.
1693 3472 1809 3533 Pro
1842 3469 2085 3533 tibicine
2116 3480 2175 3535 et

534 3559 784 3622 musicis
804 3559 1145 3624 lamentatio
1174 3580 1190 3636 ;
1214 3578 1321 3641 pro
1334 3557 1973 3635 immodicaebrietate,
1995 3568 2175 3637 guttae

535 3647 924 3710 desiderium.
988 3651 1096 3710 Pro
1149 3648 1401 3729 impuris
1459 3647 1816 3727 spectaculis
1870 3648 2174 3729 profundae

534 3736 797 3799 tenebrae
820 3754 960 3819 :pro
981 3735 1241 3798 insomni
1270 3734 1590 3816 voluptate,
1617 3736 1909 3798 insomnis
1933 3732 2168 3801 vermis.

541 3823 2176 3909 «DixitautemAbraham:Fili,recordarequiarecepisti

535 3912 692 3976 bona
719 3913 783 3975 in
810 3915 928 3976 vita
956 3922 1074 3994 tua,
1110 3921 1169 3975 et
1195 3912 1447 3975 Lazarus
1480 3912 1754 3975 similiter
1782 3913 1979 3993 mala;
2015 3933 2174 3978 nunc

535 4010 732 4065 autem
754 4002 853 4066 hic
869 4000 1334 4064 consolationem
1363 4000 1563 4076 habet,
1600 4008 1663 4063 tu
1689 4018 1826 4063 vero
1858 4002 2168 4067 cruciaris.

535 4090 996 4155 Consideremus
1010 4089 1721 4173 patriarchaabonitatem.
1741 4089 1869 4151 Non
1891 4091 2040 4154 dixit
2060 4092 2170 4170 illi;

533 4179 863 4244 Inhumane
885 4188 944 4243 et
964 4178 1246 4261 crudelis,
1271 4198 1391 4240 non
1414 4177 1757 4240 erubescis?
1778 4197 1898 4241 non
1927 4182 2175 4244 confun-

2254 3112 2354 3191 ᾃδῃ
2402 3112 2813 3193 ἒκομολόγησις,
2862 3116 2957 3172 οὒκ
2994 3111 3107 3169 ἔστι
3156 3113 3450 3188 συμπάθεια
3505 3132 3522 3149 ’
3581 3114 3647 3169 ἐν
3694 3117 3803 3196 γὰρ
3847 3123 3916 3188 τῷ

2254 3200 2377 3283 ᾃδῃ,
2434 3204 2586 3283 φησὶ,
2639 3204 2718 3266 τίς
2776 3200 3219 3279 ἐξομολογήσεται
3274 3201 3439 3281 (84);
3490 3202 3609 3270 Τὴν
3666 3203 3916 3282 γλῶσσαν

2253 3289 2531 3372 κολάζεται
2564 3294 2591 3347 6
2639 3289 2918 3372 πλούσιος,
2964 3287 3032 3345 δι’
3073 3294 3139 3358 ἧς
3181 3290 3279 3356 τὴν
3325 3290 3525 3369 τρυφὴν
3582 3290 3911 3356 ἒλαμῦανεν.

2258 3370 2458 3437 ’Ῥανίδα
2504 3385 2661 3450 ζητεῖ
2703 3370 2913 3457 ὕδατος,
2968 3376 3150 3445 ἐπειδὴ
3208 3376 3322 3438 οὒδὲ
3377 3380 3640 3458 ποτήριον
3710 3386 3913 3462 ψυχρά)

2253 3466 2439 3532 ὕδατος
2493 3474 2572 3542 τῷ
2626 3465 2843 3543 διψῶντι
2893 3465 3208 3544 μετέδωκεν.
3264 3467 3407 3533 Αὕτη
3463 3470 3498 3535 ἡ
3559 3469 3909 3538 κατάλληλος

2253 3554 2511 3620 ἀντίδοσις
2557 3571 2570 3587 ⁶
2629 3558 2691 3612 τὸ
2745 3566 2846 3636 πῦρ
2901 3555 3076 3612 έκεῖνο
3129 3557 3218 3613 καὶ
3274 3555 3309 3622 ἧ
3364 3554 3420 3611 ἐν
3472 3555 3604 3628 ᾇδου
3663 3559 3909 3637 κόλασις,

2254 3643 2470 3722 γλῶσσα
2536 3642 2828 3725 κατάξηρος
2899 3651 3091 3724 μικρᾶς
3158 3641 3358 3722 ῥανίδος
3431 3645 3505 3708 εἰς
3584 3650 3917 3726 παραμυθίαν

2256 3732 2599 3813 ἐπιθαμοῦσα,
2649 3733 2763 3791 ἀντὶ
2804 3740 2895 3790 τοῦ
2944 3733 3174 3800 αὔλητοῦ
3224 3731 3335 3813 (85)
3375 3734 3464 3789 καὶ
3508 3739 3621 3791 τῶν
3680 3737 3914 3814 ὀργάνων

2256 3824 2284 3878 6
2339 3821 2635 3900 στεναγμός
2692 3837 2708 3853 ⁸
2769 3821 2883 3879 ἀντὶ
2948 3828 3044 3885 τᾶς
3109 3820 3335 3899 ἀμέτρου
3404 3819 3603 3895 μέθης,
3673 3823 3913 3895 humida

2254 3911 2508 3989 σταγόνος
2565 3926 2580 3941 ⁸
2639 3911 2753 3967 ἀντὶ
2811 3916 2916 3969 τῶν
2969 3910 3209 3989 ἀσελγῶν
3252 3909 3556 3983 θεαμάτων,
3610 3913 3684 3967 τὸ
3738 3913 3917 3973 σκότε(

2253 4000 2315 4055 τὸ
2370 3998 2498 4073 βαθύ
2553 4018 2567 4031 ·
2623 3997 2736 4055 ἀντὶ
2788 4004 2889 4066 τῆς
2920 4000 3215 4074 ἀκοιμήτου
3259 3995 3561 4078 ἐπιθυμίας,
3614 3999 3649 4055 ὀ
3683 4000 3921 4076 ἀκοίμη-

2254 4108 2346 4151 τος
2381 4086 2615 4154 σγώληξ.
2680 4110 2709 4143 α
2764 4096 2903 4145 Εϊπε
2954 4085 3009 4143 δὲ
3048 4084 3287 4167 ’Λϐραάμ
3317 4102 3333 4119 ⁸
3365 4085 3587 4167 Τέκνον,
3622 4090 3920 4166 μνήσθητι,

2256 4175 2336 4233 ὅτι
2394 4174 2657 4241 ἀπέλαϐες
2704 4178 2766 4233 σὺ
2808 4178 2873 4233 τὰ
2924 4177 3093 4256 ἀγαθά
3133 4199 3225 4235 σου
3272 4176 3325 4232 ἐν
3371 4181 3441 4251 τῇ
3485 4182 3604 4253 ζωῇ
3658 4200 3787 4258 σω,
3838 4180 3921 4235 καὶ

534 4268 696 4332 deris
712 4268 743 4328 ?
768 4268 1085 4331 Meministi
1114 4285 1272 4329 nunc
1303 4265 1681 4328 humanitatis
1704 4273 1764 4327 et
1793 4269 2167 4331 commisera-

2258 4266 2491 4345 Λάζαρος
2522 4267 2719 4342 ὁμοίως
2768 4267 2832 4324 τά
2874 4267 3015 4323 κακά
3064 4287 3078 4301 ο
3131 4275 3218 4347 νῦν
3270 4262 3324 4321 δὲ
3375 4262 3459 4319 ὅδε
3488 4266 3924 4346 παρακαλεῖται,

533 4357 711 4421 tionis
728 4366 786 4419 et
805 4356 1227 4421 consolationis
1243 4355 1276 4417 ?
1299 4354 1457 4418 Nihil
1475 4355 1591 4417 tale
1612 4355 1842 4419 locutus
1864 4364 1955 4418 est
1976 4358 2167 4437 justus

2256 4354 2318 4410 σὺ
2365 4352 2420 4409 δὲ
2472 4352 2735 4416 ὀδυνᾶσαι.
2799 4376 2827 4414 )
2877 4354 3247 4432 Ἐννοήσωμεν
3293 4364 3386 4413 τοῦ
3431 4355 3788 4436 πατριάρχω
3829 4358 3921 4421 τὴν

532 4446 857 4528 Abraham,
918 4445 1023 4507 sed
1081 4446 1266 4508 ﬁlium
1312 4444 1479 4505 illum
1542 4442 1832 4509 nominat.
1893 4446 2174 4510 Animam

504 4537 695 4600 enim
728 4536 1069 4617 depressam
1100 4554 1220 4596 non
1249 4534 1482 4606 allides,
1515 4532 1705 4614 inquit
1734 4533 1995 4614 sapiens.
2032 4534 2173 4598 Suf-

534 4625 660 4688 ﬂcit
686 4624 775 4686 illi
806 4642 911 4686 sua
940 4642 1138 4704 poena.
1170 4623 1397 4687 Etideo
1419 4621 1563 4683 dicit
1589 4638 1602 4683 :
1644 4645 1672 4677 α
1698 4622 1833 4699 Fili,
1857 4624 2175 4687 recordare

534 4716 673 4796 quia
685 4711 966 4794 recepisti
982 4712 1244 4776 bonatua
1271 4711 1331 4773 in
1343 4711 1456 4772 vita
1476 4717 1595 4784 tua,
1615 4708 1716 4771 ille
1732 4718 1926 4771 autem
1943 4713 2115 4774 mala.
2140 4734 2168 4774 ›

533 4804 665 4867 Non
686 4803 872 4867 dixit:
899 4802 1078 4885 bona,
1103 4801 1209 4865 sed
1232 4800 1385 4864 bona
1407 4809 1536 4876 tua,
1562 4798 1623 4861 id
1648 4805 1756 4877 est,
1784 4818 1914 4880 quae
1935 4811 2178 4882 reputas

617 4975 741 5055 (80)
777 4994 808 5035 (
839 4972 1408 5055 ’Λποτηγανιζόμενοᾳ
1443 4992 1472 5026 ι
1495 4946 1723 5055 ζίῖγοῦν
1735 4969 1823 5055 ⁸ἐν
1851 4973 1970 5055 πυρὶ
1999 4974 2177 5049 βασα-

536 5048 830 5133 νιζόμενος.
882 5053 1018 5118 Vid.
1061 5048 1190 5117 'Jer.
1234 5048 1405 5133 'xxtx,
1463 5049 1557 5125 17,
1590 5057 1649 5110 et
1702 5048 2059 5131 MacabJVH,
2113 5057 2173 5114 5.

536 5131 732 5200 GloSs.
768 5134 950 5198 Labb.
980 5134 1228 5214 τηγανίζο
1263 5153 1276 5168 ·
1312 5131 1486 5214 frigo.

618 5216 738 5297 (8i)
774 5239 801 5297 at
834 5211 1076 5297 iunctm:
1098 5238 1127 5270 ι
1161 5245 1241 5258 —
1291 5233 1316 5270 ι
1371 5211 1578 5288 βλέπει.
1639 5234 1664 5267 υ
1717 5213 1928 5291 Magna
1955 5212 2041 5275 vis
2067 5213 2182 5275 hoc

537 5295 669 5358 loco
702 5295 762 5357 ill
789 5295 883 5356 his
906 5295 1215 5358 ἀντιθέτοις.

615 5376 734 5456 (82)
775 5399 804 5431 ιι
840 5375 1226 5456 Εἰσερχόμενπ
1278 5392 1307 5428 ι
1361 5405 1440 5417 —-
1480 5372 1619 5451 ἐώρα
1669 5370 2002 5450 Βεϐλημένον
2052 5376 2183 5454 πρὸς

534 5457 628 5513 τὸν
652 5455 889 5518 πυλῶνα,

2256 4443 2559 4521 ἀγαθότητα
2605 4463 2618 4477 ⁶
2670 4449 2765 4504 οὒκ
2816 4445 2969 4501 εἶπεν
3021 4449 3188 4525 αὐτῷ,
3243 4443 3590 4522 Ἀπάνθρωπε
3642 4447 3745 4502 καὶ

2256 4537 2350 4591 οὒκ
2405 4532 2658 4613 ἐρυθριᾷς,
2728 4538 2822 4593 οὒκ
2891 4536 3163 4615 αἰσχύνῃς
3223 4531 3616 4613 φιλανθρωπίας
3682 4544 3783 4593 νῦν
3834 4533 3920 4608 μέ-

2256 4644 2453 4698 μνησαι
2521 4624 2608 4680 καὶ
2678 4626 2997 4699 συμπαθείας
3067 4626 3156 4681 καὶ
3237 4620 3689 4701 παρακλήσεωςς
3769 4620 3920 4682 Οὖδὲν

2254 4722 2490 4771 τοιοῦτον
2545 4712 2823 4795 ἐφθέγξατο
2869 4717 2896 4771 6
2950 4712 3145 4779 δίκαιος
3202 4709 3464 4791 Ἀϐραὰμ,
3525 4709 3673 4768 ἀλλᾶ
3743 4714 3921 4770 τὰνῦν

2257 4803 2501 4879 ὀνομάζει
2536 4818 2549 4833 ⁸
2586 4807 2770 4884 ψυχὴν
2818 4802 2939 4884 (86)
2991 4805 3092 4885 γὰρ
3142 4800 3609 4877 τεταπεινωμένην
3644 4805 3736 4878 μὴ
3777 4823 3926 4881 πρεττ-

2260 4978 2417 5054 sunt,
2440 4988 2585 5054 cap.
2614 4971 2682 5054 _2,
2709 4990 2781 5054 _v.
2830 4971 2929 5049 13,
2982 4991 3116 5054 qua;
3158 4967 3486 5054 dives_iste
3540 4969 3661 5054 vix_
3696 4977 3918 5052 potent

2259 5048 2579 5134 audivisse.
2614 5048 2863 5134 Videtur
2890 5048 3029 5134 ergo
3062 5052 3256 5134 potius
3283 5048 3359 5112 ad
3391 5048 3776 5115 sententiain
3804 5067 3915 5112 res-

2263 5133 2518 5215 pexisse,
2551 5149 2731 5215 quam
2759 5132 3063 5215 adverba.

2348 5211 2466 5290 (84)
2503 5234 2531 5267 α
2564 5210 2651 5275 ’Τίς
2683 5210 3148 5291 ἐξομολογήσεται.
3187 5236 3212 5271 ι
3246 5210 3400 5286 Psal,
3432 5227 3517 5287 VI,
3554 5215 3618 5276 5.

2347 5288 2476 5372 (35)
2517 5310 2548 5372 ς
2577 5288 2953 5372 Τοῆίαῦλητοῦ.
2995 5317 3019 5352 υ
3056 5292 3153 5357 Sic
3180 5300 3432 5372 uterque
3460 5292 3692 5355 codex.
3738 5288 3900 5355 Malia

2267 5370 2464 5434 tamm
2494 5370 2704 5451 plurali
2737 5390 2983 5434 numero
3013 5380 3117 5430 τῶν
3144 5370 3412 5441 αὐλητῶν,

2350 5452 2477 5534 (86)
2515 5475 2555 5534 α,
2576 5456 2762 5534 ψυχὴν
2787 5486 2841 5498 ··
2868 5452 3231 5534 πεοσταράξης
3261 5473 3291 5534 ξ
3328 5451 3491 5534 _Haec
3512 5451 3778 5534 videtur
3802 5466 3893 5534 rne-

620 5534 749 5617 (83)
789 5556 813 5593 v
852 5527 914 5593 Ἠ
944 5536 1110 5616 κρίσις
1155 5533 1403 5599 ἀνίλεως.
1462 5557 1492 5594 ι
1553 5530 1760 5598 Jacobi
1816 5533 1944 5601 hch
1999 5532 2167 5598 verb:

2268 5527 2514 5597 moriter
2540 5527 2890 5596 laudavisse.
2912 5527 3097 5601 Forte
3125 5531 3372 5615 respicit
3402 5533 3477 5601 ad
3503 5531 3642 5616 Syr.
3680 5552 3766 5611 ιν,
3799 5530 3853 5595 3.
