4008 6114
538 152 704 250 1231

1627 184 1683 245 J.
1731 181 2120 246 XIPHILINI
2161 138 2276 246 op.
2314 144 2836 247 ‘PATRIARCHIE

3720 178 3810 257 1’93!

550 313 982 378 contrariorum
1015 317 1248 388 natura,
1266 311 1434 401 malo
1465 329 1683 401 nempe
1711 330 1849 401 cum
1880 311 2038 374 bono
2062 312 2176 374 im-

2272 312 2568 401 παραδείσῳ
2634 329 2827 394 φαγεῖν
2896 316 3244 396 ἐπιτρέπονσα
3316 320 3412 375 τὸν
3479 317 3649 396 Ἀδὰμ,

551 403 750 484 misto,
780 408 1031 465 mortem
1061 399 1473 464 commitatum
1523 400 1578 464 ei
1626 400 1728 480 qui
1758 401 1950 479 legem
1982 407 2185 463 trans-

550 492 921 571 grederetur.
956 489 1101 553 Cum
1132 496 1325 552 autem
1353 490 1532 552 homo
1556 489 1893 551 voluntarie
1911 488 2091 551 vitam
2113 508 2187 552 ex

549 580 781 643 duobus
838 580 1222 659 compositam
1298 578 1429 640 vitae
1506 597 1625 640 non
1701 578 1877 640 malo‘
1910 577 2187 640 immistaa

551 668 930 750 praetulisset,
962 686 1082 729 non
1137 665 1379 747 reliquit
1426 685 1561 730 eum
1590 666 1751 729 Deus
1779 666 2183 729 immendabi-

550 757 669 820 lem
696 776 712 835 ;
738 757 846 821 sed
877 764 1184 837 postquam
1208 774 1368 817 mors
1392 755 1620 819 homini
1645 756 1938 837 peccatori
1972 774 2183 836 super-

549 845 735 926 venit,
767 844 1088 926 dupliciter
1113 844 1309 906 divisit
1330 852 1387 906 et
1414 844 1589 906 vitam
1620 844 1683 907 in
1705 846 2004 907 carnalem
2039 848 2188 908 hanc

549 934 988 1007 etinfuturam,
1029 952 1149 995 non
1181 934 1305 1013 pari
1345 932 1676 996 durationis
1723 952 2044 1010 mensura;
2079 933 2184 996 sed

528 1028 898 1104 praesentem
932 1022 1179 1103 quidem
1208 1021 1561 1085 brevissimo
1592 1029 1860 1103 tempore
1881 1022 2179 1095 deﬁnivit;

548 1111 804 1176 futuram
832 1129 971 1175 vero
1013 1111 1078 1173 in
1124 1121 1414 1191 aeternum
1466 1110 1766 1191 produxit.
1825 1110 2184 1175 Libertatem

546 1200 726 1280 igitur
766 1200 905 1263 fecit
957 1199 1116 1262 Deus
1160 1218 1267 1281 per
1314 1198 1786 1263 misericordiam
1835 1201 2184 1263 alterutrum

546 1289 829 1369 eligendi,
862 1288 1084 1352 bouum
1139 1297 1198 1351 et
1242 1289 1466 1351 malum
1516 1307 1622 1369 per
1672 1288 1915 1351 brevem
1945 1290 2097 1352 hanc
2128 1296 2186 1351 et

548 1378 833 1442 caducam
859 1377 1064 1452 vitam,
1097 1385 1195 1439 aut
1246 1396 1356 1458 per
1407 1377 1698 1441 inﬁnitam
1729 1378 1890 1439 illam
1921 1385 1982 1438 et
2009 1385 2183 1441 aeter-

544 1486 708 1531 nam.
741 1466 965 1529 Eodem
993 1467 1237 1529 nomine
1284 1466 1503 1529 dicitur
1530 1467 1752 1529 bonum
1785 1476 1844 1529 et
1871 1466 2091 1529 malum
2123 1475 2185 1530 et

532 1554 704 1619 inter
728 1555 1122 1635 intelligibilia
1151 1563 1209 1617 et
1252 1556 1560 1619 sensibilia
1587 1556 2051 1637 unumquodque
2080 1574 2185 1618 eo-

2268 424 2432 478 γουσα
2475 400 2529 458 δὲ
2582 406 2669 460 καὶ
2724 404 2994 462 κωλύουσα
3054 406 3262 464 ἐκεῖνον
3313 407 3471 489 (89),
3527 413 3570 483 ᾧ
3611 412 3812 486 σύμμικτος

2264 488 2329 556 ἦν
2359 488 2419 546 ἐκ
2446 497 2550 548 τῶν
2580 491 2825 549 ἐναντίων
2874 496 2909 562 ἡ
2960 495 3135 575 φύσις,
3183 506 3279 555 τοῦ
3324 488 3492 555 κακοῦ
3538 500 3650 576 πρὸς
3689 501 3734 555 τὸ
3751 522 3814 555 u-

2266 577 2356 636 λὸν
2411 582 2899 661 συγκεκραμμένου,
2969 586 3187 642 θάνατον
3248 587 3497 644 ἐπιθεῖσα
3547 596 3615 663 τῷ
3658 612 3816 667 περινο-

2268 669 2494 743 μήσαντι
2548 671 2645 738 τὴν
2699 672 2916 747 ζημίαν.
2990 681 3091 732 Τοῦ
3492 684 3607 754 γοῦν
3650 676 3816 739 Was:

2267 757 2365 824 τὴν
2394 756 2454 814 ἐκ
2480 764 2584 816 τῶν
2614 759 2857 818 ἐναντίων
2906 763 3195 843 σύγκρατον
3240 765 3387 835 ζωὴν
3433 773 3524 822 τοῦ
3568 766 3742 843 ἆμιγσός
3771 774 3816 839 τῷ

2270 847 2468 932 χείρονι
2502 846 2627 929 (90)
2671 840 3122 929 προτιμήσαντος,
3170 858 3265 913 οὐκ
3300 840 3491 932 ,ἀφῆκε
3520 840 3678 911 τοῦτον
3701 858 3817 915 6662-..-

2267 931 2598 1024 ᾄδιόρθωτον,
2679 937 2799 995 ἀλλ’
2875 938 3057 1008 ἐπειδὴ
3127 945 3155 998 6
3220 931 3449 1006 θάνατος
3518 941 3815 1024 παραϐᾶσιν-ότι

2266 1021 2686 1107 ἐπηκολούθησε,
2746 1025 2875 1107 διχῆ
2935 1030 3129 1109 μερίζει
3185 1033 3273 1087 καὶ
3330 1033 3436 1099 τὴν
3495 1021 3647 1112 {ur-ipa,
3692 1034 3751 1094 εἷς
3783 1052 3814 1085 2

2265 1112 2366 1178 τὴν
2436 1115 2690 1190 σαρκικὴν
2746 1118 2967 1193 ταύτην,
3035 1121 3123 1174 καὶ
3192 1121 3264 1183 εἷς
3320 1121 3426 1187 τὴν
3486 1121 3748 1196 μέλλωσαν,
3784 1125 3817 1176 (ὦ

2266 1199 2401 1257 κατὰ
2448 1202 2508 1256 τὸ
2551 1201 2669 1260 ἴσον
2717 1203 2908 1284 μέτρον
2957 1216 3051 1264 τοῠ
3098 1204 3484 1284 διαστήματος,
3535 1208 3744 1274 ἀλλὰ-τὶν»

2265 1294 2554 1377 παροῦσαν,
2617 1290 2670 1348 ἐν
2725 1293 3045 1374 βραχυτάτῳ
3099 1297 3200 1352 τινὶ
3254 1299 3443 1376 χρόνῳ
3500 1300 3768 1377 περιγράψας
3808 1312 3816 1323 '

2263 1377 2363 1463 τὴν
2422 1376 2476 1433 δὲ
2533 1378 2827 1454 μέλλουσαν
2896 1386 3211 1462 παρατείνας
3269 1388 3343 1450 εἰς
3395 1388 3497 1454 τὴν
3543 1376 3691 1443 ἀίδιον

2265 1462 2529 1555 ξΕξουσίαν
2584 1469 2753 1529 τοίνυν
2809 1467 3029 1528 δέδωκεν
3085 1475 3113 1529 ὁ
3169 1476 3297 1537 Θεὸς
3350 1477 3457 1532 ὑπὸ
3509 1473 3820 1555 φιλανθρωπίη,

2266 1553 2319 1643 εν
2351 1558 2397 1629 ᾧ
2429 1553 2551 1636 (92)
2583 1579 2663 1622 τις
2713 1557 2955 1635 βούλεται
3000 1562 3198 1637 τούτων
3246 1562 3396 1643 ἔχειν
3442 1553 3692 1642 ἑκᾶτερον,
3734 1564 3820 1617 τότ

543 1662 678 1707 rum
705 1643 1011 1708 dividitur.
1062 1644 1135 1706 Et
1180 1644 1282 1706 alii
1328 1645 1637 1708 sensibilia
1686 1645 1842 1708 bona
1888 1651 1949 1707 et
1976 1644 2176 1724 gaudia

2269 1641 2464 1722 ἀγαθὸν
2485 1647 2573 1701 καὶ
2617 1648 2678 1703 τὸ
2726 1650 2914 1724 κακὸν,
2963 1650 2999 1719 ἢ
3045 1652 3181 1707 κατᾶ
3230 1641 3316 1709 τὸν
3364 1654 3570 1733 βραχὺν
3597 1641 3759 1709 animi
3775 1652 3822 1705 ιὲ

544 1735 893 1816 praeferunt,
925 1733 1028 1795 alii
1072 1740 1268 1796 autem
1317 1735 1443 1796 sola
1489 1733 1887 1815 intelligibilia
1935 1736 2187 1797 credunt

546 1841 678 1886 esse
707 1822 864 1887 bona
906 1830 965 1885 et
1012 1823 1329 1886 nominari.
1377 1822 1604 1895 Quibus
1660 1842 1836 1905 porro
1864 1841 2036 1885 mens
2065 1841 2185 1884 non

539 1911 879 1993 intelligens
910 1929 1108 1992 neque
1137 1911 1404 1975 melioris
1437 1911 1766 1991 indagatrix
1795 1920 1907 1993 est,
1938 1912 1981 1973 ii
2011 1928 2181 1975 vora-

547 2001 722 2064 citate
773 2019 879 2063 sua
930 2000 992 2062 in
1033 2001 1257 2063 carnali
1295 1999 1408 2062 vita
1457 2000 1717 2063 debitam
1764 2010 1992 2063 natura:
2042 1999 2184 2062 boni

546 2098 775 2173 partem
809 2090 973 2172 prius
1017 2090 1357 2165 absumunt,
1409 2090 1557 2153 nihil
1606 2092 1817 2153 futurae
1862 2098 1996 2152 vitae
2037 2109 2180 2171 pro-

547 2187 866 2257 curantes;
939 2179 1040 2262 qui
1108 2196 1247 2242 vero
1308 2179 1673 2242 discernenti
1729 2180 1957 2242 ratione
2014 2197 2180 2241 suam

546 2266 825 2331 ordinant
849 2266 1053 2350 vitam,
1081 2268 1158 2330 iis
1203 2268 1305 2350 qui
1352 2286 1565 2331 sensus
1612 2268 1832 2330 laedunt
1860 2268 2087 2344 afflicti,
2122 2269 2182 2330 in

542 2357 808 2422 futurum
842 2357 1125 2422 saeculum
1156 2356 1376 2419 bonum
1406 2357 1521 2419 sibi
1550 2366 1889 2439 procurant.
1921 2359 2006 2418 Ita
2035 2364 2101 2420 ut
2121 2356 2183 2418 in

544 2454 768 2511 aeterna
797 2447 913 2509 vita
942 2446 1154 2509 melior
1182 2446 1350 2528 quies
1379 2444 1452 2508 iis
1485 2447 1859 2528 protenditur
1879 2454 1939 2509 et
1958 2448 2074 2509 hoc
2094 2453 2185 2508 est

543 2538 724 2601 chaos
752 2537 908 2620 quod
938 2556 1058 2600 non
1089 2538 1153 2599 ﬁt
1198 2548 1360 2600 terra
1404 2536 1695 2614 hiscente,
1732 2538 1838 2600 sed
1870 2537 2184 2600 sententiis

544 2644 655 2706 per
684 2626 860 2689 vitam
891 2625 953 2688 in
982 2625 1243 2688 diversas
1274 2626 1599 2689 electiones
1627 2626 1853 2689 divisis.
1890 2626 2000 2699 Qui
2018 2626 2179 2688 enim

544 2714 732 2777 semel
762 2733 871 2796 per
916 2715 1072 2777 hanc
1098 2715 1273 2776 vitam
1306 2715 1519 2794 gaudia
1548 2715 1869 2797 praeposuit
1898 2733 2181 2796 suamque

543 2804 907 2866 dementiam
940 2823 1047 2884 per
1066 2804 1471 2885 paenitentiam
1497 2824 1613 2866 non
1633 2804 1881 2886 sanavit,
1906 2805 2179 2866 inacces-

540 2890 776 2954 sibilem
793 2890 905 2953 sibi
923 2899 1124 2974 postea
1139 2893 1486 2970 angelorum
1502 2892 1704 2954 sedem
1722 2893 1902 2955 elﬁcit
1917 2913 1933 2968 ;
1951 2893 2179 2973 imper-

539 2980 855 3043 meabilem
880 2980 1044 3042 hunc
1072 2980 1408 3058 transitum,
1433 2988 1710 3063 tanquam
1733 2982 2090 3044 immensum
2118 2990 2178 3045 et

535 3069 761 3133 invium
785 3069 1126 3131 barathrum
1150 3069 1351 3132 subter
1364 3088 1429 3133 se
1448 3071 1812 3151 perfodiens.
1846 3096 1865 3127 ι
1894 3071 1966 3133 Et
1987 3071 2131 3133 dixit
2155 3091 2168 3132 :

536 3157 700 3239 Rogo
731 3176 873 3239 ergo
924 3165 1005 3240 te,
1059 3164 1245 3239 pater,
1298 3168 1362 3221 ut
1405 3160 1600 3221 mittas
1648 3178 1785 3221 eum
1839 3160 1901 3221 in
1932 3160 2174 3222 domum

537 3248 722 3330 patris
751 3248 893 3311 mei.
926 3247 1127 3310 Habeo
1152 3247 1311 3309 enim
1337 3248 1604 3330 quinque
1624 3249 1836 3311 fratres
1860 3268 1882 3328 ;
1912 3258 1976 3311 ut
1998 3256 2177 3312 teste-

535 3344 635 3399 tur
660 3335 781 3399 illis
822 3354 896 3398 ne
919 3343 975 3397 et
996 3335 1109 3417 ipsi
1140 3335 1378 3399 veniant
1407 3337 1468 3398 in
1498 3337 1657 3399 hunc
1685 3337 1882 3400 locum
1906 3346 2178 3400 tormen-

535 3433 752 3490 torum.
784 3425 886 3488 Ait
911 3425 998 3487 illi
1020 3423 1322 3490 Abraham
1349 3445 1363 3487 :
1399 3425 1634 3488 Habent
1663 3426 1919 3506 Moysem
1949 3434 2007 3488 et
2030 3444 2172 3507 pro-

534 3516 798 3596 phetas:
848 3515 1091 3578 audiant
1133 3514 1292 3578 illos.
1339 3514 1539 3578 Atille
1569 3514 1764 3578 dixit:
1819 3514 1971 3596 Non,
2006 3522 2177 3594 pater

534 3602 881 3681 Abraham;
911 3604 1018 3667 sed
1064 3603 1115 3666 si
1161 3604 1294 3687 quis
1340 3623 1410 3667 ex
1454 3604 1703 3667 mortuis
1756 3604 1893 3666 ierit
1939 3604 2012 3667 ad
2045 3622 2171 3682 eos,

534 3692 945 3774 ptenitentiam
975 3699 1173 3772 agent.
1204 3693 1305 3758 Ait
1334 3700 1531 3757 autem
1562 3693 1649 3756 illi
1677 3715 1690 3755 :
1738 3692 1801 3755 Si
1827 3694 2087 3775 Moysem
2120 3701 2178 3756 et

536 3782 859 3864 prophetas
888 3801 1007 3844 non
1034 3781 1320 3860 audiunt;
1368 3800 1561 3864 neque
1589 3782 1641 3845 si
1668 3783 1800 3864 quis
1831 3801 1903 3844 ex
1924 3782 2174 3845 mortuis

533 3870 883 3948 resurrexit,
920 3870 1185 3933 credent.
1218 3890 1248 3933 ›

611 3956 848 4037 Videte,
898 3959 1129 4036 fratres,
1179 3958 1475 4041 quomodo
1516 3978 1587 4022 ex
1634 3959 1922 4041 supplicio
1972 3959 2035 4021 in
2064 3976 2167 4022 re-

529 4046 938 4126 sipiscentiam
967 4048 1199 4111 venerit
1229 4047 1419 4121 dives,
1469 4056 1527 4109 et
1558 4049 1657 4131 qui
1687 4049 1850 4130 prius
1881 4050 2165 4112 Lazarum

528 4142 670 4198 ante
700 4144 928 4219 portam
973 4156 1138 4199 suam
1172 4137 1475 4217 jacentem
1523 4145 1583 4199 et
1634 4138 1788 4199 fame
1817 4146 2166 4218 pereuntem

525 4215 968 4315 contemnebat,
997 4244 1154 4315 nunc
1178 4215 1275 4288 ide
1323 4224 1456 4288 aliis
1502 4215 1846 4288 absentibus
1875 4225 2163 4288 sollicitus

2259 4220 2622 4279 Ξικουσᾶτωσαν
2696 4224 2889 4286 αὐτῶν.
2943 4215 3012 4283 Ὀ
3082 4223 3136 4280 δὲ
3206 4224 3363 4281 εἶπεν
3417 4241 3437 4258 ⁶

2265 1733 2581 1812 πρόσκαιρον
2640 1736 2777 1817 βίον,
2849 1737 2886 1806 ἢ
2951 1740 3088 1797 κατᾶ
3141 1742 3233 1796 τὸν
3298 1740 3633 1798 ἆτελεύτετον
3693 1742 3821 1796 tum

2265 1822 2354 1878 καὶ
2382 1820 2553 1880 ἀΐδιον
2588 1843 2603 1857 ⁸
2631 1826 2928 1901 ὁμωνύμως
2971 1825 3026 1883 δὲ
3072 1827 3363 1907 λεγομένου
3415 1829 3541 1910 (93)
3572 1839 3654 1889 τοῦ
3675 1850 3721 1885 τε

2264 1913 2355 1968 Θοῦ
2396 1912 2484 1967 καὶ
2525 1921 2618 1971 τοῦ
2662 1924 2850 1992 κακοῦ,
2902 1916 2991 1971 καὶ
3037 1917 3169 1997 πρὸς
3218 1920 3283 1975 τὰ
3335 1921 3507 1986 νοητὰ
3555 1921 3637 1975 καὶ
3684 1917 3826 1980 αἰσθητὲ

2265 1997 2512 2077 ἐκατέρου
2562 2002 2761 2060 τούτων
2832 2005 3195 2085 μεριζομένου,
3254 2009 3344 2064 καὶ
3399 2015 3508 2064 τῶν
3561 2009 3672 2086 μὲν,
3718 2007 3767 2060 τὰ
3799 2003 3827 2057 ἓν

2265 2088 2499 2157 αἰσθήσει
2545 2088 2715 2167 ἀγαθὰ
2755 2093 2841 2148 καὶ
2886 2090 3014 2161 ἡδέα
3052 2096 3467 2174 προκρινόντων,
3520 2102 3619 2153 τῶν
3660 2094 3707 2150 δὲ
3729 2094 3828 2169 μόνη·

2263 2176 2330 2231 τὰ
2383 2178 2520 2234 κατὰ
2574 2175 2807 2239 διάνοιαν
2857 2183 3211 2238 πιστευόντων
3268 2186 3356 2240 καὶ
3401 2186 3546 2241 εἶναι
3590 2183 3829 2261 3271655213

2264 2265 2633 2347 ὀνομάζεσθαι,
2694 2273 2780 2335 οἷς
2834 2270 2932 2345 μὲν
2986 2273 3014 2326 6
3069 2269 3323 2349 λογισμὸς
3381 2273 3621 2335 ἀσύνετος
3669 2274 3739 2327 καὶ
3778 2279 3831 2324 το]

2265 2351 2530 2419 ϐελτίονος
2559 2356 2909 2422 ἀνεπίσκοπος
2964 2357 3112 2438 (94),
3162 2363 3303 2418 οὗτοι
3352 2363 3456 2419 ὑπὸ
3514 2360 3783 2439 λαιμαργίας
3804 2356 3833 2409 Et

2263 2448 2340 2516 τῷ
2396 2443 2623 2522 σαρκίνῳ
2688 2446 2788 2521 βίῳ
2854 2447 2954 2514 τὴν
3004 2450 3444 2528 χρειω-τουμένην
3498 2456 3565 2526 τῇ
3612 2450 3735 2529 φύσει
3776 2454 3833 2501 τυ]

2265 2530 2461 2609 ἀγαθοῦ
2533 2547 2727 2613 μοῖραν
2809 2535 3306 2615 προαναλίσκουσιν,
3397 2537 3545 2598 οὐδὲν
3624 2544 3691 2612 τῷ
3745 2534 3833 2609 μ-ττᾶ

2263 2629 2426 2679 ταῦτα
2615 2623 2985 2700 ταμιευόμενοι
3040 2641 3052 2654 ·
3107 2628 3155 2681 οἱ
3206 2624 3261 2682 δὲ
3317 2625 3564 2705 λογισμῷ
3607 2624 3834 2704 διακριτικῴ

2259 2709 2357 2775 τὴν
2410 2709 2607 2765 ἑαυτῶν
2655 2711 3051 2786 οἰκονομοῦντες
3096 2714 3238 2784 ζωὴν
3290 2712 3375 2771 διὰ
3417 2722 3526 2772 τῶν
3556 2716 3664 2792 ξτὴν
3704 2712 3834 2775 αἴσθη-

2260 2819 2342 2853 σιν
2370 2795 2669 2857 λυπούντων
2716 2799 3035 2879 ἆνιαθὲντες,
3088 2810 3165 2877 τῷ
3215 2801 3402 2884 ἐφεξῆς
3454 2807 3603 2863 αἰῶνι
3646 2804 3699 2860 τὸ
3736 2799 3831 2877 ἄγι-

2258 2887 2347 2943 θὸν
2414 2888 2773 2968 ταμιεύονται,
2840 2889 2975 2948 ὥστε
3045 2896 3231 2955 αὐτοῦς
3298 2899 3368 2970 τῇ
3434 2893 3590 2967 ἀϊδίῳ
3638 2896 3732 2967 ζωῇ
3772 2888 3828 2951 tia

2255 2976 2526 3055 κρείττονα
2594 2975 2743 3043 λῆξιν
2813 2982 3247 3057 συμπατείνεσθαι
3300 2998 3317 3015 ⁸
3383 2990 3538 3038 τοῦτο
3590 2988 3700 3060 γοῦν
3747 2974 3835 3058 (95)

2257 3063 2369 3151 ἐστι
2420 3066 2483 3121 τὸ
2526 3065 2737 3145 χάσμα,
2793 3065 2922 3147 ὅπερ
2977 3070 3100 3149 οὐχὶ
3145 3075 3247 3148 γῆς
3301 3068 3623 3151 διασχούσης
3671 3070 3834 3146 γίνετπει

2256 3150 2375 3209 ἀλλ’
2403 3154 2438 3221 ἡ
2494 3156 2635 3234 παρὰ
2675 3156 2765 3211 τὸν
2816 3157 2928 3237 βίον
2975 3160 3139 3236 κρίσις
3182 3160 3310 3237 πρὸς
3352 3160 3448 3223 τὰς
3494 3159 3707 3220 ἐναντίας
3745 3174 3835 3231 πεῖθ’

2257 3241 2481 3322 αιρὲσεις
2540 3247 2845 3323 σχισθεῖσα.
2883 3236 2940 3303 Ὀ
2984 3247 3084 3325 γὰρ
3131 3245 3267 3312 ἅπαξ
3315 3248 3455 3303 κατὰ
3501 3249 3589 3303 τὸν
3631 3246 3725 3323 βίον
3744 3251 3834 3298 τοῦ·

2255 3352 2346 3387 τον
2396 3330 2645 3407 ἑλομενος
2694 3334 2754 3388 τὸ
2798 3330 2917 3413 ἡδὺ,
2977 3335 3064 3391 καὶ
3114 3335 3191 3410 μὴ
3236 3338 3556 3415 θεραπεύσας
3611 3335 3664 3390 ἐκ
3711 3350 3833 3407 μετι-

2258 3417 2468 3494 μελείας
2533 3422 2632 3491 τήν
2701 3418 2970 3498 ἀϐουλίαν,
3045 3421 3237 3481 ἄϐατον
3308 3425 3481 3500 ἑαυτῴ
3539 3425 3663 3499 μετὰ
3719 3428 3832 3475 ταῦτα

2256 3509 2345 3564 τὸν
2398 3513 2501 3564 τῶν
2559 3508 2799 3587 ἀγγέλων
2856 3517 3033 3591 χῶρον
3087 3511 3387 3592 ἀργάζεται,
3459 3513 3557 3580 τὴν
3622 3506 3830 3567 ἀδιάϐατοι

2256 3596 2451 3662 ταύτην
2508 3593 2767 3670 διάϐασιν,
2827 3599 3060 3681 καβάπερ
3127 3623 3177 3656 τι
3245 3602 3504 3681 βάραθρον
3572 3598 3744 3681 ἀχανές
3795 3612 3829 3646 τε

2255 3686 2344 3741 καί
2398 3683 2746 3765 ἆπαρόδευτον
2790 3676 2911 3744 καθ’
2962 3676 3149 3748 ἑαυτοῦ
3197 3676 3449 3768 διορύξας.
3510 3711 3534 3747 ι
3744 3682 3781 3739 δέ
3816 3699 3825 3712 ’

2258 3770 2472 3853 Ἐρωτῶ
2501 3774 2589 3830 οὖν
2642 3796 2723 3855 σε,
2772 3776 2959 3855 πάτερ,
3005 3776 3097 3834 ἴνα
3125 3777 3345 3854 πέμψῃς
3376 3780 3535 3838 αὐτὸν
3581 3780 3648 3840 εἷς
3682 3777 3753 3831 τὸν
3773 3769 3825 3827 οἶ·

2255 3883 2349 3918 κον
2418 3872 2508 3921 τοῦ
2575 3863 2772 3943 πατρός
2844 3886 2965 3942 μου,
3040 3864 3156 3946 ἔχω
3225 3867 3325 3946 γὰρ
3392 3868 3551 3924 πέντε
3617 3861 3827 3941 ἀδελφὸς,

2252 3948 2397 4013 ὅπως
2453 3948 2862 4032 διαμαρτύρηται
2917 3945 3122 4030 οὖτοϊς,
3181 3954 3272 4011 ἵνα
3330 3955 3407 4031 μὴ
3466 3958 3555 4013 καὶ
3609 3952 3731 4013 αὐτοὶ
3767 3945 3827 4002 3-

2250 4043 2407 4097 Θωσιν
2471 4043 2543 4104 εἷς
2613 4044 2702 4098 τὸν
2764 4043 2925 4122 τόπρν
2996 4055 3180 4105 τοῦτον
3250 4050 3349 4113 τῆς
3418 4048 3661 4122 βασάνου.
3722 4038 3824 4114 Λέγει

2248 4135 2389 4206 αὒτῷ
2417 4134 2445 4188 ὁ
2475 4129 2716 4212 Ἀϐραάμ
2774 4153 2789 4169 ’
2849 4116 3070 4216 Ἔχουσι
3100 4135 3293 4193 Μωσέα
3320 4116 3562 4200 καὶ-τοὺς
3591 4132 3824 4216 amni“,

3506 4225 3653 4305 Ούχὶ,
3711 4218 3825 4290 πέτερ

524 4313 624 4390 sit,
656 4320 714 4374 et
743 4314 998 4394 postulet
1027 4322 1090 4376 ut
1108 4314 1359 4377 Lazarus
1393 4335 1463 4378 ex
1493 4315 1741 4378 mortuis
1768 4315 1830 4375 in
1856 4316 2042 4396 patris
2071 4316 2163 4379 sui

2259 4306 2509 4388 Ἀϐραὰμ,
2543 4308 2665 4366 ἀλλ’
2714 4311 2802 4368 ἐάν
2845 4333 2931 4368 τισ
2985 4311 3047 4369 ἐκ
3094 4319 3291 4392 νεκρῶν
3338 4318 3566 4393 πορευθῇ
3608 4312 3721 4391 πρὸς
3759 4308 3823 4396 αὖ·

524 4400 766 4463 domum
800 4400 1106 4466 mittatur.
1168 4403 1238 4465 Et
1282 4424 1402 4467 non
1451 4404 1806 4468 simblicitcr
1847 4425 2031 4468 unum
2093 4423 2164 4468 ex

522 4489 794 4565 mortuis,
828 4490 935 4552 sed
981 4490 1308 4570 Lazarum;
1350 4501 1415 4555 ut
1460 4493 1696 4556 videant
1742 4513 1875 4557 eum
1908 4513 2159 4557 corona-

2247 4398 2390 4478 τοὺς,
2453 4401 2892 4476 μετανοήσουσιν,
2949 4402 3091 4459 Εἶπε
3152 4400 3207 4458 δὲ
3261 4406 3404 4478 αὖτῷ
3470 4419 3488 4435 ⁸
3545 4405 3604 4461 Εἰ
3653 4395 3823 4456 Μωσέως

2246 4485 2332 4541 καὶ
2387 4492 2493 4543 τῶν
2549 4495 2856 4548 ποοωητῶν
2892 4494 2942 4547 o-’
3047 4491 3114 4548 ἆκ
3157 4491 3170 4514 ’
3430 4490 3506 4515 ”“
3556 4491 3638 4548 ἐάν
3680 4508 3745 4523 ν
3786 4482 3799 4535 ἕ

2928 4513 2987 4548 ne
3117 4512 3345 4548 ουουσιν-
3394 4508 3514 4548 mea
3690 4510 3741 4548 ιι..

2592 4495 2856 4569 ροφητῶν
2892 4494 2987 4549 οὒκ
3047 4491 3345 4574 ἀκούουσιν,
3394 4491 3514 4552 οὒόὲ
3556 4491 3638 4552 ἐάν
3680 4508 3745 4549 τις
3786 4491 3823 4535 ἐκ

523 4585 670 4656 tum,
706 4578 850 4641 etin
878 4579 1061 4659 gloria
1106 4588 1164 4643 et
1209 4569 1457 4646 sanitate
1506 4584 1608 4665 qui
1637 4602 1771 4645 eum
1800 4583 2068 4646 viderant
2096 4582 2159 4644 in

2259 4580 2438 4653 νεκρῶν
2506 4575 2727 4655 ἀναστῇ,
2801 4580 3197 4649 πεισθήσονται,
3278 4603 3304 4639 n
3329 4569 3340 4574 ’
3366 4578 3619 4654 Βλέπετε,
3667 4569 3822 4648 ἀδελφέ

526 4667 826 4733 dedecore
848 4679 906 4733 et
932 4669 1308 4750 inﬁrmatate,
1343 4680 1400 4735 et
1428 4661 1543 4753 qui
1578 4674 1708 4753 ejus
1736 4672 1953 4756 inopiae
1980 4681 2158 4736 testes

2259 4685 2362 4744 ιου,
2421 4670 2536 4729 πῶς
2587 4665 2687 4722 ὕπὸ
2743 4671 2843 4734 τῆς
2895 4666 3165 4732 κολάσεως
3218 4669 3292 4732 εἷς
3346 4670 3671 4736 συναίσθησιν
3711 4661 3820 4730 ἦλθεν

606 4856 733 4939 (89)
752 4880 780 4915 α
808 4856 1096 4918 Κωλύουσα
1126 4856 1353 4918 ἐκεῖνον.
1381 4881 1409 4915 ι)
1442 4858 1645 4922 Malim
1666 4858 1765 4922 hic
1785 4860 2060 4925 omittere
2077 4864 2164 4920 καὶ

521 4936 817 5015 κωλύουσα,
892 4946 949 5023 et
1023 4958 1128 5020 pro
1186 4939 1389 5023 ἐκεζνον
1448 4939 1651 5023 legere
1697 4944 1923 5023 ἐκεῖνου.
1983 4943 2165 5023 Magis

520 5025 682 5101 certe
715 5017 1120 5101 perspicuum,
1148 5017 1305 5101 quod
1352 5017 1567 5101 legitur
1594 5021 1655 5081 in
1686 5023 1817 5084 eod.
1845 5022 1914 5084 B.
1939 5017 2104 5082 τοῦτᾶ
2108 5023 2163 5080 δὲ

517 5099 607 5154 καὶ
636 5099 899 5183 ὁ-πρῶτος
928 5108 1018 5158 τοῦ
1048 5099 1183 5158 Θεοῦ
1225 5099 1385 5176 νόμος
1433 5100 1772 5183 ἐμαρτύρεται
1826 5102 1935 5182 (sic
1968 5125 1982 5167 ε
2034 5104 2164 5183 lege

519 5185 619 5263 aut
675 5180 1031 5263 ξμςπιρτύρείτο,Δ
1084 5187 1183 5243 aut
1240 5180 1657 5263 μεμαρτύρηται)
1723 5185 1750 5238 ὁ
1806 5180 1912 5239 άπὸ
1967 5180 2164 5249 παντὶς

518 5258 645 5343 μὴν-
683 5258 972 5343 ξύλουξτοῦ
997 5258 1070 5343 ίέν
1116 5268 1203 5343 ¹τῷ
1255 5258 1551 5343 παραδείσῳ
1600 5258 1790 5342 φαγεῖν
1847 5263 2160 5343 ἐπιτρέπων,

521 5284 625 5335 μην
683 5284 830 5326 ςυΛου
880 5284 972 5320 του
1016 5284 1070 5317 εν
1125 5284 1203 5338 τῳ
1255 5284 1328 5317 πα
1364 5284 1379 5317 ε

521 5338 784 5419 ᾇπείργων
818 5339 873 5397 δὲ
903 5340 1120 5417 ἐκείνου,
1152 5363 1208 5401 κ.
1242 5362 1291 5400 τ.

548 5361 642 5395 επει
676 5362 784 5419 γων
818 5361 873 5397 οε
903 5361 1120 5417 εκεινου,
1152 5363 1208 5401 κ.
1242 5362 1291 5400 τ.
1326 5361 1379 5404 Λ,

548 5414 551 5421 ’
775 5444 799 5476 ¢
940 5422 1162 5506 χείρονι
1187 5438 1219 5481 >
1246 5419 1494 5506 dezB.
1514 5427 1605 5506 τού
1622 5422 1856 5502 χείρους,
1879 5424 2035 5506 quod
2056 5442 2168 5504 per

528 5498 1265 5589 consuetudinem'linguae
1285 5498 1684 5589 feiﬂ'ciuidem
1701 5498 1916 5589 potest,
1937 5498 2165 5589 perspi-

527 5579 803 5644 cuitatem
832 5587 1030 5647 tamen
1057 5579 1359 5663 paululum
1380 5579 1600 5645 turbat.
1632 5579 1862 5663 ’Ailt-ﬁic
1888 5579 2023 5650 cum
2051 5579 2162 5649 d'a-

2245 4860 2376 4946 tivo
2397 4859 2557 4940 apud
2584 4859 2932 4946 Alciphron.
2965 4861 3095 4925 Lib.
3123 4879 3191 4940 Il,
3222 4862 3335 4945 Ep.
3365 4862 3469 4929 IV.
3501 4854 3558 4946 pi.
3588 4860 3714 4926 262.

2326 4942 2443 5016 (9])
2483 4964 2511 4996 α
2546 4944 2634 5004 Εἷς
2661 4942 2759 5008 τὴν
2788 4942 2980 5003 ἀίδιον.
3001 4963 3048 5016 Δ(
3084 4946 3236 5015 Ζωήν
3269 4942 3285 4976 ⁵

2325 5010 2452 5102 (9a)
2492 5042 2517 5077 «
2555 5019 2640 5078 Ἐν
2670 5024 2750 5102 ᾧ,
2772 5045 2800 5076 »
2834 5010 3019 5102 Χρόνῳ
3046 5023 3081 5091 ἢ
3110 5010 3228 5101 βίῳ,

2493 5124 2521 5156 α
2549 5092 2930 5191 Λιεγομενουὶξ)
2966 5092 3064 5165 Sic
3085 5092 3222 5191 dedi
3246 5123 3321 5168 ex
3334 5105 3471 5170 cod.
3492 5105 3562 5170 Β.
3580 5102 3711 5168 Nam
3727 5092 3815 5162 cod-

2245 5181 2319 5242 A.
2341 5179 2554 5261 vitiose
2585 5179 2838 5243 habebat
2863 5180 3090 5261 λέγομεν
3119 5185 3202 5247 οὺ.

2494 5259 2896 5341 Ἀνεπίσκοπος.
2933 5259 2956 5321 ιι
3019 5262 3426 5331 Ἀνεπίσκεπτος
3478 5265 3547 5330 Β,
3581 5262 3815 5324 Ἀνεπίσκο-

2243 5338 2552 5429 ποςήῆὶξᾷὺοι
2578 5338 2821 5429 δκῐθεοΐ.
2854 5344 2994 5406 Naz.
3027 5361 3087 5423 ρ.
3122 5344 3309 5429 179._
3383 5427 3429 5429 _
3740 5417 3751 5429 .

2349 5420 2443 5499 95)
2482 5441 2506 5478 α
2540 5426 2703 5479 Τοῦτο
2725 5430 2871 5502 γοῦν.
2907 5446 2936 5481 ι
2958 5420 3134 5502 ΔΤόῦτο
3164 5426 3253 5486 οὖν
3277 5426 3347 5490 Β,
3379 5427 3516 5493 Mox
3552 5420 3813 5502 correxit!

2242 5488 2453 5563 eodem
2484 5502 2626 5580 παρὰ
2668 5488 2759 5561 τὸν
2804 5504 2937 5583 βίον,
2958 5488 3093 5584 αεριό
3138 5508 3294 5586 ’παρὰ
3452 5488 3744 5587 B'tw,quod
3773 5494 3810 5554 in

2242 5580 2378 5644 cod.
2407 5579 2479 5643 A.
2512 5579 2747 5660 legitur.

2359 5622 2378 5643 ο
2407 5600 2479 5643 A.
2512 5600 2747 5648 ιειζιιυτ.
