4008 6114
232 266 411 367 1233,
1717 266 2147 364 οιιΑζΠοΝΕδ
3472 259 3624 327 1234

225 404 258 459 6
308 402 590 478 πλούσιος,
640 405 730 460 καὶ
782 405 811 460 6
864 411 957 462 τοῦ
1004 402 1242 481 Λαζάρου
1288 403 1406 481 πρὶν
1456 406 1795 481 καταφρονῶν
1838 398 1887 455 ἐν

1972 398 2223 473 fuerant,
2255 396 2298 458 ii
2327 404 2387 459 et
2414 397 2619 475 gloriae
2648 401 3012 477 spectatores
3054 396 3220 458 fiant.
3254 395 3408 469 Quid
3437 374 3624 475 igitur

231 499 315 567 τῷ
381 490 583 551 πυλῶνι
659 494 820 549 αὐτοῦ
884 488 1129 565 κειμένου
1180 489 1283 545 καὶ
1364 487 1744 565 λιμώττοντας,
1804 496 1887 549 νῦν

1972 485 2339 549 Abraham?«
2362 486 2597 549 Habent
2613 489 2874 565 Moysem
2894 491 2951 545 et
2968 484 3618 564 prophetas;-Moysem

236 579 432 660 ἐτέρων
506 579 746 638 ἀπόντων
817 579 1073 659 φροντίζει
1142 579 1231 635 καὶ
1298 576 1600 657 παρακαλεῖ
1652 580 1893 657 πεμφθῆ-

237 691 326 725 ναι
373 671 462 726 τὸν
517 669 753 749 Λάζαρον
811 668 871 725 ἐκ
920 673 1024 724 τῶν
1083 673 1277 745 νεκρῶν
1333 669 1406 730 εἷς
1460 667 1551 723 τὸν
1598 667 1753 724 οἶκον
1799 674 1892 724 τοῦ

235 759 439 837 πατρὸς
496 760 675 819 αὐτοῦ.
750 758 849 815 Καὶ
924 759 1028 835 οὐχ
1095 754 1278 818 ἁπλῶς
1347 754 1438 812 ἕνα
1506 761 1613 813 τῶν
1668 760 1888 834 νεκρῶν,

238 844 382 902 ἀλλά
446 846 539 902 τὸν
605 845 862 924 Λάζαρον,
936 842 1082 907 ὅπως
1154 841 1217 898 ἂν
1286 841 1471 900 ἴδωσιν
1541 844 1696 903 αὐτὸν
1764 863 1892 898 στε-

236 933 545 1016 φανωθέντα
593 934 682 989 καὶ
734 933 789 989 ἐν
837 930 961 1008 δόξῃ
1010 932 1099 988 καὶ
1149 932 1319 1010 ὑγεία,
1380 933 1427 988 οἱ
1481 928 1678 994 ἰδόντες
1733 932 1889 988 αὺτὸν

237 1022 300 1080 ἐν
351 1022 534 1098 ἀτιμίᾳ
579 1022 669 1079 καὶ
720 1020 1002 1100 ἀρῤωστίᾳ,
1051 1021 1140 1076 καὶ
1185 1022 1233 1076 οἱ
1284 1025 1382 1087 τῆς
1428 1020 1610 1084 πενίας
1659 1020 1889 1098 γενόμε-

239 1135 327 1170 νοι
373 1111 653 1190 μάρτυρες,
709 1111 850 1170 οὗτοὶ
897 1110 1143 1190 καὶατῆς
1187 1106 1340 1176 δόξης
1386 1107 1642 1187 γένωνται
1688 1109 1888 1170 θεαταί,

237 1202 307 1259 Τί
345 1173 462 1258 σι’ὶνΙ
488 1201 517 1255 6
545 1173 809 1279 ’Ἀδραάμ
842 1217 858 1278 ς
911 1220 939 1252 α
997 1173 1216 1278 ’,Εχουσι
1490 1198 1577 1254 καὶ
1604 1198 1725 1261 τοὺς
1756 1218 1892 1276 προ-

1974 586 2034 638 et
2064 576 2384 656 prophetas
2414 575 2621 637 dicens
2650 571 2905 637 Mosaica
2935 570 2993 633 et
3022 572 3365 653 prophetica
3396 572 3619 653 scripta

1976 674 2035 727 et
2059 665 2352 743 dogmata.
2385 668 2523 729 Non
2555 671 2800 743 tantum,
2826 660 3041 742 inquit,
3077 669 3162 737 tu,
3195 661 3381 736 dives,
3406 661 3622 723 fratres

1974 761 2109 814 tuos
2160 771 2352 833 curas,
2412 761 2695 834 quantum
2745 751 2846 832 qui
2890 750 3033 812 fecit
3076 768 3178 811 eos
3224 749 3402 812 Deus.
3452 749 3620 812 Mille

1974 840 2133 903 enim
2154 839 2408 902 instituit
2428 840 2546 901 illis
2569 836 2900 918 magistros.
2931 836 3105 899 Dives
3125 846 3325 898 autem
3354 855 3369 895 :
3404 857 3428 892 ιι
3465 834 3621 911 Non,

1975 937 2140 1010 pater
2161 928 2486 1004 Abraham,
2521 954 2549 986 »
2603 928 2769 991 dicit.
2822 926 2968 989 Cum
3024 925 3183 987 enim
3213 924 3345 1006 ipse
3373 922 3624 986 audiens

1974 1017 2316 1099 Scripturas
2346 1018 2576 1081 diffisus
2631 1024 2792 1079 esset
2838 1023 2898 1077 et
2945 1014 3168 1077 fabulas
3217 1032 3350 1076 esse
3374 1032 3444 1076 ea
3493 1032 3625 1094 quae

1974 1107 2251 1169 dicebant
2275 1107 2656 1184 credidisset,
2682 1104 2912 1167 similes
2942 1102 3057 1164 sibi
3086 1120 3218 1164 esse
3242 1102 3459 1165 fratres
3481 1119 3624 1163 suos

1974 1196 2220 1277 putavit,
2255 1204 2313 1258 et
2359 1214 2428 1257 ex
2480 1196 2677 1277 seipso
2724 1194 3025 1275 judicans,
3077 1190 3314 1253 dicebat
3340 1209 3443 1252 eos
3501 1208 3623 1252 non

236 1291 440 1371 φήτας.
478 1311 507 1345 ι
559 1278 753 1345 Μωσέα
970 1287 1058 1343 καὶ
1100 1287 1222 1350 τοὺς
1264 1285 1526 1366 προφέτας
1580 1284 1775 1365 λέγων,
1821 1284 1887 1341 τὰ

1972 1284 2279 1346 audituros
2308 1303 2439 1347 esse
2470 1284 2830 1365 Scripturas,
2868 1279 3368 1371 quemadmodum
3401 1286 3460 1340 et
3488 1278 3620 1371 ipse

239 1368 500 1455 μωσαϊκὰ
546 1378 635 1434 καὶ
675 1375 981 1456 προφητικὰ
1007 1375 1391 1454 συγγράμματα
1436 1375 1524 1431 καὶ
1569 1371 1882 1452 διδάγματα.

1972 1390 2087 1438 non
2103 1374 2371 1436 audierat
2397 1395 2411 1453 ;
2444 1396 2466 1432 ιι
2489 1373 2607 1437 Sed
2633 1372 2825 1454 siquis
2838 1389 2905 1434 ex
2925 1369 3173 1433 mortuis
3194 1368 3617 1449 resurrexerit,

240 1470 356 1525 Οὐκ
407 1466 565 1542 οὕτω,
628 1465 758 1544 φησὶ
813 1463 961 1542 (97),
1021 1463 1104 1539 σὺ,
1165 1462 1409 1545 πλούσιε,
1457 1464 1742 1543 φροντίζεις
1788 1468 1894 1521 τῶν
1979 1462 2249 1528 credent.
2286 1488 2312 1522 ι
2913 1543 2922 1545 _
3180 1467 3195 1479 ’

238 1553 518 1635 ἀδελφῶν,
574 1543 651 1618 ὡς
692 1555 721 1610 6
768 1553 997 1623 ποιήσας
1048 1551 1233 1615 αὐτοὺς
1288 1543 1420 1615 Θεός
1480 1570 1497 1587 ’
1550 1551 1758 1632 μυρίους
1814 1552 1915 1631 γὰρ
1947 1550 2234 1620 ἐπέστησεν
2275 1557 2459 1617 αὒτοϊς
2498 1551 2859 1618 διδασκάλους.
2910 1543 2968 1609 Ὀ
3015 1548 3069 1607 δὲ
3110 1548 3386 1624 πλούσιος,
3425 1568 3450 1606 ι
3486 1550 3621 1627 Οὐχὶ
3676 1572 3683 1579 ο

237 1643 411 1724 πάτερ
461 1639 718 1721 Ἀϐραὰμ,
769 1639 938 1720 λέγει.
987 1658 1019 1700 ι
1072 1637 1289 1707 Ἐπειδὴ
1332 1640 1432 1719 γὰρ
1477 1641 1633 1704 αὐτὸς
1684 1639 1887 1696 ἀκούων
1924 1645 2031 1696 τῶν
2080 1647 2297 1721 Γραφῶν
2342 1644 2575 1716 ἠπίστει,
2631 1643 2818 1717 μύθους
2886 1641 3029 1698 εἶναι
3086 1639 3293 1716 ἐνόμιζε
3343 1639 3409 1695 τὰ
3455 1636 3619 1715 λεγό-

242 1754 406 1808 μενα,
454 1732 651 1808 ὁμοίως
707 1728 856 1811 ἔχειν
898 1730 987 1786 καὶ
1041 1729 1162 1793 τοὺς
1210 1726 1464 1808 ἀδελφοὺς
1519 1725 1904 1803 ὑπελάμϐανεν,
1968 1731 2057 1785 καὶ
2126 1727 2215 1809 ἀφ’
2286 1731 2471 1789 ἑαυτοῦ
2535 1731 2722 1809 κρίνων
2796 1728 3007 1808 ἔλεγεν,
3090 1728 3171 1784 ὅτι
3229 1730 3323 1787 οὒκ
3373 1726 3618 1784 ἀκούουσι

236 1827 351 1878 τῶν
379 1825 620 1900 Γραφῶν,
672 1818 850 1899 ὥσπερ
899 1818 990 1876 οὖν
1030 1816 1146 1878 οὐδὲ
1194 1818 1349 1883 αὐτός
1394 1835 1411 1853 ⁸
1449 1836 1479 1878 (
1509 1814 1659 1874 Ἀλλ’
1686 1817 1775 1873 ἐάν
1804 1839 1884 1880 τις
1909 1817 1970 1873 ἐκ
1999 1824 2192 1897 νεκρῶν
2223 1818 2447 1896 ἀναστῇ,
2479 1820 2863 1879 πιστεύσουσιν.
2903 1842 2928 1874 υ

327 1918 562 1968 Τοιοῦτοι
590 1909 679 1965 καὶ
707 1918 795 1968 νῦν
842 1910 992 1984 εἰσιν,
1037 1909 1094 1966 οἳ
1137 1906 1349 1987 λέγουσι
1400 1921 1414 1938 ⁶
1468 1907 1556 1971 Τίς
1586 1903 1698 1963 εἶδε
1722 1906 1789 1962 τὰ
1829 1906 1883 1962 ἐν

2046 1905 2272 1991 Revera
2300 1914 2358 1968 et
2401 1925 2560 1968 nunc
2598 1914 2737 1967 sunt
2766 1906 2869 1988 qui
2898 1906 3141 1969 dicant:
3193 1902 3339 1977 Quis
3363 1901 3512 1991 vidit
3540 1918 3613 1966 ea

242 1996 398 2072 ᾅδου,
464 1998 543 2061 τίς
612 1995 815 2055 ἐκεῖθεν
879 1996 1043 2055 ἐλθὼν
1112 1993 1436 2076 ἀπήγγειλεν
1493 1997 1672 2076 ἡμϊνς
1724 1992 1887 2052 Ἀλλὰ

1973 2014 2102 2077 quae
2124 1995 2336 2057 suntin
2356 1996 2631 2059 inferno?
2648 1994 2792 2069 Quis
2816 1996 2956 2058 inde
2978 1995 3220 2059 rediens
3241 1990 3614 2055 annuntiavit

239 2086 617 2146 ἀκουσάτωσαν
660 2095 754 2145 τοῦ
792 2082 1032 2165 Ἀϐραάμ
1083 2103 1099 2119 °
1151 2084 1232 2141 ὅτι
1280 2086 1324 2141 εἰ
1374 2091 1478 2141 τῶν
1530 2084 1749 2164 Γραφῶν
1795 2087 1887 2142 οὒκ

1973 2085 2201 2147 nobis?
2249 2086 2369 2147 Sed
2425 2085 2666 2148 audiant
2708 2085 3151 2148 Abrahamum:
3215 2082 3267 2145 si
3312 2082 3614 2162 Sripturas

240 2174 532 2251 ἀκούομεν,
564 2172 680 2233 οὐδὲ
725 2187 846 2238 τοῖς
894 2173 954 2231 ἐκ
1002 2171 1125 2246 ᾆδου
1172 2172 1486 2253 ἐρχομένοις
1513 2173 1886 2253 πιστεύσομεν,

1972 2193 2089 2235 nov
2116 2174 2446 2252 audiamus,
2479 2195 2671 2256 neque
2704 2194 2773 2237 ex
2802 2175 3035 2237 inferno
3064 2171 3440 2236 venientibus
3471 2188 3610 2232 cre-

243 2264 351 2322 Καὶ
402 2273 557 2322 τοῦτο
602 2260 874 2333 ἐδήλωσαν
933 2265 981 2320 οἱ
1014 2260 1283 2337 Ἰουδαῖοι,
1346 2261 1541 2325 οἵτινες
1592 2260 1705 2317 ἐπεὶ
1762 2260 1884 2341 (98)

1972 2261 2203 2325 demus.
2223 2263 2346 2326 Hoc
2373 2272 2431 2326 et
2454 2263 3041 2327 ostenderuntJudmi
3063 2280 3321 2345 quoque,
3341 2260 3445 2342 qui
3473 2278 3609 2322 cum

239 2358 355 2409 τῶν
410 2358 628 2432 Γραφῶν
679 2355 774 2411 οὐκ
819 2349 1034 2425 ἤκουον,
1092 2348 1207 2410 οὐδὲ
1252 2350 1465 2429 νεκροὺς
1510 2347 1707 2414 ἰδόντες
1753 2349 1887 2406 ἀνα-

1972 2352 2271 2432 Sripturas
2313 2372 2434 2414 non
2464 2353 2849 2428 audivissent,
2881 2370 3075 2433 neque
3107 2359 3416 2430 postquam
3442 2365 3609 2410 mor-

243 2440 474 2504 στάντας
541 2439 869 2515 ἐπίστευσαν,
943 2437 1081 2496 ἀλλὰ
1159 2439 1247 2496 καὶ
1310 2439 1399 2495 τὸν
1469 2438 1706 2517 Λάζαρον
1771 2438 1887 2495 ἀνε-

1972 2446 2104 2502 tuos
2135 2450 2515 2520 resurgentes
2535 2441 2763 2519 videre,
2788 2441 3192 2521 crediderunt,
3216 2439 3322 2501 sed
3341 2446 3399 2499 et
3426 2438 3609 2499 Laza-

241 2528 368 2585 λεϊν
396 2528 701 2609 ἐπεχείρουν
751 2528 898 2609 (99),
949 2530 1038 2586 καὶ
1087 2527 1143 2585 ἐν
1190 2534 1269 2603 τῷ
1319 2534 1525 2607 σταυρῷ
1551 2525 1766 2585 πολλῶν
1794 2548 1886 2583 νε-

1972 2547 2101 2589 rum
2132 2528 2473 2592 interﬁcere
2502 2530 2693 2592 conati
2721 2538 2879 2606 sunt,
2905 2537 2965 2592 et
3011 2527 3275 2611 quamvis
3316 2527 3380 2588 in
3409 2525 3608 2588 cruci-

240 2623 391 2697 κρῶν
460 2618 818 2698 ἀναστάντων,
887 2616 1032 2682 ὅπως
1089 2629 1207 2682 τοῖς
1264 2614 1582 2679 ἀποστόλοις
1632 2616 1887 2673 ἐπετίθεν-

1972 2617 2185 2681 ﬁxione
2206 2618 2371 2679 multi
2402 2618 2618 2681 mortui
2632 2619 3088 2697 resurrexerint,
3105 2625 3301 2679 tamen
3313 2614 3611 2698 apostolos

241 2729 312 2762 το
360 2705 434 2781 (1)
493 2707 865 2787 φονικώτερον.
926 2708 984 2763 Εἰ
1038 2702 1093 2760 δὲ
1147 2703 1339 2785 ὠφέλει
1381 2707 1525 2781 ἡμᾶς
1548 2706 1641 2769 -εἷς
1688 2705 1884 2778 πίστιν,

1972 2707 2265 2786 persecuti
2294 2715 2431 2769 sunt
2478 2707 2655 2769 caedis
2700 2706 2991 2770 avidiores
3038 2705 3200 2768 facti.
3251 2704 3326 2767 Et
3382 2705 3433 2765 si
3463 2704 3607 2785 quid

244 2796 338 2851 καὶ
366 2803 520 2853 τοῦτο
562 2794 727 2851 ἐποίει
776 2793 839 2851 ἂν
886 2794 1140 2874 συχνάκις
1188 2795 1216 2850 6
1263 2793 1477 2872 Κύριος,
1526 2801 1614 2852 νῦν
1660 2789 1715 2848 δὲ
1745 2791 1887 2853 οὐδὲν

1972 2814 2081 2857 nos
2108 2795 2177 2857 ad
2179 2797 2413 2875 juvaret
2438 2796 2586 2859 illud
2628 2797 2701 2858 ad
2732 2798 2936 2873 ﬁnem,
2970 2796 3194 2858 faceret
3223 2813 3382 2876 saepe
3408 2791 3607 2861 Domi-

241 2882 417 2946 οῧτως
487 2881 710 2964 ὠφελεῖ,
780 2884 853 2945 ὡς
905 2883 942 2951 ἡ
997 2888 1102 2939 τῶν
1160 2887 1379 2962 Γραφῶν
1434 2879 1654 2961 ἀκριϐὴς
1711 2880 1887 2962 ἔρευνα

1972 2903 2104 2947 nus.
2137 2884 2306 2947 Nunc
2335 2893 2533 2948 autem
2563 2885 2712 2948 nihil
2736 2886 2816 2947 ita
2843 2904 2951 2947 nos
2983 2886 3239 2965 adjuvat,
3272 2891 3340 2947 ut
3365 2883 3605 2960 Sriptu-

246 2972 343 3027 καὶ
400 2969 651 3036 ἐξέτασις.
725 2972 954 3050 Νεκροὺς
1023 2968 1079 3027 δὲ
1147 2970 1360 3042 ἀνιστᾷν
1415 2970 1693 3048 ἐσοφίσατο
1743 2968 1806 3025 ἂν
1862 2972 1887 3026 6

1972 2992 2166 3036 rarum
2198 2983 2475 3038 accurata
2502 2974 2872 3054 investigatio
2920 2981 2980 3037 et
3009 2972 3425 3055 perscrutatio.
3460 2974 3610 3031 Mor-

242 3056 514 3139 διάὸολος,
570 3061 660 3117 καὶ
710 3057 794 3115 διὰ
837 3059 1035 3116 τούτων
1096 3058 1391 3126 ἐπλάνησεν
1439 3057 1501 3114 ἂν
1546 3059 1667 3122 τοὺς
1720 3058 1887 3128 ἀνοή-

1974 3068 2103 3124 tuos
2134 3063 2419 3127 suscitare
2450 3064 2701 3126 subdole
2745 3070 2992 3126 conatus
3039 3070 3199 3126 esset
3224 3070 3283 3131 et
3311 3060 3605 3134 diabolus,

240 3169 392 3221 τους,
452 3148 572 3227 περὶ
623 3153 730 3205 τῶν
779 3147 834 3204 ἐν
889 3146 1013 3220 ᾆδου
1090 3146 1327 3225 δόγματα
1383 3144 1499 3212 ἄξια
1551 3150 1650 3213 τῆς
1699 3147 1887 3210 οἰκείας

1972 3169 2039 3213 ac
2073 3170 2181 3229 per
2208 3171 2311 3214 eos
2343 3153 2583 3217 insanos
2604 3154 2664 3215 in
2688 3171 2955 3216 errorem
2980 3154 3274 3233 traxisset,
3292 3152 3367 3214 de
3389 3150 3462 3219 iis
3478 3166 3610 3249 quae

241 3238 613 3315 κατασπείρων
666 3238 876 3301 κακίας.
953 3242 1069 3295 Τῶν
1140 3234 1195 3292 δὲ
1251 3240 1471 3315 Γραφῶν
1523 3236 1685 3313 ὑγιῶς
1738 3234 1887 3314 ἐρευ-

1972 3240 2031 3301 in
2062 3240 2294 3303 inferno
2325 3249 2461 3304 sunt
2490 3241 2712 3304 malitia
2759 3260 2866 3305 sua
2916 3240 3094 3321 digna
3122 3241 3395 3319 dogmata
3422 3238 3609 3301 semi-

240 3323 521 3399 νωμένων,
582 3323 728 3384 οὐδὲν
796 3326 969 3405 ἰσχύει
1035 3333 1269 3384 τοιοῦτον
1340 3324 1669 3404 σοφίσασθαι.
1726 3326 1887 3380 Αὒται

1972 3348 2141 3391 nans.
2168 3332 2228 3394 Si
2251 3339 2448 3392 autem
2471 3331 2796 3411 Scripturae
2815 3338 2976 3393 recte
2999 3332 3432 3407 examinentur,
3457 3324 3608 3387 nihil

244 3413 351 3492 γάρ
420 3415 517 3469 εἰσι
582 3412 778 3494 λύχνος
858 3415 946 3473 καὶ
1015 3420 1151 3494 φῶς,
1223 3414 1311 3469 καὶ
1378 3412 1563 3469 τούτου
1618 3414 1887 3491 φαίνοντος

1973 3418 2312 3497 hujusmodi
2345 3418 2594 3482 subdole
2638 3426 2866 3481 tentare
2915 3419 3088 3481 valet.
3134 3418 3255 3480 Illae
3283 3416 3443 3479 enim
3472 3422 3610 3478 sunt

239 3504 274 3558 6
345 3498 579 3588 κλέπτης
642 3501 727 3580 (2)
794 3503 1028 3583 φαίνεται
1098 3503 1186 3559 καὶ
1253 3502 1559 3581 εὑρίσκεται.
1632 3500 1887 3578 Φύγωμεν

1974 3507 2063 3568 fax
2098 3514 2152 3568 et
2182 3507 2404 3583 lumen,
2428 3527 2542 3587 quo
2564 3518 2888 3588 apparente
2909 3513 3154 3587 apparet
3174 3506 3268 3567 fur
3297 3511 3356 3568 et
3383 3504 3609 3581 detegi-

236 3589 356 3664 οὖν,
388 3587 598 3669 ἀδελφοί
645 3612 767 3666 μου,
818 3599 911 3650 τοῦ
956 3589 1207 3650 πλουσίου
1250 3590 1349 3658 τὴν
1393 3590 1639 3665 μίμησιν,
1672 3591 1760 3646 καὶ
1785 3589 1885 3657 τὴν

233 3678 439 3737 ἐκείνου
506 3678 877 3757 ἀπανθρωπίαν
961 3681 1272 3755 μισήσωμεν
1344 3695 1360 3711 ⁸

1969 3603 2082 3656 tur.
2160 3595 2475 3674 Fugiamns
2543 3596 2741 3674 igitur,
2826 3595 3065 3669 fratres,
3152 3594 3347 3655 divitis
3427 3593 3607 3673 hujus

1434 3676 1695 3753 ζηλώσωρ
1705 3697 1759 3734 εν
1828 3673 1884 3733 δὲ

1972 3673 2323 3763 exemplum,
2350 3692 2408 3745 et
2429 3684 2558 3763 ejus
2577 3673 3070 3746 inhumanitatem
3096 3682 3231 3745 odio
3256 3682 3601 3745 habeamus.

237 3765 344 3833 τὴν
421 3774 515 3826 τοῦ
579 3768 817 3847 Λαζάρου
885 3766 1194 3850 φιλοσοφίαν
1262 3768 1349 3824 καὶ
1415 3766 1711 3846 καρτερίαν.
1784 3764 1881 3821 Διά

1972 3772 2333 3834 Emulemur
2358 3782 2553 3835 autem
2585 3773 2782 3835 Lazari
2812 3772 3248 3855 philosophiam
3272 3779 3332 3833 et
3366 3772 3603 3852 patien-

240 3854 347 3933 γὰρ
399 3864 552 3914 τοῦτο
605 3865 769 3914 ταῦτα
822 3860 1151 3937 προείρηται,
1206 3855 1300 3912 ἵνα
1356 3855 1433 3931 μὴ
1501 3854 1568 3910 τὰ
1621 3853 1752 3913 αὐτὰ
1805 3859 1882 3927 τῷ

1972 3860 2128 3923 tiam.
2164 3859 2246 3921 Ea
2290 3860 2453 3923 enim
2506 3853 2989 3942 praedicta—sunt,
3040 3880 3116 3923 ne
3166 3861 3375 3923 eadem
3424 3878 3605 3940 quam

238 3940 477 4016 πλουσίῳ
504 3944 776 4020 πάθωμεν.
840 3947 898 4002 Εἰ
951 3946 1051 4024 γὰρ
1098 3943 1339 4002 ἐϐούλετο
1383 3941 1628 4020 κολάσαι,
1682 3942 1776 3998 οὒκ
1821 3938 1883 3997 ἂν

234 4040 400 4090 τοῦτα
428 4045 684 4111 μροεϊπεν
736 4047 751 4063 ⁸
804 4032 986 4101 ἐπειδὴ
1036 4032 1091 4090 δὲ
1137 4042 1290 4093 τυῦτο
1340 4036 1400 4091 οὗ
1446 4028 1715 4110 βούλεται,
1759 4029 1886 4085 τού-

236 4139 335 4177 του
385 4121 542 4200 χάριν
588 4119 862 4200 προλέγει,
922 4120 1015 4179 ἵνα
1070 4128 1139 4199 τῇ
1174 4120 1455 4202 προρρήσει
1503 4116 1887 4198 σωφρονισθέν-

236 4228 332 4271 τες
400 4208 497 4275 τὴν
567 4206 651 4265 διὰ
720 4219 812 4270 τοῦ
891 4211 1203 4291 πράγματος
1284 4221 1475 4289 πεῖραν
1540 4205 1883 4282 ἐκκλίνωμεν.

237 4294 628 4374 Ἀνανήψωμεν
671 4299 862 4374 τοίνυν,
910 4299 1202 4377 ἀγαπητοὶ,
1251 4300 1339 4355 καὶ
1388 4296 1489 4361 ἕως
1545 4294 1725 4375 καιρός
1774 4294 1883 4352 ἐστι

1968 3948 2133 4010 dives
2164 3950 2473 4029 patiamur.
2536 3952 2601 4012 Si
2650 3952 2811 4013 enim
2858 3951 3032 4012 vallet
3063 3950 3299 4031 punire,
3329 3969 3448 4013 non
3479 3951 3606 4012 hmo

1969 4037 2339 4119 praediceret.
2363 4038 2506 4101 Cum
2538 4047 2734 4101 autem
2765 4040 2826 4101 id
2856 4059 2975 4101 non
2998 4040 3156 4115 velit,
3192 4039 3415 4101 idcirco
3447 4057 3601 4119 pra:-

1970 4124 2137 4200 dicit,
2170 4134 2233 4187 ut
2275 4126 2658 4207 praedictione
2706 4128 2807 4189 illa
2853 4128 3149 4207 sapientes
3196 4129 3355 4203 facti,
3410 4127 3606 4209 ipsum

1972 4214 2443 4295 experimentum
2493 4215 2883 4279 declinemus.
2921 4217 3349 4297 Respiciamus,
3402 4217 3602 4297 igitur,

1971 4303 2325 4382 charissimi,
2360 4313 2418 4366 et
2446 4305 2584 4366 dum
2616 4313 2850 4387 tempus
2871 4317 2962 4368 est
2984 4306 3374 4385 paenitentiae,
3401 4307 3605 4387 culpas

241 4386 545 4475 μετανοίας,
604 4387 698 4451 τὰς
755 4388 1010 4466 ἁμαρτίας
1064 4388 1471 4475 ἀπονιψώμεθα,
1524 4386 1612 4441 καὶ
1659 4383 1738 4458 μὴ
1785 4383 1884 4451 τὴν

1972 4389 2296 4475 abluamus,
2332 4411 2523 4475 neque
2572 4383 2826 4473 patulam
2880 4402 2936 4457 et
2982 4383 3158 4457 latam
3186 4395 3424 4457 malitiae
3450 4383 3601 4457 viam

236 4471 502 4530 πλατεῖαν
556 4477 644 4531 καὶ
685 4476 985 4556 εὐρύχωρον
1030 4480 1129 4543 τῆς
1182 4477 1367 4539 κακίας
1421 4471 1560 4553 ὁδὸν,
1612 4477 1711 4538 τῆς
1767 4492 1884 4527 στε-

1972 4488 2230 4568 augustae
2260 4471 2317 4542 et
2362 4471 2538 4544 arcta;
2575 4471 2869 4545 _virtutum
2921 4483 3028 4545 viae
3077 4485 3482 4563 prmferamus.
3541 4486 3605 4548 Si

235 4566 338 4629 τῆς
410 4563 498 4619 καὶ
564 4561 916 4639 τεθλιμμένης
1003 4570 1109 4620 τῶν
1176 4564 1373 4644 ἀρετῶν
1443 4562 1879 4643 προτιμήσωμεν.

1972 4567 2131 4628 enim
2163 4578 2221 4630 et
2248 4570 2363 4631 lata
2419 4582 2475 4633 et
2519 4572 2707 4635 facilis
2758 4580 2848 4635 est
2887 4561 3126 4635 malitiae
3152 4573 3263 4651 via,
3296 4575 3604 4637 nihilomi-

238 4652 301 4744 ΕΞ
356 4651 465 4744 γὰρ
483 4652 587 4744 ⁸καὶ
642 4650 874 4709 πλατεῖα
911 4651 991 4732 (3)
1036 4654 1124 4709 καὶ
1167 4652 1409 4744 ἐνειμένη
1451 4652 1488 4721 ἡ
1542 4656 1642 4744 τῆς
1696 4649 1884 4744 κακίας

1972 4674 2078 4717 nus
2107 4656 2169 4718 in
2201 4668 2424 4721 arctum
2453 4661 2635 4723 ﬁnem
2665 4663 2931 4738 vertitur,
2977 4663 3051 4723 ad
3079 4649 3292 4725 animae
3320 4663 3603 4744 perditio-

238 4735 385 4814 ὁδὸς,
416 4736 533 4795 ἀλλ’
581 4741 655 4804 εἷς
704 4743 885 4799 στενὸν
933 4742 1276 4822 καταστρέφει
1316 4739 1493 4816 τέλος,
1545 4738 1631 4796 ἐπὶ
1658 4738 1756 4805 τὴν
1784 4741 1883 4804 τῆς

1972 4761 2104 4805 nem
2134 4746 2359 4811 ducens
2410 4755 2471 4811 et
2520 4751 2593 4813 ad
2644 4735 2924 4814 divinum
2958 4750 3217 4814 tribunal
3266 4735 3599 4815 arcessens.

274 5001 287 5013 .
328 4921 453 5003 (96)
485 4945 526 5016 α.
547 4924 739 5016 Βρωσέα
768 4928 856 4984 καὶ
882 4960 963 4973 -
990 4925 1302 5016 δίδάγματα,
1335 4947 1365 4988 ι
1392 4925 1885 5016 Hacinterpreta-

1972 4926 2082 5016 λεῗν
2114 4935 2171 5016 et
2200 4928 2513 5011 ἐπετίθεντο,
2531 4927 2724 5016 habet
2752 4930 3053 5016 ἐπεπήδων,
3079 4930 3235 5011 quod
3267 4948 3384 4991 non
3410 4929 3608 5016 minus

247 5004 436 5092 tione,
467 5004 527 5065 ni
558 5004 750 5092 fallor,
784 5004 1185 5092 supersedere
1211 5014 1459 5092 poterat.
1484 5088 1517 5092 _
1687 5004 1703 5006 “
1969 5008 2109 5092 huic
2138 5009 2267 5070 loco
2300 5004 2593 5092 convenit,
2631 5028 2807 5092 quam
2861 5004 3173 5088 ἐπετίθεντο,
3226 5017 3401 5091 atque
3428 5009 3604 5072 etiam

326 5083 450 5180 (27).
478 5108 506 5140 α
538 5086 705 5180 Ῥῑλσίς
740 5110 765 5142 '
800 5083 1187 5180 uesanos
1211 5083 1286 5148 δι
1314 5087 1449 5149 οοά·
1482 5088 1549 5150 Β·
1586 5166 1602 5180 .
1650 5168 1663 5180 .
1869 5163 1886 5180 .

1972 5089 2254 5180 majorem
2284 5088 2408 5180 vim.
2431 5090 2630 5152 habet.

324 5163 453 5246 (98)
494 5185 524 5226 ‹
555 5163 727 5249 Ἐπεί.
751 5189 792 5249 -ι
828 5165 925 5249 _Sic
952 5162 1092 5230 dedi
1119 5166 1194 5230 de
1244 5185 1400 5245 meo,
1449 5184 1556 5249 pro
1583 5166 1690 5243 ἐπὶ,
1731 5163 1887 5247 quod

2169 5193 2196 5225 κ
2232 5162 2289 5228 Ὀ
2318 5170 2575 5238 κλέπτης.
2615 5189 2645 5229 )
2677 5169 2974 5242 ’Λπατεὼν,
3006 5172 3283 5249 σοφιστής.

246 5255 500 5332 uterque
534 5246 723 5332 codex
750 5246 949 5332 habet.
1067 5327 1082 5332 _
1240 5326 1251 5332 _
1450 5246 1542 5332 —__
1595 5326 1618 5332 _
1750 5246 1769 5247 ί

1977 5329 2026 5332 __
2054 5248 2130 5324 (3)
2167 5271 2189 5305 α
2230 5252 2287 5308 Εἰ
2313 5253 2411 5332 γαρ
2439 5253 2527 5308 καὶ
2554 5248 2806 5309 πλατεῖα.
2842 5270 2871 5311 )
2891 5252 3006 5332 -Καί
3034 5246 3237 5332 addidi
3268 5269 3337 5313 ex
3368 5250 3500 5315 cod,
3535 5252 3605 5316 Β,

327 5263 382 5308 er
426 5263 500 5307 ue
534 5263 723 5308 εοαθχ
751 5263 949 5309 ηεοθι.

495 5326 1036 5428 ξΛάζαρονΜάνελεϊν
1065 5326 1392 5428 ἐπεχείρουν.
1432 5350 1456 5385 ι
1490 5327 1566 5390 ν.
1588 5326 1758 5390 Joan.
1782 5343 1887 5403 XII,

2054 5263 2130 5324 (ὅ)
2167 5271 2189 5305 α
2230 5263 2287 5308 Et
2313 5263 2411 5332 γὰρ
2439 5263 2527 5308 καὶ
2554 5263 2806 5309 πλατεῖα.
2842 5270 2871 5311 )
2909 5263 3006 5309 Καί
3034 5263 3237 5312 δαιιιαι
3268 5269 3337 5313 ex
3368 5263 3500 5315 COd.
3536 5263 3605 5316 Β.

1972 5329 2106 5391 Mox
2139 5331 2372 5428 correxi
2399 5347 2636 5428 quoque
2684 5348 2755 5428 ea
2798 5330 3007 5428 eodem
3057 5331 3267 5428 ert-1.1M
3293 5337 3605 5428 τῆςᾼαυχῇς

253 5404 350 5491 10,
368 5404 751 5491 ’ἐϐουλεύσαντο
782 5405 837 5463 δὲ
866 5410 933 5482 οἱ,
962 5430 1023 5491 κ,
1053 5432 1106 5472 τ.
1138 5404 1202 5469 λ.-
1254 5404 1262 5406 ὴ
1288 5459 1304 5491 _.
1449 5486 1462 5491 Α
1574 5487 1583 5491 Δ
1790 5487 1815 5491 Α

1972 5404 2593 5491 καταντῶσαᾲάπώλειαν,
2644 5427 2748 5488 pro
2791 5408 3008 5491 quibus
3051 5409 3260 5473 vitiose
3306 5404 3609 5491 legitur'in

327 5486 437 5633 (Ῐέ
454 5509 485 5543 α
517 5483 868 5575 Ἐπετίθεντο.
899 5510 928 5543 ι
952 5487 1053 5549 Sic
1072 5485 1303 5551 correxi
1320 5504 1426 5569 pro
1446 5486 1753 5552 ἐπιτίθεντο,
1774 5487 1887 5552 Co-

327 5587 358 5632 ι
444 5615 458 5631 .
493 5565 736 5629 οωίεειε
763 5565 1065 5633 omnibus.
1098 5584 1232 5633 qua
1274 5567 1553 5633 leguntur
1574 5566 1732 5631 inter
1757 5568 1883 5627 ἆνε-

1972 5489 2101 5551 cod.
2161 5489 2231 5551 A.
2286 5488 2406 5550 Ἐπὶ
2453 5494 2552 5557 τῆς
2602 5483 2786 5571 ψυχῆς
2809 5483 3145 5550 ’καταντῶσα
3193 5495 3266 5557 εἰς
3313 5483 3604 5553 ἀπώλειαν.

246 5565 358 5634 dei
386 5565 458 5633 B.
493 5565 736 5629 omissis
763 5565 1065 5646 omnibus,
1098 5584 1232 5651 qua
1274 5565 1553 5649 leguntur
1574 5566 1732 5631 inter
1757 5568 1883 5627 ἆνε-
