4008 6114
473 325 495 388 1
511 324 627 389 235

1541 330 1598 390 J.
1645 326 2032 391 XIPHILINI
2073 329 2187 392 GP.
2234 325 2750 392 PATRIARCHE

3684 325 3796 392 1236

470 456 688 522 Contra
707 466 901 521 autem
925 459 1206 538 angustiae
1232 459 1462 521 virtutis
1483 459 1543 522 in
1571 466 1734 522 vasta
1760 459 1889 523 loca
1909 461 2103 525 dedu-

2201 467 2374 544 ψυχῆς
2428 469 2740 520 καταντῶσα
2797 462 3087 543 ἀπώλειαν,
3147 464 3236 520 καὶ
3292 466 3435 541 πρὸς
3498 465 3567 520 τὰ
3609 464 3710 519 ἐκεῖ
3749 461 3800 517 δι-

472 555 614 609 cunt
673 555 731 610 et
792 547 1025 623 ﬁniunt,
1092 547 1332 610 multam
1402 556 1535 629 post
1599 549 1725 610 haec
1775 550 2110 630 praebentes

471 636 763 717 requiem.
797 640 887 700 Ne
919 637 1096 715 igitur
1141 637 1248 698 viae
1300 636 1485 698 initiis
1535 637 1920 719 decipiamur.
1955 639 2106 712 Quid

474 725 632 787 enim
649 725 917 798 interest,
933 725 1209 804 agedum,
1230 733 1536 806 postquam
1556 726 1856 806 paululum
1881 735 2108 808 tempo-

471 813 556 875 ris
583 813 674 874 via
725 815 839 874 lata
868 813 1388 889 ambulaverimus,
1421 815 1481 875 in
1513 814 1863 894 perditionis
1896 816 2105 894 praeci-

473 901 679 980 pitium
709 900 977 962 deferri?
1006 901 1172 974 Quod
1195 901 1354 963 enim
1377 903 1671 964 somnium
1700 902 1774 964 ad
1801 904 2102 966 veritatem

475 996 586 1061 est,
617 988 677 1048 id
711 1007 970 1068 praesens
994 990 1110 1051 vita
1137 989 1209 1051 ad
1262 990 1517 1052 futuram
1567 992 1958 1054 mansionem.
1993 993 2108 1053 Sed

473 1075 546 1137 ad
576 1076 882 1158 utriusque
915 1078 1090 1139 tinem
1125 1078 1540 1158 respicientes,
1576 1080 1847 1141 virtutem
1879 1081 2110 1160 ample-

475 1171 726 1228 ctamur.
758 1168 832 1228 Et
865 1166 914 1227 si
944 1169 1314 1248 opportuerit
1353 1176 1596 1248 propter
1622 1184 1752 1230 eam
1775 1169 1835 1228 in
1859 1168 2111 1230 infortu-

474 1253 637 1314 nium
668 1254 971 1336 incedere,
1021 1275 1096 1318 ne
1144 1256 1619 1337 despondeamus
1665 1257 1951 1330 animum,
2003 1257 2107 1320 sed

474 1341 673 1403 omnia
701 1361 989 1421 generose
1019 1344 1298 1418 feramus,
1324 1344 1652 1406 futurorum
1685 1345 1973 1406 bonorum
2006 1363 2110 1424 spe

472 1428 755 1505 roborati,
789 1440 847 1493 et
866 1439 1056 1493 ratum
1080 1431 1366 1494 habentes
1388 1435 1575 1495 Deum
1601 1452 1708 1494 nos
1730 1433 1790 1493 in
1821 1434 2106 1495 tentatio-

472 1535 581 1580 nes
611 1519 877 1582 incidere
920 1520 1055 1582 ideo
1102 1521 1466 1601 permittere,
1521 1531 1585 1583 ut
1630 1522 1727 1583 hic
1760 1522 2026 1583 mundati
2050 1530 2109 1583 et

473 1625 710 1668 omnem
736 1608 1014 1670 malitiam
1037 1609 1406 1688 abjicientes,
1432 1628 1638 1691 puram
1662 1619 1853 1672 etnon
1871 1611 2107 1671 mistam

472 1693 765 1757 bonorum
811 1697 1264 1758 retributionem
1309 1699 1691 1778 accipiamus.
1746 1697 1809 1760 Si
1840 1699 2108 1760 volumus

471 1783 650 1862 igitur
677 1784 837 1846 illam
871 1785 1164 1863 obtinere,
1186 1787 1541 1848 laboriosam
1572 1795 1630 1850 et
1649 1805 1913 1849 severam
1935 1787 2108 1848 vitam

2191 554 2484 631 καιωτήρια
2516 551 2609 630 (4)
2645 551 2870 631 φέρουσα
2923 567 2937 582 ⁶
2991 553 3262 611 τοῦνανιόν
3304 551 3366 608 δὲ
3415 553 3482 609 τὸ
3539 554 3701 609 στενὸν
3728 556 3798 618 τῆς

2189 642 2380 720 ἀρετῆς
2436 643 2510 703 εἰς
2557 643 2879 720 εὒρυχωρίαν
2927 641 3120 718 ἀπάγει
3173 641 3261 697 καὶ
3318 640 3650 718 καταλήγει,
3694 638 3798 696 πολ·

2188 729 2288 797 λὴν
2336 730 2572 809 παρέχον
2622 730 2755 803 μετὰ
2800 739 2964 788 ταῦτα
3011 731 3108 797 τὴν
3166 731 3370 791 ἄνεσιν.
3439 732 3533 797 Μὴ
3587 730 3668 787 οὖν
3715 744 3801 790 τότε

2189 821 2481 898 προοιμίοις
2536 818 2630 896 (5)
2679 819 3056 894 ἀπατηθῶμεν.
3104 826 3267 876 Ποῖον
3311 820 3423 898 γὰρ
3475 818 3681 900 ὄφελος,
3721 821 3804 873 εἰπέ

2194 929 2308 982 μοι,
2380 909 2511 986 πρὸς
2575 906 2751 983 ὀλίγον
2825 907 2924 974 τὴν
2993 909 3290 988 εὐρύχωρον
3369 907 3704 984 βαδίσαντας.
3752 909 3804 969 ei;

2191 995 2428 1073 κρημνὸν
2494 993 2758 1057 ἀπωλείας
2848 1001 3254 1076 κατενεχθῆναι,
3328 995 3612 1074 καὶίόναρ,
3664 1000 3723 1057 ὡς
3760 997 3809 1049 εἷο

2192 1095 2338 1164 πεῖν,
2425 1085 2802 1162 τρυφήσαντες,
2888 1083 3151 1162 ἀπέραντα
3231 1086 3617 1160 βασανίζεσθαι
3698 1081 3806 1160 (ὓπερ

2192 1172 2291 1250 γὰρ
2347 1169 2431 1252 (ὃ)
2487 1169 2611 1250 ὄναρ
2666 1172 2796 1249 πρὸς
2850 1169 3120 1252 ἀλήθειαν,
3189 1182 3343 1230 τοῦτο
3410 1175 3441 1228 ὁ
3502 1173 3678 1250 παρὼν
3727 1172 3808 1245 βίος

2192 1262 2322 1338 πρὸς
2372 1261 2469 1327 τὴν
2517 1258 2810 1336 μέλλουσαν
2861 1258 3177 1341 διαγωγὴν),
3227 1259 3367 1317 ἀλλὰ
3428 1262 3568 1338 πρὸς
3616 1262 3676 1315 τὰ
3714 1258 3809 1323 τέλη

2192 1348 2450 1427 ἑκατέρων
2505 1348 2826 1428 ἀφορῶντες,
2883 1349 2980 1415 τὴν
3051 1349 3240 1429 ἀρετὴν
3297 1351 3694 1427 ἀσπασώμεθα,
3739 1346 3810 1402 κᾶν

2189 1433 2278 1513 δέῃ
2323 1439 2467 1512 ἡμᾶς
2515 1450 2812 1516 συμφοραῖς
2862 1435 2945 1492 διὰ
2989 1437 3186 1504 ταύτην
3235 1452 3589 1516 περιπεσεῖν,
3637 1438 3706 1511 μὴ
3741 1435 3811 1490 ἐκ·

2190 1527 2534 1604 κακήσωμεν,
2605 1524 2741 1581 ἀλλὰ
2808 1531 3058 1604 γενναίως
3114 1526 3322 1582 ἅπαντα
3386 1527 3664 1605 φέρωμεν,
3717 1537 3808 1582 ταῖς

2189 1618 2294 1669 τῶν
2348 1612 2646 1687 μελλόντων
2706 1611 2876 1670 ἐλπίσι
2935 1615 3263 1693 νευρούμενοι
3321 1614 3443 1693 (7),
3506 1616 3598 1670 καὶ
3651 1611 3812 1688 πληρο-

2191 1702 2526 1781 φορούμενοι,
2558 1703 2633 1765 ὡς
2679 1701 2764 1780 (8)
2807 1716 2923 1766 τοῖς
2963 1717 3282 1781 πειρασμοῒς
3327 1705 3484 1777 ἡμᾶς
3536 1703 3808 1758 ὑποπίπτειν

2191 1791 2219 1844 δ
2290 1792 2418 1854 Θεὸς
2489 1803 2786 1870 συγχωρεῖ,
2856 1791 2950 1847 ἵνα
3032 1791 3244 1850 ἐνταῦθα
3322 1792 3700 1870 καθαρθέντες,
3748 1789 3813 1841 καὶ

471 1872 850 1950 inchoemus,
874 1893 986 1938 nec
1004 1893 1157 1955 aegre
1177 1883 1236 1937 et
1257 1875 1634 1956 impatienter
1651 1877 1910 1938 feramus
1941 1877 2104 1940 cala-

2201 1883 2366 1932 πᾶσαν
2433 1868 2629 1934 κακίαν
2682 1868 3068 1959 ἀποϐαλόντες,
3139 1881 3367 1958 καθαρὰν
3445 1883 3541 1936 καὶ
3630 1879 3810 1952 iuncta:

474 1959 711 2023 mitates
741 1970 799 2023 et
831 1963 1121 2039 miserias,
1157 1971 1294 2025 utet
1315 1963 1596 2026 auxilium
1617 1964 1688 2026 ad
1717 1983 1814 2026 eas
1839 1964 2111 2024 ferendas

471 2065 927 2130 consequamur,
965 2060 1023 2113 et
1048 2052 1108 2113 in
1129 2052 1262 2113 sinu
1281 2051 1537 2115 Abrahae
1560 2054 2024 2134 repuiescamus,
2047 2052 2108 2113 in

472 2135 706 2201 Christo
737 2141 873 2202 Jesu
901 2139 1152 2202 Domino
1184 2148 1412 2217 nostro,
1445 2141 1539 2203 cui
1562 2141 1749 2222 gloria
1777 2144 1838 2202 in
1869 2141 2107 2204 saecula.

471 2227 684 2290 Amen.

2192 1966 2292 2032 τὴν
2344 1971 2448 2022 τῶν
2504 1967 2710 2044 ἀγαθῶν
2766 1966 3008 2043 λάϐωμεν
3067 1967 3344 2029 ἀντίδοσιν,
3397 1969 3462 2025 Εἰ
3517 1968 3607 2024 οὗν
3659 1963 3812 2022 διωλό-

2194 2056 2325 2128 μεθα
2385 2058 2580 2121 ταύτης
2641 2055 2939 2136 ἐπιτυχεῖν,
3011 2058 3101 2112 τὸν
3154 2057 3402 2113 ἐπίπονον
3466 2057 3560 2112 καὶ
3619 2053 3812 2130 σκληρὸν

2191 2143 2302 2218 βίον
2351 2142 2612 2219 ἑλώμεθα,
2659 2147 2746 2200 καὶ
2798 2147 2876 2220 μὴ
2928 2144 3447 2220 ἀποδυσπετήσωμεν
3500 2143 3585 2220 (9)
3649 2143 3698 2198 ἐν
3723 2154 3812 2199 τοῖς

2191 2244 2532 2309 πειρασμοῖς,
2594 2233 2667 2294 ὡς
2725 2231 2788 2288 ἂν
2856 2235 2944 2290 καὶ
2999 2237 3096 2302 τὴν
3155 2235 3400 2310 βοήθειαν
3460 2235 3599 2311 πρὸς
3657 2230 3812 2288 αὖτοὺς

471 2313 907 2397 ἐπισπασώμεθα,
981 2320 1067 2375 καὶ
1121 2319 1177 2375 ἐν
1245 2331 1361 2384 τοῖς
1430 2329 1523 2380 τοῦ
1592 2318 1832 2398 Ἀϐραὰμ
1895 2319 2114 2383 κόλποις
2155 2319 2596 2396 ἂναπαυσώμεθα,
2645 2321 2699 2378 ἐν
2755 2329 2964 2401 Χριστῷ
3016 2322 3192 2392 Ἰησοῦ
3240 2329 3318 2396 τῷ
3376 2323 3557 2401 Κυρίω
3611 2321 3753 2393 ἡμῶν
3800 2333 3811 2346 ⁸

471 2405 517 2477 ᾧ
545 2404 578 2472 ἡ
609 2402 729 2471 δόξα
758 2408 831 2469 εἰς
861 2405 982 2470 τοὺς
1013 2408 1228 2470 αἰῶνας.
1265 2405 1459 2482 Ἀμήν,

738 2545 1102 2613 DOMINICA
1133 2546 1434 2612 TERTIA.
1467 2547 1852 2614 MATTIlEl.

658 2651 788 2716 Vox
853 2655 1139 2719 secunda.
1216 2657 1588 2718 Matutinum
1657 2657 1930 2718 tertium.

554 2783 814 2846 Avaritia
844 2786 993 2849 nihil
1023 2795 1111 2849 est
1140 2787 1432 2851 funestius
1478 2787 1745 2870 nihilque
1793 2796 1883 2849 est
1911 2807 2113 2852 amore

477 2870 809 2934 divitiarum
829 2876 1017 2954 pejus.
1047 2875 1266 2938 Domus
1283 2876 1441 2940 enim
1465 2884 1612 2939 totas
1636 2878 1843 2939 evertit
1872 2887 1928 2938 et
1957 2876 2114 2940 bella

479 2977 689 3038 magna
720 2962 1016 3044 excitavit,
1052 2973 1109 3026 et
1140 2964 1318 3026 urbes
1369 2984 1404 3026 a
1451 2965 1848 3027 fundamentis
1878 2968 2108 3048 evertit,

2540 2549 2832 2612 ΚΥΡΙΛΚῌ
2865 2531 2944 2606 Γ’.
2980 2551 3108 2602 ΤΟΥ
3139 2549 3508 2604 mmemor.

2716 2637 2889 2730 Ἠχος
2919 2639 2992 2714 ϐ’,
3027 2651 3238 2707 ἑωθινὸν
3268 2639 3323 2727 γ⁸

2277 2793 2386 2857 Τῆς
2457 2789 2792 2870 φιλαργυρίας
2847 2790 2978 2871 (10)
3051 2790 3194 2850 οὒδέν
3264 2790 3373 2847 ἐστι
3433 2790 3809 2870 χαλεπώτερον,

2194 2878 2281 2934 καὶ
2335 2884 2435 2946 τῆς
2498 2878 2928 2959 φιλοχρηματίας
2985 2877 3130 2938 οὐδὲν
3187 2881 3413 2960 ὑπάρχει
3477 2877 3752 2956 δεινότερον
3799 2892 3809 2904 ·

2197 2965 2376 3029 οἴκους
2443 2968 2542 3046 γὰρ
2611 2967 2933 3047 ὁλοκλήρους
3004 2969 3349 3046 κατέστρεψε,
3421 2969 3513 3024 καὶ
3580 2967 3813 3040 πὸλέμως

480 3049 775 3136 etifratres
805 3051 960 3114 inter
1007 3071 1072 3114 se
1120 3054 1181 3114 in
1231 3054 1495 3115 furorum
1546 3056 1686 3134 egit,
1737 3062 1795 3116 et
1825 3056 2110 3134 patresin

2201 3055 2458 3131 μεγάλους
2518 3056 2723 3123 ἐκίνησε
2783 3055 2927 3136 (Η),
2985 3060 3072 3114 καὶ
3127 3057 3307 3121 πόλεις
3359 3057 3420 3113 ἐκ
3472 3055 3672 3134 ϐάθρων
3712 3053 3811 3108 ἀνέ-

477 3135 627 3198 ﬁlios
649 3137 906 3218 impulit,
932 3147 990 3201 et
1019 3141 1382 3202 lenissimam
1413 3142 1724 3203 hominum
1756 3150 2023 3203 naturam
2049 3144 2110 3205 in

475 3241 688 3287 saevam
719 3227 986 3309 mutavit,
1015 3235 1073 3289 et
1105 3236 1380 3291 sexcenta
1409 3229 1523 3290 alia
1550 3231 1701 3291 mala
1731 3241 1971 3309 operata
2001 3239 2109 3312 est,

474 3313 793 3376 Avaritiam
826 3333 1076 3396 magnus
1105 3317 1324 3380 Paulus
1345 3316 1604 3378 radicem
1637 3319 1899 3379 omnium
1933 3319 2113 3381 malo-

476 3420 631 3480 rum,
666 3410 724 3464 et
753 3404 1076 3466 secundam
1104 3405 1493 3467 idololatriam
1527 3406 1865 3486 appellavit,
1897 3406 2116 3488 quippe

480 3509 613 3572 qua;
671 3493 1012 3556 hominibus
1081 3494 1328 3557 suadeat
1395 3503 1462 3558 ut
1516 3494 1736 3556 divitiis
1791 3496 2110 3573 conﬁdant,

477 3597 672 3660 neque
698 3580 762 3642 in
814 3580 1001 3643 Deum
1042 3601 1209 3663 spem
1251 3601 1416 3644 suam
1459 3591 1696 3664 ponant.
1719 3584 1801 3645 Ac
1819 3584 2112 3664 quemad-

477 3667 720 3730 modum
776 3669 1102 3732 idololatra:
1143 3679 1443 3733 creaturas
1471 3679 1830 3734 venerantur
1884 3683 1942 3734 et
1998 3691 2117 3733 non

475 3753 689 3831 Deum,
723 3756 806 3818 ita
838 3776 1048 3822 avarus
1077 3777 1219 3820 auro
1252 3760 1436 3822 servit
1466 3769 1526 3822 et
1556 3779 1672 3822 non
1707 3761 1963 3824 Christo.
1996 3760 2116 3822 Sed

476 3844 840 3927 studeamus,
861 3846 1250 3924 dilectissimi,
1271 3848 1446 3909 talem
1459 3847 1730 3911 morbum
1743 3897 1758 3922 ,
1772 3856 1834 3909 ut
1851 3850 2115 3912 omnium

476 3931 767 3994 malorum
823 3934 1110 4018 radicem,
1186 3936 1428 3998 omnino
1499 3954 1570 3997 ex
1629 3939 1844 3998 nostris
1901 3936 2116 3999 animis

478 4022 826 4103 exstirpare,
859 4030 926 4084 ut
977 4026 1036 4085 in
1087 4027 1362 4106 praesenti
1412 4025 1529 4086 vita
1577 4026 1775 4086 omnia
1817 4045 1947 4104 qua
1975 4025 2116 4086 inde

478 4109 753 4172 oriuntur
784 4111 936 4174 mala
982 4111 1292 4192 fugiamus,
1345 4121 1402 4175 et
1457 4113 1630 4176 futuri
1683 4113 1881 4175 saeculi
1914 4130 2117 4193 pcenas

475 4216 545 4260 ac
575 4200 866 4280 supplicia
889 4200 1168 4265 vitemus.
1200 4201 1288 4264 Ab
1319 4203 1431 4264 hac
1463 4201 1704 4264 avaritia
1752 4213 1810 4265 et
1841 4202 2132 4271 omnibus

2195 3148 2374 3222 τρεψε,
2425 3147 2513 3200 καὶ
2560 3143 2812 3225 ἀδελφοὺς
2854 3143 2972 3201 κατ’
3023 3144 3268 3215 ἀλλήλων
3316 3144 3564 3220 ἐξέμηνε,
3617 3144 3810 3199 καὶπα-

2196 3232 2348 3310 τὲρας
2418 3234 2555 3289 κατᾶ
2618 3232 2814 3290 τέκνων
2879 3233 3136 3313 ἐξήγειρε,
3193 3235 3281 3290 καί
3330 3235 3430 3301 τὴν
3489 3231 3808 3310 ἡμερωτατην

2195 3327 2300 3376 τῶν
2369 3320 2654 3399 ἀνθρώπων
2724 3323 2872 3401 φύσιν
2938 3322 3266 3402 ἐξεθηρίωσε,
3337 3323 3425 3378 καὶ
3498 3322 3650 3399 μυρία
3699 3315 3809 3375 ἄλλα

2199 3409 2339 3465 κακᾶ
2385 3410 2790 3488 κατειργάσατο.
2845 3411 2954 3479 Τὴν
3010 3410 3345 3490 φιλαργυρίαν
3397 3413 3424 3467 ὁ
3480 3410 3647 3486 μέγας
3695 3413 3806 3463 Παῦ-

2197 3494 2289 3562 λος
2337 3497 2478 3575 ῥίζαν
2526 3505 2630 3554 τῶν
2679 3505 2852 3554 κακῶν
2903 3500 3112 3574 μάν-ξων
3161 3500 3426 3574 ὠνόμασε,
3481 3500 3571 3554 καὶ
3601 3495 3807 3571 δευτέρη

2203 3583 2626 3664 εἰδωλολατρείαν
2673 3586 2942 3662 ἐκάλεσεν,
3001 3590 3073 3652 ὡς
3131 3589 3402 3646 πείθουσαν
3461 3589 3585 3649 τοὺς
3634 3582 3804 3661 ἀνθρώ-

2200 3696 2329 3736 πους
2370 3675 2612 3754 χρήμασι
2659 3677 2985 3756 πεποιθέναι,
3038 3679 3125 3733 καὶ
3164 3678 3242 3752 μὴ
3288 3682 3354 3752 τῇ
3410 3678 3484 3740 εἰς
3519 3677 3645 3732 Θεὸν
3674 3667 3806 3728 ἐλπίδι

2199 3761 2406 3841 θπῤῥεῖν
2465 3778 2480 3792 ’
2541 3766 2629 3819 καὶ
2684 3762 2764 3821 ὅτι
2820 3766 3051 3844 καθάπερ
3095 3770 3142 3824 οἱ
3191 3764 3566 3844 εἰδωλολάτραι
3613 3765 3673 3818 τὰ
3714 3759 3804 3816 κτί-

2201 3872 2378 3926 σματα
2407 3847 2667 3925 σέϐονται,
2720 3854 2808 3908 καὶ
2858 3857 2916 3912 οὗ
2963 3856 3052 3910 τὸν
3102 3855 3255 3928 Θεὸν,
3311 3853 3446 3910 οὕτω
3474 3855 3564 3910 καὶ
3594 3854 3620 3908 ὁ
3649 3848 3802 3928 φιλάρ-

2199 3961 2355 4018 γυρος
2385 3946 2460 4013 τῷ
2503 3947 2684 4019 χρυσῷ
2726 3942 2980 4021 πείθεται,
3031 3943 3114 3998 καὶ
3162 3947 3222 4000 οὗ
3267 3949 3344 4016 τῷ
3392 3948 3624 4020 Χριστῷ.
3674 3933 3804 3993 Ἀλλὰ

2200 4026 2602 4108 σπουδάσωμεν,
2673 4029 2960 4106 ἀγαπητοὶ,
3045 4032 3143 4097 τὴν
3207 4032 3453 4096 τοιαύτην
3528 4030 3692 4104 νόσον,
3748 4024 3802 4080 ὡς

2202 4116 2341 4192 ῥίζαν
2412 4117 2621 4172 πάντων
2690 4123 2796 4173 τῶν
2864 4123 3040 4174 κακῶν
3112 4117 3384 4197 πρόρριζον
3442 4118 3680 4191 ἐκτεμεῖν
3722 4110 3800 4165 ἀπὸ

2199 4210 2302 4260 τῶν
2333 4205 2604 4284 ἡμετέρων
2653 4209 2865 4284 ψυχῶν,
2913 4208 2987 4270 ὡς
3036 4205 3097 4262 ἂν
3146 4209 3232 4264 καὶ
3279 4207 3331 4263 ἐν
3375 4214 3449 4281 τῷ
3501 4203 3701 4284 παρόντι
3725 4199 3798 4274 βᾶρ

476 4284 618 4348 inde
650 4287 977 4350 orientibus
1026 4290 1198 4351 malis
1245 4289 1502 4354 liberare
1550 4309 1659 4352 nos
1707 4291 1909 4351 volens
1941 4289 2112 4352 Chri-

477 4381 597 4399 -.__-
659 4377 957 4399 _-_____.:-
1021 4396 1083 4399 μ
1389 4379 1500 4399 ,.,
1593 4379 1657 4399 η.
1707 4379 1744 4399 -.

2205 4293 2377 4350 πάντα
2418 4293 2484 4348 τὰ
2539 4293 2598 4350 ἐκ
2643 4295 2837 4360 ταύτης
2885 4295 3114 4372 φυόμενα
3169 4293 3312 4352 δεινὰ
3350 4293 3695 4374 διαφύγωμεν,
3733 4285 3799 4340 λαὶ

2245 4381 2255 4395 ‘
2374 4381 2386 4399 θ
2534 4386 2563 4398 αν
2696 4381 2762 4399 "‘
2992 4385 3045 4399 ἠ
3180 4381 3204 4399 ἢ
3266 4381 3290 4399 ἢ
3338 4384 3350 4399 1
3719 4375 3795 4399 -*'_..

475 4381 621 4445 stus,
655 4377 966 4456 sequentia
1019 4378 1294 4460 proponit
1340 4379 1536 4442 verba.
1591 4379 1749 4440 Dixit
1786 4378 2109 4440 Dominus:

482 4482 511 4522 (
534 4461 800 4524 Lucerna
820 4465 1084 4544 corporis
1106 4475 1195 4528 est
1214 4467 1442 4531 oculus.
1465 4466 1526 4529 Si
1552 4467 1756 4528 oculus
1784 4474 1914 4527 tuus
1940 4466 2118 4530 fuerit

475 4549 748 4630 simplex,
795 4560 982 4614 totum
1038 4572 1254 4633 corpus
1305 4562 1466 4617 tuum
1516 4555 1780 4616 lucidum
1840 4555 2002 4630 erit;
2064 4556 2115 4617 si

473 4645 670 4701 autem
699 4641 903 4703 oculus
949 4649 1080 4703 tuus
1125 4642 1303 4704 fuerit
1348 4663 1626 4725 nequam,
1682 4651 1869 4706 totum
1899 4661 2114 4723 corpus

473 4735 638 4790 tuum
670 4729 1047 4793 tenebrosum
1079 4731 1214 4797 erit.
1265 4732 1329 4794 Si
1376 4750 1515 4811 ergo
1545 4734 1746 4795 lumen
1776 4732 1930 4812 quod
1966 4732 2026 4791 in
2057 4739 2113 4794 te

474 4987 504 5043 λ
557 4905 642 5043 (43
680 4931 708 4964 α
742 4910 1121 4988 Δικαιωτήρια.
1147 4932 1174 4965 »
1214 4912 1557 4990 Δικαστήρια,
1589 4912 1986 4991 βασανιστήρια,
2023 4935 2120 4970 κο-

509 5009 608 5043 αστ
635 5012 759 5043 .οια.

509 4991 759 5058 αστήρια.

555 5013 864 5152 ξξῖρίιαῶοτς
893 5073 1214 5152 προοιμίοις,
1256 5091 1279 5126 ι
1315 5067 1505 5152 I_n_i_ti_i_s
1539 5068 1643 5152 viae
1675 5077 1732 5130 et
1762 5070 2013 5134 itineris.

677 5172 704 5203 α
758 5161 898 5230 Οπερ
928 5148 1051 5231 γάρ.
1093 5175 1116 5210 ι)
1152 5154 1256 5230 Γὰρ
1284 5148 1484 5231 addidi
1517 5167 1585 5231 ex
1616 5151 1684 5213 Β.

553 5228 636 5310 Π(
675 5253 703 5283 (ι
738 5228 1102 5310 Νευρὸύμενοι.
1143 5256 1166 5288 »
1210 5228 1580 5310 Confirmati,
1618 5229 2010 5310 corroborati.
2043 5230 2114 5295 V.

473 5307 664 5391 Philo.
701 5327 763 5387 p.
791 5307 1411 5391 416,503,673ﬁ89,
1439 5309 1578 5391 edit.
1609 5309 1827 5391 cplon.
1851 5312 2115 5391 Allobrg.

471 5380 663 5471 16l3,
683 5380 742 5449 et
771 5380 1039 5468 Alciphr.
1077 5380 1180 5454 lib.
1217 5390 1318 5465 III,
1352 5380 1460 5468 Ep.
1495 5388 1692 5466 xux,
1723 5410 1781 5471 p,
1804 5390 1940 5468 386,
1969 5380 2122 5468 σῶεῐα

473 5500 551 5512 -
581 5469 788 5535 νεότητι
817 5471 906 5525 καὶ
935 5471 1081 5547 ἀκμῇ
1112 5472 1506 5551 νευροκύμενον,
1725 5469 1738 5471 “
2125 5507 2127 5512 ι

676 5571 704 5602 α
739 5548 1229 5630 ῌληροφορούμενώ
1261 5554 1358 5614 ὼς.
1407 5549 1840 5630 »ξ-Πεπεισμένοι,
1875 5551 1978 5615 ὅτι,

559 5626 642 5711 (9)
682 5651 710 5682 α
745 5626 1312 5711 Ἀποδυσπετήσωμεν.
1349 5652 1376 5685 ι
1412 5627 1535 5711 Nec
1558 5631 2122 5711 aegre_etimpatien-

477 5714 567 5766 ter
597 5706 856 5768 feramus
886 5708 1246 5772 calamitates
1277 5714 1339 5771 et
1395 5706 1686 5774 miserias.
1717 5706 1972 5773 Utuntur
2003 5713 2115 5776 hoc

2205 4381 2302 4447 τὴν
2369 4381 2422 4436 ἐν
2495 4386 2572 4456 τῷ
2641 4381 2887 4457 μέλλοντι
2958 4385 3104 4438 αἰῶνι
3175 4381 3536 4463 διαδράσωμεν
3589 4375 3796 4453 τιμωρίκν

2204 4469 2292 4524 καὶ
2353 4467 2590 4528 κόλασιν.
2651 4471 2855 4537 Ταύτης
2911 4477 3009 4538 τῆς
3068 4470 3429 4551 φιλαργυρίας,
3490 4472 3576 4528 καὶ
3628 4466 3796 4551 animo?

2201 4563 2306 4613 τῶν
2359 4557 2419 4614 ἐκ
2473 4558 2668 4626 ταύτης
2709 4566 2886 4615 κακῶν
2931 4549 3226 4624 ἀπαλλάξαι
3270 4549 3588 4622 ϐουλόπενος
3642 4549 3794 4633 (li-’3‘3

2203 4647 2450 4725 Χριστὸς,
2519 4646 2585 4701 τὰ
2648 4647 2963 4727 προκείμενα
3033 4658 3193 4707 ταῦτα
3267 4649 3542 4727 προρίθησι
3601 4646 3794 4723 ῥήματι.

2197 4735 2366 4792 Εἶπεν
2395 4737 2424 4790 ὁ
2455 4734 2640 4812 Κύριος
2671 4750 2685 4764 ⁶
2725 4758 2752 4789 α
2804 4725 2860 4794 ιΟ
2899 4733 3093 4816 λύχνος
3140 4735 3187 4816 (4
3205 4735 3269 4816 3)
3292 4725 3384 4796 του
3413 4734 3652 4812 σώματός
3691 4729 3796 4784 ἐστιν

2207 4907 2492 5002 vacabulo
2536 4909 3102 5002 gregorznﬁazfi‘anz.
3130 4929 3213 5002 rp.
3419 4913 3524 5002 37_,
3571 4919 3625 5002 et
3662 4906 3794 5000 1)]οὲ-

2208 4992 2498 5070 Laert._p.
2529 4991 2631 5066 6t,
2666 4990 2726 5051 in
2757 4990 2889 5053 Vita
2940 4991 3220 5055 Socratis.
3271 4991 3423 5054 Hinc
3468 4990 3793 5052 armamen-

2204 5093 2284 5134 σις
2314 5067 2624 5156 inOpusc.
2661 5071 2840 5156 myth.
2875 5072 3157 5156 Galeitp.
3189 5072 3328 5156 934.
3552 5152 3563 5156 _
3625 5149 3636 5156 _
3706 5145 3715 5156 ,

2206 5229 2219 5240 ,
2284 5150 2406 5288 (1Οᾶ
2447 5149 2600 5291 ἑξῆς
2624 5149 2982 5231 φιλάργυρίας.
3007 5175 3030 5209 ο
3057 5152 3246 5213 Etiam
3269 5153 3393 5215 haec
3415 5152 3601 5216 oratio
3622 5149 3791 5226 legitur

2206 5248 2264 5290 in
2297 5245 2366 5291 c0
2417 5276 2432 5291 .
2520 5275 2534 5291 .

2203 5248 2264 5290 1n
2297 5245 2432 5292 COG.
2468 5245 2534 5291 I5.

2282 5311 2407 5389 (11)
2435 5330 2466 5391 ,ί
2503 5309 2773 5391 ῌολέμονς
2803 5311 3062 5391 μεγάλους
3092 5313 3321 5380 ἐκίνησε.
3359 5331 3386 5371 ὶ
3439 5311 3691 5388 Πολέμους
3717 5323 3790 5384 χι·

2203 5389 2394 5454 λεποὺς
2423 5389 2766 5468 ἀνερρίπισεν.
2800 5401 2860 5452 Β.

2283 5468 2412 5567 (i2)
2451 5493 2479 5524 ι
2513 5463 2830 5537 ’Ᾰπολλάξαι
2861 5472 3199 5550 βουλόμενος.
3225 5496 3253 5529 ι
3279 5470 3530 5534 Videtur
3554 5463 3788 5534 excidisse

2243 5573 2410 5710 μῗῗὲ)
2441 5651 2471 5685 α
2507 5621 2563 5688 ²Ο
2591 5629 2809 5712 λύχνος.
2843 5629 3046 5693 Matth.
3080 5647 3160 5709 v1,
3192 5631 3271 5693 22
3296 5649 3463 5712 seqq.
