4008 6114
258 213 439 279 1237

1755 209 2183 276 ORATIONES

3497 212 3648 281 1238

252 348 291 403 ὁ
326 345 606 426 ὀφθαλμός
663 364 678 381 ·
729 346 819 403 ἐὰν
862 348 890 402 6
936 343 1202 426 ὀφθαλμός
1257 365 1349 400 σου
1399 343 1594 406 ἁπλοῦς
1639 342 1829 419 ᾗὸλον
1856 342 1917 397 τὸ

2017 349 2112 415 est,
2138 341 2401 405 tenebrae
2421 348 2578 415 sunt,
2601 342 2746 422 ipsae
2760 341 3017 404 tenebrae
3035 352 3267 424 quantae
3288 350 3462 407 erunt
3477 352 3539 410 Τ»
3566 381 3647 393 -

257 435 438 509 σῶμά
480 456 573 492 σου
620 434 871 515 φωτεινὸν
920 432 1066 489 ἔσται
1112 448 1127 462 ⁸
1178 433 1266 488 ἐὰν
1313 430 1366 487 δὲ
1422 435 1450 487 6
1505 429 1772 511 ὀφθαλμός
1830 452 1924 488 σου

260 523 516 601 πονηρὸς
544 522 604 599 ᾖ,
638 520 759 578 ὅλον
807 522 868 578 τὸ
917 521 1073 597 σῶμα
1120 543 1212 578 σου
1253 521 1518 577 σκοτεινὸν
1547 517 1717 592 ἕσται,
1750 520 1809 575 Εἰ
1839 517 1925 573 οὖν

259 611 335 666 τὸ
364 618 501 689 φῶς,
534 613 596 667 τὸ
646 610 699 667 ἐν
748 610 854 681 σοὶ,
914 608 1102 672 σκότος
1148 609 1276 686 ἐστὶ,
1317 610 1379 665 16
1425 629 1612 670 σκοτος
1641 606 1805 664 πόσον
1840 625 1857 687 ς
1891 627 1921 661 ι

266 697 460 755 Θέλων
514 701 542 754 6
600 698 787 778 Κύριος
845 695 1185 777 ἐλευθερῶσαι
1241 698 1385 772 ἡμᾶς
1436 704 1529 755 τοῦ
1583 695 1777 771 πάθους
1828 697 1926 759 τῆς

267 786 652 866 φιλαργυριας,
708 784 908 862 μᾶλλον
981 783 1037 840 δὲ
1103 789 1201 852 τῆς
1272 782 1498 857 ἀδικίας,
1566 784 1656 839 καὶ
1708 787 1813 838 τῶν
1870 779 1931 837 ἐκ

263 876 476 942 ταύτης
522 878 725 948 παθῶν,
784 875 875 931 τὸν
932 875 1050 952 περὶ
1105 877 1206 940 τῆς
1265 872 1640 948 ἀκτημοσύνης
1697 868 1928 926 διδασκει

267 962 464 1042 λόγον,
538 964 626 1020 καὶ
695 960 781 1018 διᾶ
848 959 1061 1019 πολλῶν
1133 954 1573 1041 παραδειγμάτων
1640 958 1764 1022 τοὺς
1832 980 1929 1015 πι-

271 1052 563 1115 στεύοντας
616 1051 757 1131 φέρει
803 1051 876 1112 εἷς
922 1049 1020 1116 τὴν
1068 1055 1171 1107 τῶν
1219 1047 1517 1127 λεγομένων
1558 1046 1795 1113 ὑπακοὴν
1842 1047 1930 1101 καὶ

272 1142 592 1205 εὒπείθειαν,
653 1140 753 1198 Καὶ
810 1138 971 1195 εἰπὼν
1029 1143 1235 1218 πρῶτον
1297 1136 1442 1217 (14),
1495 1134 1575 1193 ὅτι
1624 1158 1654 1190 α
1702 1135 1792 1202 Μὴ
1836 1136 1930 1201 θη-

276 1229 551 1309 σαυρίζετε
606 1229 733 1304 ὑμῖν
789 1227 1080 1306 θησαυροὺς
1136 1226 1221 1282 ἐπὶ
1266 1230 1365 1293 τῆς
1410 1229 1537 1305 γῆς,
1597 1222 1928 1303 θησαυρίζετε

279 1317 341 1374 δὲ
371 1320 581 1381 ἑαυτοῖς
626 1316 916 1396 θησαυροὺς
963 1314 1017 1371 ἐν
1064 1328 1183 1378 τοῖς
1232 1319 1473 1394 οὐρανοῖς
1524 1329 1538 1344 ⁸
1599 1335 1625 1369 ο
1681 1313 1769 1369 καὶ
1819 1309 1928 1368 δεί-

276 1406 373 1473 ξας
444 1405 540 1482 μὲν
606 1407 695 1463 τὸν
766 1403 819 1462 ἐν
884 1405 1127 1484 οὐρανοῖς
1189 1403 1446 1482 θησαυρὸν
1505 1401 1785 1481 ἄφθαρτον,
1840 1398 1930 1456 καί

277 1494 640 1571 ἀδαπάνητον,
700 1495 788 1551 καὶ
852 1492 1079 1551 πάντοτε
1143 1489 1454 1567 διαμένοντα
1518 1508 1533 1524 ⁶
1588 1491 1679 1547 τὸν
1735 1486 1790 1544 δὲ
1844 1487 1930 1544 ἐπὶ

283 1589 392 1662 γῆς
445 1584 704 1663 θησαυρὸν
757 1581 889 1662 πρὸς
940 1580 1117 1660 ὀλίγον
1175 1580 1489 1661 φαινόμενον
1533 1579 1622 1635 καὶ
1674 1576 1927 1657 ἀφανιζό-

280 1694 464 1748 μενον,
539 1673 673 1748 μετὰ
738 1679 902 1730 ταῦτα
984 1671 1071 1727 καὶ
1144 1667 1320 1748 ἕτερον
1387 1663 1721 1747 παράδειγμα
1788 1663 1930 1744 φέρει

280 1759 454 1840 λέγων
479 1777 495 1793 ⁶
537 1778 567 1819 (
599 1750 657 1817 Ὀ
686 1757 881 1840 λύχνος
910 1766 1003 1818 τοῦ
1049 1756 1295 1833 σώματός
1339 1755 1478 1811 ἐστιν
1508 1757 1537 1811 6
1567 1751 1857 1835 ὀφθαλμός.
1892 1771 1922 1812 1)

289 1832 448 1927 Ὅπερ
496 1849 595 1926 γὰρ
636 1832 794 1905 ἐστιν.
832 1848 861 1903 6
911 1832 1180 1926 ὀφθαλμὸς
1228 1844 1283 1900 ἐν
1324 1843 1555 1922 σώματι,
1605 1832 1758 1900 τοῦτο
1810 1848 1928 1903 νοῦς

286 1937 427 1994 ἐστιν
458 1936 512 1994 ὲν
540 1941 611 2013 τῇ
651 1939 805 2015 ψυχῇ
854 1952 870 1968 '
923 1935 1010 1991 καὶ
1059 1933 1235 2012 ὥσπερ
1284 1934 1312 1989 6
1361 1928 1627 2012 ὀφθαλμός
1667 1929 1824 2007 ὑγιὴς
1854 1927 1928 1985 ὢν

292 2026 501 2105 φωτίζει
551 2024 612 2080 16
668 2029 846 2103 σῶμα,
906 2018 1143 2088 νοσώδης
1186 2019 1241 2077 δὲ
1286 2020 1535 2100 σκοτίζει,
1584 2018 1721 2073 οὓτω
1770 2017 1858 2072 καὶ
1901 2018 1928 2072 6

285 2103 427 2188 νοῦς,
474 2112 563 2174 ἐὰν
611 2110 708 2187 μὲν
758 2112 981 2189 καθαρὸς
1035 2109 1094 2186 ᾗ,
1144 2110 1233 2165 καὶ
1277 2109 1406 2188 πρὸς
1458 2106 1595 2182 μόνα
1635 2103 1809 2182 βλέπῃ
1863 2104 1930 2159 τὰ

283 2206 403 2259 θεῖα
430 2202 517 2257 καὶ
544 2198 741 2279 δίκαια,
806 2201 894 2255 καὶ
956 2199 1087 2273 πρὸς
1131 2197 1311 2254 ἐκεῖνα
1354 2193 1439 2253 διὰ
1480 2195 1675 2258 παντὸς
1721 2213 1926 2273 γρηγο-

285 2296 390 2371 ρῶν
420 2288 577 2365 μένῃ,
626 2289 712 2344 καὶ
756 2289 793 2356 ἡ
842 2287 995 2368 ψυχὴ
1035 2286 1132 2350 τὰς
1181 2283 1233 2351 ἐξ
1261 2287 1417 2343 αὐτοῦ
1459 2281 1672 2371 δέχεται
1703 2280 1928 2371 λαμπη-

286 2366 438 2440 δόνας
505 2377 593 2433 καὶ
659 2366 953 2456 φωτιζεταιί
988 2375 1075 2431 καὶ
1131 2373 1429 2453 καθαίρεται
1498 2387 1511 2401 ⁸
1574 2370 1662 2427 ἐὰν
1732 2366 1787 2425 δὲ
1857 2369 1930 2456 είς

285 2466 541 2546 πονηρίαν
607 2453 841 2542 ἐκτραπῇ
906 2465 953 2537 (6
1025 2460 1158 2541 (15)
1222 2462 1384 2535 νοῦς),
1442 2459 1529 2515 καὶ
1582 2463 1650 2535 τῇ
1706 2453 1931 2536 φροντίδι

283 2561 389 2613 τῶν
453 2552 748 2633 χρημάτων
815 2550 852 2620 ἢ
897 2555 966 2627 τῇ
1020 2549 1263 2625 ἐπιθυμίᾳ
1315 2553 1420 2604 τῶν
1468 2549 1647 2604 παθῶν
1695 2547 1934 2633 κρατηθῇ

288 2644 378 2699 καὶ
859 2637 1140 2718 τυφλοῦται
1211 2638 1298 2693 καὶ
1346 2636 1658 2707 σκοτίζεται,
1720 2638 1823 2691 Τοῦ
1879 2629 1933 2687 δὲ

295 2740 385 2791 νοῦ
440 2728 824 2803 σκοτωθέντος,
882 2729 970 2784 καὶ
1028 2729 1063 2796 ἡ
1121 2726 1273 2805 ψυχὴ
1326 2745 1514 2788 σκοτος
1566 2724 1787 2802 γίνεται,
1845 2720 1932 2777 καὶ

294 2819 426 2878 πολὺ
458 2818 618 2876 πλέον
667 2820 728 2874 τὸ
774 2822 953 2893 σῶμα.
1012 2807 1069 2873 Ὀ
1112 2816 1212 2894 γὰρ
1259 2815 1352 2871 τὸν
1394 2822 1513 2872 νοῦν
1556 2811 1808 2891 ἀφανίσας
1864 2815 1933 2885 τῇ

2004 430 2225 493 Volens
2251 429 2541 494 Dominus
2568 449 2679 493 nos
2720 430 2793 493 ab
2835 431 3091 493 avaritiae
3137 432 3456 514 cupiditate
3485 433 3645 497 libe-

2005 543 2161 600 rare,
2219 524 2310 586 vel
2367 524 2559 605 potius
2605 522 2678 585 ab
2735 523 3025 603 injustitia
3075 532 3133 585 et
3180 525 3456 588 omnibus
3503 527 3647 592 inde

2008 612 2389 675 nascentibus
2418 612 2594 687 vitiis,
2628 630 2965 674 sermonem
3018 612 3200 675 habet
3231 614 3305 676 de
3332 613 3551 696 inOpia,
3588 624 3649 679 et

2013 701 2210 762 multis
2233 699 2519 780 exemplis
2549 700 2755 761 ﬁdeles
2783 701 2856 762 ad
2899 700 3275 763 obedentiam
3312 710 3369 763 et
3397 721 3644 784 persua-

2010 790 2243 851 sionem
2267 788 2527 851 adducit.
2561 787 2632 849 Et
2660 787 2804 851 dixit
2819 788 3111 869 primum:
3141 813 3168 845 α
3192 789 3389 854 Nolite
3406 791 3647 854 thesau-

2009 878 2194 940 rizare
2223 875 2385 938 vobis
2416 877 2722 938 thesauros
2764 876 2825 937 in
2875 884 3071 955 terra;
3124 877 3512 940 thesaurizate
3541 899 3648 943 au-

2013 974 2127 1027 tem
2152 964 2313 1027 vobis
2335 967 2642 1028 thesauros
2673 966 2732 1027 in
2755 966 2939 1040 coelo;
2974 990 3002 1023 an
3040 975 3099 1027 et
3126 966 3644 1048 ostenditquidem

2011 1054 2281 1117 coelestes
2308 1055 2618 1115 thesauros
2637 1052 3141 1135 incorruptibiles,
3165 1053 3640 1137 inconsumptos,

2011 1151 2066 1204 et
2096 1150 2377 1225 perpetuo
2402 1141 2683 1204 durantes
2719 1162 2734 1218 ;
2778 1142 3090 1204 thesauros
3109 1151 3305 1205 autem
3330 1152 3649 1207 terrestres

2013 1232 2329 1312 paupulum
2366 1230 2644 1311 temporis
2673 1230 3087 1310 corruptibiles
3110 1239 3169 1294 et
3199 1241 3645 1297 evanescentes.

2013 1319 2239 1383 Deinde
2272 1325 2329 1380 et
2355 1318 2599 1379 alterum
2635 1319 2970 1398 exemplum
3001 1319 3173 1380 aﬂ‘ert
3202 1319 3439 1382 dicens:
3474 1345 3501 1377 «
3534 1320 3645 1384 Lu-

2011 1427 2189 1472 cerna
2216 1408 2477 1489 corporis
2499 1408 2831 1470 estoculus.
2858 1430 2886 1469 ι)
2912 1407 3080 1480 Quod
3110 1408 3269 1470 enim
3298 1410 3360 1471 in
3388 1428 3641 1491 corpore

2012 1506 2099 1561 est
2128 1499 2355 1573 oculus,
2384 1496 2445 1558 id
2476 1514 2644 1559 mens
2676 1504 2765 1559 est
2791 1497 2853 1559 in
2904 1496 3122 1558 anima.
3154 1496 3225 1559 Et
3252 1500 3644 1578 quemadmo-

2011 1587 2149 1648 dum
2181 1586 2408 1664 oculus,
2460 1585 2511 1647 si
2556 1604 2733 1648 sanus
2776 1585 2877 1662 sit,
2928 1604 3147 1666 corpus
3196 1586 3541 1664 illuminat;
3589 1590 3646 1652 si

2012 1693 2191 1755 aeger,
2225 1674 2570 1738 obnubilat:
2603 1675 2684 1737 ita
2709 1682 2764 1735 et
2796 1693 2989 1750 mens,
3035 1674 3087 1736 si
3115 1675 3190 1736 sit
3219 1675 3441 1738 munda
3468 1684 3648 1760 atque

2010 1766 2083 1826 ad
2114 1764 2236 1826 sola
2279 1763 2477 1825 divina
2518 1771 2576 1825 et
2617 1765 2775 1844 justa
2821 1763 3125 1844 respiciat,
3183 1764 3378 1844 iisque
3404 1784 3647 1848 semper

2008 1853 2291 1932 invigilet,
2324 1855 2521 1914 anima
2555 1871 2623 1913 ex
2655 1870 2725 1914 eo
2756 1851 2960 1915 lumen
2988 1852 3206 1933 accipit
3235 1861 3293 1915 et
3320 1853 3651 1918 illuminata

2012 1942 2374 2021 puriﬁcatur.
2420 1940 2482 2003 Si
2511 1949 2706 2002 autem
2740 1959 2804 2003 se
2836 1940 2909 2002 ad
2941 1941 3158 2003 malum
3188 1949 3374 2005 vertat
3404 1950 3461 2005 et
3490 1943 3647 2006 divi-

2011 2031 2222 2093 tiarum
2253 2029 2550 2093 desiderio
2578 2030 2668 2092 vel
2715 2030 3100 2111 cupiditatum
3132 2032 3345 2094 ardore
3375 2031 3645 2097 vincatur

2012 2126 2071 2182 et
2097 2118 2394 2200 dometur,
2427 2137 2582 2180 caeca
2611 2118 2675 2179 fit
2706 2125 2765 2180 et
2787 2117 3120 2200 tenebrosa,
3156 2129 3214 2181 et
3246 2120 3430 2181 multo
3464 2121 3651 2200 magis

2013 2209 2340 2279 obscurata,
2375 2214 2433 2268 et
2463 2207 2661 2269 anima
2687 2208 2754 2268 tit
2785 2207 3120 2285 tenebrosa,
3156 2216 3213 2269 et
3244 2208 3427 2272 multo
3464 2210 3650 2290 magis

2014 2316 2248 2379 corpus.
2278 2296 2387 2369 Qui
2409 2296 2566 2359 enim
2591 2303 2849 2358 mentem
2880 2297 3206 2378 inquinavit
3224 2298 3646 2382 voluptatibus,

2015 2403 2261 2466 eamque
2317 2385 2704 2465 cupiditatum
2761 2385 2974 2448 ardore
3021 2385 3379 2463 obscuravit,
3436 2406 3645 2451 omnes

2013 2492 2150 2536 suas
2171 2473 2449 2554 praesenti
2471 2473 2588 2537 vita
2607 2473 2866 2536 actiones
2886 2473 3164 2536 exstinxit
3185 2480 3243 2535 et
3262 2475 3551 2555 corrupit,
3586 2484 3646 2538 et

2014 2563 2152 2624 inde
2172 2563 2403 2623 irritum
2429 2561 2569 2624 fecit
2585 2562 2790 2625 salutis
2810 2580 2931 2623 sua;
2949 2562 3234 2643 impetum
3249 2608 3263 2621 .
3280 2560 3655 2644 Quapropter

2006 2652 2158 2727 dicit
2203 2650 2501 2714 Christus:
2562 2677 2584 2705 ιι
2642 2650 2705 2713 Si
2755 2651 2934 2731 igitur
2962 2652 3164 2713 lumen
3194 2651 3351 2732 quod
3382 2653 3443 2712 in
3479 2659 3538 2714 te
3564 2660 3654 2714 est

2015 2740 2274 2803 tenebrae
2295 2747 2452 2814 sunt,
2490 2738 2751 2802 tenebrae
2778 2746 3011 2821 quantae
3040 2747 3215 2801 erunt
3248 2748 3277 2803 ‘?
3311 2765 3337 2796 υ
3373 2740 3434 2801 id
3463 2748 3575 2818 est,
3601 2740 3654 2802 si

2018 2846 2184 2891 [nens
2205 2847 2334 2909 quae
2359 2828 2619 2889 animam
2647 2835 2702 2889 et
2733 2845 2947 2908 corpus
2978 2837 3138 2890 tuum
3162 2828 3458 2890 illuminat
3482 2837 3652 2891 tene-

293 2915 397 2967 τῶν
454 2908 647 2964 ὑλικῶν
702 2904 1023 2985 προσπαθείᾳ
1077 2905 1165 2961 καὶ
1235 2908 1303 2979 τῇ
1358 2901 1605 2976 ἐπιθυμίᾳ
1658 2904 1784 2999 τῶν,
1817 2919 1929 2954 πα-

2017 2917 2132 2979 brae
2161 2901 2259 2977 ﬁat
2286 2914 2621 2977 divitiarum
2653 2901 3053 2979 sollicitudine
3077 2924 3137 2979 et
3165 2917 3454 2979 malarum
3486 2917 3651 2999 cupi-

293 3002 396 3056 θῶν
451 3017 698 3059 σκοτισας
755 2998 911 3053 αὐτοῦ
971 2990 1121 3072 (16),
1180 2991 1352 3054 πάσας
1404 2993 1562 3048 αὐτοῦ
1612 2987 1708 3049 τὰς
1766 2985 1819 3072 ἐν
1863 2989 1934 3060 τῇ

290 3085 529 3165 παρούσῃ
589 3088 702 3160 ζωῇ
756 3071 988 3162 πράξεις
1022 3077 1202 3136 ’έσϐεσε
1247 3079 1336 3135 καὶ
1382 3075 1630 3156 ἐθόλωσε,
1671 3074 1766 3165 καὶ
1809 3071 1929 3165 λοι-

289 3162 391 3231 πὸν
445 3173 740 3247 ἐματαίωσε
807 3171 901 3233 τὰς
962 3173 1062 3235 τῆς
1128 3167 1390 3246 σωτηρίας
1450 3168 1606 3223 αὐτοῦ
1663 3162 1929 3243 ἀφορμὰς.

295 3263 393 3318 Διὰ
419 3269 572 3319 τοῦτο
619 3258 763 3338 λέγει
809 3260 838 3315 6
878 3256 1101 3338 Χριστός
1157 3272 1174 3291 ⁸
1230 3273 1262 3315 ι
1315 3256 1373 3312 Εἰ
1420 3253 1507 3310 οὖν
1556 3254 1618 3309 τὸ
1646 3257 1758 3331 φῶς
1786 3252 1848 3306 16
1877 3249 1931 3305 ὲν

289 3352 371 3407 σοὶ
412 3348 600 3411 σκότος
645 3347 776 3428 ἐστὶ,
823 3347 884 3403 16
932 3345 1118 3409 σκόνος
1160 3343 1373 3421 πόσον,
1428 3365 1458 3399 ι
1509 3339 1797 3420 τουτέστιν,
1842 3338 1931 3394 ἐὰν

289 3442 321 3495 6
348 3446 487 3516 νοῦς,
519 3427 767 3515 φωτίζων
815 3457 909 3494 σου
953 3434 1052 3502 τὴν
1098 3433 1280 3514 ψυχὴν
1329 3431 1418 3489 καὶ
1444 3432 1506 3487 1:6
1535 3434 1715 3508 σῶμα,
1746 3427 1933 3489 σκότος

291 3526 510 3606 γένηται
580 3529 649 3600 τῇ
706 3521 933 3603 φροντίδι
987 3528 1092 3579 τῶν
1148 3521 1443 3603 χρημάτων
1469 3519 1585 3575 -καὶ
1637 3522 1708 3594 τῇ
1762 3516 1934 3606 ἐπιθυ-

292 3603 387 3692 μία
453 3619 558 3670 τῶν
627 3612 838 3669 ἀτόπων
907 3614 1087 3668 παθῶν
1156 3609 1460 3690 τυφλωθεὶς,
1486 3607 1670 3692 ..πόσῳ
1732 3603 1934 3692 μᾶλλον

295 3679 693 3771 σκοτισθήσεται
721 3703 756 3768 ἡ
786 3700 939 3780 ψυχὴ
967 3701 1056 3756 καὶ
1102 3700 1164 3756 16
1211 3679 1367 3774 σῶμα
1401 3697 1415 3756 !
1447 3679 1454 3682 ν
1486 3679 1650 3754 ’ὃταν
1688 3679 1788 3772 γὰρ
1816 3689 1936 3747 σϐε-

300 3792 453 3867 σθῇὸ
502 3790 699 3869 λύχνος
735 3793 832 3856 τῆς
888 3779 1073 3868 ψυχῆς
1125 3788 1211 3844 καὶ
1254 3794 1347 3845 τοῦ
1388 3785 1661 3862 σώματος,
1696 3779 1876 3869 ἤγουν
1907 3781 1935 3834 6

298 3888 440 3951 νοῦς,
496 3868 622 3935 ποία
678 3875 865 3934 λοιπὸν
924 3877 1205 3954 γενήσεται
1266 3874 1529 3951 σωτηρίας
1584 3868 1779 3947 ἒλπίς;
1861 3876 1935 3929 Ως

299 3975 409 4050 φῶς
437 3964 492 4022 δὲ
537 3966 625 4023 καὶ
673 3974 790 4029 νοῦς
838 3964 1063 4044 καθαρὸς
1115 3965 1162 4019 οἱ
1207 3962 1260 4019 ἐν
1313 3959 1564 4027 ἐξουσίαις
1618 3958 1706 4014 καὶ
1736 3957 1935 4050 ἀρχαῖς

299 4044 683 4132 πνευματικαῖς
739 4074 798 4109 τε
865 4053 952 4109 καὶ
1020 4064 1307 4128 κοσμικαῖς
1375 4068 1687 4126 τεταγμένοι
1752 4044 1804 4102 ἐν
1861 4048 1938 4118 τῷ

296 4130 482 4219 κόσμῳ
537 4141 829 4223 ὀφείλουσιν
880 4141 1047 4220 εἶναι,
1097 4139 1233 4196 ὥστε
1276 4139 1515 4219 φωτίζειν
1564 4136 1685 4197 τοὺς
1733 4130 1937 4212 ἀνθρώ-

298 4254 425 4296 ποῦς
472 4221 603 4311 πρὸς
650 4231 717 4287 τὰ
762 4229 903 4287 καλὰ
948 4230 1036 4285 καὶ
1086 4229 1345 4307 σωτήρια,
1392 4247 1483 4282 και
1531 4221 1826 4311 φυλάττεινΔ
1854 4221 1941 4275 καὶ

297 4306 575 4399 συντηρείῑν
626 4320 812 4383 αὖτοὺς
859 4318 964 4375 ἀπὸ
1008 4317 1186 4384 πάσης
1228 4306 1455 4394 βλάϐης,
1501 4312 1590 4369 καὶ
1631 4306 1935 4387 ἐπιϐουλῆς,

293 4411 382 4467 καὶ
436 4408 724 4470 κακώσεως
786 4426 802 4442 ⁸
864 4408 908 4463 εί
951 4404 1006 4461 δὲ
1055 4407 1195 4461 οὗτοι
1252 4416 1374 4466 ταῖς
1420 4399 1641 4463 ἀδικίαις
1697 4399 1939 4478 χαίρουσι

294 4498 382 4555 καὶ
427 4508 549 4559 ταῖς
600 4494 869 4575 ἀρπαγατς
917 4495 1007 4551 καὶ
1063 4506 1186 4556 ταῖς
1241 4486 1562 4555 πλεονεξίαις
1622 4484 1936 4575 δουλεύουσι,

296 4587 385 4643 καὶ
454 4571 666 4660 ἀμελῶς
736 4571 823 4639 καὶ
904 4582 1144 4659 ῥᾳθύμως
1225 4580 1357 4659 πρὸς
1439 4576 1572 4656 ἅπερ
1656 4571 1942 4654 ὀφείλουσι,

299 4672 609 4750 διάκεινται,
654 4671 705 4727 τί
743 4671 978 4727 πείσεται
1027 4672 1055 4726 6
1102 4669 1310 4731 τούτοις
1367 4664 1709 4739 ὁποκείμενος
1757 4660 1943 4721 λοιπὸς

301 4761 453 4839 λαὸς,
486 4760 543 4822 ὃς
575 4758 727 4835 μόλις
772 4761 901 4838 πρὸς
944 4759 1006 4815 τὸ
1052 4758 1214 4815 καλὸν
1264 4756 1479 4836 ’έρχεται
1530 4758 1601 4829 τῇ
1625 4757 1729 4807 τῶν
1761 4769 1941 4828 κρειτ-

303 4838 470 4907 τόνων
533 4846 744 4928 ὁδηγίᾳ,
814 4848 903 4905 καὶ
973 4852 1040 4924 τῇ
1092 4845 1233 4922 καλῇ
1286 4845 1375 4901 καὶ
1609 4845 1707 4928 τῆς
1764 4838 1940 4928 ἀρχῆς

302 4939 518 5003 καὶτῆς
569 4925 798 5001 ἐξοῦσίας
845 4941 951 4992 τῶν
998 4934 1266 5010 ποιμένων
1314 4932 1403 4989 καὶ
1432 4926 1755 4985 διδασκάλων
1791 4925 1938 5006 (17).

306 5025 457 5086 Οὕτω
484 5025 584 5104 γὰρ
625 5026 712 5082 καὶ
760 5027 808 5081 οἱ
848 5022 991 5101 ἅγιοι
1039 5024 1127 5079 καὶ
1174 5025 1310 5079 θεῖοι
1358 5015 1644 5075 ἀπόστολοι
1690 5012 1946 5095 ὀφθαλμοὶ

384 5218 504 5297 (14)
539 5243 572 5298 «ί
598 5219 835 5298 Πρῶτον.
874 5242 914 5298 »_
952 5213 1247 5298 ’ltvurcépug.
1299 5213 1369 5275 B.
1424 5208 1712 5290 Respicit.
1746 5225 1803 5269 v.
1843 5207 1939 5272 19.

416 5292 519 5375 15)
548 5292 780 5362 Omittit
810 5296 945 5360 cod.
976 5296 1051 5357 B.
1082 5292 1380 5379 et‘ahesse
1409 5298 1684 5379 possunt._
1735 5366 1748 5379 υ

416 5301 519 5375 15)
548 5300 780 5362 Omittit
810 5300 945 5360 cod.
976 5300 1051 5357 B.
1082 5303 1140 5355 et
1168 5300 1380 5356 abesse
1409 5300 1675 5372 possunt.

386 5300 517 5460 ίίὸ)
551 5401 576 5434 ι
617 5380 872 5460 Σκοτίσας
902 5378 1080 5460 αῦτοῦ.
1124 5397 1147 5431 ι
1205 5373 1381 5460 Forte
1428 5371 1515 5435 sic
1562 5366 1945 5460 accipiendas

305 5446 409 5522 hit;
434 5446 644 5521 locus:
677 5449 735 5516 Ὀ
761 5460 861 5538 γὰρ
909 5458 1002 5538 τὸν
1048 5461 1166 5511 νοῦν
1187 5535 1194 5538 _
1214 5454 1489 5538 ἀφανίσας,
1628 5446 1732 5506 τῶν
1756 5446 1949 5538 ὑλικῶν

303 5539 626 5613 προσπαθείᾳ
695 5529 787 5595 καῖ
834 5529 919 5613 ’τῇ
989 5535 1230 5613 ἐπιθςδμίᾳ
1263 5529 1274 5534 “
1296 5533 1401 5590 τῶν
1443 5534 1637 5613 ,παθὼν
1662 5529 1950 5613 --σκοτίσας

404 5620 483 5696 ὸν,
515 5607 714 5693 πάἁας,
770 5640 825 5682 κ,
873 5607 927 5680 ἑ.
975 5614 1031 5678 λ.
1082 5607 1277 5677 (Iudex
1318 5614 1386 5677 B.
1442 5609 1539 5674 hic
1580 5607 1808 5672 nullum
1838 5608 1952 5674 fert

2013 3006 2256 3067 ditatum
2285 3004 2499 3067 ardore
2545 3004 2861 3081 obczecata,
2908 3012 3115 3086 quantt
3158 3007 3342 3085 magis
3371 3006 3650 3068 obscura-

2013 3094 2231 3156 buntur
2278 3092 2475 3155 anima
2517 3100 2575 3155 et
2623 3092 2876 3172 corpus!
2932 3093 2993 3157 Si
3045 3094 3205 3156 enim
3250 3095 3538 3183 exstincta
3577 3095 3654 3158 sit

2015 3189 2259 3249 lucerna
2287 3185 2500 3248 animae
2522 3193 2578 3246 et
2598 3185 2885 3267 corporis,
2913 3186 3139 3250 scilicet
3166 3205 3356 3264 mens,
3375 3206 3648 3269 quasnam

2016 3277 2116 3339 ﬁet
2145 3276 2219 3337 de
2250 3282 2461 3336 caetero
2490 3274 2698 3336 salutis
2722 3293 2859 3355 spes
2884 3281 2912 3338 ?
2950 3275 3021 3337 Et
3058 3276 3157 3337 lux
3187 3284 3244 3338 et
3274 3294 3444 3338 meus
3477 3295 3649 3357 pura,

2014 3365 2113 3445 qui
2143 3363 2204 3426 in
2236 3362 2616 3441 dignitatibus
2645 3370 2705 3423 et
2756 3363 3197 3443 magistratibus
3244 3363 3657 3444 spiritualibus

2015 3462 2072 3516 et
2100 3451 2374 3515 civilibus
2404 3451 2704 3512 constituti
2733 3460 2869 3512 sunt
2897 3452 2958 3512 in
2988 3450 3209 3512 mundo
3242 3469 3377 3513 esse
3406 3451 3651 3529 debent,

2015 3549 2079 3604 ut
2107 3542 2179 3602 ad
2213 3539 2363 3601 bona
2393 3547 2453 3600 et
2480 3538 2759 3601 salutaria
2786 3539 3057 3600 homines
3089 3539 3361 3599 illumine
3377 3545 3431 3601 λι
3460 3546 3519 3600 et
3549 3556 3655 3600 eos

2015 3627 2086 3690 ab
2118 3626 2280 3688 omni
2309 3625 2438 3686 labe
2486 3634 2542 3687 et
2589 3626 2857 3706 periculo
2911 3634 2971 3688 et
3014 3624 3238 3687 malitia
3284 3633 3540 3690 servent.
3594 3625 3660 3689 Si
3740 3646 3745 3653 '

2015 3724 2213 3779 autem
2271 3713 2356 3775 illi
2416 3713 2723 3794 injuslitiis
2771 3714 3144 3777 delectantur
3201 3732 3269 3775 ac
3318 3714 3546 3794 rapinis
3597 3722 3658 3776 et

2016 3802 2273 3865 aviditati
2302 3801 2652 3877 inserviunt,
2700 3810 2760 3865 et
2790 3801 3156 3881 negligenter
3198 3801 3658 3883 indolenterque

2018 3891 2091 3953 iis
2121 3889 2423 3971 quaeipsis
2473 3890 2734 3954 curanda
2779 3900 2917 3953 sunt
2962 3898 3189 3965 vacant,
3225 3890 3365 3971 quid
3400 3890 3659 3971 patietur

2017 3978 2136 4041 illis
2164 3978 2467 4058 subjectus
2518 3979 2790 4059 populus,
2839 3979 2940 4059 qui
2992 3979 3083 4040 vix
3128 3978 3202 4040 ad
3244 3978 3465 4039 bonum
3500 3978 3662 4041 venit

2022 4066 2417 4149 potentiorum
2448 4067 2780 4130 directione
2801 4075 2859 4129 et
2877 4067 3031 4128 bona
3050 4073 3327 4147 rectaque
3353 4074 3658 4146 pastorum

1961 4201 2002 4261 Ε
2022 4154 2554 4261 magistrorumque
2587 4155 2863 4254 potentim
2889 4163 2946 4216 et
2992 4153 3370 4261 magistratus
3399 4154 3661 4261 admini:

2023 4242 2354 4306 stratione?
2385 4242 2481 4305 Sic
2540 4243 2697 4305 enim
2749 4251 2807 4305 et
2852 4243 3042 4307 sancti
3100 4251 3159 4305 et
3188 4240 3371 4303 divini
3402 4242 3658 4322 apostoli

2022 4330 2178 4392 oculi
2208 4338 2265 4392 et
2295 4333 2495 4394 lumen
2529 4332 2707 4393 totius
2732 4333 2893 4395 orbis
2913 4330 3213 4394 constituti
3244 4339 3402 4392 sunt.
3435 4330 3573 4393 Ideo
3606 4338 3665 4393 et

2022 4417 2260 4479 dicebat
2289 4419 2421 4482 illos
2454 4438 2701 4483 monens
2735 4419 3018 4483 Dominus
3052 4442 3065 4478 :
3097 4418 3161 4483 Si
3190 4420 3358 4483 stetis
3391 4437 3515 4498 vos,
3544 4439 3659 4482 nec

2022 4506 2353 4584 vertamini,
2379 4527 2511 4571 cum
2544 4508 2669 4571 sitis
2696 4509 3206 4590 corporislumen,
3243 4527 3387 4571 ecce
3418 4509 3661 4572 univer-

2026 4611 2156 4654 sum
2183 4596 2389 4657 mundi
2415 4616 2630 4678 corpus
2650 4598 3051 4661 iliuminatum
3076 4606 3202 4674 est;
3228 4598 3277 4659 si
3309 4606 3503 4660 autem
3537 4615 3665 4678 vos,

2027 4682 2128 4763 qui
2157 4684 2297 4746 estis
2327 4685 2434 4762 sal,
2467 4686 2629 4748 stulti
2659 4686 2811 4748 fialis
2845 4709 2860 4762 ;
2895 4689 2943 4750 si
2974 4705 3097 4761 vos,
3133 4686 3233 4766 qui
3263 4686 3462 4748 lumen
3494 4686 3658 4768 estis,

2023 4769 2456 4852 obscuremini,
2514 4776 2781 4839 tenebrae
2830 4783 3064 4857 quantae
3120 4775 3285 4855 ﬁent,
3346 4793 3475 4854 quae,
3528 4782 3671 4837 sunt

2025 4860 2315 4923 mundus!
2375 4864 2622 4943 Magnus
2650 4873 2843 4928 autem
2892 4864 3199 4942 theologus
3229 4863 3573 4941 Gregorius,
3611 4870 3671 4925 et

2028 4946 2259 5011 divinus
2290 4950 2464 5014 Pater
2493 4962 2695 5016 noster
2740 4955 2866 5016 haec
2913 4953 3036 5015 Deo
3078 4951 3438 5013 consecratis
3469 4950 3615 5012 dicit
3647 4969 3661 5013 :

2029 5036 2213 5101 Vobis
2256 5040 2548 5121 imprimis
2598 5044 2732 5105 dico
2781 5043 2882 5125 qui
2928 5040 3269 5104 cathedram
3320 5038 3667 5121 ascenditis,

2025 5209 2333 5292 auxilium.
2367 5207 2577 5273 Omnia
2608 5212 2789 5286 enim,
2847 5230 2978 5292 quas
3002 5210 3276 5290 leguntur
3302 5208 3458 5271 inter
3486 5210 3670 5290 ἀφανί-

2027 5314 2121 5354 σας
2154 5298 2211 5373 et
2240 5291 2412 5354 πάσας
2444 5294 2622 5373 αὐτοῦ,
2658 5291 2894 5373 omittit.

2109 5373 2157 5450 (t
2178 5371 2228 5444 ’7)
2259 5373 2420 5450 «καὶ
2449 5366 2796 5437 διδασκάλων,
2833 5395 2860 5426 »
2895 5371 3006 5434 Hic
3034 5386 3242 5433 rursus
3260 5366 3493 5431 videtur
3513 5370 3672 5450 exci-

2034 5448 2194 5531 disse
2223 5448 2321 5531 vel
2344 5449 2622 5531 ὀιοικσιςσει,
2655 5451 2745 5514 vel
2802 5451 3060 5529 πολιτείᾳ,
3111 5452 3203 5517 vel
3236 5450 3548 5531 προστασίᾳ,
3577 5449 3670 5511 vel

2034 5529 2191 5592 aliud
2225 5527 2370 5610 quid
2397 5529 2530 5597 tale.
