4008 6114
291 277 442 355 1241

1773 292 2110 357 ORATION
2115 289 2204 354 ES

3514 281 3671 348 1242

291 431 388 482 τοῦ
443 431 575 482 Θεοῦ
630 427 730 482 ὑπὸ
777 431 881 481 τῶν
951 427 1268 506 χρημάτων,
1331 428 1408 502 μὴ
1464 433 1719 507 μεριμνᾷν
1769 450 1940 507 προσ-

2034 425 2085 488 in
2117 445 2232 508 quo
2261 427 2552 490 retinetur
2577 429 2798 493 anima.
2829 429 3082 492 Videtur
3109 425 3266 488 enim
3288 423 3487 486 anima
3501 419 3662 508 nolle

290 515 472 570 τάσσει
528 516 556 570 6
620 514 827 594 Κύριος,
862 512 996 588 μηδὲ
1059 527 1180 579 ταῖς
1224 516 1456 596 φροντίσι
1515 522 1614 583 τῆς
1669 515 1940 597 φιλοχρη-

297 602 509 677 ματίας,
560 603 647 658 καὶ
691 615 812 666 ταῖς
862 602 1158 679 ἐπιθυμίαις
1211 606 1620 675 κατατήκεσθαι,
1668 599 1732 662 Ἡ
1786 608 1940 685 ψυχὴ

293 689 350 746 δὲ
379 693 471 748 οὐκ
500 690 675 765 ἐσθίει,
713 692 847 749 κατὰ
897 690 951 747 δὲ
1003 692 1101 760 τήν
1149 693 1421 762 συνήθειαν
1451 693 1550 760 τὴν
1578 696 1761 762 κοινὴν
1791 701 1942 751 τοῦτο

296 779 464 859 λέγει.
526 780 622 836 Διὰ
681 780 780 860 γὰρ
835 785 1033 861 τροφῆς
1091 781 1387 839 συνίσταται
1443 785 1504 838 τὸ
1561 789 1736 860 σῶμα,
1797 784 1850 840 ἐν
1900 788 1945 858 ᾧ

296 866 651 945 διακρατεϊται
679 871 714 937 ἡ
757 870 932 949 ψυχή.
988 878 1150 926 Δοκεῖ
1197 870 1296 948 γὰρ
1345 870 1423 944 μὴ
1466 869 1748 950 ἀνέχεσθαι
1798 872 1939 927 εἶναι

294 957 350 1014 ἐν
379 964 454 1032 τῷ
483 961 688 1032 σώματι
717 959 752 1025 ἡ
800 958 977 1038 χυχὴ,
1030 959 1074 1014 εἰ
1118 960 1195 1033 μὴ
1243 957 1482 1038 τρέφοιτο
1527 961 1561 1027 ἡ
1602 958 1748 1035 σάρξ.
1789 979 1818 1018 α
1851 959 1940 1028 Μή

299 1050 583 1125 μεριμνᾶτε
612 1052 678 1121 τῇ
711 1051 863 1125 ψυχῇ
913 1047 1080 1121 ὑμῶν,
1130 1047 1178 1101 τί
1224 1047 1456 1126 φάγητε,
1507 1048 1594 1104 καὶ
1622 1050 1670 1104 τί
1699 1047 1878 1115 πίητε,
1918 1071 1942 1107 ι)

302 1132 574 1212 Πρόδηλον
631 1131 708 1207 δὲ,
770 1132 850 1188 ὅτι
908 1137 1074 1215 χωρὶς
1131 1139 1228 1200 τῆς
1289 1139 1471 1214 ψυχῆς
1531 1135 1801 1217 τρέφεσθαι
1858 1137 1946 1192 τὸν

303 1219 571 1300 ἄνθρωπον
619 1221 712 1278 οὒκ
766 1220 934 1284 ἔσται,
987 1224 1060 1280 Τὸ
1117 1223 1217 1301 γὰρ
1271 1226 1451 1302 νεκρὸν
1508 1231 1664 1300 σῶμα
1718 1223 1946 1282 ἐνδύεται

304 1311 484 1386 μόνον,
520 1310 579 1366 οὔ
623 1309 862 1390 τρέφεται
909 1307 965 1366 δέ
1017 1327 1031 1342 ⁸
1079 1316 1172 1366 τοῦ
1223 1310 1471 1392 ἐμψύχου
1515 1312 1622 1369 ἐστὶ
1669 1314 1729 1370 τὸ
1757 1313 1948 1394 τρέφει

303 1404 421 1457 σθαι
482 1416 497 1431 ⁹
557 1399 616 1456 οὗ
672 1406 776 1455 τῶν
835 1400 1130 1480 χρημάτων
1193 1397 1247 1456 δὲ
1300 1398 1425 1480 (25)
1489 1402 1650 1477 μόνον
1697 1403 1784 1458 καὶ
1840 1409 1945 1459 τῶν

302 1485 468 1555 ἡδέων
523 1487 734 1543 πάντων
785 1493 878 1543 τοῦ
929 1487 1130 1563 κόσμου
1181 1501 1554 1568 καταφρονεῖν,
1615 1487 1752 1546 ἀλλὰ
1810 1487 1946 1565 μηδὲ

302 1576 433 1652 ὑπὲρ
487 1579 584 1641 τῆς
643 1574 928 1652 ἀναγκαίας
981 1580 1178 1655 τροφῆς
1250 1579 1527 1653 μεριμνᾷν,
1589 1577 1695 1636 Οὐκ
1750 1575 1942 1638 ἐκϐάλ-

303 1663 384 1720 λει
415 1662 469 1719 δὲ
498 1665 640 1738 ἡμᾶς
691 1661 812 1719 οὒδὰ
863 1661 1127 1738 ἐμποδίζει
1177 1662 1478 1743 ἐργάζεσθαι
1511 1684 1525 1699 ⁸
1562 1655 1619 1723 Ὀ
1657 1666 1756 1744 γὰρ
1785 1667 1944 1745 ἀργὸς

305 1752 442 1829 μηδὲ
498 1752 734 1828 ἐσθιέτω,
785 1755 941 1833 φησὶν
987 1756 1014 1810 6
1059 1757 1202 1818 θεῖος
1261 1753 1583 1820 Ἀπόστολος
1638 1777 1650 1791 ·

305 1841 499 1900 διδόναι
531 1841 682 1907 ὅλους
735 1856 856 1908 ταῖς
905 1845 1134 1924 φροντίσι
1172 1845 1259 1900 καὶ
1308 1845 1528 1921 ἀμελεῖν
1574 1852 1703 1902 Θεοῦ
1749 1862 1764 1876 ·
1793 1853 1946 1903 τοῦτο

304 1931 494 1990 κωλύει
529 1949 543 1963 ·
597 1932 709 1990 ἐπεὶ
759 1931 881 2013 (26)
930 1936 1016 1991 καὶ
1059 1948 1319 2014 γεωργεῖν
1366 1934 1449 1993 δεῖ
1496 1938 1637 2012 ἡμᾶς
1667 1938 1755 1994 καὶ
1784 1937 1946 2016 ἐργά-

304 2025 478 2092 ζεσθαι
549 2022 683 2078 κατὰ
735 2018 970 2097 δύναμιν,
1035 2020 1172 2078 ἀλλὰ
1231 2024 1317 2078 καὶ
1370 2027 1468 2090 τῆς
1525 2025 1787 2102 σωτηρίας
1844 2029 1947 2079 τῶν

305 2108 576 2188 ἡμετέρων
644 2113 836 2189 ψυχῶν
905 2111 1187 2190 φροντίζειν
1273 2112 1406 2186 μετὰ
1472 2112 1649 2178 πάσης
1715 2109 1946 2178 σπουδῆς

306 2200 394 2254 καὶ
445 2198 792 2276 θερμότητος,
848 2199 934 2254 καὶ
988 2200 1118 2277 πρὸς
1167 2201 1257 2256 τὸν
1309 2201 1436 2256 Θεὸν
1491 2199 1704 2277 βλέπειν
1767 2199 1950 2275 μόνον,

306 2285 398 2340 τὸν
453 2283 658 2340 διδόντα
706 2285 902 2365 τροφὴν
951 2298 1068 2349 τοῖς
1138 2292 1379 2359 πεινῶσι,
1455 2289 1541 2344 καὶ
1605 2285 1953 2362 ἐμπιπλῶντα

306 2371 362 2428 ἐν
391 2372 610 2450 ἀγαθοῖς
658 2373 756 2440 τὴν
801 2373 944 2443 ζωὴν
990 2375 1166 2448 ἡμῶν.
1217 2397 1246 2430 α
1300 2376 1435 2455 Οὒχὶ
1480 2376 1516 2443 ἡ
1573 2375 1726 2455 ψυχὴ
1755 2373 1951 2432 πλείων

309 2461 419 2517 ἐστὶ
472 2466 569 2528 τῆς
621 2465 843 2541 τροφῆς,
903 2483 990 2538 καξ
1044 2463 1105 2518 τὸ
1176 2468 1332 2537 σῶμα
1386 2470 1478 2520 τοῦ
1530 2461 1860 2542 ἐνδύματοςς
1926 2486 1951 2518 »

2023 515 2086 577 in
2115 507 2361 597 corpore
2391 534 2542 588 esse,
2579 519 2694 580 nisi
2728 518 3024 580 nutriatur
3055 534 3213 578 caro.
3254 538 3278 569 «
3312 515 3401 576 Ne
3430 507 3670 597 solliciti

2024 604 2153 666 sitis
2184 596 2395 666 animm
2426 613 2636 666 vertraa
2689 607 2790 687 qui
2841 602 3211 667 manducetis
3243 608 3299 662 et
3322 598 3462 680 quid
3493 596 3666 658 biba-

2026 691 2122 754 tis.
2151 715 2174 752 υ
2212 694 2379 754 Patet
2407 700 2604 754 autem
2627 694 2936 756 hominem
2966 694 3095 755 sine
3123 689 3322 752 anima
3349 705 3468 748 non
3499 701 3672 765 posse

2025 778 2262 842 nutriri.
2311 777 2603 841 Mortuum
2646 799 2791 842 vero
2841 797 3058 860 corpus
3108 774 3375 838 induitur
3419 780 3670 860 tantum,

2026 883 2144 928 non
2162 869 2441 929 nutritur.
2465 867 2553 928 Ad
2576 868 2897 929 animatum
2931 855 3190 948 pertinet
3212 860 3447 924 nutriri.
3473 855 3673 948 Opor:

2025 961 2108 1015 tet
2135 962 2331 1015 autem
2364 973 2471 1016 nos
2501 974 2618 1016 non
2645 955 2878 1016 divitias
2911 944 3134 1016 tantum
3153 959 3209 1012 et
3231 966 3440 1011 omnes
3471 944 3675 1007 mundi

2029 1041 2356 1122 voluptates
2392 1050 2799 1123 contemnere,
2833 1042 2937 1103 sed
2971 1059 3047 1102 ne
3073 1041 3148 1100 de
3181 1033 3522 1123 necessario
3549 1032 3676 1114 qui-

2030 1121 2332 1190 dem’cibo
2364 1128 2650 1190 sollicitos
2679 1121 2833 1191 esse.
2869 1127 2997 1189 Non
3027 1133 3222 1188 autem
3256 1141 3364 1184 nos
3395 1121 3675 1182 dehorta-

2030 1223 2126 1278 tur
2154 1234 2348 1297 neque
2380 1224 2584 1279 avocat
2611 1237 2645 1279 a
2697 1217 2922 1280 labore.
2975 1214 3086 1288 Qui
3126 1232 3243 1275 non
3275 1211 3530 1286 laborat,
3564 1227 3677 1297 nec

2030 1296 2366 1378 manducet,
2401 1305 2592 1387 inquit
2621 1306 2852 1368 divinus
2881 1303 3212 1386 Apostolus
3241 1300 3380 1378 ;sed
3401 1296 3679 1379 prohibet

2029 1413 2105 1456 ne
2137 1413 2244 1455 nos
2275 1394 2664 1456 sollicitudini
2699 1403 2847 1457 totos
2877 1395 3084 1457 demus
3101 1411 3172 1454 ac
3193 1391 3266 1452 de
3283 1389 3404 1451 Deo
3435 1387 3674 1448 difﬁda-

2030 1501 2181 1545 mus.
2219 1487 2465 1563 Oportet
2492 1483 2650 1544 enim
2684 1502 2791 1545 nos
2823 1502 2926 1564 pro
2976 1481 3200 1542 viribus
3232 1495 3404 1540 arare
3435 1482 3494 1536 et
3522 1493 3672 1555 ope-

2026 1571 2167 1650 rari,
2201 1569 2305 1632 sed
2339 1578 2396 1632 et
2426 1571 2761 1634 animarum
2812 1579 3151 1633 nostrarum
3185 1566 3430 1628 salutem
3466 1580 3674 1650 curare

2029 1648 2163 1720 cum
2196 1657 2360 1719 omni
2388 1659 2516 1721 zelo
2546 1667 2604 1721 et
2635 1659 2873 1733 ardore,
2907 1666 2966 1719 et
2994 1657 3066 1718 ad
3100 1658 3285 1719 Deum
3307 1651 3498 1713 solum
3517 1648 3674 1730 θερί-

1707 1755 1844 1812 ἆλλὰ
1890 1758 1949 1812 τὸ

2034 1764 2190 1826 cere,
2242 1745 2343 1826 qui
2391 1745 2488 1807 dat
2537 1745 2736 1809 cibum
2792 1743 3214 1816 esurientibus,
3265 1747 3326 1802 et
3367 1739 3556 1819 replet
3603 1737 3666 1797 in

2029 1829 2202 1893 bonis
2230 1830 2488 1892 animam
2521 1841 2803 1895 nostram.
2863 1856 2883 1887 σ
2939 1833 3152 1895 Nonne
3193 1827 3391 1889 anima
3419 1826 3552 1907 plus
3583 1829 3670 1884 est

2029 1938 2206 2001 quam
2238 1938 2393 1994 esca,
2429 1929 2488 1983 et
2517 1940 2732 2002 corpus
2776 1921 3088 2002 plusquam
3137 1911 3664 2002 vestimentum»

2029 2000 2094 2072 17d
2125 2019 2236 2086 est,
2270 2007 2382 2082 Qui
2407 2000 2800 2089 majusdedit,
2829 2000 3043 2089 nempe
3065 2007 3165 2088 qui
3187 2005 3446 2066 animam
3479 2000 3669 2074 dedit,

2031 2108 2088 2162 et
2111 2118 2326 2181 corpus
2374 2101 2670 2176 formavit,
2727 2119 2924 2162 nonne
2975 2099 3138 2162 dabit
3185 2114 3380 2160 escam
3413 2103 3470 2156 et
3499 2092 3672 2154 vesti-

2036 2197 2235 2252 menta
2263 2189 2294 2250 ?
2342 2210 2372 2250 (
2420 2191 2680 2271 Aspicite
2729 2189 2983 2251 volatilia
3029 2187 3184 2262 caeli,
3229 2183 3507 2266 quoniam
3552 2200 3670 2242 non

2033 2286 2260 2350 serunt,
2296 2297 2488 2359 neque
2519 2287 2778 2354 metunt,
2813 2296 3004 2358 neque
3034 2280 3400 2354 congregant
3430 2272 3504 2359 in
3521 2271 3665 2332 hor-

2033 2387 2176 2445 rea;
2210 2375 2268 2429 et
2316 2358 2490 2428 Pater
2538 2377 2736 2430 vester
2786 2366 3044 2428 caelestis
3094 2363 3279 2446 pascit
3307 2361 3430 2423 illa.
3463 2358 3674 2422 Nonne

2037 2477 2140 2519 vos
2174 2456 2362 2537 magis
2393 2457 2577 2538 pluris
2611 2457 2752 2519 estis
2783 2457 2900 2518 illis
2930 2455 2956 2518 ἲ
2992 2480 3015 2509 ιι

308 2550 554 2612 Τουτέστι
590 2542 648 2608 Ὀ
676 2554 736 2607 τὸ
767 2559 951 2627 μεῖζον
998 2551 1138 2627 δοὺς,
1185 2552 1348 2631 ἤγουν
1396 2556 1424 2610 6
1469 2555 1568 2622 τὴν
1596 2555 1780 2635 ψυχὴν
1834 2555 1972 2629 δοὺς,
2018 2554 2105 2609 καὶ
2152 2554 2212 2608 τὸ
2264 2557 2420 2628 σῶμα
2456 2550 2766 2625 διαπλάσας,
2831 2552 2888 2609 οὗ
2945 2549 3098 2606 δώσει
3145 2547 3340 2629 τροφὴν
3389 2547 3475 2603 καὶ
3538 2542 3678 2602 ἐνδύ-

311 2661 503 2725 ματας
543 2664 571 2697 α
619 2639 954 2717 Ἐμϐλέψατε
1003 2643 1076 2707 εἷς
1125 2643 1191 2698 τὰ
1238 2644 1453 2700 πετεινὰ
1488 2651 1581 2701 τοῦ
1605 2645 1841 2723 οὐρανοῦ,
1889 2645 1968 2702 ὅτι
2013 2644 2072 2702 0'3
2126 2647 2441 2724 σπείρουσιν,
2503 2645 2616 2701 οὒδὲ
2669 2647 2968 2725 θερίζουσιν,
3041 2640 3158 2700 οὒδὲ
3227 2641 3533 2719 συνάγουσιν
3603 2641 3674 2702 εἱς

310 2723 606 2816 ἀποθήκας,
635 2737 722 2792 καὶ
751 2739 779 2792 6
809 2737 990 2814 Πατὴρ
1034 2738 1181 2812 ὑμῶν
1231 2740 1260 2794 6
1312 2737 1546 2816 οὒράνιος
1577 2739 1748 2820 τρέφει
1779 2740 1929 2798 αὐτά.
1957 2739 2065 2797 Οὔκ
2089 2723 2255 2814 ὑμεῖς
2276 2737 2475 2813 μᾶλλον
2505 2723 2770 2818 διαφέρετε
2799 2737 2967 2794 αὒτῶν
3002 2755 3017 2816 ς
3055 2759 3082 2790 n

393 2833 510 2887 Τῶν
559 2834 810 2885 πετεινῶν
870 2828 1134 2904 μέμνηται
1195 2833 1223 2886 6
1280 2831 1487 2910 Κύριος,
1533 2831 1626 2888 ἵνα
1678 2831 1943 2910 ἀποδείξῃ,

2110 2785 2240 2814 την,
2277 2785 2471 2813 ΓΜ.-.
2509 2785 2586 2794 -.η
2629 2785 2652 2792 -
2687 2785 2770 2793 -.,
2801 2785 2961 2794 _--_.
3056 2785 3080 2790 η

2110 2829 2383 2892 Volatilia
2445 2785 2734 2891 membr-at
2788 2785 3094 2900 Dominbs,
3146 2834 3212 2888 ut
3257 2824 3528 2888 ostendat
3571 2843 3680 2886 nos

315 2916 397 2974 ὅτι
454 2919 540 2973 καὶ
596 2917 790 2973 τούτων
861 2916 1179 2998 ἁλογώτεροί
1233 2919 1412 2994 ἐσμεν,
1473 2920 1560 2976 καὶ
1617 2923 1948 3001 καταισχύνῃ

2034 2919 2150 2980 illis
2179 2918 2510 2980 insaniores
2559 2937 2689 2980 esse
2739 2927 2797 2979 et
2846 2917 3168 2978 confundat
3216 2934 3346 2991 nos,
3403 2922 3579 2995 atque
3611 2920 3676 2975 ut

317 3007 481 3081 ἡμᾶς,
534 3006 621 3061 καὶ
671 3005 784 3079 ἵνα,
839 3004 966 3085 ὅπερ
1022 3005 1206 3087 ’έχουσι
1257 3007 1321 3062 τὰ
1367 3009 1579 3065 πετεινὰ
1634 3007 1694 3064 ἐκ
1749 2993 1949 3090 φύσεως

2034 3008 2192 3088 quod
2240 3015 2448 3069 natura
2493 3006 2750 3068 volatilia
2802 3005 3039 3078 habent,
3090 3023 3305 3084 nempe
3361 2993 3499 3064 non
3540 3020 3672 3064 esse

315 3095 377 3150 16
428 3094 504 3168 μὴ
552 3100 828 3172 μεριμνᾷν,
880 3101 1032 3151 τοῦτο
1081 3097 1242 3170 ἡμεῖς
1297 3095 1358 3151 ἐκ
1410 3095 1760 3175 προαιρέσεως
1813 3120 1950 3165 κτη-

310 3181 526 3256 σώμεθα
597 3201 614 3217 ⁶
709 3183 738 3237 6
807 3183 906 3260 γὰρ
978 3181 1201 3240 εὖτελῶν
1272 3185 1569 3262 στρουθίων,
1645 3186 1945 3264 φροντίζων,

314 3268 498 3344 πολλῷ
549 3268 748 3344 μᾶλλον
793 3275 900 3325 τῶν
949 3271 1136 3346 τιμίων
1183 3270 1469 3350 ἀνθρώπων
1516 3273 1799 3351 φροντίσει,
1855 3275 1952 3332 Διὰ

313 3363 467 3412 τοῦτο
539 3357 928 3432 ὑπομιμνήσκει
991 3359 1128 3432 ἀμᾶς
1200 3360 1227 3413 6
1299 3359 1482 3435 Κύριος
1553 3364 1650 3425 τῆς
1725 3360 1950 3440 ἀρχαίας

314 3445 519 3510 ἐκείνης
566 3441 860 3523 διαγωγῆς,
920 3443 1006 3500 ὅτε
1054 3447 1083 3500 6
1113 3445 1242 3509 Θεὸς
1303 3443 1481 3526 ἔτρεφε
1535 3447 1626 3502 τὸν
1679 3444 1848 3522 Ἀδὰμ
1904 3448 1957 3504 ἐν

314 3529 611 3611 παραδείσῳ
638 3537 714 3608 μὴ
759 3534 1056 3612 σπείροντα,
1104 3538 1201 3600 τῆς
1252 3539 1353 3613 γῆς
1402 3535 1783 3614 παρασχούσης
1816 3536 1957 3611 οὐτῷ

314 3622 380 3677 τὰ
421 3622 551 3699 πρὸς
594 3622 813 3701 τροφήν.
865 3621 1050 3702 Τρέφει
1089 3619 1143 3677 δὲ
1190 3623 1258 3679 τὰ
1302 3624 1515 3679 πετεινὰ
1569 3626 1597 3679 6
1653 3625 1805 3696 Θεὸς,
1865 3648 1956 3704 φυ-

315 3709 470 3776 σικὴν
514 3715 706 3787 γνῶσιν
750 3709 909 3773 ἐνθίὶς
957 3710 1138 3774 αὐτοῖς
1185 3713 1318 3788 πρὸς
1363 3711 1424 3766 τὸ
1474 3711 1711 3789 συνάγειν
1760 3713 1953 3792 τροφὰς

315 3796 400 3852 διὰ
427 3797 526 3864 τὴν
570 3798 752 3853 τούτου
801 3795 1131 3878 κυϐέρνησιν.
1191 3821 1220 3854 α
1269 3801 1357 3864 Τίς
1410 3800 1461 3865 ἐξ
1500 3801 1646 3874 ὑμῶν
1689 3805 1954 3878 μεριμνῶν

314 3883 524 3943 δύναται
594 3889 897 3964 προσθεῖναι
965 3887 1050 3943 ἐπὶ
1116 3889 1214 3955 τὴν
1281 3887 1490 3955 ἡλικίαν
1555 3887 1711 3943 αὒτοῦ
1767 3893 1952 3967 πῆχυν

315 3973 456 4054 ἕνας
512 3996 534 4030 ι
592 3971 813 4029 δείκνυσι
867 3976 894 4030 6
952 3977 1173 4054 Χριστὸς
1245 3974 1326 4030 ὅτι
1387 3976 1447 4031 τὸ
1516 3981 1670 4050 σῶμα
1739 3976 1800 4031 16
1869 3975 1952 4031 δο-

316 4068 435 4118 κοῦν
487 4060 627 4127 αὔξει
683 4061 836 4140 (2⁸7),
897 4063 993 4119 οὒκ
1045 4063 1150 4120 ἀπὸ
1201 4069 1397 4144 τροφῆς
1455 4060 1612 4137 αὔξει,
1695 4061 1832 4122 ἀλλὰ
1884 4070 1952 4140 τῇ

318 4151 474 4208 αὐτοῦ
529 4151 746 4231 προνοίᾳ
795 4153 882 4208 καὶ
938 4153 1140 4232 χάριτι.
1203 4151 1332 4211 Οὔτε
1382 4153 1480 4231 γὰρ
1527 4151 1736 4220 ἡλικίαν
1793 4151 1953 4209 δύνα-

2035 3096 2306 3177 sollicita,
2341 3115 2446 3158 nos
2478 3115 2546 3157 ex
2596 3097 2888 3157 voluntate
2929 3093 3322 3175 acquiramus.
3374 3091 3485 3165 Qui
3515 3091 3674 3152 enim

2034 3185 2234 3246 vilium
2269 3185 2739 3265 passerculorum
2791 3203 2993 3245 curam
3036 3182 3238 3263 habet,
3272 3181 3453 3242 multo
3488 3181 3674 3259 magis

2035 3273 2370 3348 hominum,
2401 3273 2503 3354 qui
2553 3272 2698 3334 tanti
2747 3272 2923 3352 pretii
2969 3279 3129 3347 sunt,
3165 3289 3365 3332 curam
3400 3267 3670 3332 habebit.

2035 3361 2176 3424 Ideo
2206 3363 2266 3424 in
2318 3361 2662 3424 memoriam
2716 3361 2890 3422 nobis
2932 3359 3164 3421 reducit
3215 3358 3503 3420 Dominus
3528 3357 3674 3418 illud

2038 3451 2344 3533 antiquum
2375 3451 2504 3511 vita».
2535 3450 2886 3529 institutum,
2915 3448 3152 3527 quando
3173 3447 3442 3508 Adanum
3474 3445 3677 3506 Domi;-

2038 3561 2150 3604 nus
2180 3541 2375 3604 alebat
2406 3560 2522 3601 non
2554 3539 2973 3618 seminantem,
3025 3545 3182 3599 terra
3223 3536 3312 3596 illi
3345 3553 3409 3597 ea
3444 3555 3574 3616 quze
3600 3536 3674 3597 ad

2035 3649 2231 3692 escam
2265 3629 2601 3690 necessaria
2631 3635 2817 3700 erant,
2867 3633 3198 3705 praestante.
3250 3623 3447 3687 Nutrit
3476 3632 3671 3685 autem

2035 3720 2192 3781 Deus
2220 3717 2496 3793 volatilia,
2531 3717 2856 3778 naturalem
2885 3715 3003 3776 illis
3033 3715 3304 3776 inserens
3327 3713 3673 3776 instinctum

2033 3817 2098 3868 ut
2151 3825 2254 3888 per
2300 3806 2488 3887 ipsius
2543 3804 3029 3883 gubernationem
3090 3803 3255 3865 cibos
3313 3814 3676 3884 congregent

2040 3915 2069 3956 α
2100 3895 2242 3968 Quis
2273 3905 2464 3957 autem
2497 3903 2752 3956 vestrum
2783 3893 3050 3972 cogitans
3082 3899 3274 3973 potest
3303 3892 3565 3973 adjicere
3594 3894 3666 3956 ad

2035 3992 2314 4046 staturam
2333 4002 2498 4045 suam
2525 3983 2787 4044 cubitum
2805 4000 2985 4043 unum
3003 3980 3034 4041 ‘I
3055 4002 3084 4040 ι
3111 3981 3388 4044 Ostendit
3409 3979 3680 4045 Christus

2037 4091 2253 4154 corpus
2285 4080 2436 4153 quod
2472 4071 2708 4134 videtur
2737 4088 3030 4144 crescere,
3066 4088 3184 4130 non
3215 4067 3346 4129 cibo
3377 4088 3675 4145 crescere,

2036 4162 2141 4224 sed
2203 4181 2308 4242 per
2360 4179 2526 4222 suam
2593 4159 3016 4232 urovidentiam
3065 4167 3123 4220 et
3170 4157 3440 4234 gratiam.
3492 4157 3678 4220 Nemo

316 4261 403 4295 ται
457 4262 537 4303 τις
595 4243 897 4314 προσθεῖναι
955 4241 1180 4316 σώματι,
1235 4239 1350 4297 οὔτε
1397 4245 1593 4320 τροφῆς
1641 4246 1949 4319 προνοῆσαι,

2039 4239 2507 4315 εηίιηέιειυτεῐη
2540 4249 2776 4330 corpori
2828 4269 2933 4311 suo
2983 4248 3204 4309 addere
3238 4253 3450 4326 potest,
3489 4265 3679 4329 neque

317 4329 361 4384 ei
394 4331 470 4403 μὴ
501 4329 528 4384 6
562 4329 712 4403 Θεὸς,
748 4328 800 4384 ἐν
829 4332 913 4392 οἷς
960 4327 1211 4405 δοκοῦμεν
1260 4328 1513 4408 ἐνεργεῖν,
1564 4330 1624 4384 τὸ
1653 4334 1758 4384 πᾶν
1787 4328 1948 4402 ἀνύει,

317 4417 391 4480 ὡς
449 4415 712 4493 βούλεται,
771 4417 902 4480 Τοὺς
966 4418 1064 4496 γὰρ
1121 4417 1359 4482 δοθέντας
1430 4416 1577 4496 ὅρους
1628 4417 1769 4495 παρὰ
1825 4423 1956 4474 Θεοῦ

315 4503 480 4567 οὖδεὶς
534 4502 742 4561 δύναται
793 4503 1011 4572 αὐξῆσαι
1058 4505 1093 4574 ἢ
1141 4512 1364 4582 μειῶσαι
1407 4523 1420 4538 ⁸
1472 4505 1532 4561 οὐ
1589 4505 1688 4584 γὰρ
1716 4507 1751 4573 ἡ
1781 4503 1952 4561 πολυ-

312 4593 476 4671 φαγία
506 4587 642 4656 αὔξει
688 4592 747 4647 τὸ
794 4597 974 4667 σῶμα,
1023 4591 1160 4652 ἀλλὰ
1204 4595 1292 4649 καὶ
1337 4592 1700 4672 ἀσθενέστερον
1751 4591 1950 4668 μᾶλλον

307 4681 433 4737 αὖτὸ
499 4694 669 4740 ποιεῖ.
743 4683 800 4737 Εἰ
883 4683 944 4738 τὸ
1011 4703 1128 4760 περι
1201 4689 1324 4758 μιᾶς
1397 4682 1598 4761 ἡμέρας
1671 4683 1956 4762 φροντίζειν

303 4769 456 4847 βαρὺ,
510 4770 596 4825 καὶ
643 4772 959 4845 κακωτικὸν,
1020 4774 1134 4836 πῶς
1191 4773 1251 4828 τὸ
1308 4773 1550 4850 περιττὸν
1607 4770 1704 4826 οὒκ
1758 4769 1956 4850 ἀφόρη-

308 4877 399 4911 τον
433 4875 450 4935 ;
478 4855 574 4934 ἄρα
599 4858 694 4914 οὗκ
740 4858 1046 4932 κακώσεως,
1087 4860 1176 4916 καὶ
1223 4847 1432 4934 ὀδύνη-ς,
1487 4861 1575 4916 καὶ
1607 4847 1832 4939 μόχθου,
1866 4847 1954 4915 καὶ

312 4942 688 5022 ταλαιπωρίας,
748 4948 830 5003 κοὶ
886 4947 1048 5003 πόνου
1116 4949 1151 5015 ἡ
1210 4954 1444 5026 παροῦσα
1501 4946 1676 5026 ἡμέρα
1741 4963 1756 4977 ⁶
1819 4946 1954 5003 ὥστε

316 5031 412 5088 κᾶν
496 5041 749 5112 μεριμνᾷς
783 5083 800 5109 ,
890 5036 1126 5115 ἄνθρωπε
1159 5083 1177 5110 ,
1259 5035 1356 5092 κᾶν
1429 5037 1724 5117 φροντίζῃς,
1811 5033 1956 5092 οὐδὲν

312 5135 512 5199 ποιεῖς,
575 5123 653 5202 μὴ
708 5123 947 5189 θέλοντος
989 5132 1078 5182 τοῦ
1126 5132 1277 5188 Θεοῦ.
1331 5125 1390 5184 Τί
1438 5125 1607 5183 τοίνυν
1655 5143 1956 5202 ματαιοπο-

393 5309 516 5392 (95)
554 5333 582 5366 α
615 5314 688 5370 οδ
712 5313 833 5392 si",
849 5312 1146 5392 χρημάτιρν
1172 5318 1541 5392 resaevia-
1578 5312 1690 5392 ξΙη
1712 5309 1805 5392 his
1827 5329 1956 5392 ηπ·

312 5407 416 5452 sus
432 5389 734 5472 _dgeest_vel
762 5389 983 5466 κελεύει,
1006 5391 1108 5472 vel
1165 5389 1414 5472 Senive!
1442 5391 1605 5453 aliud
1635 5391 1774 5472 quid
1809 5391 1948 5454 tale.

395 5469 530 5629 (96;
565 5489 595 5530 ι
627 5469 773 5528 Ἐπεὶ
792 5472 902 5531 καὶ.
942 5496 966 5528 ι
1003 5471 1149 5530 Ἐπεὶ
1178 5470 1318 5533 dedi
1347 5488 1454 5550 pro
1484 5472 1591 5535 ἐπί,

400 5548 496 5628 (27
565 5571 592 5606 α
625 5552 696 5608 Τὸ
725 5550 908 5615 δοκοῦν
938 5551 1097 5620 αὔξει.
1122 5576 1150 5609 ι
1181 5550 1350 5617 Haud
1373 5550 1591 5614 dubie:

400 5548 530 5628 (27)
565 5571 592 5606 α
625 5552 696 5608 Τὸ
725 5550 908 5615 δοκοῦν
938 5551 1097 5620 αὔξει.
1122 5576 1150 5609 ι
1181 5548 1553 5617 Haud‘dubie
1574 5550 1955 5616 scribendum

2037 4341 2148 4402 sibi
2180 4339 2375 4402 cibum
2408 4357 2744 4420 procurare,
2782 4339 2897 4399 nisi
2943 4337 3124 4403 Deus.
3179 4336 3413 4416 quando
3444 4337 3678 4416 operari

2036 4429 2328 4509 videmur,
2359 4427 2560 4490 omnia
2591 4426 2877 4507 perﬁciat,
2928 4434 2991 4487 ut
3019 4423 3291 4486 voluerit.
3327 4423 3484 4496 Quos
3515 4425 3674 4486 enim

2035 4518 2254 4580 limites
2285 4517 2570 4580 Dominus
2601 4516 2820 4596 posuit,
2847 4535 3022 4578 nemo
3045 4532 3262 4594 augere
3285 4522 3383 4575 aut
3407 4515 3677 4578 minuere

2036 4616 2248 4688 potest.
2281 4607 2409 4668 Non
2435 4606 2592 4667 enim
2627 4605 2912 4667 voracitas
2942 4604 3181 4685 augebit
3208 4623 3444 4684 corpus,
3479 4604 3585 4666 sed
3619 4615 3676 4666 et

2037 4697 2183 4759 illud
2215 4695 2506 4757 inﬁrmius
2536 4694 2718 4754 multo
2750 4693 2946 4757 faciet.
2974 4692 3032 4756 Si
3056 4692 3214 4753 enim
3237 4691 3327 4752 vel
3347 4691 3419 4751 de
3447 4709 3559 4751 una
3581 4690 3677 4752 die

2035 4785 2350 4848 sollicitum
2385 4802 2515 4845 esse
2558 4801 2732 4860 graae
2779 4791 2870 4846 est
2917 4791 2977 4845 et
3023 4780 3318 4853 nocivum,
3373 4779 3672 4858 quomodo

2036 4871 2452 4935 sollicitudinis
2507 4889 2783 4933 excessus
2839 4890 2959 4932 non
3010 4876 3167 4932 esset
3222 4865 3613 4928 intolerabiiis
3645 4867 3676 4927 ?

2036 4959 2216 5041 Igitur
2246 4960 2419 5036 malo,
2457 4967 2512 5020 et
2542 4959 2770 5033 dolore,
2805 4967 2862 5021 ct
2893 4959 3116 5030 labore,
3147 4963 3202 5015 et
3224 4961 3590 5034 paupertate,
3618 4960 3679 5016 et

2042 5068 2214 5131 poena
2239 5050 2413 5130 plena
2443 5055 2535 5111 est
2565 5066 2826 5130 praesens
2849 5048 3000 5110 dies.
3025 5045 3115 5108 Ita
3136 5053 3222 5117 ut,
3256 5042 3490 5104 etiamsi
3518 5042 3679 5104 solli-

2041 5141 2191 5203 citus
2220 5143 2324 5218 sis,
2357 5159 2391 5201 o
2424 5141 2624 5217 homo,
2657 5138 2890 5202 etiamsi
2929 5136 3172 5218 cogites,
3208 5132 3355 5195 nihil
3384 5133 3525 5195 facis
3554 5133 3675 5196 Deo

2036 5313 2096 5368 16
2125 5309 2308 5368 δοκοῦν
2337 5308 2535 5399 adigam,
2561 5307 2660 5370 Bis
2687 5306 2973 5399 deinceps
3011 5312 3212 5399 autem
3251 5303 3354 5395 hic
3386 5303 3554 5399 «figant
3585 5314 3676 5396 est

2035 5401 2298 5453 crescere
2325 5390 2556 5469 augeri,
2613 5396 2676 5449 ut
2723 5405 2858 5469 mox
2903 5383 2966 5449 in
3011 5383 3266 5452 Matthazi
3307 5383 3528 5467 verbis,
3559 5385 3674 5455 πῶς

2040 5469 2265 5555 αὐξάνει,
2299 5470 2357 5526 οὗ
2395 5465 2580 5555 κοπιᾷ,
2609 5489 2661 5543 κ,
2690 5490 2742 5530 τ.
2778 5465 2832 5537 λ,
