  <div class='ocr_page' id='page_1' title='image "/cluster/home/n/w/nwhite01/storage/ocr_20150623/120/mdp.39015008866736/629.png"; bbox 0 0 4008 6114; ppageno 0'>
   <div class='ocr_carea' id='block_1_1' title="bbox 440 247 596 313">
    <p class='ocr_par' dir='ltr' id='par_1_1' title="bbox 440 247 596 313">
     <span class='ocr_line' id='line_1_1' title="bbox 440 247 596 313; baseline 0.006 -1"><span class='ocrx_word' id='word_1_1' title='bbox 440 247 596 313; x_wconf 67' lang='grc'><strong>1267</strong></span> 
     </span>
    </p>
   </div>
   <div class='ocr_carea' id='block_1_2' title="bbox 1512 259 2713 347">
    <p class='ocr_par' dir='ltr' id='par_1_2' title="bbox 1512 259 2713 347">
     <span class='ocr_line' id='line_1_2' title="bbox 1512 259 2713 347; baseline 0.008 -24"><span class='ocrx_word' id='word_1_2' title='bbox 1512 259 1568 323; x_wconf 81' lang='lat' dir='ltr'><strong>J.</strong></span> <span class='ocrx_word' id='word_1_3' title='bbox 1615 261 2005 329; x_wconf 79' lang='lat' dir='ltr'><strong>XIPHILINI</strong></span> <span class='ocrx_word' id='word_1_4' title='bbox 2045 263 2713 347; x_wconf 72' lang='lat' dir='ltr'><strong>GP._PA’,I‘R1ARCH1E</strong></span> 
     </span>
    </p>
   </div>
   <div class='ocr_carea' id='block_1_3' title="bbox 3641 274 3767 363">
    <p class='ocr_par' dir='ltr' id='par_1_3' title="bbox 3641 274 3767 363">
     <span class='ocr_line' id='line_1_3' title="bbox 3641 274 3767 363; baseline 0 0"><span class='ocrx_word' id='word_1_5' title='bbox 3641 274 3767 363; x_wconf 62' lang='lat' dir='ltr'><strong>ms</strong></span> 
     </span>
    </p>
   </div>
   <div class='ocr_carea' id='block_1_4' title="bbox 431 382 2073 485">
    <p class='ocr_par' dir='ltr' id='par_1_4' title="bbox 431 382 2061 485">
     <span class='ocr_line' id='line_1_4' title="bbox 431 382 2061 485; baseline 0.007 -39"><span class='ocrx_word' id='word_1_6' title='bbox 431 382 550 485; x_wconf 76' lang='lat' dir='ltr'><strong>lem</strong></span> <span class='ocrx_word' id='word_1_7' title='bbox 594 383 923 465; x_wconf 76' lang='lat' dir='ltr'><strong>profectum</strong></span> <span class='ocrx_word' id='word_1_8' title='bbox 973 387 1174 485; x_wconf 79' lang='lat' dir='ltr'><strong>tendat</strong></span> <span class='ocrx_word' id='word_1_9' title='bbox 1199 386 1701 485; x_wconf 72' lang='lat' dir='ltr'><strong>Quoniamigitur</strong></span> <span class='ocrx_word' id='word_1_10' title='bbox 1732 392 1855 455; x_wconf 75' lang='lat' dir='ltr'><strong>haec</strong></span> <span class='ocrx_word' id='word_1_11' title='bbox 1885 393 1964 457; x_wconf 89' lang='lat' dir='ltr'><strong>ita</strong></span> <span class='ocrx_word' id='word_1_12' title='bbox 1994 413 2061 458; x_wconf 92' lang='lat' dir='ltr'><strong>se</strong></span> 
     </span>
    </p>
   </div>
   <div class='ocr_carea' id='block_1_5' title="bbox 2155 382 3759 485">
    <p class='ocr_par' dir='ltr' id='par_1_5' title="bbox 2155 394 3759 485">
     <span class='ocr_line' id='line_1_5' title="bbox 2155 394 3759 485; baseline 0.006 -32"><span class='ocrx_word' id='word_1_13' title='bbox 2155 395 2335 454; x_wconf 71' lang='grc' dir='ltr'>ἴλλοτε</span> <span class='ocrx_word' id='word_1_14' title='bbox 2394 394 2497 485; x_wconf 70' lang='grc' dir='ltr'>δὲ,</span> <span class='ocrx_word' id='word_1_15' title='bbox 2533 400 2650 477; x_wconf 85' lang='grc' dir='ltr'>περὶ</span> <span class='ocrx_word' id='word_1_16' title='bbox 2706 397 2873 469; x_wconf 77' lang='grc' dir='ltr'>ἄλλης</span> <span class='ocrx_word' id='word_1_17' title='bbox 2924 404 3355 483; x_wconf 85' lang='grc' dir='ltr'>παραινούμενοι,</span> <span class='ocrx_word' id='word_1_18' title='bbox 3424 407 3517 462; x_wconf 86' lang='grc' dir='ltr'><strong>καὶ</strong></span> <span class='ocrx_word' id='word_1_19' title='bbox 3569 412 3759 485; x_wconf 40' lang='lat' dir='ltr'><strong>«ws-1.60;</strong></span> 
     </span>
    </p>
   </div>
   <div class='ocr_carea' id='block_1_6' title="bbox 433 474 2074 565">
    <p class='ocr_par' dir='ltr' id='par_1_6' title="bbox 433 474 2074 565">
     <span class='ocr_line' id='line_1_6' title="bbox 433 474 2074 565; baseline 0.008 -30"><span class='ocrx_word' id='word_1_20' title='bbox 433 474 677 550; x_wconf 79' lang='lat' dir='ltr'><strong>habent,</strong></span> <span class='ocrx_word' id='word_1_21' title='bbox 705 494 775 538; x_wconf 80' lang='lat' dir='ltr'><strong>ex</strong></span> <span class='ocrx_word' id='word_1_22' title='bbox 792 478 1149 557; x_wconf 81' lang='lat' dir='ltr'><strong>evangelicis</strong></span> <span class='ocrx_word' id='word_1_23' title='bbox 1162 478 1359 542; x_wconf 80' lang='lat' dir='ltr'><strong>verbis</strong></span> <span class='ocrx_word' id='word_1_24' title='bbox 1380 480 1557 543; x_wconf 87' lang='lat' dir='ltr'><strong>hodie</strong></span> <span class='ocrx_word' id='word_1_25' title='bbox 1570 482 1872 545; x_wconf 85' lang='lat' dir='ltr'><strong>discamus</strong></span> <span class='ocrx_word' id='word_1_26' title='bbox 1890 504 2074 565; x_wconf 86' lang='lat' dir='ltr'><strong>quan-</strong></span> 
     </span>
    </p>
   </div>
   <div class='ocr_carea' id='block_1_7' title="bbox 433 565 2077 650">
    <p class='ocr_par' dir='ltr' id='par_1_7' title="bbox 433 565 2077 650">
     <span class='ocr_line' id='line_1_7' title="bbox 433 565 2077 650; baseline 0.008 -26"><span class='ocrx_word' id='word_1_27' title='bbox 433 571 556 625; x_wconf 91' lang='lat' dir='ltr'><strong>tum</strong></span> <span class='ocrx_word' id='word_1_28' title='bbox 572 565 794 628; x_wconf 87' lang='lat' dir='ltr'><strong>malum</strong></span> <span class='ocrx_word' id='word_1_29' title='bbox 814 566 890 627; x_wconf 89' lang='lat' dir='ltr'><strong>sit</strong></span> <span class='ocrx_word' id='word_1_30' title='bbox 910 576 1240 647; x_wconf 88' lang='lat' dir='ltr'><strong>peccatum,</strong></span> <span class='ocrx_word' id='word_1_31' title='bbox 1256 568 1521 650; x_wconf 85' lang='lat' dir='ltr'><strong>illudque</strong></span> <span class='ocrx_word' id='word_1_32' title='bbox 1539 570 1798 633; x_wconf 91' lang='lat' dir='ltr'><strong>animam</strong></span> <span class='ocrx_word' id='word_1_33' title='bbox 1822 574 2077 637; x_wconf 91' lang='lat' dir='ltr'><strong>multum</strong></span> 
     </span>
    </p>
   </div>
   <div class='ocr_carea' id='block_1_8' title="bbox 434 652 2078 742">
    <p class='ocr_par' dir='ltr' id='par_1_8' title="bbox 434 652 2078 742">
     <span class='ocr_line' id='line_1_8' title="bbox 434 652 2078 742; baseline 0.007 -29"><span class='ocrx_word' id='word_1_34' title='bbox 434 652 659 715; x_wconf 58' lang='lat' dir='ltr'><strong>foedare</strong></span> <span class='ocrx_word' id='word_1_35' title='bbox 678 662 739 716; x_wconf 88' lang='lat' dir='ltr'><strong>et</strong></span> <span class='ocrx_word' id='word_1_36' title='bbox 756 656 1149 736; x_wconf 87' lang='lat' dir='ltr'><strong>corporalium</strong></span> <span class='ocrx_word' id='word_1_37' title='bbox 1179 658 1522 720; x_wconf 85' lang='lat' dir='ltr'><strong>morborum</strong></span> <span class='ocrx_word' id='word_1_38' title='bbox 1558 660 1909 742; x_wconf 91' lang='lat' dir='ltr'><strong>plerumque</strong></span> <span class='ocrx_word' id='word_1_39' title='bbox 1941 681 2078 726; x_wconf 92' lang='lat' dir='ltr'><strong>esse</strong></span> 
     </span>
    </p>
   </div>
   <div class='ocr_carea' id='block_1_9' title="bbox 435 742 2077 824">
    <p class='ocr_par' dir='ltr' id='par_1_9' title="bbox 435 742 2077 824">
     <span class='ocr_line' id='line_1_9' title="bbox 435 742 2077 824; baseline 0.007 -21"><span class='ocrx_word' id='word_1_40' title='bbox 435 759 694 805; x_wconf 88' lang='lat' dir='ltr'><strong>causam.</strong></span> <span class='ocrx_word' id='word_1_41' title='bbox 711 742 794 804; x_wconf 83' lang='lat' dir='ltr'><strong>Ita</strong></span> <span class='ocrx_word' id='word_1_42' title='bbox 811 763 986 824; x_wconf 87' lang='lat' dir='ltr'><strong>porro</strong></span> <span class='ocrx_word' id='word_1_43' title='bbox 1008 763 1072 807; x_wconf 93' lang='lat' dir='ltr'><strong>se</strong></span> <span class='ocrx_word' id='word_1_44' title='bbox 1093 744 1270 807; x_wconf 91' lang='lat' dir='ltr'><strong>habet</strong></span> <span class='ocrx_word' id='word_1_45' title='bbox 1289 746 1788 814; x_wconf 88' lang='lat' dir='ltr'><strong>hodiernalectio.</strong></span> <span class='ocrx_word' id='word_1_46' title='bbox 1820 773 1844 805; x_wconf 75' lang='grc' dir='ltr'><em>α</em></span> <span class='ocrx_word' id='word_1_47' title='bbox 1872 750 1939 813; x_wconf 92' lang='lat' dir='ltr'><strong>In</strong></span> <span class='ocrx_word' id='word_1_48' title='bbox 1972 752 2077 814; x_wconf 94' lang='lat' dir='ltr'><strong>illo</strong></span> 
     </span>
    </p>
   </div>
   <div class='ocr_carea' id='block_1_10' title="bbox 437 830 2073 917">
    <p class='ocr_par' dir='ltr' id='par_1_10' title="bbox 437 830 2073 917">
     <span class='ocr_line' id='line_1_10' title="bbox 437 830 2073 917; baseline 0.007 -27"><span class='ocrx_word' id='word_1_49' title='bbox 437 837 705 911; x_wconf 88' lang='lat' dir='ltr'><strong>tempore</strong></span> <span class='ocrx_word' id='word_1_50' title='bbox 715 831 932 894; x_wconf 87' lang='lat' dir='ltr'><strong>ascend</strong></span> <span class='ocrx_word' id='word_1_51' title='bbox 941 830 1081 895; x_wconf 85' lang='lat' dir='ltr'><strong>ensJ</strong></span> <span class='ocrx_word' id='word_1_52' title='bbox 1086 833 1291 895; x_wconf 89' lang='lat' dir='ltr'><strong>esusin</strong></span> <span class='ocrx_word' id='word_1_53' title='bbox 1308 836 1635 898; x_wconf 84' lang='lat' dir='ltr'><strong>naviculam</strong></span> <span class='ocrx_word' id='word_1_54' title='bbox 1653 839 2073 917; x_wconf 80' lang='lat' dir='ltr'><strong>transfretavit;</strong></span> 
     </span>
    </p>
   </div>
   <div class='ocr_carea' id='block_1_11' title="bbox 436 921 2075 1013">
    <p class='ocr_par' dir='ltr' id='par_1_11' title="bbox 436 921 2075 1013">
     <span class='ocr_line' id='line_1_11' title="bbox 436 921 2075 1013; baseline 0.007 -31"><span class='ocrx_word' id='word_1_55' title='bbox 436 921 741 1013; x_wconf 78' lang='lat' dir='ltr'><strong>etvenitin</strong></span> <span class='ocrx_word' id='word_1_56' title='bbox 763 923 1055 986; x_wconf 88' lang='lat' dir='ltr'><strong>civitatem</strong></span> <span class='ocrx_word' id='word_1_57' title='bbox 1074 943 1265 988; x_wconf 88' lang='lat' dir='ltr'><strong>suam.</strong></span> <span class='ocrx_word' id='word_1_58' title='bbox 1287 927 1361 989; x_wconf 87' lang='lat' dir='ltr'><strong>Et</strong></span> <span class='ocrx_word' id='word_1_59' title='bbox 1383 945 1522 990; x_wconf 91' lang='lat' dir='ltr'><strong>ecce</strong></span> <span class='ocrx_word' id='word_1_60' title='bbox 1539 929 1866 993; x_wconf 84' lang='lat' dir='ltr'><strong>oll&#39;erebant</strong></span> <span class='ocrx_word' id='word_1_61' title='bbox 1888 931 1944 993; x_wconf 92' lang='lat' dir='ltr'><strong>ei</strong></span> <span class='ocrx_word' id='word_1_62' title='bbox 1966 951 2075 1013; x_wconf 87' lang='lat' dir='ltr'><strong>pa—</strong></span> 
     </span>
    </p>
   </div>
   <div class='ocr_carea' id='block_1_12' title="bbox 434 1010 2078 1100">
    <p class='ocr_par' dir='ltr' id='par_1_12' title="bbox 434 1010 2078 1100">
     <span class='ocr_line' id='line_1_12' title="bbox 434 1010 2078 1100; baseline 0.008 -29"><span class='ocrx_word' id='word_1_63' title='bbox 434 1010 744 1100; x_wconf 69' lang='lat' dir='ltr'><strong>ralyticum</strong></span> <span class='ocrx_word' id='word_1_64' title='bbox 762 1013 1063 1093; x_wconf 87' lang='lat' dir='ltr'><strong>jacentem</strong></span> <span class='ocrx_word' id='word_1_65' title='bbox 1084 1014 1145 1077; x_wconf 92' lang='lat' dir='ltr'><strong>in</strong></span> <span class='ocrx_word' id='word_1_66' title='bbox 1171 1015 1347 1077; x_wconf 90' lang='lat' dir='ltr'><strong>lecto.</strong></span> <span class='ocrx_word' id='word_1_67' title='bbox 1389 1040 1412 1072; x_wconf 76' lang='grc' dir='ltr'><strong>ι</strong></span> <span class='ocrx_word' id='word_1_68' title='bbox 1442 1015 1754 1094; x_wconf 78' lang='lat' dir='ltr'><strong>Egreditur</strong></span> <span class='ocrx_word' id='word_1_69' title='bbox 1778 1010 2019 1100; x_wconf 75' lang='lat' dir='ltr'><strong>quidem</strong></span> <span class='ocrx_word' id='word_1_70' title='bbox 2042 1040 2078 1084; x_wconf 91' lang='lat' dir='ltr'><strong>e</strong></span> 
     </span>
    </p>
   </div>
   <div class='ocr_carea' id='block_1_13' title="bbox 437 1098 2077 1171">
    <p class='ocr_par' dir='ltr' id='par_1_13' title="bbox 437 1098 2077 1171">
     <span class='ocr_line' id='line_1_13' title="bbox 437 1098 2077 1171; baseline 0.005 -9"><span class='ocrx_word' id='word_1_71' title='bbox 437 1098 869 1164; x_wconf 78' lang='lat' dir='ltr'><strong>Gerasenorum</strong></span> <span class='ocrx_word' id='word_1_72' title='bbox 885 1103 1107 1165; x_wconf 81' lang='lat' dir='ltr'><strong>ﬁnibus</strong></span> <span class='ocrx_word' id='word_1_73' title='bbox 1119 1104 1403 1167; x_wconf 88' lang='lat' dir='ltr'><strong>Dominus</strong></span> <span class='ocrx_word' id='word_1_74' title='bbox 1421 1104 1492 1166; x_wconf 91' lang='lat' dir='ltr'><strong>ab</strong></span> <span class='ocrx_word' id='word_1_75' title='bbox 1514 1098 1944 1171; x_wconf 83' lang='lat' dir='ltr'><strong>illisinvitatus.</strong></span> <span class='ocrx_word' id='word_1_76' title='bbox 1978 1110 2077 1171; x_wconf 89' lang='lat' dir='ltr'><strong>Ti-</strong></span> 
     </span>
    </p>
   </div>
   <div class='ocr_carea' id='block_1_14' title="bbox 437 1192 2075 1276">
    <p class='ocr_par' dir='ltr' id='par_1_14' title="bbox 437 1192 2075 1276">
     <span class='ocr_line' id='line_1_14' title="bbox 437 1192 2075 1276; baseline 0.007 -25"><span class='ocrx_word' id='word_1_77' title='bbox 437 1200 669 1255; x_wconf 85' lang='lat' dir='ltr'><strong>merant</strong></span> <span class='ocrx_word' id='word_1_78' title='bbox 711 1193 870 1256; x_wconf 89' lang='lat' dir='ltr'><strong>enim</strong></span> <span class='ocrx_word' id='word_1_79' title='bbox 911 1192 1218 1270; x_wconf 84' lang='lat' dir='ltr'><strong>Geraseni,</strong></span> <span class='ocrx_word' id='word_1_80' title='bbox 1253 1195 1410 1276; x_wconf 87' lang='lat' dir='ltr'><strong>quod</strong></span> <span class='ocrx_word' id='word_1_81' title='bbox 1441 1215 1653 1276; x_wconf 91' lang='lat' dir='ltr'><strong>porcos</strong></span> <span class='ocrx_word' id='word_1_82' title='bbox 1682 1217 1823 1261; x_wconf 90' lang='lat' dir='ltr'><strong>suos</strong></span> <span class='ocrx_word' id='word_1_83' title='bbox 1849 1200 2075 1263; x_wconf 84' lang='lat' dir='ltr'><strong>amise-</strong></span> 
     </span>
    </p>
   </div>
   <div class='ocr_carea' id='block_1_15' title="bbox 434 1281 2074 1365">
    <p class='ocr_par' dir='ltr' id='par_1_15' title="bbox 434 1281 2074 1365">
     <span class='ocr_line' id='line_1_15' title="bbox 434 1281 2074 1365; baseline 0.006 -24"><span class='ocrx_word' id='word_1_84' title='bbox 434 1287 589 1360; x_wconf 85' lang='lat' dir='ltr'><strong>rant,</strong></span> <span class='ocrx_word' id='word_1_85' title='bbox 619 1299 694 1342; x_wconf 91' lang='lat' dir='ltr'><strong>ne</strong></span> <span class='ocrx_word' id='word_1_86' title='bbox 714 1281 969 1345; x_wconf 84' lang='lat' dir='ltr'><strong>similem</strong></span> <span class='ocrx_word' id='word_1_87' title='bbox 999 1282 1279 1345; x_wconf 86' lang='lat' dir='ltr'><strong>facturam</strong></span> <span class='ocrx_word' id='word_1_88' title='bbox 1315 1293 1682 1365; x_wconf 90' lang='lat' dir='ltr'><strong>paterentur.</strong></span> <span class='ocrx_word' id='word_1_89' title='bbox 1716 1286 1858 1351; x_wconf 91' lang='lat' dir='ltr'><strong>Ideo</strong></span> <span class='ocrx_word' id='word_1_90' title='bbox 1888 1298 1947 1352; x_wconf 92' lang='lat' dir='ltr'><strong>et</strong></span> <span class='ocrx_word' id='word_1_91' title='bbox 1974 1289 2074 1351; x_wconf 91' lang='lat' dir='ltr'><strong>in-</strong></span> 
     </span>
    </p>
   </div>
   <div class='ocr_carea' id='block_1_16' title="bbox 2158 484 3765 571">
    <p class='ocr_par' dir='ltr' id='par_1_16' title="bbox 2158 484 3765 571">
     <span class='ocr_line' id='line_1_16' title="bbox 2158 484 3765 571; baseline 0.006 -29"><span class='ocrx_word' id='word_1_92' title='bbox 2158 496 2320 547; x_wconf 82' lang='grc' dir='ltr'>ταῦτα</span> <span class='ocrx_word' id='word_1_93' title='bbox 2385 484 2749 564; x_wconf 78' lang='grc' dir='ltr'>παιδευόμενοι</span> <span class='ocrx_word' id='word_1_94' title='bbox 2830 492 2918 548; x_wconf 85' lang='grc' dir='ltr'>καὶ</span> <span class='ocrx_word' id='word_1_95' title='bbox 2999 494 3417 570; x_wconf 75' lang='grc' dir='ltr'><strong>γυμναζόμενοι,</strong></span> <span class='ocrx_word' id='word_1_96' title='bbox 3485 484 3765 571; x_wconf 77' lang='grc' dir='ltr'>δυνησόμεθα</span> 
     </span>
    </p>
   </div>
   <div class='ocr_carea' id='block_1_17' title="bbox 2158 575 3770 661">
    <p class='ocr_par' dir='ltr' id='par_1_17' title="bbox 2158 575 3770 661">
     <span class='ocr_line' id='line_1_17' title="bbox 2158 575 3770 661; baseline 0.005 -29"><span class='ocrx_word' id='word_1_97' title='bbox 2158 576 2245 632; x_wconf 87' lang='grc' dir='ltr'><strong>καί</strong></span> <span class='ocrx_word' id='word_1_98' title='bbox 2298 575 2441 634; x_wconf 87' lang='grc' dir='ltr'><strong>αύτοί</strong></span> <span class='ocrx_word' id='word_1_99' title='bbox 2494 578 2589 642; x_wconf 75' lang='grc' dir='ltr'><strong>τὰς</strong></span> <span class='ocrx_word' id='word_1_100' title='bbox 2646 578 2833 659; x_wconf 80' lang='grc' dir='ltr'>ἀρετὰς</span> <span class='ocrx_word' id='word_1_101' title='bbox 2888 586 3238 661; x_wconf 81' lang='grc' dir='ltr'>κατορθῶσαι,</span> <span class='ocrx_word' id='word_1_102' title='bbox 3298 584 3391 639; x_wconf 85' lang='grc' dir='ltr'><strong>καί</strong></span> <span class='ocrx_word' id='word_1_103' title='bbox 3444 584 3537 639; x_wconf 78' lang='grc' dir='ltr'><strong>τὸν</strong></span> <span class='ocrx_word' id='word_1_104' title='bbox 3583 582 3639 640; x_wconf 78' lang='grc' dir='ltr'>ὲκ</span> <span class='ocrx_word' id='word_1_105' title='bbox 3681 585 3770 639; x_wconf 70' lang='grc' dir='ltr'><strong>τώ-</strong></span> 
     </span>
    </p>
   </div>
   <div class='ocr_carea' id='block_1_18' title="bbox 2158 666 3767 753">
    <p class='ocr_par' dir='ltr' id='par_1_18' title="bbox 2158 666 3767 753">
     <span class='ocr_line' id='line_1_18' title="bbox 2158 666 3767 753; baseline 0.002 -31"><span class='ocrx_word' id='word_1_106' title='bbox 2158 688 2263 722; x_wconf 90' lang='grc' dir='ltr'><strong>των</strong></span> <span class='ocrx_word' id='word_1_107' title='bbox 2310 666 2670 744; x_wconf 79' lang='grc' dir='ltr'>ἐντικτόμενον</span> <span class='ocrx_word' id='word_1_108' title='bbox 2719 683 2840 736; x_wconf 77' lang='grc' dir='ltr'>ταῖς</span> <span class='ocrx_word' id='word_1_109' title='bbox 2891 670 3168 751; x_wconf 73' lang='grc' dir='ltr'><strong>ἡμετέραις</strong></span> <span class='ocrx_word' id='word_1_110' title='bbox 3220 677 3438 753; x_wconf 75' lang='grc' dir='ltr'>ψυχαῖς</span> <span class='ocrx_word' id='word_1_111' title='bbox 3507 672 3767 749; x_wconf 67' lang='grc' dir='ltr'>γλυκασμὸν</span> 
     </span>
    </p>
   </div>
   <div class='ocr_carea' id='block_1_19' title="bbox 2158 757 3771 841">
    <p class='ocr_par' dir='ltr' id='par_1_19' title="bbox 2158 757 3771 841">
     <span class='ocr_line' id='line_1_19' title="bbox 2158 757 3771 841; baseline 0.002 -30"><span class='ocrx_word' id='word_1_112' title='bbox 2158 776 2216 811; x_wconf 85' lang='grc' dir='ltr'><strong>τε</strong></span> <span class='ocrx_word' id='word_1_113' title='bbox 2271 757 2359 813; x_wconf 86' lang='grc' dir='ltr'><strong>καὶ</strong></span> <span class='ocrx_word' id='word_1_114' title='bbox 2410 758 2701 837; x_wconf 76' lang='grc' dir='ltr'>φωτισμὸν,</span> <span class='ocrx_word' id='word_1_115' title='bbox 2756 760 2829 824; x_wconf 81' lang='grc' dir='ltr'>ὡς</span> <span class='ocrx_word' id='word_1_116' title='bbox 2888 759 3007 835; x_wconf 87' lang='grc' dir='ltr'>μέλι</span> <span class='ocrx_word' id='word_1_117' title='bbox 3064 763 3153 818; x_wconf 89' lang='grc' dir='ltr'><strong>καὶ</strong></span> <span class='ocrx_word' id='word_1_118' title='bbox 3205 761 3392 841; x_wconf 79' lang='grc' dir='ltr'>κηρίον</span> <span class='ocrx_word' id='word_1_119' title='bbox 3454 774 3771 841; x_wconf 75' lang='grc' dir='ltr'>προσαγαγεῖν</span> 
     </span>
    </p>
   </div>
   <div class='ocr_carea' id='block_1_20' title="bbox 2158 842 3770 931">
    <p class='ocr_par' dir='ltr' id='par_1_20' title="bbox 2158 842 3770 931">
     <span class='ocr_line' id='line_1_20' title="bbox 2158 842 3770 931; baseline 0.002 -30"><span class='ocrx_word' id='word_1_120' title='bbox 2158 850 2235 919; x_wconf 83' lang='grc' dir='ltr'><strong>τῷ</strong></span> <span class='ocrx_word' id='word_1_121' title='bbox 2264 848 2400 919; x_wconf 79' lang='grc' dir='ltr'><strong>Θεῷ.</strong></span> <span class='ocrx_word' id='word_1_122' title='bbox 2436 842 2543 902; x_wconf 79' lang='grc' dir='ltr'><strong>Ἀεὶ</strong></span> <span class='ocrx_word' id='word_1_123' title='bbox 2590 847 2690 925; x_wconf 67' lang='grc' dir='ltr'><strong>γὰρ</strong></span> <span class='ocrx_word' id='word_1_124' title='bbox 2737 849 2771 916; x_wconf 79' lang='grc' dir='ltr'>ἡ</span> <span class='ocrx_word' id='word_1_125' title='bbox 2820 847 2930 905; x_wconf 89' lang='grc' dir='ltr'>θεία</span> <span class='ocrx_word' id='word_1_126' title='bbox 2977 849 3159 930; x_wconf 74' lang='grc' dir='ltr'>Γραφὴ</span> <span class='ocrx_word' id='word_1_127' title='bbox 3209 852 3274 906; x_wconf 82' lang='grc' dir='ltr'><strong>τὰ</strong></span> <span class='ocrx_word' id='word_1_128' title='bbox 3320 849 3551 931; x_wconf 69' lang='grc' dir='ltr'>θεοφιλῆ</span> <span class='ocrx_word' id='word_1_129' title='bbox 3581 852 3661 906; x_wconf 80' lang='grc' dir='ltr'><strong>καὶ</strong></span> <span class='ocrx_word' id='word_1_130' title='bbox 3685 873 3770 905; x_wconf 77' lang='grc' dir='ltr'>σω-</span> 
     </span>
    </p>
   </div>
   <div class='ocr_carea' id='block_1_21' title="bbox 2157 930 3771 1013">
    <p class='ocr_par' dir='ltr' id='par_1_21' title="bbox 2157 930 3771 1013">
     <span class='ocr_line' id='line_1_21' title="bbox 2157 930 3771 1013; baseline 0.01 -27"><span class='ocrx_word' id='word_1_131' title='bbox 2157 932 2314 1012; x_wconf 80' lang='grc' dir='ltr'>τήρια</span> <span class='ocrx_word' id='word_1_132' title='bbox 2343 930 2571 988; x_wconf 77' lang='grc' dir='ltr'>διδάσκει</span> <span class='ocrx_word' id='word_1_133' title='bbox 2600 936 2687 990; x_wconf 83' lang='grc' dir='ltr'><strong>καὶ</strong></span> <span class='ocrx_word' id='word_1_134' title='bbox 2737 936 3031 1013; x_wconf 81' lang='grc' dir='ltr'>ὑποτίθησι,</span> <span class='ocrx_word' id='word_1_135' title='bbox 3080 940 3168 994; x_wconf 87' lang='grc' dir='ltr'><strong>καὶ</strong></span> <span class='ocrx_word' id='word_1_136' title='bbox 3214 936 3361 998; x_wconf 72' lang='grc' dir='ltr'>οὖδεν</span> <span class='ocrx_word' id='word_1_137' title='bbox 3416 930 3531 996; x_wconf 71' lang='grc' dir='ltr'>ἐστι</span> <span class='ocrx_word' id='word_1_138' title='bbox 3562 961 3730 1005; x_wconf 65' lang='grc' dir='ltr'>ταύτης</span> <span class='ocrx_word' id='word_1_139' title='bbox 3757 957 3771 973; x_wconf 91' lang='grc'>⁶</span> 
     </span>
    </p>
   </div>
   <div class='ocr_carea' id='block_1_22' title="bbox 2156 1017 3775 1106">
    <p class='ocr_par' dir='ltr' id='par_1_22' title="bbox 2156 1017 3775 1106">
     <span class='ocr_line' id='line_1_22' title="bbox 2156 1017 3775 1106; baseline -0.001 -26"><span class='ocrx_word' id='word_1_140' title='bbox 2156 1017 2284 1098; x_wconf 80' lang='grc' dir='ltr'>ὅπερ</span> <span class='ocrx_word' id='word_1_141' title='bbox 2341 1020 2418 1095; x_wconf 80' lang='grc' dir='ltr'>μὴ</span> <span class='ocrx_word' id='word_1_142' title='bbox 2468 1022 2598 1101; x_wconf 81' lang='grc' dir='ltr'>πρὸς</span> <span class='ocrx_word' id='word_1_143' title='bbox 2655 1024 2895 1104; x_wconf 74' lang='grc' dir='ltr'>ψυχικὴν</span> <span class='ocrx_word' id='word_1_144' title='bbox 2976 1026 3252 1083; x_wconf 78' lang='grc' dir='ltr'><strong>συντείνειν</strong></span> <span class='ocrx_word' id='word_1_145' title='bbox 3310 1026 3604 1106; x_wconf 72' lang='grc' dir='ltr'>ὠφέλειαν,</span> <span class='ocrx_word' id='word_1_146' title='bbox 3658 1024 3775 1082; x_wconf 74' lang='grc' dir='ltr'>Ἐπεὶ</span> 
     </span>
    </p>
   </div>
   <div class='ocr_carea' id='block_1_23' title="bbox 2158 1108 3777 1196">
    <p class='ocr_par' dir='ltr' id='par_1_23' title="bbox 2158 1108 3777 1196">
     <span class='ocr_line' id='line_1_23' title="bbox 2158 1108 3777 1196; baseline 0.004 -31"><span class='ocrx_word' id='word_1_147' title='bbox 2158 1108 2247 1165; x_wconf 78' lang='grc' dir='ltr'><strong>οὖν</strong></span> <span class='ocrx_word' id='word_1_148' title='bbox 2289 1115 2452 1165; x_wconf 80' lang='grc' dir='ltr'>ταῦτα</span> <span class='ocrx_word' id='word_1_149' title='bbox 2507 1109 2673 1175; x_wconf 64' lang='grc' dir='ltr'>οὕτως</span> <span class='ocrx_word' id='word_1_150' title='bbox 2746 1111 2886 1193; x_wconf 79' lang='grc' dir='ltr'>ἔχει,</span> <span class='ocrx_word' id='word_1_151' title='bbox 2945 1114 3195 1191; x_wconf 82' lang='grc' dir='ltr'><strong>μάθωμεν</strong></span> <span class='ocrx_word' id='word_1_152' title='bbox 3253 1117 3499 1196; x_wconf 74' lang='grc' dir='ltr'>σήμερον</span> <span class='ocrx_word' id='word_1_153' title='bbox 3556 1116 3654 1172; x_wconf 78' lang='grc' dir='ltr'><strong>ἀπὸ</strong></span> <span class='ocrx_word' id='word_1_154' title='bbox 3698 1122 3777 1171; x_wconf 75' lang='grc' dir='ltr'>τῶν</span> 
     </span>
    </p>
   </div>
   <div class='ocr_carea' id='block_1_24' title="bbox 2158 1196 3777 1283">
    <p class='ocr_par' dir='ltr' id='par_1_24' title="bbox 2158 1196 3777 1283">
     <span class='ocr_line' id='line_1_24' title="bbox 2158 1196 3777 1283; baseline 0.004 -31"><span class='ocrx_word' id='word_1_155' title='bbox 2158 1196 2512 1275; x_wconf 79' lang='grc' dir='ltr'>εύαγγελικῶν</span> <span class='ocrx_word' id='word_1_156' title='bbox 2562 1199 2837 1277; x_wconf 76' lang='grc' dir='ltr'>ῥημάτων,</span> <span class='ocrx_word' id='word_1_157' title='bbox 2897 1200 3021 1260; x_wconf 81' lang='grc' dir='ltr'>ὅσον</span> <span class='ocrx_word' id='word_1_158' title='bbox 3077 1205 3239 1261; x_wconf 83' lang='grc' dir='ltr'>κακὸν</span> <span class='ocrx_word' id='word_1_159' title='bbox 3291 1204 3329 1274; x_wconf 78' lang='grc' dir='ltr'><strong>ἡ</strong></span> <span class='ocrx_word' id='word_1_160' title='bbox 3388 1204 3626 1283; x_wconf 76' lang='grc' dir='ltr'>ἁμαρτία</span> <span class='ocrx_word' id='word_1_161' title='bbox 3672 1204 3777 1279; x_wconf 76' lang='grc' dir='ltr'>ἐστὶ,</span> 
     </span>
    </p>
   </div>
   <div class='ocr_carea' id='block_1_25' title="bbox 2155 1284 3779 1373">
    <p class='ocr_par' dir='ltr' id='par_1_25' title="bbox 2155 1284 3779 1373">
     <span class='ocr_line' id='line_1_25' title="bbox 2155 1284 3779 1373; baseline 0.004 -32"><span class='ocrx_word' id='word_1_162' title='bbox 2155 1287 2242 1342; x_wconf 87' lang='grc' dir='ltr'><strong>καὶ</strong></span> <span class='ocrx_word' id='word_1_163' title='bbox 2293 1284 2373 1344; x_wconf 76' lang='grc' dir='ltr'>ὅτι</span> <span class='ocrx_word' id='word_1_164' title='bbox 2414 1292 2483 1364; x_wconf 74' lang='grc' dir='ltr'><strong>τῇ</strong></span> <span class='ocrx_word' id='word_1_165' title='bbox 2522 1292 2678 1368; x_wconf 74' lang='grc' dir='ltr'>ψυχῇ</span> <span class='ocrx_word' id='word_1_166' title='bbox 2717 1287 3021 1366; x_wconf 78' lang='grc' dir='ltr'>λυμαίνεται</span> <span class='ocrx_word' id='word_1_167' title='bbox 3063 1291 3284 1373; x_wconf 74' lang='grc' dir='ltr'>σφόδρα,</span> <span class='ocrx_word' id='word_1_168' title='bbox 3338 1295 3431 1350; x_wconf 82' lang='grc' dir='ltr'><strong>καὶ</strong></span> <span class='ocrx_word' id='word_1_169' title='bbox 3487 1298 3593 1350; x_wconf 79' lang='grc' dir='ltr'>τῶν</span> <span class='ocrx_word' id='word_1_170' title='bbox 3622 1314 3779 1367; x_wconf 78' lang='grc' dir='ltr'>σωμα-</span> 
     </span>
    </p>
   </div>
   <div class='ocr_carea' id='block_1_26' title="bbox 434 1370 2073 1454">
    <p class='ocr_par' dir='ltr' id='par_1_26' title="bbox 434 1370 2073 1454">
     <span class='ocr_line' id='line_1_26' title="bbox 434 1370 2073 1454; baseline 0.008 -24"><span class='ocrx_word' id='word_1_171' title='bbox 434 1370 616 1432; x_wconf 88' lang='lat' dir='ltr'><strong>vitant</strong></span> <span class='ocrx_word' id='word_1_172' title='bbox 643 1370 940 1434; x_wconf 90' lang='lat' dir='ltr'><strong>Christum</strong></span> <span class='ocrx_word' id='word_1_173' title='bbox 990 1382 1057 1435; x_wconf 90' lang='lat' dir='ltr'><strong>et</strong></span> <span class='ocrx_word' id='word_1_174' title='bbox 1095 1375 1389 1454; x_wconf 88' lang='lat' dir='ltr'><strong>postulant</strong></span> <span class='ocrx_word' id='word_1_175' title='bbox 1435 1374 1510 1437; x_wconf 89' lang='lat' dir='ltr'><strong>ab</strong></span> <span class='ocrx_word' id='word_1_176' title='bbox 1559 1394 1629 1439; x_wconf 90' lang='lat' dir='ltr'><strong>eo</strong></span> <span class='ocrx_word' id='word_1_177' title='bbox 1680 1385 1744 1440; x_wconf 94' lang='lat' dir='ltr'><strong>ut</strong></span> <span class='ocrx_word' id='word_1_178' title='bbox 1790 1380 2073 1443; x_wconf 86' lang='lat' dir='ltr'><strong>eﬁnibus</strong></span> 
     </span>
    </p>
   </div>
   <div class='ocr_carea' id='block_1_27' title="bbox 2155 1370 3785 1454">
    <p class='ocr_par' dir='ltr' id='par_1_27' title="bbox 2155 1370 3785 1452">
     <span class='ocr_line' id='line_1_27' title="bbox 2155 1370 3785 1452; baseline 0.004 -22"><span class='ocrx_word' id='word_1_179' title='bbox 2155 1379 2314 1431; x_wconf 81' lang='grc' dir='ltr'>τικῶν</span> <span class='ocrx_word' id='word_1_180' title='bbox 2359 1373 2414 1431; x_wconf 68' lang='grc' dir='ltr'>δὲ</span> <span class='ocrx_word' id='word_1_181' title='bbox 2462 1378 2780 1452; x_wconf 77' lang='grc' dir='ltr'>νοσημάτων</span> <span class='ocrx_word' id='word_1_182' title='bbox 2832 1380 2904 1445; x_wconf 83' lang='grc' dir='ltr'>ὡς</span> <span class='ocrx_word' id='word_1_183' title='bbox 2951 1379 3037 1437; x_wconf 80' lang='grc' dir='ltr'><strong>ἐπὶ</strong></span> <span class='ocrx_word' id='word_1_184' title='bbox 3079 1370 3142 1437; x_wconf 71' lang='lat'><strong>1:6</strong></span> <span class='ocrx_word' id='word_1_185' title='bbox 3181 1370 3442 1439; x_wconf 80' lang='grc' dir='ltr'>πλεῖστον</span> <span class='ocrx_word' id='word_1_186' title='bbox 3494 1381 3629 1448; x_wconf 70' lang='grc' dir='ltr'>αὕτη</span> <span class='ocrx_word' id='word_1_187' title='bbox 3674 1383 3785 1437; x_wconf 75' lang='grc' dir='ltr'>αἰτία</span> 
     </span>
    </p>
   </div>
   <div class='ocr_carea' id='block_1_28' title="bbox 435 1459 2073 1545">
    <p class='ocr_par' dir='ltr' id='par_1_28' title="bbox 435 1459 2072 1542">
     <span class='ocr_line' id='line_1_28' title="bbox 435 1459 2072 1542; baseline 0.007 -22"><span class='ocrx_word' id='word_1_188' title='bbox 435 1459 559 1522; x_wconf 91' lang='lat' dir='ltr'><strong>suis</strong></span> <span class='ocrx_word' id='word_1_189' title='bbox 582 1468 772 1524; x_wconf 81' lang='lat' dir='ltr'><strong>exeat.</strong></span> <span class='ocrx_word' id='word_1_190' title='bbox 803 1460 933 1524; x_wconf 89' lang='lat' dir='ltr'><strong>Non</strong></span> <span class='ocrx_word' id='word_1_191' title='bbox 958 1462 1117 1525; x_wconf 87' lang='lat' dir='ltr'><strong>enim</strong></span> <span class='ocrx_word' id='word_1_192' title='bbox 1149 1462 1312 1542; x_wconf 84' lang='lat' dir='ltr'><strong>digni</strong></span> <span class='ocrx_word' id='word_1_193' title='bbox 1333 1472 1501 1526; x_wconf 89' lang='lat' dir='ltr'><strong>erant</strong></span> <span class='ocrx_word' id='word_1_194' title='bbox 1525 1466 1760 1528; x_wconf 91' lang='lat' dir='ltr'><strong>Domini</strong></span> <span class='ocrx_word' id='word_1_195' title='bbox 1779 1467 2072 1539; x_wconf 85' lang='lat' dir='ltr'><strong>doctrina.</strong></span> 
     </span>
    </p>
   </div>
   <div class='ocr_carea' id='block_1_29' title="bbox 2155 1459 3782 1545">
    <p class='ocr_par' dir='ltr' id='par_1_29' title="bbox 2155 1460 3782 1545">
     <span class='ocr_line' id='line_1_29' title="bbox 2155 1460 3782 1545; baseline 0.006 -26"><span class='ocrx_word' id='word_1_196' title='bbox 2155 1460 2499 1530; x_wconf 81' lang='grc' dir='ltr'>καθέστηκεν.</span> <span class='ocrx_word' id='word_1_197' title='bbox 2583 1472 2715 1545; x_wconf 83' lang='grc' dir='ltr'>Εχει</span> <span class='ocrx_word' id='word_1_198' title='bbox 2785 1464 2840 1522; x_wconf 78' lang='grc' dir='ltr'>δὲ</span> <span class='ocrx_word' id='word_1_199' title='bbox 2908 1468 2974 1523; x_wconf 79' lang='grc' dir='ltr'><strong>τὰ</strong></span> <span class='ocrx_word' id='word_1_200' title='bbox 3041 1474 3142 1537; x_wconf 74' lang='grc' dir='ltr'>τῆς</span> <span class='ocrx_word' id='word_1_201' title='bbox 3196 1470 3503 1536; x_wconf 77' lang='grc' dir='ltr'>ὑποθέσεως</span> <span class='ocrx_word' id='word_1_202' title='bbox 3564 1469 3719 1534; x_wconf 70' lang='grc' dir='ltr'>οὕτως</span> <span class='ocrx_word' id='word_1_203' title='bbox 3770 1486 3782 1503; x_wconf 86' lang='grc'><strong>⁸</strong></span> 
     </span>
    </p>
   </div>
   <div class='ocr_carea' id='block_1_30' title="bbox 438 1549 2073 1637">
    <p class='ocr_par' dir='ltr' id='par_1_30' title="bbox 438 1549 2073 1637">
     <span class='ocr_line' id='line_1_30' title="bbox 438 1549 2073 1637; baseline 0.007 -25"><span class='ocrx_word' id='word_1_204' title='bbox 438 1550 568 1612; x_wconf 89' lang='lat' dir='ltr'><strong>Non</strong></span> <span class='ocrx_word' id='word_1_205' title='bbox 601 1549 819 1612; x_wconf 83' lang='lat' dir='ltr'><strong>restitit</strong></span> <span class='ocrx_word' id='word_1_206' title='bbox 844 1551 1134 1624; x_wconf 85' lang='lat' dir='ltr'><strong>Christus,</strong></span> <span class='ocrx_word' id='word_1_207' title='bbox 1166 1552 1273 1614; x_wconf 91' lang='lat' dir='ltr'><strong>sed</strong></span> <span class='ocrx_word' id='word_1_208' title='bbox 1317 1554 1501 1615; x_wconf 90' lang='lat' dir='ltr'><strong>multa</strong></span> <span class='ocrx_word' id='word_1_209' title='bbox 1543 1574 1675 1616; x_wconf 93' lang='lat' dir='ltr'><strong>cum</strong></span> <span class='ocrx_word' id='word_1_210' title='bbox 1706 1556 2073 1637; x_wconf 79' lang='lat' dir='ltr'><strong>indulgentia</strong></span> 
     </span>
    </p>
   </div>
   <div class='ocr_carea' id='block_1_31' title="bbox 2155 1549 3783 1637">
    <p class='ocr_par' dir='ltr' id='par_1_31' title="bbox 2166 1552 3783 1636">
     <span class='ocr_line' id='line_1_31' title="bbox 2166 1552 3783 1636; baseline 0.002 -31"><span class='ocrx_word' id='word_1_211' title='bbox 2166 1569 2189 1605; x_wconf 77' lang='grc' dir='ltr'>ι</span> <span class='ocrx_word' id='word_1_212' title='bbox 2238 1558 2325 1624; x_wconf 84' lang='grc' dir='ltr'><strong>Τῷ</strong></span> <span class='ocrx_word' id='word_1_213' title='bbox 2373 1559 2541 1632; x_wconf 83' lang='grc' dir='ltr'>καιρῷ</span> <span class='ocrx_word' id='word_1_214' title='bbox 2588 1552 2770 1628; x_wconf 81' lang='grc' dir='ltr'>ἐκείνῳ</span> <span class='ocrx_word' id='word_1_215' title='bbox 2816 1553 2979 1631; x_wconf 77' lang='grc' dir='ltr'>ἐμϐὰς</span> <span class='ocrx_word' id='word_1_216' title='bbox 3032 1555 3113 1636; x_wconf 78' lang='grc'><strong>(7)</strong></span> <span class='ocrx_word' id='word_1_217' title='bbox 3162 1560 3190 1614; x_wconf 97' lang='lat'><strong>6</strong></span> <span class='ocrx_word' id='word_1_218' title='bbox 3238 1556 3450 1626; x_wconf 79' lang='grc' dir='ltr'>Ἰησοῦς</span> <span class='ocrx_word' id='word_1_219' title='bbox 3501 1561 3577 1623; x_wconf 89' lang='grc' dir='ltr'><strong>εἰς</strong></span> <span class='ocrx_word' id='word_1_220' title='bbox 3619 1557 3783 1615; x_wconf 68' lang='grc' dir='ltr'>πλοῖον</span> 
     </span>
    </p>
   </div>
   <div class='ocr_carea' id='block_1_32' title="bbox 437 1637 2073 1729">
    <p class='ocr_par' dir='ltr' id='par_1_32' title="bbox 437 1640 2073 1729">
     <span class='ocr_line' id='line_1_32' title="bbox 437 1640 2073 1729; baseline 0.007 -29"><span class='ocrx_word' id='word_1_221' title='bbox 437 1647 501 1729; x_wconf 79' lang='lat' dir='ltr'><strong>et</strong></span> <span class='ocrx_word' id='word_1_222' title='bbox 525 1640 980 1729; x_wconf 87' lang='lat' dir='ltr'><strong>mansuetudine</strong></span> <span class='ocrx_word' id='word_1_223' title='bbox 1011 1641 1130 1703; x_wconf 86' lang='lat' dir='ltr'><strong>illis</strong></span> <span class='ocrx_word' id='word_1_224' title='bbox 1158 1641 1422 1704; x_wconf 90' lang='lat' dir='ltr'><strong>indulsit.</strong></span> <span class='ocrx_word' id='word_1_225' title='bbox 1477 1642 1591 1707; x_wconf 90' lang='lat' dir='ltr'><strong>Ubi</strong></span> <span class='ocrx_word' id='word_1_226' title='bbox 1618 1646 1780 1708; x_wconf 91' lang='lat' dir='ltr'><strong>enim</strong></span> <span class='ocrx_word' id='word_1_227' title='bbox 1813 1656 1902 1709; x_wconf 90' lang='lat' dir='ltr'><strong>est</strong></span> <span class='ocrx_word' id='word_1_228' title='bbox 1931 1668 2073 1729; x_wconf 88' lang='lat' dir='ltr'><strong>por-</strong></span> 
     </span>
    </p>
   </div>
   <div class='ocr_carea' id='block_1_33' title="bbox 2155 1637 3787 1729">
    <p class='ocr_par' dir='ltr' id='par_1_33' title="bbox 2159 1637 3787 1721">
     <span class='ocr_line' id='line_1_33' title="bbox 2159 1637 3787 1721; baseline 0.004 -26"><span class='ocrx_word' id='word_1_229' title='bbox 2159 1637 2452 1720; x_wconf 77' lang='grc' dir='ltr'>διεπέρασε,</span> <span class='ocrx_word' id='word_1_230' title='bbox 2513 1644 2600 1698; x_wconf 84' lang='grc' dir='ltr'><strong>καὶ</strong></span> <span class='ocrx_word' id='word_1_231' title='bbox 2650 1642 2807 1711; x_wconf 79' lang='grc' dir='ltr'>ἦλθεν</span> <span class='ocrx_word' id='word_1_232' title='bbox 2865 1646 2937 1719; x_wconf 72' lang='grc' dir='ltr'><strong>εἰς</strong></span> <span class='ocrx_word' id='word_1_233' title='bbox 2991 1646 3089 1715; x_wconf 78' lang='grc' dir='ltr'>τὴν</span> <span class='ocrx_word' id='word_1_234' title='bbox 3135 1645 3264 1702; x_wconf 88' lang='grc' dir='ltr'>ἰδίαν</span> <span class='ocrx_word' id='word_1_235' title='bbox 3320 1648 3509 1721; x_wconf 78' lang='grc' dir='ltr'>πόλιν.</span> <span class='ocrx_word' id='word_1_236' title='bbox 3569 1646 3787 1707; x_wconf 60' lang='lat'><strong>[(121303</strong></span> 
     </span>
    </p>
   </div>
   <div class='ocr_carea' id='block_1_34' title="bbox 435 1723 2073 1815">
    <p class='ocr_par' dir='ltr' id='par_1_34' title="bbox 435 1723 2069 1815">
     <span class='ocr_line' id='line_1_34' title="bbox 435 1723 2069 1815; baseline 0.007 -26"><span class='ocrx_word' id='word_1_237' title='bbox 435 1727 568 1789; x_wconf 90' lang='lat' dir='ltr'><strong>cina</strong></span> <span class='ocrx_word' id='word_1_238' title='bbox 586 1728 722 1805; x_wconf 88' lang='lat' dir='ltr'><strong>vita,</strong></span> <span class='ocrx_word' id='word_1_239' title='bbox 749 1729 1192 1806; x_wconf 87' lang='lat' dir='ltr'><strong>etmalusodor,</strong></span> <span class='ocrx_word' id='word_1_240' title='bbox 1216 1737 1542 1815; x_wconf 78' lang='lat' dir='ltr'><strong>etccenum,</strong></span> <span class='ocrx_word' id='word_1_241' title='bbox 1558 1743 1616 1795; x_wconf 90' lang='lat' dir='ltr'><strong>et</strong></span> <span class='ocrx_word' id='word_1_242' title='bbox 1643 1734 1784 1796; x_wconf 91' lang='lat' dir='ltr'><strong>boni</strong></span> <span class='ocrx_word' id='word_1_243' title='bbox 1805 1723 2069 1800; x_wconf 75' lang='lat' dir='ltr'><strong>detesta-</strong></span> 
     </span>
    </p>
   </div>
   <div class='ocr_carea' id='block_1_35' title="bbox 2155 1723 3781 1815">
    <p class='ocr_par' dir='ltr' id='par_1_35' title="bbox 2160 1729 3781 1814">
     <span class='ocr_line' id='line_1_35' title="bbox 2160 1729 3781 1814; baseline -0.004 -30"><span class='ocrx_word' id='word_1_244' title='bbox 2160 1729 2480 1809; x_wconf 74' lang='grc' dir='ltr'>προσέφερον</span> <span class='ocrx_word' id='word_1_245' title='bbox 2552 1730 2694 1805; x_wconf 68' lang='grc' dir='ltr'><strong>αὖτῷ</strong></span> <span class='ocrx_word' id='word_1_246' title='bbox 2763 1731 3117 1811; x_wconf 66' lang='grc' dir='ltr'>παραλυτικὸν</span> <span class='ocrx_word' id='word_1_247' title='bbox 3198 1734 3285 1813; x_wconf 81' lang='grc' dir='ltr'><strong>ἐπὶ</strong></span> <span class='ocrx_word' id='word_1_248' title='bbox 3353 1736 3547 1805; x_wconf 77' lang='grc' dir='ltr'>κλίνης</span> <span class='ocrx_word' id='word_1_249' title='bbox 3617 1734 3781 1814; x_wconf 72' lang='grc' dir='ltr'>βεϐλη-</span> 
     </span>
    </p>
   </div>
   <div class='ocr_carea' id='block_1_36' title="bbox 439 1816 2073 1907">
    <p class='ocr_par' dir='ltr' id='par_1_36' title="bbox 439 1816 2073 1907">
     <span class='ocr_line' id='line_1_36' title="bbox 439 1816 2073 1907; baseline 0.007 -30"><span class='ocrx_word' id='word_1_250' title='bbox 439 1816 543 1907; x_wconf 82' lang='lat' dir='ltr'><strong>tio,</strong></span> <span class='ocrx_word' id='word_1_251' title='bbox 569 1817 652 1879; x_wconf 92' lang='lat' dir='ltr'><strong>ibi</strong></span> <span class='ocrx_word' id='word_1_252' title='bbox 680 1838 800 1907; x_wconf 90' lang='lat' dir='ltr'><strong>non</strong></span> <span class='ocrx_word' id='word_1_253' title='bbox 833 1827 1031 1881; x_wconf 89' lang='lat' dir='ltr'><strong>manet</strong></span> <span class='ocrx_word' id='word_1_254' title='bbox 1060 1818 1346 1882; x_wconf 88' lang='lat' dir='ltr'><strong>Christus.</strong></span> <span class='ocrx_word' id='word_1_255' title='bbox 1382 1819 1529 1884; x_wconf 92' lang='lat' dir='ltr'><strong>Sivit</strong></span> <span class='ocrx_word' id='word_1_256' title='bbox 1555 1830 1751 1886; x_wconf 90' lang='lat' dir='ltr'><strong>autem</strong></span> <span class='ocrx_word' id='word_1_257' title='bbox 1779 1844 1884 1887; x_wconf 91' lang='lat' dir='ltr'><strong>eos</strong></span> <span class='ocrx_word' id='word_1_258' title='bbox 1912 1827 2012 1907; x_wconf 88' lang='lat' dir='ltr'><strong>qui</strong></span> <span class='ocrx_word' id='word_1_259' title='bbox 2043 1846 2073 1890; x_wconf 90' lang='lat' dir='ltr'><strong>a</strong></span> 
     </span>
    </p>
   </div>
   <div class='ocr_carea' id='block_1_37' title="bbox 2155 1816 3789 1907">
    <p class='ocr_par' dir='ltr' id='par_1_37' title="bbox 2159 1816 3789 1907">
     <span class='ocr_line' id='line_1_37' title="bbox 2159 1816 3789 1907; baseline 0.006 -33"><span class='ocrx_word' id='word_1_260' title='bbox 2159 1817 2338 1894; x_wconf 86' lang='grc' dir='ltr'>μένον.</span> <span class='ocrx_word' id='word_1_261' title='bbox 2378 1840 2403 1876; x_wconf 81' lang='grc' dir='ltr'>ι</span> <span class='ocrx_word' id='word_1_262' title='bbox 2460 1816 2767 1907; x_wconf 81' lang='grc' dir='ltr'>Ἐξέρχεται</span> <span class='ocrx_word' id='word_1_263' title='bbox 2815 1823 2912 1897; x_wconf 79' lang='grc' dir='ltr'>μὲν</span> <span class='ocrx_word' id='word_1_264' title='bbox 2957 1828 3055 1890; x_wconf 80' lang='grc' dir='ltr'>τῆς</span> <span class='ocrx_word' id='word_1_265' title='bbox 3105 1829 3210 1880; x_wconf 82' lang='grc' dir='ltr'><strong>τῶν</strong></span> <span class='ocrx_word' id='word_1_266' title='bbox 3260 1830 3610 1904; x_wconf 83' lang='grc' dir='ltr'>εργεσηνῶν</span> <span class='ocrx_word' id='word_1_267' title='bbox 3634 1825 3789 1904; x_wconf 65' lang='grc' dir='ltr'>χώρας</span> 
     </span>
    </p>
   </div>
   <div class='ocr_carea' id='block_1_38' title="bbox 437 1905 2073 1994">
    <p class='ocr_par' dir='ltr' id='par_1_38' title="bbox 437 1905 2073 1993">
     <span class='ocr_line' id='line_1_38' title="bbox 437 1905 2073 1993; baseline 0.006 -26"><span class='ocrx_word' id='word_1_268' title='bbox 437 1905 809 1971; x_wconf 67' lang='lat' dir='ltr'><strong>daemonibus</strong></span> <span class='ocrx_word' id='word_1_269' title='bbox 831 1907 1071 1970; x_wconf 69' lang='lat' dir='ltr'><strong>liberati</strong></span> <span class='ocrx_word' id='word_1_270' title='bbox 1091 1917 1258 1970; x_wconf 87' lang='lat' dir='ltr'><strong>erant</strong></span> <span class='ocrx_word' id='word_1_271' title='bbox 1287 1918 1347 1972; x_wconf 89' lang='lat' dir='ltr'><strong>et</strong></span> <span class='ocrx_word' id='word_1_272' title='bbox 1375 1910 1474 1991; x_wconf 89' lang='lat' dir='ltr'><strong>qui</strong></span> <span class='ocrx_word' id='word_1_273' title='bbox 1503 1929 1716 1991; x_wconf 92' lang='lat' dir='ltr'><strong>porcos</strong></span> <span class='ocrx_word' id='word_1_274' title='bbox 1733 1905 2073 1993; x_wconf 83' lang='lat' dir='ltr'><strong>pascebant,</strong></span> 
     </span>
    </p>
   </div>
   <div class='ocr_carea' id='block_1_39' title="bbox 2155 1905 3782 1994">
    <p class='ocr_par' dir='ltr' id='par_1_39' title="bbox 2157 1906 3782 1994">
     <span class='ocr_line' id='line_1_39' title="bbox 2157 1906 3782 1994; baseline 0.002 -31"><span class='ocrx_word' id='word_1_275' title='bbox 2157 1908 2186 1963; x_wconf 92' lang='lat'><strong>6</strong></span> <span class='ocrx_word' id='word_1_276' title='bbox 2258 1907 2443 1987; x_wconf 84' lang='grc' dir='ltr'>Κύριος</span> <span class='ocrx_word' id='word_1_277' title='bbox 2508 1906 2598 1965; x_wconf 75' lang='grc' dir='ltr'><strong>ὕπ’</strong></span> <span class='ocrx_word' id='word_1_278' title='bbox 2687 1910 2898 1967; x_wconf 79' lang='grc' dir='ltr'>ἐκείνων</span> <span class='ocrx_word' id='word_1_279' title='bbox 2979 1911 3356 1991; x_wconf 83' lang='grc' dir='ltr'>παρακληθείς,</span> <span class='ocrx_word' id='word_1_280' title='bbox 3434 1913 3782 1994; x_wconf 74' lang='grc' dir='ltr'>Ἐφοϐήθησαν</span> 
     </span>
    </p>
   </div>
   <div class='ocr_carea' id='block_1_40' title="bbox 437 1995 2073 2081">
    <p class='ocr_par' dir='ltr' id='par_1_40' title="bbox 437 1995 2073 2078">
     <span class='ocr_line' id='line_1_40' title="bbox 437 1995 2073 2078; baseline 0.006 -22"><span class='ocrx_word' id='word_1_281' title='bbox 437 1995 636 2059; x_wconf 89' lang='lat' dir='ltr'><strong>dicere</strong></span> <span class='ocrx_word' id='word_1_282' title='bbox 656 2004 713 2058; x_wconf 91' lang='lat' dir='ltr'><strong>et</strong></span> <span class='ocrx_word' id='word_1_283' title='bbox 740 1998 1103 2077; x_wconf 85' lang='lat' dir='ltr'><strong>proclamare</strong></span> <span class='ocrx_word' id='word_1_284' title='bbox 1116 2016 1246 2078; x_wconf 68' lang='lat' dir='ltr'><strong>qua:</strong></span> <span class='ocrx_word' id='word_1_285' title='bbox 1257 1999 1407 2062; x_wconf 78' lang='lat' dir='ltr'><strong>facta</strong></span> <span class='ocrx_word' id='word_1_286' title='bbox 1432 2009 1598 2060; x_wconf 89' lang='lat' dir='ltr'><strong>erant</strong></span> <span class='ocrx_word' id='word_1_287' title='bbox 1621 2000 1925 2065; x_wconf 89' lang='lat' dir='ltr'><strong>miracula.</strong></span> <span class='ocrx_word' id='word_1_288' title='bbox 1952 2029 1979 2060; x_wconf 72' lang='grc' dir='ltr'><strong>α</strong></span> <span class='ocrx_word' id='word_1_289' title='bbox 2008 2004 2073 2067; x_wconf 88' lang='lat' dir='ltr'><strong>Et</strong></span> 
     </span>
    </p>
   </div>
   <div class='ocr_carea' id='block_1_41' title="bbox 2155 1995 3789 2081">
    <p class='ocr_par' dir='ltr' id='par_1_41' title="bbox 2157 1996 3789 2081">
     <span class='ocr_line' id='line_1_41' title="bbox 2157 1996 3789 2081; baseline 0.006 -31"><span class='ocrx_word' id='word_1_290' title='bbox 2157 1996 2257 2075; x_wconf 78' lang='grc' dir='ltr'>γὰρ</span> <span class='ocrx_word' id='word_1_291' title='bbox 2326 1997 2373 2052; x_wconf 85' lang='grc' dir='ltr'>οἱ</span> <span class='ocrx_word' id='word_1_292' title='bbox 2443 1999 2780 2076; x_wconf 82' lang='grc' dir='ltr'>Γεργεσηνοὶ,</span> <span class='ocrx_word' id='word_1_293' title='bbox 2852 1997 2985 2057; x_wconf 88' lang='grc' dir='ltr'>διοτί</span> <span class='ocrx_word' id='word_1_294' title='bbox 3051 1999 3330 2057; x_wconf 80' lang='grc' dir='ltr'>ἀπώλεσαν</span> <span class='ocrx_word' id='word_1_295' title='bbox 3399 2004 3531 2067; x_wconf 79' lang='grc' dir='ltr'>τοὺς</span> <span class='ocrx_word' id='word_1_296' title='bbox 3604 2003 3789 2081; x_wconf 68' lang='grc' dir='ltr'>χοίρους</span> 
     </span>
    </p>
   </div>
   <div class='ocr_carea' id='block_1_42' title="bbox 436 2084 2073 2169">
    <p class='ocr_par' dir='ltr' id='par_1_42' title="bbox 436 2085 2073 2169">
     <span class='ocr_line' id='line_1_42' title="bbox 436 2085 2073 2169; baseline 0.004 -23"><span class='ocrx_word' id='word_1_297' title='bbox 436 2103 576 2147; x_wconf 91' lang='lat' dir='ltr'><strong>ecce</strong></span> <span class='ocrx_word' id='word_1_298' title='bbox 593 2085 964 2149; x_wconf 86' lang='lat' dir='ltr'><strong>adducebant</strong></span> <span class='ocrx_word' id='word_1_299' title='bbox 987 2087 1040 2148; x_wconf 92' lang='lat' dir='ltr'><strong>ei</strong></span> <span class='ocrx_word' id='word_1_300' title='bbox 1066 2089 1442 2169; x_wconf 76' lang='lat' dir='ltr'><strong>paralyticum</strong></span> <span class='ocrx_word' id='word_1_301' title='bbox 1460 2090 1759 2169; x_wconf 88' lang='lat' dir='ltr'><strong>jacentem</strong></span> <span class='ocrx_word' id='word_1_302' title='bbox 1778 2092 1838 2152; x_wconf 91' lang='lat' dir='ltr'><strong>in</strong></span> <span class='ocrx_word' id='word_1_303' title='bbox 1865 2094 2036 2156; x_wconf 89' lang='lat' dir='ltr'><strong>lecto.</strong></span> <span class='ocrx_word' id='word_1_304' title='bbox 2051 2119 2073 2152; x_wconf 79' lang='grc' dir='ltr'><strong>ι</strong></span> 
     </span>
    </p>
   </div>
   <div class='ocr_carea' id='block_1_43' title="bbox 2155 2084 3788 2169">
    <p class='ocr_par' dir='ltr' id='par_1_43' title="bbox 2164 2084 3788 2165">
     <span class='ocr_line' id='line_1_43' title="bbox 2164 2084 3788 2165; baseline 0.002 -24"><span class='ocrx_word' id='word_1_305' title='bbox 2164 2085 2358 2165; x_wconf 76' lang='grc' dir='ltr'>αὐτῶν,</span> <span class='ocrx_word' id='word_1_306' title='bbox 2418 2088 2628 2160; x_wconf 79' lang='grc' dir='ltr'>μήποτε</span> <span class='ocrx_word' id='word_1_307' title='bbox 2681 2089 2771 2145; x_wconf 86' lang='grc' dir='ltr'><strong>καὶ</strong></span> <span class='ocrx_word' id='word_1_308' title='bbox 2827 2084 2958 2144; x_wconf 70' lang='grc' dir='ltr'>ἄλλο</span> <span class='ocrx_word' id='word_1_309' title='bbox 3011 2110 3062 2144; x_wconf 92' lang='grc' dir='ltr'><strong>τι</strong></span> <span class='ocrx_word' id='word_1_310' title='bbox 3119 2088 3375 2164; x_wconf 77' lang='grc' dir='ltr'>ἒπζήμιον</span> <span class='ocrx_word' id='word_1_311' title='bbox 3427 2092 3662 2150; x_wconf 83' lang='grc' dir='ltr'>πάθωσι.</span> <span class='ocrx_word' id='word_1_312' title='bbox 3712 2087 3788 2144; x_wconf 65' lang='grc' dir='ltr'>Διὶ</span> 
     </span>
    </p>
   </div>
   <div class='ocr_carea' id='block_1_44' title="bbox 439 2174 2073 2258">
    <p class='ocr_par' dir='ltr' id='par_1_44' title="bbox 439 2176 2073 2258">
     <span class='ocr_line' id='line_1_44' title="bbox 439 2176 2073 2258; baseline 0.007 -24"><span class='ocrx_word' id='word_1_313' title='bbox 439 2176 754 2255; x_wconf 85' lang='lat' dir='ltr'><strong>Postquam</strong></span> <span class='ocrx_word' id='word_1_314' title='bbox 784 2176 855 2237; x_wconf 91' lang='lat' dir='ltr'><strong>ad</strong></span> <span class='ocrx_word' id='word_1_315' title='bbox 889 2176 1208 2238; x_wconf 89' lang='lat' dir='ltr'><strong>curandam</strong></span> <span class='ocrx_word' id='word_1_316' title='bbox 1259 2178 1569 2258; x_wconf 87' lang='lat' dir='ltr'><strong>paralysim</strong></span> <span class='ocrx_word' id='word_1_317' title='bbox 1600 2179 1915 2243; x_wconf 82' lang='lat' dir='ltr'><strong>invalidam</strong></span> <span class='ocrx_word' id='word_1_318' title='bbox 1949 2202 2073 2246; x_wconf 85' lang='lat' dir='ltr'><strong>esse</strong></span> 
     </span>
    </p>
   </div>
   <div class='ocr_carea' id='block_1_45' title="bbox 2155 2174 3786 2258">
    <p class='ocr_par' dir='ltr' id='par_1_45' title="bbox 2162 2174 3786 2257">
     <span class='ocr_line' id='line_1_45' title="bbox 2162 2174 3786 2257; baseline 0.006 -29"><span class='ocrx_word' id='word_1_319' title='bbox 2162 2181 2316 2231; x_wconf 74' lang='grc' dir='ltr'>τοῦτο</span> <span class='ocrx_word' id='word_1_320' title='bbox 2357 2176 2447 2232; x_wconf 86' lang='grc' dir='ltr'>καὶ</span> <span class='ocrx_word' id='word_1_321' title='bbox 2483 2174 2844 2254; x_wconf 81' lang='grc' dir='ltr'>παρακαλοῦσι</span> <span class='ocrx_word' id='word_1_322' title='bbox 2892 2178 2982 2233; x_wconf 81' lang='grc' dir='ltr'><strong>τὸν</strong></span> <span class='ocrx_word' id='word_1_323' title='bbox 3032 2179 3278 2257; x_wconf 79' lang='grc' dir='ltr'>Χριστὸν,</span> <span class='ocrx_word' id='word_1_324' title='bbox 3318 2181 3408 2237; x_wconf 84' lang='grc' dir='ltr'><strong>καὶ</strong></span> <span class='ocrx_word' id='word_1_325' title='bbox 3452 2185 3670 2251; x_wconf 78' lang='grc' dir='ltr'>ζητοῦσι</span> <span class='ocrx_word' id='word_1_326' title='bbox 3714 2174 3786 2253; x_wconf 77' lang='grc'><strong>(8)</strong></span> 
     </span>
    </p>
   </div>
   <div class='ocr_carea' id='block_1_46' title="bbox 436 2262 2073 2352">
    <p class='ocr_par' dir='ltr' id='par_1_46' title="bbox 436 2264 2073 2352">
     <span class='ocr_line' id='line_1_46' title="bbox 436 2264 2073 2352; baseline 0.005 -28"><span class='ocrx_word' id='word_1_327' title='bbox 436 2264 802 2326; x_wconf 91' lang='lat' dir='ltr'><strong>medicorum</strong></span> <span class='ocrx_word' id='word_1_328' title='bbox 837 2273 1022 2327; x_wconf 89' lang='lat' dir='ltr'><strong>artem</strong></span> <span class='ocrx_word' id='word_1_329' title='bbox 1071 2265 1445 2328; x_wconf 86' lang='lat' dir='ltr'><strong>manifestum</strong></span> <span class='ocrx_word' id='word_1_330' title='bbox 1495 2267 1705 2343; x_wconf 85' lang='lat' dir='ltr'><strong>fuerat,</strong></span> <span class='ocrx_word' id='word_1_331' title='bbox 1757 2270 1830 2331; x_wconf 89' lang='lat' dir='ltr'><strong>ad</strong></span> <span class='ocrx_word' id='word_1_332' title='bbox 1863 2290 2073 2352; x_wconf 89' lang='lat' dir='ltr'><strong>super-</strong></span> 
     </span>
    </p>
   </div>
   <div class='ocr_carea' id='block_1_47' title="bbox 2155 2262 3789 2352">
    <p class='ocr_par' dir='ltr' id='par_1_47' title="bbox 2163 2262 3789 2344">
     <span class='ocr_line' id='line_1_47' title="bbox 2163 2262 3789 2344; baseline -0.001 -25"><span class='ocrx_word' id='word_1_333' title='bbox 2163 2262 2455 2337; x_wconf 77' lang='grc' dir='ltr'>μεταϐἣναι</span> <span class='ocrx_word' id='word_1_334' title='bbox 2513 2264 2620 2321; x_wconf 81' lang='grc' dir='ltr'>ἀπὸ</span> <span class='ocrx_word' id='word_1_335' title='bbox 2675 2269 2782 2320; x_wconf 82' lang='grc' dir='ltr'>τῶν</span> <span class='ocrx_word' id='word_1_336' title='bbox 2839 2265 2994 2344; x_wconf 87' lang='grc' dir='ltr'>ὁρίων</span> <span class='ocrx_word' id='word_1_337' title='bbox 3042 2266 3213 2323; x_wconf 76' lang='grc' dir='ltr'>αὐτῶν</span> <span class='ocrx_word' id='word_1_338' title='bbox 3264 2282 3279 2297; x_wconf 83' lang='grc'><strong>⁸</strong></span> <span class='ocrx_word' id='word_1_339' title='bbox 3345 2265 3466 2325; x_wconf 68' lang='grc' dir='ltr'>οὐδὲ</span> <span class='ocrx_word' id='word_1_340' title='bbox 3524 2268 3625 2344; x_wconf 71' lang='grc' dir='ltr'><strong>γὰρ</strong></span> <span class='ocrx_word' id='word_1_341' title='bbox 3677 2264 3789 2333; x_wconf 69' lang='grc' dir='ltr'>ἦσαν</span> 
     </span>
    </p>
   </div>
   <div class='ocr_carea' id='block_1_48' title="bbox 436 2348 2073 2435">
    <p class='ocr_par' dir='ltr' id='par_1_48' title="bbox 436 2348 2073 2435">
     <span class='ocr_line' id='line_1_48' title="bbox 436 2348 2073 2435; baseline 0.005 -21"><span class='ocrx_word' id='word_1_342' title='bbox 436 2372 577 2414; x_wconf 90' lang='lat' dir='ltr'><strong>num</strong></span> <span class='ocrx_word' id='word_1_343' title='bbox 596 2361 653 2414; x_wconf 88' lang='lat' dir='ltr'><strong>et</strong></span> <span class='ocrx_word' id='word_1_344' title='bbox 667 2354 969 2418; x_wconf 66' lang='lat' dir='ltr'><strong>caelestem</strong></span> <span class='ocrx_word' id='word_1_345' title='bbox 999 2355 1320 2435; x_wconf 91' lang='lat' dir='ltr'><strong>medicum,</strong></span> <span class='ocrx_word' id='word_1_346' title='bbox 1344 2355 1659 2417; x_wconf 90' lang='lat' dir='ltr'><strong>Dominum</strong></span> <span class='ocrx_word' id='word_1_347' title='bbox 1680 2348 1951 2420; x_wconf 70' lang='lat' dir='ltr'><strong>nostrum</strong></span> <span class='ocrx_word' id='word_1_348' title='bbox 1968 2359 2038 2423; x_wconf 82' lang='lat' dir='ltr'><strong>Je</strong></span> <span class='ocrx_word' id='word_1_349' title='bbox 2058 2394 2073 2408; x_wconf 88' lang='lat'><strong>-</strong></span> 
     </span>
    </p>
   </div>
   <div class='ocr_carea' id='block_1_49' title="bbox 2155 2348 3791 2435">
    <p class='ocr_par' dir='ltr' id='par_1_49' title="bbox 2162 2348 3791 2420">
     <span class='ocr_line' id='line_1_49' title="bbox 2162 2348 3791 2420; baseline -0.001 -13"><span class='ocrx_word' id='word_1_350' title='bbox 2162 2348 2295 2417; x_wconf 75' lang='grc' dir='ltr'>ἄξιοι</span> <span class='ocrx_word' id='word_1_351' title='bbox 2352 2357 2449 2419; x_wconf 77' lang='grc' dir='ltr'>τῆς</span> <span class='ocrx_word' id='word_1_352' title='bbox 2505 2359 2598 2408; x_wconf 75' lang='grc' dir='ltr'>τοῦ</span> <span class='ocrx_word' id='word_1_353' title='bbox 2658 2354 2925 2411; x_wconf 83' lang='grc' dir='ltr'>Δεσπότου</span> <span class='ocrx_word' id='word_1_354' title='bbox 2981 2352 3337 2420; x_wconf 85' lang='grc' dir='ltr'>διδασκαλίας.</span> <span class='ocrx_word' id='word_1_355' title='bbox 3393 2358 3505 2412; x_wconf 75' lang='grc' dir='ltr'>Θῦκ</span> <span class='ocrx_word' id='word_1_356' title='bbox 3554 2353 3791 2410; x_wconf 77' lang='grc' dir='ltr'>ἀντέτεινε</span> 
     </span>
    </p>
   </div>
   <div class='ocr_carea' id='block_1_50' title="bbox 437 2437 2073 2531">
    <p class='ocr_par' dir='ltr' id='par_1_50' title="bbox 437 2441 2070 2531">
     <span class='ocr_line' id='line_1_50' title="bbox 437 2441 2070 2531; baseline 0.003 -28"><span class='ocrx_word' id='word_1_357' title='bbox 437 2461 566 2531; x_wconf 73' lang='lat' dir='ltr'><strong>sum</strong></span> <span class='ocrx_word' id='word_1_358' title='bbox 598 2441 893 2505; x_wconf 87' lang='lat' dir='ltr'><strong>Christum</strong></span> <span class='ocrx_word' id='word_1_359' title='bbox 924 2462 957 2505; x_wconf 90' lang='lat' dir='ltr'><strong>a</strong></span> <span class='ocrx_word' id='word_1_360' title='bbox 1011 2443 1135 2506; x_wconf 92' lang='lat' dir='ltr'><strong>suis</strong></span> <span class='ocrx_word' id='word_1_361' title='bbox 1165 2444 1517 2526; x_wconf 81' lang='lat' dir='ltr'><strong>paralyticus</strong></span> <span class='ocrx_word' id='word_1_362' title='bbox 1547 2444 1658 2507; x_wconf 91' lang='lat' dir='ltr'><strong>iste</strong></span> <span class='ocrx_word' id='word_1_363' title='bbox 1688 2446 2070 2510; x_wconf 73' lang='lat' dir='ltr'><strong>offerebatur.</strong></span> 
     </span>
    </p>
   </div>
   <div class='ocr_carea' id='block_1_51' title="bbox 2155 2437 3786 2531">
    <p class='ocr_par' dir='ltr' id='par_1_51' title="bbox 2156 2437 3786 2531">
     <span class='ocr_line' id='line_1_51' title="bbox 2156 2437 3786 2531; baseline 0.004 -36"><span class='ocrx_word' id='word_1_364' title='bbox 2156 2437 2270 2531; x_wconf 52' lang='lat'>6:36</span> <span class='ocrx_word' id='word_1_365' title='bbox 2300 2440 2546 2531; x_wconf 79' lang='grc' dir='ltr'>Χριστὸς,</span> <span class='ocrx_word' id='word_1_366' title='bbox 2581 2438 2727 2531; x_wconf 54' lang='grc' dir='ltr'><strong>ἀλλ’,ρ</strong></span> <span class='ocrx_word' id='word_1_367' title='bbox 2747 2441 3063 2531; x_wconf 79' lang='grc' dir='ltr'>ἀνεχώρησε</span> <span class='ocrx_word' id='word_1_368' title='bbox 3084 2444 3257 2531; x_wconf 28' lang='grc' dir='ltr'>’μετὰ</span> <span class='ocrx_word' id='word_1_369' title='bbox 3278 2444 3472 2531; x_wconf 15' lang='grc' dir='ltr'>,πάσης</span> <span class='ocrx_word' id='word_1_370' title='bbox 3526 2440 3786 2531; x_wconf 69' lang='grc' dir='ltr'>ἐπιεικείας</span> 
     </span>
    </p>
   </div>
   <div class='ocr_carea' id='block_1_52' title="bbox 435 2527 2073 2616">
    <p class='ocr_par' dir='ltr' id='par_1_52' title="bbox 435 2530 2073 2616">
     <span class='ocr_line' id='line_1_52' title="bbox 435 2530 2073 2616; baseline 0.002 -21"><span class='ocrx_word' id='word_1_371' title='bbox 435 2530 629 2595; x_wconf 93' lang='lat' dir='ltr'><strong>Unum</strong></span> <span class='ocrx_word' id='word_1_372' title='bbox 660 2538 717 2593; x_wconf 92' lang='lat' dir='ltr'><strong>et</strong></span> <span class='ocrx_word' id='word_1_373' title='bbox 746 2533 1022 2595; x_wconf 91' lang='lat' dir='ltr'><strong>eumdem</strong></span> <span class='ocrx_word' id='word_1_374' title='bbox 1054 2534 1433 2615; x_wconf 82' lang='lat' dir='ltr'><strong>paralyticum</strong></span> <span class='ocrx_word' id='word_1_375' title='bbox 1478 2552 1611 2596; x_wconf 85' lang='lat' dir='ltr'><strong>esse</strong></span> <span class='ocrx_word' id='word_1_376' title='bbox 1641 2535 1796 2615; x_wconf 90' lang='lat' dir='ltr'><strong>apud</strong></span> <span class='ocrx_word' id='word_1_377' title='bbox 1827 2546 2073 2616; x_wconf 89' lang='lat' dir='ltr'><strong>quatuor</strong></span> 
     </span>
    </p>
   </div>
   <div class='ocr_carea' id='block_1_53' title="bbox 2155 2527 3787 2616">
    <p class='ocr_par' dir='ltr' id='par_1_53' title="bbox 2158 2527 3787 2616">
     <span class='ocr_line' id='line_1_53' title="bbox 2158 2527 3787 2616; baseline -0.001 -32"><span class='ocrx_word' id='word_1_378' title='bbox 2158 2528 2247 2616; x_wconf 81' lang='grc' dir='ltr'><strong>καὶ</strong></span> <span class='ocrx_word' id='word_1_379' title='bbox 2302 2529 2627 2608; x_wconf 87' lang='grc' dir='ltr'>πραότητος.</span> <span class='ocrx_word' id='word_1_380' title='bbox 2704 2527 2857 2588; x_wconf 73' lang='grc' dir='ltr'>Ἐνθα</span> <span class='ocrx_word' id='word_1_381' title='bbox 2906 2528 3175 2610; x_wconf 81' lang='grc' dir='ltr'>χοιρώδης</span> <span class='ocrx_word' id='word_1_382' title='bbox 3218 2530 3304 2611; x_wconf 87' lang='grc'><strong>(9)</strong></span> <span class='ocrx_word' id='word_1_383' title='bbox 3349 2532 3490 2610; x_wconf 82' lang='grc' dir='ltr'>βίος,</span> <span class='ocrx_word' id='word_1_384' title='bbox 3521 2531 3611 2587; x_wconf 85' lang='grc' dir='ltr'><strong>καὶ</strong></span> <span class='ocrx_word' id='word_1_385' title='bbox 3639 2527 3787 2584; x_wconf 66' lang='grc' dir='ltr'>ὤσω-</span> 
     </span>
    </p>
   </div>
   <div class='ocr_carea' id='block_1_54' title="bbox 437 2615 2073 2704">
    <p class='ocr_par' dir='ltr' id='par_1_54' title="bbox 437 2615 2073 2704">
     <span class='ocr_line' id='line_1_54' title="bbox 437 2615 2073 2704; baseline 0.004 -23"><span class='ocrx_word' id='word_1_386' title='bbox 437 2620 826 2699; x_wconf 80' lang='lat' dir='ltr'><strong>evangelistas</strong></span> <span class='ocrx_word' id='word_1_387' title='bbox 860 2630 1244 2684; x_wconf 89' lang='lat' dir='ltr'><strong>memoratum</strong></span> <span class='ocrx_word' id='word_1_388' title='bbox 1284 2622 1451 2685; x_wconf 92' lang='lat' dir='ltr'><strong>multi</strong></span> <span class='ocrx_word' id='word_1_389' title='bbox 1481 2623 1751 2699; x_wconf 88' lang='lat' dir='ltr'><strong>credunt,</strong></span> <span class='ocrx_word' id='word_1_390' title='bbox 1788 2615 1889 2704; x_wconf 84' lang='lat' dir='ltr'><strong>qui</strong></span> <span class='ocrx_word' id='word_1_391' title='bbox 1920 2625 2073 2687; x_wconf 85' lang='lat' dir='ltr'><strong>divi-</strong></span> 
     </span>
    </p>
   </div>
   <div class='ocr_carea' id='block_1_55' title="bbox 2155 2615 3787 2704">
    <p class='ocr_par' dir='ltr' id='par_1_55' title="bbox 2159 2615 3787 2704">
     <span class='ocr_line' id='line_1_55' title="bbox 2159 2615 3787 2704; baseline -0.001 -32"><span class='ocrx_word' id='word_1_392' title='bbox 2159 2615 2263 2693; x_wconf 83' lang='grc' dir='ltr'><strong>δία,</strong></span> <span class='ocrx_word' id='word_1_393' title='bbox 2323 2619 2413 2674; x_wconf 86' lang='grc' dir='ltr'><strong>καὶ</strong></span> <span class='ocrx_word' id='word_1_394' title='bbox 2475 2616 2745 2697; x_wconf 82' lang='grc' dir='ltr'>βόρϐορος,</span> <span class='ocrx_word' id='word_1_395' title='bbox 2818 2619 2907 2676; x_wconf 84' lang='grc' dir='ltr'>καὶ</span> <span class='ocrx_word' id='word_1_396' title='bbox 2972 2621 3288 2699; x_wconf 84' lang='grc' dir='ltr'>παραίτησις</span> <span class='ocrx_word' id='word_1_397' title='bbox 3360 2627 3453 2677; x_wconf 84' lang='grc' dir='ltr'><strong>τοῦ</strong></span> <span class='ocrx_word' id='word_1_398' title='bbox 3524 2616 3706 2691; x_wconf 72' lang='grc' dir='ltr'>καλοῦ,</span> <span class='ocrx_word' id='word_1_399' title='bbox 3743 2617 3787 2704; x_wconf 16' lang='lat'>76</span> 
     </span>
    </p>
   </div>
   <div class='ocr_carea' id='block_1_56' title="bbox 438 2703 2073 2795">
    <p class='ocr_par' dir='ltr' id='par_1_56' title="bbox 438 2703 2073 2795">
     <span class='ocr_line' id='line_1_56' title="bbox 438 2703 2073 2795; baseline 0.004 -26"><span class='ocrx_word' id='word_1_400' title='bbox 438 2727 543 2772; x_wconf 92' lang='lat' dir='ltr'><strong>nas</strong></span> <span class='ocrx_word' id='word_1_401' title='bbox 571 2708 901 2791; x_wconf 89' lang='lat' dir='ltr'><strong>Scripturas</strong></span> <span class='ocrx_word' id='word_1_402' title='bbox 928 2711 1277 2793; x_wconf 87' lang='lat' dir='ltr'><strong>simpliciter</strong></span> <span class='ocrx_word' id='word_1_403' title='bbox 1325 2720 1384 2773; x_wconf 92' lang='lat' dir='ltr'><strong>et</strong></span> <span class='ocrx_word' id='word_1_404' title='bbox 1437 2721 1713 2775; x_wconf 87' lang='lat' dir='ltr'><strong>accurate</strong></span> <span class='ocrx_word' id='word_1_405' title='bbox 1744 2703 1972 2795; x_wconf 60' lang='lat' dir='ltr'><strong>legunt,</strong></span> <span class='ocrx_word' id='word_1_406' title='bbox 2022 2722 2073 2776; x_wconf 91' lang='lat' dir='ltr'><strong>et</strong></span> 
     </span>
    </p>
   </div>
   <div class='ocr_carea' id='block_1_57' title="bbox 2155 2703 3788 2795">
    <p class='ocr_par' dir='ltr' id='par_1_57' title="bbox 2161 2703 3788 2795">
     <span class='ocr_line' id='line_1_57' title="bbox 2161 2703 3788 2795; baseline -0.002 -31"><span class='ocrx_word' id='word_1_407' title='bbox 2161 2707 2388 2786; x_wconf 78' lang='grc' dir='ltr'>Χριστὸς</span> <span class='ocrx_word' id='word_1_408' title='bbox 2438 2707 2499 2795; x_wconf 74' lang='grc' dir='ltr'><strong>ού</strong></span> <span class='ocrx_word' id='word_1_409' title='bbox 2555 2706 2698 2783; x_wconf 88' lang='grc' dir='ltr'>μένει</span> <span class='ocrx_word' id='word_1_410' title='bbox 2754 2706 2871 2764; x_wconf 73' lang='grc' dir='ltr'>ἐκεῖ</span> <span class='ocrx_word' id='word_1_411' title='bbox 2931 2727 2945 2741; x_wconf 90' lang='grc'><strong>·</strong></span> <span class='ocrx_word' id='word_1_412' title='bbox 3001 2708 3174 2789; x_wconf 78' lang='grc' dir='ltr'>ἀφῆκε</span> <span class='ocrx_word' id='word_1_413' title='bbox 3231 2706 3277 2764; x_wconf 85' lang='grc' dir='ltr'>δ’</span> <span class='ocrx_word' id='word_1_414' title='bbox 3342 2706 3492 2783; x_wconf 81' lang='grc' dir='ltr'>ὅμως</span> <span class='ocrx_word' id='word_1_415' title='bbox 3563 2707 3680 2769; x_wconf 80' lang='grc' dir='ltr'>τοὺς</span> <span class='ocrx_word' id='word_1_416' title='bbox 3739 2703 3788 2759; x_wconf 70' lang='grc' dir='ltr'>ἐκ</span> 
     </span>
    </p>
   </div>
   <div class='ocr_carea' id='block_1_58' title="bbox 437 2794 2073 2882">
    <p class='ocr_par' dir='ltr' id='par_1_58' title="bbox 437 2794 2073 2882">
     <span class='ocr_line' id='line_1_58' title="bbox 437 2794 2073 2882; baseline 0.002 -21"><span class='ocrx_word' id='word_1_417' title='bbox 437 2797 708 2861; x_wconf 90' lang='lat' dir='ltr'><strong>nonnulli</strong></span> <span class='ocrx_word' id='word_1_418' title='bbox 738 2799 1112 2879; x_wconf 85' lang='lat' dir='ltr'><strong>evangelistis</strong></span> <span class='ocrx_word' id='word_1_419' title='bbox 1142 2800 1308 2863; x_wconf 84' lang='lat' dir='ltr'><strong>litem</strong></span> <span class='ocrx_word' id='word_1_420' title='bbox 1338 2799 1580 2874; x_wconf 85' lang='lat' dir='ltr'><strong>faciunt,</strong></span> <span class='ocrx_word' id='word_1_421' title='bbox 1616 2808 1892 2882; x_wconf 87' lang='lat' dir='ltr'><strong>tanquam</strong></span> <span class='ocrx_word' id='word_1_422' title='bbox 1923 2794 2073 2865; x_wconf 82' lang='lat' dir='ltr'><strong>inter</strong></span> 
     </span>
    </p>
   </div>
   <div class='ocr_carea' id='block_1_59' title="bbox 2155 2794 3784 2882">
    <p class='ocr_par' dir='ltr' id='par_1_59' title="bbox 2160 2794 3784 2876">
     <span class='ocr_line' id='line_1_59' title="bbox 2160 2794 3784 2876; baseline 0.001 -25"><span class='ocrx_word' id='word_1_423' title='bbox 2160 2802 2266 2852; x_wconf 84' lang='grc' dir='ltr'>τῶν</span> <span class='ocrx_word' id='word_1_424' title='bbox 2305 2795 2435 2876; x_wconf 79' lang='grc'><strong>(10)</strong></span> <span class='ocrx_word' id='word_1_425' title='bbox 2469 2794 2728 2873; x_wconf 87' lang='grc' dir='ltr'>δοιμόνων</span> <span class='ocrx_word' id='word_1_426' title='bbox 2773 2796 3200 2875; x_wconf 80' lang='grc' dir='ltr'>ἀπαλλαγέντας,</span> <span class='ocrx_word' id='word_1_427' title='bbox 3251 2798 3338 2854; x_wconf 67' lang='grc' dir='ltr'>καὶ</span> <span class='ocrx_word' id='word_1_428' title='bbox 3365 2798 3490 2862; x_wconf 82' lang='grc' dir='ltr'>τοὺς</span> <span class='ocrx_word' id='word_1_429' title='bbox 3518 2797 3784 2874; x_wconf 70' lang='grc' dir='ltr'>βόσκοντας</span> 
     </span>
    </p>
   </div>
   <div class='ocr_carea' id='block_1_60' title="bbox 436 2885 2073 2970">
    <p class='ocr_par' dir='ltr' id='par_1_60' title="bbox 436 2888 2073 2970">
     <span class='ocr_line' id='line_1_60' title="bbox 436 2888 2073 2970; baseline 0.001 -19"><span class='ocrx_word' id='word_1_430' title='bbox 436 2908 500 2951; x_wconf 92' lang='lat' dir='ltr'><strong>se</strong></span> <span class='ocrx_word' id='word_1_431' title='bbox 518 2888 920 2970; x_wconf 78' lang='lat' dir='ltr'><strong>pugnantibus</strong></span> <span class='ocrx_word' id='word_1_432' title='bbox 941 2896 998 2950; x_wconf 88' lang='lat' dir='ltr'><strong>et</strong></span> <span class='ocrx_word' id='word_1_433' title='bbox 1022 2888 1530 2953; x_wconf 89' lang='lat' dir='ltr'><strong>dissentientibus.</strong></span> <span class='ocrx_word' id='word_1_434' title='bbox 1555 2889 1749 2953; x_wconf 86' lang='lat' dir='ltr'><strong>Falso.</strong></span> <span class='ocrx_word' id='word_1_435' title='bbox 1768 2888 1896 2954; x_wconf 89' lang='lat' dir='ltr'><strong>Una</strong></span> <span class='ocrx_word' id='word_1_436' title='bbox 1917 2891 2073 2953; x_wconf 89' lang='lat' dir='ltr'><strong>enim</strong></span> 
     </span>
    </p>
   </div>
   <div class='ocr_carea' id='block_1_61' title="bbox 2155 2885 3786 2970">
    <p class='ocr_par' dir='ltr' id='par_1_61' title="bbox 2160 2885 3786 2965">
     <span class='ocr_line' id='line_1_61' title="bbox 2160 2885 3786 2965; baseline 0.004 -24"><span class='ocrx_word' id='word_1_437' title='bbox 2160 2885 2281 2949; x_wconf 83' lang='grc' dir='ltr'>τοὺς</span> <span class='ocrx_word' id='word_1_438' title='bbox 2336 2888 2551 2965; x_wconf 81' lang='grc' dir='ltr'>χοίρους</span> <span class='ocrx_word' id='word_1_439' title='bbox 2608 2885 2780 2963; x_wconf 86' lang='grc' dir='ltr'>λέγειν</span> <span class='ocrx_word' id='word_1_440' title='bbox 2835 2901 2850 2916; x_wconf 83' lang='grc'><strong>⁸</strong></span> <span class='ocrx_word' id='word_1_441' title='bbox 2894 2887 2983 2943; x_wconf 83' lang='grc' dir='ltr'><strong>καὶ</strong></span> <span class='ocrx_word' id='word_1_442' title='bbox 3023 2886 3398 2965; x_wconf 82' lang='grc' dir='ltr'>ἀνακηρύττειν</span> <span class='ocrx_word' id='word_1_443' title='bbox 3450 2886 3520 2944; x_wconf 82' lang='grc' dir='ltr'><strong>τά</strong></span> <span class='ocrx_word' id='word_1_444' title='bbox 3577 2904 3786 2963; x_wconf 76' lang='grc' dir='ltr'>γεγενη-</span> 
     </span>
    </p>
   </div>
   <div class='ocr_carea' id='block_1_62' title="bbox 436 2971 2073 3066">
    <p class='ocr_par' dir='ltr' id='par_1_62' title="bbox 436 2976 2073 3059">
     <span class='ocr_line' id='line_1_62' title="bbox 436 2976 2073 3059; baseline 0.001 -20"><span class='ocrx_word' id='word_1_445' title='bbox 436 2985 529 3040; x_wconf 89' lang='lat' dir='ltr'><strong>est</strong></span> <span class='ocrx_word' id='word_1_446' title='bbox 557 2996 687 3059; x_wconf 70' lang='lat' dir='ltr'><strong>quae</strong></span> <span class='ocrx_word' id='word_1_447' title='bbox 716 2976 776 3038; x_wconf 89' lang='lat' dir='ltr'><strong>in</strong></span> <span class='ocrx_word' id='word_1_448' title='bbox 810 2977 927 3038; x_wconf 92' lang='lat' dir='ltr'><strong>illis</strong></span> <span class='ocrx_word' id='word_1_449' title='bbox 973 2986 1213 3057; x_wconf 86' lang='lat' dir='ltr'><strong>operata</strong></span> <span class='ocrx_word' id='word_1_450' title='bbox 1256 2988 1347 3041; x_wconf 91' lang='lat' dir='ltr'><strong>est</strong></span> <span class='ocrx_word' id='word_1_451' title='bbox 1375 2978 1560 3058; x_wconf 80' lang='lat' dir='ltr'><strong>gratia</strong></span> <span class='ocrx_word' id='word_1_452' title='bbox 1587 2978 1839 3059; x_wconf 87' lang='lat' dir='ltr'><strong>Spiritus</strong></span> <span class='ocrx_word' id='word_1_453' title='bbox 1863 2979 2073 3041; x_wconf 83' lang='lat' dir='ltr'><strong>sancti.</strong></span> 
     </span>
    </p>
   </div>
   <div class='ocr_carea' id='block_1_63' title="bbox 2155 2971 3788 3066">
    <p class='ocr_par' dir='ltr' id='par_1_63' title="bbox 2163 2971 3788 3066">
     <span class='ocr_line' id='line_1_63' title="bbox 2163 2971 3788 3066; baseline -0.009 -24"><span class='ocrx_word' id='word_1_454' title='bbox 2163 2971 2295 3048; x_wconf 79' lang='grc' dir='ltr'>μένα</span> <span class='ocrx_word' id='word_1_455' title='bbox 2341 2974 2628 3048; x_wconf 76' lang='grc' dir='ltr'>θαυμάσια.</span> <span class='ocrx_word' id='word_1_456' title='bbox 2691 2996 2719 3028; x_wconf 72' lang='grc' dir='ltr'><strong>α</strong></span> <span class='ocrx_word' id='word_1_457' title='bbox 2769 2975 2902 3066; x_wconf 32' lang='grc' dir='ltr'><strong>Καὶ*</strong></span> <span class='ocrx_word' id='word_1_458' title='bbox 2917 2973 3027 3032; x_wconf 82' lang='grc' dir='ltr'>ἰδοὺ</span> <span class='ocrx_word' id='word_1_459' title='bbox 3078 2974 3395 3066; x_wconf 76' lang='grc' dir='ltr'>προσέφερον</span> <span class='ocrx_word' id='word_1_460' title='bbox 3440 2975 3588 3066; x_wconf 72' lang='grc' dir='ltr'><strong>αὐτῷ</strong></span> <span class='ocrx_word' id='word_1_461' title='bbox 3629 2991 3788 3066; x_wconf 40' lang='lat' dir='ltr'><strong>sapa-</strong></span> 
     </span>
    </p>
   </div>
   <div class='ocr_carea' id='block_1_64' title="bbox 437 3058 2073 3147">
    <p class='ocr_par' dir='ltr' id='par_1_64' title="bbox 437 3058 2073 3147">
     <span class='ocr_line' id='line_1_64' title="bbox 437 3058 2073 3147; baseline 0.001 -17"><span class='ocrx_word' id='word_1_462' title='bbox 437 3066 550 3130; x_wconf 88' lang='lat' dir='ltr'><strong>Ubi</strong></span> <span class='ocrx_word' id='word_1_463' title='bbox 573 3058 770 3129; x_wconf 81' lang='lat' dir='ltr'><strong>autem</strong></span> <span class='ocrx_word' id='word_1_464' title='bbox 799 3075 887 3128; x_wconf 92' lang='lat' dir='ltr'><strong>est</strong></span> <span class='ocrx_word' id='word_1_465' title='bbox 916 3066 1104 3147; x_wconf 74' lang='lat' dir='ltr'><strong>gratia</strong></span> <span class='ocrx_word' id='word_1_466' title='bbox 1130 3066 1385 3147; x_wconf 88' lang='lat' dir='ltr'><strong>Spiritus</strong></span> <span class='ocrx_word' id='word_1_467' title='bbox 1437 3058 1649 3143; x_wconf 81' lang='lat' dir='ltr'><strong>sancti,</strong></span> <span class='ocrx_word' id='word_1_468' title='bbox 1684 3066 1765 3128; x_wconf 88' lang='lat' dir='ltr'><strong>ibi</strong></span> <span class='ocrx_word' id='word_1_469' title='bbox 1797 3068 2073 3145; x_wconf 89' lang='lat' dir='ltr'><strong>charitas,</strong></span> 
     </span>
    </p>
   </div>
   <div class='ocr_carea' id='block_1_65' title="bbox 2155 3058 3785 3147">
    <p class='ocr_par' dir='ltr' id='par_1_65' title="bbox 2159 3058 3785 3140">
     <span class='ocr_line' id='line_1_65' title="bbox 2159 3058 3785 3140; baseline -0.001 -24"><span class='ocrx_word' id='word_1_470' title='bbox 2159 3060 2370 3117; x_wconf 81' lang='grc' dir='ltr'>λυτικὸν</span> <span class='ocrx_word' id='word_1_471' title='bbox 2427 3062 2511 3119; x_wconf 78' lang='grc' dir='ltr'>ἐπὶ</span> <span class='ocrx_word' id='word_1_472' title='bbox 2557 3061 2740 3130; x_wconf 86' lang='grc' dir='ltr'>κλίνης</span> <span class='ocrx_word' id='word_1_473' title='bbox 2795 3060 3144 3139; x_wconf 79' lang='grc' dir='ltr'>βεϐλημένον.</span> <span class='ocrx_word' id='word_1_474' title='bbox 3207 3086 3233 3123; x_wconf 73' lang='grc' dir='ltr'><strong>ι</strong></span> <span class='ocrx_word' id='word_1_475' title='bbox 3298 3061 3516 3131; x_wconf 74' lang='grc' dir='ltr'>Ἐπειδὴ</span> <span class='ocrx_word' id='word_1_476' title='bbox 3566 3063 3690 3140; x_wconf 70' lang='grc' dir='ltr'>πρὸς</span> <span class='ocrx_word' id='word_1_477' title='bbox 3732 3058 3785 3114; x_wconf 78' lang='grc' dir='ltr'>τὸ</span> 
     </span>
    </p>
   </div>
   <div class='ocr_carea' id='block_1_66' title="bbox 435 3148 2073 3236">
    <p class='ocr_par' dir='ltr' id='par_1_66' title="bbox 435 3154 2073 3236">
     <span class='ocr_line' id='line_1_66' title="bbox 435 3154 2073 3236; baseline 0.001 -19"><span class='ocrx_word' id='word_1_478' title='bbox 435 3155 634 3217; x_wconf 73' lang='lat' dir='ltr'><strong>lmtitia</strong></span> <span class='ocrx_word' id='word_1_479' title='bbox 665 3164 727 3216; x_wconf 91' lang='lat' dir='ltr'><strong>et</strong></span> <span class='ocrx_word' id='word_1_480' title='bbox 752 3174 886 3236; x_wconf 86' lang='lat' dir='ltr'><strong>pax.</strong></span> <span class='ocrx_word' id='word_1_481' title='bbox 931 3154 1046 3219; x_wconf 93' lang='lat' dir='ltr'><strong>Ubi</strong></span> <span class='ocrx_word' id='word_1_482' title='bbox 1098 3165 1297 3217; x_wconf 85' lang='lat' dir='ltr'><strong>autem</strong></span> <span class='ocrx_word' id='word_1_483' title='bbox 1348 3161 1437 3217; x_wconf 89' lang='lat' dir='ltr'><strong>est</strong></span> <span class='ocrx_word' id='word_1_484' title='bbox 1485 3173 1616 3236; x_wconf 85' lang='lat' dir='ltr'><strong>pax,</strong></span> <span class='ocrx_word' id='word_1_485' title='bbox 1650 3156 1789 3218; x_wconf 90' lang='lat' dir='ltr'><strong>inde</strong></span> <span class='ocrx_word' id='word_1_486' title='bbox 1818 3156 2073 3235; x_wconf 80' lang='lat' dir='ltr'><strong>abigitur</strong></span> 
     </span>
    </p>
   </div>
   <div class='ocr_carea' id='block_1_67' title="bbox 2155 3148 3782 3236">
    <p class='ocr_par' dir='ltr' id='par_1_67' title="bbox 2157 3148 3782 3232">
     <span class='ocr_line' id='line_1_67' title="bbox 2157 3148 3782 3232; baseline -0.002 -26"><span class='ocrx_word' id='word_1_487' title='bbox 2157 3152 2470 3229; x_wconf 79' lang='grc' dir='ltr'>θεραπεῦσαι</span> <span class='ocrx_word' id='word_1_488' title='bbox 2536 3149 2825 3230; x_wconf 79' lang='grc' dir='ltr'>παράλυσιν</span> <span class='ocrx_word' id='word_1_489' title='bbox 2894 3154 2930 3220; x_wconf 76' lang='grc' dir='ltr'>ἡ</span> <span class='ocrx_word' id='word_1_490' title='bbox 2999 3158 3105 3207; x_wconf 80' lang='grc' dir='ltr'>τῶν</span> <span class='ocrx_word' id='word_1_491' title='bbox 3171 3152 3360 3231; x_wconf 77' lang='grc' dir='ltr'>ἰατρῶν</span> <span class='ocrx_word' id='word_1_492' title='bbox 3417 3151 3591 3232; x_wconf 81' lang='grc' dir='ltr'>τέχνη</span> <span class='ocrx_word' id='word_1_493' title='bbox 3644 3148 3782 3203; x_wconf 85' lang='grc' dir='ltr'>ἀσθε-</span> 
     </span>
    </p>
   </div>
   <div class='ocr_carea' id='block_1_68' title="bbox 436 3238 2073 3325">
    <p class='ocr_par' dir='ltr' id='par_1_68' title="bbox 436 3243 2073 3325">
     <span class='ocr_line' id='line_1_68' title="bbox 436 3243 2073 3325; baseline 0 -18"><span class='ocrx_word' id='word_1_494' title='bbox 436 3243 631 3307; x_wconf 92' lang='lat' dir='ltr'><strong>omnis</strong></span> <span class='ocrx_word' id='word_1_495' title='bbox 661 3262 856 3325; x_wconf 81' lang='lat' dir='ltr'><strong>pugna</strong></span> <span class='ocrx_word' id='word_1_496' title='bbox 906 3252 965 3305; x_wconf 93' lang='lat' dir='ltr'><strong>et</strong></span> <span class='ocrx_word' id='word_1_497' title='bbox 1005 3243 1327 3324; x_wconf 89' lang='lat' dir='ltr'><strong>oppositio,</strong></span> <span class='ocrx_word' id='word_1_498' title='bbox 1378 3243 1826 3325; x_wconf 88' lang='lat' dir='ltr'><strong>sustolliturque</strong></span> <span class='ocrx_word' id='word_1_499' title='bbox 1882 3246 2073 3307; x_wconf 89' lang='lat' dir='ltr'><strong>omnis</strong></span> 
     </span>
    </p>
   </div>
   <div class='ocr_carea' id='block_1_69' title="bbox 2155 3238 3780 3325">
    <p class='ocr_par' dir='ltr' id='par_1_69' title="bbox 2160 3238 3780 3325">
     <span class='ocr_line' id='line_1_69' title="bbox 2160 3238 3780 3325; baseline -0.004 -30"><span class='ocrx_word' id='word_1_500' title='bbox 2160 3245 2319 3295; x_wconf 80' lang='grc' dir='ltr'>νοῦσα</span> <span class='ocrx_word' id='word_1_501' title='bbox 2373 3238 2640 3320; x_wconf 81' lang='grc' dir='ltr'>ἠλέγχετο</span> <span class='ocrx_word' id='word_1_502' title='bbox 2694 3240 2827 3319; x_wconf 78' lang='grc' dir='ltr'>πρὸς</span> <span class='ocrx_word' id='word_1_503' title='bbox 2895 3241 2986 3297; x_wconf 78' lang='grc' dir='ltr'>τὸν</span> <span class='ocrx_word' id='word_1_504' title='bbox 3041 3238 3258 3319; x_wconf 76' lang='grc' dir='ltr'>ἄνωθεν,</span> <span class='ocrx_word' id='word_1_505' title='bbox 3318 3242 3405 3297; x_wconf 84' lang='grc' dir='ltr'><strong>καί</strong></span> <span class='ocrx_word' id='word_1_506' title='bbox 3460 3238 3515 3305; x_wconf 78' lang='grc' dir='ltr'><strong>ἐξ</strong></span> 
     </span>
    </p>
   </div>
   <div class='ocr_carea' id='block_1_70' title="bbox 433 3322 2073 3415">
    <p class='ocr_par' dir='ltr' id='par_1_70' title="bbox 433 3322 2073 3415">
     <span class='ocr_line' id='line_1_70' title="bbox 433 3322 2073 3415; baseline 0 -19"><span class='ocrx_word' id='word_1_507' title='bbox 433 3322 785 3413; x_wconf 79' lang='lat' dir='ltr'><strong>ambiguitas</strong></span> <span class='ocrx_word' id='word_1_508' title='bbox 814 3340 874 3396; x_wconf 89' lang='lat' dir='ltr'><strong>et</strong></span> <span class='ocrx_word' id='word_1_509' title='bbox 901 3322 1286 3397; x_wconf 84' lang='lat' dir='ltr'><strong>dissonantia.</strong></span> <span class='ocrx_word' id='word_1_510' title='bbox 1321 3334 1510 3396; x_wconf 87' lang='lat' dir='ltr'><strong>Locus</strong></span> <span class='ocrx_word' id='word_1_511' title='bbox 1542 3322 1820 3407; x_wconf 41' lang='lat' dir='ltr'><strong>enim,&#39;et</strong></span> <span class='ocrx_word' id='word_1_512' title='bbox 1848 3341 2073 3415; x_wconf 83' lang='lat' dir='ltr'><strong>tempus</strong></span> 
     </span>
    </p>
   </div>
   <div class='ocr_carea' id='block_1_71' title="bbox 2155 3322 3781 3415">
    <p class='ocr_par' dir='ltr' id='par_1_71' title="bbox 2158 3322 3781 3415">
     <span class='ocr_line' id='line_1_71' title="bbox 2158 3322 3781 3415; baseline 0.002 -33"><span class='ocrx_word' id='word_1_513' title='bbox 2158 3327 2358 3407; x_wconf 84' lang='grc' dir='ltr'>ἰατρὸν,</span> <span class='ocrx_word' id='word_1_514' title='bbox 2431 3328 2521 3384; x_wconf 83' lang='grc' dir='ltr'>τὸν</span> <span class='ocrx_word' id='word_1_515' title='bbox 2592 3328 2781 3407; x_wconf 81' lang='grc' dir='ltr'>Κύριον</span> <span class='ocrx_word' id='word_1_516' title='bbox 2847 3329 3002 3403; x_wconf 75' lang='grc' dir='ltr'>ἡμῶν</span> <span class='ocrx_word' id='word_1_517' title='bbox 3088 3326 3295 3395; x_wconf 80' lang='grc' dir='ltr'>Ἰησοῦν</span> <span class='ocrx_word' id='word_1_518' title='bbox 3367 3328 3591 3408; x_wconf 77' lang='grc' dir='ltr'>Χριστὸν</span> <span class='ocrx_word' id='word_1_519' title='bbox 3646 3322 3781 3415; x_wconf 15' lang='grc' dir='ltr'>,ττιρᾶ</span> 
     </span>
    </p>
   </div>
   <div class='ocr_carea' id='block_1_72' title="bbox 436 3414 2073 3502">
    <p class='ocr_par' dir='ltr' id='par_1_72' title="bbox 436 3414 2073 3502">
     <span class='ocr_line' id='line_1_72' title="bbox 436 3414 2073 3502; baseline -0.001 -17"><span class='ocrx_word' id='word_1_520' title='bbox 436 3431 494 3485; x_wconf 93' lang='lat' dir='ltr'><strong>et</strong></span> <span class='ocrx_word' id='word_1_521' title='bbox 514 3422 665 3499; x_wconf 92' lang='lat' dir='ltr'><strong>dies,</strong></span> <span class='ocrx_word' id='word_1_522' title='bbox 691 3430 750 3485; x_wconf 92' lang='lat' dir='ltr'><strong>et</strong></span> <span class='ocrx_word' id='word_1_523' title='bbox 777 3423 1099 3486; x_wconf 89' lang='lat' dir='ltr'><strong>curationis</strong></span> <span class='ocrx_word' id='word_1_524' title='bbox 1119 3421 1352 3498; x_wconf 90' lang='lat' dir='ltr'><strong>modus,</strong></span> <span class='ocrx_word' id='word_1_525' title='bbox 1380 3429 1439 3483; x_wconf 91' lang='lat' dir='ltr'><strong>et</strong></span> <span class='ocrx_word' id='word_1_526' title='bbox 1459 3421 1726 3502; x_wconf 57' lang='lat' dir='ltr'><strong>quaedam</strong></span> <span class='ocrx_word' id='word_1_527' title='bbox 1748 3421 1859 3484; x_wconf 85' lang='lat' dir='ltr'><strong>alia</strong></span> <span class='ocrx_word' id='word_1_528' title='bbox 1885 3414 2073 3484; x_wconf 90' lang='lat' dir='ltr'><strong>osten-</strong></span> 
     </span>
    </p>
   </div>
   <div class='ocr_carea' id='block_1_73' title="bbox 2155 3414 3774 3502">
    <p class='ocr_par' dir='ltr' id='par_1_73' title="bbox 2158 3414 3774 3502">
     <span class='ocr_line' id='line_1_73' title="bbox 2158 3414 3774 3502; baseline -0.002 -30"><span class='ocrx_word' id='word_1_529' title='bbox 2158 3422 2265 3502; x_wconf 60' lang='grc' dir='ltr'><strong>τῶν</strong></span> <span class='ocrx_word' id='word_1_530' title='bbox 2359 3416 2563 3473; x_wconf 82' lang='grc' dir='ltr'>οἰκείων</span> <span class='ocrx_word' id='word_1_531' title='bbox 2659 3418 2688 3472; x_wconf 92' lang='lat'><strong>6</strong></span> <span class='ocrx_word' id='word_1_532' title='bbox 2782 3415 3082 3495; x_wconf 79' lang='grc' dir='ltr'>παράλυτος</span> <span class='ocrx_word' id='word_1_533' title='bbox 3179 3418 3330 3480; x_wconf 79' lang='grc' dir='ltr'>οὗτος</span> <span class='ocrx_word' id='word_1_534' title='bbox 3427 3414 3774 3490; x_wconf 78' lang='grc' dir='ltr'>ἀπεκομίζετο.</span> 
     </span>
    </p>
   </div>
   <div class='ocr_carea' id='block_1_74' title="bbox 434 3488 2073 3594">
    <p class='ocr_par' dir='ltr' id='par_1_74' title="bbox 434 3488 2073 3594">
     <span class='ocr_line' id='line_1_74' title="bbox 434 3488 2073 3594; baseline -0.001 -20"><span class='ocrx_word' id='word_1_535' title='bbox 434 3512 583 3575; x_wconf 90' lang='lat' dir='ltr'><strong>dunt</strong></span> <span class='ocrx_word' id='word_1_536' title='bbox 610 3488 707 3587; x_wconf 76' lang='lat' dir='ltr'><strong>iis,</strong></span> <span class='ocrx_word' id='word_1_537' title='bbox 741 3512 842 3594; x_wconf 92' lang='lat' dir='ltr'><strong>qui</strong></span> <span class='ocrx_word' id='word_1_538' title='bbox 888 3488 1425 3594; x_wconf 81' lang='lat' dir='ltr'><strong>quomodocunque</strong></span> <span class='ocrx_word' id='word_1_539' title='bbox 1473 3488 1735 3572; x_wconf 75' lang='lat' dir='ltr'><strong>mentem</strong></span> <span class='ocrx_word' id='word_1_540' title='bbox 1767 3509 2073 3592; x_wconf 83' lang='lat' dir='ltr'><strong>adhibent,</strong></span> 
     </span>
    </p>
   </div>
   <div class='ocr_carea' id='block_1_75' title="bbox 2155 3488 3778 3594">
    <p class='ocr_par' dir='ltr' id='par_1_75' title="bbox 2164 3488 3778 3585">
     <span class='ocr_line' id='line_1_75' title="bbox 2164 3488 3778 3585; baseline -0.002 -23"><span class='ocrx_word' id='word_1_541' title='bbox 2164 3488 2288 3563; x_wconf 51' lang='lat' dir='ltr'><strong>«Eva</strong></span> <span class='ocrx_word' id='word_1_542' title='bbox 2355 3502 2411 3560; x_wconf 77' lang='grc' dir='ltr'>δὲ</span> <span class='ocrx_word' id='word_1_543' title='bbox 2481 3505 2567 3561; x_wconf 86' lang='grc' dir='ltr'>καὶ</span> <span class='ocrx_word' id='word_1_544' title='bbox 2631 3504 2721 3561; x_wconf 77' lang='grc' dir='ltr'><strong>τὸν</strong></span> <span class='ocrx_word' id='word_1_545' title='bbox 2779 3488 2933 3562; x_wconf 73' lang='grc' dir='ltr'>αὐτὸν</span> <span class='ocrx_word' id='word_1_546' title='bbox 2990 3505 3286 3585; x_wconf 80' lang='grc' dir='ltr'>παράλυτον</span> <span class='ocrx_word' id='word_1_547' title='bbox 3341 3505 3431 3562; x_wconf 76' lang='grc' dir='ltr'><strong>τὸν</strong></span> <span class='ocrx_word' id='word_1_548' title='bbox 3490 3488 3631 3582; x_wconf 72' lang='grc' dir='ltr'><strong>παρά</strong></span> <span class='ocrx_word' id='word_1_549' title='bbox 3679 3510 3778 3558; x_wconf 76' lang='grc' dir='ltr'>τοῖς</span> 
     </span>
    </p>
   </div>
   <div class='ocr_carea' id='block_1_76' title="bbox 435 3588 2073 3683">
    <p class='ocr_par' dir='ltr' id='par_1_76' title="bbox 435 3588 2073 3683">
     <span class='ocr_line' id='line_1_76' title="bbox 435 3588 2073 3683; baseline -0.001 -20"><span class='ocrx_word' id='word_1_550' title='bbox 435 3601 686 3664; x_wconf 90' lang='lat' dir='ltr'><strong>alterum</strong></span> <span class='ocrx_word' id='word_1_551' title='bbox 703 3588 833 3663; x_wconf 75' lang='lat' dir='ltr'><strong>esse</strong></span> <span class='ocrx_word' id='word_1_552' title='bbox 857 3588 1014 3665; x_wconf 79' lang='lat' dir='ltr'><strong>hunc</strong></span> <span class='ocrx_word' id='word_1_553' title='bbox 1038 3588 1447 3683; x_wconf 80' lang='lat' dir='ltr'><strong>paralytiqum,</strong></span> <span class='ocrx_word' id='word_1_554' title='bbox 1475 3600 1726 3663; x_wconf 88' lang='lat' dir='ltr'><strong>alterum</strong></span> <span class='ocrx_word' id='word_1_555' title='bbox 1755 3607 1953 3662; x_wconf 90' lang='lat' dir='ltr'><strong>autem</strong></span> <span class='ocrx_word' id='word_1_556' title='bbox 1975 3588 2073 3682; x_wconf 89' lang='lat' dir='ltr'><strong>qui</strong></span> 
     </span>
    </p>
   </div>
   <div class='ocr_carea' id='block_1_77' title="bbox 2155 3588 3776 3683">
    <p class='ocr_par' dir='ltr' id='par_1_77' title="bbox 2157 3588 3776 3672">
     <span class='ocr_line' id='line_1_77' title="bbox 2157 3588 3776 3672; baseline -0.004 -23"><span class='ocrx_word' id='word_1_557' title='bbox 2157 3592 2436 3672; x_wconf 87' lang='grc' dir='ltr'>τέσσαρσιν</span> <span class='ocrx_word' id='word_1_558' title='bbox 2507 3591 2912 3671; x_wconf 65' lang='grc' dir='ltr'>εὐαγγέλια-ταῖς</span> <span class='ocrx_word' id='word_1_559' title='bbox 2968 3591 3254 3672; x_wconf 87' lang='grc' dir='ltr'>λεγόμενον</span> <span class='ocrx_word' id='word_1_560' title='bbox 3309 3595 3605 3670; x_wconf 76' lang='grc' dir='ltr'>νομίζωσιν</span> <span class='ocrx_word' id='word_1_561' title='bbox 3655 3588 3776 3645; x_wconf 73' lang='grc' dir='ltr'>εἶναι</span> 
     </span>
    </p>
   </div>
   <div class='ocr_carea' id='block_1_78' title="bbox 324 3679 2073 3771">
    <p class='ocr_par' dir='ltr' id='par_1_78' title="bbox 324 3679 2073 3771">
     <span class='ocr_line' id='line_1_78' title="bbox 324 3679 2073 3771; baseline -0.001 -19"><span class='ocrx_word' id='word_1_562' title='bbox 324 3762 329 3767; x_wconf 37' lang='grc'><strong>,</strong></span> <span class='ocrx_word' id='word_1_563' title='bbox 432 3689 588 3771; x_wconf 87' lang='lat' dir='ltr'><strong>apud</strong></span> <span class='ocrx_word' id='word_1_564' title='bbox 616 3689 906 3754; x_wconf 87' lang='lat' dir='ltr'><strong>Joannem</strong></span> <span class='ocrx_word' id='word_1_565' title='bbox 958 3679 1344 3753; x_wconf 77' lang='lat' dir='ltr'><strong>memoratur.</strong></span> <span class='ocrx_word' id='word_1_566' title='bbox 1396 3689 1505 3753; x_wconf 92' lang='lat' dir='ltr'><strong>Ille</strong></span> <span class='ocrx_word' id='word_1_567' title='bbox 1536 3689 1694 3751; x_wconf 91' lang='lat' dir='ltr'><strong>enim</strong></span> <span class='ocrx_word' id='word_1_568' title='bbox 1724 3679 2073 3771; x_wconf 76' lang='lat' dir='ltr'><strong>paralyticus</strong></span> 
     </span>
    </p>
   </div>
   <div class='ocr_carea' id='block_1_79' title="bbox 2155 3679 3774 3771">
    <p class='ocr_par' dir='ltr' id='par_1_79' title="bbox 2157 3679 3774 3771">
     <span class='ocr_line' id='line_1_79' title="bbox 2157 3679 3774 3771; baseline -0.005 -31"><span class='ocrx_word' id='word_1_569' title='bbox 2157 3680 2347 3740; x_wconf 86' lang='grc' dir='ltr'>πολλοὶ</span> <span class='ocrx_word' id='word_1_570' title='bbox 2401 3686 2508 3738; x_wconf 84' lang='grc' dir='ltr'><strong>τῶν</strong></span> <span class='ocrx_word' id='word_1_571' title='bbox 2576 3681 2759 3746; x_wconf 81' lang='grc' dir='ltr'>ἁπλῶς</span> <span class='ocrx_word' id='word_1_572' title='bbox 2828 3683 3297 3771; x_wconf 82' lang='grc' dir='ltr'>ἀναγινωσκόντων</span> <span class='ocrx_word' id='word_1_573' title='bbox 3351 3683 3440 3739; x_wconf 86' lang='grc' dir='ltr'><strong>καὶ</strong></span> <span class='ocrx_word' id='word_1_574' title='bbox 3465 3679 3774 3746; x_wconf 73' lang='grc' dir='ltr'>ἀνεξέταστι-</span> 
     </span>
    </p>
   </div>
   <div class='ocr_carea' id='block_1_80' title="bbox 432 3770 2073 3863">
    <p class='ocr_par' dir='ltr' id='par_1_80' title="bbox 432 3770 2073 3861">
     <span class='ocr_line' id='line_1_80' title="bbox 432 3770 2073 3861; baseline -0.001 -19"><span class='ocrx_word' id='word_1_575' title='bbox 432 3770 857 3861; x_wconf 77' lang='lat' dir='ltr'><strong>Hierosolymis</strong></span> <span class='ocrx_word' id='word_1_576' title='bbox 874 3788 1136 3856; x_wconf 86' lang='lat' dir='ltr'><strong>sanatur,</strong></span> <span class='ocrx_word' id='word_1_577' title='bbox 1162 3781 1258 3842; x_wconf 90' lang='lat' dir='ltr'><strong>hic</strong></span> <span class='ocrx_word' id='word_1_578' title='bbox 1269 3798 1408 3843; x_wconf 92' lang='lat' dir='ltr'><strong>vero</strong></span> <span class='ocrx_word' id='word_1_579' title='bbox 1433 3780 1494 3840; x_wconf 92' lang='lat' dir='ltr'><strong>in</strong></span> <span class='ocrx_word' id='word_1_580' title='bbox 1513 3770 1923 3859; x_wconf 84' lang='lat' dir='ltr'><strong>Capharnaum</strong></span> <span class='ocrx_word' id='word_1_581' title='bbox 1942 3799 1956 3854; x_wconf 92' lang='lat'><strong>;</strong></span> <span class='ocrx_word' id='word_1_582' title='bbox 1975 3778 2073 3840; x_wconf 89' lang='lat' dir='ltr'><strong>ille</strong></span> 
     </span>
    </p>
   </div>
   <div class='ocr_carea' id='block_1_81' title="bbox 2155 3770 3774 3863">
    <p class='ocr_par' dir='ltr' id='par_1_81' title="bbox 2157 3770 3774 3852">
     <span class='ocr_line' id='line_1_81' title="bbox 2157 3770 3774 3852; baseline -0.002 -24"><span class='ocrx_word' id='word_1_583' title='bbox 2157 3778 2265 3835; x_wconf 81' lang='grc' dir='ltr'><strong>κῶς</strong></span> <span class='ocrx_word' id='word_1_584' title='bbox 2337 3772 2431 3835; x_wconf 78' lang='grc' dir='ltr'><strong>τὰς</strong></span> <span class='ocrx_word' id='word_1_585' title='bbox 2495 3772 2637 3835; x_wconf 85' lang='grc' dir='ltr'>θείας</span> <span class='ocrx_word' id='word_1_586' title='bbox 2704 3772 2935 3852; x_wconf 77' lang='grc' dir='ltr'>Γραφάς,</span> <span class='ocrx_word' id='word_1_587' title='bbox 3008 3772 3098 3828; x_wconf 82' lang='grc' dir='ltr'><strong>καὶ</strong></span> <span class='ocrx_word' id='word_1_588' title='bbox 3154 3770 3434 3850; x_wconf 77' lang='grc' dir='ltr'>ἐγκαλοῦσί</span> <span class='ocrx_word' id='word_1_589' title='bbox 3487 3790 3625 3832; x_wconf 86' lang='grc' dir='ltr'>τινες</span> <span class='ocrx_word' id='word_1_590' title='bbox 3675 3774 3774 3825; x_wconf 77' lang='grc' dir='ltr'>τοῖς</span> 
     </span>
    </p>
   </div>
   <div class='ocr_carea' id='block_1_82' title="bbox 433 3854 2073 3956">
    <p class='ocr_par' dir='ltr' id='par_1_82' title="bbox 433 3854 2073 3956">
     <span class='ocr_line' id='line_1_82' title="bbox 433 3854 2073 3956; baseline -0.001 -21"><span class='ocrx_word' id='word_1_591' title='bbox 433 3891 619 3956; x_wconf 91' lang='lat' dir='ltr'><strong>prope</strong></span> <span class='ocrx_word' id='word_1_592' title='bbox 650 3854 965 3955; x_wconf 73' lang='lat' dir='ltr'><strong>piscinam,</strong></span> <span class='ocrx_word' id='word_1_593' title='bbox 992 3873 1089 3936; x_wconf 90' lang='lat' dir='ltr'><strong>hic</strong></span> <span class='ocrx_word' id='word_1_594' title='bbox 1119 3854 1180 3935; x_wconf 88' lang='lat' dir='ltr'><strong>in</strong></span> <span class='ocrx_word' id='word_1_595' title='bbox 1211 3872 1463 3954; x_wconf 88' lang='lat' dir='ltr'><strong>quadam</strong></span> <span class='ocrx_word' id='word_1_596' title='bbox 1493 3854 1692 3948; x_wconf 79' lang='lat' dir='ltr'><strong>domo,</strong></span> <span class='ocrx_word' id='word_1_597' title='bbox 1725 3878 1791 3932; x_wconf 93' lang='lat' dir='ltr'><strong>ut</strong></span> <span class='ocrx_word' id='word_1_598' title='bbox 1807 3872 1996 3934; x_wconf 86' lang='lat' dir='ltr'><strong>Lucas</strong></span> <span class='ocrx_word' id='word_1_599' title='bbox 2016 3879 2073 3934; x_wconf 88' lang='lat' dir='ltr'><strong>et</strong></span> 
     </span>
    </p>
   </div>
   <div class='ocr_carea' id='block_1_83' title="bbox 2155 3854 3771 3956">
    <p class='ocr_par' dir='ltr' id='par_1_83' title="bbox 2157 3854 3771 3956">
     <span class='ocr_line' id='line_1_83' title="bbox 2157 3854 3771 3956; baseline -0.002 -41"><span class='ocrx_word' id='word_1_600' title='bbox 2157 3859 2579 3939; x_wconf 75' lang='grc' dir='ltr'>εὖαγγελιςτατς,</span> <span class='ocrx_word' id='word_1_601' title='bbox 2639 3861 2712 3924; x_wconf 82' lang='grc' dir='ltr'>ὡς</span> <span class='ocrx_word' id='word_1_602' title='bbox 2768 3858 3098 3940; x_wconf 84' lang='grc' dir='ltr'>μαχομένοις</span> <span class='ocrx_word' id='word_1_603' title='bbox 3149 3857 3406 3929; x_wconf 81' lang='grc' dir='ltr'>ἀλλήλοις</span> <span class='ocrx_word' id='word_1_604' title='bbox 3457 3860 3547 3916; x_wconf 84' lang='grc' dir='ltr'><strong>καὶ</strong></span> <span class='ocrx_word' id='word_1_605' title='bbox 3602 3854 3771 3956; x_wconf 58' lang='grc' dir='ltr'>διαγιν-</span> 
     </span>
    </p>
   </div>
   <div class='ocr_carea' id='block_1_84' title="bbox 433 3945 2073 4044">
    <p class='ocr_par' dir='ltr' id='par_1_84' title="bbox 433 3945 2073 4044">
     <span class='ocr_line' id='line_1_84' title="bbox 433 3945 2073 4044; baseline -0.002 -19"><span class='ocrx_word' id='word_1_606' title='bbox 433 3945 667 4025; x_wconf 67' lang='lat' dir='ltr'><strong>Marcus</strong></span> <span class='ocrx_word' id='word_1_607' title='bbox 682 3961 908 4027; x_wconf 88' lang='lat' dir='ltr'><strong>dicunt.</strong></span> <span class='ocrx_word' id='word_1_608' title='bbox 927 3945 1000 4024; x_wconf 85' lang='lat' dir='ltr'><strong>Et</strong></span> <span class='ocrx_word' id='word_1_609' title='bbox 1019 3962 1121 4025; x_wconf 90' lang='lat' dir='ltr'><strong>ille</strong></span> <span class='ocrx_word' id='word_1_610' title='bbox 1142 3945 1381 4044; x_wconf 80' lang='lat' dir='ltr'><strong>quidem</strong></span> <span class='ocrx_word' id='word_1_611' title='bbox 1413 3945 1764 4042; x_wconf 76' lang='lat' dir='ltr'><strong>paralyticus</strong></span> <span class='ocrx_word' id='word_1_612' title='bbox 1795 3959 1894 4021; x_wconf 90' lang='lat' dir='ltr'><strong>die</strong></span> <span class='ocrx_word' id='word_1_613' title='bbox 1923 3958 2073 4021; x_wconf 87' lang='lat' dir='ltr'><strong>festo</strong></span> 
     </span>
    </p>
   </div>
   <div class='ocr_carea' id='block_1_85' title="bbox 2155 3945 3773 4044">
    <p class='ocr_par' dir='ltr' id='par_1_85' title="bbox 2156 3945 3773 4026">
     <span class='ocr_line' id='line_1_85' title="bbox 2156 3945 3773 4026; baseline -0.001 -23"><span class='ocrx_word' id='word_1_614' title='bbox 2156 3955 2352 4007; x_wconf 82' lang='grc' dir='ltr'>νοῦσιν.</span> <span class='ocrx_word' id='word_1_615' title='bbox 2415 3947 2521 4006; x_wconf 77' lang='grc' dir='ltr'>Οὐκ</span> <span class='ocrx_word' id='word_1_616' title='bbox 2566 3946 2675 4004; x_wconf 78' lang='grc' dir='ltr'>ἔστι</span> <span class='ocrx_word' id='word_1_617' title='bbox 2726 3947 2781 4004; x_wconf 78' lang='grc' dir='ltr'>δὲ</span> <span class='ocrx_word' id='word_1_618' title='bbox 2829 3956 2983 4006; x_wconf 82' lang='grc' dir='ltr'>τοῦτο</span> <span class='ocrx_word' id='word_1_619' title='bbox 3045 3964 3060 3980; x_wconf 86' lang='lat'>&#39;</span> <span class='ocrx_word' id='word_1_620' title='bbox 3121 3948 3199 4024; x_wconf 76' lang='grc' dir='ltr'><strong>μὴ</strong></span> <span class='ocrx_word' id='word_1_621' title='bbox 3256 3948 3483 4026; x_wconf 83' lang='grc' dir='ltr'>γένοιτο,</span> <span class='ocrx_word' id='word_1_622' title='bbox 3545 3945 3645 4004; x_wconf 79' lang='grc' dir='ltr'>Μία</span> <span class='ocrx_word' id='word_1_623' title='bbox 3693 3945 3773 4018; x_wconf 74' lang='grc' dir='ltr'>γὰρ</span> 
     </span>
    </p>
   </div>
   <div class='ocr_carea' id='block_1_86' title="bbox 439 4035 2073 4132">
    <p class='ocr_par' dir='ltr' id='par_1_86' title="bbox 439 4035 2073 4132">
     <span class='ocr_line' id='line_1_86' title="bbox 439 4035 2073 4132; baseline -0.004 -18"><span class='ocrx_word' id='word_1_624' title='bbox 439 4050 804 4114; x_wconf 89' lang='lat' dir='ltr'><strong>sanationem</strong></span> <span class='ocrx_word' id='word_1_625' title='bbox 828 4059 1103 4132; x_wconf 86' lang='lat' dir='ltr'><strong>expertus</strong></span> <span class='ocrx_word' id='word_1_626' title='bbox 1124 4035 1237 4125; x_wconf 79' lang='lat' dir='ltr'><strong>est,</strong></span> <span class='ocrx_word' id='word_1_627' title='bbox 1262 4050 1360 4112; x_wconf 91' lang='lat' dir='ltr'><strong>hic</strong></span> <span class='ocrx_word' id='word_1_628' title='bbox 1378 4035 1516 4111; x_wconf 76' lang='lat' dir='ltr'><strong>vero</strong></span> <span class='ocrx_word' id='word_1_629' title='bbox 1531 4035 1648 4110; x_wconf 82' lang='lat' dir='ltr'><strong>non</strong></span> <span class='ocrx_word' id='word_1_630' title='bbox 1661 4048 1758 4110; x_wconf 91' lang='lat' dir='ltr'><strong>die</strong></span> <span class='ocrx_word' id='word_1_631' title='bbox 1772 4046 1943 4128; x_wconf 87' lang='lat' dir='ltr'><strong>festo,</strong></span> <span class='ocrx_word' id='word_1_632' title='bbox 1968 4046 2073 4110; x_wconf 92' lang='lat' dir='ltr'><strong>sed</strong></span> 
     </span>
    </p>
   </div>
   <div class='ocr_carea' id='block_1_87' title="bbox 2155 4035 3769 4132">
    <p class='ocr_par' dir='ltr' id='par_1_87' title="bbox 2155 4035 3769 4132">
     <span class='ocr_line' id='line_1_87' title="bbox 2155 4035 3769 4132; baseline -0.002 -40"><span class='ocrx_word' id='word_1_633' title='bbox 2155 4038 2220 4105; x_wconf 76' lang='grc' dir='ltr'><strong>ἢν</strong></span> <span class='ocrx_word' id='word_1_634' title='bbox 2250 4038 2303 4094; x_wconf 81' lang='grc' dir='ltr'>ὲν</span> <span class='ocrx_word' id='word_1_635' title='bbox 2332 4038 2534 4100; x_wconf 82' lang='grc' dir='ltr'>τούτοις</span> <span class='ocrx_word' id='word_1_636' title='bbox 2565 4035 2891 4117; x_wconf 57' lang='grc' dir='ltr'>ένεργάσασα</span> <span class='ocrx_word' id='word_1_637' title='bbox 2919 4038 3077 4118; x_wconf 75' lang='grc' dir='ltr'>χάρις</span> <span class='ocrx_word' id='word_1_638' title='bbox 3133 4046 3226 4096; x_wconf 81' lang='grc' dir='ltr'><strong>τοῦ</strong></span> <span class='ocrx_word' id='word_1_639' title='bbox 3270 4038 3434 4132; x_wconf 45' lang='grc' dir='ltr'>ἁγίου.</span> <span class='ocrx_word' id='word_1_640' title='bbox 3471 4036 3769 4132; x_wconf 46' lang='lat' dir='ltr'><strong>[lived-patec,</strong></span> 
     </span>
    </p>
   </div>
   <div class='ocr_carea' id='block_1_88' title="bbox 434 4136 2075 4220">
    <p class='ocr_par' dir='ltr' id='par_1_88' title="bbox 434 4136 2075 4220">
     <span class='ocr_line' id='line_1_88' title="bbox 434 4136 2075 4220; baseline -0.003 -18"><span class='ocrx_word' id='word_1_641' title='bbox 434 4140 550 4202; x_wconf 89' lang='lat' dir='ltr'><strong>alia</strong></span> <span class='ocrx_word' id='word_1_642' title='bbox 577 4141 696 4203; x_wconf 89' lang='lat' dir='ltr'><strong>die.</strong></span> <span class='ocrx_word' id='word_1_643' title='bbox 722 4139 829 4203; x_wconf 93' lang='lat' dir='ltr'><strong>Ille</strong></span> <span class='ocrx_word' id='word_1_644' title='bbox 867 4139 1104 4220; x_wconf 86' lang='lat' dir='ltr'><strong>triginta</strong></span> <span class='ocrx_word' id='word_1_645' title='bbox 1126 4147 1258 4202; x_wconf 92' lang='lat' dir='ltr'><strong>octo</strong></span> <span class='ocrx_word' id='word_1_646' title='bbox 1288 4157 1477 4201; x_wconf 90' lang='lat' dir='ltr'><strong>annos</strong></span> <span class='ocrx_word' id='word_1_647' title='bbox 1497 4136 1752 4200; x_wconf 89' lang='lat' dir='ltr'><strong>habebat</strong></span> <span class='ocrx_word' id='word_1_648' title='bbox 1777 4136 1837 4197; x_wconf 90' lang='lat' dir='ltr'><strong>in</strong></span> <span class='ocrx_word' id='word_1_649' title='bbox 1858 4136 1971 4198; x_wconf 88' lang='lat' dir='ltr'><strong>hac</strong></span> <span class='ocrx_word' id='word_1_650' title='bbox 1988 4136 2075 4198; x_wconf 88' lang='lat' dir='ltr'><strong>in-</strong></span> 
     </span>
    </p>
   </div>
   <div class='ocr_carea' id='block_1_89' title="bbox 435 4224 2077 4306">
    <p class='ocr_par' dir='ltr' id='par_1_89' title="bbox 435 4224 2077 4306">
     <span class='ocr_line' id='line_1_89' title="bbox 435 4224 2077 4306; baseline -0.002 -16"><span class='ocrx_word' id='word_1_651' title='bbox 435 4229 719 4292; x_wconf 87' lang='lat' dir='ltr'><strong>ﬁrmitate</strong></span> <span class='ocrx_word' id='word_1_652' title='bbox 749 4250 767 4306; x_wconf 89' lang='lat'><strong>;</strong></span> <span class='ocrx_word' id='word_1_653' title='bbox 794 4229 871 4291; x_wconf 91' lang='lat' dir='ltr'><strong>de</strong></span> <span class='ocrx_word' id='word_1_654' title='bbox 913 4229 1027 4290; x_wconf 88' lang='lat' dir='ltr'><strong>hoc</strong></span> <span class='ocrx_word' id='word_1_655' title='bbox 1079 4235 1276 4291; x_wconf 90' lang='lat' dir='ltr'><strong>autem</strong></span> <span class='ocrx_word' id='word_1_656' title='bbox 1328 4226 1476 4289; x_wconf 90' lang='lat' dir='ltr'><strong>nihil</strong></span> <span class='ocrx_word' id='word_1_657' title='bbox 1506 4226 1624 4289; x_wconf 90' lang='lat' dir='ltr'><strong>tale</strong></span> <span class='ocrx_word' id='word_1_658' title='bbox 1653 4224 1799 4287; x_wconf 92' lang='lat' dir='ltr'><strong>dicit</strong></span> <span class='ocrx_word' id='word_1_659' title='bbox 1828 4243 2077 4302; x_wconf 83' lang='lat' dir='ltr'><strong>evange-</strong></span> 
     </span>
    </p>
   </div>
   <div class='ocr_carea' id='block_1_90' title="bbox 435 4312 2072 4380">
    <p class='ocr_par' dir='ltr' id='par_1_90' title="bbox 435 4312 2072 4380">
     <span class='ocr_line' id='line_1_90' title="bbox 435 4312 2072 4380; baseline -0.002 -3"><span class='ocrx_word' id='word_1_660' title='bbox 435 4316 593 4380; x_wconf 91' lang='lat' dir='ltr'><strong>lista.</strong></span> <span class='ocrx_word' id='word_1_661' title='bbox 623 4317 809 4379; x_wconf 90' lang='lat' dir='ltr'><strong>Porro</strong></span> <span class='ocrx_word' id='word_1_662' title='bbox 839 4317 941 4380; x_wconf 90' lang='lat' dir='ltr'><strong>ille</strong></span> <span class='ocrx_word' id='word_1_663' title='bbox 991 4315 1246 4380; x_wconf 89' lang='lat' dir='ltr'><strong>Sabbato</strong></span> <span class='ocrx_word' id='word_1_664' title='bbox 1298 4324 1538 4379; x_wconf 88' lang='lat' dir='ltr'><strong>sanatus</strong></span> <span class='ocrx_word' id='word_1_665' title='bbox 1582 4322 1673 4377; x_wconf 91' lang='lat' dir='ltr'><strong>est</strong></span> <span class='ocrx_word' id='word_1_666' title='bbox 1701 4319 1715 4374; x_wconf 75' lang='grc' dir='ltr'>ε</span> <span class='ocrx_word' id='word_1_667' title='bbox 1748 4312 1845 4375; x_wconf 90' lang='lat' dir='ltr'><strong>hic</strong></span> <span class='ocrx_word' id='word_1_668' title='bbox 1875 4320 2072 4375; x_wconf 88' lang='lat' dir='ltr'><strong>autem</strong></span> 
     </span>
    </p>
   </div>
   <div class='ocr_carea' id='block_1_91' title="bbox 434 4401 2074 4477">
    <p class='ocr_par' dir='ltr' id='par_1_91' title="bbox 434 4401 2074 4477">
     <span class='ocr_line' id='line_1_91' title="bbox 434 4401 2074 4477; baseline -0.003 -9"><span class='ocrx_word' id='word_1_669' title='bbox 434 4405 551 4468; x_wconf 81' lang='lat' dir='ltr'><strong>alia</strong></span> <span class='ocrx_word' id='word_1_670' title='bbox 572 4405 701 4467; x_wconf 88' lang='lat' dir='ltr'><strong>die!</strong></span> <span class='ocrx_word' id='word_1_671' title='bbox 738 4405 801 4468; x_wconf 92' lang='lat' dir='ltr'><strong>Si</strong></span> <span class='ocrx_word' id='word_1_672' title='bbox 832 4405 989 4467; x_wconf 89' lang='lat' dir='ltr'><strong>enim</strong></span> <span class='ocrx_word' id='word_1_673' title='bbox 1025 4404 1278 4468; x_wconf 87' lang='lat' dir='ltr'><strong>Sabbato</strong></span> <span class='ocrx_word' id='word_1_674' title='bbox 1296 4405 1397 4467; x_wconf 92' lang='lat' dir='ltr'><strong>ille</strong></span> <span class='ocrx_word' id='word_1_675' title='bbox 1418 4412 1653 4466; x_wconf 88' lang='lat' dir='ltr'><strong>curatus</strong></span> <span class='ocrx_word' id='word_1_676' title='bbox 1671 4410 1849 4477; x_wconf 86' lang='lat' dir='ltr'><strong>esset,</strong></span> <span class='ocrx_word' id='word_1_677' title='bbox 1875 4401 1932 4463; x_wconf 93' lang='lat' dir='ltr'><strong>id</strong></span> <span class='ocrx_word' id='word_1_678' title='bbox 1954 4420 2074 4464; x_wconf 92' lang='lat' dir='ltr'><strong>non</strong></span> 
     </span>
    </p>
   </div>
   <div class='ocr_carea' id='block_1_92' title="bbox 435 4489 2069 4574">
    <p class='ocr_par' dir='ltr' id='par_1_92' title="bbox 435 4489 2069 4574">
     <span class='ocr_line' id='line_1_92' title="bbox 435 4489 2069 4574; baseline -0.003 -18"><span class='ocrx_word' id='word_1_679' title='bbox 435 4493 715 4557; x_wconf 91' lang='lat' dir='ltr'><strong>tacuisset</strong></span> <span class='ocrx_word' id='word_1_680' title='bbox 764 4493 1143 4572; x_wconf 84' lang='lat' dir='ltr'><strong>evangelista,</strong></span> <span class='ocrx_word' id='word_1_681' title='bbox 1208 4512 1401 4574; x_wconf 92' lang='lat' dir='ltr'><strong>neque</strong></span> <span class='ocrx_word' id='word_1_682' title='bbox 1443 4492 1629 4557; x_wconf 76' lang='lat' dir='ltr'><strong>Judzei</strong></span> <span class='ocrx_word' id='word_1_683' title='bbox 1683 4489 2069 4571; x_wconf 88' lang='lat' dir='ltr'><strong>quievissent.</strong></span> 
     </span>
    </p>
   </div>
   <div class='ocr_carea' id='block_1_93' title="bbox 433 4577 2067 4664">
    <p class='ocr_par' dir='ltr' id='par_1_93' title="bbox 433 4577 2067 4664">
     <span class='ocr_line' id='line_1_93' title="bbox 433 4577 2067 4664; baseline -0.004 -19"><span class='ocrx_word' id='word_1_684' title='bbox 433 4582 544 4646; x_wconf 90' lang='lat' dir='ltr'><strong>Hic</strong></span> <span class='ocrx_word' id='word_1_685' title='bbox 565 4582 806 4664; x_wconf 92' lang='lat' dir='ltr'><strong>quidem</strong></span> <span class='ocrx_word' id='word_1_686' title='bbox 828 4580 1178 4662; x_wconf 78' lang='lat' dir='ltr'><strong>paralyticus</strong></span> <span class='ocrx_word' id='word_1_687' title='bbox 1195 4581 1267 4642; x_wconf 90' lang='lat' dir='ltr'><strong>ad</strong></span> <span class='ocrx_word' id='word_1_688' title='bbox 1290 4580 1586 4643; x_wconf 90' lang='lat' dir='ltr'><strong>Christum</strong></span> <span class='ocrx_word' id='word_1_689' title='bbox 1606 4579 1823 4643; x_wconf 89' lang='lat' dir='ltr'><strong>dicitur</strong></span> <span class='ocrx_word' id='word_1_690' title='bbox 1833 4577 2067 4653; x_wconf 87' lang='lat' dir='ltr'><strong>allatus;</strong></span> 
     </span>
    </p>
   </div>
   <div class='ocr_carea' id='block_1_94' title="bbox 432 4667 2074 4749">
    <p class='ocr_par' dir='ltr' id='par_1_94' title="bbox 432 4667 2074 4749">
     <span class='ocr_line' id='line_1_94' title="bbox 432 4667 2074 4749; baseline -0.004 -15"><span class='ocrx_word' id='word_1_691' title='bbox 432 4672 507 4734; x_wconf 90' lang='lat' dir='ltr'><strong>ad</strong></span> <span class='ocrx_word' id='word_1_692' title='bbox 536 4671 704 4734; x_wconf 91' lang='lat' dir='ltr'><strong>illum</strong></span> <span class='ocrx_word' id='word_1_693' title='bbox 734 4668 1004 4735; x_wconf 90' lang='lat' dir='ltr'><strong>Christus</strong></span> <span class='ocrx_word' id='word_1_694' title='bbox 1034 4669 1163 4749; x_wconf 89' lang='lat' dir='ltr'><strong>ipse</strong></span> <span class='ocrx_word' id='word_1_695' title='bbox 1191 4668 1370 4733; x_wconf 80' lang='lat' dir='ltr'><strong>vadit.</strong></span> <span class='ocrx_word' id='word_1_696' title='bbox 1414 4671 1485 4732; x_wconf 88' lang='lat' dir='ltr'><strong>Et</strong></span> <span class='ocrx_word' id='word_1_697' title='bbox 1513 4668 1601 4731; x_wconf 94' lang='lat' dir='ltr'><strong>illi</strong></span> <span class='ocrx_word' id='word_1_698' title='bbox 1631 4667 1873 4749; x_wconf 91' lang='lat' dir='ltr'><strong>quidem</strong></span> <span class='ocrx_word' id='word_1_699' title='bbox 1908 4684 2074 4747; x_wconf 87' lang='lat' dir='ltr'><strong>para-</strong></span> 
     </span>
    </p>
   </div>
   <div class='ocr_carea' id='block_1_95' title="bbox 433 4753 2067 4841">
    <p class='ocr_par' dir='ltr' id='par_1_95' title="bbox 433 4753 2067 4841">
     <span class='ocr_line' id='line_1_95' title="bbox 433 4753 2067 4841; baseline -0.005 -19"><span class='ocrx_word' id='word_1_700' title='bbox 433 4760 608 4841; x_wconf 78' lang='lat' dir='ltr'><strong>lytico</strong></span> <span class='ocrx_word' id='word_1_701' title='bbox 630 4777 806 4821; x_wconf 90' lang='lat' dir='ltr'><strong>nemo</strong></span> <span class='ocrx_word' id='word_1_702' title='bbox 831 4765 957 4820; x_wconf 90' lang='lat' dir='ltr'><strong>erat</strong></span> <span class='ocrx_word' id='word_1_703' title='bbox 976 4756 1077 4838; x_wconf 90' lang='lat' dir='ltr'><strong>qui</strong></span> <span class='ocrx_word' id='word_1_704' title='bbox 1100 4774 1272 4837; x_wconf 90' lang='lat' dir='ltr'><strong>opem</strong></span> <span class='ocrx_word' id='word_1_705' title='bbox 1294 4756 1496 4821; x_wconf 87' lang='lat' dir='ltr'><strong>ferret.</strong></span> <span class='ocrx_word' id='word_1_706' title='bbox 1523 4754 1837 4838; x_wconf 87' lang='lat' dir='ltr'><strong>Inquiebat</strong></span> <span class='ocrx_word' id='word_1_707' title='bbox 1867 4753 2027 4841; x_wconf 85' lang='lat' dir='ltr'><strong>enim</strong></span> <span class='ocrx_word' id='word_1_708' title='bbox 2053 4774 2067 4815; x_wconf 89' lang='lat'><strong>:</strong></span> 
     </span>
    </p>
   </div>
   <div class='ocr_carea' id='block_1_96' title="bbox 438 4840 2072 4927">
    <p class='ocr_par' dir='ltr' id='par_1_96' title="bbox 438 4840 2072 4927">
     <span class='ocr_line' id='line_1_96' title="bbox 438 4840 2072 4927; baseline -0.004 -20"><span class='ocrx_word' id='word_1_709' title='bbox 438 4840 471 4907; x_wconf 60' lang='grc' dir='ltr'>ἐ</span> <span class='ocrx_word' id='word_1_710' title='bbox 485 4846 754 4927; x_wconf 92' lang='lat' dir='ltr'><strong>Domine,</strong></span> <span class='ocrx_word' id='word_1_711' title='bbox 769 4845 1074 4908; x_wconf 90' lang='lat' dir='ltr'><strong>hominem</strong></span> <span class='ocrx_word' id='word_1_712' title='bbox 1089 4862 1205 4906; x_wconf 89' lang='lat' dir='ltr'><strong>non</strong></span> <span class='ocrx_word' id='word_1_713' title='bbox 1222 4842 1436 4909; x_wconf 86' lang='lat' dir='ltr'><strong>habeo.</strong></span> <span class='ocrx_word' id='word_1_714' title='bbox 1464 4868 1487 4903; x_wconf 70' lang='grc' dir='ltr'><strong><em>υ</em></strong></span> <span class='ocrx_word' id='word_1_715' title='bbox 1510 4844 1617 4907; x_wconf 86' lang='lat' dir='ltr'><strong>Hic</strong></span> <span class='ocrx_word' id='word_1_716' title='bbox 1634 4849 1831 4904; x_wconf 89' lang='lat' dir='ltr'><strong>autem</strong></span> <span class='ocrx_word' id='word_1_717' title='bbox 1855 4840 2072 4927; x_wconf 83' lang='lat' dir='ltr'><strong>multos</strong></span> 
     </span>
    </p>
   </div>
   <div class='ocr_carea' id='block_1_97' title="bbox 431 4925 2070 5013">
    <p class='ocr_par' dir='ltr' id='par_1_97' title="bbox 431 4925 2070 5013">
     <span class='ocr_line' id='line_1_97' title="bbox 431 4925 2070 5013; baseline -0.006 -16"><span class='ocrx_word' id='word_1_718' title='bbox 431 4934 691 4998; x_wconf 87' lang='lat' dir='ltr'><strong>habebat</strong></span> <span class='ocrx_word' id='word_1_719' title='bbox 704 4925 965 4996; x_wconf 83' lang='lat' dir='ltr'><strong>astantes</strong></span> <span class='ocrx_word' id='word_1_720' title='bbox 975 4931 1074 5013; x_wconf 92' lang='lat' dir='ltr'><strong>qui</strong></span> <span class='ocrx_word' id='word_1_721' title='bbox 1092 4950 1227 4993; x_wconf 91' lang='lat' dir='ltr'><strong>eum</strong></span> <span class='ocrx_word' id='word_1_722' title='bbox 1242 4930 1572 5012; x_wconf 85' lang='lat' dir='ltr'><strong>portabant.</strong></span> <span class='ocrx_word' id='word_1_723' title='bbox 1597 4929 1714 4995; x_wconf 90' lang='lat' dir='ltr'><strong>Sed</strong></span> <span class='ocrx_word' id='word_1_724' title='bbox 1732 4936 1788 4990; x_wconf 92' lang='lat' dir='ltr'><strong>et</strong></span> <span class='ocrx_word' id='word_1_725' title='bbox 1801 4925 2070 4990; x_wconf 87' lang='lat' dir='ltr'><strong>curatio—</strong></span> 
     </span>
    </p>
   </div>
   <div class='ocr_carea' id='block_1_98' title="bbox 433 5014 2070 5103">
    <p class='ocr_par' dir='ltr' id='par_1_98' title="bbox 433 5014 2070 5103">
     <span class='ocr_line' id='line_1_98' title="bbox 433 5014 2070 5103; baseline -0.007 -17"><span class='ocrx_word' id='word_1_726' title='bbox 433 5024 526 5086; x_wconf 92' lang='lat' dir='ltr'><strong>nis</strong></span> <span class='ocrx_word' id='word_1_727' title='bbox 538 5021 823 5085; x_wconf 90' lang='lat' dir='ltr'><strong>modusin</strong></span> <span class='ocrx_word' id='word_1_728' title='bbox 837 5030 1090 5103; x_wconf 91' lang='lat' dir='ltr'><strong>utroque</strong></span> <span class='ocrx_word' id='word_1_729' title='bbox 1113 5020 1344 5083; x_wconf 90' lang='lat' dir='ltr'><strong>videtur</strong></span> <span class='ocrx_word' id='word_1_730' title='bbox 1358 5019 1724 5100; x_wconf 88' lang='lat' dir='ltr'><strong>discrepare.</strong></span> <span class='ocrx_word' id='word_1_731' title='bbox 1749 5016 1912 5080; x_wconf 92' lang='lat' dir='ltr'><strong>Illius</strong></span> <span class='ocrx_word' id='word_1_732' title='bbox 1933 5014 2070 5103; x_wconf 87' lang='lat' dir='ltr'><strong>qui-</strong></span> 
     </span>
    </p>
   </div>
   <div class='ocr_carea' id='block_1_99' title="bbox 432 5101 2069 5193">
    <p class='ocr_par' dir='ltr' id='par_1_99' title="bbox 432 5101 2069 5193">
     <span class='ocr_line' id='line_1_99' title="bbox 432 5101 2069 5193; baseline -0.006 -18"><span class='ocrx_word' id='word_1_733' title='bbox 432 5112 568 5175; x_wconf 89' lang='lat' dir='ltr'><strong>dem</strong></span> <span class='ocrx_word' id='word_1_734' title='bbox 591 5129 807 5193; x_wconf 89' lang='lat' dir='ltr'><strong>corpus</strong></span> <span class='ocrx_word' id='word_1_735' title='bbox 835 5118 972 5173; x_wconf 89' lang='lat' dir='ltr'><strong>ante</strong></span> <span class='ocrx_word' id='word_1_736' title='bbox 993 5101 1256 5172; x_wconf 78' lang='lat' dir='ltr'><strong>animam</strong></span> <span class='ocrx_word' id='word_1_737' title='bbox 1288 5107 1534 5172; x_wconf 87' lang='lat' dir='ltr'><strong>sanavit.</strong></span> <span class='ocrx_word' id='word_1_738' title='bbox 1554 5110 1874 5187; x_wconf 88' lang='lat' dir='ltr'><strong>Postquam</strong></span> <span class='ocrx_word' id='word_1_739' title='bbox 1907 5101 2069 5165; x_wconf 90' lang='lat' dir='ltr'><strong>enim</strong></span> 
     </span>
    </p>
   </div>
   <div class='ocr_carea' id='block_1_100' title="bbox 433 5193 2070 5284">
    <p class='ocr_par' dir='ltr' id='par_1_100' title="bbox 433 5193 2070 5284">
     <span class='ocr_line' id='line_1_100' title="bbox 433 5193 2070 5284; baseline -0.006 -20"><span class='ocrx_word' id='word_1_740' title='bbox 433 5201 560 5283; x_wconf 89' lang='lat' dir='ltr'><strong>ejus</strong></span> <span class='ocrx_word' id='word_1_741' title='bbox 591 5200 908 5284; x_wconf 81' lang='lat' dir='ltr'><strong>paralysirn</strong></span> <span class='ocrx_word' id='word_1_742' title='bbox 938 5198 1223 5272; x_wconf 89' lang='lat' dir='ltr'><strong>coercuit,</strong></span> <span class='ocrx_word' id='word_1_743' title='bbox 1259 5205 1381 5260; x_wconf 89' lang='lat' dir='ltr'><strong>tum</strong></span> <span class='ocrx_word' id='word_1_744' title='bbox 1412 5196 1597 5259; x_wconf 82' lang='lat' dir='ltr'><strong>dixit:</strong></span> <span class='ocrx_word' id='word_1_745' title='bbox 1628 5219 1666 5275; x_wconf 71' lang='lat'><strong>_¢</strong></span> <span class='ocrx_word' id='word_1_746' title='bbox 1700 5193 1855 5256; x_wconf 86' lang='lat' dir='ltr'><strong>Ecce</strong></span> <span class='ocrx_word' id='word_1_747' title='bbox 1888 5208 2070 5254; x_wconf 89' lang='lat' dir='ltr'><strong>sanus</strong></span> 
     </span>
    </p>
   </div>
   <div class='ocr_carea' id='block_1_101' title="bbox 542 5361 2071 5454">
    <p class='ocr_par' dir='ltr' id='par_1_101' title="bbox 542 5361 2071 5454">
     <span class='ocr_line' id='line_1_101' title="bbox 542 5361 2071 5454; baseline -0.002 -26"><span class='ocrx_word' id='word_1_748' title='bbox 542 5371 596 5454; x_wconf 69' lang='grc' dir='ltr'><strong>Ἰ)</strong></span> <span class='ocrx_word' id='word_1_749' title='bbox 631 5395 659 5428; x_wconf 76' lang='grc' dir='ltr'><strong>α</strong></span> <span class='ocrx_word' id='word_1_750' title='bbox 691 5376 783 5454; x_wconf 70' lang='grc' dir='ltr'><strong>Τῷ</strong></span> <span class='ocrx_word' id='word_1_751' title='bbox 805 5370 972 5454; x_wconf 85' lang='grc' dir='ltr'>καιρῷ</span> <span class='ocrx_word' id='word_1_752' title='bbox 999 5369 1195 5454; x_wconf 48' lang='grc' dir='ltr'>ὲκείνιρ-</span> <span class='ocrx_word' id='word_1_753' title='bbox 1208 5367 1394 5445; x_wconf 76' lang='grc' dir='ltr'>ἐμϐάς.</span> <span class='ocrx_word' id='word_1_754' title='bbox 1434 5390 1460 5454; x_wconf 58' lang='grc' dir='ltr'><strong>ε</strong></span> <span class='ocrx_word' id='word_1_755' title='bbox 1487 5366 1691 5454; x_wconf 65' lang='lat' dir='ltr'><strong>Matth.</strong></span> <span class='ocrx_word' id='word_1_756' title='bbox 1721 5361 1816 5445; x_wconf 82' lang='lat' dir='ltr'><strong>IX,</strong></span> <span class='ocrx_word' id='word_1_757' title='bbox 1853 5362 1873 5425; x_wconf 85' lang='grc'>1</span> <span class='ocrx_word' id='word_1_758' title='bbox 1901 5378 2071 5443; x_wconf 86' lang='lat' dir='ltr'><strong>seqq.</strong></span> 
     </span>
    </p>
   </div>
   <div class='ocr_carea' id='block_1_102' title="bbox 541 5448 1720 5523">
    <p class='ocr_par' dir='ltr' id='par_1_102' title="bbox 541 5448 1720 5523">
     <span class='ocr_line' id='line_1_102' title="bbox 541 5448 1720 5523; baseline -0.008 -10"><span class='ocrx_word' id='word_1_759' title='bbox 541 5453 601 5523; x_wconf 82' lang='lat'><strong>8)</strong></span> <span class='ocrx_word' id='word_1_760' title='bbox 631 5470 660 5511; x_wconf 82' lang='grc'><strong>(</strong></span> <span class='ocrx_word' id='word_1_761' title='bbox 694 5448 793 5523; x_wconf 10' lang='grc' dir='ltr'><strong>Κῄάὶ</strong></span> <span class='ocrx_word' id='word_1_762' title='bbox 819 5448 1033 5520; x_wconf 56' lang='grc' dir='ltr'>ζητοῦσι</span> <span class='ocrx_word' id='word_1_763' title='bbox 1091 5473 1113 5504; x_wconf 80' lang='lat' dir='ltr'><strong>I</strong></span> <span class='ocrx_word' id='word_1_764' title='bbox 1151 5448 1348 5523; x_wconf 86' lang='lat' dir='ltr'><strong>Forte,</strong></span> <span class='ocrx_word' id='word_1_765' title='bbox 1380 5450 1468 5504; x_wconf 68' lang='grc' dir='ltr'><strong>καὶ</strong></span> <span class='ocrx_word' id='word_1_766' title='bbox 1498 5450 1720 5504; x_wconf 75' lang='grc' dir='ltr'>αἰτοῦσι.</span> 
     </span>
    </p>
   </div>
   <div class='ocr_carea' id='block_1_103' title="bbox 543 5521 2072 5623">
    <p class='ocr_par' dir='ltr' id='par_1_103' title="bbox 543 5521 2072 5623">
     <span class='ocr_line' id='line_1_103' title="bbox 543 5521 2072 5623; baseline -0.017 -21"><span class='ocrx_word' id='word_1_767' title='bbox 643 5551 668 5588; x_wconf 72' lang='grc'><strong><em>⁸</em></strong></span> <span class='ocrx_word' id='word_1_768' title='bbox 707 5521 904 5595; x_wconf 49' lang='grc' dir='ltr'><strong>’.Ενθκ</strong></span> <span class='ocrx_word' id='word_1_769' title='bbox 958 5526 1254 5618; x_wconf 71' lang='grc' dir='ltr'>χοιρώδης.</span> <span class='ocrx_word' id='word_1_770' title='bbox 1310 5521 1342 5585; x_wconf 12' lang='grc' dir='ltr'>»ί</span> <span class='ocrx_word' id='word_1_771' title='bbox 1392 5527 1592 5602; x_wconf 73' lang='grc' dir='ltr'>Ἐονιρ,</span> <span class='ocrx_word' id='word_1_772' title='bbox 1642 5526 1762 5583; x_wconf 70' lang='grc' dir='ltr'>ἔνθα</span> <span class='ocrx_word' id='word_1_773' title='bbox 1806 5525 1905 5603; x_wconf 72' lang='grc' dir='ltr'><strong>γαρ</strong></span> <span class='ocrx_word' id='word_1_774' title='bbox 1953 5544 2072 5604; x_wconf 80' lang='grc' dir='ltr'>χοι-</span> 
     </span>
    </p>
   </div>
   <div class='ocr_carea' id='block_1_104' title="bbox 2157 4120 3768 4207">
    <p class='ocr_par' dir='ltr' id='par_1_104' title="bbox 2157 4120 3768 4207">
     <span class='ocr_line' id='line_1_104' title="bbox 2157 4120 3768 4207; baseline 0 -25"><span class='ocrx_word' id='word_1_775' title='bbox 2157 4124 2290 4183; x_wconf 80' lang='grc' dir='ltr'>ὅπου</span> <span class='ocrx_word' id='word_1_776' title='bbox 2345 4124 2401 4182; x_wconf 80' lang='grc' dir='ltr'>δὲ</span> <span class='ocrx_word' id='word_1_777' title='bbox 2470 4127 2629 4207; x_wconf 86' lang='grc' dir='ltr'>χάρις</span> <span class='ocrx_word' id='word_1_778' title='bbox 2698 4133 2792 4183; x_wconf 78' lang='grc' dir='ltr'><strong>τοῦ</strong></span> <span class='ocrx_word' id='word_1_779' title='bbox 2847 4127 2997 4204; x_wconf 80' lang='grc' dir='ltr'>ἁγίου</span> <span class='ocrx_word' id='word_1_780' title='bbox 3053 4126 3358 4203; x_wconf 87' lang='grc' dir='ltr'>Πνεύματος</span> <span class='ocrx_word' id='word_1_781' title='bbox 3417 4124 3534 4182; x_wconf 70' lang='grc' dir='ltr'>ἐκεῖ</span> <span class='ocrx_word' id='word_1_782' title='bbox 3588 4120 3768 4200; x_wconf 74' lang='grc' dir='ltr'>ἀγάπη,</span> 
     </span>
    </p>
   </div>
   <div class='ocr_carea' id='block_1_105' title="bbox 2159 4209 3766 4296">
    <p class='ocr_par' dir='ltr' id='par_1_105' title="bbox 2159 4209 3766 4296">
     <span class='ocr_line' id='line_1_105' title="bbox 2159 4209 3766 4296; baseline -0.001 -25"><span class='ocrx_word' id='word_1_783' title='bbox 2159 4215 2325 4295; x_wconf 78' lang='grc' dir='ltr'>χαρὰ,</span> <span class='ocrx_word' id='word_1_784' title='bbox 2381 4216 2562 4295; x_wconf 79' lang='grc' dir='ltr'>εἰρήνη</span> <span class='ocrx_word' id='word_1_785' title='bbox 2617 4233 2637 4253; x_wconf 69' lang='grc' dir='ltr'>θ</span> <span class='ocrx_word' id='word_1_786' title='bbox 2686 4214 2804 4272; x_wconf 81' lang='grc' dir='ltr'>ἔνθα</span> <span class='ocrx_word' id='word_1_787' title='bbox 2855 4213 2911 4271; x_wconf 78' lang='grc' dir='ltr'>δὲ</span> <span class='ocrx_word' id='word_1_788' title='bbox 2959 4216 3166 4296; x_wconf 85' lang='grc' dir='ltr'>εἰρήνη,</span> <span class='ocrx_word' id='word_1_789' title='bbox 3220 4214 3421 4273; x_wconf 73' lang='grc' dir='ltr'>ἐκεῖθεν</span> <span class='ocrx_word' id='word_1_790' title='bbox 3467 4220 3609 4271; x_wconf 80' lang='grc' dir='ltr'>πᾶσα</span> <span class='ocrx_word' id='word_1_791' title='bbox 3637 4209 3766 4296; x_wconf 71' lang='grc' dir='ltr'>μάχη</span> 
     </span>
    </p>
   </div>
   <div class='ocr_carea' id='block_1_106' title="bbox 2089 4275 3768 4384">
    <p class='ocr_par' dir='ltr' id='par_1_106' title="bbox 2089 4275 3768 4384">
     <span class='ocr_line' id='line_1_106' title="bbox 2089 4275 3768 4384; baseline -0.004 -24"><span class='ocrx_word' id='word_1_792' title='bbox 2089 4275 2139 4337; x_wconf 82' lang='lat' dir='ltr'>D</span> <span class='ocrx_word' id='word_1_793' title='bbox 2156 4275 2250 4359; x_wconf 57' lang='grc' dir='ltr'><strong>καί</strong></span> <span class='ocrx_word' id='word_1_794' title='bbox 2311 4275 2613 4367; x_wconf 47' lang='grc' dir='ltr'>ένανῖτίωσις</span> <span class='ocrx_word' id='word_1_795' title='bbox 2696 4275 3069 4384; x_wconf 41' lang='grc' dir='ltr'>ἐπελήλαταζ.</span> <span class='ocrx_word' id='word_1_796' title='bbox 3128 4275 3219 4361; x_wconf 51' lang='grc' dir='ltr'><strong>καὶ</strong></span> <span class='ocrx_word' id='word_1_797' title='bbox 3302 4309 3446 4361; x_wconf 82' lang='grc' dir='ltr'>πᾶσα</span> <span class='ocrx_word' id='word_1_798' title='bbox 3516 4275 3768 4380; x_wconf 48' lang='grc' dir='ltr'>ἀμφίῦδῇ</span> 
     </span>
    </p>
   </div>
   <div class='ocr_carea' id='block_1_107' title="bbox 2154 4384 3767 4475">
    <p class='ocr_par' dir='ltr' id='par_1_107' title="bbox 2154 4384 3767 4475">
     <span class='ocr_line' id='line_1_107' title="bbox 2154 4384 3767 4475; baseline -0.001 -27"><span class='ocrx_word' id='word_1_799' title='bbox 2154 4393 2242 4449; x_wconf 84' lang='grc' dir='ltr'><strong>καὶ</strong></span> <span class='ocrx_word' id='word_1_800' title='bbox 2298 4391 2550 4473; x_wconf 73' lang='grc' dir='ltr'>διαφωνία</span> <span class='ocrx_word' id='word_1_801' title='bbox 2607 4394 2891 4475; x_wconf 76' lang='grc' dir='ltr'>ἀνῄρηται.</span> <span class='ocrx_word' id='word_1_802' title='bbox 2954 4384 3012 4453; x_wconf 59' lang='grc' dir='ltr'>Ὀ</span> <span class='ocrx_word' id='word_1_803' title='bbox 3065 4397 3228 4458; x_wconf 86' lang='grc' dir='ltr'>τόπος</span> <span class='ocrx_word' id='word_1_804' title='bbox 3283 4394 3408 4472; x_wconf 81' lang='grc' dir='ltr'><strong>γάρ,</strong></span> <span class='ocrx_word' id='word_1_805' title='bbox 3455 4394 3546 4449; x_wconf 87' lang='grc' dir='ltr'><strong>καὶ</strong></span> <span class='ocrx_word' id='word_1_806' title='bbox 3589 4393 3617 4447; x_wconf 90' lang='lat'><strong>6</strong></span> <span class='ocrx_word' id='word_1_807' title='bbox 3659 4385 3767 4466; x_wconf 77' lang='grc' dir='ltr'>χρό-</span> 
     </span>
    </p>
   </div>
   <div class='ocr_carea' id='block_1_108' title="bbox 2153 4477 3765 4563">
    <p class='ocr_par' dir='ltr' id='par_1_108' title="bbox 2153 4477 3765 4563">
     <span class='ocr_line' id='line_1_108' title="bbox 2153 4477 3765 4563; baseline 0 -26"><span class='ocrx_word' id='word_1_808' title='bbox 2153 4504 2265 4557; x_wconf 88' lang='grc' dir='ltr'>νος,</span> <span class='ocrx_word' id='word_1_809' title='bbox 2316 4483 2405 4538; x_wconf 86' lang='grc' dir='ltr'><strong>καὶ</strong></span> <span class='ocrx_word' id='word_1_810' title='bbox 2453 4484 2482 4539; x_wconf 89' lang='lat'><strong>6</strong></span> <span class='ocrx_word' id='word_1_811' title='bbox 2530 4483 2734 4563; x_wconf 80' lang='grc' dir='ltr'>καιρὸς,</span> <span class='ocrx_word' id='word_1_812' title='bbox 2789 4484 2875 4539; x_wconf 86' lang='grc' dir='ltr'><strong>καὶ</strong></span> <span class='ocrx_word' id='word_1_813' title='bbox 2925 4484 2962 4550; x_wconf 76' lang='grc' dir='ltr'>ἡ</span> <span class='ocrx_word' id='word_1_814' title='bbox 3006 4482 3213 4562; x_wconf 73' lang='grc' dir='ltr'>ἡμέρα,</span> <span class='ocrx_word' id='word_1_815' title='bbox 3250 4485 3340 4540; x_wconf 85' lang='grc' dir='ltr'><strong>καὶ</strong></span> <span class='ocrx_word' id='word_1_816' title='bbox 3387 4485 3418 4539; x_wconf 90' lang='lat'><strong>6</strong></span> <span class='ocrx_word' id='word_1_817' title='bbox 3459 4482 3647 4561; x_wconf 81' lang='grc' dir='ltr'>τρόπος</span> <span class='ocrx_word' id='word_1_818' title='bbox 3686 4477 3765 4537; x_wconf 72' lang='grc' dir='ltr'>τῆς</span> 
     </span>
    </p>
   </div>
   <div class='ocr_carea' id='block_1_109' title="bbox 2153 4565 3762 4650">
    <p class='ocr_par' dir='ltr' id='par_1_109' title="bbox 2153 4565 3762 4650">
     <span class='ocr_line' id='line_1_109' title="bbox 2153 4565 3762 4650; baseline -0.005 -24"><span class='ocrx_word' id='word_1_819' title='bbox 2153 4570 2452 4648; x_wconf 87' lang='grc' dir='ltr'>θεραπείας,</span> <span class='ocrx_word' id='word_1_820' title='bbox 2524 4571 2612 4627; x_wconf 84' lang='grc' dir='ltr'><strong>καὶ</strong></span> <span class='ocrx_word' id='word_1_821' title='bbox 2669 4569 2820 4650; x_wconf 78' lang='grc' dir='ltr'>ἕτερά</span> <span class='ocrx_word' id='word_1_822' title='bbox 2874 4591 2993 4627; x_wconf 90' lang='grc' dir='ltr'>τινα</span> <span class='ocrx_word' id='word_1_823' title='bbox 3041 4568 3327 4627; x_wconf 85' lang='grc' dir='ltr'>δεικνύουσι</span> <span class='ocrx_word' id='word_1_824' title='bbox 3381 4580 3503 4632; x_wconf 77' lang='grc' dir='ltr'>τοῖς</span> <span class='ocrx_word' id='word_1_825' title='bbox 3561 4565 3762 4650; x_wconf 73' lang='grc' dir='ltr'>ὁπωσοῦν</span> 
     </span>
    </p>
   </div>
   <div class='ocr_carea' id='block_1_110' title="bbox 2153 4647 3762 4741">
    <p class='ocr_par' dir='ltr' id='par_1_110' title="bbox 2153 4647 3762 4741">
     <span class='ocr_line' id='line_1_110' title="bbox 2153 4647 3762 4741; baseline -0.011 -19"><span class='ocrx_word' id='word_1_826' title='bbox 2153 4647 2530 4739; x_wconf 71' lang='grc' dir='ltr'>πρασέχουσιν,</span> <span class='ocrx_word' id='word_1_827' title='bbox 2586 4658 2667 4716; x_wconf 74' lang='grc' dir='ltr'>ὅτι</span> <span class='ocrx_word' id='word_1_828' title='bbox 2719 4647 2896 4741; x_wconf 76' lang='grc' dir='ltr'>ἕτερος</span> <span class='ocrx_word' id='word_1_829' title='bbox 2946 4658 3041 4737; x_wconf 89' lang='grc' dir='ltr'><strong>μέν</strong></span> <span class='ocrx_word' id='word_1_830' title='bbox 3089 4659 3229 4717; x_wconf 80' lang='grc' dir='ltr'>ἐστιν</span> <span class='ocrx_word' id='word_1_831' title='bbox 3278 4661 3429 4721; x_wconf 76' lang='grc' dir='ltr'>οὗτος</span> <span class='ocrx_word' id='word_1_832' title='bbox 3478 4659 3509 4714; x_wconf 83' lang='grc' dir='ltr'>ὁ</span> <span class='ocrx_word' id='word_1_833' title='bbox 3558 4647 3762 4741; x_wconf 72' lang='grc' dir='ltr'>παράλυ-</span> 
     </span>
    </p>
   </div>
   <div class='ocr_carea' id='block_1_111' title="bbox 2152 4738 3765 4827">
    <p class='ocr_par' dir='ltr' id='par_1_111' title="bbox 2152 4738 3765 4827">
     <span class='ocr_line' id='line_1_111' title="bbox 2152 4738 3765 4827; baseline -0.004 -25"><span class='ocrx_word' id='word_1_834' title='bbox 2152 4768 2267 4827; x_wconf 82' lang='grc' dir='ltr'>τος,</span> <span class='ocrx_word' id='word_1_835' title='bbox 2342 4738 2516 4827; x_wconf 69' lang='grc' dir='ltr'>ἕτερος</span> <span class='ocrx_word' id='word_1_836' title='bbox 2587 4745 2643 4804; x_wconf 72' lang='grc' dir='ltr'>δὲ</span> <span class='ocrx_word' id='word_1_837' title='bbox 2712 4749 2744 4805; x_wconf 97' lang='lat'><strong>6</strong></span> <span class='ocrx_word' id='word_1_838' title='bbox 2809 4738 2954 4827; x_wconf 84' lang='grc' dir='ltr'><strong>παρά</strong></span> <span class='ocrx_word' id='word_1_839' title='bbox 3005 4754 3081 4823; x_wconf 82' lang='grc' dir='ltr'><strong>τῷ</strong></span> <span class='ocrx_word' id='word_1_840' title='bbox 3160 4745 3380 4823; x_wconf 74' lang='grc' dir='ltr'>Ἰωάννῃ</span> <span class='ocrx_word' id='word_1_841' title='bbox 3432 4751 3512 4819; x_wconf 80' lang='grc' dir='ltr'>τῷ</span> <span class='ocrx_word' id='word_1_842' title='bbox 3566 4738 3765 4812; x_wconf 73' lang='grc' dir='ltr'>θεολόγῳ</span> 
     </span>
    </p>
   </div>
   <div class='ocr_carea' id='block_1_112' title="bbox 2153 4831 3766 4916">
    <p class='ocr_par' dir='ltr' id='par_1_112' title="bbox 2153 4831 3766 4916">
     <span class='ocr_line' id='line_1_112' title="bbox 2153 4831 3766 4916; baseline 0.01 -25"><span class='ocrx_word' id='word_1_843' title='bbox 2153 4836 2242 4892; x_wconf 84' lang='grc' dir='ltr'><strong>καὶ</strong></span> <span class='ocrx_word' id='word_1_844' title='bbox 2290 4834 2638 4915; x_wconf 78' lang='grc' dir='ltr'>εὐαγγελιστῇ</span> <span class='ocrx_word' id='word_1_845' title='bbox 2665 4833 2978 4916; x_wconf 81' lang='grc' dir='ltr'>λεγόμενος.</span> <span class='ocrx_word' id='word_1_846' title='bbox 3029 4833 3271 4899; x_wconf 78' lang='grc' dir='ltr'>Ἐκεῖνος</span> <span class='ocrx_word' id='word_1_847' title='bbox 3322 4833 3417 4910; x_wconf 76' lang='grc' dir='ltr'>μὲν</span> <span class='ocrx_word' id='word_1_848' title='bbox 3467 4832 3571 4914; x_wconf 67' lang='grc' dir='ltr'><strong>γὰρ</strong></span> <span class='ocrx_word' id='word_1_849' title='bbox 3616 4831 3643 4885; x_wconf 75' lang='grc' dir='ltr'>δ</span> <span class='ocrx_word' id='word_1_850' title='bbox 3684 4843 3766 4916; x_wconf 49' lang='grc' dir='ltr'><strong>πῖ</strong></span> 
     </span>
    </p>
   </div>
   <div class='ocr_carea' id='block_1_113' title="bbox 2154 4908 3767 5005">
    <p class='ocr_par' dir='ltr' id='par_1_113' title="bbox 2154 4908 3767 5005">
     <span class='ocr_line' id='line_1_113' title="bbox 2154 4908 3767 5005; baseline -0.001 -24"><span class='ocrx_word' id='word_1_851' title='bbox 2154 4923 2372 5004; x_wconf 79' lang='grc' dir='ltr'>ράλυτος</span> <span class='ocrx_word' id='word_1_852' title='bbox 2398 4908 2409 4915; x_wconf 31' lang='grc'><strong>1</strong></span> <span class='ocrx_word' id='word_1_853' title='bbox 2433 4908 2493 4982; x_wconf 44' lang='grc' dir='ltr'><strong>’ἐν</strong></span> <span class='ocrx_word' id='word_1_854' title='bbox 2569 4908 2948 5005; x_wconf 72' lang='grc' dir='ltr'>Ἰεροσολύμοις</span> <span class='ocrx_word' id='word_1_855' title='bbox 3018 4908 3352 5005; x_wconf 81' lang='grc' dir='ltr'>θεραπεύεται</span> <span class='ocrx_word' id='word_1_856' title='bbox 3427 4938 3445 4956; x_wconf 78' lang='grc'><strong><em>⁸</em></strong></span> <span class='ocrx_word' id='word_1_857' title='bbox 3484 4908 3662 4980; x_wconf 65' lang='grc' dir='ltr'>ὀύτος</span> <span class='ocrx_word' id='word_1_858' title='bbox 3722 4908 3767 4966; x_wconf 59' lang='grc' dir='ltr'>δὲ</span> 
     </span>
    </p>
   </div>
   <div class='ocr_carea' id='block_1_114' title="bbox 2152 5008 3762 5093">
    <p class='ocr_par' dir='ltr' id='par_1_114' title="bbox 2152 5008 3762 5093">
     <span class='ocr_line' id='line_1_114' title="bbox 2152 5008 3762 5093; baseline -0.002 -24"><span class='ocrx_word' id='word_1_859' title='bbox 2152 5013 2206 5071; x_wconf 81' lang='grc' dir='ltr'><strong>έν</strong></span> <span class='ocrx_word' id='word_1_860' title='bbox 2268 5014 2615 5093; x_wconf 80' lang='grc' dir='ltr'>Καπερναούμ</span> <span class='ocrx_word' id='word_1_861' title='bbox 2665 5030 2682 5048; x_wconf 78' lang='grc'><strong><em>⁸</em></strong></span> <span class='ocrx_word' id='word_1_862' title='bbox 2743 5011 2948 5078; x_wconf 76' lang='grc' dir='ltr'>ἐκεῖνος</span> <span class='ocrx_word' id='word_1_863' title='bbox 2997 5014 3139 5093; x_wconf 90' lang='grc' dir='ltr'><strong>παρά</strong></span> <span class='ocrx_word' id='word_1_864' title='bbox 3193 5015 3293 5082; x_wconf 75' lang='grc' dir='ltr'><strong>τὴν</strong></span> <span class='ocrx_word' id='word_1_865' title='bbox 3349 5008 3703 5088; x_wconf 74' lang='grc' dir='ltr'>κολυμϐήθραν</span> <span class='ocrx_word' id='word_1_866' title='bbox 3750 5015 3762 5029; x_wconf 91' lang='lat'>&#39;</span> 
     </span>
    </p>
   </div>
   <div class='ocr_carea' id='block_1_115' title="bbox 2151 5096 3765 5180">
    <p class='ocr_par' dir='ltr' id='par_1_115' title="bbox 2151 5096 3765 5180">
     <span class='ocr_line' id='line_1_115' title="bbox 2151 5096 3765 5180; baseline -0.004 -20"><span class='ocrx_word' id='word_1_867' title='bbox 2151 5105 2301 5167; x_wconf 82' lang='grc' dir='ltr'>οὗτος</span> <span class='ocrx_word' id='word_1_868' title='bbox 2360 5102 2415 5159; x_wconf 82' lang='grc' dir='ltr'>ἐν</span> <span class='ocrx_word' id='word_1_869' title='bbox 2474 5105 2687 5177; x_wconf 84' lang='grc' dir='ltr'>οἰκίσκῳ</span> <span class='ocrx_word' id='word_1_870' title='bbox 2740 5104 2865 5180; x_wconf 79' lang='grc' dir='ltr'>τινὶ,</span> <span class='ocrx_word' id='word_1_871' title='bbox 2913 5105 2987 5167; x_wconf 85' lang='grc' dir='ltr'>ὡς</span> <span class='ocrx_word' id='word_1_872' title='bbox 3030 5105 3059 5160; x_wconf 89' lang='lat'><strong>6</strong></span> <span class='ocrx_word' id='word_1_873' title='bbox 3106 5108 3310 5166; x_wconf 81' lang='grc' dir='ltr'>Λουκᾶς</span> <span class='ocrx_word' id='word_1_874' title='bbox 3358 5102 3446 5158; x_wconf 83' lang='grc' dir='ltr'><strong>καὶ</strong></span> <span class='ocrx_word' id='word_1_875' title='bbox 3501 5103 3532 5157; x_wconf 89' lang='lat'><strong>6</strong></span> <span class='ocrx_word' id='word_1_876' title='bbox 3587 5096 3765 5176; x_wconf 75' lang='grc' dir='ltr'>Μάρκος</span> 
     </span>
    </p>
   </div>
   <div class='ocr_carea' id='block_1_116' title="bbox 2150 5180 3765 5273">
    <p class='ocr_par' dir='ltr' id='par_1_116' title="bbox 2150 5180 3765 5273">
     <span class='ocr_line' id='line_1_116' title="bbox 2150 5180 3765 5273; baseline -0.004 -24"><span class='ocrx_word' id='word_1_877' title='bbox 2150 5190 2392 5273; x_wconf 87' lang='grc' dir='ltr'>λέγουσιν</span> <span class='ocrx_word' id='word_1_878' title='bbox 2433 5208 2453 5229; x_wconf 81' lang='grc'><em>’</em></span> <span class='ocrx_word' id='word_1_879' title='bbox 2509 5191 2756 5257; x_wconf 77' lang='grc' dir='ltr'>κάκεῖνος</span> <span class='ocrx_word' id='word_1_880' title='bbox 2810 5192 2908 5250; x_wconf 76' lang='grc' dir='ltr'>πὲν</span> <span class='ocrx_word' id='word_1_881' title='bbox 2962 5193 2991 5249; x_wconf 88' lang='lat'><strong>6</strong></span> <span class='ocrx_word' id='word_1_882' title='bbox 3046 5190 3345 5273; x_wconf 79' lang='grc' dir='ltr'>παράλυτος</span> <span class='ocrx_word' id='word_1_883' title='bbox 3395 5189 3451 5247; x_wconf 82' lang='grc' dir='ltr'><strong>έν</strong></span> <span class='ocrx_word' id='word_1_884' title='bbox 3496 5189 3648 5270; x_wconf 79' lang='grc' dir='ltr'>ἑορτῇ</span> <span class='ocrx_word' id='word_1_885' title='bbox 3688 5180 3765 5242; x_wconf 69' lang='grc' dir='ltr'>τὴν</span> 
     </span>
    </p>
   </div>
   <div class='ocr_carea' id='block_1_117' title="bbox 2156 5359 2356 5442">
    <p class='ocr_par' dir='ltr' id='par_1_117' title="bbox 2156 5359 2356 5442">
     <span class='ocr_line' id='line_1_117' title="bbox 2156 5359 2356 5442; baseline 0.015 -24"><span class='ocrx_word' id='word_1_886' title='bbox 2156 5359 2330 5442; x_wconf 76' lang='grc' dir='ltr'>ρώδης</span> <span class='ocrx_word' id='word_1_887' title='bbox 2343 5407 2356 5421; x_wconf 94' lang='grc'><strong>.</strong></span> 
     </span>
    </p>
   </div>
   <div class='ocr_carea' id='block_1_118' title="bbox 2238 5438 3557 5523">
    <p class='ocr_par' dir='ltr' id='par_1_118' title="bbox 2238 5438 3557 5523">
     <span class='ocr_line' id='line_1_118' title="bbox 2238 5438 3557 5523; baseline -0.002 -19"><span class='ocrx_word' id='word_1_888' title='bbox 2238 5441 2356 5523; x_wconf 78' lang='grc'><strong>(10)</strong></span> <span class='ocrx_word' id='word_1_889' title='bbox 2396 5460 2423 5499; x_wconf 77' lang='grc' dir='ltr'><strong>ι</strong></span> <span class='ocrx_word' id='word_1_890' title='bbox 2458 5441 2587 5511; x_wconf 84' lang='grc' dir='ltr'>Τοὺς</span> <span class='ocrx_word' id='word_1_891' title='bbox 2619 5440 2679 5503; x_wconf 77' lang='grc' dir='ltr'>ἐκ</span> <span class='ocrx_word' id='word_1_892' title='bbox 2707 5444 2830 5502; x_wconf 80' lang='grc' dir='ltr'>τῶν.</span> <span class='ocrx_word' id='word_1_893' title='bbox 2872 5464 2901 5507; x_wconf 68' lang='grc' dir='ltr'>υ</span> <span class='ocrx_word' id='word_1_894' title='bbox 2933 5438 3137 5506; x_wconf 86' lang='lat' dir='ltr'><strong>Malim</strong></span> <span class='ocrx_word' id='word_1_895' title='bbox 3165 5438 3445 5503; x_wconf 88' lang='lat' dir='ltr'><strong>omittere</strong></span> <span class='ocrx_word' id='word_1_896' title='bbox 3473 5438 3557 5502; x_wconf 77' lang='grc' dir='ltr'><strong>ἐκ.</strong></span> 
     </span>
    </p>
   </div>
  </div>
