4008 6114
393 204 571 272 ⁸1255

1489 196 1546 262 J.
1592 195 1980 264 XIPHILINI
2000 231 2002 234 ν
2025 198 2140 263 GP.
2186 199 2710 270 PATRIARCHE

3631 216 3755 280 £956

413 347 531 402 tem
563 347 620 402 et
647 337 838 400 ventis
868 336 1141 417 marique
1193 333 1567 394 minitantem
1600 339 1659 394 et
1687 332 1889 394 omnia
1917 332 2045 394 haec

2146 334 2514 418 φυγαδεύοντα,
2563 339 2651 394 καὶ
2702 337 2950 415 δαίμονας
3023 341 3384 403 ἀπελαύνοντα
3448 349 3539 404 καί
3584 349 3755 426 ἀνέμοις

413 449 590 511 supra
607 431 932 491 humanum
971 426 1209 488 modum
1235 431 1602 505 operantem.
1631 421 1748 485 Sed
1781 423 1891 496 illi,
1927 440 2062 484 cum

415 519 670 600 propriis
717 515 1145 598 cupiditatibus
1201 519 1650 594 torquerentur,
1699 511 1974 574 inﬁdeles
2006 519 2064 573 et

413 609 636 687 ingrati
661 605 1080 670 existimabant
1111 604 1355 665 easdem
1391 609 1448 664 et
1475 600 1660 664 Deum
1696 601 1842 682 pati.
1868 601 2062 681 Atque

413 697 661 760 aliorum
696 695 1002 758 beneficiis
1035 693 1387 756 insidiantes
1437 691 1774 766 turbantur,
1813 698 1872 752 et
1899 690 2061 750 indi-

414 796 688 866 gnantur,
717 794 771 848 et
794 791 1186 864 murmurant,
1209 791 1265 843 et
1283 781 1673 862 blasphemiis
1697 779 2060 842 Salvatorem

415 876 794 938 etDominum
810 882 1110 936 accusant.
1142 898 1169 928 α
1197 872 1423 934 Videns
1436 879 1631 933 autem
1653 869 1826 933 Jesus
1843 869 2065 948 cogita-

413 965 606 1026 tiones
632 983 860 1038 eorum,
880 963 1025 1024 dixit
1054 981 1067 1025 :
1093 961 1288 1034 Quare
1313 961 1580 1039 cogitatis
1600 958 1752 1020 mala
1775 958 1835 1018 in
1866 958 2058 1020 cordi-

411 1050 526 1113 bus
554 1052 813 1114 vestris?
839 1051 992 1112 Ecce
1023 1061 1080 1112 et
1101 1049 1456 1111 alterumhic
1477 1057 1536 1110 et
1567 1067 1683 1109 non
1719 1046 1961 1109 dubium
1997 1059 2058 1108 et

414 1142 793 1204 manifestum
816 1160 935 1203 suae
954 1140 1281 1201 divinitatis
1307 1141 1538 1215 signum
1565 1136 1834 1199 Christus
1858 1144 2064 1198 osten-

413 1230 519 1306 dit,
553 1239 610 1292 et
641 1249 763 1292 suae
792 1250 925 1292 cum
971 1230 1143 1291 Patre
1194 1227 1566 1308 mqualitatis.
1620 1226 1872 1289 Novisse
1902 1225 2062 1288 enim

411 1319 678 1381 cordium
710 1339 944 1396 sensus,
976 1318 1159 1380 solius
1200 1325 1290 1378 est
1333 1315 1461 1378 Dei.
1515 1314 1806 1378 Similiter
1830 1325 1891 1375 et.
1919 1330 2064 1393 pec-

412 1415 539 1470 cata
559 1408 875 1470 dimittere.
909 1407 1172 1487 Sriptum
1197 1413 1287 1466 est
1311 1404 1504 1467 enim:
1543 1429 1567 1460 α
1595 1405 1680 1465 Tu
1704 1401 1856 1464 nosti
1887 1402 2067 1464 corda

411 1496 639 1559 solus.»
666 1496 737 1557 Et
756 1514 990 1557 rursum
1015 1517 1028 1558 :
1055 1495 1370 1556 «Scrutans
1385 1493 1565 1554 corda
1581 1501 1638 1554 et
1653 1491 2021 1554 renesDeus.
2036 1515 2058 1547 η

411 1585 487 1647 Et
507 1585 686 1647 alibi:
726 1609 750 1640 α
786 1584 973 1645 Homo
1005 1584 1245 1664 quidem
1268 1581 1490 1643 videbit
1510 1582 1758 1653 vultum,
1791 1573 2124 1642 Deusau—B
2148 1582 2277 1632 Θεοῦ
2339 1595 2351 1609 ο

410 1673 998 1735 temintuebiturcor.
1035 1699 1061 1728 ι»
1095 1670 1667 1750 CumigiturScribaa
1687 1675 2066 1750 peccatorum

412 1761 851 1834 remissionem,
908 1780 1037 1842 quae
1087 1759 1475 1842 impossibilis
1524 1759 1670 1838 ipsis
1717 1757 2054 1827 videbatur.

413 1868 532 1910 non
590 1857 888 1930 acceptam
949 1851 1320 1923 habuissent,
1370 1847 1516 1909 dicit
1572 1847 1731 1928 quod
1791 1847 2058 1927 sequitur

413 1938 704 2013 Christus,
733 1947 796 1999 ut
813 1957 929 2000 non
945 1938 1315 2018 ambiguum:
1350 1962 1377 1993 α
1406 1936 1603 2008 Quare
1624 1935 1888 2014 cogitatis
1907 1936 2058 1997 mala

411 2027 472 2088 in
496 2027 777 2089 cordibus
793 2026 1044 2090 vestris?
1066 2053 1087 2085 ι
1103 2027 1218 2090 Per
1233 2029 1344 2089 hoc
1358 2027 1498 2088 illuc
1522 2025 1688 2106 prius
1701 2025 2060 2086 confirmans

414 2123 476 2178 et
503 2116 756 2197 quodam
791 2117 964 2178 modo
1015 2115 1240 2178 Scribis
1290 2116 1498 2177 dicens
1551 2114 1854 2176 neminem
1887 2133 2059 2194 posse

414 2214 652 2285 peccata
699 2205 1020 2280 dimittere,
1055 2204 1169 2266 nisi
1218 2204 1320 2265 ille
1353 2204 1515 2264 solus
1545 2202 1647 2282 qui
1676 2202 2056 2280 cogitationes

413 2293 720 2355 hominum
750 2294 931 2356 videt.
972 2318 994 2349 ο
1048 2293 1199 2365 Quid
1231 2295 1388 2354 enim
1423 2291 1652 2353 facilius
1685 2299 1774 2352 est
1802 2290 2003 2353 dicere
2037 2307 2052 2354 :

413 2380 815 2445 Remittuntur
835 2383 941 2444 tibi
974 2391 1234 2463 peccata,
1263 2401 1336 2444 an
1361 2381 1565 2443 dicere
1593 2400 1606 2441 :
1643 2378 1828 2457 Surge
1851 2387 1908 2440 et
1927 2398 2058 2440 am-

417 2468 597 2531 bula?
619 2495 641 2528 υ
670 2472 812 2535 Cum
835 2471 994 2532 enim
1015 2470 1399 2551 blasphemus
1411 2467 1575 2530 vobis
1597 2467 2053 2546 videor,inquit,

417 2556 676 2622 oSribaa.
697 2559 915 2640 quippe
945 2559 1045 2640 qui
1076 2571 1318 2638 peccata
1350 2558 1639 2618 dimittam
1679 2563 1738 2617 et
1764 2556 2057 2636 meipsum

413 2647 538 2708 Deo
571 2667 770 2728 parem
800 2647 1033 2723 faciam,
1059 2647 1418 2729 respondete
1447 2645 1595 2707 mihi
1627 2644 1806 2725 ;quld
1829 2643 2058 2705 facilius

411 2741 502 2796 est
527 2733 770 2798 dicere:
823 2736 1213 2799 Dimittuntur
1259 2735 1368 2797 tibi
1418 2743 1659 2816 peccata
1704 2742 1824 2808 tua,
1858 2751 1931 2793 an
1962 2731 2057 2792 di-

411 2841 586 2886 cere:
624 2823 811 2904 Surge
863 2835 920 2888 et
968 2825 1278 2888 ambula?
1309 2826 1498 2889 Erant
1527 2831 1726 2886 autem
1756 2823 1882 2883 haec
1912 2820 2054 2896 duo,

2145 424 2232 478 καὶ
2307 424 2546 502 θαλάσσῃ
2620 425 2972 503 ἐπιτιμῶντα,
3045 432 3133 488 καὶ
3207 433 3382 491 πάντα
3469 447 3626 495 ταῦτα
3665 424 3757 494 δια-

2144 513 2502 591 πραττόμενον
2560 516 2690 594 ὑπερ
2743 515 3034 596 ἄνθρωπον.
3109 517 3256 577 Ἀλλ’
3313 523 3514 582 ἐκεῖνοι
3569 528 3629 581 τὰ
3674 526 3758 583 ἴδια

2142 602 2285 667 πάθη
2356 600 2704 676 ἐκδικοῦντες,
2765 607 2812 662 οἱ
2870 605 3109 670 ἀπειθεῖς
3163 611 3252 665 καὶ
3304 611 3633 690 ἀγνώμονες,
3676 615 3760 672 ἐδό-

2143 710 2268 748 κουν
2322 693 2413 757 τὸν
2485 693 2614 748 Θεὸν
2684 690 2912 750 ἐκδικεῖν
2973 711 2989 726 ’
3050 697 3136 752 καὶ
3192 711 3314 760 ταῖς
3373 700 3570 779 ἐτέρων
3619 705 3762 782 εὒεργε

2143 779 2279 842 σίαις
2338 777 2788 856 ἐπιϐουλεύοντες,
2871 783 3215 863 ταράττονται
3291 789 3380 844 καὶ
3437 777 3762 866 ἀγανακτοᾘ-

2143 889 2231 931 τες
2305 866 2429 949 (27)
2504 873 2592 927 καὶ
2659 873 2994 950 γογγύζουσι,
3064 875 3154 930 καὶ
3222 874 3572 958 βλασφημίαν
3634 902 3764 945 κατη-

2145 965 2357 1035 γοροῦσι
2401 966 2492 1016 τοῦ
2548 966 2800 1038 Σωτῆρος
2858 963 2946 1018 καὶ
3002 964 3295 1026 Δεσπότου.
3362 987 3386 1022 α
3455 964 3603 1023 Ἰδὼν
3658 966 3764 1023 δὲέν

2140 1039 2344 1110 Ἰησοῦς
2399 1046 2492 1110 τὰς
2552 1047 2858 1123 ἐνθυμήσεις
2916 1049 3110 1125 αὐτῶν,
3169 1051 3323 1109 εἶπεν
3372 1071 3386 1084 ·
3455 1044 3612 1110 Ἱνατί
3640 1057 3765 1128 ὑμεῖς

2148 1129 2450 1209 ἐνθυμεῖσθε
2480 1137 2686 1215 πονηρά
2742 1138 2793 1194 ἐν
2850 1151 2973 1201 ταῖς
3029 1137 3261 1217 καρδίαις
3319 1141 3524 1222 ὑμῶνς
3591 1167 3610 1199 ι
3662 1140 3766 1200 Ἰδοὺ

2147 1224 2235 1280 καὶ
2288 1223 2470 1312 ἕτερον
2529 1226 2770 1300 ἐνταῦθα,
2846 1228 2934 1284 καὶ
2983 1227 3350 1307 ἀναντίῤῥητον
3424 1234 3515 1288 καὶ
3581 1235 3769 1312 φανῳὸιι

2147 1324 2376 1377 σημεῖον
2433 1311 2717 1370 δείκνυυσιν
2772 1317 2801 1371 6
2857 1317 3080 1394 Χριστὸς
3138 1322 3236 1383 τῆς
3306 1321 3467 1378 αὖτοῦ
3525 1311 3766 1393 θέότητος,

2147 1401 2234 1454 καὶ
2289 1406 2388 1467 τῆς
2446 1404 2578 1481 πρὸς
2633 1404 2722 1458 τὸν
2779 1404 2986 1482 Πατέρα
3028 1405 3297 1472 ἰσότητος.
3354 1410 3429 1465 Τὸ
3488 1411 3589 1488 γαρ
3640 1411 3771 1488 γινώ-

2148 1508 2292 1542 σκειν
2364 1490 2482 1554 τοὺς
2552 1488 2923 1570 διαλογισμοὺς
2980 1498 3083 1549 τῶν
3155 1493 3406 1574 καρδιῶν,
3467 1499 3630 1572 μόνον
3680 1497 3768 1554 ἐστὶ

2412 1579 2606 1653 ὁμοίως
2654 1581 2741 1636 καὶ
2788 1583 2849 1636 τὸ
2899 1580 3105 1661 ἀφιέναι
3154 1584 3437 1662 ἁμαρτίας,
3498 1587 3768 1665 Γέγρατπαι

2148 1665 2268 1742 γὰρ,
2309 1684 2338 1722 ‹
2371 1667 2442 1722 Σὺ
2501 1667 2774 1726 ἐπίστασαι
2831 1667 2956 1749 (28)
3003 1669 3181 1734 καδίας
3234 1673 3548 1746 μονώτατος
3582 1693 3596 1708 ·
3650 1698 3674 1731 ρ
3704 1674 3771 1731 καί

2145 1753 2329 1813 πάλιν.
2369 1776 2392 1810 ι
2427 1753 2658 1840 Ἐτάζων
2863 1756 3074 1836 καρδίας
3123 1761 3209 1816 καὶ
3239 1763 3457 1840 νεφροὺς
3489 1766 3519 1819 6
3551 1766 3673 1827 Θεὸς
3701 1784 3715 1797 ·
3747 1787 3766 1819 ι

2138 1843 2226 1898 καὶ
2255 1842 2486 1923 ἀλλαχοι
2522 1859 2536 1873 ⁸
2579 1866 2602 1900 α
2639 1835 2705 1902 ⁸οί
2728 1846 2823 1920 μὲν
2875 1835 3143 1923 ἄνθρωπος
3174 1835 3360 1922 ὄψεται
3395 1849 3546 1924 (29)°
3577 1855 3648 1915 εἷς
3669 1852 3788 1931 πρό-ν

2139 1953 2340 2008 σωπον,
2373 1935 2401 1989 6
2434 1931 2488 1988 δὲ
2519 1935 2647 1998 Θεὸς
2692 1933 2878 2009 ὄψεται
2921 1936 2994 1997 εἰς
3044 1934 3278 2015 καρδίαν.
3329 1962 3356 1993 ι
3410 1937 3566 1996 Ἐπεὶ
3611 1941 3692 1998 οὖν
3733 1944 3769 1996 οἱ

2139 2026 2480 2099 Γραμματεῖς
2539 2025 2598 2078 τὸ
2669 2022 2874 2103 ἀφιέναι
2930 2025 3209 2102 ἁμαρτίας,
3259 2029 3332 2090 ὡς
3381 2027 3635 2086 ἀδύνατον
3689 2033 3768 2088 τώ-

2139 2124 2258 2174 τοϊς
2315 2112 2474 2190 φανὲν
2522 2111 2619 2167 οὒκ
2663 2111 2920 2184 ἐδέξαντο,
2971 2110 3112 2188 λέγει
3162 2121 3314 2171 τοῦτο
3363 2114 3555 2173 λοιπὸν
3607 2121 3634 2174 6
3663 2126 3768 2196 Χρι-

2139 2198 2288 2276 στὸς,
2321 2199 2393 2261 ὡς
2427 2195 2804 2278 ἀναμφίϐολον,
2865 2200 2924 2255 τὸ
2978 2215 2992 2228 ⁹
3054 2223 3078 2255 α
3132 2192 3285 2281 Ἱναρί
3333 2203 3637 2279 ἐνθυμεῖσθε
3680 2192 3769 2260 πο-

2140 2285 2274 2359 νηρά
2303 2284 2356 2340 ἐν
2411 2300 2533 2349 ταῖς
2589 2286 2822 2364 καρδίαις
2879 2288 3075 2368 ὑμῶνς
3139 2311 3164 2343 n
3231 2291 3328 2346 Διά
3368 2300 3524 2349 τοῦτο
3571 2295 3769 2350 κάκεῖνο

2140 2371 2390 2454 βεϐαιῶν,
2432 2375 2582 2464 dmi“
2600 2377 2792 2454 τρόπον
2848 2377 2964 2464 τινὰ
3019 2376 3188 2464 λέγων
3243 2380 3372 2458 πρὸς
3430 2383 3555 2444 τοὺς
3611 2388 3769 2460 Γραμυ

2141 2475 2355 2537 ματετς,
2427 2461 2506 2518 ὅτι
2562 2461 2755 2528 Ὀντως
2807 2463 2969 2529 οὐδεὶς
3017 2463 3225 2522 δύναται
3269 2468 3474 2548 ἀφιέναι
3507 2469 3763 2548 ἁμαρτίας,

2141 2553 2183 2608 εἰ
2215 2553 2290 2626 μὴ
2334 2555 2416 2614 εἷς
2470 2554 2498 2607 6
2545 2550 2753 2628 βλέπων
2809 2554 2902 2617 τὰς
2960 2553 3264 2630 ἐνθυμήσεις
3322 2563 3427 2613 τῶν
3472 2559 3766 2638 ἀνθρώπων.

2146 2664 2173 2694 α
2211 2643 2274 2698 Κὶ
2305 2641 2403 2720 γὰρ
2433 2639 2796 2724 εὐκοπώτερον
2839 2644 3028 2716 εἰπεῖν,
3081 2641 3371 2724 Ἀφέωνταί
3398 2668 3493 2702 σου
3521 2650 3571 2703 αἱ
3613 2648 3768 2724 ἁμαρ·

2140 2732 2266 2808 τίαι,
2299 2732 2335 2800 ἢ
2367 2733 2557 2809 εἰπεῖν,
2589 2713 2823 2812 νΕγειραι
2853 2735 2940 2791 καὶ
2969 2735 3245 2813 περιπάσει
3280 2755 3299 2816 ;
3347 2733 3570 2804 Ἐπειδὴ
3617 2735 3766 2813 βλάσ-

2141 2843 2320 2900 φημος
2376 2822 2503 2895 ὑμῖν
2553 2820 2713 2902 δοκῶ,
2773 2823 2927 2901 φησὶν
2983 2825 3030 2880 ὦ
3085 2830 3446 2904 Γρρμματεϊς,
3508 2828 3582 2889 ὡς
3639 2825 3767 2904 ἀφεὶς

410 2931 539 2992 quae
597 2931 699 2974 eos
755 2914 1179 2994 interrogabat,
1242 2913 1364 2977 Deo
1423 2913 1666 2994 quidem
1721 2909 2054 2992 possibilia,

2146 2911 2423 2988 ἁμαρτίας,
2452 2912 2542 2966 καὶ
2591 2914 2663 2976 ὡς
2720 2911 2840 2968 ἴσον
2876 2910 3100 2987 ἐμαυτὸν
3148 2919 3314 2971 ποιῶν
3345 2921 3423 2989 τῷ
3477 2922 3616 2988 Θεῷ,
3647 2915 3770 2970 ἀπο-

410 3001 638 3062 homini
662 3009 857 3064 autem
883 3003 1296 3084 impossibilia.
1323 3001 1557 3065 Etenim
1592 3008 1837 3083 peccata
1851 2999 2058 3062 dimit-

411 3095 539 3150 tere
560 3090 744 3151 solius
771 3091 874 3152 Dei
909 3101 1022 3167 est,
1056 3092 1332 3154 similiter
1360 3099 1557 3153 autem
1583 3097 1644 3151 et
1677 3088 1916 3170 propria
1949 3107 2059 3169 po-

410 3182 618 3239 testate
632 3179 888 3241 excitare
909 3192 965 3241 et
982 3199 1192 3242 sanare
1212 3180 1621 3261 paralyticum;
1643 3175 1882 3239 Domini
1897 3175 2055 3237 enim

412 3273 501 3327 est
525 3284 758 3328 servum
792 3276 1136 3348 peccantem
1187 3267 1474 3346 castigare
1509 3287 1523 3326 :
1577 3265 1916 3343 castigantis
1945 3281 2056 3323 au-

411 3362 529 3414 tem
560 3374 628 3416 ac
659 3357 988 3437 prmsertim
1042 3359 1146 3420 Dei
1194 3357 1267 3419 ad
1317 3354 1789 3418 misericordiam
1819 3370 2059 3413 rursum

408 3441 718 3519 inclinare,
756 3453 813 3506 et
842 3445 1289 3525 castigationem
1324 3445 1577 3506 solvere.
1617 3442 1825 3504 Ablata
1854 3448 2057 3502 autem

411 3532 820 3611 castigatione,
873 3535 1190 3597 dimittitur
1237 3534 1479 3596 omnino
1527 3538 1864 3613 peccatum,
1898 3527 2058 3590 unde

410 3619 578 3700 plaga
602 3630 734 3684 orta
763 3632 908 3685 erat.
945 3624 1006 3687 Si
1043 3633 1237 3686 autem
1269 3631 1437 3686 curat
1466 3622 1778 3707 Dominus,
1813 3618 2058 3680 indubi-

410 3715 606 3772 tanter
635 3720 693 3772 et
722 3712 850 3793 ipse
898 3715 1165 3794 punivit;
1219 3715 1270 3775 si
1318 3723 1518 3776 autem
1578 3711 1768 3794 punit,
1801 3707 2054 3770 manife-

409 3804 564 3859 stum
588 3807 678 3861 est
707 3801 792 3862 illi
817 3811 1168 3882 potestatem
1197 3823 1328 3865 esse
1351 3803 1722 3884 punitionem
1741 3796 2006 3861 solvendi
2033 3817 2050 3872 ;

410 3885 460 3947 si
485 3895 679 3949 autem
703 3909 962 3971 poenam,
990 3899 1046 3952 et
1068 3892 1253 3972 ipsam
1281 3893 1536 3972 culpam,
1562 3889 1720 3951 unde
1739 3905 1914 3969 poena
1935 3893 2065 3947 orta

2140 2997 2352 3078 κρίθητέ
2398 3021 2513 3074 μοι,
2566 3013 2724 3058 ποῖον
2777 2999 3131 3081 εὐκολώτερον
3176 3003 3264 3059 καὶ
3315 3003 3680 3083 εὐχερέστερον
3706 3001 3767 3064 εἷς

2140 3087 2346 3166 πρᾶξιν,
2380 3111 2535 3172 τουτο
2563 3091 2622 3146 τὸ
2651 3091 2844 3163 εἰπεῖν,
2877 3088 3167 3172 Ἀφέωνται
3196 3114 3279 3148 σοι
3309 3096 3361 3148 αἱ
3392 3093 3636 3172 ἁμαρτίαι
3666 3113 3762 3162 σου,

2146 3179 2176 3246 ἢ
2234 3180 2422 3255 εἰπεῖν,
2483 3161 2716 3259 θΕγειραι
2773 3183 2862 3236 καὶ
2891 3180 3190 3260 περιπάτει.
3222 3169 3388 3237 Ἠσαν
3417 3179 3473 3236 δὲ
3503 3183 3591 3238 καὶ
3619 3179 3768 3258 ἀμφό-

2138 3288 2262 3346 τερα
2291 3275 2474 3345 ταῦτα,
2533 3271 2650 3349 περὶ
2696 3272 2768 3324 ῶν
2826 3269 3103 3348 ἠρώτησεν
3155 3271 3369 3344 αὐτοὺς,
3420 3277 3538 3344 Θεῷ
3570 3268 3660 3344 μὲν
3685 3265 3766 3322 δο-

2141 3357 2292 3431 νατά,
2325 3358 2582 3438 ἀνθρώπῳ
2626 3359 2680 3415 δὲ
2735 3358 2960 3415 ἀδύνατα
2995 3377 3011 3393 ’
3069 3360 3156 3415 καὶ
3211 3360 3311 3438 γὰρ
3365 3361 3544 3415 καὶτὸ
3571 3356 3762 3412 ἀπιέναι

2140 3446 2420 3525 ἁμαρτίας,
2454 3455 2583 3504 Θεοῦ
2613 3449 2774 3524 μόνου
2819 3447 2983 3524 ἐστὶν,
3043 3449 3238 3524 ὁμοίως
3270 3446 3322 3502 δὲ
3353 3447 3438 3502 καὶ
3469 3449 3531 3504 τὸ
3560 3443 3671 3502 κατ’
3699 3441 3764 3507 ἐξ·

2141 3536 2316 3594 οὐσίαν
2345 3535 2548 3617 ἐγεῖραι
2577 3540 2662 3594 καὶ
2712 3537 2962 3616 ἀρτιῶσαι
3007 3539 3098 3594 τὸν
3152 3535 3450 3615 παράλυτον
3485 3553 3500 3567 ⁵
3535 3534 3765 3591 δεσπότου

2140 3623 2239 3702 γὰρ
2270 3623 2378 3680 ἐστι
2406 3628 2467 3681 τὸ
2515 3624 2754 3697 κολάζειν
2784 3625 2992 3692 οἰκέτην
3023 3626 3390 3704 ἁμαρτάνοντα
3420 3642 3434 3657 ·
3472 3623 3759 3694 κολάζοντος

2141 3709 2195 3767 δὲ
2249 3715 2335 3770 καὶ
2396 3713 2627 3771 πάλιστα
2678 3722 2827 3788 Θεοῦ,
2886 3717 2947 3771 τὸ
3003 3717 3132 3792 πρὸς
3185 3713 3575 3792 φιλανθρωπίαν
3628 3709 3762 3768 πάλιν

2136 3800 2550 3876 ἀπονεύειν,ξκαὶ
2579 3803 2824 3861 ἀπολύειν
2875 3809 2973 3870 τῆς
3026 3803 3282 3882 μάστιγος
3318 3820 3333 3837 ⁸
3380 3807 3477 3868 τῆς
3510 3801 3564 3858 δὲ
3594 3801 3761 3876 μάστι-

2146 3913 2238 3968 γος
2291 3891 2579 3968 ἀνεθείσης,
2637 3896 2671 3961 ἡ
2741 3893 2969 3972 ἁμαρτία
3035 3892 3246 3955 πάντως
3318 3891 3548 3970 ἀφίεται,
3602 3887 3660 3944 δί’
3709 3884 3761 3951 ἣν

408 3982 518 4068 test.
549 4000 576 4032 α
611 3978 685 4068 Ut
715 3991 914 4041 autem
945 3981 1144 4041 sciatis
1177 3981 1393 4042 Filium
1422 3978 1685 4042 hominis
1706 3983 2058 4068 potestatem

2146 3981 2178 4046 ἦ
2209 3978 2396 4058 πληγῆ
2429 3983 2858 4062 συγκεχώρηται,
2915 3983 2972 4039 Εἰ
3029 3978 3083 4036 δὲ
3139 3981 3277 4037 ἰᾶται
3335 3983 3361 4036 6
3403 3981 3612 4059 Κύριος,
3641 3976 3758 4033 πάν-

419 4063 642 4126 habere
670 4067 731 4127 in
763 4076 920 4130 terra
949 4069 1288 4132 dimittendi
1335 4076 1597 4150 peccata.
1659 4090 1682 4126 ι)
1721 4067 1799 4128 Ut
1827 4062 2058 4143 sciatis,

419 4151 635 4234 inquit,
663 4173 797 4216 eum
828 4158 929 4238 qui
978 4159 1143 4220 vobis
1188 4160 1364 4220 homo
1416 4157 1671 4230 videtur,
1709 4159 2060 4234 potestatem

419 4248 485 4301 ut
510 4241 697 4304 Deum
729 4245 971 4321 habere,
1006 4255 1065 4309 et
1105 4247 1387 4310 noveritis
1426 4245 1722 4307 incertum
1755 4250 1815 4304 et
1846 4239 2062 4301 invisi-

420 4327 540 4391 bile
562 4349 633 4392 ex
653 4333 894 4396 visibili.
923 4336 1067 4397 Cum
1080 4337 1192 4396 sim
1212 4337 1369 4398 enim
1396 4339 1554 4398 Dens
1574 4331 1864 4405 Verbum,
1886 4331 2063 4392 homo

417 4417 606 4480 factus
639 4438 767 4480 sum
799 4440 907 4501 per
937 4423 1368 4502 providentiam
1410 4431 1468 4485 et
1497 4423 1559 4483 in
1591 4429 1746 4482 terra
1772 4436 1976 4480 versor
2006 4424 2066 4479 et

419 4506 640 4583 habito,
679 4516 736 4568 et
766 4517 1139 4588 peccatorum
1167 4513 1587 4574 remissionem
1609 4510 1766 4572 dono
1787 4508 1860 4569 iis
1882 4507 1985 4588 qui
2004 4505 2066 4566 in

420 4612 517 4656 me
539 4598 813 4659 credunt.
840 4597 979 4660 Ideo
1002 4599 1186 4662 dixit:
1229 4625 1255 4656 α
1284 4600 1345 4660 in
1368 4609 1546 4674 terra,
1571 4625 1598 4655 ι
1627 4606 1690 4658 ut
1709 4595 1980 4658 ostendat
2001 4612 2066 4655 se

417 4681 480 4743 in
499 4683 675 4745 terris
703 4685 917 4764 visum,
944 4686 1130 4748 Deum
1160 4706 1292 4750 esse
1319 4689 1648 4750 secundum
1677 4692 1969 4753 naturam,
2005 4689 2064 4744 et

417 4778 484 4832 ut
528 4772 822 4837 discamus
861 4783 1106 4857 peccata
1154 4777 1216 4838 in
1274 4783 1436 4841 terra
1494 4775 1734 4838 dimitti.
1786 4770 2056 4846 Quandiu

419 4860 581 4923 enim
630 4882 834 4927 sumus
879 4866 942 4926 in
990 4875 1173 4942 terra,
1225 4884 1538 4948 possumus
1588 4870 1831 4946 peccata
1860 4870 2060 4922 nostra

417 4949 684 5029 abluere,
713 4956 925 5018 fratres
950 4955 1092 5018 mei.
1121 4957 1438 5036 Postquam
1465 4961 1661 5017 autem
1683 4951 1824 5014 inde
1846 4950 2060 5029 migra-

666 5158 693 5191 α
726 5133 1199 5215 Ἀγανακτοῦντες,
1233 5164 1260 5197 ιν
1297 5135 1948 5218 Οοπίςὲᾐάγανακτοῦσι.

499 5214 629 5298 (ξε)
663 5238 690 5270 α
724 5214 1123 5298 ξὺίέπίστασαι.
1157 5240 1186 5279 ›
1222 5219 1300 5282 ΠΙ
1327 5214 1661 5298 ΙὶεεῘνΙΙΙ,
1694 5217 1794 5298 39.

507 5293 639 5374 (29)
679 5319 703 5351 ‹‹
740 5294 995 5370 Ἐτάζων.
1031 5324 1059 5357 »
1079 5293 1704 5376 Ps.VIII,16.Cod.B.
1730 5295 2064 5376 ἐλὼιςύριος

2143 4090 2247 4132 τως
2276 4073 2362 4126 καὶ
2391 4071 2546 4136 αὐτὸς
2596 4069 2894 4131 ἐπαίδευσεν
2928 4091 2943 4106 ·
3002 4073 3046 4126 εί
3094 4068 3149 4125 δὲ
3205 4067 3460 4143 παιδεύει,
3526 4067 3674 4135 δῆλον
3699 4065 3758 4124 ὡς

2144 4156 2374 4222 ἐξουσίαν
2423 4158 2539 4241 ἔχει
2595 4162 2682 4218 καὶ
2737 4161 2835 4228 τὴν
2886 4158 3123 4217 παιδείαν
3173 4156 3325 4215 λύσαι
3361 4176 3374 4188 ·
3410 4159 3454 4214 εἰ
3485 4156 3540 4213 δὲ
3567 4157 3756 4219 ta’mV,

2145 4247 2232 4301 καὶ
2313 4248 2374 4304 τὸ
2442 4249 2839 4326 πλημμέλημα,
2894 4249 3160 4326 ’πάντως,
3239 4245 3306 4302 δι’
3377 4245 3508 4325 ὅπερ
3569 4247 3602 4313 ἡ
3661 4264 3760 4297 παι-

2147 4333 2278 4408 δείας
2313 4340 2591 4419 συνεχώρη
2815 4323 2838 4395 ά
2880 4323 2982 4397 ulva
3021 4336 3075 4395 δὲ
3137 4335 3328 4411 εἰδῆτε,
3403 4323 3490 4392 ὅτι
3560 4332 3757 4400 ἐξουσίαν

2147 4423 2264 4504 ἔχει
2325 4429 2353 4483 6
2412 4431 2530 4493 Υἱὸς
2593 4437 2684 4507 τοῦ
2740 4429 3011 4507 ἀνθρώπου
3089 4428 3175 4484 ἐπι
3245 4432 3343 4493 τῆς
3413 4431 3517 4504 γῆς
3582 4421 3754 4502 ἀφιέναι

2147 4501 2424 4594 ἁμαρτίας.
2487 4537 2518 4577 )
2596 4501 2697 4577 ’ἱνα
2765 4501 3092 4598 γνωρίσηταιτ
3144 4514 3291 4594 (31),
3356 4501 3540 4594 φησὶν,
3609 4501 3679 4567 ὅτι
3734 4507 3756 4560 ὃ

2149 4604 2460 4683 φαινόμενος
2493 4607 2620 4682 ὑμῖν
2677 4607 2970 4688 ἅνθρωπος,
3033 4605 3277 4685 ἐχουσίαν
3323 4602 3440 4684 ἔχει
3500 4603 3577 4668 ώς
3627 4600 3751 4670 Θεὸς,

2143 4692 2386 4768 βλήψατε
2435 4696 2522 4751 καὶ
2577 4683 2967 4767 κατανοῆσατε
2996 4683 3311 4760 τὸηᾶδηλον
3362 4693 3449 4748 καὶ
3501 4694 3561 4748 τὸ
3597 4683 3755 4767 ἀφανὲς

2143 4781 2205 4837 ἐκ
2249 4789 2340 4838 τοῦ
2387 4792 2630 4864 φανεροῦ,
2688 4787 2815 4850 Θεὸς
2873 4786 2973 4864 γὰρ
3030 4782 3198 4860 Λόγος
3254 4783 3537 4860 ὑπαρχων,
3593 4777 3790 4864 ww.

2141 4889 2240 4932 πος
2295 4869 2489 4950 γέγονα
2520 4860 2607 4929 ⁷δι’
2666 4860 2986 4948 οἰκονομίαν,
3047 4873 3133 4926 καὶ
3185 4869 3270 4925 ἐπὶ
3325 4873 3422 4934 τῆς
3481 4874 3583 4946 γῆς
3623 4860 3756 4920 πολι-

2142 4956 2359 5033 τεύομαι
2411 4962 2500 5017 καὶ
2549 4960 2959 5042 ἀναστρέφομαι,
3014 4959 3102 5016 καὶ
3148 4957 3549 5037 ἁμαρτημάτων
3603 4950 3754 5031 ἄφεσιν

2229 5143 2346 5225 (30)
2381 5164 2405 5200 α
2439 5141 2818 5225 ξυνεχώεηηη
2841 5139 2990 5225 _IIoc
3032 5135 3281 5198 fortasse
3310 5141 3506 5197 ortum
3537 5153 3605 5197 ex
3629 5145 3757 5186 συνε-

2147 5219 2397 5311 χωρῄθη.
2428 5219 2628 5284 Codéi
2661 5219 2736 5311 B._
2763 5219 2943 5282 habet
2969 5228 3358 5311 iu-{lwps‘grah

2229 5290 2549 5395 (3.1.)vcﬁlv1
2577 5303 2919 5395 vapion'ca‘l:
2951 5290 3172 5395 .th‘Ie;
3227 5290 3332 5395 εἱΙνοι
3373 5290 3758 5395 γνωρίσητε,

422 5365 631 5463 ξτάξωκί
678 5365 902 5463 καρδίας
973 5383 1059 5463 καὶ
1118 5365 1412 5457 δοκιμάζων
1465 5382 1702 5462 νεφρούς,
1763 5374 1923 5459 quod
1957 5365 2059 5435 ’881

2149 5365 2379 5449 sciat—is.
2415 5365 2769 5463 Saepe'enim
2797 5365 3055 5463 syllabas
3084 5365 3354 5456 ejusdem
3382 5365 3518 5439 'son'i
3539 5375 3600 5438 in
3618 5365 3757 5434 libris

419 5453 644 5533 Jerem.
678 5453 892 5533 XVIII,
930 5460 1026 5522 10.

501 5531 660 5614 (29')
695 5559 724 5593 α
781 5531 1062 5618 Ανθρωπος
1094 5539 1305 5617 ὄψεται.
1336 5561 1367 5605 )
1403 5542 1433 5603 ’1
1467 5540 1614 5622 Reg.
1644 5536 1794 5618 XVI,
1826 5537 1885 5603 7.

2151 5465 2387 5548 scriptis
2415 5460 2704 5527 confundi
2732 5460 2908 5524 nemo
2938 5460 3190 5541 ignorat.
