  <div class='ocr_page' id='page_1' title='image "/cluster/home/n/w/nwhite01/storage/ocr_20150623/120/mdp.39015008866736/634.png"; bbox 0 0 4008 6114; ppageno 0'>
   <div class='ocr_carea' id='block_1_1' title="bbox 206 261 366 328">
    <p class='ocr_par' dir='ltr' id='par_1_1' title="bbox 206 261 366 328">
     <span class='ocr_line' id='line_1_1' title="bbox 206 261 366 328; baseline 0.025 -4"><span class='ocrx_word' id='word_1_1' title='bbox 206 262 234 316; x_wconf 89' lang='grc'>1</span> <span class='ocrx_word' id='word_1_2' title='bbox 252 261 366 328; x_wconf 80' lang='grc'><strong>257</strong></span> 
     </span>
    </p>
   </div>
   <div class='ocr_carea' id='block_1_2' title="bbox 1678 262 2173 366">
    <p class='ocr_par' dir='ltr' id='par_1_2' title="bbox 1678 262 2173 366">
     <span class='ocr_line' id='line_1_2' title="bbox 1678 262 2173 366; baseline -0.004 -37"><span class='ocrx_word' id='word_1_3' title='bbox 1678 262 2108 329; x_wconf 83' lang='lat' dir='ltr'><strong>ORATIONES</strong></span> <span class='ocrx_word' id='word_1_4' title='bbox 2168 361 2173 366; x_wconf 26' lang='lat'><strong><em>.</em></strong></span> 
     </span>
    </p>
   </div>
   <div class='ocr_carea' id='block_1_3' title="bbox 3434 261 3590 328">
    <p class='ocr_par' dir='ltr' id='par_1_3' title="bbox 3434 261 3590 328">
     <span class='ocr_line' id='line_1_3' title="bbox 3434 261 3590 328; baseline 0 0"><span class='ocrx_word' id='word_1_5' title='bbox 3434 261 3590 328; x_wconf 82' lang='lat'><strong>1258</strong></span> 
     </span>
    </p>
   </div>
   <div class='ocr_carea' id='block_1_4' title="bbox 196 397 1857 481">
    <p class='ocr_par' dir='ltr' id='par_1_4' title="bbox 196 400 1840 481">
     <span class='ocr_line' id='line_1_4' title="bbox 196 400 1840 481; baseline -0.001 -25"><span class='ocrx_word' id='word_1_6' title='bbox 196 404 470 479; x_wconf 78' lang='grc' dir='ltr'>δωροῦμαι</span> <span class='ocrx_word' id='word_1_7' title='bbox 525 414 642 464; x_wconf 77' lang='grc' dir='ltr'>τοῖς</span> <span class='ocrx_word' id='word_1_8' title='bbox 708 400 1035 457; x_wconf 70' lang='grc' dir='ltr'><strong>πιστεύουσιν</strong></span> <span class='ocrx_word' id='word_1_9' title='bbox 1093 402 1166 465; x_wconf 77' lang='grc' dir='ltr'><strong>εἷς</strong></span> <span class='ocrx_word' id='word_1_10' title='bbox 1222 401 1337 478; x_wconf 79' lang='grc' dir='ltr'>ἐμέ.</span> <span class='ocrx_word' id='word_1_11' title='bbox 1397 403 1491 459; x_wconf 79' lang='grc' dir='ltr'>Δίὰ</span> <span class='ocrx_word' id='word_1_12' title='bbox 1540 411 1693 460; x_wconf 78' lang='grc' dir='ltr'>τοῦτο</span> <span class='ocrx_word' id='word_1_13' title='bbox 1740 400 1840 481; x_wconf 77' lang='grc' dir='ltr'><strong>γὰρ</strong></span> 
     </span>
    </p>
   </div>
   <div class='ocr_carea' id='block_1_5' title="bbox 1944 397 3584 481">
    <p class='ocr_par' dir='ltr' id='par_1_5' title="bbox 1944 397 3584 478">
     <span class='ocr_line' id='line_1_5' title="bbox 1944 397 3584 478; baseline 0.001 -21"><span class='ocrx_word' id='word_1_14' title='bbox 1944 397 2281 473; x_wconf 79' lang='lat' dir='ltr'><strong>vimus,non</strong></span> <span class='ocrx_word' id='word_1_15' title='bbox 2301 415 2618 478; x_wconf 86' lang='lat' dir='ltr'><strong>possumus</strong></span> <span class='ocrx_word' id='word_1_16' title='bbox 2630 404 3003 478; x_wconf 80' lang='lat' dir='ltr'><strong>peccatorum</strong></span> <span class='ocrx_word' id='word_1_17' title='bbox 3023 397 3446 460; x_wconf 88' lang='lat' dir='ltr'><strong>remissionem</strong></span> <span class='ocrx_word' id='word_1_18' title='bbox 3470 414 3584 478; x_wconf 88' lang='lat' dir='ltr'><strong>per</strong></span> 
     </span>
    </p>
   </div>
   <div class='ocr_carea' id='block_1_6' title="bbox 201 487 1850 568">
    <p class='ocr_par' dir='ltr' id='par_1_6' title="bbox 201 487 1850 568">
     <span class='ocr_line' id='line_1_6' title="bbox 201 487 1850 568; baseline 0.002 -24"><span class='ocrx_word' id='word_1_19' title='bbox 201 488 386 567; x_wconf 74' lang='grc' dir='ltr'>εἶπεν,</span> <span class='ocrx_word' id='word_1_20' title='bbox 424 506 455 546; x_wconf 80' lang='lat'><strong>(</strong></span> <span class='ocrx_word' id='word_1_21' title='bbox 499 488 584 545; x_wconf 84' lang='grc' dir='ltr'><strong>ἐπὶ</strong></span> <span class='ocrx_word' id='word_1_22' title='bbox 629 495 728 556; x_wconf 76' lang='grc' dir='ltr'><strong>τῆς</strong></span> <span class='ocrx_word' id='word_1_23' title='bbox 776 493 900 566; x_wconf 77' lang='grc' dir='ltr'>γῆς,</span> <span class='ocrx_word' id='word_1_24' title='bbox 961 512 988 543; x_wconf 78' lang='grc'>»</span> <span class='ocrx_word' id='word_1_25' title='bbox 1037 490 1127 545; x_wconf 82' lang='grc' dir='ltr'><strong>’ἱνα</strong></span> <span class='ocrx_word' id='word_1_26' title='bbox 1170 487 1309 568; x_wconf 77' lang='grc' dir='ltr'>δείξῃ</span> <span class='ocrx_word' id='word_1_27' title='bbox 1354 490 1433 547; x_wconf 79' lang='grc' dir='ltr'>ὅτι</span> <span class='ocrx_word' id='word_1_28' title='bbox 1482 491 1569 547; x_wconf 88' lang='grc' dir='ltr'><strong>καὶ</strong></span> <span class='ocrx_word' id='word_1_29' title='bbox 1616 490 1701 547; x_wconf 88' lang='grc' dir='ltr'><strong>ἐπὶ</strong></span> <span class='ocrx_word' id='word_1_30' title='bbox 1752 496 1850 559; x_wconf 77' lang='grc' dir='ltr'><strong>τῆς</strong></span> 
     </span>
    </p>
   </div>
   <div class='ocr_carea' id='block_1_7' title="bbox 203 576 1850 657">
    <p class='ocr_par' dir='ltr' id='par_1_7' title="bbox 203 576 1850 657">
     <span class='ocr_line' id='line_1_7' title="bbox 203 576 1850 657; baseline 0.002 -26"><span class='ocrx_word' id='word_1_31' title='bbox 203 581 311 654; x_wconf 79' lang='grc' dir='ltr'><strong>γῆς</strong></span> <span class='ocrx_word' id='word_1_32' title='bbox 367 577 560 655; x_wconf 73' lang='grc' dir='ltr'>ὀφθεὶς,</span> <span class='ocrx_word' id='word_1_33' title='bbox 624 578 752 640; x_wconf 85' lang='grc' dir='ltr'>Θεός</span> <span class='ocrx_word' id='word_1_34' title='bbox 805 576 914 632; x_wconf 86' lang='grc' dir='ltr'>ἐστι</span> <span class='ocrx_word' id='word_1_35' title='bbox 964 577 1099 633; x_wconf 79' lang='grc' dir='ltr'>κατὰ</span> <span class='ocrx_word' id='word_1_36' title='bbox 1162 579 1335 657; x_wconf 74' lang='grc' dir='ltr'>φύσιν,</span> <span class='ocrx_word' id='word_1_37' title='bbox 1386 579 1475 637; x_wconf 87' lang='grc' dir='ltr'><strong>καὶ</strong></span> <span class='ocrx_word' id='word_1_38' title='bbox 1521 579 1613 635; x_wconf 76' lang='grc' dir='ltr'>ἵνα</span> <span class='ocrx_word' id='word_1_39' title='bbox 1662 579 1850 654; x_wconf 87' lang='grc' dir='ltr'>μάθω-</span> 
     </span>
    </p>
   </div>
   <div class='ocr_carea' id='block_1_8' title="bbox 203 663 1845 746">
    <p class='ocr_par' dir='ltr' id='par_1_8' title="bbox 203 663 1845 746">
     <span class='ocr_line' id='line_1_8' title="bbox 203 663 1845 746; baseline 0.005 -30"><span class='ocrx_word' id='word_1_40' title='bbox 203 684 308 746; x_wconf 62' lang='grc' dir='ltr'>μεν</span> <span class='ocrx_word' id='word_1_41' title='bbox 363 663 442 718; x_wconf 84' lang='grc' dir='ltr'>ὅτι</span> <span class='ocrx_word' id='word_1_42' title='bbox 499 664 583 721; x_wconf 87' lang='grc' dir='ltr'><strong>ἐπὶ</strong></span> <span class='ocrx_word' id='word_1_43' title='bbox 636 670 734 731; x_wconf 77' lang='grc' dir='ltr'><strong>τῆς</strong></span> <span class='ocrx_word' id='word_1_44' title='bbox 790 670 891 742; x_wconf 75' lang='grc' dir='ltr'>γῆς</span> <span class='ocrx_word' id='word_1_45' title='bbox 967 665 1202 745; x_wconf 78' lang='grc' dir='ltr'>ἀφένται</span> <span class='ocrx_word' id='word_1_46' title='bbox 1281 671 1332 723; x_wconf 79' lang='grc' dir='ltr'>αἱ</span> <span class='ocrx_word' id='word_1_47' title='bbox 1381 668 1628 746; x_wconf 84' lang='grc' dir='ltr'>ἁμαρτίαι</span> <span class='ocrx_word' id='word_1_48' title='bbox 1691 665 1845 745; x_wconf 71' lang='grc'><strong>(32).</strong></span> 
     </span>
    </p>
   </div>
   <div class='ocr_carea' id='block_1_9' title="bbox 214 742 1850 831">
    <p class='ocr_par' dir='ltr' id='par_1_9' title="bbox 214 742 1850 831">
     <span class='ocr_line' id='line_1_9' title="bbox 214 742 1850 831; baseline 0.001 -22"><span class='ocrx_word' id='word_1_49' title='bbox 214 742 351 815; x_wconf 69' lang='grc' dir='ltr'><strong>Ἕως</strong></span> <span class='ocrx_word' id='word_1_50' title='bbox 406 754 504 831; x_wconf 77' lang='grc' dir='ltr'><strong>γὰρ</strong></span> <span class='ocrx_word' id='word_1_51' title='bbox 560 753 715 829; x_wconf 88' lang='grc' dir='ltr'>ἐσμεν</span> <span class='ocrx_word' id='word_1_52' title='bbox 772 752 858 808; x_wconf 87' lang='grc' dir='ltr'><strong>ἐπὶ</strong></span> <span class='ocrx_word' id='word_1_53' title='bbox 910 742 1026 819; x_wconf 23' lang='grc' dir='ltr'><strong>τῆς*</strong></span> <span class='ocrx_word' id='word_1_54' title='bbox 1074 758 1198 831; x_wconf 80' lang='grc' dir='ltr'>γῆς,</span> <span class='ocrx_word' id='word_1_55' title='bbox 1258 742 1515 829; x_wconf 78' lang='grc' dir='ltr'>δυνάμεθα</span> <span class='ocrx_word' id='word_1_56' title='bbox 1573 742 1850 829; x_wconf 77' lang='grc' dir='ltr'>ἐξαλεῖψαι</span> 
     </span>
    </p>
   </div>
   <div class='ocr_carea' id='block_1_10' title="bbox 202 838 1852 920">
    <p class='ocr_par' dir='ltr' id='par_1_10' title="bbox 202 838 1852 920">
     <span class='ocr_line' id='line_1_10' title="bbox 202 838 1852 920; baseline 0.002 -25"><span class='ocrx_word' id='word_1_57' title='bbox 202 843 304 903; x_wconf 81' lang='grc' dir='ltr'>τὰς</span> <span class='ocrx_word' id='word_1_58' title='bbox 370 841 625 920; x_wconf 81' lang='grc' dir='ltr'>ἁμαρτίας</span> <span class='ocrx_word' id='word_1_59' title='bbox 682 843 857 920; x_wconf 77' lang='grc' dir='ltr'>ἡμῶν,</span> <span class='ocrx_word' id='word_1_60' title='bbox 932 838 1143 920; x_wconf 77' lang='grc' dir='ltr'>ἀδελφοί</span> <span class='ocrx_word' id='word_1_61' title='bbox 1212 865 1340 918; x_wconf 91' lang='grc' dir='ltr'>μου,</span> <span class='ocrx_word' id='word_1_62' title='bbox 1414 841 1526 919; x_wconf 89' lang='grc' dir='ltr'>μεθ’</span> <span class='ocrx_word' id='word_1_63' title='bbox 1585 845 1613 899; x_wconf 87' lang='grc' dir='ltr'><strong>ὃ</strong></span> <span class='ocrx_word' id='word_1_64' title='bbox 1673 843 1852 919; x_wconf 80' lang='grc' dir='ltr'>μέντοι</span> 
     </span>
    </p>
   </div>
   <div class='ocr_carea' id='block_1_11' title="bbox 208 928 1851 1007">
    <p class='ocr_par' dir='ltr' id='par_1_11' title="bbox 208 928 1851 1007">
     <span class='ocr_line' id='line_1_11' title="bbox 208 928 1851 1007; baseline 0.004 -24"><span class='ocrx_word' id='word_1_65' title='bbox 208 936 557 1003; x_wconf 79' lang='grc' dir='ltr'>μεταστῶμεν</span> <span class='ocrx_word' id='word_1_66' title='bbox 627 928 881 998; x_wconf 74' lang='grc' dir='ltr'>ἐντεῦθεν,</span> <span class='ocrx_word' id='word_1_67' title='bbox 950 928 1121 985; x_wconf 74' lang='grc' dir='ltr'>οὒκέτι</span> <span class='ocrx_word' id='word_1_68' title='bbox 1191 929 1447 1007; x_wconf 83' lang='grc' dir='ltr'>δυνάμεθα</span> <span class='ocrx_word' id='word_1_69' title='bbox 1516 933 1679 1007; x_wconf 72' lang='grc' dir='ltr'>ἡμεῒς</span> <span class='ocrx_word' id='word_1_70' title='bbox 1751 936 1851 990; x_wconf 76' lang='grc' dir='ltr'>αὖ·</span> 
     </span>
    </p>
   </div>
   <div class='ocr_carea' id='block_1_12' title="bbox 205 1013 1849 1098">
    <p class='ocr_par' dir='ltr' id='par_1_12' title="bbox 205 1013 1849 1098">
     <span class='ocr_line' id='line_1_12' title="bbox 205 1013 1849 1098; baseline 0.004 -28"><span class='ocrx_word' id='word_1_71' title='bbox 205 1015 295 1071; x_wconf 86' lang='grc' dir='ltr'><strong>τοί</strong></span> <span class='ocrx_word' id='word_1_72' title='bbox 339 1013 769 1093; x_wconf 79' lang='grc' dir='ltr'>ἐξομολογήσεως</span> <span class='ocrx_word' id='word_1_73' title='bbox 817 1013 940 1094; x_wconf 80' lang='grc'>(33)</span> <span class='ocrx_word' id='word_1_74' title='bbox 971 1036 986 1051; x_wconf 87' lang='grc'>⁶</span> <span class='ocrx_word' id='word_1_75' title='bbox 1028 1017 1432 1074; x_wconf 77' lang='grc' dir='ltr'>ἆποκέκλεισται</span> <span class='ocrx_word' id='word_1_76' title='bbox 1477 1019 1576 1097; x_wconf 79' lang='grc' dir='ltr'>γὰρ</span> <span class='ocrx_word' id='word_1_77' title='bbox 1620 1021 1655 1086; x_wconf 76' lang='grc' dir='ltr'>ἡ</span> <span class='ocrx_word' id='word_1_78' title='bbox 1701 1020 1849 1098; x_wconf 81' lang='grc' dir='ltr'>θύρα.</span> 
     </span>
    </p>
   </div>
   <div class='ocr_carea' id='block_1_13' title="bbox 215 1102 1850 1186">
    <p class='ocr_par' dir='ltr' id='par_1_13' title="bbox 215 1102 1850 1186">
     <span class='ocr_line' id='line_1_13' title="bbox 215 1102 1850 1186; baseline 0.002 -28"><span class='ocrx_word' id='word_1_79' title='bbox 215 1126 248 1158; x_wconf 76' lang='grc' dir='ltr'><strong>α</strong></span> <span class='ocrx_word' id='word_1_80' title='bbox 306 1103 434 1161; x_wconf 90' lang='grc' dir='ltr'>Τότε</span> <span class='ocrx_word' id='word_1_81' title='bbox 491 1102 634 1181; x_wconf 80' lang='grc' dir='ltr'><strong>λέγει</strong></span> <span class='ocrx_word' id='word_1_82' title='bbox 682 1111 758 1178; x_wconf 81' lang='grc' dir='ltr'>τῷ</span> <span class='ocrx_word' id='word_1_83' title='bbox 804 1103 1141 1182; x_wconf 86' lang='grc' dir='ltr'>παραλυτικῷ</span> <span class='ocrx_word' id='word_1_84' title='bbox 1177 1115 1193 1139; x_wconf 80' lang='grc'>⁸</span> <span class='ocrx_word' id='word_1_85' title='bbox 1254 1105 1511 1186; x_wconf 75' lang='grc' dir='ltr'><strong>Ἐγερθεὶς</strong></span> <span class='ocrx_word' id='word_1_86' title='bbox 1573 1108 1697 1186; x_wconf 83' lang='grc' dir='ltr'>ἆρον</span> <span class='ocrx_word' id='word_1_87' title='bbox 1752 1108 1850 1174; x_wconf 79' lang='grc' dir='ltr'><strong>τὴν</strong></span> 
     </span>
    </p>
   </div>
   <div class='ocr_carea' id='block_1_14' title="bbox 208 1189 1850 1275">
    <p class='ocr_par' dir='ltr' id='par_1_14' title="bbox 208 1189 1850 1275">
     <span class='ocr_line' id='line_1_14' title="bbox 208 1189 1850 1275; baseline 0.002 -28"><span class='ocrx_word' id='word_1_88' title='bbox 208 1189 395 1258; x_wconf 78' lang='grc' dir='ltr'>κλίνην</span> <span class='ocrx_word' id='word_1_89' title='bbox 426 1214 541 1263; x_wconf 84' lang='grc' dir='ltr'>σου,</span> <span class='ocrx_word' id='word_1_90' title='bbox 585 1194 674 1249; x_wconf 88' lang='grc' dir='ltr'><strong>καὶ</strong></span> <span class='ocrx_word' id='word_1_91' title='bbox 721 1191 888 1270; x_wconf 73' lang='grc' dir='ltr'>ὕπαγε</span> <span class='ocrx_word' id='word_1_92' title='bbox 938 1196 1009 1257; x_wconf 86' lang='grc' dir='ltr'><strong>εἰς</strong></span> <span class='ocrx_word' id='word_1_93' title='bbox 1061 1198 1153 1251; x_wconf 82' lang='grc' dir='ltr'>τὸν</span> <span class='ocrx_word' id='word_1_94' title='bbox 1200 1196 1354 1252; x_wconf 76' lang='grc' dir='ltr'>οἶκόν</span> <span class='ocrx_word' id='word_1_95' title='bbox 1404 1218 1518 1254; x_wconf 94' lang='grc' dir='ltr'>σου.</span> <span class='ocrx_word' id='word_1_96' title='bbox 1568 1198 1666 1253; x_wconf 87' lang='grc' dir='ltr'>Καὶ</span> <span class='ocrx_word' id='word_1_97' title='bbox 1694 1195 1850 1275; x_wconf 85' lang='grc' dir='ltr'>ἐγερ-</span> 
     </span>
    </p>
   </div>
   <div class='ocr_carea' id='block_1_15' title="bbox 209 1279 1848 1360">
    <p class='ocr_par' dir='ltr' id='par_1_15' title="bbox 209 1279 1848 1360">
     <span class='ocr_line' id='line_1_15' title="bbox 209 1279 1848 1360; baseline 0.004 -26"><span class='ocrx_word' id='word_1_98' title='bbox 209 1281 318 1342; x_wconf 83' lang='grc' dir='ltr'>θεὶς</span> <span class='ocrx_word' id='word_1_99' title='bbox 350 1279 582 1347; x_wconf 81' lang='grc' dir='ltr'><strong>ἀπῆλθεν</strong></span> <span class='ocrx_word' id='word_1_100' title='bbox 634 1283 706 1343; x_wconf 77' lang='grc' dir='ltr'><strong>εἷς</strong></span> <span class='ocrx_word' id='word_1_101' title='bbox 756 1283 845 1337; x_wconf 84' lang='grc' dir='ltr'><strong>τὸν</strong></span> <span class='ocrx_word' id='word_1_102' title='bbox 889 1282 1042 1338; x_wconf 75' lang='grc' dir='ltr'>οἷκον</span> <span class='ocrx_word' id='word_1_103' title='bbox 1096 1284 1273 1342; x_wconf 67' lang='grc' dir='ltr'>αὖτοῦ.</span> <span class='ocrx_word' id='word_1_104' title='bbox 1328 1308 1355 1339; x_wconf 72' lang='grc' dir='ltr'><strong>ι»</strong></span> <span class='ocrx_word' id='word_1_105' title='bbox 1411 1282 1592 1351; x_wconf 82' lang='grc' dir='ltr'>ἐπειδὴ</span> <span class='ocrx_word' id='word_1_106' title='bbox 1642 1286 1702 1340; x_wconf 81' lang='grc' dir='ltr'>τὸ</span> <span class='ocrx_word' id='word_1_107' title='bbox 1753 1284 1848 1360; x_wconf 75' lang='grc' dir='ltr'>μὲν</span> 
     </span>
    </p>
   </div>
   <div class='ocr_carea' id='block_1_16' title="bbox 207 1368 1853 1453">
    <p class='ocr_par' dir='ltr' id='par_1_16' title="bbox 207 1368 1853 1453">
     <span class='ocr_line' id='line_1_16' title="bbox 207 1368 1853 1453; baseline 0.004 -30"><span class='ocrx_word' id='word_1_108' title='bbox 207 1368 416 1447; x_wconf 74' lang='grc' dir='ltr'><strong>ἀφιέναι</strong></span> <span class='ocrx_word' id='word_1_109' title='bbox 473 1371 753 1448; x_wconf 70' lang='grc' dir='ltr'><strong>ἁμαρτίαις,</strong></span> <span class='ocrx_word' id='word_1_110' title='bbox 813 1370 987 1449; x_wconf 81' lang='grc' dir='ltr'>ἀφανῆ</span> <span class='ocrx_word' id='word_1_111' title='bbox 1042 1374 1130 1428; x_wconf 88' lang='grc' dir='ltr'><strong>καὶ</strong></span> <span class='ocrx_word' id='word_1_112' title='bbox 1186 1371 1444 1438; x_wconf 78' lang='grc' dir='ltr'>ἀπόδειξιν</span> <span class='ocrx_word' id='word_1_113' title='bbox 1496 1374 1645 1453; x_wconf 71' lang='grc' dir='ltr'>εἶχε,</span> <span class='ocrx_word' id='word_1_114' title='bbox 1696 1374 1757 1429; x_wconf 83' lang='grc' dir='ltr'>τὸ</span> <span class='ocrx_word' id='word_1_115' title='bbox 1798 1368 1853 1428; x_wconf 77' lang='grc' dir='ltr'>δὲ</span> 
     </span>
    </p>
   </div>
   <div class='ocr_carea' id='block_1_17' title="bbox 204 1455 1854 1541">
    <p class='ocr_par' dir='ltr' id='par_1_17' title="bbox 204 1455 1854 1541">
     <span class='ocr_line' id='line_1_17' title="bbox 204 1455 1854 1541; baseline 0.004 -30"><span class='ocrx_word' id='word_1_116' title='bbox 204 1455 329 1512; x_wconf 88' lang='grc' dir='ltr'>κατ’</span> <span class='ocrx_word' id='word_1_117' title='bbox 380 1456 608 1521; x_wconf 82' lang='grc' dir='ltr'>ἐξουσίαν</span> <span class='ocrx_word' id='word_1_118' title='bbox 656 1457 858 1536; x_wconf 69' lang='grc' dir='ltr'>ἐγετραι</span> <span class='ocrx_word' id='word_1_119' title='bbox 902 1460 992 1514; x_wconf 83' lang='grc' dir='ltr'>τὸν</span> <span class='ocrx_word' id='word_1_120' title='bbox 1039 1458 1358 1541; x_wconf 80' lang='grc' dir='ltr'>παράλυτον,</span> <span class='ocrx_word' id='word_1_121' title='bbox 1408 1468 1634 1541; x_wconf 76' lang='grc' dir='ltr'>φανερᾶς</span> <span class='ocrx_word' id='word_1_122' title='bbox 1681 1459 1854 1517; x_wconf 74' lang='grc' dir='ltr'>ἐδεῖτο</span> 
     </span>
    </p>
   </div>
   <div class='ocr_carea' id='block_1_18' title="bbox 205 1543 1850 1628">
    <p class='ocr_par' dir='ltr' id='par_1_18' title="bbox 205 1543 1850 1628">
     <span class='ocr_line' id='line_1_18' title="bbox 205 1543 1850 1601; baseline 0.009 -41"><span class='ocrx_word' id='word_1_123' title='bbox 205 1546 362 1601; x_wconf 45' lang='grc' dir='ltr'><strong>τη,</strong></span> <span class='ocrx_word' id='word_1_124' title='bbox 452 1543 545 1585; x_wconf 56' lang='grc' dir='ltr'><strong>ηε</strong></span> <span class='ocrx_word' id='word_1_125' title='bbox 631 1568 649 1579; x_wconf 81' lang='lat'>_</span> <span class='ocrx_word' id='word_1_126' title='bbox 826 1546 851 1567; x_wconf 61' lang='grc' dir='ltr'><strong>,ς</strong></span> <span class='ocrx_word' id='word_1_127' title='bbox 939 1547 1021 1582; x_wconf 61' lang='grc' dir='ltr'>ρι</span> <span class='ocrx_word' id='word_1_128' title='bbox 1280 1550 1291 1566; x_wconf 62' lang='grc' dir='ltr'><strong><em>η</em></strong></span> <span class='ocrx_word' id='word_1_129' title='bbox 1448 1551 1468 1585; x_wconf 73' lang='lat'><strong><em>,</em></strong></span> <span class='ocrx_word' id='word_1_130' title='bbox 1830 1572 1850 1585; x_wconf 70' lang='grc'><strong>,</strong></span> 
     </span>
     <span class='ocr_line' id='line_1_19' title="bbox 245 1548 1849 1628; baseline 0.003 -27"><span class='ocrx_word' id='word_1_131' title='bbox 245 1569 309 1611; x_wconf 69' lang='grc' dir='ltr'><strong>η,</strong></span> <span class='ocrx_word' id='word_1_132' title='bbox 340 1566 674 1625; x_wconf 72' lang='grc' dir='ltr'>αποοε.ςεω,,</span> <span class='ocrx_word' id='word_1_133' title='bbox 705 1568 849 1603; x_wconf 89' lang='grc' dir='ltr'>ποιει</span> <span class='ocrx_word' id='word_1_134' title='bbox 904 1570 1066 1615; x_wconf 62' lang='grc' dir='ltr'>αδτην</span> <span class='ocrx_word' id='word_1_135' title='bbox 1113 1568 1335 1628; x_wconf 75' lang='grc' dir='ltr'>φανεραν</span> <span class='ocrx_word' id='word_1_136' title='bbox 1385 1548 1506 1624; x_wconf 55' lang='grc'>(34)</span> <span class='ocrx_word' id='word_1_137' title='bbox 1552 1552 1580 1606; x_wconf 99' lang='lat'><strong>6</strong></span> <span class='ocrx_word' id='word_1_138' title='bbox 1630 1551 1849 1628; x_wconf 69' lang='grc' dir='ltr'>Χριστὸς</span> 
     </span>
    </p>
   </div>
   <div class='ocr_carea' id='block_1_19' title="bbox 204 1631 1851 1716">
    <p class='ocr_par' dir='ltr' id='par_1_19' title="bbox 204 1631 1851 1716">
     <span class='ocr_line' id='line_1_20' title="bbox 204 1631 1851 1716; baseline 0.003 -28"><span class='ocrx_word' id='word_1_139' title='bbox 204 1635 492 1713; x_wconf 58' lang='grc' dir='ltr'>τεκμήριον</span> <span class='ocrx_word' id='word_1_140' title='bbox 539 1635 627 1690; x_wconf 86' lang='grc' dir='ltr'><strong>καὶ</strong></span> <span class='ocrx_word' id='word_1_141' title='bbox 674 1631 870 1712; x_wconf 68' lang='grc' dir='ltr'>δετγμα</span> <span class='ocrx_word' id='word_1_142' title='bbox 925 1641 1023 1702; x_wconf 80' lang='grc' dir='ltr'><strong>τῆς</strong></span> <span class='ocrx_word' id='word_1_143' title='bbox 1079 1636 1329 1716; x_wconf 64' lang='grc' dir='ltr'>ἀφανοῦς,</span> <span class='ocrx_word' id='word_1_144' title='bbox 1387 1640 1475 1694; x_wconf 87' lang='grc' dir='ltr'><strong>καὶ</strong></span> <span class='ocrx_word' id='word_1_145' title='bbox 1529 1635 1613 1693; x_wconf 81' lang='grc' dir='ltr'>διὰ</span> <span class='ocrx_word' id='word_1_146' title='bbox 1657 1639 1851 1704; x_wconf 87' lang='grc' dir='ltr'>ταύτης</span> 
     </span>
    </p>
   </div>
   <div class='ocr_carea' id='block_1_20' title="bbox 1937 486 3579 567">
    <p class='ocr_par' dir='ltr' id='par_1_20' title="bbox 1937 486 3579 567">
     <span class='ocr_line' id='line_1_21' title="bbox 1937 486 3579 567; baseline -0.001 -19"><span class='ocrx_word' id='word_1_147' title='bbox 1937 486 2371 549; x_wconf 80' lang='lat' dir='ltr'><strong>confessionem</strong></span> <span class='ocrx_word' id='word_1_148' title='bbox 2420 486 2751 567; x_wconf 82' lang='lat' dir='ltr'><strong>consequi:</strong></span> <span class='ocrx_word' id='word_1_149' title='bbox 2800 486 2999 548; x_wconf 91' lang='lat' dir='ltr'><strong>clausa</strong></span> <span class='ocrx_word' id='word_1_150' title='bbox 3029 493 3119 548; x_wconf 90' lang='lat' dir='ltr'><strong>est</strong></span> <span class='ocrx_word' id='word_1_151' title='bbox 3166 487 3325 548; x_wconf 91' lang='lat' dir='ltr'><strong>enim</strong></span> <span class='ocrx_word' id='word_1_152' title='bbox 3370 486 3579 565; x_wconf 89' lang='lat' dir='ltr'><strong>janua.</strong></span> 
     </span>
    </p>
   </div>
   <div class='ocr_carea' id='block_1_21' title="bbox 1944 573 3579 655">
    <p class='ocr_par' dir='ltr' id='par_1_21' title="bbox 1944 573 3579 655">
     <span class='ocr_line' id='line_1_22' title="bbox 1944 573 3579 655; baseline -0.001 -18"><span class='ocrx_word' id='word_1_153' title='bbox 1944 575 2104 637; x_wconf 88' lang='lat' dir='ltr'><strong>Tunc</strong></span> <span class='ocrx_word' id='word_1_154' title='bbox 2116 574 2259 637; x_wconf 81' lang='lat' dir='ltr'><strong>dicit</strong></span> <span class='ocrx_word' id='word_1_155' title='bbox 2271 573 2615 654; x_wconf 77' lang='lat' dir='ltr'><strong>pa-ralytico</strong></span> <span class='ocrx_word' id='word_1_156' title='bbox 2629 595 2648 633; x_wconf 89' lang='lat'><strong><em>:</em></strong></span> <span class='ocrx_word' id='word_1_157' title='bbox 2665 574 2886 655; x_wconf 84' lang='lat' dir='ltr'><strong>Surge,</strong></span> <span class='ocrx_word' id='word_1_158' title='bbox 2905 574 3044 637; x_wconf 64' lang='lat' dir='ltr'><strong>tolle</strong></span> <span class='ocrx_word' id='word_1_159' title='bbox 3062 577 3277 637; x_wconf 84' lang='lat' dir='ltr'><strong>lectum</strong></span> <span class='ocrx_word' id='word_1_160' title='bbox 3298 582 3492 649; x_wconf 85' lang='lat' dir='ltr'><strong>tuum,</strong></span> <span class='ocrx_word' id='word_1_161' title='bbox 3518 578 3579 636; x_wconf 87' lang='lat' dir='ltr'><strong>et</strong></span> 
     </span>
    </p>
   </div>
   <div class='ocr_carea' id='block_1_22' title="bbox 1933 660 3578 742">
    <p class='ocr_par' dir='ltr' id='par_1_22' title="bbox 1933 660 3578 742">
     <span class='ocr_line' id='line_1_23' title="bbox 1933 660 3578 742; baseline -0.001 -18"><span class='ocrx_word' id='word_1_162' title='bbox 1933 663 2083 724; x_wconf 82' lang='lat' dir='ltr'><strong>vade</strong></span> <span class='ocrx_word' id='word_1_163' title='bbox 2100 664 2164 724; x_wconf 76' lang='lat' dir='ltr'><strong>in</strong></span> <span class='ocrx_word' id='word_1_164' title='bbox 2180 661 2422 724; x_wconf 89' lang='lat' dir='ltr'><strong>domum</strong></span> <span class='ocrx_word' id='word_1_165' title='bbox 2445 668 2631 724; x_wconf 86' lang='lat' dir='ltr'><strong>tuam.</strong></span> <span class='ocrx_word' id='word_1_166' title='bbox 2662 660 2948 733; x_wconf 86' lang='lat' dir='ltr'><strong>Quoniam</strong></span> <span class='ocrx_word' id='word_1_167' title='bbox 2967 670 3346 742; x_wconf 82' lang='lat' dir='ltr'><strong>peccatorum</strong></span> <span class='ocrx_word' id='word_1_168' title='bbox 3364 660 3578 723; x_wconf 86' lang='lat' dir='ltr'><strong>remis-</strong></span> 
     </span>
    </p>
   </div>
   <div class='ocr_carea' id='block_1_23' title="bbox 1936 749 3581 831">
    <p class='ocr_par' dir='ltr' id='par_1_23' title="bbox 1936 749 3581 831">
     <span class='ocr_line' id='line_1_24' title="bbox 1936 749 3581 831; baseline -0.002 -19"><span class='ocrx_word' id='word_1_169' title='bbox 1936 750 2021 812; x_wconf 92' lang='lat' dir='ltr'><strong>sio</strong></span> <span class='ocrx_word' id='word_1_170' title='bbox 2046 750 2296 812; x_wconf 85' lang='lat' dir='ltr'><strong>obscure</strong></span> <span class='ocrx_word' id='word_1_171' title='bbox 2320 749 2781 826; x_wconf 74' lang='lat' dir='ltr'><strong>monstrabatur,</strong></span> <span class='ocrx_word' id='word_1_172' title='bbox 2809 750 3111 831; x_wconf 80' lang='lat' dir='ltr'><strong>paralytici</strong></span> <span class='ocrx_word' id='word_1_173' title='bbox 3141 758 3338 812; x_wconf 88' lang='lat' dir='ltr'><strong>autem</strong></span> <span class='ocrx_word' id='word_1_174' title='bbox 3359 750 3581 811; x_wconf 88' lang='lat' dir='ltr'><strong>erectio</strong></span> 
     </span>
    </p>
   </div>
   <div class='ocr_carea' id='block_1_24' title="bbox 1936 837 3581 918">
    <p class='ocr_par' dir='ltr' id='par_1_24' title="bbox 1936 837 3581 918">
     <span class='ocr_line' id='line_1_25' title="bbox 1936 837 3581 918; baseline -0.001 -18"><span class='ocrx_word' id='word_1_175' title='bbox 1936 858 2054 900; x_wconf 93' lang='lat' dir='ltr'><strong>non</strong></span> <span class='ocrx_word' id='word_1_176' title='bbox 2090 846 2317 918; x_wconf 91' lang='lat' dir='ltr'><strong>poterat</strong></span> <span class='ocrx_word' id='word_1_177' title='bbox 2347 837 2463 899; x_wconf 90' lang='lat' dir='ltr'><strong>nisi</strong></span> <span class='ocrx_word' id='word_1_178' title='bbox 2496 838 2805 899; x_wconf 81' lang='lat' dir='ltr'><strong>manifeste</strong></span> <span class='ocrx_word' id='word_1_179' title='bbox 2837 839 2992 914; x_wconf 86' lang='lat' dir='ltr'><strong>fieri,</strong></span> <span class='ocrx_word' id='word_1_180' title='bbox 3023 839 3173 899; x_wconf 88' lang='lat' dir='ltr'><strong>hanc</strong></span> <span class='ocrx_word' id='word_1_181' title='bbox 3209 837 3581 899; x_wconf 79' lang='lat' dir='ltr'><strong>manifestam</strong></span> 
     </span>
    </p>
   </div>
   <div class='ocr_carea' id='block_1_25' title="bbox 1938 923 3586 1008">
    <p class='ocr_par' dir='ltr' id='par_1_25' title="bbox 1938 923 3586 1008">
     <span class='ocr_line' id='line_1_26' title="bbox 1938 923 3586 1008; baseline -0.002 -20"><span class='ocrx_word' id='word_1_182' title='bbox 1938 936 2215 1008; x_wconf 82' lang='lat' dir='ltr'><strong>operatur</strong></span> <span class='ocrx_word' id='word_1_183' title='bbox 2260 925 2553 1000; x_wconf 87' lang='lat' dir='ltr'><strong>Christus,</strong></span> <span class='ocrx_word' id='word_1_184' title='bbox 2600 925 2919 989; x_wconf 89' lang='lat' dir='ltr'><strong>invisibilis</strong></span> <span class='ocrx_word' id='word_1_185' title='bbox 2971 926 3376 989; x_wconf 89' lang='lat' dir='ltr'><strong>testimonium</strong></span> <span class='ocrx_word' id='word_1_186' title='bbox 3430 933 3489 987; x_wconf 89' lang='lat' dir='ltr'><strong>et</strong></span> <span class='ocrx_word' id='word_1_187' title='bbox 3534 923 3586 986; x_wconf 88' lang='lat' dir='ltr'><strong>si</strong></span> 
     </span>
    </p>
   </div>
   <div class='ocr_carea' id='block_1_26' title="bbox 1935 1013 3581 1096">
    <p class='ocr_par' dir='ltr' id='par_1_26' title="bbox 1935 1013 3581 1096">
     <span class='ocr_line' id='line_1_27' title="bbox 1935 1013 3581 1096; baseline -0.001 -20"><span class='ocrx_word' id='word_1_188' title='bbox 1935 1035 2115 1094; x_wconf 88' lang='lat' dir='ltr'><strong>gnum</strong></span> <span class='ocrx_word' id='word_1_189' title='bbox 2149 1037 2163 1093; x_wconf 91' lang='lat'><strong>;</strong></span> <span class='ocrx_word' id='word_1_190' title='bbox 2197 1024 2255 1077; x_wconf 92' lang='lat' dir='ltr'><strong>et</strong></span> <span class='ocrx_word' id='word_1_191' title='bbox 2288 1034 2393 1096; x_wconf 92' lang='lat' dir='ltr'><strong>per</strong></span> <span class='ocrx_word' id='word_1_192' title='bbox 2424 1016 2577 1077; x_wconf 90' lang='lat' dir='ltr'><strong>hanc</strong></span> <span class='ocrx_word' id='word_1_193' title='bbox 2612 1015 2983 1077; x_wconf 86' lang='lat' dir='ltr'><strong>manifestam</strong></span> <span class='ocrx_word' id='word_1_194' title='bbox 3007 1013 3581 1077; x_wconf 86' lang='lat' dir='ltr'><strong>demonstrationem</strong></span> 
     </span>
    </p>
   </div>
   <div class='ocr_carea' id='block_1_27' title="bbox 1935 1100 3578 1191">
    <p class='ocr_par' dir='ltr' id='par_1_27' title="bbox 1935 1100 3578 1191">
     <span class='ocr_line' id='line_1_28' title="bbox 1935 1100 3578 1191; baseline -0.003 -25"><span class='ocrx_word' id='word_1_195' title='bbox 1935 1108 2010 1166; x_wconf 93' lang='lat' dir='ltr'><strong>de</strong></span> <span class='ocrx_word' id='word_1_196' title='bbox 2040 1105 2141 1191; x_wconf 84' lang='lat' dir='ltr'><strong>illa</strong></span> <span class='ocrx_word' id='word_1_197' title='bbox 2168 1106 2403 1185; x_wconf 81' lang='lat' dir='ltr'><strong>quoque</strong></span> <span class='ocrx_word' id='word_1_198' title='bbox 2434 1104 2773 1183; x_wconf 84' lang='lat' dir='ltr'><strong>persuadet,</strong></span> <span class='ocrx_word' id='word_1_199' title='bbox 2829 1122 2964 1165; x_wconf 89' lang='lat' dir='ltr'><strong>eum</strong></span> <span class='ocrx_word' id='word_1_200' title='bbox 3014 1103 3118 1181; x_wconf 91' lang='lat' dir='ltr'><strong>qui</strong></span> <span class='ocrx_word' id='word_1_201' title='bbox 3169 1103 3336 1184; x_wconf 89' lang='lat' dir='ltr'><strong>prius</strong></span> <span class='ocrx_word' id='word_1_202' title='bbox 3368 1100 3578 1191; x_wconf 87' lang='lat' dir='ltr'><strong>potuit,</strong></span> 
     </span>
    </p>
   </div>
   <div class='ocr_carea' id='block_1_28' title="bbox 1934 1189 3578 1274">
    <p class='ocr_par' dir='ltr' id='par_1_28' title="bbox 1934 1189 3578 1274">
     <span class='ocr_line' id='line_1_29' title="bbox 1934 1189 3578 1274; baseline -0.002 -20"><span class='ocrx_word' id='word_1_203' title='bbox 1934 1189 2112 1274; x_wconf 79' lang='lat' dir='ltr'><strong>poese</strong></span> <span class='ocrx_word' id='word_1_204' title='bbox 2144 1203 2201 1255; x_wconf 90' lang='lat' dir='ltr'><strong>et</strong></span> <span class='ocrx_word' id='word_1_205' title='bbox 2230 1193 2546 1273; x_wconf 90' lang='lat' dir='ltr'><strong>posterius.</strong></span> <span class='ocrx_word' id='word_1_206' title='bbox 2594 1192 2685 1254; x_wconf 82' lang='lat' dir='ltr'><strong>Ad</strong></span> <span class='ocrx_word' id='word_1_207' title='bbox 2734 1191 3210 1253; x_wconf 85' lang='lat' dir='ltr'><strong>conﬁrmandum</strong></span> <span class='ocrx_word' id='word_1_208' title='bbox 3245 1198 3304 1252; x_wconf 87' lang='lat' dir='ltr'><strong>et</strong></span> <span class='ocrx_word' id='word_1_209' title='bbox 3335 1189 3578 1253; x_wconf 86' lang='lat' dir='ltr'><strong>convin-</strong></span> 
     </span>
    </p>
   </div>
   <div class='ocr_carea' id='block_1_29' title="bbox 1933 1277 3583 1361">
    <p class='ocr_par' dir='ltr' id='par_1_29' title="bbox 1933 1277 3583 1361">
     <span class='ocr_line' id='line_1_30' title="bbox 1933 1277 3583 1361; baseline -0.002 -19"><span class='ocrx_word' id='word_1_210' title='bbox 1933 1283 2190 1343; x_wconf 82' lang='lat' dir='ltr'><strong>cendum</strong></span> <span class='ocrx_word' id='word_1_211' title='bbox 2245 1280 2547 1361; x_wconf 78' lang='lat' dir='ltr'><strong>paralytici</strong></span> <span class='ocrx_word' id='word_1_212' title='bbox 2591 1298 2810 1361; x_wconf 91' lang='lat' dir='ltr'><strong>corpus</strong></span> <span class='ocrx_word' id='word_1_213' title='bbox 2861 1280 3185 1342; x_wconf 90' lang='lat' dir='ltr'><strong>coercitum</strong></span> <span class='ocrx_word' id='word_1_214' title='bbox 3219 1296 3371 1344; x_wconf 79' lang='lat' dir='ltr'><strong>esse.</strong></span> <span class='ocrx_word' id='word_1_215' title='bbox 3404 1277 3583 1357; x_wconf 87' lang='lat' dir='ltr'><strong>jubet</strong></span> 
     </span>
    </p>
   </div>
   <div class='ocr_carea' id='block_1_30' title="bbox 1936 1365 3589 1449">
    <p class='ocr_par' dir='ltr' id='par_1_30' title="bbox 1936 1365 3589 1449">
     <span class='ocr_line' id='line_1_31' title="bbox 1936 1365 3589 1449; baseline -0.004 -19"><span class='ocrx_word' id='word_1_216' title='bbox 1936 1388 2068 1431; x_wconf 92' lang='lat' dir='ltr'><strong>eum</strong></span> <span class='ocrx_word' id='word_1_217' title='bbox 2084 1369 2426 1449; x_wconf 81' lang='lat' dir='ltr'><strong>grahbatum</strong></span> <span class='ocrx_word' id='word_1_218' title='bbox 2450 1368 2679 1442; x_wconf 90' lang='lat' dir='ltr'><strong>tollere,</strong></span> <span class='ocrx_word' id='word_1_219' title='bbox 2702 1366 3265 1448; x_wconf 65' lang='lat' dir='ltr'><strong>neillusioquaadam</strong></span> <span class='ocrx_word' id='word_1_220' title='bbox 3277 1365 3589 1427; x_wconf 77' lang='lat' dir='ltr'><strong>videretur</strong></span> 
     </span>
    </p>
   </div>
   <div class='ocr_carea' id='block_1_31' title="bbox 1936 1453 3583 1537">
    <p class='ocr_par' dir='ltr' id='par_1_31' title="bbox 1936 1453 3583 1537">
     <span class='ocr_line' id='line_1_32' title="bbox 1936 1453 3583 1537; baseline -0.003 -20"><span class='ocrx_word' id='word_1_221' title='bbox 1936 1458 2091 1537; x_wconf 86' lang='lat' dir='ltr'><strong>quod</strong></span> <span class='ocrx_word' id='word_1_222' title='bbox 2115 1457 2328 1517; x_wconf 83' lang='lat' dir='ltr'><strong>factum</strong></span> <span class='ocrx_word' id='word_1_223' title='bbox 2352 1456 2559 1519; x_wconf 88' lang='lat' dir='ltr'><strong>fuerat.</strong></span> <span class='ocrx_word' id='word_1_224' title='bbox 2581 1456 2852 1519; x_wconf 81' lang='lat' dir='ltr'><strong>Remittit</strong></span> <span class='ocrx_word' id='word_1_225' title='bbox 2882 1463 3077 1517; x_wconf 90' lang='lat' dir='ltr'><strong>autem</strong></span> <span class='ocrx_word' id='word_1_226' title='bbox 3102 1455 3485 1535; x_wconf 83' lang='lat' dir='ltr'><strong>paralyticum</strong></span> <span class='ocrx_word' id='word_1_227' title='bbox 3518 1453 3583 1513; x_wconf 89' lang='lat' dir='ltr'><strong>in</strong></span> 
     </span>
    </p>
   </div>
   <div class='ocr_carea' id='block_1_32' title="bbox 1936 1545 3588 1625">
    <p class='ocr_par' dir='ltr' id='par_1_32' title="bbox 1936 1545 3588 1625">
     <span class='ocr_line' id='line_1_33' title="bbox 1936 1545 3588 1625; baseline -0.004 -17"><span class='ocrx_word' id='word_1_228' title='bbox 1936 1547 2176 1608; x_wconf 92' lang='lat' dir='ltr'><strong>domum</strong></span> <span class='ocrx_word' id='word_1_229' title='bbox 2199 1564 2363 1607; x_wconf 92' lang='lat' dir='ltr'><strong>suam</strong></span> <span class='ocrx_word' id='word_1_230' title='bbox 2392 1545 2704 1622; x_wconf 88' lang='lat' dir='ltr'><strong>Dominus,</strong></span> <span class='ocrx_word' id='word_1_231' title='bbox 2727 1545 2916 1625; x_wconf 92' lang='lat' dir='ltr'><strong>primo</strong></span> <span class='ocrx_word' id='word_1_232' title='bbox 2939 1545 3206 1625; x_wconf 85' lang='lat' dir='ltr'><strong>quidem,</strong></span> <span class='ocrx_word' id='word_1_233' title='bbox 3222 1562 3298 1606; x_wconf 91' lang='lat' dir='ltr'><strong>ne</strong></span> <span class='ocrx_word' id='word_1_234' title='bbox 3319 1559 3588 1623; x_wconf 70' lang='lat' dir='ltr'><strong>praesens</strong></span> 
     </span>
    </p>
   </div>
   <div class='ocr_carea' id='block_1_33' title="bbox 1938 1631 3592 1715">
    <p class='ocr_par' dir='ltr' id='par_1_33' title="bbox 1938 1631 3592 1715">
     <span class='ocr_line' id='line_1_34' title="bbox 1938 1631 3592 1715; baseline -0.003 -20"><span class='ocrx_word' id='word_1_235' title='bbox 1938 1643 1995 1696; x_wconf 89' lang='lat' dir='ltr'><strong>et</strong></span> <span class='ocrx_word' id='word_1_236' title='bbox 2014 1643 2289 1715; x_wconf 85' lang='lat' dir='ltr'><strong>aspectus</strong></span> <span class='ocrx_word' id='word_1_237' title='bbox 2314 1633 2550 1695; x_wconf 89' lang='lat' dir='ltr'><strong>laudem</strong></span> <span class='ocrx_word' id='word_1_238' title='bbox 2574 1633 2689 1714; x_wconf 91' lang='lat' dir='ltr'><strong>ipsi</strong></span> <span class='ocrx_word' id='word_1_239' title='bbox 2713 1634 2938 1695; x_wconf 87' lang='lat' dir='ltr'><strong>faceret</strong></span> <span class='ocrx_word' id='word_1_240' title='bbox 2963 1650 2978 1708; x_wconf 91' lang='lat'>;</span> <span class='ocrx_word' id='word_1_241' title='bbox 3005 1632 3225 1695; x_wconf 89' lang='lat' dir='ltr'><strong>deinde</strong></span> <span class='ocrx_word' id='word_1_242' title='bbox 3248 1641 3312 1694; x_wconf 88' lang='lat' dir='ltr'><strong>ut</strong></span> <span class='ocrx_word' id='word_1_243' title='bbox 3340 1631 3592 1694; x_wconf 89' lang='lat' dir='ltr'><strong>haberet</strong></span> 
     </span>
    </p>
   </div>
   <div class='ocr_carea' id='block_1_34' title="bbox 207 1719 1857 1807">
    <p class='ocr_par' dir='ltr' id='par_1_34' title="bbox 207 1719 1850 1807">
     <span class='ocr_line' id='line_1_35' title="bbox 207 1719 1850 1807; baseline 0.004 -31"><span class='ocrx_word' id='word_1_244' title='bbox 207 1725 313 1787; x_wconf 80' lang='grc' dir='ltr'>τῆς</span> <span class='ocrx_word' id='word_1_245' title='bbox 367 1727 590 1800; x_wconf 74' lang='grc' dir='ltr'>φανερᾶς</span> <span class='ocrx_word' id='word_1_246' title='bbox 634 1719 937 1787; x_wconf 83' lang='grc' dir='ltr'>ἐποδείξεως</span> <span class='ocrx_word' id='word_1_247' title='bbox 993 1725 1082 1779; x_wconf 85' lang='grc' dir='ltr'><strong>καὶ</strong></span> <span class='ocrx_word' id='word_1_248' title='bbox 1139 1724 1256 1803; x_wconf 79' lang='grc' dir='ltr'>περί</span> <span class='ocrx_word' id='word_1_249' title='bbox 1310 1724 1513 1792; x_wconf 77' lang='grc' dir='ltr'>ἐκείνης</span> <span class='ocrx_word' id='word_1_250' title='bbox 1570 1724 1850 1807; x_wconf 80' lang='grc' dir='ltr'>πληροφο-</span> 
     </span>
    </p>
   </div>
   <div class='ocr_carea' id='block_1_35' title="bbox 1944 1719 3589 1807">
    <p class='ocr_par' dir='ltr' id='par_1_35' title="bbox 1944 1721 3589 1801">
     <span class='ocr_line' id='line_1_36' title="bbox 1944 1721 3589 1801; baseline -0.003 -16"><span class='ocrx_word' id='word_1_251' title='bbox 1944 1723 2266 1785; x_wconf 88' lang='lat' dir='ltr'><strong>sanationis</strong></span> <span class='ocrx_word' id='word_1_252' title='bbox 2298 1722 2757 1784; x_wconf 90' lang='lat' dir='ltr'><strong>indeclinabiles</strong></span> <span class='ocrx_word' id='word_1_253' title='bbox 2789 1731 2993 1797; x_wconf 88' lang='lat' dir='ltr'><strong>testes,</strong></span> <span class='ocrx_word' id='word_1_254' title='bbox 3050 1740 3152 1784; x_wconf 83' lang='lat' dir='ltr'><strong>eos</strong></span> <span class='ocrx_word' id='word_1_255' title='bbox 3180 1721 3344 1801; x_wconf 91' lang='lat' dir='ltr'><strong>ipsos</strong></span> <span class='ocrx_word' id='word_1_256' title='bbox 3374 1736 3589 1799; x_wconf 88' lang='lat' dir='ltr'><strong>nempe</strong></span> 
     </span>
    </p>
   </div>
   <div class='ocr_carea' id='block_1_36' title="bbox 210 1809 1853 1889">
    <p class='ocr_par' dir='ltr' id='par_1_36' title="bbox 210 1809 1853 1889">
     <span class='ocr_line' id='line_1_37' title="bbox 384 1809 1811 1845; baseline 0.003 -16"><span class='ocrx_word' id='word_1_257' title='bbox 384 1809 441 1843; x_wconf 60' lang='grc' dir='ltr'>η,</span> <span class='ocrx_word' id='word_1_258' title='bbox 664 1816 686 1826; x_wconf 66' lang='grc' dir='ltr'><strong>ε-</strong></span> <span class='ocrx_word' id='word_1_259' title='bbox 815 1809 835 1829; x_wconf 65' lang='lat' dir='ltr'><strong>a</strong></span> <span class='ocrx_word' id='word_1_260' title='bbox 1018 1834 1036 1844; x_wconf 56' lang='lat'><em>‘</em></span> <span class='ocrx_word' id='word_1_261' title='bbox 1123 1810 1171 1835; x_wconf 63' lang='grc' dir='ltr'>αι</span> <span class='ocrx_word' id='word_1_262' title='bbox 1437 1813 1451 1833; x_wconf 70' lang='lat'><strong>9</strong></span> <span class='ocrx_word' id='word_1_263' title='bbox 1648 1831 1662 1845; x_wconf 61' lang='grc'><strong>,</strong></span> <span class='ocrx_word' id='word_1_264' title='bbox 1799 1817 1811 1832; x_wconf 72' lang='grc' dir='ltr'>ι</span> 
     </span>
     <span class='ocr_line' id='line_1_38' title="bbox 210 1812 1853 1889; baseline 0.004 -24"><span class='ocrx_word' id='word_1_265' title='bbox 210 1822 320 1889; x_wconf 77' lang='grc' dir='ltr'>ρετ,</span> <span class='ocrx_word' id='word_1_266' title='bbox 382 1831 460 1865; x_wconf 76' lang='grc' dir='ltr'><strong>ο..ι</strong></span> <span class='ocrx_word' id='word_1_267' title='bbox 517 1812 545 1866; x_wconf 92' lang='lat'><strong>6</strong></span> <span class='ocrx_word' id='word_1_268' title='bbox 599 1832 752 1867; x_wconf 91' lang='grc' dir='ltr'>τουτο</span> <span class='ocrx_word' id='word_1_269' title='bbox 808 1813 1060 1885; x_wconf 65' lang='grc' dir='ltr'>δυνηθεὶς,</span> <span class='ocrx_word' id='word_1_270' title='bbox 1118 1833 1327 1869; x_wconf 91' lang='grc' dir='ltr'>ουναται</span> <span class='ocrx_word' id='word_1_271' title='bbox 1392 1827 1612 1871; x_wconf 72' lang='grc' dir='ltr'>κακεῖνο</span> <span class='ocrx_word' id='word_1_272' title='bbox 1722 1837 1853 1878; x_wconf 89' lang='grc' dir='ltr'>ποος</span> 
     </span>
    </p>
   </div>
   <div class='ocr_carea' id='block_1_37' title="bbox 210 1894 1855 1981">
    <p class='ocr_par' dir='ltr' id='par_1_37' title="bbox 210 1894 1855 1981">
     <span class='ocr_line' id='line_1_39' title="bbox 210 1894 1855 1981; baseline 0.003 -28"><span class='ocrx_word' id='word_1_273' title='bbox 210 1894 492 1975; x_wconf 71' lang='grc' dir='ltr'>βεϐαίωσιν</span> <span class='ocrx_word' id='word_1_274' title='bbox 542 1895 597 1953; x_wconf 76' lang='grc' dir='ltr'>δὲ</span> <span class='ocrx_word' id='word_1_275' title='bbox 663 1901 751 1955; x_wconf 89' lang='grc' dir='ltr'><strong>καὶ</strong></span> <span class='ocrx_word' id='word_1_276' title='bbox 820 1898 1177 1979; x_wconf 73' lang='grc' dir='ltr'>πληροφορίαν</span> <span class='ocrx_word' id='word_1_277' title='bbox 1226 1906 1324 1968; x_wconf 79' lang='grc' dir='ltr'><strong>τῆς</strong></span> <span class='ocrx_word' id='word_1_278' title='bbox 1386 1900 1706 1981; x_wconf 72' lang='grc' dir='ltr'>συσφίγξεως</span> <span class='ocrx_word' id='word_1_279' title='bbox 1763 1910 1855 1959; x_wconf 79' lang='grc' dir='ltr'><strong>τοῦ</strong></span> 
     </span>
    </p>
   </div>
   <div class='ocr_carea' id='block_1_38' title="bbox 210 1986 1856 2069">
    <p class='ocr_par' dir='ltr' id='par_1_38' title="bbox 210 1986 1856 2069">
     <span class='ocr_line' id='line_1_40' title="bbox 210 1986 1856 2069; baseline 0.003 -27"><span class='ocrx_word' id='word_1_280' title='bbox 210 1986 528 2065; x_wconf 73' lang='grc' dir='ltr'>παρειμένου</span> <span class='ocrx_word' id='word_1_281' title='bbox 597 1987 868 2066; x_wconf 85' lang='grc' dir='ltr'>σώματος,</span> <span class='ocrx_word' id='word_1_282' title='bbox 940 1986 1208 2043; x_wconf 71' lang='grc' dir='ltr'>ἐκέλευσεν</span> <span class='ocrx_word' id='word_1_283' title='bbox 1280 1989 1398 2068; x_wconf 87' lang='grc' dir='ltr'>ἆραι</span> <span class='ocrx_word' id='word_1_284' title='bbox 1467 1992 1556 2045; x_wconf 84' lang='grc' dir='ltr'>τὸν</span> <span class='ocrx_word' id='word_1_285' title='bbox 1628 1988 1856 2069; x_wconf 74' lang='grc' dir='ltr'>κράϐϐα-</span> 
     </span>
    </p>
   </div>
   <div class='ocr_carea' id='block_1_39' title="bbox 214 2072 1851 2156">
    <p class='ocr_par' dir='ltr' id='par_1_39' title="bbox 214 2072 1851 2156">
     <span class='ocr_line' id='line_1_41' title="bbox 214 2072 1851 2156; baseline 0.002 -26"><span class='ocrx_word' id='word_1_286' title='bbox 214 2096 306 2130; x_wconf 89' lang='grc' dir='ltr'><strong>τον</strong></span> <span class='ocrx_word' id='word_1_287' title='bbox 373 2074 465 2132; x_wconf 73' lang='grc' dir='ltr'>’ίνα</span> <span class='ocrx_word' id='word_1_288' title='bbox 536 2075 613 2150; x_wconf 77' lang='grc' dir='ltr'>μὴ</span> <span class='ocrx_word' id='word_1_289' title='bbox 678 2072 799 2151; x_wconf 79' lang='grc' dir='ltr'>δόξῃ</span> <span class='ocrx_word' id='word_1_290' title='bbox 873 2078 1127 2154; x_wconf 76' lang='grc' dir='ltr'>φαντασία</span> <span class='ocrx_word' id='word_1_291' title='bbox 1195 2098 1274 2140; x_wconf 91' lang='grc' dir='ltr'>τις</span> <span class='ocrx_word' id='word_1_292' title='bbox 1344 2079 1405 2133; x_wconf 81' lang='grc' dir='ltr'>τὸ</span> <span class='ocrx_word' id='word_1_293' title='bbox 1474 2077 1851 2156; x_wconf 76' lang='grc' dir='ltr'>γεγενημένον,</span> 
     </span>
    </p>
   </div>
   <div class='ocr_carea' id='block_1_40' title="bbox 1936 1809 3591 1891">
    <p class='ocr_par' dir='ltr' id='par_1_40' title="bbox 1936 1809 3591 1891">
     <span class='ocr_line' id='line_1_42' title="bbox 1936 1809 3591 1891; baseline -0.002 -20"><span class='ocrx_word' id='word_1_294' title='bbox 1936 1812 2038 1891; x_wconf 89' lang='lat' dir='ltr'><strong>qui</strong></span> <span class='ocrx_word' id='word_1_295' title='bbox 2071 1830 2206 1873; x_wconf 90' lang='lat' dir='ltr'><strong>eum</strong></span> <span class='ocrx_word' id='word_1_296' title='bbox 2236 1810 2589 1872; x_wconf 88' lang='lat' dir='ltr'><strong>dimiserant</strong></span> <span class='ocrx_word' id='word_1_297' title='bbox 2619 1818 2679 1872; x_wconf 91' lang='lat' dir='ltr'><strong>et</strong></span> <span class='ocrx_word' id='word_1_298' title='bbox 2709 1810 2901 1871; x_wconf 90' lang='lat' dir='ltr'><strong>morbi</strong></span> <span class='ocrx_word' id='word_1_299' title='bbox 2931 1818 3112 1873; x_wconf 90' lang='lat' dir='ltr'><strong>testes</strong></span> <span class='ocrx_word' id='word_1_300' title='bbox 3128 1809 3388 1890; x_wconf 89' lang='lat' dir='ltr'><strong>fuerant,</strong></span> <span class='ocrx_word' id='word_1_301' title='bbox 3409 1816 3591 1889; x_wconf 85' lang='lat' dir='ltr'><strong>utque</strong></span> 
     </span>
    </p>
   </div>
   <div class='ocr_carea' id='block_1_41' title="bbox 1937 1897 3590 1961">
    <p class='ocr_par' dir='ltr' id='par_1_41' title="bbox 1937 1897 3590 1961">
     <span class='ocr_line' id='line_1_43' title="bbox 1937 1897 3590 1961; baseline -0.002 -1"><span class='ocrx_word' id='word_1_302' title='bbox 1937 1900 2013 1961; x_wconf 84' lang='lat' dir='ltr'><strong>iis</strong></span> <span class='ocrx_word' id='word_1_303' title='bbox 2072 1900 2211 1961; x_wconf 79' lang='lat' dir='ltr'><strong>fidei</strong></span> <span class='ocrx_word' id='word_1_304' title='bbox 2266 1898 2726 1961; x_wconf 89' lang='lat' dir='ltr'><strong>incitamentum</strong></span> <span class='ocrx_word' id='word_1_305' title='bbox 2785 1899 2979 1961; x_wconf 82' lang='lat' dir='ltr'><strong>fieret.</strong></span> <span class='ocrx_word' id='word_1_306' title='bbox 3045 1897 3329 1961; x_wconf 77' lang='lat' dir='ltr'><strong>Videnles</strong></span> <span class='ocrx_word' id='word_1_307' title='bbox 3383 1904 3590 1960; x_wconf 86' lang='lat' dir='ltr'><strong>autem</strong></span> 
     </span>
    </p>
   </div>
   <div class='ocr_carea' id='block_1_42' title="bbox 1939 1986 3590 2067">
    <p class='ocr_par' dir='ltr' id='par_1_42' title="bbox 1939 1986 3590 2067">
     <span class='ocr_line' id='line_1_44' title="bbox 1939 1986 3590 2067; baseline -0.001 -16"><span class='ocrx_word' id='word_1_308' title='bbox 1939 1988 2131 2051; x_wconf 72' lang='lat' dir='ltr'><strong>turba:</strong></span> <span class='ocrx_word' id='word_1_309' title='bbox 2159 1992 2397 2049; x_wconf 61' lang='lat' dir='ltr'><strong>miram</strong></span> <span class='ocrx_word' id='word_1_310' title='bbox 2424 1994 2590 2061; x_wconf 84' lang='lat' dir='ltr'><strong>sunt,</strong></span> <span class='ocrx_word' id='word_1_311' title='bbox 2622 1994 2679 2049; x_wconf 86' lang='lat' dir='ltr'><strong>et</strong></span> <span class='ocrx_word' id='word_1_312' title='bbox 2736 1986 3236 2067; x_wconf 74' lang='lat' dir='ltr'><strong>gloriﬁcaverunt</strong></span> <span class='ocrx_word' id='word_1_313' title='bbox 3262 1986 3456 2049; x_wconf 85' lang='lat' dir='ltr'><strong>Deum</strong></span> <span class='ocrx_word' id='word_1_314' title='bbox 3481 1989 3590 2066; x_wconf 81' lang='lat' dir='ltr'><strong>qui</strong></span> 
     </span>
    </p>
   </div>
   <div class='ocr_carea' id='block_1_43' title="bbox 1938 2075 3099 2156">
    <p class='ocr_par' dir='ltr' id='par_1_43' title="bbox 1938 2075 3099 2156">
     <span class='ocr_line' id='line_1_45' title="bbox 1938 2075 3099 2156; baseline -0.001 -16"><span class='ocrx_word' id='word_1_315' title='bbox 1938 2077 2105 2140; x_wconf 80' lang='lat' dir='ltr'><strong>dedit</strong></span> <span class='ocrx_word' id='word_1_316' title='bbox 2132 2083 2482 2156; x_wconf 83' lang='lat' dir='ltr'><strong>potestatem</strong></span> <span class='ocrx_word' id='word_1_317' title='bbox 2511 2079 2696 2140; x_wconf 84' lang='lat' dir='ltr'><strong>talem</strong></span> <span class='ocrx_word' id='word_1_318' title='bbox 2723 2075 3099 2139; x_wconf 78' lang='lat' dir='ltr'><strong>hominibus.</strong></span> 
     </span>
    </p>
   </div>
   <div class='ocr_carea' id='block_1_44' title="bbox 220 2160 3587 2246">
    <p class='ocr_par' dir='ltr' id='par_1_44' title="bbox 220 2160 3587 2246">
     <span class='ocr_line' id='line_1_46' title="bbox 220 2160 3587 2246; baseline 0.001 -28"><span class='ocrx_word' id='word_1_319' title='bbox 220 2160 561 2219; x_wconf 77' lang='grc' dir='ltr'>Ἀποστέλλει</span> <span class='ocrx_word' id='word_1_320' title='bbox 607 2160 662 2218; x_wconf 78' lang='grc' dir='ltr'>δὲ</span> <span class='ocrx_word' id='word_1_321' title='bbox 718 2165 810 2219; x_wconf 81' lang='grc' dir='ltr'><strong>τὸν</strong></span> <span class='ocrx_word' id='word_1_322' title='bbox 865 2163 1161 2243; x_wconf 89' lang='grc' dir='ltr'>παράλυτον</span> <span class='ocrx_word' id='word_1_323' title='bbox 1222 2167 1293 2229; x_wconf 84' lang='grc' dir='ltr'><strong>εἷς</strong></span> <span class='ocrx_word' id='word_1_324' title='bbox 1349 2166 1439 2222; x_wconf 89' lang='grc' dir='ltr'>τόν</span> <span class='ocrx_word' id='word_1_325' title='bbox 1496 2168 1648 2223; x_wconf 76' lang='grc' dir='ltr'>οἶκον</span> <span class='ocrx_word' id='word_1_326' title='bbox 1700 2167 1857 2226; x_wconf 74' lang='grc' dir='ltr'>αὐτοῦ</span> <span class='ocrx_word' id='word_1_327' title='bbox 1897 2170 1925 2224; x_wconf 91' lang='lat'><strong>6</strong></span> <span class='ocrx_word' id='word_1_328' title='bbox 1989 2168 2199 2246; x_wconf 82' lang='grc' dir='ltr'>Κύριος,</span> <span class='ocrx_word' id='word_1_329' title='bbox 2272 2177 2424 2227; x_wconf 79' lang='grc' dir='ltr'>τοῦτο</span> <span class='ocrx_word' id='word_1_330' title='bbox 2484 2167 2603 2242; x_wconf 78' lang='grc' dir='ltr'>μὲν,</span> <span class='ocrx_word' id='word_1_331' title='bbox 2662 2166 2753 2223; x_wconf 71' lang='grc' dir='ltr'>’ίνα</span> <span class='ocrx_word' id='word_1_332' title='bbox 2804 2168 2881 2243; x_wconf 82' lang='grc' dir='ltr'><strong>μὴ</strong></span> <span class='ocrx_word' id='word_1_333' title='bbox 2928 2168 3107 2246; x_wconf 87' lang='grc' dir='ltr'>παρὼν</span> <span class='ocrx_word' id='word_1_334' title='bbox 3158 2167 3244 2223; x_wconf 84' lang='grc' dir='ltr'><strong>καὶ</strong></span> <span class='ocrx_word' id='word_1_335' title='bbox 3298 2165 3587 2245; x_wconf 80' lang='grc' dir='ltr'>ὁρώμενος,</span> 
     </span>
    </p>
   </div>
   <div class='ocr_carea' id='block_1_45' title="bbox 214 2250 1090 2330">
    <p class='ocr_par' dir='ltr' id='par_1_45' title="bbox 214 2250 1090 2330">
     <span class='ocr_line' id='line_1_47' title="bbox 214 2250 1090 2330; baseline 0.001 -23"><span class='ocrx_word' id='word_1_336' title='bbox 214 2250 430 2307; x_wconf 76' lang='grc' dir='ltr'>ἔπαινον</span> <span class='ocrx_word' id='word_1_337' title='bbox 486 2252 626 2324; x_wconf 63' lang='grc' dir='ltr'>αυτῷ</span> <span class='ocrx_word' id='word_1_338' title='bbox 681 2250 1012 2330; x_wconf 77' lang='grc' dir='ltr'>προσξενήσῃ</span> <span class='ocrx_word' id='word_1_339' title='bbox 1074 2273 1090 2289; x_wconf 80' lang='grc' dir='ltr'><strong>ο</strong></span> 
     </span>
    </p>
   </div>
   <div class='ocr_carea' id='block_1_46' title="bbox 2250 2261 2277 2272">
    <p class='ocr_par' dir='ltr' id='par_1_46' title="bbox 2250 2261 2277 2272">
     <span class='ocr_line' id='line_1_48' title="bbox 2250 2261 2277 2272; baseline 0 0"><span class='ocrx_word' id='word_1_340' title='bbox 2250 2261 2277 2272; x_wconf 73' lang='lat'><strong>~</strong></span> 
     </span>
    </p>
   </div>
   <div class='ocr_carea' id='block_1_47' title="bbox 1149 2252 3590 2335">
    <p class='ocr_par' dir='ltr' id='par_1_47' title="bbox 1149 2252 3590 2335">
     <span class='ocr_line' id='line_1_49' title="bbox 1149 2252 3590 2335; baseline 0.001 -26"><span class='ocrx_word' id='word_1_341' title='bbox 1149 2260 1304 2310; x_wconf 78' lang='grc' dir='ltr'>τοῦτο</span> <span class='ocrx_word' id='word_1_342' title='bbox 1350 2252 1403 2309; x_wconf 78' lang='grc' dir='ltr'>δὲ</span> <span class='ocrx_word' id='word_1_343' title='bbox 1451 2256 1559 2331; x_wconf 83' lang='grc' dir='ltr'>καὶ,</span> <span class='ocrx_word' id='word_1_344' title='bbox 1609 2254 1702 2311; x_wconf 74' lang='grc' dir='ltr'><strong>ἵνα</strong></span> <span class='ocrx_word' id='word_1_345' title='bbox 1907 2256 2167 2335; x_wconf 87' lang='grc' dir='ltr'>μάρτυρας</span> <span class='ocrx_word' id='word_1_346' title='bbox 2216 2261 2313 2324; x_wconf 79' lang='grc' dir='ltr'><strong>τῆς</strong></span> <span class='ocrx_word' id='word_1_347' title='bbox 2363 2257 2539 2334; x_wconf 84' lang='grc' dir='ltr'>ὑγείας</span> <span class='ocrx_word' id='word_1_348' title='bbox 2590 2254 2991 2333; x_wconf 69' lang='grc' dir='ltr'>ἆναντιρῤήτους</span> <span class='ocrx_word' id='word_1_349' title='bbox 3037 2255 3223 2317; x_wconf 73' lang='grc' dir='ltr'>αὖτοὺς</span> <span class='ocrx_word' id='word_1_350' title='bbox 3269 2255 3391 2317; x_wconf 85' lang='grc' dir='ltr'>τοὺς</span> <span class='ocrx_word' id='word_1_351' title='bbox 3441 2254 3590 2311; x_wconf 82' lang='grc' dir='ltr'>ἀπα-</span> 
     </span>
    </p>
   </div>
   <div class='ocr_carea' id='block_1_48' title="bbox 217 2338 3589 2424">
    <p class='ocr_par' dir='ltr' id='par_1_48' title="bbox 217 2338 3589 2424">
     <span class='ocr_line' id='line_1_50' title="bbox 217 2338 3589 2424; baseline 0.001 -28"><span class='ocrx_word' id='word_1_352' title='bbox 217 2340 485 2420; x_wconf 86' lang='grc' dir='ltr'>γράπτους</span> <span class='ocrx_word' id='word_1_353' title='bbox 540 2338 666 2418; x_wconf 85' lang='grc'><strong>(35)</strong></span> <span class='ocrx_word' id='word_1_354' title='bbox 741 2342 828 2396; x_wconf 88' lang='grc' dir='ltr'><strong>καὶ</strong></span> <span class='ocrx_word' id='word_1_355' title='bbox 896 2346 994 2407; x_wconf 78' lang='grc' dir='ltr'>τῆς</span> <span class='ocrx_word' id='word_1_356' title='bbox 1064 2341 1217 2424; x_wconf 86' lang='grc' dir='ltr'>νόσο›</span> <span class='ocrx_word' id='word_1_357' title='bbox 1288 2342 1590 2421; x_wconf 83' lang='grc' dir='ltr'>μάρτυρας,</span> <span class='ocrx_word' id='word_1_358' title='bbox 1654 2345 1741 2400; x_wconf 87' lang='grc' dir='ltr'><strong>καὶ</strong></span> <span class='ocrx_word' id='word_1_359' title='bbox 1797 2343 1888 2400; x_wconf 76' lang='grc' dir='ltr'>ἵνα</span> <span class='ocrx_word' id='word_1_360' title='bbox 1939 2344 2141 2407; x_wconf 81' lang='grc' dir='ltr'>τούτο-ς</span> <span class='ocrx_word' id='word_1_361' title='bbox 2208 2344 2418 2424; x_wconf 71' lang='grc' dir='ltr'>ἀφορμῆ</span> <span class='ocrx_word' id='word_1_362' title='bbox 2476 2343 2693 2421; x_wconf 73' lang='grc' dir='ltr'>γένηται</span> <span class='ocrx_word' id='word_1_363' title='bbox 2749 2345 2997 2406; x_wconf 88' lang='grc' dir='ltr'>πίστεως,</span> <span class='ocrx_word' id='word_1_364' title='bbox 3064 2366 3092 2399; x_wconf 75' lang='grc' dir='ltr'><strong>α</strong></span> <span class='ocrx_word' id='word_1_365' title='bbox 3158 2340 3374 2404; x_wconf 84' lang='grc' dir='ltr'><strong>Ἰδόντες</strong></span> <span class='ocrx_word' id='word_1_366' title='bbox 3433 2340 3486 2398; x_wconf 79' lang='grc' dir='ltr'>δὲ</span> <span class='ocrx_word' id='word_1_367' title='bbox 3541 2345 3589 2399; x_wconf 80' lang='grc' dir='ltr'><strong>οἱ</strong></span> 
     </span>
    </p>
   </div>
   <div class='ocr_carea' id='block_1_49' title="bbox 218 2420 2949 2510">
    <p class='ocr_par' dir='ltr' id='par_1_49' title="bbox 218 2420 2949 2510">
     <span class='ocr_line' id='line_1_51' title="bbox 218 2420 2949 2510; baseline 0.001 -26"><span class='ocrx_word' id='word_1_368' title='bbox 218 2426 378 2507; x_wconf 76' lang='grc' dir='ltr'>ὄχλοι</span> <span class='ocrx_word' id='word_1_369' title='bbox 428 2429 745 2503; x_wconf 86' lang='grc' dir='ltr'>ἐθαύμασαν,</span> <span class='ocrx_word' id='word_1_370' title='bbox 796 2430 882 2484; x_wconf 86' lang='grc' dir='ltr'><strong>καὶ</strong></span> <span class='ocrx_word' id='word_1_371' title='bbox 929 2420 1179 2494; x_wconf 71' lang='grc' dir='ltr'>ἐδόξασαηῖ</span> <span class='ocrx_word' id='word_1_372' title='bbox 1218 2431 1308 2486; x_wconf 82' lang='grc' dir='ltr'>τὸν</span> <span class='ocrx_word' id='word_1_373' title='bbox 1358 2420 1510 2506; x_wconf 81' lang='grc' dir='ltr'>Θεὸν,</span> <span class='ocrx_word' id='word_1_374' title='bbox 1564 2433 1655 2487; x_wconf 85' lang='grc' dir='ltr'>τὸν</span> <span class='ocrx_word' id='word_1_375' title='bbox 1702 2430 1856 2488; x_wconf 87' lang='grc' dir='ltr'>δόντα</span> <span class='ocrx_word' id='word_1_376' title='bbox 1890 2429 2118 2497; x_wconf 81' lang='grc' dir='ltr'>ἐξουσίάν</span> <span class='ocrx_word' id='word_1_377' title='bbox 2148 2420 2395 2498; x_wconf 76' lang='grc' dir='ltr'>τοιαύτην</span> <span class='ocrx_word' id='word_1_378' title='bbox 2424 2420 2541 2494; x_wconf 62' lang='grc' dir='ltr'>τοῖς</span> <span class='ocrx_word' id='word_1_379' title='bbox 2572 2431 2883 2510; x_wconf 83' lang='grc' dir='ltr'>ἀνθρώποις.</span> <span class='ocrx_word' id='word_1_380' title='bbox 2920 2454 2949 2487; x_wconf 71' lang='grc' dir='ltr'><strong><em>ι</em></strong></span> 
     </span>
    </p>
   </div>
   <div class='ocr_carea' id='block_1_50' title="bbox 302 2515 1865 2599">
    <p class='ocr_par' dir='ltr' id='par_1_50' title="bbox 302 2515 1865 2599">
     <span class='ocr_line' id='line_1_52' title="bbox 302 2515 1865 2599; baseline 0.001 -24"><span class='ocrx_word' id='word_1_381' title='bbox 302 2516 629 2594; x_wconf 83' lang='grc' dir='ltr'>Ἐθαυμασάν</span> <span class='ocrx_word' id='word_1_382' title='bbox 664 2519 759 2593; x_wconf 72' lang='grc' dir='ltr'><strong>μὲν</strong></span> <span class='ocrx_word' id='word_1_383' title='bbox 792 2520 838 2573; x_wconf 73' lang='grc' dir='ltr'><strong>οἱ</strong></span> <span class='ocrx_word' id='word_1_384' title='bbox 886 2515 1068 2596; x_wconf 76' lang='grc' dir='ltr'>ὄχλοι,</span> <span class='ocrx_word' id='word_1_385' title='bbox 1121 2517 1201 2573; x_wconf 82' lang='grc' dir='ltr'><strong>ὅτι</strong></span> <span class='ocrx_word' id='word_1_386' title='bbox 1249 2521 1322 2581; x_wconf 82' lang='grc' dir='ltr'><strong>ὡς</strong></span> <span class='ocrx_word' id='word_1_387' title='bbox 1356 2520 1484 2581; x_wconf 83' lang='grc' dir='ltr'><strong>Θεὸς</strong></span> <span class='ocrx_word' id='word_1_388' title='bbox 1516 2520 1865 2599; x_wconf 81' lang='grc' dir='ltr'>ἑθαυματούρ-</span> 
     </span>
    </p>
   </div>
   <div class='ocr_carea' id='block_1_51' title="bbox 214 2604 1859 2685">
    <p class='ocr_par' dir='ltr' id='par_1_51' title="bbox 214 2604 1859 2685">
     <span class='ocr_line' id='line_1_53' title="bbox 214 2604 1859 2685; baseline 0.002 -24"><span class='ocrx_word' id='word_1_389' title='bbox 214 2622 382 2685; x_wconf 82' lang='grc' dir='ltr'>γησεν</span> <span class='ocrx_word' id='word_1_390' title='bbox 421 2623 435 2637; x_wconf 91' lang='grc'><strong>·</strong></span> <span class='ocrx_word' id='word_1_391' title='bbox 494 2605 640 2681; x_wconf 84' lang='grc' dir='ltr'>ὅμως</span> <span class='ocrx_word' id='word_1_392' title='bbox 710 2604 979 2684; x_wconf 75' lang='grc' dir='ltr'>ἄνθρωπον</span> <span class='ocrx_word' id='word_1_393' title='bbox 1046 2607 1200 2664; x_wconf 75' lang='grc' dir='ltr'>αὒτὸν</span> <span class='ocrx_word' id='word_1_394' title='bbox 1256 2607 1396 2662; x_wconf 79' lang='grc' dir='ltr'>εἶναι</span> <span class='ocrx_word' id='word_1_395' title='bbox 1465 2605 1859 2683; x_wconf 80' lang='grc' dir='ltr'>ὑπελάμϐανον,</span> 
     </span>
    </p>
   </div>
   <div class='ocr_carea' id='block_1_52' title="bbox 220 2692 1865 2776">
    <p class='ocr_par' dir='ltr' id='par_1_52' title="bbox 220 2692 1865 2776">
     <span class='ocr_line' id='line_1_54' title="bbox 220 2692 1865 2776; baseline 0.001 -26"><span class='ocrx_word' id='word_1_396' title='bbox 220 2692 420 2775; x_wconf 73' lang='grc' dir='ltr'>ἔχοντα</span> <span class='ocrx_word' id='word_1_397' title='bbox 466 2694 698 2759; x_wconf 75' lang='grc' dir='ltr'>ἐξουσίαν</span> <span class='ocrx_word' id='word_1_398' title='bbox 739 2693 868 2772; x_wconf 71' lang='grc' dir='ltr'>ὑπὲρ</span> <span class='ocrx_word' id='word_1_399' title='bbox 915 2692 1205 2773; x_wconf 80' lang='grc' dir='ltr'>ἄνθρωπον.</span> <span class='ocrx_word' id='word_1_400' title='bbox 1267 2696 1365 2752; x_wconf 85' lang='grc' dir='ltr'>Καὶ</span> <span class='ocrx_word' id='word_1_401' title='bbox 1412 2696 1598 2775; x_wconf 79' lang='grc' dir='ltr'>ἡμεῖς,</span> <span class='ocrx_word' id='word_1_402' title='bbox 1650 2694 1865 2776; x_wconf 77' lang='grc' dir='ltr'>ἀδελφοί</span> 
     </span>
    </p>
   </div>
   <div class='ocr_carea' id='block_1_53' title="bbox 216 2779 1861 2863">
    <p class='ocr_par' dir='ltr' id='par_1_53' title="bbox 216 2779 1861 2863">
     <span class='ocr_line' id='line_1_55' title="bbox 216 2779 1861 2863; baseline 0.001 -25"><span class='ocrx_word' id='word_1_403' title='bbox 216 2804 343 2861; x_wconf 84' lang='grc' dir='ltr'>μου,</span> <span class='ocrx_word' id='word_1_404' title='bbox 402 2782 689 2862; x_wconf 72' lang='grc' dir='ltr'>παράλυτοι</span> <span class='ocrx_word' id='word_1_405' title='bbox 740 2779 909 2847; x_wconf 76' lang='grc' dir='ltr'>ὄντες,</span> <span class='ocrx_word' id='word_1_406' title='bbox 967 2784 1055 2837; x_wconf 86' lang='grc' dir='ltr'><strong>καὶ</strong></span> <span class='ocrx_word' id='word_1_407' title='bbox 1095 2782 1191 2845; x_wconf 76' lang='grc' dir='ltr'><strong>τὰς</strong></span> <span class='ocrx_word' id='word_1_408' title='bbox 1241 2787 1338 2849; x_wconf 76' lang='grc' dir='ltr'>τῆς</span> <span class='ocrx_word' id='word_1_409' title='bbox 1387 2787 1569 2863; x_wconf 78' lang='grc' dir='ltr'>ψυχῆς</span> <span class='ocrx_word' id='word_1_410' title='bbox 1619 2781 1861 2859; x_wconf 84' lang='grc' dir='ltr'>δυνάμεις</span> 
     </span>
    </p>
   </div>
   <div class='ocr_carea' id='block_1_54' title="bbox 217 2869 1863 2951">
    <p class='ocr_par' dir='ltr' id='par_1_54' title="bbox 217 2869 1863 2951">
     <span class='ocr_line' id='line_1_56' title="bbox 217 2869 1863 2951; baseline 0.001 -23"><span class='ocrx_word' id='word_1_411' title='bbox 217 2872 592 2951; x_wconf 75' lang='grc' dir='ltr'>ἆνενεργήτους</span> <span class='ocrx_word' id='word_1_412' title='bbox 650 2870 889 2951; x_wconf 74' lang='grc' dir='ltr'>ἔχοντες,</span> <span class='ocrx_word' id='word_1_413' title='bbox 941 2869 1198 2945; x_wconf 85' lang='grc' dir='ltr'>δυνάμεθα</span> <span class='ocrx_word' id='word_1_414' title='bbox 1248 2873 1456 2938; x_wconf 74' lang='grc' dir='ltr'>ἰαθῆναι</span> <span class='ocrx_word' id='word_1_415' title='bbox 1504 2874 1592 2928; x_wconf 89' lang='grc' dir='ltr'><strong>καὶ</strong></span> <span class='ocrx_word' id='word_1_416' title='bbox 1638 2873 1863 2951; x_wconf 75' lang='grc' dir='ltr'>ἀνορθω-</span> 
     </span>
    </p>
   </div>
   <div class='ocr_carea' id='block_1_55' title="bbox 212 2942 1858 3039">
    <p class='ocr_par' dir='ltr' id='par_1_55' title="bbox 212 2942 1858 3039">
     <span class='ocr_line' id='line_1_57' title="bbox 212 2942 1858 3039; baseline 0.001 -23"><span class='ocrx_word' id='word_1_417' title='bbox 212 2942 393 3034; x_wconf 60' lang='grc' dir='ltr'>θῆναι,</span> <span class='ocrx_word' id='word_1_418' title='bbox 414 2942 577 3039; x_wconf 40' lang='grc' dir='ltr'>ἐἴπερ</span> <span class='ocrx_word' id='word_1_419' title='bbox 608 2942 766 3035; x_wconf 70' lang='grc' dir='ltr'>μόνον</span> <span class='ocrx_word' id='word_1_420' title='bbox 796 2942 1179 3038; x_wconf 70' lang='grc' dir='ltr'>προαιρούμεθα</span> <span class='ocrx_word' id='word_1_421' title='bbox 1227 2961 1314 3016; x_wconf 86' lang='grc' dir='ltr'><strong>καὶ</strong></span> <span class='ocrx_word' id='word_1_422' title='bbox 1344 2959 1659 3036; x_wconf 81' lang='grc' dir='ltr'>βουλόμεθα,</span> <span class='ocrx_word' id='word_1_423' title='bbox 1694 2942 1858 3018; x_wconf 52' lang='grc' dir='ltr'>’Ἔστι</span> 
     </span>
    </p>
   </div>
   <div class='ocr_carea' id='block_1_56' title="bbox 215 3045 1859 3126">
    <p class='ocr_par' dir='ltr' id='par_1_56' title="bbox 215 3045 1859 3126">
     <span class='ocr_line' id='line_1_58' title="bbox 215 3045 1859 3126; baseline 0.001 -23"><span class='ocrx_word' id='word_1_424' title='bbox 215 3050 319 3126; x_wconf 77' lang='grc' dir='ltr'><strong>γὰρ</strong></span> <span class='ocrx_word' id='word_1_425' title='bbox 364 3050 452 3104; x_wconf 84' lang='grc' dir='ltr'><strong>καὶ</strong></span> <span class='ocrx_word' id='word_1_426' title='bbox 502 3058 587 3107; x_wconf 81' lang='grc' dir='ltr'><strong>νῦν</strong></span> <span class='ocrx_word' id='word_1_427' title='bbox 626 3050 654 3104; x_wconf 84' lang='lat'><strong>6</strong></span> <span class='ocrx_word' id='word_1_428' title='bbox 706 3049 927 3126; x_wconf 83' lang='grc' dir='ltr'>Χριστὸς</span> <span class='ocrx_word' id='word_1_429' title='bbox 979 3047 1031 3103; x_wconf 82' lang='grc' dir='ltr'><strong>ἐν</strong></span> <span class='ocrx_word' id='word_1_430' title='bbox 1080 3045 1181 3118; x_wconf 76' lang='grc' dir='ltr'>ἰδίᾳ</span> <span class='ocrx_word' id='word_1_431' title='bbox 1228 3047 1386 3103; x_wconf 59' lang='grc' dir='ltr'>αῧτοῦ</span> <span class='ocrx_word' id='word_1_432' title='bbox 1436 3047 1585 3105; x_wconf 87' lang='grc' dir='ltr'>πόλει</span> <span class='ocrx_word' id='word_1_433' title='bbox 1636 3055 1703 3126; x_wconf 75' lang='grc' dir='ltr'>τῇ</span> <span class='ocrx_word' id='word_1_434' title='bbox 1746 3061 1859 3108; x_wconf 85' lang='grc' dir='ltr'><strong>Κα-</strong></span> 
     </span>
    </p>
   </div>
   <div class='ocr_carea' id='block_1_57' title="bbox 218 3134 1861 3215">
    <p class='ocr_par' dir='ltr' id='par_1_57' title="bbox 218 3134 1861 3215">
     <span class='ocr_line' id='line_1_59' title="bbox 218 3134 1861 3215; baseline 0 -22"><span class='ocrx_word' id='word_1_435' title='bbox 218 3138 512 3215; x_wconf 80' lang='grc' dir='ltr'>περναοὺμ,</span> <span class='ocrx_word' id='word_1_436' title='bbox 569 3143 644 3211; x_wconf 86' lang='grc' dir='ltr'>τῷ</span> <span class='ocrx_word' id='word_1_437' title='bbox 692 3134 852 3211; x_wconf 70' lang='grc' dir='ltr'>οἴκῳ,</span> <span class='ocrx_word' id='word_1_438' title='bbox 898 3134 1063 3215; x_wconf 82' lang='grc' dir='ltr'>λέγω,</span> <span class='ocrx_word' id='word_1_439' title='bbox 1111 3141 1209 3203; x_wconf 77' lang='grc' dir='ltr'><strong>τῆς</strong></span> <span class='ocrx_word' id='word_1_440' title='bbox 1256 3135 1665 3215; x_wconf 78' lang='grc' dir='ltr'>παρακλήσεως,</span> <span class='ocrx_word' id='word_1_441' title='bbox 1699 3160 1861 3194; x_wconf 89' lang='grc' dir='ltr'>τουτ-</span> 
     </span>
    </p>
   </div>
   <div class='ocr_carea' id='block_1_58' title="bbox 216 3223 1862 3305">
    <p class='ocr_par' dir='ltr' id='par_1_58' title="bbox 216 3223 1862 3305">
     <span class='ocr_line' id='line_1_60' title="bbox 216 3223 1862 3305; baseline 0 -24"><span class='ocrx_word' id='word_1_442' title='bbox 216 3226 328 3282; x_wconf 77' lang='grc' dir='ltr'>έστι</span> <span class='ocrx_word' id='word_1_443' title='bbox 387 3231 453 3301; x_wconf 76' lang='grc' dir='ltr'>τῇ</span> <span class='ocrx_word' id='word_1_444' title='bbox 508 3223 762 3296; x_wconf 76' lang='grc' dir='ltr'>ἐκκλησίᾳ</span> <span class='ocrx_word' id='word_1_445' title='bbox 817 3244 829 3258; x_wconf 85' lang='grc'><strong>·</strong></span> <span class='ocrx_word' id='word_1_446' title='bbox 891 3225 1043 3287; x_wconf 68' lang='grc' dir='ltr'>οἶκος</span> <span class='ocrx_word' id='word_1_447' title='bbox 1103 3226 1200 3303; x_wconf 78' lang='grc' dir='ltr'><strong>γὰρ</strong></span> <span class='ocrx_word' id='word_1_448' title='bbox 1258 3235 1350 3283; x_wconf 76' lang='grc' dir='ltr'><strong>τοῦ</strong></span> <span class='ocrx_word' id='word_1_449' title='bbox 1404 3224 1770 3305; x_wconf 77' lang='grc' dir='ltr'>παρακλήτου,</span> <span class='ocrx_word' id='word_1_450' title='bbox 1828 3229 1862 3293; x_wconf 76' lang='grc' dir='ltr'><strong>ἡ</strong></span> 
     </span>
    </p>
   </div>
   <div class='ocr_carea' id='block_1_59' title="bbox 215 3310 1862 3393">
    <p class='ocr_par' dir='ltr' id='par_1_59' title="bbox 215 3310 1862 3393">
     <span class='ocr_line' id='line_1_61' title="bbox 215 3310 1862 3393; baseline 0 -23"><span class='ocrx_word' id='word_1_451' title='bbox 215 3313 473 3380; x_wconf 46' lang='grc' dir='ltr'>ἐκκλησία</span> <span class='ocrx_word' id='word_1_452' title='bbox 539 3313 697 3374; x_wconf 86' lang='grc' dir='ltr'>ἐστίν,</span> <span class='ocrx_word' id='word_1_453' title='bbox 775 3311 966 3388; x_wconf 73' lang='grc' dir='ltr'>Ἐσμὲν</span> <span class='ocrx_word' id='word_1_454' title='bbox 1036 3310 1091 3367; x_wconf 73' lang='grc' dir='ltr'>δὲ</span> <span class='ocrx_word' id='word_1_455' title='bbox 1158 3314 1246 3368; x_wconf 90' lang='grc' dir='ltr'><strong>καὶ</strong></span> <span class='ocrx_word' id='word_1_456' title='bbox 1313 3315 1477 3388; x_wconf 71' lang='grc' dir='ltr'>ἡμεῖς</span> <span class='ocrx_word' id='word_1_457' title='bbox 1547 3314 1862 3393; x_wconf 75' lang='grc' dir='ltr'>παράλυτοι,</span> 
     </span>
    </p>
   </div>
   <div class='ocr_carea' id='block_1_60' title="bbox 215 3400 1864 3481">
    <p class='ocr_par' dir='ltr' id='par_1_60' title="bbox 215 3400 1864 3481">
     <span class='ocr_line' id='line_1_62' title="bbox 215 3400 1864 3481; baseline -0.007 -15"><span class='ocrx_word' id='word_1_458' title='bbox 215 3403 313 3464; x_wconf 70' lang='grc' dir='ltr'>τὰς</span> <span class='ocrx_word' id='word_1_459' title='bbox 384 3403 560 3481; x_wconf 68' lang='grc' dir='ltr'>ψυχὰς</span> <span class='ocrx_word' id='word_1_460' title='bbox 646 3401 975 3480; x_wconf 73' lang='grc' dir='ltr'>παρειμένοι,</span> <span class='ocrx_word' id='word_1_461' title='bbox 1058 3400 1419 3479; x_wconf 66' lang='grc' dir='ltr'>ἆνενεργιςτως</span> <span class='ocrx_word' id='word_1_462' title='bbox 1504 3400 1706 3471; x_wconf 62' lang='grc' dir='ltr'>δηλαδὴ</span> <span class='ocrx_word' id='word_1_463' title='bbox 1776 3405 1864 3460; x_wconf 76' lang='grc' dir='ltr'><strong>καὶ</strong></span> 
     </span>
    </p>
   </div>
   <div class='ocr_carea' id='block_1_61' title="bbox 214 3487 1863 3569">
    <p class='ocr_par' dir='ltr' id='par_1_61' title="bbox 214 3487 1863 3569">
     <span class='ocr_line' id='line_1_63' title="bbox 214 3487 1863 3569; baseline 0.001 -23"><span class='ocrx_word' id='word_1_464' title='bbox 214 3491 481 3559; x_wconf 79' lang='grc' dir='ltr'><strong>ἀκινήτως</strong></span> <span class='ocrx_word' id='word_1_465' title='bbox 510 3491 640 3567; x_wconf 64' lang='grc' dir='ltr'>πρὸς</span> <span class='ocrx_word' id='word_1_466' title='bbox 669 3491 729 3544; x_wconf 79' lang='grc' dir='ltr'>τὸ</span> <span class='ocrx_word' id='word_1_467' title='bbox 776 3488 939 3544; x_wconf 74' lang='grc' dir='ltr'>καλὸν</span> <span class='ocrx_word' id='word_1_468' title='bbox 986 3487 1203 3569; x_wconf 71' lang='grc' dir='ltr'>ἔχοντες</span> <span class='ocrx_word' id='word_1_469' title='bbox 1240 3504 1253 3518; x_wconf 87' lang='grc'><em>’</em></span> <span class='ocrx_word' id='word_1_470' title='bbox 1308 3488 1426 3544; x_wconf 84' lang='grc' dir='ltr'>ἀλλ’</span> <span class='ocrx_word' id='word_1_471' title='bbox 1478 3490 1568 3546; x_wconf 74' lang='grc' dir='ltr'>ἐὰν</span> <span class='ocrx_word' id='word_1_472' title='bbox 1620 3493 1719 3549; x_wconf 75' lang='grc' dir='ltr'><strong>ὑπὸ</strong></span> <span class='ocrx_word' id='word_1_473' title='bbox 1767 3498 1863 3559; x_wconf 78' lang='grc' dir='ltr'><strong>τῆς</strong></span> 
     </span>
    </p>
   </div>
   <div class='ocr_carea' id='block_1_62' title="bbox 216 3576 1866 3657">
    <p class='ocr_par' dir='ltr' id='par_1_62' title="bbox 216 3576 1866 3657">
     <span class='ocr_line' id='line_1_64' title="bbox 216 3576 1866 3657; baseline 0.002 -24"><span class='ocrx_word' id='word_1_474' title='bbox 216 3579 497 3656; x_wconf 74' lang='grc' dir='ltr'>μετανοίας</span> <span class='ocrx_word' id='word_1_475' title='bbox 580 3579 668 3634; x_wconf 83' lang='grc' dir='ltr'><strong>καὶ</strong></span> <span class='ocrx_word' id='word_1_476' title='bbox 743 3582 841 3644; x_wconf 75' lang='grc' dir='ltr'>τῆς</span> <span class='ocrx_word' id='word_1_477' title='bbox 927 3576 1356 3655; x_wconf 63' lang='grc' dir='ltr'>ἐξομολογήσεως</span> <span class='ocrx_word' id='word_1_478' title='bbox 1442 3579 1677 3657; x_wconf 81' lang='grc' dir='ltr'>ἀρθῶμεν</span> <span class='ocrx_word' id='word_1_479' title='bbox 1779 3583 1866 3637; x_wconf 88' lang='grc' dir='ltr'><strong>καὶ</strong></span> 
     </span>
    </p>
   </div>
   <div class='ocr_carea' id='block_1_63' title="bbox 216 3666 1863 3745">
    <p class='ocr_par' dir='ltr' id='par_1_63' title="bbox 216 3666 1863 3745">
     <span class='ocr_line' id='line_1_65' title="bbox 216 3666 1863 3745; baseline 0.001 -23"><span class='ocrx_word' id='word_1_480' title='bbox 216 3667 547 3745; x_wconf 69' lang='grc' dir='ltr'>ἀπαχθῦμεν</span> <span class='ocrx_word' id='word_1_481' title='bbox 621 3666 693 3728; x_wconf 74' lang='grc' dir='ltr'>εἷς</span> <span class='ocrx_word' id='word_1_482' title='bbox 765 3667 854 3722; x_wconf 75' lang='grc' dir='ltr'><strong>τὸν</strong></span> <span class='ocrx_word' id='word_1_483' title='bbox 934 3667 1141 3745; x_wconf 77' lang='grc' dir='ltr'>Κύριον,</span> <span class='ocrx_word' id='word_1_484' title='bbox 1220 3667 1340 3722; x_wconf 89' lang='grc' dir='ltr'>τότε</span> <span class='ocrx_word' id='word_1_485' title='bbox 1413 3668 1708 3743; x_wconf 80' lang='grc' dir='ltr'>ἀκούσομεν</span> <span class='ocrx_word' id='word_1_486' title='bbox 1764 3674 1863 3735; x_wconf 81' lang='grc' dir='ltr'>τῆς</span> 
     </span>
    </p>
   </div>
   <div class='ocr_carea' id='block_1_64' title="bbox 214 3753 1862 3833">
    <p class='ocr_par' dir='ltr' id='par_1_64' title="bbox 214 3753 1862 3833">
     <span class='ocr_line' id='line_1_66' title="bbox 214 3753 1862 3833; baseline 0.002 -25"><span class='ocrx_word' id='word_1_487' title='bbox 214 3753 463 3832; x_wconf 64' lang='grc' dir='ltr'>γλυκείας</span> <span class='ocrx_word' id='word_1_488' title='bbox 512 3758 671 3812; x_wconf 67' lang='grc' dir='ltr'>αὗτοῦ</span> <span class='ocrx_word' id='word_1_489' title='bbox 714 3759 894 3833; x_wconf 73' lang='grc' dir='ltr'>φωνῆς</span> <span class='ocrx_word' id='word_1_490' title='bbox 941 3757 1029 3810; x_wconf 90' lang='grc' dir='ltr'><strong>καὶ</strong></span> <span class='ocrx_word' id='word_1_491' title='bbox 1071 3756 1242 3812; x_wconf 86' lang='grc' dir='ltr'>πάντα</span> <span class='ocrx_word' id='word_1_492' title='bbox 1292 3753 1609 3829; x_wconf 75' lang='grc' dir='ltr'>δυναμένης,</span> <span class='ocrx_word' id='word_1_493' title='bbox 1667 3755 1862 3833; x_wconf 80' lang='grc' dir='ltr'>λεγού-</span> 
     </span>
    </p>
   </div>
   <div class='ocr_carea' id='block_1_65' title="bbox 213 3841 1863 3923">
    <p class='ocr_par' dir='ltr' id='par_1_65' title="bbox 213 3841 1863 3923">
     <span class='ocr_line' id='line_1_67' title="bbox 213 3841 1863 3923; baseline 0 -24"><span class='ocrx_word' id='word_1_494' title='bbox 213 3864 318 3909; x_wconf 85' lang='grc' dir='ltr'><strong>σης</strong></span> <span class='ocrx_word' id='word_1_495' title='bbox 375 3864 390 3879; x_wconf 83' lang='lat'>&#39;</span> <span class='ocrx_word' id='word_1_496' title='bbox 439 3842 631 3922; x_wconf 77' lang='grc' dir='ltr'>Τέκνα,</span> <span class='ocrx_word' id='word_1_497' title='bbox 683 3841 943 3921; x_wconf 67' lang='grc' dir='ltr'><strong>ἀφέωνται</strong></span> <span class='ocrx_word' id='word_1_498' title='bbox 992 3844 1118 3917; x_wconf 76' lang='grc' dir='ltr'>ὑμῖν</span> <span class='ocrx_word' id='word_1_499' title='bbox 1173 3846 1224 3899; x_wconf 77' lang='grc' dir='ltr'>αἱ</span> <span class='ocrx_word' id='word_1_500' title='bbox 1278 3844 1548 3921; x_wconf 83' lang='grc' dir='ltr'>ἁμαρτίαι.</span> <span class='ocrx_word' id='word_1_501' title='bbox 1606 3846 1713 3899; x_wconf 69' lang='grc' dir='ltr'>Υἱοὶ</span> <span class='ocrx_word' id='word_1_502' title='bbox 1764 3846 1863 3923; x_wconf 76' lang='grc' dir='ltr'><strong>γὰρ</strong></span> 
     </span>
    </p>
   </div>
   <div class='ocr_carea' id='block_1_66' title="bbox 215 3930 1863 4012">
    <p class='ocr_par' dir='ltr' id='par_1_66' title="bbox 215 3930 1863 4012">
     <span class='ocr_line' id='line_1_68' title="bbox 215 3930 1863 4012; baseline 0.001 -25"><span class='ocrx_word' id='word_1_503' title='bbox 215 3938 351 3987; x_wconf 71' lang='grc' dir='ltr'><strong>Θεοῦ</strong></span> <span class='ocrx_word' id='word_1_504' title='bbox 419 3931 539 3987; x_wconf 82' lang='grc' dir='ltr'>τότε</span> <span class='ocrx_word' id='word_1_505' title='bbox 609 3930 880 4011; x_wconf 84' lang='grc' dir='ltr'>γινόμεθα,</span> <span class='ocrx_word' id='word_1_506' title='bbox 953 3930 1076 3988; x_wconf 81' lang='grc' dir='ltr'>ὅταν</span> <span class='ocrx_word' id='word_1_507' title='bbox 1135 3934 1266 4012; x_wconf 64' lang='grc' dir='ltr'>πρὸς</span> <span class='ocrx_word' id='word_1_508' title='bbox 1320 3934 1474 3989; x_wconf 71' lang='grc' dir='ltr'>αὖτὸν</span> <span class='ocrx_word' id='word_1_509' title='bbox 1533 3930 1863 4011; x_wconf 70' lang='grc' dir='ltr'>ἐπιστρέφωο</span> 
     </span>
    </p>
   </div>
   <div class='ocr_carea' id='block_1_67' title="bbox 216 4010 1862 4098">
    <p class='ocr_par' dir='ltr' id='par_1_67' title="bbox 216 4010 1862 4098">
     <span class='ocr_line' id='line_1_69' title="bbox 216 4010 1862 4098; baseline 0.002 -25"><span class='ocrx_word' id='word_1_510' title='bbox 216 4040 315 4095; x_wconf 82' lang='grc' dir='ltr'><strong>μεν</strong></span> <span class='ocrx_word' id='word_1_511' title='bbox 399 4016 483 4074; x_wconf 76' lang='grc' dir='ltr'>διὰ</span> <span class='ocrx_word' id='word_1_512' title='bbox 566 4020 843 4095; x_wconf 80' lang='grc' dir='ltr'>μετανοίας</span> <span class='ocrx_word' id='word_1_513' title='bbox 926 4010 1186 4098; x_wconf 22' lang='grc' dir='ltr'>καθαρᾶςν</span> <span class='ocrx_word' id='word_1_514' title='bbox 1233 4021 1321 4076; x_wconf 88' lang='grc' dir='ltr'><strong>καὶ</strong></span> <span class='ocrx_word' id='word_1_515' title='bbox 1405 4010 1862 4097; x_wconf 49' lang='grc' dir='ltr'>ἐξομολογήσεως.</span> 
     </span>
    </p>
   </div>
   <div class='ocr_carea' id='block_1_68' title="bbox 214 4108 1861 4186">
    <p class='ocr_par' dir='ltr' id='par_1_68' title="bbox 214 4108 1861 4186">
     <span class='ocr_line' id='line_1_70' title="bbox 214 4108 1861 4186; baseline -0.001 -20"><span class='ocrx_word' id='word_1_516' title='bbox 214 4116 517 4172; x_wconf 81' lang='grc' dir='ltr'>Τηνικαῦτα</span> <span class='ocrx_word' id='word_1_517' title='bbox 618 4109 706 4163; x_wconf 84' lang='grc' dir='ltr'><strong>καὶ</strong></span> <span class='ocrx_word' id='word_1_518' title='bbox 805 4108 1129 4181; x_wconf 80' lang='grc' dir='ltr'>ἷαθησόμεθα</span> <span class='ocrx_word' id='word_1_519' title='bbox 1162 4154 1178 4182; x_wconf 90' lang='grc'><strong>,</strong></span> <span class='ocrx_word' id='word_1_520' title='bbox 1285 4110 1373 4163; x_wconf 85' lang='grc' dir='ltr'><strong>καὶ</strong></span> <span class='ocrx_word' id='word_1_521' title='bbox 1471 4108 1693 4186; x_wconf 74' lang='grc' dir='ltr'>ἀροῦμεν</span> <span class='ocrx_word' id='word_1_522' title='bbox 1771 4111 1861 4164; x_wconf 82' lang='grc' dir='ltr'><strong>τὸν</strong></span> 
     </span>
    </p>
   </div>
   <div class='ocr_carea' id='block_1_69' title="bbox 217 4192 1867 4275">
    <p class='ocr_par' dir='ltr' id='par_1_69' title="bbox 217 4192 1867 4275">
     <span class='ocr_line' id='line_1_71' title="bbox 217 4192 1867 4275; baseline 0.001 -23"><span class='ocrx_word' id='word_1_523' title='bbox 217 4192 514 4274; x_wconf 62' lang='grc' dir='ltr'>κράϐςατον</span> <span class='ocrx_word' id='word_1_524' title='bbox 567 4198 746 4273; x_wconf 77' lang='grc' dir='ltr'>ἡμῶν,</span> <span class='ocrx_word' id='word_1_525' title='bbox 805 4194 923 4262; x_wconf 71' lang='grc' dir='ltr'>ἤτοι</span> <span class='ocrx_word' id='word_1_526' title='bbox 971 4197 1031 4251; x_wconf 77' lang='grc' dir='ltr'>τὸ</span> <span class='ocrx_word' id='word_1_527' title='bbox 1082 4201 1258 4275; x_wconf 80' lang='grc' dir='ltr'>σῶμα,</span> <span class='ocrx_word' id='word_1_528' title='bbox 1312 4198 1443 4275; x_wconf 76' lang='grc' dir='ltr'>πρὸς</span> <span class='ocrx_word' id='word_1_529' title='bbox 1488 4197 1585 4263; x_wconf 78' lang='grc' dir='ltr'><strong>τὴν</strong></span> <span class='ocrx_word' id='word_1_530' title='bbox 1634 4203 1738 4253; x_wconf 88' lang='grc' dir='ltr'><strong>τῶν</strong></span> <span class='ocrx_word' id='word_1_531' title='bbox 1788 4196 1867 4252; x_wconf 89' lang='grc' dir='ltr'>ἐν-</span> 
     </span>
    </p>
   </div>
   <div class='ocr_carea' id='block_1_70' title="bbox 2022 2514 3581 2597">
    <p class='ocr_par' dir='ltr' id='par_1_70' title="bbox 2022 2514 3581 2597">
     <span class='ocr_line' id='line_1_72' title="bbox 2022 2514 3581 2597; baseline -0.003 -16"><span class='ocrx_word' id='word_1_532' title='bbox 2022 2518 2390 2581; x_wconf 87' lang='lat' dir='ltr'><strong>Mirabautur</strong></span> <span class='ocrx_word' id='word_1_533' title='bbox 2413 2528 2609 2579; x_wconf 91' lang='lat' dir='ltr'><strong>autem</strong></span> <span class='ocrx_word' id='word_1_534' title='bbox 2653 2517 2840 2579; x_wconf 65' lang='lat' dir='ltr'><strong>turba</strong></span> <span class='ocrx_word' id='word_1_535' title='bbox 2860 2516 3015 2597; x_wconf 87' lang='lat' dir='ltr'><strong>quod</strong></span> <span class='ocrx_word' id='word_1_536' title='bbox 3038 2524 3104 2579; x_wconf 91' lang='lat' dir='ltr'><strong>ut</strong></span> <span class='ocrx_word' id='word_1_537' title='bbox 3124 2518 3288 2580; x_wconf 89' lang='lat' dir='ltr'><strong>Deus</strong></span> <span class='ocrx_word' id='word_1_538' title='bbox 3320 2514 3581 2577; x_wconf 90' lang='lat' dir='ltr'><strong>miracu-</strong></span> 
     </span>
    </p>
   </div>
   <div class='ocr_carea' id='block_1_71' title="bbox 1946 2604 3588 2686">
    <p class='ocr_par' dir='ltr' id='par_1_71' title="bbox 1946 2604 3588 2686">
     <span class='ocr_line' id='line_1_73' title="bbox 1946 2604 3588 2686; baseline -0.001 -19"><span class='ocrx_word' id='word_1_539' title='bbox 1946 2606 2067 2667; x_wconf 91' lang='lat' dir='ltr'><strong>lum</strong></span> <span class='ocrx_word' id='word_1_540' title='bbox 2092 2617 2367 2686; x_wconf 87' lang='lat' dir='ltr'><strong>operatus</strong></span> <span class='ocrx_word' id='word_1_541' title='bbox 2389 2615 2562 2667; x_wconf 92' lang='lat' dir='ltr'><strong>esset.</strong></span> <span class='ocrx_word' id='word_1_542' title='bbox 2590 2604 2705 2667; x_wconf 92' lang='lat' dir='ltr'><strong>Sed</strong></span> <span class='ocrx_word' id='word_1_543' title='bbox 2728 2614 2921 2667; x_wconf 92' lang='lat' dir='ltr'><strong>tamen</strong></span> <span class='ocrx_word' id='word_1_544' title='bbox 2961 2623 3095 2667; x_wconf 91' lang='lat' dir='ltr'><strong>eum</strong></span> <span class='ocrx_word' id='word_1_545' title='bbox 3120 2606 3422 2667; x_wconf 86' lang='lat' dir='ltr'><strong>hominem</strong></span> <span class='ocrx_word' id='word_1_546' title='bbox 3451 2622 3588 2667; x_wconf 90' lang='lat' dir='ltr'><strong>esse</strong></span> 
     </span>
    </p>
   </div>
   <div class='ocr_carea' id='block_1_72' title="bbox 1946 2692 3594 2774">
    <p class='ocr_par' dir='ltr' id='par_1_72' title="bbox 1946 2692 3594 2774">
     <span class='ocr_line' id='line_1_74' title="bbox 1946 2692 3594 2774; baseline -0.001 -19"><span class='ocrx_word' id='word_1_547' title='bbox 1946 2694 2359 2774; x_wconf 89' lang='lat' dir='ltr'><strong>opinabantur,</strong></span> <span class='ocrx_word' id='word_1_548' title='bbox 2379 2703 2731 2774; x_wconf 87' lang='lat' dir='ltr'><strong>potestatem</strong></span> <span class='ocrx_word' id='word_1_549' title='bbox 2747 2694 3054 2774; x_wconf 90' lang='lat' dir='ltr'><strong>plusquam</strong></span> <span class='ocrx_word' id='word_1_550' title='bbox 3073 2693 3388 2755; x_wconf 89' lang='lat' dir='ltr'><strong>humanam</strong></span> <span class='ocrx_word' id='word_1_551' title='bbox 3405 2692 3594 2772; x_wconf 90' lang='lat' dir='ltr'><strong>possi-</strong></span> 
     </span>
    </p>
   </div>
   <div class='ocr_carea' id='block_1_73' title="bbox 1946 2780 3588 2861">
    <p class='ocr_par' dir='ltr' id='par_1_73' title="bbox 1946 2780 3588 2861">
     <span class='ocr_line' id='line_1_75' title="bbox 1946 2780 3588 2861; baseline 0 -20"><span class='ocrx_word' id='word_1_552' title='bbox 1946 2784 2206 2843; x_wconf 85' lang='lat' dir='ltr'><strong>dentem.</strong></span> <span class='ocrx_word' id='word_1_553' title='bbox 2250 2782 2321 2843; x_wconf 90' lang='lat' dir='ltr'><strong>Et</strong></span> <span class='ocrx_word' id='word_1_554' title='bbox 2370 2800 2501 2857; x_wconf 88' lang='lat' dir='ltr'><strong>nos,</strong></span> <span class='ocrx_word' id='word_1_555' title='bbox 2553 2781 2785 2857; x_wconf 88' lang='lat' dir='ltr'><strong>fratres,</strong></span> <span class='ocrx_word' id='word_1_556' title='bbox 2850 2801 2984 2843; x_wconf 92' lang='lat' dir='ltr'><strong>cum</strong></span> <span class='ocrx_word' id='word_1_557' title='bbox 3035 2782 3220 2842; x_wconf 91' lang='lat' dir='ltr'><strong>simus</strong></span> <span class='ocrx_word' id='word_1_558' title='bbox 3264 2780 3588 2861; x_wconf 75' lang='lat' dir='ltr'><strong>paralytici,</strong></span> 
     </span>
    </p>
   </div>
   <div class='ocr_carea' id='block_1_74' title="bbox 1916 2866 3595 2950">
    <p class='ocr_par' dir='ltr' id='par_1_74' title="bbox 1916 2866 3595 2950">
     <span class='ocr_line' id='line_1_76' title="bbox 1916 2866 3595 2950; baseline 0.001 -21"><span class='ocrx_word' id='word_1_559' title='bbox 1916 2866 1919 2939; x_wconf 54' lang='lat'>;</span> <span class='ocrx_word' id='word_1_560' title='bbox 1945 2879 2121 2950; x_wconf 85' lang='lat' dir='ltr'><strong>atque</strong></span> <span class='ocrx_word' id='word_1_561' title='bbox 2164 2871 2374 2931; x_wconf 86' lang='lat' dir='ltr'><strong>animae</strong></span> <span class='ocrx_word' id='word_1_562' title='bbox 2405 2870 2559 2931; x_wconf 90' lang='lat' dir='ltr'><strong>vires</strong></span> <span class='ocrx_word' id='word_1_563' title='bbox 2583 2870 2907 2931; x_wconf 87' lang='lat' dir='ltr'><strong>infirmatas</strong></span> <span class='ocrx_word' id='word_1_564' title='bbox 2929 2871 3278 2948; x_wconf 90' lang='lat' dir='ltr'><strong>habeamus,</strong></span> <span class='ocrx_word' id='word_1_565' title='bbox 3303 2867 3502 2929; x_wconf 89' lang='lat' dir='ltr'><strong>curari</strong></span> <span class='ocrx_word' id='word_1_566' title='bbox 3533 2876 3595 2931; x_wconf 89' lang='lat' dir='ltr'><strong>et</strong></span> 
     </span>
    </p>
   </div>
   <div class='ocr_carea' id='block_1_75' title="bbox 1944 2954 3595 3039">
    <p class='ocr_par' dir='ltr' id='par_1_75' title="bbox 1944 2954 3595 3039">
     <span class='ocr_line' id='line_1_77' title="bbox 1944 2954 3595 3039; baseline -0.001 -20"><span class='ocrx_word' id='word_1_567' title='bbox 1944 2959 2095 3039; x_wconf 81' lang='lat' dir='ltr'><strong>erigi</strong></span> <span class='ocrx_word' id='word_1_568' title='bbox 2127 2978 2466 3039; x_wconf 89' lang='lat' dir='ltr'><strong>possumus,</strong></span> <span class='ocrx_word' id='word_1_569' title='bbox 2494 2958 2543 3019; x_wconf 90' lang='lat' dir='ltr'><strong>si</strong></span> <span class='ocrx_word' id='word_1_570' title='bbox 2571 2958 2743 3021; x_wconf 89' lang='lat' dir='ltr'><strong>modo</strong></span> <span class='ocrx_word' id='word_1_571' title='bbox 2767 2958 3081 3039; x_wconf 88' lang='lat' dir='ltr'><strong>cupiamus</strong></span> <span class='ocrx_word' id='word_1_572' title='bbox 3101 2966 3161 3018; x_wconf 87' lang='lat' dir='ltr'><strong>et</strong></span> <span class='ocrx_word' id='word_1_573' title='bbox 3189 2957 3459 3018; x_wconf 86' lang='lat' dir='ltr'><strong>velimus.</strong></span> <span class='ocrx_word' id='word_1_574' title='bbox 3491 2954 3595 3018; x_wconf 89' lang='lat' dir='ltr'><strong>Est</strong></span> 
     </span>
    </p>
   </div>
   <div class='ocr_carea' id='block_1_76' title="bbox 1942 3042 3586 3126">
    <p class='ocr_par' dir='ltr' id='par_1_76' title="bbox 1942 3042 3586 3126">
     <span class='ocr_line' id='line_1_78' title="bbox 1942 3042 3586 3126; baseline -0.002 -18"><span class='ocrx_word' id='word_1_575' title='bbox 1942 3048 2101 3108; x_wconf 90' lang='lat' dir='ltr'><strong>enim</strong></span> <span class='ocrx_word' id='word_1_576' title='bbox 2135 3056 2193 3108; x_wconf 90' lang='lat' dir='ltr'><strong>et</strong></span> <span class='ocrx_word' id='word_1_577' title='bbox 2224 3066 2380 3108; x_wconf 88' lang='lat' dir='ltr'><strong>nunc</strong></span> <span class='ocrx_word' id='word_1_578' title='bbox 2408 3046 2710 3108; x_wconf 88' lang='lat' dir='ltr'><strong>Christum</strong></span> <span class='ocrx_word' id='word_1_579' title='bbox 2742 3046 2803 3107; x_wconf 92' lang='lat' dir='ltr'><strong>in</strong></span> <span class='ocrx_word' id='word_1_580' title='bbox 2837 3046 3073 3126; x_wconf 84' lang='lat' dir='ltr'><strong>propria</strong></span> <span class='ocrx_word' id='word_1_581' title='bbox 3095 3064 3202 3106; x_wconf 88' lang='lat' dir='ltr'><strong>sua</strong></span> <span class='ocrx_word' id='word_1_582' title='bbox 3222 3044 3454 3107; x_wconf 90' lang='lat' dir='ltr'><strong>civitate</strong></span> <span class='ocrx_word' id='word_1_583' title='bbox 3474 3042 3586 3105; x_wconf 87' lang='lat' dir='ltr'><strong>Ca-</strong></span> 
     </span>
    </p>
   </div>
   <div class='ocr_carea' id='block_1_77' title="bbox 1945 3133 3595 3215">
    <p class='ocr_par' dir='ltr' id='par_1_77' title="bbox 1945 3133 3595 3215">
     <span class='ocr_line' id='line_1_79' title="bbox 1945 3133 3595 3215; baseline -0.002 -19"><span class='ocrx_word' id='word_1_584' title='bbox 1945 3136 2298 3215; x_wconf 82' lang='lat' dir='ltr'><strong>pharnaum.</strong></span> <span class='ocrx_word' id='word_1_585' title='bbox 2351 3135 2413 3196; x_wconf 90' lang='lat' dir='ltr'><strong>id</strong></span> <span class='ocrx_word' id='word_1_586' title='bbox 2463 3145 2551 3196; x_wconf 90' lang='lat' dir='ltr'><strong>est</strong></span> <span class='ocrx_word' id='word_1_587' title='bbox 2580 3135 2641 3195; x_wconf 93' lang='lat' dir='ltr'><strong>in</strong></span> <span class='ocrx_word' id='word_1_588' title='bbox 2671 3133 3104 3196; x_wconf 88' lang='lat' dir='ltr'><strong>consolationis</strong></span> <span class='ocrx_word' id='word_1_589' title='bbox 3133 3134 3311 3195; x_wconf 90' lang='lat' dir='ltr'><strong>domo</strong></span> <span class='ocrx_word' id='word_1_590' title='bbox 3343 3150 3473 3213; x_wconf 69' lang='lat' dir='ltr'><strong>quae</strong></span> <span class='ocrx_word' id='word_1_591' title='bbox 3501 3139 3595 3194; x_wconf 86' lang='lat' dir='ltr'><strong>est</strong></span> 
     </span>
    </p>
   </div>
   <div class='ocr_carea' id='block_1_78' title="bbox 1950 3221 3590 3295">
    <p class='ocr_par' dir='ltr' id='par_1_78' title="bbox 1950 3221 3590 3295">
     <span class='ocr_line' id='line_1_80' title="bbox 1950 3221 3590 3295; baseline -0.002 -11"><span class='ocrx_word' id='word_1_592' title='bbox 1950 3225 2225 3287; x_wconf 86' lang='lat' dir='ltr'><strong>ecclesia.</strong></span> <span class='ocrx_word' id='word_1_593' title='bbox 2257 3223 2683 3285; x_wconf 74' lang='lat' dir='ltr'><strong>Consolatoris»</strong></span> <span class='ocrx_word' id='word_1_594' title='bbox 2709 3224 2864 3284; x_wconf 91' lang='lat' dir='ltr'><strong>enim</strong></span> <span class='ocrx_word' id='word_1_595' title='bbox 2921 3225 3154 3293; x_wconf 87' lang='lat' dir='ltr'><strong>domus,</strong></span> <span class='ocrx_word' id='word_1_596' title='bbox 3192 3221 3447 3283; x_wconf 90' lang='lat' dir='ltr'><strong>ecclesia</strong></span> <span class='ocrx_word' id='word_1_597' title='bbox 3477 3228 3590 3295; x_wconf 88' lang='lat' dir='ltr'><strong>est,</strong></span> 
     </span>
    </p>
   </div>
   <div class='ocr_carea' id='block_1_79' title="bbox 1950 3310 3593 3392">
    <p class='ocr_par' dir='ltr' id='par_1_79' title="bbox 1950 3310 3593 3392">
     <span class='ocr_line' id='line_1_81' title="bbox 1950 3310 3593 3392; baseline -0.002 -18"><span class='ocrx_word' id='word_1_598' title='bbox 1950 3310 2167 3374; x_wconf 91' lang='lat' dir='ltr'><strong>Sumus</strong></span> <span class='ocrx_word' id='word_1_599' title='bbox 2195 3321 2392 3374; x_wconf 91' lang='lat' dir='ltr'><strong>autem</strong></span> <span class='ocrx_word' id='word_1_600' title='bbox 2426 3321 2485 3374; x_wconf 93' lang='lat' dir='ltr'><strong>et</strong></span> <span class='ocrx_word' id='word_1_601' title='bbox 2527 3330 2635 3373; x_wconf 88' lang='lat' dir='ltr'><strong>nos</strong></span> <span class='ocrx_word' id='word_1_602' title='bbox 2679 3311 3005 3392; x_wconf 79' lang='lat' dir='ltr'><strong>paralytici,</strong></span> <span class='ocrx_word' id='word_1_603' title='bbox 3071 3310 3299 3371; x_wconf 87' lang='lat' dir='ltr'><strong>animas</strong></span> <span class='ocrx_word' id='word_1_604' title='bbox 3328 3310 3593 3388; x_wconf 81' lang='lat' dir='ltr'><strong>dejectas</strong></span> 
     </span>
    </p>
   </div>
   <div class='ocr_carea' id='block_1_80' title="bbox 1950 3400 3588 3482">
    <p class='ocr_par' dir='ltr' id='par_1_80' title="bbox 1950 3400 3588 3482">
     <span class='ocr_line' id='line_1_82' title="bbox 1950 3400 3588 3482; baseline -0.004 -20"><span class='ocrx_word' id='word_1_605' title='bbox 1950 3400 2263 3477; x_wconf 74' lang='lat' dir='ltr'><strong>habentes,</strong></span> <span class='ocrx_word' id='word_1_606' title='bbox 2290 3402 2513 3482; x_wconf 90' lang='lat' dir='ltr'><strong>absque</strong></span> <span class='ocrx_word' id='word_1_607' title='bbox 2555 3401 2676 3462; x_wconf 92' lang='lat' dir='ltr'><strong>ulla</strong></span> <span class='ocrx_word' id='word_1_608' title='bbox 2698 3401 2770 3461; x_wconf 91' lang='lat' dir='ltr'><strong>ad</strong></span> <span class='ocrx_word' id='word_1_609' title='bbox 2802 3400 3023 3462; x_wconf 86' lang='lat' dir='ltr'><strong>bonum</strong></span> <span class='ocrx_word' id='word_1_610' title='bbox 3053 3400 3268 3459; x_wconf 91' lang='lat' dir='ltr'><strong>virtute</strong></span> <span class='ocrx_word' id='word_1_611' title='bbox 3296 3416 3365 3459; x_wconf 91' lang='lat' dir='ltr'><strong>ac</strong></span> <span class='ocrx_word' id='word_1_612' title='bbox 3402 3406 3588 3458; x_wconf 91' lang='lat' dir='ltr'><strong>motu.</strong></span> 
     </span>
    </p>
   </div>
   <div class='ocr_carea' id='block_1_81' title="bbox 1948 3483 3593 3570">
    <p class='ocr_par' dir='ltr' id='par_1_81' title="bbox 1948 3483 3593 3570">
     <span class='ocr_line' id='line_1_83' title="bbox 1948 3483 3593 3570; baseline -0.003 -19"><span class='ocrx_word' id='word_1_613' title='bbox 1948 3487 2009 3551; x_wconf 92' lang='lat' dir='ltr'><strong>Si</strong></span> <span class='ocrx_word' id='word_1_614' title='bbox 2058 3498 2254 3551; x_wconf 91' lang='lat' dir='ltr'><strong>autem</strong></span> <span class='ocrx_word' id='word_1_615' title='bbox 2308 3509 2414 3570; x_wconf 88' lang='lat' dir='ltr'><strong>per</strong></span> <span class='ocrx_word' id='word_1_616' title='bbox 2459 3488 2868 3570; x_wconf 64' lang='lat' dir='ltr'><strong>paenitentiam</strong></span> <span class='ocrx_word' id='word_1_617' title='bbox 2920 3496 2981 3549; x_wconf 93' lang='lat' dir='ltr'><strong>et</strong></span> <span class='ocrx_word' id='word_1_618' title='bbox 3028 3485 3463 3549; x_wconf 89' lang='lat' dir='ltr'><strong>confessionem</strong></span> <span class='ocrx_word' id='word_1_619' title='bbox 3516 3483 3593 3546; x_wconf 87' lang='lat' dir='ltr'><strong>ad</strong></span> 
     </span>
    </p>
   </div>
   <div class='ocr_carea' id='block_1_82' title="bbox 1946 3571 3592 3656">
    <p class='ocr_par' dir='ltr' id='par_1_82' title="bbox 1946 3571 3592 3656">
     <span class='ocr_line' id='line_1_84' title="bbox 1946 3571 3592 3656; baseline -0.002 -19"><span class='ocrx_word' id='word_1_620' title='bbox 1946 3577 2263 3638; x_wconf 90' lang='lat' dir='ltr'><strong>Dominum</strong></span> <span class='ocrx_word' id='word_1_621' title='bbox 2305 3595 2683 3656; x_wconf 80' lang='lat' dir='ltr'><strong>resurgamus</strong></span> <span class='ocrx_word' id='word_1_622' title='bbox 2712 3584 2770 3637; x_wconf 91' lang='lat' dir='ltr'><strong>et</strong></span> <span class='ocrx_word' id='word_1_623' title='bbox 2795 3577 3175 3644; x_wconf 85' lang='lat' dir='ltr'><strong>reducamur,</strong></span> <span class='ocrx_word' id='word_1_624' title='bbox 3210 3582 3348 3633; x_wconf 92' lang='lat' dir='ltr'><strong>tunc</strong></span> <span class='ocrx_word' id='word_1_625' title='bbox 3377 3571 3592 3634; x_wconf 76' lang='lat' dir='ltr'><strong>audie~</strong></span> 
     </span>
    </p>
   </div>
   <div class='ocr_carea' id='block_1_83' title="bbox 1947 3661 3596 3744">
    <p class='ocr_par' dir='ltr' id='par_1_83' title="bbox 1947 3661 3596 3744">
     <span class='ocr_line' id='line_1_85' title="bbox 1947 3661 3596 3744; baseline -0.002 -20"><span class='ocrx_word' id='word_1_626' title='bbox 1947 3683 2077 3726; x_wconf 91' lang='lat' dir='ltr'><strong>mus</strong></span> <span class='ocrx_word' id='word_1_627' title='bbox 2094 3684 2327 3726; x_wconf 91' lang='lat' dir='ltr'><strong>suavem</strong></span> <span class='ocrx_word' id='word_1_628' title='bbox 2362 3666 2492 3744; x_wconf 85' lang='lat' dir='ltr'><strong>ejus</strong></span> <span class='ocrx_word' id='word_1_629' title='bbox 2523 3682 2725 3726; x_wconf 87' lang='lat' dir='ltr'><strong>vocem</strong></span> <span class='ocrx_word' id='word_1_630' title='bbox 2757 3682 2885 3743; x_wconf 64' lang='lat' dir='ltr'><strong>quae</strong></span> <span class='ocrx_word' id='word_1_631' title='bbox 2915 3662 3115 3724; x_wconf 88' lang='lat' dir='ltr'><strong>omnia</strong></span> <span class='ocrx_word' id='word_1_632' title='bbox 3144 3669 3359 3742; x_wconf 91' lang='lat' dir='ltr'><strong>potest,</strong></span> <span class='ocrx_word' id='word_1_633' title='bbox 3391 3661 3596 3722; x_wconf 87' lang='lat' dir='ltr'><strong>dicen-</strong></span> 
     </span>
    </p>
   </div>
   <div class='ocr_carea' id='block_1_84' title="bbox 1951 3748 3595 3830">
    <p class='ocr_par' dir='ltr' id='par_1_84' title="bbox 1951 3748 3595 3830">
     <span class='ocr_line' id='line_1_86' title="bbox 1951 3748 3595 3830; baseline 0 -18"><span class='ocrx_word' id='word_1_634' title='bbox 1951 3760 2067 3813; x_wconf 94' lang='lat' dir='ltr'><strong>tem</strong></span> <span class='ocrx_word' id='word_1_635' title='bbox 2118 3753 2337 3815; x_wconf 89' lang='lat' dir='ltr'><strong>nobis:</strong></span> <span class='ocrx_word' id='word_1_636' title='bbox 2396 3774 2425 3812; x_wconf 65' lang='grc' dir='ltr'>ι</span> <span class='ocrx_word' id='word_1_637' title='bbox 2482 3752 2639 3826; x_wconf 69' lang='grc' dir='ltr'><strong>Εἱιιί,</strong></span> <span class='ocrx_word' id='word_1_638' title='bbox 2692 3752 3081 3814; x_wconf 85' lang='lat' dir='ltr'><strong>dimittuntur</strong></span> <span class='ocrx_word' id='word_1_639' title='bbox 3132 3748 3298 3811; x_wconf 90' lang='lat' dir='ltr'><strong>vobis</strong></span> <span class='ocrx_word' id='word_1_640' title='bbox 3329 3758 3595 3830; x_wconf 83' lang='lat' dir='ltr'><strong>peccata.</strong></span> 
     </span>
    </p>
   </div>
   <div class='ocr_carea' id='block_1_85' title="bbox 1948 3837 3599 3919">
    <p class='ocr_par' dir='ltr' id='par_1_85' title="bbox 1948 3837 3599 3919">
     <span class='ocr_line' id='line_1_87' title="bbox 1948 3837 3599 3919; baseline -0.003 -16"><span class='ocrx_word' id='word_1_641' title='bbox 1948 3841 2082 3903; x_wconf 91' lang='lat' dir='ltr'><strong>Filii</strong></span> <span class='ocrx_word' id='word_1_642' title='bbox 2119 3842 2277 3903; x_wconf 91' lang='lat' dir='ltr'><strong>enim</strong></span> <span class='ocrx_word' id='word_1_643' title='bbox 2311 3841 2416 3903; x_wconf 91' lang='lat' dir='ltr'><strong>Dei</strong></span> <span class='ocrx_word' id='word_1_644' title='bbox 2443 3842 2640 3913; x_wconf 84' lang='lat' dir='ltr'><strong>fimus,</strong></span> <span class='ocrx_word' id='word_1_645' title='bbox 2693 3859 2827 3902; x_wconf 92' lang='lat' dir='ltr'><strong>cum</strong></span> <span class='ocrx_word' id='word_1_646' title='bbox 2879 3839 2952 3901; x_wconf 91' lang='lat' dir='ltr'><strong>ad</strong></span> <span class='ocrx_word' id='word_1_647' title='bbox 2983 3856 3120 3901; x_wconf 78' lang='lat' dir='ltr'><strong>eum</strong></span> <span class='ocrx_word' id='word_1_648' title='bbox 3156 3854 3263 3919; x_wconf 90' lang='lat' dir='ltr'><strong>per</strong></span> <span class='ocrx_word' id='word_1_649' title='bbox 3294 3837 3599 3918; x_wconf 75' lang='lat' dir='ltr'><strong>poeniten-</strong></span> 
     </span>
    </p>
   </div>
   <div class='ocr_carea' id='block_1_86' title="bbox 1951 3921 3601 3992">
    <p class='ocr_par' dir='ltr' id='par_1_86' title="bbox 1951 3921 3601 3992">
     <span class='ocr_line' id='line_1_88' title="bbox 1951 3921 3601 3992; baseline -0.002 -1"><span class='ocrx_word' id='word_1_650' title='bbox 1951 3929 2089 3991; x_wconf 92' lang='lat' dir='ltr'><strong>tiam</strong></span> <span class='ocrx_word' id='word_1_651' title='bbox 2120 3929 2402 3991; x_wconf 87' lang='lat' dir='ltr'><strong>mundam</strong></span> <span class='ocrx_word' id='word_1_652' title='bbox 2435 3939 2496 3992; x_wconf 95' lang='lat' dir='ltr'><strong>et</strong></span> <span class='ocrx_word' id='word_1_653' title='bbox 2537 3928 2972 3990; x_wconf 82' lang='lat' dir='ltr'><strong>confessionem</strong></span> <span class='ocrx_word' id='word_1_654' title='bbox 3000 3921 3399 3991; x_wconf 68' lang='lat' dir='ltr'><strong>°revertimur.</strong></span> <span class='ocrx_word' id='word_1_655' title='bbox 3432 3925 3601 3988; x_wconf 91' lang='lat' dir='ltr'><strong>Tunc</strong></span> 
     </span>
    </p>
   </div>
   <div class='ocr_carea' id='block_1_87' title="bbox 1951 4016 3602 4098">
    <p class='ocr_par' dir='ltr' id='par_1_87' title="bbox 1951 4016 3602 4098">
     <span class='ocr_line' id='line_1_89' title="bbox 1951 4016 3602 4098; baseline -0.002 -18"><span class='ocrx_word' id='word_1_656' title='bbox 1951 4027 2009 4080; x_wconf 91' lang='lat' dir='ltr'><strong>et</strong></span> <span class='ocrx_word' id='word_1_657' title='bbox 2039 4037 2340 4095; x_wconf 89' lang='lat' dir='ltr'><strong>sanamur,</strong></span> <span class='ocrx_word' id='word_1_658' title='bbox 2378 4027 2436 4080; x_wconf 91' lang='lat' dir='ltr'><strong>et</strong></span> <span class='ocrx_word' id='word_1_659' title='bbox 2465 4018 2815 4098; x_wconf 81' lang='lat' dir='ltr'><strong>grabbatum</strong></span> <span class='ocrx_word' id='word_1_660' title='bbox 2849 4025 3117 4078; x_wconf 90' lang='lat' dir='ltr'><strong>nostrum</strong></span> <span class='ocrx_word' id='word_1_661' title='bbox 3150 4016 3433 4090; x_wconf 89' lang='lat' dir='ltr'><strong>tollimus,</strong></span> <span class='ocrx_word' id='word_1_662' title='bbox 3465 4032 3602 4077; x_wconf 90' lang='lat' dir='ltr'><strong>cor-</strong></span> 
     </span>
    </p>
   </div>
   <div class='ocr_carea' id='block_1_88' title="bbox 1950 4103 3601 4187">
    <p class='ocr_par' dir='ltr' id='par_1_88' title="bbox 1950 4103 3601 4187">
     <span class='ocr_line' id='line_1_90' title="bbox 1950 4103 3601 4187; baseline -0.002 -20"><span class='ocrx_word' id='word_1_663' title='bbox 1950 4126 2060 4187; x_wconf 90' lang='lat' dir='ltr'><strong>pus</strong></span> <span class='ocrx_word' id='word_1_664' title='bbox 2091 4106 2343 4183; x_wconf 89' lang='lat' dir='ltr'><strong>scilicet,</strong></span> <span class='ocrx_word' id='word_1_665' title='bbox 2379 4107 2528 4167; x_wconf 90' lang='lat' dir='ltr'><strong>illud</strong></span> <span class='ocrx_word' id='word_1_666' title='bbox 2559 4106 2633 4168; x_wconf 90' lang='lat' dir='ltr'><strong>ad</strong></span> <span class='ocrx_word' id='word_1_667' title='bbox 2665 4106 3084 4167; x_wconf 88' lang='lat' dir='ltr'><strong>mandatorum</strong></span> <span class='ocrx_word' id='word_1_668' title='bbox 3109 4103 3601 4182; x_wconf 78' lang='lat' dir='ltr'><strong>adimplelionem</strong></span> 
     </span>
    </p>
   </div>
   <div class='ocr_carea' id='block_1_89' title="bbox 1953 4191 3603 4275">
    <p class='ocr_par' dir='ltr' id='par_1_89' title="bbox 1953 4191 3603 4275">
     <span class='ocr_line' id='line_1_91' title="bbox 1953 4191 3603 4275; baseline -0.002 -19"><span class='ocrx_word' id='word_1_669' title='bbox 1953 4202 2275 4259; x_wconf 87' lang='lat' dir='ltr'><strong>moventes.</strong></span> <span class='ocrx_word' id='word_1_670' title='bbox 2355 4194 2558 4275; x_wconf 89' lang='lat' dir='ltr'><strong>Neque</strong></span> <span class='ocrx_word' id='word_1_671' title='bbox 2620 4194 2782 4256; x_wconf 91' lang='lat' dir='ltr'><strong>enim</strong></span> <span class='ocrx_word' id='word_1_672' title='bbox 2837 4194 3053 4256; x_wconf 79' lang='lat' dir='ltr'><strong>sufﬁcit</strong></span> <span class='ocrx_word' id='word_1_673' title='bbox 3102 4211 3210 4254; x_wconf 90' lang='lat' dir='ltr'><strong>nos</strong></span> <span class='ocrx_word' id='word_1_674' title='bbox 3252 4210 3287 4253; x_wconf 90' lang='lat' dir='ltr'><strong>a</strong></span> <span class='ocrx_word' id='word_1_675' title='bbox 3344 4191 3603 4272; x_wconf 87' lang='lat' dir='ltr'><strong>peccatis</strong></span> 
     </span>
    </p>
   </div>
   <div class='ocr_carea' id='block_1_90' title="bbox 216 4261 1857 4365">
    <p class='ocr_par' dir='ltr' id='par_1_90' title="bbox 216 4281 1857 4364">
     <span class='ocr_line' id='line_1_92' title="bbox 216 4281 1857 4364; baseline 0.001 -24"><span class='ocrx_word' id='word_1_676' title='bbox 216 4281 393 4340; x_wconf 73' lang='grc' dir='ltr'>τολῶν</span> <span class='ocrx_word' id='word_1_677' title='bbox 477 4282 717 4363; x_wconf 79' lang='grc' dir='ltr'>ἐργασίαν</span> <span class='ocrx_word' id='word_1_678' title='bbox 800 4290 1086 4347; x_wconf 80' lang='grc' dir='ltr'>κινοῦντες.</span> <span class='ocrx_word' id='word_1_679' title='bbox 1175 4283 1302 4341; x_wconf 66' lang='grc' dir='ltr'><strong>Οὒδὲ</strong></span> <span class='ocrx_word' id='word_1_680' title='bbox 1385 4287 1484 4364; x_wconf 70' lang='grc' dir='ltr'>γὰρ</span> <span class='ocrx_word' id='word_1_681' title='bbox 1555 4286 1715 4362; x_wconf 90' lang='grc' dir='ltr'>μόνον</span> <span class='ocrx_word' id='word_1_682' title='bbox 1784 4284 1857 4342; x_wconf 61' lang='grc' dir='ltr'>δεῖ</span> 
     </span>
    </p>
   </div>
   <div class='ocr_carea' id='block_1_91' title="bbox 1944 4261 3601 4365">
    <p class='ocr_par' dir='ltr' id='par_1_91' title="bbox 1950 4261 3601 4365">
     <span class='ocr_line' id='line_1_93' title="bbox 1950 4261 3601 4365; baseline -0.003 -20"><span class='ocrx_word' id='word_1_683' title='bbox 1950 4303 2264 4363; x_wconf 82' lang='lat' dir='ltr'><strong>resurgere</strong></span> <span class='ocrx_word' id='word_1_684' title='bbox 2285 4292 2383 4345; x_wconf 90' lang='lat' dir='ltr'><strong>aut</strong></span> <span class='ocrx_word' id='word_1_685' title='bbox 2413 4261 2789 4365; x_wconf 77' lang='lat' dir='ltr'><strong>peccatorum</strong></span> <span class='ocrx_word' id='word_1_686' title='bbox 2813 4281 3188 4355; x_wconf 88' lang='lat' dir='ltr'><strong>meminisse,</strong></span> <span class='ocrx_word' id='word_1_687' title='bbox 3208 4280 3314 4342; x_wconf 90' lang='lat' dir='ltr'><strong>sed</strong></span> <span class='ocrx_word' id='word_1_688' title='bbox 3334 4261 3394 4341; x_wconf 79' lang='lat' dir='ltr'><strong>et</strong></span> <span class='ocrx_word' id='word_1_689' title='bbox 3420 4298 3601 4360; x_wconf 85' lang='lat' dir='ltr'><strong>opor-</strong></span> 
     </span>
    </p>
   </div>
   <div class='ocr_carea' id='block_1_92' title="bbox 221 4371 1857 4451">
    <p class='ocr_par' dir='ltr' id='par_1_92' title="bbox 221 4372 1857 4451">
     <span class='ocr_line' id='line_1_94' title="bbox 221 4372 1857 4451; baseline 0.001 -23"><span class='ocrx_word' id='word_1_690' title='bbox 221 4373 499 4450; x_wconf 67' lang='grc' dir='ltr'>ἐγερθῆναι</span> <span class='ocrx_word' id='word_1_691' title='bbox 568 4374 710 4446; x_wconf 75' lang='grc' dir='ltr'>ἡμᾶς</span> <span class='ocrx_word' id='word_1_692' title='bbox 778 4372 885 4428; x_wconf 80' lang='grc' dir='ltr'><strong>ἀπὸ</strong></span> <span class='ocrx_word' id='word_1_693' title='bbox 951 4378 1050 4439; x_wconf 78' lang='grc' dir='ltr'><strong>τῆς</strong></span> <span class='ocrx_word' id='word_1_694' title='bbox 1123 4373 1401 4451; x_wconf 80' lang='grc' dir='ltr'>ἁμαρτίας,</span> <span class='ocrx_word' id='word_1_695' title='bbox 1462 4372 1497 4441; x_wconf 75' lang='grc' dir='ltr'><strong>ἢ</strong></span> <span class='ocrx_word' id='word_1_696' title='bbox 1543 4375 1631 4429; x_wconf 90' lang='grc' dir='ltr'><strong>καὶ</strong></span> <span class='ocrx_word' id='word_1_697' title='bbox 1678 4395 1857 4440; x_wconf 87' lang='grc' dir='ltr'>νοησαι</span> 
     </span>
    </p>
   </div>
   <div class='ocr_carea' id='block_1_93' title="bbox 1944 4371 3602 4451">
    <p class='ocr_par' dir='ltr' id='par_1_93' title="bbox 1948 4371 3602 4451">
     <span class='ocr_line' id='line_1_95' title="bbox 1948 4371 3602 4451; baseline -0.001 -18"><span class='ocrx_word' id='word_1_698' title='bbox 1948 4381 2033 4434; x_wconf 92' lang='lat' dir='ltr'><strong>tet</strong></span> <span class='ocrx_word' id='word_1_699' title='bbox 2065 4392 2171 4433; x_wconf 92' lang='lat' dir='ltr'><strong>nos</strong></span> <span class='ocrx_word' id='word_1_700' title='bbox 2191 4373 2561 4451; x_wconf 79' lang='lat' dir='ltr'><strong>grahbatum,</strong></span> <span class='ocrx_word' id='word_1_701' title='bbox 2589 4372 2647 4432; x_wconf 91' lang='lat' dir='ltr'><strong>id</strong></span> <span class='ocrx_word' id='word_1_702' title='bbox 2674 4379 2763 4433; x_wconf 92' lang='lat' dir='ltr'><strong>est</strong></span> <span class='ocrx_word' id='word_1_703' title='bbox 2783 4389 2999 4451; x_wconf 91' lang='lat' dir='ltr'><strong>corpus</strong></span> <span class='ocrx_word' id='word_1_704' title='bbox 3026 4371 3238 4432; x_wconf 87' lang='lat' dir='ltr'><strong>tollere</strong></span> <span class='ocrx_word' id='word_1_705' title='bbox 3268 4377 3328 4431; x_wconf 92' lang='lat' dir='ltr'><strong>et</strong></span> <span class='ocrx_word' id='word_1_706' title='bbox 3359 4387 3602 4431; x_wconf 89' lang='lat' dir='ltr'><strong>movere</strong></span> 
     </span>
    </p>
   </div>
   <div class='ocr_carea' id='block_1_94' title="bbox 219 4457 1857 4540">
    <p class='ocr_par' dir='ltr' id='par_1_94' title="bbox 219 4457 1857 4540">
     <span class='ocr_line' id='line_1_96' title="bbox 219 4457 1857 4540; baseline 0.001 -25"><span class='ocrx_word' id='word_1_707' title='bbox 219 4458 304 4515; x_wconf 84' lang='grc' dir='ltr'><strong>ὅτι</strong></span> <span class='ocrx_word' id='word_1_708' title='bbox 374 4459 762 4539; x_wconf 82' lang='grc' dir='ltr'>ἁπαρτάνομεν,</span> <span class='ocrx_word' id='word_1_709' title='bbox 829 4457 965 4515; x_wconf 74' lang='grc' dir='ltr'>ἀλλὰ</span> <span class='ocrx_word' id='word_1_710' title='bbox 1023 4461 1109 4515; x_wconf 84' lang='grc' dir='ltr'><strong>καὶ</strong></span> <span class='ocrx_word' id='word_1_711' title='bbox 1170 4462 1259 4515; x_wconf 77' lang='grc' dir='ltr'>τὸν</span> <span class='ocrx_word' id='word_1_712' title='bbox 1331 4457 1645 4540; x_wconf 62' lang='grc' dir='ltr'>κράὲὅατον,</span> <span class='ocrx_word' id='word_1_713' title='bbox 1716 4482 1857 4516; x_wconf 88' lang='grc' dir='ltr'>τουτ-</span> 
     </span>
    </p>
   </div>
   <div class='ocr_carea' id='block_1_95' title="bbox 1944 4457 3602 4540">
    <p class='ocr_par' dir='ltr' id='par_1_95' title="bbox 1948 4457 3602 4540">
     <span class='ocr_line' id='line_1_97' title="bbox 1948 4457 3602 4540; baseline -0.002 -18"><span class='ocrx_word' id='word_1_714' title='bbox 1948 4462 2020 4522; x_wconf 90' lang='lat' dir='ltr'><strong>ad</strong></span> <span class='ocrx_word' id='word_1_715' title='bbox 2057 4461 2195 4521; x_wconf 92' lang='lat' dir='ltr'><strong>boni</strong></span> <span class='ocrx_word' id='word_1_716' title='bbox 2214 4469 2271 4522; x_wconf 93' lang='lat' dir='ltr'><strong>et</strong></span> <span class='ocrx_word' id='word_1_717' title='bbox 2294 4460 2524 4521; x_wconf 87' lang='lat' dir='ltr'><strong>virtutis</strong></span> <span class='ocrx_word' id='word_1_718' title='bbox 2548 4459 2983 4540; x_wconf 86' lang='lat' dir='ltr'><strong>operationem.</strong></span> <span class='ocrx_word' id='word_1_719' title='bbox 3006 4460 3171 4522; x_wconf 92' lang='lat' dir='ltr'><strong>Tunc</strong></span> <span class='ocrx_word' id='word_1_720' title='bbox 3188 4457 3348 4520; x_wconf 90' lang='lat' dir='ltr'><strong>enim</strong></span> <span class='ocrx_word' id='word_1_721' title='bbox 3369 4464 3602 4519; x_wconf 89' lang='lat' dir='ltr'><strong>mentes</strong></span> 
     </span>
    </p>
   </div>
   <div class='ocr_carea' id='block_1_96' title="bbox 221 4547 1857 4629">
    <p class='ocr_par' dir='ltr' id='par_1_96' title="bbox 221 4547 1857 4627">
     <span class='ocr_line' id='line_1_98' title="bbox 221 4547 1857 4627; baseline 0.002 -25"><span class='ocrx_word' id='word_1_722' title='bbox 221 4548 357 4620; x_wconf 79' lang='grc' dir='ltr'>ἐστι,</span> <span class='ocrx_word' id='word_1_723' title='bbox 428 4548 491 4625; x_wconf 78' lang='grc' dir='ltr'>τὸ</span> <span class='ocrx_word' id='word_1_724' title='bbox 532 4553 715 4621; x_wconf 86' lang='grc' dir='ltr'>σῶμα</span> <span class='ocrx_word' id='word_1_725' title='bbox 785 4547 903 4626; x_wconf 82' lang='grc' dir='ltr'>ἆραι</span> <span class='ocrx_word' id='word_1_726' title='bbox 964 4549 1051 4603; x_wconf 87' lang='grc' dir='ltr'><strong>καὶ</strong></span> <span class='ocrx_word' id='word_1_727' title='bbox 1100 4553 1312 4614; x_wconf 80' lang='grc' dir='ltr'>κινῆσαι</span> <span class='ocrx_word' id='word_1_728' title='bbox 1363 4550 1433 4611; x_wconf 86' lang='grc' dir='ltr'><strong>εἰς</strong></span> <span class='ocrx_word' id='word_1_729' title='bbox 1480 4547 1724 4627; x_wconf 84' lang='grc' dir='ltr'>ἐργασίαν</span> <span class='ocrx_word' id='word_1_730' title='bbox 1772 4558 1857 4608; x_wconf 71' lang='grc' dir='ltr'><strong>τοῦ</strong></span> 
     </span>
    </p>
   </div>
   <div class='ocr_carea' id='block_1_97' title="bbox 1944 4547 3606 4629">
    <p class='ocr_par' dir='ltr' id='par_1_97' title="bbox 1949 4548 3606 4629">
     <span class='ocr_line' id='line_1_99' title="bbox 1949 4548 3606 4629; baseline -0.002 -18"><span class='ocrx_word' id='word_1_731' title='bbox 1949 4558 2165 4611; x_wconf 83' lang='lat' dir='ltr'><strong>nostrae</strong></span> <span class='ocrx_word' id='word_1_732' title='bbox 2185 4550 2457 4612; x_wconf 67' lang='lat' dir='ltr'><strong>videntes</strong></span> <span class='ocrx_word' id='word_1_733' title='bbox 2483 4556 2541 4612; x_wconf 91' lang='lat' dir='ltr'><strong>et</strong></span> <span class='ocrx_word' id='word_1_734' title='bbox 2567 4548 2960 4629; x_wconf 88' lang='lat' dir='ltr'><strong>spiritualiter</strong></span> <span class='ocrx_word' id='word_1_735' title='bbox 2998 4548 3331 4628; x_wconf 83' lang='lat' dir='ltr'><strong>cogitantes</strong></span> <span class='ocrx_word' id='word_1_736' title='bbox 3379 4554 3523 4627; x_wconf 89' lang='lat' dir='ltr'><strong>quot</strong></span> <span class='ocrx_word' id='word_1_737' title='bbox 3547 4553 3606 4607; x_wconf 87' lang='lat' dir='ltr'><strong>et</strong></span> 
     </span>
    </p>
   </div>
   <div class='ocr_carea' id='block_1_98' title="bbox 219 4633 1857 4719">
    <p class='ocr_par' dir='ltr' id='par_1_98' title="bbox 219 4633 1857 4715">
     <span class='ocr_line' id='line_1_100' title="bbox 219 4633 1857 4715; baseline 0 -23"><span class='ocrx_word' id='word_1_738' title='bbox 219 4633 386 4693; x_wconf 75' lang='grc' dir='ltr'>καλοῦ</span> <span class='ocrx_word' id='word_1_739' title='bbox 440 4636 529 4697; x_wconf 81' lang='grc' dir='ltr'><strong>καὶ</strong></span> <span class='ocrx_word' id='word_1_740' title='bbox 581 4640 681 4702; x_wconf 79' lang='grc' dir='ltr'><strong>τῆς</strong></span> <span class='ocrx_word' id='word_1_741' title='bbox 739 4635 953 4715; x_wconf 78' lang='grc' dir='ltr'>ἀρετῆς.</span> <span class='ocrx_word' id='word_1_742' title='bbox 1010 4636 1139 4692; x_wconf 84' lang='grc' dir='ltr'>Τότε</span> <span class='ocrx_word' id='word_1_743' title='bbox 1185 4638 1352 4693; x_wconf 85' lang='grc' dir='ltr'>τοίνυν</span> <span class='ocrx_word' id='word_1_744' title='bbox 1402 4638 1489 4692; x_wconf 87' lang='grc' dir='ltr'><strong>καὶ</strong></span> <span class='ocrx_word' id='word_1_745' title='bbox 1533 4639 1578 4691; x_wconf 72' lang='grc' dir='ltr'><strong>οξ</strong></span> <span class='ocrx_word' id='word_1_746' title='bbox 1629 4636 1683 4693; x_wconf 86' lang='grc' dir='ltr'><strong>ἐν</strong></span> <span class='ocrx_word' id='word_1_747' title='bbox 1727 4638 1857 4712; x_wconf 77' lang='grc' dir='ltr'>ἡμῖν</span> 
     </span>
    </p>
   </div>
   <div class='ocr_carea' id='block_1_99' title="bbox 1944 4633 3605 4719">
    <p class='ocr_par' dir='ltr' id='par_1_99' title="bbox 1949 4633 3605 4719">
     <span class='ocr_line' id='line_1_101' title="bbox 1949 4633 3605 4719; baseline -0.002 -20"><span class='ocrx_word' id='word_1_748' title='bbox 1949 4653 2167 4718; x_wconf 82' lang='lat' dir='ltr'><strong>quanta</strong></span> <span class='ocrx_word' id='word_1_749' title='bbox 2200 4656 2307 4719; x_wconf 90' lang='lat' dir='ltr'><strong>per</strong></span> <span class='ocrx_word' id='word_1_750' title='bbox 2331 4656 2440 4699; x_wconf 93' lang='lat' dir='ltr'><strong>nos</strong></span> <span class='ocrx_word' id='word_1_751' title='bbox 2471 4636 2740 4699; x_wconf 78' lang='lat' dir='ltr'><strong>effecerit</strong></span> <span class='ocrx_word' id='word_1_752' title='bbox 2771 4637 3018 4700; x_wconf 86' lang='lat' dir='ltr'><strong>Creator</strong></span> <span class='ocrx_word' id='word_1_753' title='bbox 3047 4645 3105 4699; x_wconf 92' lang='lat' dir='ltr'><strong>et</strong></span> <span class='ocrx_word' id='word_1_754' title='bbox 3127 4634 3433 4705; x_wconf 88' lang='lat' dir='ltr'><strong>Dominus,</strong></span> <span class='ocrx_word' id='word_1_755' title='bbox 3458 4633 3605 4695; x_wconf 88' lang='lat' dir='ltr'><strong>etad</strong></span> 
     </span>
    </p>
   </div>
   <div class='ocr_carea' id='block_1_100' title="bbox 218 4720 1857 4807">
    <p class='ocr_par' dir='ltr' id='par_1_100' title="bbox 218 4720 1857 4801">
     <span class='ocr_line' id='line_1_102' title="bbox 218 4720 1857 4801; baseline 0.001 -23"><span class='ocrx_word' id='word_1_756' title='bbox 218 4722 464 4797; x_wconf 86' lang='grc' dir='ltr'>λογισμοὶ</span> <span class='ocrx_word' id='word_1_757' title='bbox 548 4720 741 4786; x_wconf 77' lang='grc' dir='ltr'>ἰδόντες</span> <span class='ocrx_word' id='word_1_758' title='bbox 825 4725 912 4780; x_wconf 90' lang='grc' dir='ltr'><strong>καὶ</strong></span> <span class='ocrx_word' id='word_1_759' title='bbox 991 4726 1411 4793; x_wconf 77' lang='grc' dir='ltr'>κατανοήσαντες</span> <span class='ocrx_word' id='word_1_760' title='bbox 1497 4732 1857 4801; x_wconf 77' lang='grc' dir='ltr'>πνευματικῶς</span> 
     </span>
    </p>
   </div>
   <div class='ocr_carea' id='block_1_101' title="bbox 1944 4720 3605 4807">
    <p class='ocr_par' dir='ltr' id='par_1_101' title="bbox 1949 4722 3605 4807">
     <span class='ocr_line' id='line_1_103' title="bbox 1949 4722 3605 4807; baseline -0.002 -20"><span class='ocrx_word' id='word_1_761' title='bbox 1949 4727 2076 4788; x_wconf 63' lang='lat' dir='ltr'><strong>haec</strong></span> <span class='ocrx_word' id='word_1_762' title='bbox 2106 4726 2559 4807; x_wconf 89' lang='lat' dir='ltr'><strong>contemplanda</strong></span> <span class='ocrx_word' id='word_1_763' title='bbox 2586 4724 2945 4787; x_wconf 86' lang='lat' dir='ltr'><strong>festinantes</strong></span> <span class='ocrx_word' id='word_1_764' title='bbox 2974 4722 3395 4807; x_wconf 82' lang='lat' dir='ltr'><strong>gloriﬁcabunt</strong></span> <span class='ocrx_word' id='word_1_765' title='bbox 3416 4724 3605 4784; x_wconf 88' lang='lat' dir='ltr'><strong>Deum</strong></span> 
     </span>
    </p>
   </div>
   <div class='ocr_carea' id='block_1_102' title="bbox 221 4807 1857 4895">
    <p class='ocr_par' dir='ltr' id='par_1_102' title="bbox 221 4807 1857 4893">
     <span class='ocr_line' id='line_1_104' title="bbox 221 4807 1857 4893; baseline 0.001 -26"><span class='ocrx_word' id='word_1_766' title='bbox 221 4811 294 4867; x_wconf 79' lang='grc' dir='ltr'><strong>τὰ</strong></span> <span class='ocrx_word' id='word_1_767' title='bbox 324 4807 410 4867; x_wconf 86' lang='grc' dir='ltr'>,δι’</span> <span class='ocrx_word' id='word_1_768' title='bbox 467 4812 608 4887; x_wconf 76' lang='grc' dir='ltr'>ἡμᾶς</span> <span class='ocrx_word' id='word_1_769' title='bbox 661 4810 834 4871; x_wconf 76' lang='grc' dir='ltr'>πολλὰ</span> <span class='ocrx_word' id='word_1_770' title='bbox 897 4813 987 4868; x_wconf 87' lang='grc' dir='ltr'><strong>καὶ</strong></span> <span class='ocrx_word' id='word_1_771' title='bbox 1032 4810 1238 4891; x_wconf 87' lang='grc' dir='ltr'>μεγάλα</span> <span class='ocrx_word' id='word_1_772' title='bbox 1284 4811 1410 4891; x_wconf 76' lang='grc' dir='ltr'>ἔργα</span> <span class='ocrx_word' id='word_1_773' title='bbox 1459 4823 1551 4871; x_wconf 78' lang='grc' dir='ltr'><strong>τοῦ</strong></span> <span class='ocrx_word' id='word_1_774' title='bbox 1604 4823 1857 4893; x_wconf 84' lang='grc' dir='ltr'>Δημιουρ-</span> 
     </span>
    </p>
   </div>
   <div class='ocr_carea' id='block_1_103' title="bbox 1944 4807 3605 4895">
    <p class='ocr_par' dir='ltr' id='par_1_103' title="bbox 1951 4809 3605 4895">
     <span class='ocr_line' id='line_1_105' title="bbox 1951 4809 3605 4895; baseline -0.003 -19"><span class='ocrx_word' id='word_1_775' title='bbox 1951 4814 2076 4876; x_wconf 73' lang='lat' dir='ltr'><strong>haec</strong></span> <span class='ocrx_word' id='word_1_776' title='bbox 2108 4814 2403 4877; x_wconf 89' lang='lat' dir='ltr'><strong>mirabilia</strong></span> <span class='ocrx_word' id='word_1_777' title='bbox 2432 4822 2818 4895; x_wconf 88' lang='lat' dir='ltr'><strong>operantem;</strong></span> <span class='ocrx_word' id='word_1_778' title='bbox 2870 4812 3009 4895; x_wconf 88' lang='lat' dir='ltr'><strong>quia</strong></span> <span class='ocrx_word' id='word_1_779' title='bbox 3038 4813 3152 4895; x_wconf 91' lang='lat' dir='ltr'><strong>ipsi</strong></span> <span class='ocrx_word' id='word_1_780' title='bbox 3182 4810 3373 4892; x_wconf 76' lang='lat' dir='ltr'><strong>gloria</strong></span> <span class='ocrx_word' id='word_1_781' title='bbox 3399 4809 3463 4871; x_wconf 90' lang='lat' dir='ltr'><strong>in</strong></span> <span class='ocrx_word' id='word_1_782' title='bbox 3493 4827 3605 4872; x_wconf 64' lang='lat' dir='ltr'><strong>sa-</strong></span> 
     </span>
    </p>
   </div>
   <div class='ocr_carea' id='block_1_104' title="bbox 224 4900 1857 4981">
    <p class='ocr_par' dir='ltr' id='par_1_104' title="bbox 224 4900 1857 4981">
     <span class='ocr_line' id='line_1_106' title="bbox 224 4900 1857 4981; baseline 0.002 -27"><span class='ocrx_word' id='word_1_783' title='bbox 224 4905 325 4978; x_wconf 77' lang='grc' dir='ltr'>γοῦ</span> <span class='ocrx_word' id='word_1_784' title='bbox 388 4900 476 4955; x_wconf 80' lang='grc' dir='ltr'><strong>καὶ</strong></span> <span class='ocrx_word' id='word_1_785' title='bbox 548 4901 838 4975; x_wconf 87' lang='grc' dir='ltr'>Δεσπότου,</span> <span class='ocrx_word' id='word_1_786' title='bbox 912 4902 999 4956; x_wconf 87' lang='grc' dir='ltr'><strong>καὶ</strong></span> <span class='ocrx_word' id='word_1_787' title='bbox 1068 4902 1140 4963; x_wconf 77' lang='grc' dir='ltr'><strong>είς</strong></span> <span class='ocrx_word' id='word_1_788' title='bbox 1209 4902 1424 4979; x_wconf 86' lang='grc' dir='ltr'>θεωρίαν</span> <span class='ocrx_word' id='word_1_789' title='bbox 1482 4901 1675 4967; x_wconf 84' lang='grc' dir='ltr'>ταύτην</span> <span class='ocrx_word' id='word_1_790' title='bbox 1730 4902 1857 4981; x_wconf 74' lang='grc' dir='ltr'>φθά-</span> 
     </span>
    </p>
   </div>
   <div class='ocr_carea' id='block_1_105' title="bbox 1944 4900 2749 4981">
    <p class='ocr_par' dir='ltr' id='par_1_105' title="bbox 1950 4903 2749 4966">
     <span class='ocr_line' id='line_1_107' title="bbox 1950 4903 2749 4966; baseline -0.003 -1"><span class='ocrx_word' id='word_1_791' title='bbox 1950 4903 2082 4965; x_wconf 88' lang='lat' dir='ltr'><strong>cula</strong></span> <span class='ocrx_word' id='word_1_792' title='bbox 2108 4904 2493 4966; x_wconf 74' lang='lat' dir='ltr'><strong>saeculorum.</strong></span> <span class='ocrx_word' id='word_1_793' title='bbox 2526 4907 2749 4965; x_wconf 87' lang='lat' dir='ltr'><strong>Amen.</strong></span> 
     </span>
    </p>
   </div>
   <div class='ocr_carea' id='block_1_106' title="bbox 227 4986 3601 5073">
    <p class='ocr_par' dir='ltr' id='par_1_106' title="bbox 227 4986 3601 5073">
     <span class='ocr_line' id='line_1_108' title="bbox 227 4986 3601 5073; baseline 0.001 -30"><span class='ocrx_word' id='word_1_794' title='bbox 227 5009 415 5051; x_wconf 87' lang='grc' dir='ltr'>σαντες</span> <span class='ocrx_word' id='word_1_795' title='bbox 471 4986 743 5054; x_wconf 78' lang='grc' dir='ltr'>δοξασουσι</span> <span class='ocrx_word' id='word_1_796' title='bbox 805 4990 896 5045; x_wconf 78' lang='grc' dir='ltr'><strong>τὸν</strong></span> <span class='ocrx_word' id='word_1_797' title='bbox 951 4989 1079 5046; x_wconf 80' lang='grc' dir='ltr'>Θεὸν</span> <span class='ocrx_word' id='word_1_798' title='bbox 1141 4989 1233 5044; x_wconf 86' lang='grc' dir='ltr'>τὸν</span> <span class='ocrx_word' id='word_1_799' title='bbox 1288 4995 1536 5045; x_wconf 80' lang='grc' dir='ltr'>ποιοῦντα</span> <span class='ocrx_word' id='word_1_800' title='bbox 1588 4989 1849 5065; x_wconf 88' lang='grc' dir='ltr'>θαυμάσια</span> <span class='ocrx_word' id='word_1_801' title='bbox 1876 5041 1892 5073; x_wconf 88' lang='grc'><strong>,</strong></span> <span class='ocrx_word' id='word_1_802' title='bbox 1958 4991 2037 5049; x_wconf 84' lang='grc' dir='ltr'><strong>ὅτι</strong></span> <span class='ocrx_word' id='word_1_803' title='bbox 2108 4993 2250 5068; x_wconf 76' lang='grc' dir='ltr'>αὒτῷ</span> <span class='ocrx_word' id='word_1_804' title='bbox 2304 4995 2339 5061; x_wconf 75' lang='grc' dir='ltr'><strong>ἡ</strong></span> <span class='ocrx_word' id='word_1_805' title='bbox 2410 4991 2533 5059; x_wconf 81' lang='grc' dir='ltr'>δόξα</span> <span class='ocrx_word' id='word_1_806' title='bbox 2602 4994 2673 5055; x_wconf 78' lang='grc' dir='ltr'><strong>εἷς</strong></span> <span class='ocrx_word' id='word_1_807' title='bbox 2745 4992 2865 5055; x_wconf 83' lang='grc' dir='ltr'>τοὺς</span> <span class='ocrx_word' id='word_1_808' title='bbox 2934 4993 3128 5054; x_wconf 84' lang='grc' dir='ltr'>αἰῶνας</span> <span class='ocrx_word' id='word_1_809' title='bbox 3196 4995 3303 5048; x_wconf 88' lang='grc' dir='ltr'><strong>τῶν</strong></span> <span class='ocrx_word' id='word_1_810' title='bbox 3373 4987 3601 5052; x_wconf 80' lang='grc' dir='ltr'>αἰώνων.</span> 
     </span>
    </p>
   </div>
   <div class='ocr_carea' id='block_1_107' title="bbox 230 5084 430 5161">
    <p class='ocr_par' dir='ltr' id='par_1_107' title="bbox 230 5084 430 5161">
     <span class='ocr_line' id='line_1_109' title="bbox 230 5084 430 5161; baseline -0.005 -19"><span class='ocrx_word' id='word_1_811' title='bbox 230 5084 430 5161; x_wconf 76' lang='grc' dir='ltr'>Ἀμήν,</span> 
     </span>
    </p>
   </div>
   <div class='ocr_carea' id='block_1_108' title="bbox 315 5203 1857 5297">
    <p class='ocr_par' dir='ltr' id='par_1_108' title="bbox 315 5204 1857 5297">
     <span class='ocr_line' id='line_1_110' title="bbox 315 5204 1857 5297; baseline -0.001 -22"><span class='ocrx_word' id='word_1_812' title='bbox 315 5213 439 5296; x_wconf 73' lang='lat'><strong>(32)</strong></span> <span class='ocrx_word' id='word_1_813' title='bbox 479 5238 508 5272; x_wconf 71' lang='grc' dir='ltr'>ε</span> <span class='ocrx_word' id='word_1_814' title='bbox 539 5204 799 5297; x_wconf 74' lang='grc' dir='ltr'>Ἀφίενται</span> <span class='ocrx_word' id='word_1_815' title='bbox 828 5220 880 5274; x_wconf 82' lang='grc' dir='ltr'>αἱ</span> <span class='ocrx_word' id='word_1_816' title='bbox 908 5216 1176 5297; x_wconf 80' lang='grc' dir='ltr'>ἁμάρτίαι.</span> <span class='ocrx_word' id='word_1_817' title='bbox 1213 5239 1242 5272; x_wconf 74' lang='grc' dir='ltr'><strong>ι</strong></span> <span class='ocrx_word' id='word_1_818' title='bbox 1294 5217 1357 5273; x_wconf 75' lang='lat' dir='ltr'><strong>At</strong></span> <span class='ocrx_word' id='word_1_819' title='bbox 1402 5214 1605 5279; x_wconf 90' lang='lat' dir='ltr'><strong>addidi</strong></span> <span class='ocrx_word' id='word_1_820' title='bbox 1634 5232 1707 5279; x_wconf 82' lang='lat' dir='ltr'><strong>ex</strong></span> <span class='ocrx_word' id='word_1_821' title='bbox 1735 5212 1857 5277; x_wconf 56' lang='lat' dir='ltr'><strong>cod.</strong></span> 
     </span>
    </p>
   </div>
   <div class='ocr_carea' id='block_1_109' title="bbox 1944 5203 3602 5297">
    <p class='ocr_par' dir='ltr' id='par_1_109' title="bbox 1954 5203 3602 5297">
     <span class='ocr_line' id='line_1_111' title="bbox 1954 5203 3602 5297; baseline -0.005 -26"><span class='ocrx_word' id='word_1_822' title='bbox 1954 5207 2174 5297; x_wconf 73' lang='lat' dir='ltr'><strong>verbis,</strong></span> <span class='ocrx_word' id='word_1_823' title='bbox 2252 5209 2437 5297; x_wconf 67' lang='grc' dir='ltr'><strong>οίηιέτι⁸</strong></span> <span class='ocrx_word' id='word_1_824' title='bbox 2483 5209 2761 5297; x_wconf 67' lang='grc' dir='ltr'><strong>δυνάμεθα⁸</strong></span> <span class='ocrx_word' id='word_1_825' title='bbox 2785 5209 3127 5297; x_wconf 66' lang='grc' dir='ltr'>ἐντυγχάνειν</span> <span class='ocrx_word' id='word_1_826' title='bbox 3178 5213 3295 5284; x_wconf 84' lang='grc' dir='ltr'><strong>Θεῷ</strong></span> <span class='ocrx_word' id='word_1_827' title='bbox 3351 5204 3421 5264; x_wconf 82' lang='grc' dir='ltr'>δι’</span> <span class='ocrx_word' id='word_1_828' title='bbox 3480 5203 3602 5274; x_wconf 80' lang='grc' dir='ltr'>ἐξο-</span> 
     </span>
    </p>
   </div>
   <div class='ocr_carea' id='block_1_110' title="bbox 229 5289 3399 5370">
    <p class='ocr_par' dir='ltr' id='par_1_110' title="bbox 229 5289 3399 5370">
     <span class='ocr_line' id='line_1_112' title="bbox 229 5289 3399 5370; baseline -0.004 -12"><span class='ocrx_word' id='word_1_829' title='bbox 229 5293 305 5358; x_wconf 87' lang='grc' dir='ltr'><strong>Β.</strong></span> <span class='ocrx_word' id='word_1_830' title='bbox 325 5289 336 5295; x_wconf 52' lang='grc'><em>’</em></span> <span class='ocrx_word' id='word_1_831' title='bbox 419 5289 431 5296; x_wconf 59' lang='grc'><em>’</em></span> <span class='ocrx_word' id='word_1_832' title='bbox 615 5289 626 5297; x_wconf 56' lang='grc'><em>’</em></span> <span class='ocrx_word' id='word_1_833' title='bbox 945 5289 955 5294; x_wconf 49' lang='grc'><em>’</em></span> <span class='ocrx_word' id='word_1_834' title='bbox 1021 5289 1032 5297; x_wconf 62' lang='grc'><em>’</em></span> <span class='ocrx_word' id='word_1_835' title='bbox 1956 5289 2325 5369; x_wconf 71' lang='grc' dir='ltr'>μολογήσεως,</span> <span class='ocrx_word' id='word_1_836' title='bbox 2357 5294 2446 5349; x_wconf 89' lang='grc' dir='ltr'><strong>καὶ</strong></span> <span class='ocrx_word' id='word_1_837' title='bbox 2476 5289 2875 5370; x_wconf 83' lang='grc' dir='ltr'>ἁμαρτημάτων</span> <span class='ocrx_word' id='word_1_838' title='bbox 2905 5289 3144 5370; x_wconf 66' lang='grc' dir='ltr'><strong>ἀφέσεως</strong></span> <span class='ocrx_word' id='word_1_839' title='bbox 3183 5299 3399 5369; x_wconf 78' lang='grc' dir='ltr'>τυχεῖν,</span> 
     </span>
    </p>
   </div>
   <div class='ocr_carea' id='block_1_111' title="bbox 311 5366 3605 5455">
    <p class='ocr_par' dir='ltr' id='par_1_111' title="bbox 311 5366 3605 5455">
     <span class='ocr_line' id='line_1_113' title="bbox 311 5366 3605 5455; baseline -0.005 -17"><span class='ocrx_word' id='word_1_840' title='bbox 311 5372 441 5455; x_wconf 81' lang='grc'><strong>(33(</strong></span> <span class='ocrx_word' id='word_1_841' title='bbox 492 5397 549 5455; x_wconf 13' lang='grc' dir='ltr'><strong>«ξ</strong></span> <span class='ocrx_word' id='word_1_842' title='bbox 585 5374 771 5455; x_wconf 69' lang='grc' dir='ltr'>Οὐκέτι</span> <span class='ocrx_word' id='word_1_843' title='bbox 821 5373 1078 5453; x_wconf 79' lang='grc' dir='ltr'>δυνάμεθα</span> <span class='ocrx_word' id='word_1_844' title='bbox 1131 5378 1294 5453; x_wconf 68' lang='grc' dir='ltr'>ἡμεῖς</span> <span class='ocrx_word' id='word_1_845' title='bbox 1343 5377 1506 5455; x_wconf 13' lang='grc' dir='ltr'>αὐτοὶ,</span> <span class='ocrx_word' id='word_1_846' title='bbox 1543 5374 1875 5455; x_wconf 69' lang='grc' dir='ltr'>ἐξομολογή-</span> <span class='ocrx_word' id='word_1_847' title='bbox 1960 5366 1967 5368; x_wconf 17' lang='lat' dir='ltr'><strong>ﬁ</strong></span> <span class='ocrx_word' id='word_1_848' title='bbox 2206 5391 2230 5428; x_wconf 74' lang='grc' dir='ltr'><strong>α</strong></span> <span class='ocrx_word' id='word_1_849' title='bbox 2269 5376 2424 5427; x_wconf 84' lang='grc' dir='ltr'>Ποιετ</span> <span class='ocrx_word' id='word_1_850' title='bbox 2452 5366 2614 5455; x_wconf 69' lang='grc' dir='ltr'>αὐτὴν</span> <span class='ocrx_word' id='word_1_851' title='bbox 2649 5370 2902 5451; x_wconf 79' lang='grc' dir='ltr'>φανεράν.</span> <span class='ocrx_word' id='word_1_852' title='bbox 2940 5366 2966 5429; x_wconf 60' lang='grc' dir='ltr'>ὁ</span> <span class='ocrx_word' id='word_1_853' title='bbox 3002 5370 3227 5451; x_wconf 80' lang='lat' dir='ltr'><strong>Malim,</strong></span> <span class='ocrx_word' id='word_1_854' title='bbox 3250 5366 3408 5427; x_wconf 60' lang='grc' dir='ltr'>’ποιεῖ</span> <span class='ocrx_word' id='word_1_855' title='bbox 3435 5366 3605 5434; x_wconf 66' lang='grc' dir='ltr'>αὐτὴν</span> 
     </span>
    </p>
   </div>
   <div class='ocr_carea' id='block_1_112' title="bbox 226 5452 2627 5535">
    <p class='ocr_par' dir='ltr' id='par_1_112' title="bbox 226 5452 2627 5535">
     <span class='ocr_line' id='line_1_114' title="bbox 226 5452 2627 5535; baseline 0 -22"><span class='ocrx_word' id='word_1_856' title='bbox 226 5477 389 5518; x_wconf 80' lang='grc' dir='ltr'><strong>σιως.</strong></span> <span class='ocrx_word' id='word_1_857' title='bbox 413 5452 454 5535; x_wconf 51' lang='grc' dir='ltr'><strong>ξ</strong></span> <span class='ocrx_word' id='word_1_858' title='bbox 491 5453 680 5535; x_wconf 50' lang='grc' dir='ltr'>Ορκἐτι</span> <span class='ocrx_word' id='word_1_859' title='bbox 730 5452 990 5532; x_wconf 81' lang='grc' dir='ltr'>δυνάμεθα</span> <span class='ocrx_word' id='word_1_860' title='bbox 1035 5452 1219 5535; x_wconf 73' lang='grc' dir='ltr'>ἡμεῖς</span> <span class='ocrx_word' id='word_1_861' title='bbox 1247 5458 1393 5516; x_wconf 75' lang='grc' dir='ltr'>αὐτοὶ</span> <span class='ocrx_word' id='word_1_862' title='bbox 1444 5453 1511 5512; x_wconf 87' lang='grc' dir='ltr'><strong>δι’</strong></span> <span class='ocrx_word' id='word_1_863' title='bbox 1542 5452 1875 5535; x_wconf 76' lang='grc' dir='ltr'>ἐξομολογή-</span> <span class='ocrx_word' id='word_1_864' title='bbox 1957 5453 2181 5535; x_wconf 62' lang='grc' dir='ltr'>φανξρδν</span> <span class='ocrx_word' id='word_1_865' title='bbox 2210 5483 2291 5535; x_wconf 75' lang='lat'><strong>—_-</strong></span> <span class='ocrx_word' id='word_1_866' title='bbox 2315 5453 2627 5535; x_wconf 81' lang='grc' dir='ltr'>τεκμήριον.</span> 
     </span>
    </p>
   </div>
   <div class='ocr_carea' id='block_1_113' title="bbox 224 5473 1857 5618">
    <p class='ocr_par' dir='ltr' id='par_1_113' title="bbox 224 5473 1857 5618">
     <span class='ocr_line' id='line_1_115' title="bbox 226 5473 1857 5535; baseline 0.001 -22"><span class='ocrx_word' id='word_1_867' title='bbox 226 5477 389 5518; x_wconf 79' lang='grc' dir='ltr'><strong>σιως.</strong></span> <span class='ocrx_word' id='word_1_868' title='bbox 424 5478 454 5510; x_wconf 66' lang='grc' dir='ltr'><strong><em>ι</em></strong></span> <span class='ocrx_word' id='word_1_869' title='bbox 491 5473 680 5512; x_wconf 85' lang='grc' dir='ltr'>υυκετι</span> <span class='ocrx_word' id='word_1_870' title='bbox 730 5473 990 5532; x_wconf 81' lang='grc' dir='ltr'>ουναμευα</span> <span class='ocrx_word' id='word_1_871' title='bbox 1035 5473 1070 5525; x_wconf 80' lang='grc' dir='ltr'>ὴ</span> <span class='ocrx_word' id='word_1_872' title='bbox 1117 5473 1198 5523; x_wconf 80' lang='grc' dir='ltr'><strong>εῒς</strong></span> <span class='ocrx_word' id='word_1_873' title='bbox 1247 5473 1393 5516; x_wconf 72' lang='grc' dir='ltr'>αὐτοὶ</span> <span class='ocrx_word' id='word_1_874' title='bbox 1444 5473 1508 5512; x_wconf 85' lang='grc' dir='ltr'>οι·</span> <span class='ocrx_word' id='word_1_875' title='bbox 1542 5473 1857 5535; x_wconf 68' lang='grc' dir='ltr'>ἐξομολογη-</span> 
     </span>
     <span class='ocr_line' id='line_1_116' title="bbox 224 5480 1857 5618; baseline 0 -23"><span class='ocrx_word' id='word_1_876' title='bbox 224 5557 388 5618; x_wconf 56' lang='grc' dir='ltr'>πῶς.</span> <span class='ocrx_word' id='word_1_877' title='bbox 413 5531 484 5597; x_wconf 87' lang='grc' dir='ltr'><strong>Β.</strong></span> <span class='ocrx_word' id='word_1_878' title='bbox 511 5531 666 5613; x_wconf 82' lang='lat' dir='ltr'><strong>Ergo</strong></span> <span class='ocrx_word' id='word_1_879' title='bbox 691 5543 945 5618; x_wconf 79' lang='lat' dir='ltr'><strong>uterque</strong></span> <span class='ocrx_word' id='word_1_880' title='bbox 983 5480 1170 5618; x_wconf 53' lang='lat' dir='ltr'><strong>coire:</strong></span> <span class='ocrx_word' id='word_1_881' title='bbox 1206 5534 1270 5597; x_wconf 90' lang='lat' dir='ltr'><strong>in</strong></span> <span class='ocrx_word' id='word_1_882' title='bbox 1298 5535 1725 5618; x_wconf 84' lang='lat' dir='ltr'><strong>hiscorruptus</strong></span> <span class='ocrx_word' id='word_1_883' title='bbox 1757 5541 1857 5618; x_wconf 78' lang='lat' dir='ltr'><strong>est.</strong></span> 
     </span>
    </p>
   </div>
   <div class='ocr_carea' id='block_1_114' title="bbox 1944 5473 3611 5618">
    <p class='ocr_par' dir='ltr' id='par_1_114' title="bbox 1957 5473 3611 5618">
     <span class='ocr_line' id='line_1_117' title="bbox 1957 5473 2627 5589; baseline 0.007 -81"><span class='ocrx_word' id='word_1_884' title='bbox 1957 5473 2181 5533; x_wconf 76' lang='grc' dir='ltr'>φανερον</span> <span class='ocrx_word' id='word_1_885' title='bbox 2210 5483 2291 5496; x_wconf 91' lang='grc'><strong>-</strong></span> <span class='ocrx_word' id='word_1_886' title='bbox 2315 5473 2627 5589; x_wconf 56' lang='grc' dir='ltr'>τεκμηὶιον.</span> 
     </span>
     <span class='ocr_line' id='line_1_118' title="bbox 1961 5527 3611 5618; baseline -0.002 -28"><span class='ocrx_word' id='word_1_887' title='bbox 1961 5613 1974 5618; x_wconf 29' lang='grc' dir='ltr'><strong>Α</strong></span> <span class='ocrx_word' id='word_1_888' title='bbox 2193 5551 2228 5618; x_wconf 30' lang='grc' dir='ltr'>ἰ</span> <span class='ocrx_word' id='word_1_889' title='bbox 2262 5528 2468 5611; x_wconf 84' lang='grc' dir='ltr'>Ἀπαγρ</span> <span class='ocrx_word' id='word_1_890' title='bbox 2505 5553 2691 5596; x_wconf 87' lang='grc' dir='ltr'>πτους.</span> <span class='ocrx_word' id='word_1_891' title='bbox 2732 5550 2756 5589; x_wconf 75' lang='lat' dir='ltr'><strong>I</strong></span> <span class='ocrx_word' id='word_1_892' title='bbox 2791 5527 2974 5594; x_wconf 87' lang='lat' dir='ltr'><strong>Forte</strong></span> <span class='ocrx_word' id='word_1_893' title='bbox 3000 5527 3472 5610; x_wconf 75' lang='grc' dir='ltr'>ἆπαρᾳγράπτους,</span> <span class='ocrx_word' id='word_1_894' title='bbox 3503 5533 3611 5591; x_wconf 80' lang='lat' dir='ltr'><strong>aut</strong></span> 
     </span>
    </p>
   </div>
   <div class='ocr_carea' id='block_1_115' title="bbox 220 5612 1857 5698">
    <p class='ocr_par' dir='ltr' id='par_1_115' title="bbox 220 5612 1857 5698">
     <span class='ocr_line' id='line_1_119' title="bbox 220 5612 1857 5698; baseline -0.003 -16"><span class='ocrx_word' id='word_1_895' title='bbox 220 5615 483 5683; x_wconf 86' lang='lat' dir='ltr'><strong>Videtur</strong></span> <span class='ocrx_word' id='word_1_896' title='bbox 510 5612 713 5678; x_wconf 83' lang='lat' dir='ltr'><strong>autem</strong></span> <span class='ocrx_word' id='word_1_897' title='bbox 745 5612 1091 5698; x_wconf 71' lang='lat' dir='ltr'><strong>huiusmodi</strong></span> <span class='ocrx_word' id='word_1_898' title='bbox 1146 5613 1443 5680; x_wconf 86' lang='lat' dir='ltr'><strong>sententia</strong></span> <span class='ocrx_word' id='word_1_899' title='bbox 1469 5612 1659 5682; x_wconf 75' lang='lat' dir='ltr'><strong>latere</strong></span> <span class='ocrx_word' id='word_1_900' title='bbox 1685 5615 1751 5678; x_wconf 90' lang='lat' dir='ltr'><strong>in</strong></span> <span class='ocrx_word' id='word_1_901' title='bbox 1778 5613 1857 5678; x_wconf 67' lang='lat' dir='ltr'><strong>his</strong></span> 
     </span>
    </p>
   </div>
   <div class='ocr_carea' id='block_1_116' title="bbox 1944 5612 2355 5698">
    <p class='ocr_par' dir='ltr' id='par_1_116' title="bbox 1952 5612 2355 5691">
     <span class='ocr_line' id='line_1_120' title="bbox 1952 5612 2355 5691; baseline -0.005 -22"><span class='ocrx_word' id='word_1_902' title='bbox 1952 5612 2330 5691; x_wconf 82' lang='grc' dir='ltr'>ἀπαγαγόντας</span> <span class='ocrx_word' id='word_1_903' title='bbox 2341 5659 2355 5673; x_wconf 86' lang='grc'><strong>.</strong></span> 
     </span>
    </p>
   </div>
   <div class='ocr_carea' id='block_1_117' title="bbox 600 5714 1857 5795">
    <p class='ocr_par' dir='ltr' id='par_1_117' title="bbox 600 5720 1216 5795">
     <span class='ocr_line' id='line_1_121' title="bbox 600 5720 1216 5795; baseline 0.015 -8"><span class='ocrx_word' id='word_1_904' title='bbox 600 5723 867 5791; x_wconf 74' lang='grc' dir='ltr'><strong>ΡΑπιοι..</strong></span> <span class='ocrx_word' id='word_1_905' title='bbox 898 5722 1014 5791; x_wconf 78' lang='lat' dir='ltr'><strong>Gn.</strong></span> <span class='ocrx_word' id='word_1_906' title='bbox 1044 5720 1216 5795; x_wconf 79' lang='lat' dir='ltr'><strong>CXX.</strong></span> 
     </span>
    </p>
   </div>
   <div class='ocr_carea' id='block_1_118' title="bbox 1944 5714 3211 5795">
    <p class='ocr_par' dir='ltr' id='par_1_118' title="bbox 3126 5714 3211 5782">
     <span class='ocr_line' id='line_1_122' title="bbox 3126 5714 3211 5782; baseline 0 0"><span class='ocrx_word' id='word_1_907' title='bbox 3126 5714 3211 5782; x_wconf 74' lang='grc'><strong>40</strong></span> 
     </span>
    </p>
   </div>
  </div>
