4008 6114
476 236 630 328 ιὲδρ

1547 262 1605 326 J.
1651 260 2043 327 XIPHILINI
2083 261 2197 328 GP.
2242 262 2762 333 PATRIARCHE

3692 265 3797 332 i260

526 400 3793 433 -——-————‘——7——-————-———-—_———————-—-——.

1243 604 2042 737 ΙΩΑΝΝΟΥ
2143 608 3074 742 ΞΙΦΙΛΙΝΟΥ

2046 856 2259 909 ΛΟΓΟΣ

658 1033 830 1119 ΕΙΣ
919 1035 1148 1119 ΤΗΝ
1237 1035 1655 1120 ΤΡΙΤΗΝ
1721 1037 2295 1122 ΚΥΡΙΑΚΗΝ
2365 1040 2591 1123 ΤΩΝ
2676 1041 3012 1127 ΑΓΙΩΝ
3084 1046 3675 1133 ΝΗΣΤΕΙΩΝ

1446 1229 1560 1279 ΚΑΙ
1591 1226 1698 1280 ΕΙΣ
1730 1227 1866 1279 ΤΗΝ
1897 1230 2024 1279 ΤΟΥ
2054 1228 2355 1282 ΣΤΔΥΡΟΥ
2384 1229 2860 1287 ΠΡΟΣΚΥΝΗΣῙΝ

1067 1659 3240 1937 JOANNISXIPHILINI
3386 1922 3419 1937 ί

2012 1932 2295 1999 ORATIO

863 2114 991 2212 IN
1076 2114 1644 2213 TERTIAM
1706 2117 2484 2216 JEJUNIORUM
2566 2120 3453 2221 HEBDOMADEM

1580 2312 1695 2375 ET
1732 2312 1825 2379 IN
1856 2312 2127 2381 CRUCIS
2167 2316 2425 2384 ADORA
2442 2315 2744 2383 TIONEM

1759 2479 1936 2565 (Opp.
1968 2484 2235 2549 Gretseri
2261 2492 2407 2551 tom.
2438 2483 2539 2567 II.)

538 2980 695 3072 Olim
724 2982 886 3062 virga
902 2980 1136 3072 Moysis,
1158 2978 1724 3072 Israelitico'populo
1748 2982 2095 3072 prmeuntis,

2269 2986 2439 3045 Πάλαι
2470 2986 2567 3063 μὲν
2596 2987 2683 3045 οὖν
2728 2988 2763 3055 ἠ
2811 2992 2903 3044 τοῦ
2949 2985 3181 3051 Μωσέως
3231 2986 3429 3064 ῥάϐδος
3477 2999 3574 3049 τοῦ
3627 2982 3811 3072 Ἰσραη-

463 3071 733 3137 bifariam
765 3088 933 3133 mare
960 3068 1181 3142 divisit,
1205 3077 1265 3131 et
1294 3068 1446 3129 viam
1477 3067 1692 3130 inviam
1719 3069 2100 3149 equitabilem

456 3159 742 3224 reddidit.
774 3158 859 3221 Ac
888 3166 1021 3239 post
1048 3175 1176 3219 eam
1208 3155 1271 3217 in
1327 3156 1475 3218 duas
1518 3164 1717 3236 partes
1747 3157 2100 3222 divisionem

457 3248 679 3323 effecit,
727 3254 791 3309 ut
819 3248 976 3309 ﬂuxa
1003 3263 1292 3326 aqvarum
1323 3252 1531 3307 natura
1559 3244 1805 3307 immota
1837 3255 2103 3310 maneret

458 3345 522 3401 et
550 3336 713 3399 muri
740 3336 928 3398 instar
948 3335 1225 3414 utrinque
1246 3340 1453 3407 staret,
1477 3341 1538 3394 at
1556 3341 1688 3413 post
1717 3332 2099 3397 Hebraeorum

456 3424 771 3489 transitum
802 3424 998 3486 denuo
1027 3422 1089 3485 in
1139 3440 1344 3503 unum,
1394 3429 1461 3484 ut
1504 3430 1645 3484 ante
1690 3420 1906 3505 fuerat,
1939 3426 2101 3487 colli-

452 3524 718 3596 geretur.
736 3512 1203 3595 Superciliosum
1226 3512 1591 3574 Pharaonem
1615 3529 1732 3575 una
1746 3530 1881 3573 cum
1905 3515 2098 3575 curri-

455 3602 570 3666 bus
619 3603 992 3684 ducibusque
1037 3609 1097 3664 et
1141 3607 1261 3662 toto
1311 3600 1583 3663 exercitu
1630 3601 1693 3664 in
1736 3600 2096 3683 profundum

454 3690 764 3769 demersit,
798 3700 1041 3765 vastam,
1073 3688 1381 3769 incultam,
1436 3690 1762 3764 efferatam,
1798 3698 1856 3752 et
1885 3690 2099 3752 solitu-

455 3779 658 3843 dinem
684 3780 790 3844 toti
807 3779 1017 3842 Israeli
1045 3777 1213 3859 quasi
1244 3777 1653 3852 mansuefecit,
1689 3779 1909 3841 amaris
1942 3780 2093 3841 Mar-

451 3868 579 3932 rhaa
609 3869 848 3932 ﬂuentis
879 3869 942 3930 in
971 3866 1170 3929 dulcia
1197 3863 1742 3947 conversis.Neque
1780 3886 1915 3928 vero
1948 3868 2101 3932 hanc

452 3963 683 4019 tantum
708 3956 1030 4038 potabilem
1052 3954 1333 4028 reddidit,
1366 3954 1469 4016 sed
1503 3963 1562 4019 et
1590 3956 1766 4016 aliam
1797 3974 2006 4036 aquam
2032 3977 2100 4020 ex

451 4052 617 4126 petra
642 4046 978 4108 mirandum
1001 4043 1062 4105 in
1088 4043 1330 4105 modum
1353 4043 1514 4121 large
1537 4042 1765 4124 elicuit,
1800 4052 1857 4105 et
1889 4045 2102 4125 integri

451 4133 716 4196 ﬂuminis
746 4134 971 4197 fontem
989 4131 1208 4196 effecit.
1243 4132 1400 4194 Ante
1425 4150 1560 4193 vero
1583 4150 1758 4213 quam
1793 4133 1916 4194 haec
1931 4144 2094 4213 gesta

450 4231 613 4293 sunt.
664 4221 975 4303 )Egyptum
1022 4231 1437 4283 contumacem
1489 4228 1549 4282 et
1599 4218 2097 4300 inobsequentem

2188 3074 2394 3137 λιτικοῦ
2447 3074 2902 3157 προπορευομένου
2971 3074 3123 3156 λαοῦ,
3196 3074 3328 3158 διχῆ
3404 3081 3511 3148 τὴν
3580 3082 3813 3138 θάλασσαν

2184 3164 2338 3243 ἔτεμε
2394 3168 2483 3224 καὶ
2535 3166 2634 3233 τὴν
2690 3163 2883 3222 ἄϐατον
2938 3162 3238 3235 ἱππήλατον
3297 3166 3492 3235 ἔδειξε.
3556 3172 3654 3230 Καὶ
3703 3170 3813 3246 μετὰ

2182 3258 2282 3323 τὴν
2338 3257 2412 3318 εἷς
2468 3252 2554 3312 δύο
2605 3254 2800 3322 ταύτης
2851 3251 3096 3333 διαίρεσιν
3151 3256 3248 3322 τὴν
3320 3264 3434 3314 τῶν
3487 3257 3683 3318 ὑδάτῶν
3725 3280 3809 3314 κα-

2182 3345 2430 3424 τάρῤυτον
2511 3344 2662 3424 φύσιν
2744 3343 2993 3423 ἀτρεμεῖν
3083 3344 3448 3422 παρεσκέυασε
3549 3350 3636 3405 καὶ
3709 3347 3807 3404 ὡσεὶ

2180 3448 2368 3515 τεῖχος
2439 3424 2690 3512 Ἐϐραίων
2759 3432 3041 3511 περαίωσιν
3112 3434 3186 3495 εἷς
3255 3433 3356 3500 τὴν
3415 3437 3540 3515 πρὶν
3595 3438 3805 3494 ἀποκατ-

2180 3521 2398 3590 ἒστησεν
2455 3519 2661 3597 ἕνωσιν,
2720 3521 2809 3576 καὶ
2862 3522 2952 3576 τὸν
3022 3519 3304 3601 ὺπέροφρυν
3382 3527 3589 3604 Φαραὼ
3640 3525 3803 3602 ἅρμασι

2180 3613 2267 3669 καὶ
2334 3611 2636 3691 τριστάταις
2704 3610 2991 3688 πανστρατὶ
3063 3616 3140 3684 τῷ
3222 3614 3371 3686 Βυθῷ
3459 3612 3797 3686 συνεκᾶλυᾲε,

2180 3702 2268 3758 καὶ
2337 3701 2437 3767 τὴν
2503 3698 2920 3779 ἀπηγριωμένην
2988 3696 3184 3777 ’ἑρημον
3254 3701 3414 3757 παντὶ
3478 3709 3558 3777 τῷ
3627 3696 3799 3780 Ἰσραὴλ

2181 3789 2550 3869 καθημέρωσε,
2622 3793 2721 3855 τῆς
2792 3785 2996 3865 Μεῤῥᾶς
3085 3789 3151 3844 τὰ
3230 3790 3396 3867 πικρὰ
3470 3787 3795 3867 καταγλυκαέ-

2182 3900 2340 3936 νουσα
2370 3878 2599 3953 νάματα,
2651 3878 2739 3933 καὶ
2787 3875 2846 3931 οὗ
2893 3876 3090 3943 ταύτην
3140 3876 3307 3951 μόνην
3371 3880 3448 3941 εἷς
3501 3880 3562 3935 τὸ
3609 3878 3795 3951 πότιμον

2181 3962 2605 4045 πεταϐάλλουσα,
2678 3963 2814 4020 ἀλλὰ
2883 3966 2971 4020 καὶ
3043 3962 3216 4044 ἕτερον
3289 3963 3354 4021 ἐκ
3410 3966 3609 4046 πέτρας
3657 3984 3795 4042 παρα-

2182 4052 2342 4121 δόξως
2399 4051 2737 4133 ὀμϐρίζουσα,
2794 4053 2882 4109 καὶ
2923 4059 3164 4126 ποταμοῦ
3211 4054 3469 4133 κυοφόρον
3517 4055 3614 4121 τὴν
3661 4052 3790 4128 ἐγκύ-

2176 4165 2312 4220 μονα
2376 4142 2621 4223 φέρουσα,
2696 4143 2804 4219 Πρὸ
2864 4140 2918 4197 δὲ
2962 4141 3147 4198 τούτου
3188 4142 3287 4207 τὴν
3337 4143 3613 4221 Αἴγυπτον
3659 4141 3790 4197 amt-

2176 4235 2365 4289 θοῦσαν
2420 4229 2665 4310 ἐκόλασε,
2723 4232 2788 4287 τὸ
2839 4227 2973 4308 ὕδωρ
3025 4231 3099 4293 εἷς
3146 4233 3285 4303 αἷμα
3328 4231 3668 4309 μετέστρεψε.
3711 4227 3786 4285 Καὶ

450 4310 777 4390 castigavit,
798 4309 1058 4373 undasin
1070 4308 1418 4388 sanguinem
1442 4308 2097 4391 mutavit,vicissimque

2185 4321 2247 4376 τὸ
2313 4320 2455 4395 αἷμα
2523 4308 2679 4376 πάλιν
2750 4319 2822 4375 εἷς
2878 4314 3012 4396 ὕδωρ
3068 4319 3389 4394 μετημείψε,
3454 4321 3542 4376 καὶ
3597 4318 3656 4372 τὰ
3700 4336 3785 4390 μυ·

451 4400 802 4478 sanguinem
836 4399 897 4461 in
921 4399 1114 4461 undas
1140 4397 1392 4478 redegit,
1433 4406 1492 4459 et
1521 4406 1802 4459 sexcenta
1829 4398 1930 4459 illa
1960 4418 2101 4480 pro-

450 4485 611 4568 digia
627 4496 867 4569 operata
888 4499 1000 4550 est.
1036 4486 1202 4560 Quod
1243 4487 1293 4548 si
1322 4487 1443 4567 illa,
1483 4505 1613 4568 qua;
1643 4495 1811 4567 typus
1839 4496 2103 4549 tantum-

452 4575 633 4639 modo
665 4585 724 4639 et
748 4576 959 4639 umbra
979 4575 1112 4655 fuit,
1134 4583 1221 4637 tot
1245 4584 1656 4656 tantorumque
1681 4575 2102 4639 miraculorum

451 4665 674 4728 exstitit
704 4665 990 4738 cﬂ‘ectrix,
1015 4663 1157 4744 quid
1187 4663 1315 4744 ipsa
1350 4662 1451 4725 illa
1476 4664 1786 4725 Dominica
1811 4683 1950 4727 crux
1983 4685 2102 4727 non

448 4753 689 4831 efﬁciet,
724 4753 958 4835 quando
998 4770 1116 4814 non
1149 4770 1255 4833 per
1284 4751 1546 4832 symbola
1575 4760 1633 4813 et
1658 4755 1969 4832 aenigmata
1999 4754 2098 4815 ad-

445 4841 788 4918 umbratur,
803 4843 905 4905 sed
922 4860 1119 4905 coram
1134 4840 1422 4916 cernitur,
1456 4847 1633 4922 atque
1649 4860 1682 4902 a
1694 4843 1866 4904 nobis
1880 4843 2095 4905 adora-

448 4937 579 4994 turt
631 4931 723 4995 An
753 4949 873 4993 non
922 4930 1291 5013 spiritualem
1340 4927 1707 4992 Pharaonem
1743 4931 2096 5013 decemplici

447 5016 552 5080 illa
579 5018 839 5082 involvet
867 5020 1056 5102 plaga,
1124 5039 1192 5082 ac
1238 5018 1479 5080 demum
1529 5036 1662 5083 Cum
1694 5024 1957 5083 exercitu
1989 5039 2095 5083 suo

448 5106 792 5186 submerget
820 5118 879 5171 et
903 5107 1159 5173 obruet?
1187 5110 1277 5172 An
1297 5126 1414 5170 non
1435 5108 1591 5169 ferax
1614 5110 2095 5188 pertubationum

448 5213 884 5279 pravarumque
911 5198 1288 5261 affectionum
1322 5216 1485 5259 mare
1522 5196 1682 5258 sicco
1715 5199 1867 5279 pede
1896 5207 2095 5261 trans-

448 5302 652 5348 meare
680 5286 844 5347 dabit
873 5285 1009 5350 iAn
1027 5306 1144 5349 non
1171 5286 1548 5349 solitudinem
1586 5285 1896 5359 bonorum,
1936 5305 2089 5366 prte-

447 5381 680 5435 sentem
712 5373 941 5436 scilicet
968 5374 1169 5457 vitam,
1202 5375 1438 5439 excolet
1465 5372 1785 5438 facillime!
1847 5380 1941 5436 An
1971 5393 2091 5437 non

446 5460 910 5526 amaritudinem
945 5464 1222 5541 Man-hae,
1280 5463 1702 5536 calamitatum,
1734 5464 2002 5546 inquam,
2036 5471 2097 5526 et

445 5551 861 5635 tentationum,
895 5552 1133 5617 dulcem
1164 5559 1223 5615 et
1251 5551 1575 5634 potabilem
1597 5553 1774 5618 faciet
1800 5553 1831 5615 ?
1856 5556 1952 5616 An
1973 5572 2094 5616 non

439 5655 663 5720 aquam
696 5658 765 5705 ex
795 5648 984 5724 petra,
1021 5660 1155 5723 quae
1183 5639 1452 5706 Chrisms
1483 5648 1593 5723 est,
1618 5641 1791 5709 nobis
1809 5640 2097 5725 manabit,

2181 4407 2263 4488 ρία
2334 4406 2514 4464 ἐκεῖνα
2600 4407 2846 4485 τεράστια
2897 4405 3304 4484 κατειργάσατο,
3398 4408 3461 4463 Εἰ
3529 4403 3582 4461 δὲ
3640 4404 3781 4464 ἐκείνη

2180 4495 2214 4561 ἡ
2275 4494 2432 4570 μόνη.
2466 4494 2626 4550 τύπον
2681 4494 2768 4549 καὶ
2821 4492 2970 4549 σκιὰν
3019 4490 3369 4573 διαγράφουσι
3422 4494 3674 4550 τοσούτων
3715 4489 3783 4544 καὶ

2180 4584 2428 4639 τοιούτων
2483 4582 2760 4657 θαυμάτων
2816 4581 2880 4650 ἧν
2937 4581 3244 4661 αὐτουργὸς,
3301 4582 3350 4636 τί
3403 4584 3500 4640 οὐκ
3549 4580 3606 4642 ἂν
3656 4579 3779 4638 αὖτὸς
3820 4637 3824 4640 ν

2180 4670 2383 4734 ἐκεῖνος
2468 4673 2496 4727 ὁ
2578 4668 2884 4733 δεσποτικὸς
2968 4671 3216 4750 στραυρὸς
3295 4670 3664 4749 ἀπεργάσαιτο,
3736 4666 3784 4720 οὗ

2178 4758 2509 4836 συμϐολικῶς
2625 4757 2729 4816 οὐδ’
2854 4756 3252 4836 αἰνιγματωδῶς
3366 4758 3778 4837 προτυπούμενος,

2176 4850 2395 4924 αὖτοψεὶ
2465 4846 2519 4904 δὲ
2588 4847 2979 4927 καθορώμενος,
3050 4848 3138 4902 καὶ
3218 4844 3343 4926 παρ’
3411 4849 3564 4923 ἡμῶν
3641 4863 3780 4923 προσ-

2176 4939 2534 5017 κυνούμενοςς
2598 4936 2670 4995 Οὔ
2742 4938 2832 4992 τὸν
2902 4937 3090 5003 νοητὸν
3160 4937 3357 5015 Φαραὼ
3438 4941 3507 5013 τῇ
3581 4929 3776 5003 δεκατλῇ

2177 5022 2400 5082 πδώσει
2471 5023 2678 5102 πληγῇ,
2745 5025 2833 5079 καὶ
2900 5022 3204 5082 τελευταῖον
3289 5024 3422 5098 μετὰ
3490 5029 3588 5090 τῆς
3651 5020 3777 5075 αὒτώ

2178 5115 2448 5193 στρατείας
2496 5114 2867 5170 καταποντίσαι
2921 5114 3011 5169 καὶ
3064 5110 3530 5194 κατακαλύψειενς
3590 5113 3655 5169 Οὐ
3698 5108 3771 5172 τήν

2176 5201 2517 5279 πολυκύμονα
2599 5207 2702 5259 τῶν
2786 5204 2965 5258 παθῶν
3033 5198 3294 5258 θᾶλασσαν
3364 5199 3607 5281 ἀϐρόχως
3668 5199 3772 5271 ἡμῖν

2172 5288 2413 5358 διαϐῆναι
2500 5290 2992 5369 παρασκειδάσειεν;
3087 5292 3160 5348 Οὔ
3245 5289 3338 5357 νὴν
3428 5288 3617 5368 ἔρημον
3689 5287 3769 5340 τῶν

2172 5378 2407 5459 ἀγαθῶν,
2492 5379 2725 5458 παρόντα
2803 5375 3004 5445 δηλαδὴ
3085 5378 3221 5454 βίον,
3307 5375 3617 5456 ἐξημερώσει

2172 5485 2380 5546 τατον;
2453 5470 2526 5525 Οὐ
2590 5466 2691 5534 τὴν
2760 5468 2970 5547 πικρίαν
3035 5469 3135 5532 τῆς
3205 5464 3428 5543 Μεῤῥᾶς,
3502 5470 3601 5520 τῶν
3656 5480 3763 5534 συμ-

2180 5561 2376 5636 φορῶν,
2443 5556 2603 5637 φημὶ,
2675 5556 2762 5612 καὶ
2817 5561 2921 5613 τῶν
2970 5560 3277 5637 πειρασμῶν
3334 5557 3406 5618 εἰς
3456 5556 3514 5610 τὸ
3565 5552 3677 5632 γυκύ
3718 5564 3757 5600 τε

2180 5632 2267 5703 itin
2317 5632 2541 5722 πότιμον
2587 5632 3006 5725 ,μεταστρέψειεν
3039 5632 3071 5726 ;Ἵ
3117 5647 3231 5725 Οὖχ
3289 5641 3424 5722 ὕδωρ
3480 5643 3535 5703 ἐκ
3584 5641 3759 5717 πέτρας,
