4008 6114
199 257 353 324 1261

1670 267 2102 336 ORATIONES

3418 270 3577 353 1262‘

189 392 317 496 ἥτις
363 394 417 496 6'
444 394 694 496 Χριστὸς,
743 393 979 472 πηγάσει
1026 395 1196 496 ἡμῖν,
1242 397 1301 454 οὗ
1346 395 1507 496 μένον
1553 396 1653 465 τὴν
1693 395 1850 473 διψαν

1945 420 2062 496 qua
2090 424 2209 496 non
2240 406 2416 469 modo
2465 408 2625 473 sitim
2674 394 2745 474 ex
2793 413 3057 493 ingenita
3085 411 3479 496 cupiditatum
3513 427 3584 483 et

191 479 297 546 τὴν
367 477 419 544 ἐξ
487 479 776 561 ἐμπαθοῦς,
832 484 938 539 ’καὶ
1006 480 1287 564 φιληδόνου
1362 481 1560 563 φλογὸς
1615 485 1851 543 ἀπωθού-

195 587 381 646 μενον,
433 566 570 624 ἀλλὰ
613 570 705 625 καὶ
755 569 884 649 ὑπὲρ
955 567 1076 645 μέλι
1103 570 1194 627 καὶ
1245 567 1421 626 ’έλαιον
1482 569 1847 649 καταγλυκαῖ-

192 678 311 732 νον,
381 658 469 712 καὶ
540 654 803 737 ἱλαρῦνον,
894 659 983 714 καὶ
1075 658 1390 736 καθαγιάζον
1460 658 1569 737 ,τὰς
1638 656 1850 737 καρδίας

192 745 378 824 ἡμῶν,
432 745 521 801 καὶ
578 735 769 820 μηκέτι
831 742 986 820 διψᾷν
1044 735 1401 826 συγχωροῦνς
1456 735 1513 803 Ὀ
1566 747 1665 826 γὰρ
1712 735 1752 806 ἡ(
1800 744 1852 812 ἐξ

195 834 362 892 αὐτοῦ
390 833 555 889 πίνων
585 836 646 891 οὗ
677 834 754 908 μὴ
784 831 987 909 διψήσῃ
1020 835 1093 896 εἷς
1122 836 1214 889 τὸν
1244 834 1432 891 αἰῶνα.

289 922 388 979 Καὶ
457 922 508 977 τί
572 922 745 978 πάντα
813 919 1148 1002 καταλέγειν,
1218 919 1417 1000 ὅσαπερ
1480 922 1619 996 ἡμῖν
1682 922 1851 1000 ἀγαθὰ

192 1007 287 1065 διὰ
354 1019 446 1069 τοῦ
516 1018 741 1088 σταυροῦ
824 1012 1195 1089 περιγίνεται;
1284 1006 1580 1084 Ἐπιλείψει
1651 1011 1751 1089 γὰρ
1820 1013 1849 1067 6

193 1098 396 1177 χρόνος
466 1098 558 1154 τὸν
618 1099 755 1153 κατὰ
812 1097 970 1177 μέρος
1019 1107 1185 1156 ταῦτα
1239 1093 1661 1175 διεξηγούμενον.
1723 1107 1849 1157 Τοῦ-

192 1207 293 1242 τον
336 1188 425 1242 καὶ
475 1188 523 1242 οἱ
573 1184 832 1243 θειότατοι
881 1183 1112 1264 Πατέρες
1158 1186 1315 1260 ἡμῶν
1371 1187 1591 1265 φρουρὸν
1652 1183 1845 1251 εἰδότες

193 1280 306 1332 τῶν
373 1270 599 1333 εὖσεϐῶν
690 1273 1132 1354 ἀκαταίσχυντον,
1218 1271 1273 1327 ἐν
1354 1278 1421 1348 τῇ
1506 1272 1645 1349 μέσῃ
1744 1280 1849 1331 τῶν

193 1363 468 1430 νηστίμων
535 1362 751 1440 ἡμερῶν
820 1358 1065 1429 ἐϐδομάδι
1122 1360 1448 1439 προτίθεσθαι
1519 1358 1848 1442 διωρίσαντο,

192 1452 287 1508 καὶ
365 1451 508 1529 παρὰ
596 1454 701 1505 τῶν
795 1455 996 1506 πιστῶν
1066 1451 1490 1528 προσκυνεῖςθαι,
1561 1450 1651 1505 καὶ
1715 1472 1850 1507 κατ-

192 1538 515 1610 ασπάζεσθαι
550 1555 564 1570 ·
633 1536 768 1600 ὥςτε
823 1537 887 1593 τὰ
940 1536 1036 1611 μὲν
1092 1534 1195 1603 ἤδη
1267 1535 1661 1615 κατορθωθέντα
1709 1538 1853 1616 παρὰ

1929 491 2344 585 illecebrarum
2377 498 2611 560 ﬂamma
2659 491 3001 565 nascentem
3050 491 3334 585 depellat,
3367 526 3572 569 verum

1931 581 2107 642 etiam
2135 602 2314 664 super
2336 586 2449 646 mel
2472 593 2530 648 et
2551 588 2745 650 oleum
2779 591 3056 668 delectet,
3081 581 3326 657 recreet
3347 603 3405 657 et
3433 616 3574 659 san-

1930 670 2354 763 etiticetcorda
2374 683 2596 749 nostra,
2617 696 2809 758 neque
2827 682 3084 760 amplius
3105 682 3272 743 sitire
3294 684 3568 763 patiatur.

1932 755 2041 829 Qui
2074 760 2232 821 enim
2264 779 2340 824 ea:
2367 781 2434 824 ea
2466 764 2641 840 bibet,
2672 755 2792 829 non
2821 755 2989 830 sitiet
3018 773 3084 831 in
3115 755 3435 834 uetera-um.

2013 846 2161 918 Quid
2178 867 2352 929 porro
2366 851 2574 912 attinet
2603 858 2802 916 omnia
2827 875 3210 936 percensere,
3245 878 3376 940 qua;
3405 859 3577 922 nobis

1933 935 2088 1028 bona
2118 956 2222 1028 per
2242 957 2477 1028 crucem
2496 935 2850 1022 obtingunt?
2880 944 3120 1007 Deﬁciet
3145 935 3305 1008 enim
3341 939 3577 1028 tempus

1933 1041 2004 1084 eo
2035 1025 2331 1103 sigillatim
2361 1039 2759 1092 enarrantem.
2811 1032 2977 1095 Hanc
3008 1035 3185 1096 etiam
3218 1025 3579 1098 divinissimi

1930 1112 2019 1173 illi
2046 1125 2240 1194 patres
2270 1118 2480 1185 nostri,
2514 1120 2673 1198 quod
2722 1120 2943 1183 scirent
2974 1122 3202 1202 piorum
3237 1125 3577 1203 praesidium

1933 1219 2064 1291 esse
2095 1203 2339 1266 minime
2374 1205 2695 1283 dedecens,
2729 1209 2792 1270 in
2844 1210 3039 1272 media
3065 1211 3434 1291 jejuniorum
3464 1213 3576 1273 he-

1932 1289 2226 1353 bdomade
2252 1295 2723 1373 proponendum,
2749 1305 2807 1358 et
2836 1316 2871 1359 a
2903 1289 3178 1360 ﬁdelibus
3205 1300 3575 1361 adorandum

1934 1386 2109 1468 atque
2135 1382 2509 1443 salutandum
2543 1383 2961 1462 decreverunt,
3018 1396 3081 1448 ut
3127 1406 3257 1465 quae
3278 1389 3401 1467 jam
3434 1406 3579 1468 pra:-

1935 1467 2092 1557 clare
2111 1479 2275 1547 gesta
2289 1478 2540 1551 esssent,
2556 1472 2628 1533 ab
2652 1472 3047 1556 intemperanl
3060 1474 3133 1537 ia:
3150 1467 3576 1557 oppugnatori—

1934 1554 2066 1633 bus,
2101 1577 2172 1619 ea
2219 1559 2582 1621 custodirent
2611 1570 2668 1623 et
2715 1554 3160 1638 conservarent,
3189 1554 3254 1626 et
3283 1554 3356 1626 ad
3389 1565 3583 1627 futura

193 1634 305 1686 τῶν
355 1633 453 1695 τῆς
504 1626 782 1706 ἀκρατείας
841 1626 1149 1705 ἀγωνιστῶν
1207 1624 1448 1705 συνέχειν
1504 1627 1593 1680 καὶ
1650 1648 1850 1692 συντη-

279 1730 286 1732 ,
462 1717 475 1732 ι
574 1712 617 1732 M
710 1715 723 1731 ς
836 1712 906 1732 ,η
1345 1724 1370 1732 -
1616 1712 1632 1732 ι

1945 1662 2041 1705 eos
2088 1645 2407 1708 incitarent
2462 1657 2638 1729 atque
2694 1652 3062 1732 adjuvarent.
3120 1652 3415 1725 Quocirca
3471 1672 3581 1716 nos

198 1730 338 1798 ρεῖν,
388 1717 519 1795 πρὸς
569 1712 623 1770 δὲ
672 1715 739 1770 τὰ
784 1712 1045 1790 μέλλοντι
1087 1724 1399 1791 συγκροτεῖν
1443 1733 1500 1768 τε
1548 1712 1635 1768 καὶ
1665 1733 1851 1791 συνερ-

196 1817 346 1885 γεῖν.
405 1811 689 1882 Τοιγαροῦν
744 1804 831 1858 καὶ
884 1804 1074 1882 ἡμεῖς,
1125 1802 1217 1856 τὸν
1263 1809 1354 1858 τοῦ
1392 1799 1581 1879 Κυρίου
1631 1802 1853 1879 σταυρὸν

198 1893 446 1973 συνεργὸν
515 1889 975 1970 ἐπικαλεσάμενοι,
1067 1891 1159 1946 τὸν
1244 1888 1587 1969 προκείμενον
1670 1889 1851 1966 ἀγῶνα

197 1982 431 2042 διανῦσαι
527 1977 928 2059 σπουδᾶσυμεν,
1028 1979 1095 2040 τὰ
1187 1979 1411 2058 σαρκικὰ
1510 1984 1850 2055 σταυροῦντες

197 2073 287 2128 καὶ
336 2075 633 2149 νεκροῦντες
687 2069 980 2143 κινήματα,
1043 2068 1132 2123 καὶ
1174 2080 1293 2129 τοῖς
1344 2065 1528 2123 τούτου
1574 2066 1849 2144 προστάγ-

198 2180 358 2237 μασιν
401 2156 783 2216 ἀπακολουθεῖν
835 2155 1167 2234 ἐπειγώμεθα
1195 2171 1214 2191 ⁸
1267 2157 1340 2220 ὡς
1385 2157 1472 2211 καὶ
1529 2150 1563 2223 ἦ
1617 2157 1848 2232 σήμερον

198 2245 715 2324 ἀναγνωσθησομένη
785 2242 1103 2322 εῦαγγελικὴ
1161 2242 1462 2323 παραίνεσις
1518 2244 1653 2319 ἡμῖν
1709 2243 1843 2299 ὑπο-

194 2338 424 2404 τίθησιν.

280 2423 449 2482 Εἷπεν
480 2424 509 2478 6
539 2422 726 2501 Κύριος
755 2420 874 2483 τοῖς
905 2421 1091 2477 ἑαυτοῦ
1116 2424 1383 2496 μαθηταῖς
1408 2440 1422 2454 ο
1464 2441 1492 2474 α
1518 2416 1587 2476 Εἴ
1608 2440 1691 2481 τις
1704 2416 1844 2475 θέλει

196 2511 367 2570 ὀπίσω
395 2532 496 2585 μου
527 2507 723 2588 ἐλθεῖν,
757 2508 1147 2587 ἀπαρνησάσθω
1190 2508 1399 2588 ἑαυτὸν,
1444 2507 1530 2564 καὶ
1558 2505 1735 2586 ἀράτω
1757 2507 1847 2563 τὸν

196 2601 419 2678 σταυρὸν
450 2601 629 2678 αὐτοῦ,
660 2598 749 2653 καὶ
779 2595 1130 2655 ἀκολουθείτω
1159 2618 1273 2671 μοι,
1334 2618 1359 2654 ι

279 2694 382 2748 Τοῦ
438 2688 625 2766 Κυρίου
683 2687 771 2743 καὶ
831 2692 961 2743 Θεοῦ
1006 2687 1094 2742 καὶ
1150 2690 1401 2764 Σωτῆρος
1459 2686 1615 2760 ἡμῶν
1675 2681 1856 2749 Ἰησοῦ

198 2783 424 2859 Χριστοῦ
493 2788 611 2838 τοῖς
680 2773 890 2836 οἰκείοις
972 2771 1323 2852 προλέγοντος
1397 2775 1690 2859 μαθηταῖς,
1765 2768 1847 2833 ὅτι

1936 1752 2193 1815 quoque,
2228 1755 2403 1798 cruce
2434 1736 2674 1799 Domini
2718 1742 3010 1821 adjutrice
3048 1743 3337 1818 invocata,
3373 1762 3580 1823 propo-

1934 1823 2109 1884 situm
2126 1833 2426 1887 certamen
2448 1825 3135 1904 absolveresludeamus,
3163 1830 3583 1910 cruciﬁgendis

1933 1911 2190 1973 motibus
2221 1913 2414 1974 carnis
2429 1923 2486 1975 et
2512 1916 2962 2000 mortiﬁcandis,
2987 1919 3269 2000 illiusque
3288 1928 3581 2000 praecepta

1933 2001 2102 2081 sequi
2132 2001 2467 2064 enitamur:
2504 2006 3007 2083 quemadmodum
3028 2009 3206 2070 etiam
3238 2007 3581 2089 evangelica

1934 2093 2261 2156 exhortatio
2291 2091 2471 2154 hodie
2502 2092 2754 2171 legenda
2786 2115 2893 2158 nos
2922 2097 3239 2175 admonet,

2006 2418 2165 2483 Dixit
2194 2423 2484 2484 Dominus
2511 2422 2820 2503 discipulis
2850 2422 3010 2486 suis:
3045 2422 3120 2486 Si
3159 2426 3300 2505 quis
3330 2425 3458 2488 vult
3488 2443 3560 2490 ve

1930 2510 2067 2572 nire
2091 2520 2223 2589 post
2253 2530 2363 2586 me,
2397 2513 2645 2591 abneget
2685 2518 3093 2592 semetipsum,
3128 2522 3189 2577 et
3219 2514 3398 2577 tollat
3431 2532 3580 2577 cru-

1935 2616 2063 2661 cem
2093 2617 2292 2674 suam,
2327 2607 2386 2662 et
2412 2609 2696 2678 sequatur
2724 2618 2841 2664 me.

2019 2688 2164 2750 Cum
2196 2688 2483 2749 Dominus
2509 2699 2567 2751 et
2595 2689 2751 2750 Deus
2780 2704 2835 2751 et
2869 2687 3147 2751 Salvator
3185 2699 3388 2753 noster
3409 2694 3579 2754 Jesus

1940 2774 2208 2838 Christus
2220 2776 2343 2838 suis
2357 2772 3326 2858 praediceretdiscipulis,opbrtere
3339 2782 3580 2843 omnino

198 2858 311 2951 χρὴ
384 2866 596 2928 πάντως
663 2865 752 2921 καὶ
820 2864 915 2926 τὰς
983 2868 1091 2919 τῶν
1174 2860 1438 2919 Ἰουδαίων
1508 2858 1732 2951 ὲφόᾷουςΔ
1794 2878 1851 2915 τε

1945 2883 2000 2925 se
2032 2874 2090 2925 et
2115 2866 2453 2926 Judaeorum
2485 2866 2897 2927 insultationes
2916 2866 3269 2947 furoresque
3289 2870 3576 2949 perferre,

200 2946 291 3014 καὶ
335 2956 609 3033 παροινίας
661 2950 989 3029 ἐπενεγκεῖν,
1036 2951 1396 3029 σταυρωθῆναι
1440 2970 1499 3005 τε
1543 2946 1632 3005 ὑπ’
1680 2948 1851 3003 αὐτῶν

1945 2961 1998 3012 et
2026 2954 2291 3032 cruciﬁgi
2322 2953 2394 3015 ab
2426 2954 2512 3015 eis
2542 2963 2717 3034 atque
2764 2954 2984 3031 occidi,
3017 2946 3302 3036 princeps
3325 2967 3575 3037 aposto-

196 3045 292 3103 παὶ
339 3043 757 3112 ἀποκτανθῆναι,
812 3040 841 3095 6
882 3044 987 3096 τῶν
1046 3037 1358 3096 ἀποστόλων
1413 3036 1848 3117 γορυφαιότατος,

197 3138 262 3193 τὸ
318 3141 410 3190 τοῦ
473 3140 696 3211 σταυροῦ
756 3130 1044 3208 μυστήριον
1094 3128 1325 3207 ἀγνοῶν,
1383 3129 1472 3184 καὶ
1527 3125 1611 3183 διὰ
1668 3132 1851 3204 τοῦτο,

195 3233 441 3304 κρεῖττον
498 3219 738 3295 οἰόμενος
808 3219 869 3273 τὸ
937 3216 1008 3283 κὴ
1080 3216 1366 3304 ἀποθανεῖν
1436 3216 1529 3272 τὸν
1601 3214 1851 3304 Χριστὸν,

196 3287 516 3386 ἐπετίμησεν
573 3287 738 3381 αὐτῷ,
798 3305 963 3369 οὕτως
990 3304 1169 3386 Δεἰπών
1204 3323 1219 3339 ο
1272 3287 1447 3366 υιλεώς
1509 3325 1617 3376 σοι,
1652 3287 1855 3382 Κύριε,

198 3402 301 3459 οῦκ
346 3383 492 3455 ἐσται
548 3416 630 3451 σοι
686 3401 865 3456 τοῦτο.
901 3416 930 3449 ι
988 3383 1045 3451 Ὀ
1090 3392 1180 3447 οὖν
1234 3393 1445 3471 Κύριος,
1491 3388 1857 3469 διορθούμενος

203 3498 417 3569 τοῦτον,
448 3489 538 3545 καὶ
584 3484 759 3554 δηλῶν
809 3484 891 3540 ὅτι
938 3485 998 3541 οῦ
1044 3484 1106 3539 τὸ
1150 3486 1337 3541 παθεῖν
1388 3482 1544 3539 αὒτὸν
1595 3479 1855 3569 ἀπρεπὲς,

197 3578 340 3639 ἀλλὰ
395 3554 458 3633 τὸ
514 3576 591 3652 μὴ
642 3577 856 3647 παθεῖν,
913 3569 1206 3639 ἐπέπληξεν
1266 3571 1435 3629 αἶπών
1473 3587 1486 3600 ’
1555 3589 1580 3626 α
1636 3554 1859 3646 ’Ὕπαγε

197 3670 391 3745 ὀπίσω⁸
424 3688 550 3746 μου,
602 3669 836 3737 Σατανᾶ,
895 3662 974 3718 ὅτι
1034 3663 1093 3719 οῦ
1147 3675 1361 3743 φρονεῖς
1419 3661 1487 3719 τὰ
1542 3663 1633 3714 τοῦ
1700 3662 1856 3736 Θεοῦ,

1939 3042 2158 3116 lorum,
2214 3044 2373 3122 quod
2444 3043 2639 3105 crucis
2718 3042 3057 3122 mysterium
3131 3044 3452 3123 ignoraret,
3514 3064 3582 3107 ac

1939 3131 2192 3212 proinde
2223 3131 2406 3192 satius
2428 3149 2561 3192 eSse
2579 3131 2849 3211 duceret,
2865 3132 3205 3195 utChristus
3236 3151 3354 3194 non
3378 3151 3580 3194 more-

1938 3230 2126 3297 retur,
2153 3219 2541 3301 reprehendit
2559 3238 2697 3281 eum
2730 3220 2822 3280 bis
2846 3219 3081 3280 verbis:
3115 3222 3435 3300 Propitius
3458 3228 3582 3285 esto

1943 3309 2073 3385 tibi,
2104 3308 2386 3383 Domine,
2408 3326 2532 3371 non
2550 3311 2668 3371 erit
2683 3308 2793 3370 tibi
2811 3308 2942 3371 hor.
2963 3308 3132 3370 Hunc
3154 3327 3295 3387 ergo
3312 3318 3374 3370 ut
3390 3309 3583 3370 corri-

1940 3406 2108 3477 geret
2141 3396 2442 3479 Dominus,
2470 3405 2529 3458 et
2550 3397 2861 3471 indicaret,
2896 3414 3015 3456 non
3057 3399 3105 3456 si
3138 3397 3581 3475 pateretur,sed

1941 3487 1993 3548 si
2025 3504 2141 3550 non
2174 3495 2498 3566 pateretur,
2522 3485 2581 3545 id
2607 3503 2744 3546 vero
2775 3483 3064 3544 indecens
3095 3502 3249 3558 esse,
3284 3485 3585 3562 castigavit

1943 3576 2192 3637 dicens:
2244 3573 2401 3636 Vade
2411 3580 2542 3653 post
2563 3590 2681 3646 me,
2704 3574 2965 3645 Satana,
2999 3572 3143 3650 quia
3167 3590 3291 3633 non
3318 3574 3484 3652 sapis
3513 3590 3585 3635 ea

1943 3682 2075 3744 quae
2106 3664 2224 3726 Dei
2253 3669 2415 3737 sunt,
2450 3660 2553 3721 sed
2582 3677 2716 3740 quae
2746 3660 3074 3722 hominum.
3108 3658 3282 3719 Illum
3316 3678 3455 3739 ergo
3497 3659 3586 3721 in-

194 3755 337 3816 ἀλλὰ
374 3744 459 3811 τὰ
513 3744 618 3810 τῶν
675 3753 985 3831 ἀνθρώπων.
1054 3771 1077 3807 ι
1145 3751 1245 3807 Καὶ
1290 3747 1699 3820 καθικνούμενος
1754 3744 1851 3800 τοί·

1945 3770 2218 3832 crepans,
2278 3750 2394 3812 ait:
2456 3751 2549 3811 An
2601 3766 2695 3809 me
2752 3748 2871 3828 pati
2922 3749 3223 3810 dedecet?
3277 3748 3463 3829 Atqui
3523 3756 3583 3810 tu

193 3868 289 3904 νυν
319 3847 475 3902 αὺτοῦ
514 3862 673 3923 φησιν
708 3856 724 3872 ⁶
772 3828 834 3896 Ἐἰ
882 3840 945 3894 τὸ
991 3836 1086 3912 ἐμὲ
1129 3840 1319 3893 παθεῖν
1350 3834 1579 3923 ἀπρεπές
1696 3828 1851 3923 Ἀλλᾷ

1946 3828 2169 3903 carnali
2199 3840 2397 3901 animo
2430 3837 2517 3901 sic
2544 3855 2754 3899 censes
2784 3854 2797 3898 :
2862 3854 3001 3897 nam
3035 3838 3086 3897 si
3114 3828 3394 3897 divinitus
3423 3837 3586 3900 illus-

191 3935 258 3991 σὺ
290 3934 512 4011 σαρκικῇ
529 3920 741 4006 ’γμώμη
766 3932 922 3982 τοῦτο
951 3925 1180 4004 ψηφίζῃ,
1226 3924 1324 3996 ὡς,
1377 3921 1493 4011 εἴγε
1522 3920 1684 4011 κατὰ-
1709 3921 1838 4011 Θεοῦ

1948 3939 2108 3991 ratus
2139 3945 2481 3990 sermonem
2516 3944 2715 3987 meum
2761 3924 3114 4000 audivisses,
3165 3925 3393 4001 carnali
3424 3926 3582 4002 cogi-

194 4026 305 4079 τῶν
333 4003 637 4096 λεγομένων
684 4011 901 4092 ἤκουες,
947 4003 1056 4079 τῆς
1097 4014 1353 4089 σαρκικῆς
1405 4006 1633 4097 διανοίας
1662 4003 1840 4097 ἀπαλξ

1949 4020 2147 4082 atione
2197 4017 2486 4097 deposita,
2533 4012 2931 4093 cognovisses,
2974 4013 3032 4073 id
3082 4031 3176 4075 me
3214 4016 3305 4076 vel
3332 4013 3585 4076 maxime

195 4092 582 4187 λαγεὶς,’ᾕδεις
629 4101 691 4159 ἂν
739 4101 819 4157 ὅτι
869 4122 961 4176 μοι
1002 4097 1261 4187 ,μάλιστα-
1286 4104 1440 4187 τοῦτο
1468 4094 1667 4187 πρέπον
1710 4092 1839 4187 ἐστί.

1945 4109 2168 4170 iecere.
2215 4092 2304 4167 Tu
2356 4103 2523 4165 enim
2578 4092 2879 4164 eaistimas
2930 4100 3262 4182 passionem
3298 4120 3390 4162 me
3419 4101 3583 4162 indi-

197 4182 297 4254 Σὺ-
345 4182 442 4270 μέν
511 4192 611 4270 γὰρ
669 4190 922 4268 νομίζεις,
974 4185 1062 4278 ’ὅτι
1140 4184 1345 4251 ἀνάξιόν
1405 4206 1505 4260 μου
1558 4185 1621 4239 τὸ
1679 4182 1841 4278 πάθος

1945 4216 2099 4277 gnam
2150 4211 2322 4257 esse:
2379 4211 2486 4272 ego
2526 4209 2664 4253 vero
2723 4190 2831 4251 tibi
2883 4190 3042 4265 dico,
3100 4198 3165 4252 ut
3217 4209 3335 4251 non
3369 4191 3580 4270 patiar,

198 4285 340 4343 ἐστὶν
375 4298 389 4313 ⁸
422 4281 530 4359 ἐγὼ
558 4276 612 4334 δέ
640 4299 723 4333 σοι
768 4275 911 4354 λέγω
956 4273 1037 4331 ὅτι
1085 4274 1147 4330 τὸ
1196 4274 1273 4349 μὴ
1310 4275 1498 4359 παθεῖν
1529 4292 1595 4346 με
1623 4275 1721 4337 τῆς
1749 4274 1842 4359 τοῦ

1945 4273 2204 4348 liabolici
2252 4301 2385 4345 esse
2437 4280 2696 4342 consilii.
2760 4278 2891 4341 Non
2939 4283 3099 4341 enim
3153 4279 3583 4342 contumeliose

199 4357 473 4430 διαϐόλου
520 4367 741 4446 γνώμης
812 4364 1023 4459 ἐστίν
1086 4361 1146 4417 οὒ
1220 4362 1364 4459 γαρ..
1752 4357 1844 4459 τὸν

1945 4375 2165 4437 .3etrum
2219 4371 2511 4436 Dominus
2559 4367 2903 4448 appellavit,
2958 4367 3065 4429 sed
3117 4367 3400 4459 quoniam
3452 4368 3585 4448 ejus

204 4459 403 4538 Πέτρον
471 4458 500 4512 6
530 4516 542 4525 _
574 4456 761 4533 Κύριος
829 4448 1177 4538 ἀπεκάλεσεν,
1244 4445 1364 4504 ἀλλ’
1419 4446 1629 4538 ἐπέιδὴΔ
1657 4448 1709 4519 αξ
1735 4450 1851 4538 *τοῦ

1945 4462 2308 4535 incommoda
2334 4467 2537 4521 nostra
2582 4445 2731 4519 facta
2772 4465 2910 4518 sunt
2956 4445 3289 4531 commoda,
3326 4469 3389 4521 ut
3417 4445 3578 4518 mors

205 4534 396 4626 Κυρίου
468 4543 741 4621 στερήσεις
804 4541 940 4616 ἡμῖν
1011 4536 1307 4632 ἐξεγένοντο
1328 4626 1342 4632 -
1366 4552 1383 4570 °
1439 4538 1555 4632 οἷον
1696 4534 1851 4632 αὐτοῦ

1945 4553 2124 4632 ipsius
2153 4548 2324 4612 nobis
2352 4549 2467 4610 vita
2496 4547 2647 4609 facta
2677 4554 2788 4620 est,
2830 4545 3026 4625 ipsius
3058 4546 3380 4624 ignominia
3412 4546 3588 4608 nobis

203 4622 424 4696 θάνατος
492 4633 628 4708 ἡμῖν
685 4629 798 4700 ζωὴ
867 4627 1082 4721 γέγονεν
1139 4642 1165 4721 ⁸.
1206 4626 1242 4693 ἡ
1265 4626 1446 4721 ⁵αὐτοῦ
1491 4623 1672 4721 ἀτιμία
1713 4622 1851 4721 ἡμὲν

1945 4622 2124 4721 gloria
2171 4656 2184 4701 :
2267 4639 2449 4719 idque
2504 4635 2786 4714 ignorans
2843 4622 3170 4714 apostolus,
3239 4633 3458 4695 restitit
3518 4651 3589 4693 ex

202 4722 348 4788 δόξα.
377 4728 540 4779 Τοῦτο
595 4717 648 4775 δὲ
694 4718 900 4796 ἀγνοῶν
950 4718 978 4772 6
1032 4711 1357 4777 ’Λπόστολος
1409 4710 1733 4811 ἀντιπίπτων
1786 4708 1851 4775 ἦν

1945 4708 2273 4808 ignorantia
2324 4708 2605 4807 voluntati
2654 4723 2812 4795 Dei;
2852 4708 3204 4811 ignorantia
3259 4740 3398 4811 vero
3459 4729 3585 4782 erat

205 4808 258 4876 ἐξ
326 4808 540 4885 ἀγνοίας
609 4813 687 4881 τῷ
747 4794 1013 4880 θελήματι
1065 4808 1157 4858 τοῦ
1214 4807 1370 4865 Θεοῦ,
1433 4794 1496 4890 LE
1558 4794 1612 4853 δὲ
1668 4795 1851 4890 ἄγνοια

1945 4794 2259 4880 aidwrsarii
2293 4835 2306 4876 :
2344 4804 2570 4876 idcirco
2623 4813 2707 4874 ait
2741 4833 2753 4872 :
2798 4794 2975 4874 Vade
3010 4817 3143 4890 post
3171 4828 3282 4885 me,
3315 4809 3582 4881 Satana,

201 4905 296 4958 τοῦ
324 4894 685 4973 ἀντικειμένου
716 4909 731 4925 ·
783 4891 868 4949 διὰ
912 4893 1301 4985 τοῦτὸηφησιν.
1343 4912 1371 4945 α
1435 4872 1646 4989 τἰ’παγεκ
1684 4885 1851 4941 ὀπίσω

1945 4926 2045 4989 pro
2076 4907 2202 4983 illo,
2261 4902 2541 4985 Sequere
2564 4920 2765 4965 meum
2813 4872 3155 4975 consilium,
3214 4916 3328 4960 nec
3361 4897 3587 4960 obsiste

200 5009 328 5067 μου,
367 4971 579 5043 Σατανᾶ
611 5006 640 5040 η
696 4997 711 5013 ·
771 4981 885 5040 ἀντὶ
931 4987 1024 5039 τοῦ
1269 4999 1370 5053 μου
1421 4981 1490 5052 τῇ
1532 4971 1720 5053 βουλῇ,
1768 4973 1856 5028 καὶ
1938 4971 2118 5077 scopo
2154 4971 2315 5059 ιίιεο.

200 5078 280 5155 μὴ
310 5073 400 5132 ἔσο
429 5096 534 5131 που
564 5071 921 5147 ἀντικείμενος
950 5073 1029 5143 τῷ
1058 5073 1267 5141 σκοπῷ.

283 5166 355 5223 T6
383 5161 438 5220 δὲ
470 5183 495 5219 ι
530 5166 704 5218 Σατᾶν
739 5181 764 5218 ι
819 5159 988 5234 ὄνομα
1034 5158 1124 5214 τὸν
1178 5153 1532 5229 ἀντικείμενον
1583 5150 1852 5226 σημαίνει,

203 5252 400 5332 Καιρὸν
442 5252 612 5308 τοίνυν
661 5248 879 5307 ἐνταῦθα
931 5245 1076 5325 λέγει
1110 5263 1127 5280 ·
1178 5242 1268 5332 ῦτε
1320 5245 1349 5299 6
1400 5240 1597 5320 Πέτρος
1646 5240 1800 5297 εἶπεν

208 5364 239 5398 α
276 5320 451 5404 ’ἵλεώς
491 5359 616 5416 Δσοι,
679 5336 833 5416 Κύριε
886 5358 915 5392 ι
953 5348 968 5365 ’
1009 5320 1125 5391 ὀῦκ
1177 5331 1324 5388 ἔσται
1377 5352 1460 5387 σοι
1515 5334 1671 5385 τοῦτο
1705 5344 1719 5360 ⁸
1768 5320 1858 5383 καὶ

202 5427 453 5503 ἤκουσεν,
489 5409 687 5505 "rainy:
716 5409 886 5482 ὀπίσω
938 5444 1062 5503 μου,
1113 5424 1350 5482 Σατανᾶ.
1398 5418 1545 5475 Μετὰ
1590 5425 1712 5505 γοῦν
1732 5415 1854 5505 Δτὴν

202 5501 511 5594 ἐπιτίμησιν
581 5501 677 5573 οὒκ
746 5511 1009 5591 ἀρκεσθεὶς
1046 5501 1228 5589 ταύτῃ
1287 5510 1317 5565 6
1366 5506 1579 5587 Κύριος,
1629 5501 1746 5562 ἀλλ’
1797 5502 1857 5562 ἐκ

2020 5154 2251 5219 Nomen
2278 5147 2954 5218 Satanasadversarium
2987 5145 3303 5224 signiﬁcat.
3321 5146 3588 5226 Tempus

1942 5264 2080 5325 ergo
2109 5245 2206 5307 hic
2222 5251 2284 5307 et
2316 5242 2686 5307 occasionem
2716 5236 2987 5317 explicat,
3012 5254 3127 5325 qua
3152 5237 3364 5325 Petrus
3396 5233 3582 5297 dixit:

1942 5322 2252 5415 Propitius
2277 5341 2398 5396 esto
2429 5331 2559 5406 tibi,
2592 5328 2879 5415 Domine,
2904 5342 3022 5415 non
3045 5322 3158 5385 erit
3187 5323 3295 5385 tibi
3320 5325 3433 5386 hoc
3463 5341 3477 5382 :
3532 5328 3592 5385 et

1937 5412 2189 5486 audivit:
2222 5421 2386 5486 Vade
2408 5428 2540 5502 post
2562 5436 2679 5493 me,
2712 5414 2950 5479 Satana.
2983 5412 3195 5502 Postea
3210 5430 3359 5502 vero
3389 5428 3592 5497 repre-

1936 5513 2230 5580 hensione
2266 5529 2341 5577 ea
2367 5501 2490 5576 non
2531 5510 2869 5583 contentus,
2908 5501 3017 5569 sed
3050 5501 3301 5567 uberius
3328 5501 3589 5567 demon-
