4008 6114
504 243 528 307 1
541 241 659 308 263

1566 241 1622 307 ι.
1669 243 2059 308 XIPHILINI
2100 242 2216 307 GP.
2261 244 2775 310 PATRIARGH‘E

3707 257 3814 319 1264

486 382 782 467 straturus
799 373 1656 467 eorum,qumRetmsdixerat,
1683 374 2135 467 absurditatem,

2227 380 2515 457 περιουσίας
2575 376 2740 444 δεῖξαι
2792 379 3118 456 Βουλόμενος
3171 386 3275 440 τῶν
3337 388 3493 464 παρὰ
3544 397 3628 447 τοῦ
3668 390 3815 467 Πὲτςκυ

491 471 551 527 et
580 463 871 544 passionis
893 463 1147 536 lucrum,
1182 461 1264 524 ait
1291 480 1305 524 :
1364 461 1454 525 Tu
1485 463 1633 524 mihi
1664 463 1838 525 dicis.
1872 463 1998 526 Non
2030 464 2144 526 erit

491 551 600 614 tibi
623 553 756 628 hoc,
790 559 852 614 at
868 570 976 630 ego
999 550 1104 612 tibi
1129 550 1296 613 dico:
1325 552 1456 614 Non
1481 551 1656 613 modo
1677 571 1772 614 me
1797 553 2139 634 prohibere,

491 659 561 703 ac
579 658 770 703 meam
795 639 1130 720 passionem
1157 638 1399 718 indigne
1413 640 1598 716 ferre,
1623 639 1730 701 tibi
1766 641 2004 702 noxium
2033 641 2146 702 erit

491 737 550 791 et
600 729 1032 810 perniciosum,
1081 727 1187 790 sed
1234 747 1432 808 neque
1485 737 1547 790 tu
1596 729 1847 792 salutem
1894 729 2144 810 adipisci

493 817 736 898 poteris,
771 815 886 878 nisi
918 825 976 878 et
999 817 1130 896 ipse
1157 815 1231 878 ad
1265 816 1609 896 patiendum
1639 825 1878 897 paratus
1906 835 2146 897 semper

490 904 704 968 fueris.
737 903 824 966 Ne
850 903 1010 966 enim
1043 903 1382 984 passionem
1410 905 1538 986 ipso
1561 905 1866 982 indignam
1892 904 2142 966 arbitra-

487 1003 717 1069 rentur,
733 1013 851 1057 non
871 1002 1098 1056 tantum
1111 993 1640 1074 antecedentibus,
1665 992 1768 1054 sed
1794 993 1968 1055 etiam
1992 1012 2139 1054 con-

491 1082 890 1164 sequentibus
915 1080 1113 1144 verbis
1130 1099 1234 1143 eos
1255 1080 1486 1142 lucrum
1527 1084 1613 1143 rei
1647 1081 1883 1143 edocet.
1920 1083 2007 1142 Ac
2038 1099 2145 1161 per

489 1169 781 1234 Joannem
830 1170 1074 1252 quidem
1118 1169 1239 1233 ait:
1287 1168 1425 1232 Nisi
1455 1187 1719 1249 granum
1746 1169 2048 1249 frumenti
2077 1175 2140 1231 in.

489 1267 659 1324 terra
706 1262 1036 1334 moriatur,
1090 1264 1293 1340 ipsum
1339 1257 1535 1320 solum
1573 1265 1780 1321 manet
1811 1278 1824 1318 :
1857 1261 1913 1319 si
1941 1266 2141 1320 autem

489 1359 792 1415 mortuum
817 1350 1032 1430 fuerit,
1065 1348 1328 1412 multum
1356 1348 1625 1428 fructum
1669 1349 1864 1428 aﬂ'ert.
1897 1349 1971 1410 At
2000 1367 2138 1410 vero

491 1440 590 1502 hic
619 1439 753 1522 plus
782 1437 950 1518 dicit,
983 1445 1043 1500 et
1071 1455 1412 1499 sermonem
1445 1437 1520 1500 de
1549 1437 1758 1498 mortis
1788 1438 2141 1499 necessitate

490 1547 612 1592 non
641 1529 834 1591 solum
867 1527 941 1588 ad
970 1545 1060 1604 se,
1095 1525 1202 1589 sed
1234 1527 1412 1588 etiam
1445 1525 1517 1587 ad
1541 1525 1677 1587 illos
1707 1526 2136 1587 accommodat.

493 1615 745 1680 Tantum
775 1615 961 1692 enim,
985 1615 1199 1696 inquit,
1235 1615 1323 1678 rei
1356 1615 1586 1678 lucrum
1620 1621 1728 1689 est,
1772 1621 1834 1674 ut
1863 1621 1922 1675 et
1950 1611 2136 1688 vobis,

2226 467 2512 546 εἰρημένων
2571 469 2670 535 τὴν
2741 468 2985 549 ἀτοπίαν,
3052 474 3137 528 καὶ
3208 475 3269 529 τὸ
3341 475 3458 531 ἀπὸ
3525 484 3614 534 τοῦ
3673 481 3818 540 πάθως

2224 554 2426 633 κέρδος,
2485 558 2642 636 φησίν
2679 573 2692 586 ·
2754 559 2828 612 Σύ
2883 582 2970 632 μοι
3028 558 3198 637 λέγεις
3251 581 3265 595 ⁸
3327 565 3408 620 Οὔ
3467 567 3546 639 μὴ
3599 564 3721 621 ἔσται
3764 588 3819 620 σο.

2224 654 2375 702 τοῦτο
2411 662 2425 678 ⁸
2463 644 2570 722 ἐγὼ
2619 643 2672 701 δέ
2720 667 2799 701 σοι
2853 645 2996 725 λέγω
3047 648 3127 704 ὅτι
3176 650 3233 706 οὗ
3285 652 3457 724 μόνον
3507 657 3568 708 τὸ
3615 654 3696 728 ἐμὲ
3740 679 3820 709 κω-

2225 731 2386 812 λύειν,
2452 735 2538 789 καὶ
2608 741 2684 808 τῷ
2752 734 2865 809 ἐμῷ
2936 737 3085 791 πάθει
3162 735 3543 816 δυσχεραινειν
3607 739 3821 804 έπιῖραϐὲς

2226 842 2306 876 σοι
2364 820 2652 888 καθέστηκε
2701 824 2786 878 καὶ
2859 822 3112 902 ὀλέθριον,
3170 823 3288 880 ἀλλ’
3337 827 3426 882 ὅτι
3482 826 3596 884 οἶδὲ
3649 834 3700 885 σὺ
3745 855 3823 887 σω-

2223 912 2375 975 θῆναι
2419 907 2640 985 δυνήσῃ,
2695 909 2781 967 ἐὰν
2831 912 2908 986 μὴ
2958 914 3044 968 καὶ
3102 915 3260 976 αὐτὸς
3310 918 3454 994 πρὸς
3505 919 3568 972 τὸ
3611 922 3823 976 παθεῖιιεῖ

2224 998 2713 1075 παρεσκευασμένος
2783 996 2866 1054 διὰ
2937 1001 3156 1063 παντός.
3232 989 3336 1060 Ἵνα
3376 1007 3487 1082 γάρ
3545 1009 3620 1079 μὴ
3671 1007 3828 1072 ἀνάξιοι

2224 1085 2379 1144 κῦτοῦ
2444 1086 2698 1160 νομίσωσι
2764 1089 2826 1142 τὸ
2897 1090 3088 1168 πάθος,
3152 1091 3211 1146 ού
3281 1089 3367 1146 διὰ
3443 1096 3552 1148 τῶν
3620 1098 3828 1174 προτέταιιτ

2225 1174 2409 1248 μόνον,
2467 1172 2601 1234 ἀλλὰ
2658 1175 2744 1230 καὶ
2804 1172 2887 1230 διὰ
2946 1177 3052 1232 τῶν
3102 1176 3460 1255 ἐπαγομένων
3513 1172 3686 1246 αὐτους
3735 1172 3828 1239 παις

2222 1259 2354 1317 δεύει
2421 1263 2482 1318 τὸ
2538 1259 2714 1339 κέρδος
2769 1273 2862 1322 τοῦ
2933 1265 3266 1344 πράγματος.
3337 1272 3448 1326 Καὶ
3506 1269 3593 1325 Eii
3642 1275 3728 1345 μὲν
3770 1284 3833 1330 :93

2224 1350 2465 1406 Ἰωάννου
2496 1353 2651 1428 φησίν
2687 1367 2698 1380 ⁸
2767 1375 2793 1405 α
2851 1351 2974 1408 Ἐὰν
3028 1356 3105 1428 μὴ
3156 1358 3182 1411 ὁ
3230 1359 3434 1420 κόκκος
3482 1370 3578 1418 τοῦ
3625 1363 3750 1420 aito,
3784 1365 3833 1420 εἰς

2221 1439 2320 1504 τὴν
2389 1443 2490 1515 γῆν
2561 1438 2820 1515 ἀποθάνῃ,
2898 1441 3052 1504 αὐτός
3129 1443 3287 1518 μόνος
3361 1446 3522 1520 μένει
3584 1467 3598 1478 ·
3670 1449 3745 1504 ἐὰν
3799 1447 3834 1502 δὲ

2223 1526 2485 1604 ἀποθάνῃ,
2556 1525 2718 1582 πολὺν
2782 1531 2983 1607 καρπὸν
3042 1530 3210 1610 φέρει,
3289 1555 3312 1588 ι
3400 1533 3664 1592 Ἐνταῦθα
3713 1535 3758 1592 δὲ
3799 1539 3837 1592 ἐι

2224 1615 2517 1693 περίουσίας
2573 1615 2667 1671 οὒκ
2737 1614 2818 1694 ἐφ’
2890 1618 3077 1677 ἑαυτοῦ
3134 1620 3295 1693 μόνου
3367 1624 3468 1678 τὸν
3543 1623 3716 1701 λόγον,
3776 1627 3836 1678 τὶς-ι

493 1705 656 1768 nolle
689 1705 864 1781 mori,
919 1694 1183 1782 malum;
1228 1711 1459 1783 contra,
1510 1712 1750 1785 paratos
1793 1701 1866 1764 ad
1898 1701 1958 1762 id
1989 1720 2141 1784 esse,

2231 1704 2346 1779 περὶ
2399 1712 2491 1761 τοῦ
2545 1701 2656 1759 δεῖν
2710 1705 3059 1774 ἀποθνήσκειν
3123 1709 3396 1789 γυμνάζει,
3467 1694 3634 1768 ἀλλὰ⁷
3664 1717 3738 1769 καὶ
3780 1712 3836 1767 ἐπ’

491 1793 715 1856 bonum
746 1793 847 1856 sit.

568 1969 702 2034 Jam
731 1989 893 2046 vero,
953 1991 1083 2053 quae
1132 1990 1348 2035 arcana
1399 1972 1578 2034 etiam
1633 1989 1811 2034 sensa
1840 1972 2140 2033 contineat

489 2077 656 2137 crux,
709 2078 818 2141 per
857 2079 1033 2141 quam
1081 2060 1388 2142 perficitur
1436 2059 1768 2122 Dominicaa
1819 2060 2134 2141 passionis,

494 2157 696 2211 nostra
739 2166 918 2212 causa
965 2157 1279 2228 susceptae,
1339 2149 1713 2230 mysterium,
1775 2149 1909 2229 quis
1967 2148 2140 2210 facile

495 2237 764 2300 oratione
792 2236 1093 2318 explicet?
1115 2237 1268 2311 Quid
1289 2237 1448 2300 enim
1473 2240 1502 2300 ?
1526 2238 1619 2299 An
1649 2256 1767 2299 non
1799 2247 1967 2300 erant
1995 2237 2140 2298 infi-

495 2326 607 2389 niti
638 2325 798 2388 modi
825 2325 897 2387 ad
931 2334 1181 2390 mortem
1212 2325 1524 2402 ducentes,
1571 2325 1786 2408 quibus
1833 2344 1994 2386 mors
2036 2343 2142 2405 pro

496 2413 670 2477 nobis
699 2414 900 2495 oppeti
956 2415 1293 2496 potuisset?
1336 2415 1560 2479 Verum
1607 2434 1675 2476 ex
1725 2413 2004 2476 omnibus
2028 2413 2139 2475 iste

497 2501 765 2567 delectus
792 2513 886 2566 est
913 2502 986 2565 ab
1030 2522 1101 2567 eo
1141 2504 1294 2586 ipso,
1347 2503 1449 2586 qui
1495 2501 1608 2565 sibi
1659 2502 1994 2584 passionem
2031 2519 2136 2582 pro

496 2599 788 2673 potestate
820 2590 1064 2670 delegit.
1096 2595 1305 2675 Neque
1335 2591 1494 2655 enim
1525 2591 1674 2654 dixit
1709 2613 1724 2654 :
1757 2591 1895 2654 Haec
1925 2599 1985 2654 et
2012 2593 2137 2653 haec

497 2681 756 2762 patietur
801 2681 987 2746 Filius
1012 2682 1271 2745 hominis
1319 2683 1462 2764 (quo
1495 2681 1670 2744 modo
1702 2681 2056 2762 simpliciter
2083 2687 2142 2740 et

495 2769 766 2834 absolute
780 2778 1031 2834 mortem
1047 2771 1370 2852 praedicere
1386 2771 1694 2852 potuisset}
1708 2820 1722 2844 ,
1739 2768 2143 2850 sed,0portet,

497 2857 714 2940 inquit,
730 2859 943 2921 Filium
956 2860 1218 2923 hominis
1229 2859 1520 2939 crucifigi,
1555 2859 1848 2939 docetque
1869 2865 2142 2938 oportere

497 2945 836 3027 passionem
892 2967 1012 3010 non
1055 2948 1228 3010 aliter
1275 2967 1449 3030 quam
1497 2965 1605 3029 per
1646 2965 1882 3010 crucem
1916 2944 2138 3025 peragi.

500 3033 652 3109 Quid
686 3054 825 3116 ergo
855 3037 967 3100 hac
993 3037 1066 3100 de
1095 3056 1163 3100 re
1194 3036 1507 3100 dicemus?
1539 3035 1736 3098 Solius
1767 3033 2142 3114 magniPauli

499 3131 590 3187 est
615 3123 675 3185 id
705 3123 1032 3200 declarare,
1065 3127 1167 3206 qui
1197 3125 1260 3186 in
1290 3123 1552 3205 Epistola
1580 3123 1653 3184 ad
1686 3122 1974 3204 Ephesios
1998 3121 2141 3183 abs-

503 3212 809 3276 conditum
842 3213 1038 3276 crucis
1071 3214 1414 3294 mysterium
1467 3230 1538 3274 ex
1587 3222 1751 3292 parte
1794 3212 2008 3284 innuit,
2045 3209 2142 3270 di-

497 3319 679 3364 cens:
737 3301 808 3365 Ut
850 3303 1096 3382 possitis
1144 3300 1648 3380 comprehendere
1704 3315 1840 3361 cum
1869 3297 2143 3360 omnibus

496 3391 746 3463 sanctis,
776 3407 912 3471 quae
938 3393 1015 3453 sit
1044 3389 1323 3466 latitudo,
1349 3395 1406 3452 et
1428 3387 1767 3468 longitudo,
1799 3393 1859 3448 et
1885 3387 2143 3466 profun-

498 3479 684 3559 ditas,
718 3485 774 3541 ει
829 3477 1108 3554 altitudo,
1156 3481 1313 3542 scire
1358 3478 1543 3540 etiam
1568 3493 1748 3555 super
1775 3477 2142 3536 eminentem

499 3566 858 3631 charitutem
885 3569 1242 3648 cognitionis
1273 3566 1502 3629 Christi
1524 3567 1571 3630 ¹.
1598 3565 1725 3626 Νοιι
1748 3565 1906 3626 enim
1925 3563 2145 3625 frustra

501 3653 738 3718 divinus
767 3655 870 3718 ille
899 3657 1106 3718 oculus
1135 3655 1384 3735 ﬁguram
1444 3654 1598 3716 hanc
1623 3661 1875 3734 quatuor
1905 3651 2142 3733 promi-

501 3743 724 3806 nentiis
781 3763 817 3806 a
887 3744 1086 3807 media
1147 3743 1537 3806 commissura
1579 3742 1915 3804 distinctam
1977 3739 2144 3802 desi-

504 3839 668 3913 gnat,
702 3839 768 3893 ut
817 3834 947 3912 ejus
991 3850 1167 3914 quem
1215 3831 1316 3893 illa
1361 3831 1658 3910 signiﬁcat
1709 3829 2142 3911 providentiam

503 3931 684 4003 atque
753 3921 1078 3999 potentiam
1138 3939 1246 4002 per
1311 3921 1510 3983 omnia
1580 3926 1982 4001 permeantem
2039 3917 2140 3978 in-

502 4009 720 4072 sinuet.
753 4009 875 4073 Hac
903 4011 980 4072 de
1009 4028 1188 4072 causa
1214 4029 1320 4072 suo
1351 4027 1647 4090 quamque
1679 4005 2137 4090 prominentiam

501 4099 787 4164 vocabulo
833 4100 1108 4182 appellat.
1159 4099 1634 4164 Profunditatem
1686 4098 1975 4172 nominat,
2007 4115 2136 4178 quae
2166 4123 2213 4183 ι)

501 4207 536 4252 a
565 4189 766 4252 medio
787 4188 1064 4252 deorsum
1087 4209 1102 4260 ;
1130 4188 1534 4264 altitudinem,
1557 4205 1688 4268 quae
1717 4204 1950 4248 sursum
1976 4185 2141 4259 ;lati-

502 4277 769 4341 tudinem
822 4285 882 4341 et
927 4277 1382 4357 longitudinem,
1433 4294 1566 4357 quae
1609 4294 1679 4337 ex
1728 4283 2066 4337 transverso
2109 4292 2144 4335 a

503 4365 896 4429 commissura
915 4366 1194 4447 utrinque
1226 4366 1624 4448 protenditur.
1660 4363 1787 4437 Quo
1819 4363 1964 4425 illud
2001 4362 2150 4424 mihi

503 4453 816 4537 perspicue
835 4454 1069 4516 videtnr
1090 4453 1380 4531 indicare,
1406 4454 1556 4515 nihil
1581 4472 1734 4528 esse,
1763 4452 1918 4534 quod
1950 4451 2148 4513 divina

499 4543 555 4604 vi
586 4551 763 4624 atque
792 4549 999 4604 natura
1044 4561 1163 4604 non
1214 4542 1590 4606 contineatur
1641 4540 1885 4604 omnino
1915 4549 1974 4602 et
2003 4559 2145 4602 con-

503 4640 801 4707 servetur,
846 4630 969 4692 sive
1010 4630 1073 4691 in
1117 4629 1289 4708 coelo,
1338 4631 1461 4694 sive
1505 4630 1613 4692 sub
1663 4631 1836 4704 coelo,
1879 4629 2001 4691 sive
2031 4627 2142 4690 sub

503 4727 662 4784 terra
690 4720 791 4804 sit,
821 4719 944 4784 sive
967 4719 1043 4782 ad
1075 4719 1363 4784 terminos
1411 4719 1620 4784 mundi
1647 4719 1910 4800 undique
1941 4735 2018 4781 ex
2044 4717 2144 4781 ad-

500 4826 672 4873 verso
703 4807 1116 4892 protendatur.

586 4988 703 5049 Per
729 4985 1097 5048 altitudinem
1121 4983 1278 5048 enim
1299 4984 1598 5065 signiﬁcat
1613 5001 1852 5066 supera,
1883 5001 1988 5065 per
2007 5001 2145 5065 pro-

503 5073 852 5137 funditatem
884 5073 1099 5151 infera,
1151 5091 1258 5156 per
1305 5073 1738 5154 longitudinem
1788 5080 1846 5135 et
1875 5071 2138 5134 latitudi-

503 5181 643 5226 nem
673 5163 962 5227 terminos
991 5182 1098 5229 seu
1124 5163 1402 5243 regiones
1439 5161 1848 5238 intermedias,
1879 5179 2009 5242 quae
2037 5159 2142 5221 iti-

502 5251 643 5316 dem
688 5251 762 5315 ab
812 5253 1081 5316 omnium
1129 5271 1330 5316 rerum
1373 5251 1806 5315 conservatrice
1855 5256 2145 5332 potestate

502 5342 904 5408 continentur.
937 5342 1094 5418 Quin
1113 5343 1288 5408 etiam
1318 5362 1392 5408 ex
1417 5341 1638 5407 nostris
1665 5341 1741 5405 de
1768 5339 1892 5406 Deo
1922 5338 2145 5420 cogita-

577 5512 604 5556 ¹
625 5510 862 5595 Eph“.
896 5529 983 5591 ιιι,
1014 5512 1118 5592 18,
1153 5511 1256 5580 19.

2168 2763 2406 2828 Οάπλῶς
2457 2765 2601 2823 εἴποι
2649 2770 3012 2847 προαγορεύων
3059 2771 3125 2825 τὰ
3170 2768 3433 2844 μέλλοντα
3470 2792 3486 2807 ο

2212 1793 2445 1850 ἐκείνων.
2520 1800 2778 1850 Τοτοῦτον
2851 1795 2973 1872 γὰρ,
3034 1798 3182 1875 φησὶ,
3241 1800 3302 1853 τὸ
3352 1799 3551 1877 κέρδος
3601 1810 3688 1858 τοῦ
3733 1803 3839 1878 πρά-

493 1905 723 1981 γματος,
773 1884 853 1940 ὃτι
883 1885 969 1941 καὶ
999 1882 1080 1964 ἐφ’
1108 1885 1261 1960 ἡμῶν
1293 1885 1354 1940 τὸ
1383 1884 1480 1959 μὲν
1508 1883 1586 1950 πὴ
1634 1881 1801 1938 θέλειν
1848 1883 2131 1940 ἀποθανεῖν
2162 1881 2333 1981 (δεινόνν
2377 1898 2392 1912 ⁶

2443 1883 2504 1937 τὸ
2529 1881 2583 1937 δὲ
2611 1882 2850 1958 ἑτοίμους
2880 1886 3019 1940 εἶναι
3051 1888 3178 1964 πρὸς
3203 1895 3358 1944 τοῦτο
3390 1890 3623 1968 ἀγαθόν.

2321 1970 2431 2030 Coa
2464 1970 2518 2028 δὲ
2558 1974 2645 2028 καὶ
2689 1976 2717 2029 ὁ
2770 1978 2988 2053 σταυρὸς
3039 1975 3344 2058 ἐμπεριέχει
3408 1983 3665 2054 νοήματα
3707 1980 3764 2035 δι’
3802 1985 3842 2035 ο)

2219 2083 2276 2118 τε
2337 2060 2565 2120 λειοῦται
2619 2063 2681 2117 τὸ
2736 2073 2829 2122 τοῦ
2887 2065 3014 2143 ὑπὲρ
3071 2067 3223 2140 ἡμῶν
3271 2069 3476 2132 πάθους
3539 2077 3632 2126 τοῦ
3693 2070 3841 2144 Κυρίου

2223 2151 2530 2228 μυστήριον,
2591 2149 2668 2212 τίς
2730 2149 2788 2206 ἂν
2849 2149 3033 2226 ῥᾳδίως
3084 2161 3158 2227 τῷ
3207 2153 3352 2230 λογῳ
3409 2158 3838 2236 προσαφηνίσειε;

2226 2237 2312 2303 Μὴ
2382 2237 2481 2315 γὰρ
2550 2235 2644 2292 οὒκ
2710 2236 2846 2304 ἦσαν
2934 2241 3102 2318 μυρίοι
3190 2242 3374 2320 τρόποι
3452 2235 3616 2321 πρὸς
3664 2245 3840 2299 θάνατον

2224 2325 2492 2406 φέροντες,
2587 2323 2654 2380 δι’
2737 2329 2809 2382 ὧν
2896 2327 2959 2393 ἧν
3034 2326 3246 2384 δυνατὸν
3333 2329 3688 2409 πληρωθῆνχι
3770 2334 3838 2395 τὴ,

2221 2414 2350 2492 ὑπὲρ
2400 2414 2553 2488 ἡμῶν
2610 2421 2703 2470 τοῦ
2756 2416 2978 2470 θανάτου
3020 2419 3368 2497 οἶκονομίανς
3426 2417 3584 2474 Ἀλλ’
3633 2420 3691 2474 ἐκ
3733 2421 3838 2475 πάνυ·

2220 2525 2325 2560 των
2378 2505 2526 2566 οὗτος
2572 2504 2765 2582 ὡρίσθη
2817 2503 2942 2582 παρ’
2983 2506 3140 2564 αὐτοῦ
3182 2513 3272 2561 τοῦ
3321 2508 3500 2580 ἑαυτῷ
3549 2506 3666 2563 κατ’
3720 2508 3838 2571 ἐξον-

2219 2591 2332 2645 σίαν
2381 2593 2440 2646 τὸ
2496 2591 2659 2654 πάθος
2709 2593 2998 2669 ὁρίσαντος.
3051 2592 3177 2650 Οὐδὲ
3224 2596 3322 2672 γὰρ
3371 2596 3503 2651 εἷπε
3545 2617 3556 2628 ’
3611 2594 3735 2652 Τάδε
3776 2605 3842 2656 καὶ

2219 2676 2341 2734 τάδε
2410 2678 2644 2734 πείσεται
2717 2683 2743 2735 ὁ
2815 2684 2933 2744 Υἱὸς
3003 2690 3095 2738 τοῦ
3165 2683 3459 2761 ἀνθρώπου,
3543 2688 3620 2747 ὡς
3683 2684 3737 2740 ἒὶν
3780 2707 3839 2745 τις

3545 2771 3701 2844 ἀλλὰ,
3748 2782 3841 2838 As‘,

2223 2855 2375 2933 φησὶ,
2445 2855 2534 2909 τὸν
2605 2857 2724 2911 Υἱὸν
2794 2863 2887 2912 τοῦ
2976 2857 3245 2935 ἀνθρώπου
3329 2864 3696 2938 σταυρωθῆναι
3772 2857 3840 2913 δο-

2225 2942 2491 3018 γματίζων
2519 2943 2579 2998 τὸ
2627 2945 2703 3018 μὴ
2754 2941 2866 3000 δεῖν
2911 2943 3082 3008 ἄλλως
3135 2945 3170 3012 ἢ
3216 2943 3298 3001 διὰ
3346 2956 3577 3026 σταυροῦ
3635 2947 3840 3025 γενέσθαι

2223 3032 2284 3086 τὸ
2337 3031 2525 3094 πάθος,
2585 3031 2673 3094 Τὶς
2727 3031 2814 3088 οὗν
2872 3034 2987 3112 περὶ
3056 3036 3240 3092 τούτου
3290 3034 3503 3116 λόγος,
3564 3039 3731 3094 Μόνον
3773 3041 3841 3090 το)

2225 3117 2458 3196 μεγάλου
2514 3118 2719 3176 Παύλου
2778 3119 2884 3178 ἐστὶ
2935 3105 3273 3201 διασαφῆσαι.
3330 3105 3413 3188 θός
3471 3105 3528 3180 έν
3595 3125 3731 3202 μέρει
3779 3122 3841 3176 διὰ

2222 3210 2328 3263 τῶν
2383 3209 2513 3288 πρὸς
2584 3206 2852 3288 Ἐφεσίους
2910 3209 3086 3288 λόγων
3142 3213 3233 3267 τὸν
3289 3215 3521 3290 κρυπτὸν
3596 3224 3687 3272 τοῦ
3748 3212 3838 3290 τῖεξῖ

2221 3307 2315 3356 τοῦ
2379 3305 2598 3377 σταυροῦ
2665 3301 2948 3378 μυστηρίου
3015 3300 3320 3375 ὑπῃνίξατο,
3389 3300 3568 3380 λέγων
3601 3319 3614 3332 ⁸

2224 3383 2535 3465 ἐξισχύσητε
2605 3386 2990 3444 καταλαϐέσθαι
3059 3389 3148 3445 σὺν
3223 3395 3348 3446 πᾶσι
3421 3405 3546 3454 τοῖς
3602 3391 3758 3469 άγίοις
3800 3408 3834 3440 '-'-

2223 3476 2284 3530 τὸ
2347 3474 2546 3538 πλάτος
2578 3525 2595 3550 ,
2665 3477 2751 3532 καὶ
2817 3482 2989 3552 μῆκος
3027 3525 3040 3551 ,
3115 3478 3202 3533 καὶ
3263 3478 3419 3553 βάθος

2225 3563 2418 3640 γνῶναί
2542 3584 2599 3620 τε
2707 3565 2805 3633 τὴν
2913 3563 3334 3645 ὑπερϐάλλουσαν
3445 3569 3663 3646 ἀγάπην
3758 3570 3835 3629 τῆς

2225 3651 2468 3728 γνώσεως
2537 3662 2630 3710 τοῦ
2701 3661 2944 3733 Χριστοῦ.
3027 3677 3050 3712 ι)
3124 3657 3195 3713 Οὔ
3255 3657 3354 3736 γὰρ
3406 3657 3588 3736 ἀργῶς
3643 3662 3669 3714 ὁ
3717 3660 3828 3714 θεῖος

2227 3739 2429 3804 ἐκεῖνος
2499 3741 2764 3821 ὀφθαλμὸς
2834 3745 2895 3800 τὸ
2965 3750 3157 3824 σχῆμα
3223 3753 3377 3803 τοῦτο
3435 3747 3680 3826 τέσσαρσι
3725 3765 3829 3822 προσ

2226 3826 2412 3892 ϐολαῖς
2482 3829 2586 3886 ἀπὸ
2656 3836 2753 3898 τῆς
2822 3831 2876 3888 έν
2943 3833 3090 3908 μέσῳ
3159 3831 3427 3909 συμϐολῆς
3504 3835 3826 3914 μεριζόμενον,

2222 3917 2320 3984 τὴν
2387 3915 2468 3973 διὰ
2537 3919 2746 3976 πάντων
2817 3923 3049 3990 ἥκουσαν
3118 3929 3209 3979 τοῦ
3276 3922 3330 3977 ἐν
3403 3925 3549 3998 αὖτῷ
3617 3921 3829 4002 φανέντος

2230 4002 2557 4081 διασημαίνει
2632 4008 2878 4086 πρόνοιάν
2947 4031 3004 4065 τε
3072 4013 3159 4066 καὶ
3211 4008 3429 4084 δύναμιν
3465 4028 3480 4043 ·
3546 4013 3631 4067 καὶ
3680 4009 3828 4065 τούτου

2230 4095 2386 4174 χάριν
2458 4095 2683 4162 ἑκάστην
2773 4094 3038 4175 προϐολὴν
3127 4095 3442 4169 ἰδιαζούσαις
3523 4096 3826 4172 κατονομάξει

2228 4196 2453 4263 φωναῖς,
2513 4184 2669 4259 βάθος
2726 4183 2896 4264 λέγων
2963 4189 3026 4242 τὸ
3083 4186 3143 4243 ἐκ
3195 4195 3286 4242 τοῦ
3344 4187 3507 4262 μέσου
3561 4188 3714 4252 κάτω,
3761 4183 3824 4235 καὶ

2220 4271 2352 4346 ὕψος
2381 4275 2442 4328 τὸ
2487 4273 2856 4351 ὑπερκείμενον
2890 4291 2905 4306 ·
2966 4273 3167 4338 πλάτος
3223 4272 3277 4329 δὲ
3334 4277 3421 4332 καὶ
3480 4282 3648 4351 μῆκος
3693 4274 3744 4327 τὸ
3783 4269 3825 4323 ἐκ

2227 4358 2452 4438 πλαγίου
2507 4362 2949 4440 παρατεινόμενον
3009 4364 3140 4438 μετὰ
3197 4363 3295 4429 τὴν
3351 4361 3622 4439 συμϐολὴν
3672 4358 3822 4416 ἐκατέ-

2229 4451 2410 4527 ρωθεν,
2481 4454 2652 4524 μῆκος
2723 4458 3135 4530 προσαγορεῦσαι
3190 4469 3204 4482 ⁶
3273 4449 3340 4506 δι’
3411 4455 3488 4508 ὧν
3555 4450 3692 4510 τοῦτό
3752 4466 3821 4518 μοι

2228 4534 2376 4593 δοκεῖ
2431 4541 2610 4616 σαφῶς
2667 4537 3029 4615 διασημαίνειν
3085 4546 3160 4614 τῷ
3207 4538 3374 4617 λόγῳ,
3433 4539 3513 4598 ὅτι
3563 4538 3693 4597 οωέν
3734 4535 3818 4590 ἐστι

2226 4626 2331 4682 τῶν
2382 4624 2571 4698 ὄντων,
2618 4627 2646 4682 ὃ
2687 4627 2763 4703 μὴ
2814 4633 2880 4704 τῇ
2925 4630 3037 4700 θείᾳ
3084 4627 3227 4708 φύσει
3281 4628 3494 4691 πάντως
3559 4627 3819 4704 διακρατεῖ-

2227 4717 2365 4794 σθαι,
2441 4716 2500 4771 τὸ
2571 4715 2957 4795 ὑπερουράνιον,
3053 4718 3111 4772 τὸ
3203 4715 3538 4795 ὑπουράνιον,
3610 4717 3664 4771 τὸ
3721 4713 3821 4765 ὕπο·

2225 4803 2464 4882 χθόνιον,
2517 4805 2578 4860 τὸ
2625 4803 2708 4860 ἐπὶ
2755 4805 2822 4862 τὰ
2875 4804 3076 4883 πέρατα
3130 4806 3234 4863 τῶν
3292 4803 3458 4862 ὄντων
3515 4806 3743 4862 πάντοθεν
3778 4798 3820 4852 ὲκ

2225 4890 2449 4970 πλαγίου
2477 4893 2942 4972 παρατεινόμενον.

2307 4983 2562 5056 Σημαίνει
2613 4983 2711 5062 γὰρ
2763 4980 2846 5039 διὰ
2893 4983 2991 5058 μὲν
3066 4989 3157 5040 τοῦ
3230 4982 3394 5058 ὕψους
3451 4985 3514 5040 τὸ
3567 4979 3816 5060 ὑπερκείμεο

2225 5092 2335 5144 νον,
2369 5066 2452 5125 διὰ
2504 5069 2556 5126 δὲ
2587 5077 2678 5128 τοῦ
2722 5071 2908 5147 βάθους
2957 5072 3018 5128 τὸ
3065 5071 3405 5151 ὑποχθόνιον,
3467 5080 3544 5146 τῷ
3595 5073 3735 5148 μήκει
3780 5061 3814 5116 δὲ

2223 5160 2310 5216 καὶ
2365 5157 2551 5214 πλὰτει
2619 5159 2684 5215 τὰ
2738 5157 2820 5215 διὰ
2875 5158 3033 5234 μέσου
3090 5159 3289 5238 πέρατα
3345 5161 3464 5254 imo”
3503 5167 3597 5227 τῆς
3641 5161 3694 5214 τὸ
3739 5158 3809 5209 πᾶί

2224 5245 2602 5327 διακρατούσης
2669 5246 2935 5322 δυνάμεως
2994 5249 3358 5329 κατεχόμενα.
3435 5239 3603 5307 Ἐστω
3665 5245 3710 5302 δὲ
3754 5239 3812 5329 διᾷῖ

2225 5337 2308 5395 διὰ
2356 5339 2460 5393 τῶν
2513 5337 2566 5392 ἐν
2616 5342 2768 5416 ψυχῇ
2814 5338 3104 5414 γινομένων
3131 5328 3204 5393 έν
3257 5343 3323 5412 τῇ
3370 5340 3488 5417 περὶ
3539 5345 3658 5396 Θεοῦ
3683 5328 3808 5394 ivvat?

3760 3283 3780 3306 ῌ

3676 3327 3700 3357 α
3773 3312 3838 3357 iv!

3454 3527 3470 3554 ,
3529 3481 3618 3536 καὶ
3682 3478 3834 3552 ὕψος,
