4008 6114
256 262 404 331 1265
743 304 747 307 -
1720 267 1881 333 ΟΒΑ¹

1964 267 2152 335 ONES
3464 265 3623 338 1266

244 397 279 464 ἡ
349 404 455 454 τῶν
522 398 820 479 λεγομένων
889 399 1171 467 ἀπόδειξις.
1247 399 1575 478 Ἀναϐλέψας
1642 401 1743 481 γὰρ
1808 401 1880 464 εἷς

1970 398 2235 462 tionibus
2263 396 2425 462 idem
2456 397 2697 480 planum
2723 397 2811 461 ﬁt.
2847 396 3102 481 Suspice
3129 397 3350 462 eninin
3366 398 3622 477 calum,

246 488 335 542 τὸν
383 488 602 570 αὔρανὸν
654 491 742 545 καὶ
797 490 862 546 τὰ
909 490 1055 548 κάτω
1100 490 1236 566 βάθη
1292 498 1369 565 τῷ
1422 489 1664 569 λογισμῷ
1717 511 1881 546 κατα-

1974 495 2035 551 et
2060 488 2391 567 subjectum
2423 488 2480 550 ei
2510 486 2974 570 profunditatem
2997 486 3341 567 considera;
3368 488 3623 553 intende

243 557 461 641 vduaov:
520 557 782 633 νΕκτεινον
841 578 926 634 ἐπὶ
981 578 1047 634 τὰ
1100 557 1305 657 πλάγια
1342 557 1439 636 ’καὶ
1488 557 1555 635 15:
1579 557 1736 658 ’ἄκρα
1790 583 1881 645 τῆς

1972 557 2237 639 animum
2269 576 2340 638 ad
2372 557 2615 658 obliqua
2641 583 2699 638 et
2728 584 2993 639 extremo
3034 576 3216 656 hujus
3240 557 3527 659 universi,
3562 585 3622 641 et

246 673 338 722 106
403 666 600 729 παντὸς
670 667 968 730 συστάσεως
1038 664 1290 741 διάνοιαν,
1380 669 1468 724 καὶ
1533 666 1743 746 λόγισαι
1812 669 1881 731 τίς

1974 663 2184 744 cogita,
2219 683 2351 747 qua;
2377 664 2466 727 vis
2493 665 2620 727 haec
2641 663 2960 738 contineat,
2990 682 3123 746 quae
3145 664 3352 726 mundi
3372 665 3450 727 sit
3467 684 3619 728 con-

245 755 280 820 ἡ
352 765 515 813 ταῦτα
581 754 873 837 συνέχουσαι
942 753 1181 836 δύναμις,
1267 760 1383 814 οἷον
1458 758 1536 821 τίς
1607 753 1881 833 σύνδεσμος

1964 755 1989 834 j
1999 753 2196 815 unctio
2228 771 2241 817 :
2270 771 2338 814 ac
2358 752 2589 816 videbis
2611 752 2798 815 menti
2829 759 2944 815 tuae
2991 750 3212 815 Christi
3242 752 3491 832 ﬁguram
3519 753 3619 815 ul-

245 852 340 902 106
399 847 596 908 παντὸς
651 845 955 926 γινομένη,
1028 849 1114 903 καὶ
1165 843 1286 922 ὄψει
1339 848 1411 910 ὡς
1471 846 1780 922 αὐτομάτως
1835 845 1881 901 ἐν

1971 850 2061 904 tro
2092 841 2356 922 imprimi
2388 860 2406 917 ;
2466 841 2540 904 ab
2573 840 2824 904 excelsis
2851 841 2925 903 ad
2954 839 3415 921 profundissima
3441 849 3619 923 atque

245 934 315 1006 τῇ
342 927 542 1005 διανοίᾳ
597 954 691 989 σου
734 934 795 989 τὸ
842 939 1035 1012 σχῆμα
1080 941 1171 990 106
1212 940 1436 1013 Χριστοῦ
1477 933 1881 1014 ἐγχαράττεται,

1970 930 2042 992 ad
2076 939 2373 993 extremos
2397 929 2546 992 ﬁnes
2573 929 2812 1011 oblique
2834 928 3258 1010 pertinentem.
3285 928 3451 992 Hanc
3475 930 3621 1011 ﬁgu-

246 1017 308 1075 ἐκ
356 1025 460 1076 τῶν
516 1019 722 1095 ὑψελῶν
780 1020 863 1077 ἐπὶ
914 1023 979 1079 τὰ
1035 1023 1317 1103 βαθύτατα,
1377 1023 1463 1078 καὶ
1521 1022 1607 1080 ἐπὶ
1660 1022 1725 1079 τὰ
1782 1021 1881 1078 πέ-

1967 1037 2093 1081 ram
2123 1017 2358 1080 divinus
2389 1018 2571 1080 etiam
2602 1018 2783 1083 David
2814 1017 3055 1098 cecinit,
3090 1016 3303 1080 dicens
3330 1036 3346 1082 :
3372 1018 3498 1093 Quo
3521 1018 3620 1083 ibo

246 1128 377 1185 ρατα
441 1112 545 1165 τῶν
614 1106 785 1188 ἄκρων
854 1109 1140 1190 ἐγκαρσίως
1196 1110 1659 1191 παρατεινόμενον.
1720 1116 1881 1168 Τοῦτο

1969 1125 2005 1170 α
2033 1108 2254 1187 spiritu
2285 1114 2390 1169 tuo
2420 1114 2476 1168 et
2503 1124 2542 1169 a
2569 1106 2732 1184 facie
2764 1111 2870 1170 tua
2916 1123 3035 1186 quo
3063 1105 3301 1188 fugiam
3333 1104 3363 1167 ?
3417 1108 3487 1173 Si
3513 1124 3618 1171 as-

245 1196 307 1253 τὸ
336 1200 526 1277 σχῆμα
552 1197 639 1252 καὶ
667 1199 695 1253 ὁ
724 1200 866 1262 θεῖος
901 1197 1070 1258 Δαυῖδ
1113 1198 1368 1278 ἐξύμνησε
1421 1198 1589 1278 λέγων
1624 1214 1638 1230 ⁸
1699 1218 1724 1254 α
1776 1205 1881 1255 Ποῠ

1964 1195 2215 1258 cendere
2247 1195 2314 1257 in
2342 1193 2559 1258 caelum
2595 1195 2746 1276 (haec
2776 1193 3617 1274 estaltitudo),sidescender0

246 1288 482 1363 πορευθῶ
527 1283 654 1369 ,ἀπὸ
722 1296 815 1345 106
893 1272 1191 1362 πνεύματός
1275 1310 1390 1369 σου,
1460 1289 1547 1344 καὶ
1620 1287 1725 1344 ἀπὸ
1794 1295 1881 1346 106

1964 1288 2028 1345 in
2069 1285 2381 1362 infernum
2442 1272 2614 1363 (haec
2651 1290 2741 1346 est
2768 1272 3181 1365 profunditas),
3223 1288 3279 1346 si
3303 1301 3621 1365 sumpsero

243 1373 525 1452 προσώπου
593 1395 686 1431 σου
755 1381 856 1431 ποῦ
928 1375 1124 1456 φύγω;
1210 1374 1336 1434 Ἐὰν
1378 1368 1582 1433 ἀναϐὦ
1650 1378 1722 1439 εἰς
1793 1377 1881 1432 τὸν

1964 1389 2192 1453 pennas
2218 1389 2382 1434 meas
2409 1370 2685 1452 diliculo,
2742 1370 2900 1452 quod
2955 1378 3044 1434 est
3092 1368 3306 1435 Oriens
3337 1371 3487 1450 (haec
3518 1379 3610 1435 est

247 1462 462 1540 οὐρανὸν
516 1484 545 1517 ι)
599 1466 778 1524 (τοῦτο
810 1465 885 1519 ιτὸ
931 1463 1109 1543 ὕψος),
1172 1482 1203 1524 (
1250 1463 1337 1521 ἐὰν
1392 1461 1607 1522 καταϐῶ
1661 1465 1735 1528 εἰς
1790 1466 1881 1521 τὸν

1964 1462 2226 1540 latitudo)
2255 1470 2315 1523 et
2344 1462 2697 1525 habitavere
2728 1463 2794 1524 in
2822 1461 3118 1524 extremis
3144 1466 3334 1524 maris
3362 1459 3417 1543 ἓ,
3449 1460 3620 1525 Occi-

247 1546 378 1621 ᾅδην
413 1572 438 1605 n
479 1556 647 1615 (τοῦτο
674 1552 735 1607 τὸ
783 1552 988 1632 βάθος),
1043 1572 1071 1611 ‹
1126 1552 1213 1610 ἐὰν
1262 1550 1577 1629 ἀναλάϐοιμι
1629 1553 1722 1617 τὰς
1747 1551 1880 1608 πτέ-

1964 1550 2141 1613 dente
2168 1550 2448 1612 videlicet
2477 1549 2628 1630 (haec
2659 1556 2748 1611 est
2763 1548 3121 1630 longitudo).
3139 1547 3295 1611 Ecce
3315 1549 3615 1631 quomodo

248 1638 408 1716 ρυγάς
438 1659 538 1713 μου
564 1639 684 1696 κατ’
740 1638 941 1720 ἄρθρον,
998 1663 1022 1698 ο
1080 1639 1109 1697 ὅ
1153 1641 1293 1700 ἐστιν
1339 1644 1373 1710 ἡ
1420 1647 1513 1698 106
1550 1639 1698 1709 ἡλίου
1744 1639 1879 1697 ἀνα-

1964 1637 2162 1700 verbis
2192 1637 2312 1700 illis
2338 1636 2607 1719 depingit
2636 1637 2885 1715 ﬁguram
2915 1635 3133 1700 crucis.
3166 1634 3255 1699 Tu
3273 1654 3360 1713 es,
3397 1637 3615 1721 inquit,

247 1725 377 1797 τολή
410 1737 580 1799 (τοῦτο
608 1729 669 1783 τὸ
723 1718 975 1808 πλάτος),
1040 1752 1069 1784 α
1123 1732 1223 1788 Καὶ
1276 1730 1676 1798 κατασκηνώσω
1724 1730 1798 1792 εἷς
1825 1729 1881 1785 τὰ

1976 1729 2071 1807 qui
2104 1735 2366 1789 extrema
2395 1725 2656 1788 universi
2688 1743 2928 1806 semper
2953 1724 3153 1786 animo
3176 1718 3614 1807 complecteris.

249 1812 452 1895 ἔσχατα
499 1821 599 1883 τῆς
654 1814 951 1912 θαλάσσης,
984 1840 1013 1874 ›)
1067 1819 1163 1881 τὰς
1219 1817 1415 1895 δυσμὰς
1468 1816 1633 1882 οὕτως
1684 1817 1881 1893 ὀνομά-

1971 1814 2563 1912 Quapmptenetiam
2613 1813 2929 1912 Apostolus
2974 1812 3170 1890 docet,
3221 1831 3356 1876 cum
3384 1813 3615 1912 repleta

246 1910 349 1974 ζων
408 1903 584 1981 (τοῦτο
642 1909 862 1980 μῆκος).
926 1900 1047 1987 Ὅρα
1093 1912 1208 1972 πῶς
1237 1914 1507 1987 ζωγραφεῖ
1531 1907 1591 1965 τὸ
1616 1912 1707 1962 106
1736 1926 1881 1962 σταυ-

1968 1903 2403 1965 fuerintomnia
2419 1902 2537 1966 ﬁde
2559 1909 2617 1965 et
2638 1900 2978 1980 cognitione
3006 1920 3025 1979 ;
3054 1918 3298 1984 nomen,
3332 1902 3491 1984 quod
3524 1909 3618 1968 est

246 1998 336 2070 ροῦ
361 1997 553 2072 σχῆμα
580 1990 664 2049 διὰ
707 1999 811 2051 τῶν
867 1993 1192 2073 λεγομένων,
1241 1996 1314 2052 Σὺ
1364 1996 1443 2075 εἷ,
1491 1998 1671 2076 φησὶν,
1726 1996 1754 2050 ὁ
1802 1991 1887 2049 διὰ

245 2083 438 2144 παντὸς
509 2081 562 2138 ἐν
632 2088 835 2157 σεαυτῷ
902 2081 1270 2159 διαλαμϐάνων
1337 2085 1400 2140 τὰ
1472 2084 1697 2164 πέρατα.
1786 2083 1885 2138 Διά

244 2176 396 2225 τοῦτο
422 2171 508 2226 καὶ
539 2172 567 2226 ὁ
594 2170 761 2248 πέγας
792 2169 1138 2247 Ἀπόστολος,
1199 2171 1324 2229 ὅταν
1367 2172 1623 2253 πληρωθῇ
1646 2172 1713 2230 τὰ
1741 2172 1881 2229 πάν-

244 2278 310 2313 τα
354 2262 453 2324 τῆς
511 2260 736 2322 πίστεως
786 2260 874 2315 καὶ
918 2266 1019 2327 τῆς
1071 2260 1427 2339 ἐπιγνώσεως,
1479 2262 1882 2341 προσκυνεῖσθαι

246 2343 415 2424 λέγων
462 2348 523 2404 τὸ
573 2347 700 2426 ὑπὲρ
748 2353 851 2404 πᾶν
898 2346 1064 2424 ὄνομα
1118 2350 1219 2405 ὑπὸ
1262 2355 1367 2406 τῶν
1410 2349 1752 2429 ἐπουρανίων,
1795 2348 1884 2403 καὶ

247 2433 515 2513 ἐπιγείων,
586 2438 674 2492 καὶ
741 2439 1128 2517 καταχθονίων,
1201 2438 1336 2495 κατὰ
1403 2441 1464 2495 τὸ
1533 2443 1726 2519 σχῆμα
1791 2440 1885 2492 τοῦ

247 2530 490 2602 σταυροῦ,
562 2527 781 2603 μερίζων
850 2523 934 2581 διὰ
984 2527 1182 2582 τούτων
1235 2526 1331 2594 τὴν
1390 2527 1741 2606 προσκύνησιν
1790 2528 1881 2580 106

248 2617 492 2690 Χριστοῦ.
525 2613 600 2671 Τὰ
630 2612 724 2688 μὲν
772 2614 871 2693 γὰρ
917 2613 1196 2694 ἐπουράνια
1244 2622 1320 2690 τῷ
1370 2614 1481 2672 ἅνω
1525 2620 1617 2671 106
1662 2624 1882 2692 σταυροῦ

246 2700 389 2779 μέρει
431 2700 738 2781 ἀποπληροῖ
776 2709 854 2777 τῷ
899 2704 1140 2780 Δεσπότῃ
1186 2704 1283 2772 τὴν
1340 2703 1688 2783 προσκύνησιν
1738 2722 1751 2736 ⁸
1815 2705 1880 2759 τὰ

246 2784 299 2842 δὲ
328 2788 532 2867 ἐπίγεια
563 2790 616 2847 ἐν
646 2797 721 2865 τῷ
746 2789 914 2870 μέσῳ,
957 2792 1022 2847 τὰ
1068 2789 1114 2847 δ’
1160 2791 1452 2872 ὕποχθόνια
1493 2792 1547 2848 ἐν
1590 2798 1669 2866 τῷ
1707 2791 1875 2854 κάτω,

1967 2010 2146 2072 super
2176 2010 2353 2053 omne
2380 2009 2621 2065 nomen,
2681 1990 2990 2055 adoratum
3037 1989 3113 2051 iri
3161 2008 3197 2052 a
3248 1990 3614 2065 cmlestibus,

1966 2080 2370 2157 terrestribus,
2430 2086 2490 2143 et
2540 2078 2817 2156 infernis,
2878 2077 3226 2141 adoratione
3268 2077 3490 2142 Christi
3536 2078 3615 2143 ad

1965 2169 2156 2232 crucis
2184 2169 2437 2231 formam
2466 2168 2764 2232 distincta.
2812 2165 3090 2230 leestia
3135 2165 3299 2230 enim
3331 2165 3394 2228 in
3424 2184 3613 2250 supe-

1965 2258 2123 2320 riore
2147 2260 2341 2319 crucis
2364 2265 2528 2338 parte
2548 2255 2868 2319 Dominum
2893 2254 3163 2332 adorant,
3214 2255 3521 2318 terrestria
3548 2255 3613 2319 in

1965 2346 2184 2420 media,
2218 2345 2453 2407 inferna
2469 2344 2531 2409 in
2560 2344 2872 2409 inferiore.
2898 2343 3031 2406 Non
3062 2361 3204 2424 ergo
3227 2350 3446 2407 terram
3476 2363 3613 2408 mo-

1964 2433 2173 2496 riendo
2203 2433 2406 2510 subiit,
2440 2434 2542 2496 sed
2575 2433 2638 2495 in
2677 2449 2882 2499 aerem
2913 2432 3181 2496 ascendit
3209 2451 3318 2515 per
3346 2451 3610 2514 crucem,

1963 2532 2033 2586 ut
2060 2521 2201 2584 inde
2229 2541 2466 2604 quoque
2498 2521 2832 2604 principem
2864 2520 3168 2602 potestatis
3197 2539 3390 2585 aerem
3409 2540 3612 2604 perse-

1962 2617 2265 2692 queretur,
2296 2618 2354 2673 et
2383 2610 2744 2692 proﬂigaret.
2769 2608 3004 2675 Etenim
3034 2627 3171 2671 cum
3200 2608 3263 2671 in
3293 2629 3471 2674 cruce
3499 2629 3610 2693 pe-

1960 2700 2189 2782 pendit,
2218 2717 2423 2761 acrem
2471 2697 2819 2762 extensione
2848 2716 3129 2760 manuum
3162 2700 3453 2780 purgavit,
3483 2707 3612 2763 ter-

1959 2807 2087 2851 ram
2117 2788 2406 2868 sanguine
2436 2796 2497 2851 et
2522 2805 2673 2870 aqua
2702 2804 2773 2850 ex
2802 2784 2986 2850 latere
3016 2786 3189 2849 fusis.

246 2880 351 2935 Ούκ
411 2879 484 2941 εἷς
539 2884 642 2955 γῆν
691 2881 779 2936 οὖν
829 2881 1106 2962 ἀπέθανεν,
1170 2881 1288 2939 ἀλλ’
1346 2884 1418 2946 εἷς
1466 2884 1558 2939 τὸν
1605 2882 1731 2960 ἀέρα
1772 2879 1934 2949 ἀνέϐη
1975 2878 2059 2937 διὰ
2123 2887 2213 2937 τοῦ
2284 2886 2527 2961 σταυροῦ,
2593 2877 2688 2937 ἵνα
2754 2878 2999 2936 κάκεῖθεν
3067 2878 3158 2935 τὸν
3225 2875 3463 2959 ἄρχοντα
3512 2883 3615 2947 τῆς

243 2962 470 3030 ἐξουσίας
526 2977 620 3026 106
673 2969 822 3048 ἀέρος
881 2970 1147 3048 ἀποδιώξῃ
1184 2987 1198 3002 ⁸
1256 2973 1345 3028 καὶ
1400 2973 1499 3052 γὰρ
1552 2973 1881 3051 κρεμάμενος
1921 2971 2006 3028 ἐπὶ
2056 2975 2149 3027 τοῦ
2194 2975 2416 3048 σταυροῦ
2477 2970 2566 3027 τὸν
2620 2967 2718 3046 μὲν
2768 2966 2894 3049 ἀέρα
2953 2972 3023 3045 τῇ
3084 2965 3290 3025 ἐκτάσει
3333 2972 3438 3025 τῶν
3486 2989 3615 3048 χει-

245 3058 346 3129 ρῶν
376 3056 699 3138 ἀπεκάθηρε,
729 3059 828 3126 τὴν
874 3057 930 3115 δέ
972 3065 1074 3138 γῆν
1124 3067 1200 3134 τῷ
1246 3060 1307 3116 ἐκ
1354 3058 1580 3139 πλευρᾶς
1612 3059 1801 3135 αἵματι
1830 3081 1889 3117 τε
1931 3059 2018 3115 καὶ
2047 3056 2216 3120 ὕδατι.

329 3139 478 3199 Ἀλλ’
532 3142 734 3221 ἴδωμεν
790 3148 877 3203 καὶ
933 3148 1069 3203 κατὰ
1121 3147 1255 3213 λέξιν
1312 3148 1378 3203 τὰ
1431 3147 1746 3246 εὖαγγελικὰ

2011 3142 2163 3245 .Sed
2198 3144 2542 3246 "videamus
2611 3143 2790 3208 etiam
2834 3145 2910 3208 ad
2965 3142 3229 3246 verbum.
3254 3142 3615 3246 ‘evangelica

248 3252 386 3306 ματα
421 3252 436 3269 ·
476 3255 503 3288 ‹‹
539 3233 606 3291 Εἴ
633 3256 716 3297 τις
765 3235 902 3295 θέλει
949 3237 1119 3292 ὀπίσω
1170 3259 1270 3312 μου
1316 3235 1510 3296 ἐλθεῖν.
1551 3259 1575 3293 ι
1619 3230 1741 3317 ’δρα
1768 3242 1881 3301 πῶς

1966 3232 2126 3295 dicta
2147 3251 2161 3296 :
2188 3232 2261 3297 Si
2287 3235 2425 3313 quis
2453 3235 2588 3296 vult
2604 3233 2818 3296 venire
2830 3238 2967 3313 post
2980 3250 3076 3296 me
3086 3234 3140 3309 3,
3160 3230 3312 3296 Vide
3333 3231 3619 3314 quemad-

245 3319 708 3399 ἀκατανάγκαστον
764 3326 856 3381 τὸν
911 3324 1069 3402 λόγον
1127 3338 1295 3384 ποιεῖ.
1364 3323 1492 3384 Οὐδὲ
1550 3326 1648 3405 γὰρ
1705 3327 1881 3406 εἶπεν,

1968 3321 2210 3384 modum
2234 3320 2533 3384 neminem
2546 3330 2736 3401 cogat.
2759 3319 2966 3403 Neque
2988 3321 3149 3384 enim
3175 3320 3356 3385 dixit:
3381 3320 3617 3396 Velitis,

245 3406 326 3463 ὅτι
359 3407 465 3467 Κᾶν
511 3410 788 3492 βούλησθε,
840 3412 937 3469 κᾶν
986 3413 1063 3489 μὴ
1113 3412 1394 3494 βούλησθε,
1443 3411 1526 3471 δεῖ
1572 3421 1726 3472 τοῦτο
1774 3437 1881 3472 πα-

1970 3409 2196 3484 nolitis,
2231 3418 2466 3490 oportet
2492 3430 2600 3474 vos
2651 3411 2766 3473 hoc
2806 3410 2969 3492 pati:
3020 3410 3125 3473 sed
3176 3408 3527 3492 quomodo?
3554 3408 3618 3474 Si

247 3498 359 3552 θεῖν
387 3498 522 3572 ὑμᾶς
556 3516 571 3530 ’
604 3498 740 3556 ἀλλὰ
767 3507 882 3566 πῶς
917 3521 932 3583 ;
980 3500 1048 3559 Εἴ
1076 3523 1154 3565 τις
1181 3501 1344 3582 θέλει,
1375 3505 1450 3567 ὡς
1481 3501 1542 3560 ἂν
1565 3505 1609 3560 εἰ
1638 3502 1818 3583 ἔλεγεν
1868 3520 1881 3536 ⁸

1970 3498 2103 3579 quis
2132 3499 2303 3575 vult;
2342 3499 2514 3581 quasi
2558 3498 2835 3561 diceret:
2886 3496 3016 3561 Non
3067 3498 3185 3559 vim
3233 3498 3441 3574 aﬁ‘ero,
3492 3515 3616 3560 non

248 3587 322 3641 O6
350 3585 623 3662 βιάζομαι,
654 3590 748 3645 οὐκ
797 3589 1097 3669 ἀναγκάζω,
1150 3588 1269 3647 ἀλλ’
1300 3591 1518 3648 ἕκαστον
1546 3592 1721 3671 κύριον
1750 3598 1881 3649 ποιῶ

1971 3603 2137 3668 cogo,
2170 3588 2275 3650 sed
2305 3606 2478 3649 suum
2522 3588 2739 3668 cuique
2788 3585 3103 3648 consilium
3132 3587 3617 3668 voluntatemque

243 3677 343 3761 τῆς
374 3674 559 3732 ἑαυτοῦ
586 3678 962 3758 προαιρέσεως.
1013 3681 1105 3737 Διὸ
1149 3681 1235 3737 καὶ
1281 3703 1440 3761 φησιν
1475 3702 1489 3716 ’
1525 3702 1554 3735 u
1591 3680 1660 3738 Εἴ
1687 3704 1767 3745 τις
1796 3680 1881 3737 θέ-

1969 3678 2217 3741 liberam
2247 3675 2542 3756 relinquo.
2575 3673 2762 3748 Quam
2791 3673 2968 3737 etiam
2989 3673 3065 3737 ob
3087 3692 3216 3738 rem
3238 3674 3362 3738 ait:
3388 3675 3459 3740 Si
3477 3675 3618 3757 quis

244 3759 347 3823 λει.
386 3784 409 3819 ι
447 3766 548 3821 Επὶ
574 3766 674 3844 γὰρ
705 3767 873 3844 ἀγαθὰ
899 3766 1072 3849 καλῶ,
1106 3772 1200 3827 οὐκ
1227 3759 1319 3824 ἐπέ
1348 3768 1519 3847 φαῦλα
1542 3770 1629 3825 καὶ
1648 3767 1881 3848 ἐπαχθῆ·

1969 3769 2124 3830 vult.
2159 3764 2248 3828 Ad
2272 3764 2428 3826 bona
2457 3764 2617 3826 enim
2640 3781 2810 3839 voco,
2843 3781 2963 3824 non
2995 3763 3068 3826 ad
3099 3762 3254 3825 mala
3282 3769 3341 3826 et
3367 3762 3614 3843 odiosa;

248 3848 344 3905 οὒκ
398 3850 482 3908 ἐπὶ
544 3852 760 3910 κόλασιν
828 3857 917 3912 καὶ
964 3858 1239 3938 τιμωρίαν,
1295 3856 1388 3912 ἵνα
1443 3858 1531 3913 καὶ
1584 3855 1881 3934 ἀναγκάζω.

1970 3874 2089 3918 non
2118 3854 2191 3918 ad
2222 3852 2665 3932 castigationem
2697 3859 2756 3915 et
2804 3870 3064 3934 pceuam,
3095 3859 3161 3915 ut
3189 3851 3368 3915 etiam
3398 3869 3614 3934 cogere

251 3941 347 3998 Καὶ
397 3943 496 4022 γαρ
542 3941 672 4010 αὐτὴ
731 3950 823 3999 106
868 3944 1179 4023 πράγματος
1221 3947 1255 4013 ἡ
1305 3944 1454 4025 φύσις
1506 3945 1670 4001 ἱκανὼ
1725 3942 1881 4024 ἐφελ-

1969 3950 2238 4026 0porteat
2262 3960 2278 4017 ;
2302 3940 2596 4023 siquidem
2621 3940 2753 4020 ipsa
2781 3940 2870 4003 rei
2892 3951 3103 4003 natura
3142 3940 3298 4023 potis
3336 3948 3424 4004 est
3443 3948 3620 4004 attra-

243 4029 515 4112 κύσασθαι,
605 4041 778 4092 Ταῦτα
866 4030 921 4088 δὲ
991 4031 1163 4111 λέγων
1248 4032 1531 4090 ἐπισπᾶται
1602 4033 1880 4108 μειζόνως.

1968 4032 2134 4095 here.
2177 4029 2404 4104 Quibus
2432 4028 2628 4092 verbis
2657 4028 3068 4091 vehementius
3096 4028 3302 4094 allicit.
3333 4028 3479 4092 Nam
3509 4028 3613 4112 qui

250 4108 306 4179 Ὀ
355 4120 450 4197 μὲν
508 4121 607 4200 γὰρ
662 4121 970 4197 βιαζὸμενος
1022 4108 1303 4197 ἀποτρέπει
1347 4120 1630 4195 πολλάκις,
1682 4119 1768 4186 οὖς
1821 4119 1881 4177 ἂν

1966 4121 2144 4203 cogit,
2173 4118 2383 4182 avertit
2411 4136 2569 4200 saepe
2599 4136 2702 4181 eos
2755 4136 2903 4200 quos
2943 4117 3101 4198 cogit
3133 4139 3147 4183 :
3196 4124 3257 4180 at
3302 4117 3407 4200 qui
3433 4108 3611 4180 audi-

244 4210 487 4285 βιάζηται
534 4225 549 4239 ⁹
611 4212 640 4266 ὁ
685 4207 739 4265 δὲ
786 4210 932 4291 ἀφεὶς
985 4209 1162 4289 κύριον
1214 4211 1304 4266 τὸν
1358 4210 1623 4290 ἀκροατὴν
1683 4208 1881 4285 μᾶλλον

1968 4219 2155 4274 torem
2185 4207 2279 4270 sui
2319 4206 2474 4288 juris
2520 4225 2656 4271 esse
2702 4206 2864 4282 sinit,
2916 4206 3104 4285 magis
3148 4205 3407 4269 attrahit.
3468 4205 3610 4270 Ideo

244 4296 540 4378 ἐφέλκεται.
596 4300 689 4355 Διὸ
737 4301 824 4354 καὶ
871 4299 1023 4361 αὐτὸς
1077 4296 1254 4376 ἔλεγεν
1288 4314 1302 4328 '
1363 4321 1393 4354 α
1442 4298 1510 4356 E’t'
1548 4321 1627 4363 τις
1655 4297 1811 4357 θέλει.
1848 4318 1878 4359 3

1966 4300 2152 4362 dixit:
2189 4298 2256 4362 Si
2286 4302 2421 4378 quis
2450 4294 2602 4361 uult.
2636 4295 2843 4375 Magna
2869 4295 3054 4368 enim,
3077 4294 3290 4376 inquit,
3321 4300 3459 4358 sunt
3481 4312 3613 4376 quae

245 4385 462 4465 Μεγάλα
528 4388 651 4466 γὰρ,
724 4388 901 4466 φησὶν,
975 4387 1100 4442 εἰσὶν
1170 4387 1203 4441 ἃ
1272 4384 1454 4462 δίδωμι
1521 4387 1649 4461 ὑμῖν
1716 4386 1881 4465 ἀγαθᾶ

1965 4387 2131 4448 vobis
2160 4387 2346 4448 oﬁ‘ero
2378 4384 2555 4458 bona,
2589 4402 2657 4446 ac
2678 4383 2835 4454 talia,
2861 4390 2926 4446 ut
2945 4382 3209 4446 volentes
3230 4382 3609 4465 libentesque

242 4477 357 4531 xui
391 4484 627 4556 τοιαῦτα,
687 4475 822 4531 ὥστε
880 4474 1175 4555 ἐπιτρέπειν
1233 4476 1450 4539 ἑκόντας
1501 4476 1637 4550 ὑμᾶς
1693 4496 1709 4513 ο
1769 4472 1881 4531 οὐδὲ

1967 4476 2037 4538 ad
2070 4494 2134 4538 se
2150 4479 2515 4537 convertant.
2537 4471 2751 4574 Neque
2776 4471 2960 4553 enim,
2985 4471 3034 4534 si
3062 4472 3195 4554 quis
3217 4490 3425 4535 aurum
3452 4490 3611 4555 prae-

240 4565 340 4643 γάρ
387 4563 440 4619 εἴ
487 4585 567 4628 τις
615 4565 830 4644 χρυσίον
881 4578 1113 4646 παρεῖχε
1159 4564 1247 4619 καὶ
1294 4565 1553 4643 θησαυρὸν
1601 4565 1881 4642 προετῖθει,

1971 4564 2159 4638 heret,
2194 4570 2294 4624 aut
2322 4561 2667 4643 opulentum
2712 4560 3054 4623 thesaurum
3084 4569 3470 4643 proponeret,
3503 4577 3613 4643 per

238 4648 531 4709 πολύολϐον
585 4653 718 4726 μετὰ
776 4652 891 4728 βίας
949 4650 1194 4708 ἐκάλεσεν
1244 4649 1326 4713 ἄν.
1378 4654 1435 4709 Εἰ
1483 4650 1535 4707 δὲ
1584 4653 1656 4716 είς
1704 4652 1881 4709 ἐκεῖνα

1969 4652 2083 4713 vim
2101 4657 2457 4725 accerseret,
2491 4648 2657 4723 Quod
2680 4648 2732 4711 si
2755 4649 2829 4712 ad
2851 4649 2953 4712 illa
2972 4668 3091 4712 non
3124 4668 3232 4731 per
3251 4649 3391 4725 vim,
3425 4648 3611 4711 multo

240 4742 299 4797 οὗ
355 4741 486 4815 μετά
537 4740 674 4816 βίας,
752 4739 936 4815 πολλῷ
1005 4738 1207 4816 μᾶλλον
1265 4739 1348 4796 ἐπὶ
1403 4741 1470 4796 τὰ
1523 4739 1577 4796 ἐν
1640 4740 1881 4820 οὐρανοῖς

1968 4740 2155 4821 magis
2184 4741 2254 4802 ad
2285 4737 2552 4802 coelestia
2602 4737 2779 4801 bona.
2831 4736 3066 4801 Etenim
3112 4738 3229 4801 nisi
3284 4745 3494 4823 natura
3523 4738 3612 4802 rei

239 4829 409 4907 ἀγαθά

490 4832 548 4888 Ei
618 4831 717 4908 γὰρ
789 4830 855 4905 μὲ
911 4831 946 4898 ἡ
1003 4837 1093 4886 106
1148 4830 1457 4908 πράγματος
1514 4830 1662 4909 φύσις
1719 4830 1881 4886 πείθει

1969 4829 2192 4893 excitus
2218 4827 2581 4903 accurreris;
2612 4845 2805 4909 neque
2836 4826 2935 4909 qui
2967 4826 3224 4908 accipias
3247 4825 3462 4905 dignus
3493 4845 3559 4890 es
3585 4847 3603 4906 ;

240 4939 299 4974 σε
348 4917 732 4999 παραδραμεῖν,
785 4917 900 4975 οὐδὲ
948 4915 1132 4975 λαϐεῖν
1178 4917 1317 4983 ἄξιος
1377 4918 1432 4974 εἷ
1485 4933 1500 4947 '
1558 4916 1673 4975 οὐδὲ
1722 4917 1881 4975 πάλιν

1966 4937 2186 4999 neque,
2221 4916 2270 4977 si
2301 4916 2627 4997 acceperis,
2675 4914 2860 4998 probe
2905 4933 3226 4996 cognosces
3275 4923 3609 4997 acceptum.
3714 4946 3717 4951 -

239 5004 302 5062 ἂν
357 5004 552 5083 λάϐῃς,
623 5004 748 5084 εἴσῃ
803 5004 981 5070 καλῶς
1036 5008 1096 5062 τὸ
1150 5004 1367 5086 ληφθέν,
1430 5007 1527 5063 Διά
1581 5015 1734 5066 τοῦτο
1790 5007 1881 5064 οὒκ

1968 5007 2135 5069 Hanc
2160 5004 2234 5066 ob
2260 5020 2497 5068 causam
2517 5023 2637 5067 non
2669 5004 2825 5085 cogit
2853 5003 3149 5085 Christus,
3180 5002 3286 5067 sed
3317 5004 3611 5077 hortatur,

240 5092 523 5173 ἀναγκάζει
594 5097 622 5151 ὁ
718 5096 961 5174 Χριστὸς,
1054 5093 1188 5150 ἀλλὰ
1283 5095 1628 5176 προτρέπεται
1696 5095 1881 5153 ὡσανεί

1969 5094 2139 5177 quasi
2202 5094 2399 5156 dicat:
2462 5091 2524 5157 Si
2573 5112 2691 5156 non
2746 5091 3009 5155 censetis
3064 5091 3395 5156 orationem
3449 5091 3613 5155 illam

561 5185 619 5242 Εί
690 5184 767 5257 μὴ
837 5183 1099 5258 νομίζεται
1171 5184 1362 5262 μυρίων
1432 5183 1638 5262 ἀγαθῶν
1710 5182 1881 5241 αἴτιον

1970 5201 2163 5245 meam
2211 5182 2576 5246 inﬁnitarum
2628 5181 2921 5244 bonorum
2964 5179 3132 5244 vobis
3178 5199 3415 5245 causam
3457 5180 3612 5259 fore,

1968 5291 2087 5334 non
2117 5272 2235 5332 vim
2266 5272 2474 5349 aﬁero,
2498 5288 2617 5335 non
2640 5289 2787 5358 cogo
2813 5289 2831 5333 :
2859 5271 2968 5335 sed
2997 5268 3050 5333 si
3078 5268 3213 5359 quis
3232 5269 3356 5333 vult
3381 5268 3611 5355 venire,

1962 5378 2099 5424 eum
2128 5378 2296 5429 νοοο.

237 5183 408 5240 λέγων
471 5203 485 5218 ·

237 5208 408 5262 Λεγων
471 5208 485 5218 ’
561 5208 619 5242 [ιι
837 5208 1099 5258 νομιςεται
1171 5208 1362 5262 μυριων
1432 5208 1638 5262 αγαυων
1710 5208 1742 5240 α
1752 5208 1875 5241 ιτιολι

237 5273 380 5330 εἶναι
448 5273 508 5328 τὸ
566 5270 864 5351 εἰρημένον,
931 5269 990 5325 οὒ
1044 5270 1315 5347 βιάζομαι,
1373 5269 1478 5329 οὔδ’
1528 5271 1808 5350 ἀναγκάζω
1860 5287 1875 5303 ⁸

234 5359 354 5418 ἀλλ’
386 5360 439 5417 εἴ
458 5383 538 5425 τις
569 5358 811 5437 βούλεται
843 5358 1171 5434 ἀκολουθεῖν,
1204 5366 1386 5416 τοῦτον
1415 5357 1582 5420 καλῶ,

314 5529 343 5573 9
371 5527 530 5593 Psal.
564 5541 844 5603 cxxxvm,
874 5526 913 5590 7
942 5543 1111 5608 seqq.
1192 5527 1226 5578 3
1252 5524 1455 5591 Matth.
1482 5541 1600 5605 xvr,
1628 5525 1732 5595 24.
