4008 6114
234 228 257 292 1
271 226 388 291 269

1698 237 2149 302 ORATIONES

3450 239 3606 306 i270

228 360 615 442 Emupatpévmc
647 382 679 423 (
709 361 1072 445 Ἀρνησάσθω,
1124 389 1155 423 n
1208 367 1465 445 τουτέστι,
1510 368 1674 445 μηδὲν
1703 372 1881 428 κοινὸν

1972 367 2120 443 beat,
2153 364 2259 428 sed
2282 365 2530 447 objiciat
2544 382 2609 428 se
2631 364 3051 430 certaminibus
3069 373 3130 430 et
3159 367 3465 449 periculis,
3490 387 3605 433 nec

228 449 404 536 ἐχέτω
432 454 562 530 πρὸς
594 453 801 527 ἑαυτὸν,
834 452 954 510 ἀλλ’
1000 453 1249 514 ἐκδιδότω
1297 470 1414 522 τοῖς
1445 457 1614 536 ἀγῶσι
1644 460 1733 515 καὶ
1759 472 1877 523 τοῖς

230 535 512 608 κινδύνοις,
570 541 658 596 καὶ
727 543 800 605 ὡς
850 542 1026 622 ἑτέρου
1096 544 1424 624 πάσχοντος,
1483 535 1620 602 οὕτω
1674 543 1875 603 διακεί-

1959 476 2135 520 secus
2156 456 2472 537 afﬁciatur,
2488 474 2665 536 quam
2677 459 2724 517 si
2740 456 2891 518 alius
2903 463 3224 537 pateretur.
3256 460 3383 531 Quo
3397 467 3598 522 autem

1962 549 2245 627 majorem
2275 545 2391 606 vim
2423 544 2603 606 verbo
2633 544 2902 616 adderet,
2925 563 3044 606 non
3065 545 3217 608 dixit
3244 545 3461 628 Neget,
3496 548 3604 611 sed

230 627 362 682 σθω.
438 622 559 683 Ἐπὶ
624 625 677 682 δὲ
734 626 950 686 πλείονα
1024 622 1518 708 ποιῶνηέπίταίσιν,
1582 634 1676 690 οὒκ
1721 634 1874 690 εἶπεν

1972 622 2270 713 Abneget;
2306 651 2481 713 parvo
2514 632 2625 694 hoc
2657 632 3059 694 additamento
3081 622 3361 712 magnum
3388 622 3478 697 rei
3507 636 3608 699 in-

239 732 271 773 (
302 712 667 803 Ἀρνησάσθω,
705 741 734 774 n
768 717 885 776 ἀλλ’
940 740 972 780 α
1022 720 1466 803 Ἀπαρνησάσθω,
1520 742 1551 782 ι
1721 730 1880 803 μικρᾷ

231 802 399 890 ταύτῃ
430 806 703 890 προσθήκη
737 806 976 885 μεγάλην
1005 809 1270 890 ἐμφαίνων
1297 809 1397 890 τὴν
1426 808 1720 890 ὑπερϐολήν
1749 829 1764 844 ⁶
1793 802 1881 870 καὶ

232 889 334 969 γὰρ
376 877 562 948 πλέον
629 877 784 951 τοῦτο
820 877 831 885 ’
853 877 1051 952 ἐκείνου
1089 877 1281 957 ’ἐστιν.
1367 877 1615 975 νΛρνησις
1679 877 1880 973 ’μέντοι

231 976 373 1033 ἐστὶν
444 980 627 1036 ἑαυτοῦ
695 983 730 1050 ἡ
801 983 1077 1059 παντελὴς.
1133 991 1237 1043 τῶν
1293 984 1658 1065 παρελθόντων
1715 984 1878 1066 λήθη,

230 1067 322 1153 καὶ
352 1067 386 1135 ἡ
415 1074 508 1124 τοῦ
557 1070 746 1126 οἰκείου
793 1070 1089 1148 θελήματος
1135 1072 1504 1153 ἀναχώρησις,
1554 1075 1589 1141 ἡ
1636 1075 1764 1152 πρὸς
1793 1074 1883 1129 τὸν

232 1150 320 1239 ἐπὶ
384 1160 606 1233 Χριστοῦ
672 1157 892 1214 θάνατον
963 1150 1389 1235 ἐπιθυμία,”καὶ
1457 1150 1708 1239 νέκρωσις
1777 1165 1883 1216 τῶν

234 1238 417 1315 μελῶν
489 1248 596 1298 τῶν
660 1243 745 1301 ἐπὶ
808 1251 936 1324 γῆς,
995 1248 1082 1304 καὶ
1140 1248 1201 1303 τὸ
1263 1238 1704 1326 παρατεταμένως
1752 1248 1882 1326 πρὸς

231 1328 407 1385 πάντα
475 1331 572 1387 τὸν
637 1332 767 1412 ὑπὲρ
824 1340 1048 1413 Χριστοῦ
1114 1333 1405 1391 διακεῖσθαι
1460 1332 1711 1411 κίνδυνον,
1769 1335 1877 1405 καὶ,

232 1417 297 1503 τὸ
339 1416 690 1497 ἀπροσπαθῶς
722 1419 867 1502 ἔχειν
911 1425 1041 1502 πρὸς
1089 1424 1188 1491 τὴν
1235 1430 1499 1503 παροῦσαν
1543 1424 1708 1498 ζωὴν,
1743 1420 1882 1483 τουτ’

234 1499 349 1560 ἔστι
381 1506 441 1561 τὸ
471 1505 591 1586 ἆραι
622 1510 711 1567 τὸν
754 1499 981 1590 ⁷σταυρὸν
1022 1513 1228 1574 ἑαυτοῦ.
1286 1499 1433 1569 Ἀλλ’
1484 1513 1518 1580 ἡ
1551 1511 1647 1588 μὲν
1676 1511 1881 1569 τελειό-

232 1612 335 1681 της
403 1591 539 1651 ἐστὶν
598 1594 652 1651 ἐν
721 1604 798 1672 τῷ
866 1599 927 1656 τό
998 1599 1330 1679 ἀπροσπαθὲς
1388 1602 1744 1681 κατορθῶσαι,
1798 1601 1885 1656 καὶ

233 1680 368 1758 πρὸς
441 1684 565 1741 αὐτὸ
632 1686 694 1741 τὸ
759 1691 856 1757 ζῆν
927 1689 1015 1744 καὶ
1084 1689 1145 1746 τὸ
1198 1687 1468 1766 ἀπόκριμα
1520 1694 1613 1746 τοῦ
1667 1680 1886 1745 θανάτου

236 1766 435 1862 ὁμοίως
465 1768 611 1851 ἔχειν
648 1792 662 1806 ⁸
698 1774 834 1832 ὥστε
865 1777 943 1852 μὴ
974 1773 1056 1862 ἐφ’
1087 1778 1272 1833 ἑαυτοῦ
1300 1774 1628 1839 πεποιθέναι,

338 1867 575 1938 Αρχεται
646 1860 702 1918 δὲ
771 1863 831 1921 ἐκ
886 1870 985 1932 τῆς
1019 1860 1225 1931 νέξωθεν
1284 1864 1708 1945 ἀλλοτριώσεως,
1769 1868 1885 1921 οἷον

234 1948 549 2024 χρημάτων,
638 1948 791 2019 δόξης
862 1954 1105 2030 ματαίας,
1180 1954 1216 2022 ἢ
1286 1952 1467 2019 ἁπλῶς
1535 1952 1885 2033 προσπαθείας

236 2040 345 2090 τῶν
374 2035 678 2116 ἀνωφελῶν,
730 2042 864 2098 καθὰ
911 2044 1000 2099 καὶ
1050 2044 1098 2098 οἱ
1147 2041 1288 2121 ἅγιοι
1340 2048 1433 2099 τοῦ
1474 2042 1662 2121 Κυρίου
1718 2044 1885 2117 μαθη-

236 2124 347 2195 ταὶ,
420 2127 507 2181 καὶ
576 2127 843 2195 ὑπέδειξαν
907 2133 1068 2208 ἡμῖν,
1141 2127 1391 2195 Ἰάκωϐος
1462 2132 1551 2188 καὶ
1606 2128 1881 2204 Ἰωάννης,

235 2210 616 2279 καταλιπόντες
703 2220 793 2274 τὸν
845 2219 1046 2300 πατέρα
1106 2221 1194 2276 καὶ
1246 2221 1372 2279 αὐτὸ
1426 2221 1488 2276 τὸ
1541 2218 1730 2276 πλοῖον
1786 2218 1883 2284 τὴν

236 2305 415 2357 πᾶσαν
484 2302 726 2385 ἀφορμὴν
782 2314 874 2363 τοῦ
926 2308 1061 2386 βίου,
1122 2311 1391 2371 Ματθαῖος
1446 2305 1524 2375 δὲ,
1582 2304 1675 2364 ἀπ’
1731 2310 1886 2365 αὐτοῦ

234 2396 334 2445 τοῦ
384 2390 630 2450 τελωνίου
699 2390 1005 2472 ἐξαναστὰς,
1069 2399 1155 2453 καὶ
1208 2395 1568 2466 ἀκολουθήσας
1622 2402 1700 2471 τῷ
1751 2401 1881 2474 Χρι-

236 2485 372 2553 στῷ,
407 2483 467 2538 οὐ
516 2483 583 2538 τὰ
635 2483 793 2564 κέρδη
851 2486 1009 2561 μόνον
1063 2483 1392 2558 καταλιπὼν,
1453 2482 1589 2540 ἀλλὰ
1636 2484 1724 2540 καὶ
1779 2488 1885 2539 τῶν

237 2565 491 2625 κινδύνων
558 2570 836 2654 ὑπεριδὼν,
904 2573 938 2630 ἃ
1027 2572 1401 2631 ἐπακολουθεῖν
1469 2570 1691 2649 ἔμελλον
1746 2571 1888 2646 αύτῷ

236 2656 387 2735 παρὰ
434 2663 531 2725 τῆς
590 2657 818 2727 ἐξουσίας
876 2661 1087 2726 ἀτελεῖς
1135 2663 1259 2726 τοὺς
1325 2660 1515 2739 λόγους
1569 2666 1662 2716 τοῦ
1714 2657 1888 2716 τελω-

235 2744 351 2801 νίου
407 2747 880 2825 καταλιμπάνοντι.
938 2750 1132 2825 Παύλῳ
1186 2749 1240 2807 δὲ
1293 2750 1381 2807 καὶ
1447 2752 1476 2806 6
1527 2748 1738 2825 σύμπας
1786 2748 1887 2805 κό-

236 2854 377 2908 σμος
447 2835 741 2916 ἐσταύρωτο
792 2840 881 2895 καὶ
935 2839 1091 2903 αὐτὸς
1140 2845 1217 2912 τῷ
1271 2839 1476 2914 κόσμῳ,
1540 2828 1762 2917 Ἐτέρως
1832 2833 1887 2892 δὲ

1960 728 2330 784 crementum
2359 719 2701 782 insinuans:
2738 720 2959 782 etenim
2986 721 3099 783 hoc
3129 721 3263 800 plus
3294 728 3405 798 est,
3430 741 3607 804 quam

1959 809 2126 872 illud.
2164 807 2408 889 Negatio
2431 808 2651 889 quippe
2672 807 2865 870 suiest
2887 807 3148 889 perfecta
3172 808 3608 890 praeteritorum

1961 898 2198 970 obliVio,
2226 904 2283 957 et
2306 897 2560 977 propriae
2587 894 2906 957 voluntatis
2935 895 3210 972 remotio,
3243 895 3608 961 desiderium

1962 986 2256 1049 moriendi
2285 986 2344 1047 in
2367 984 2620 1061 Christo,
2646 984 3022 1047 mortiﬁcatio
3044 984 3453 1048 membrorum
3464 1005 3598 1069 qua

1961 1085 2101 1137 sunt
2129 1092 2311 1155 super
2342 1081 2583 1147 terram,
2634 1071 2912 1134 alacriter
2938 1090 3078 1135 vero
3109 1072 3359 1152 quodvis
3389 1074 3608 1138 discri-

1963 1182 2097 1226 men
2113 1162 2329 1231 Christi
2343 1180 2519 1224 causa
2530 1161 2717 1241 adire,
2734 1161 2993 1242 penitus,
3026 1178 3146 1222 non
3165 1160 3320 1222 allici
3346 1161 3419 1223 ad
3451 1180 3611 1244 prm-

1963 1261 2192 1315 sentem
2222 1251 2422 1327 vitam,
2476 1250 2536 1312 id
2579 1250 2704 1331 jam
2756 1257 2846 1312 est
2875 1248 3084 1310 tollere
3134 1267 3376 1311 crucem
3409 1269 3605 1314 suam.

1965 1340 2082 1405 Sed
2116 1339 2399 1422 perfectio
2427 1338 2491 1400 in
2522 1357 2594 1400 eo
2626 1345 2738 1419 est,
2770 1337 3121 1400 utati‘ectum
3151 1336 3387 1418 penitus
3416 1354 3606 1402 exua-

1965 1449 2120 1510 mus,
2153 1438 2327 1511 atque
2355 1428 2430 1490 ad
2460 1427 2635 1489 vitam
2666 1424 2996 1506 mortisque
3046 1425 3607 1491 condemnationem

1964 1517 2218 1599 perinde
2247 1516 2486 1580 animati
2542 1517 2749 1594 simus,
2785 1523 2846 1578 et
2874 1522 2942 1576 ut
2974 1530 3117 1595 erga
3164 1532 3272 1577 nos
3299 1512 3462 1594 ipsos
3487 1533 3609 1580 non

1905 1640 1953 1704 Β
1967 1607 2312 1670 afﬁciamur.

2047 1866 2414 1948 Principium
2446 1863 2951 1947 pcrroduciturab
2963 1871 3207 1930 externa
3224 1866 3607 1940 alienatione,

1970 1964 2030 2018 ut
2042 1954 2506 2037 possessionum,
2522 1972 2685 2016 vanae
2722 1953 2944 2034 gloriae,
2960 1957 3314 2019 automnino
3326 1954 3615 2018 desiderii

1967 2063 2168 2107 rerum
2195 2043 2494 2105 inutilium
2525 2064 2538 2102 :
2566 2043 3068 2124 quemadmodum
3089 2063 3198 2107 nos
3218 2045 3395 2108 etiam
3418 2043 3614 2107 sancti

1967 2133 2298 2195 docuerunt
2325 2130 2560 2193 Domini
2591 2130 2894 2212 discipuli,
2937 2131 3195 2195 Jacobus
3242 2140 3300 2195 et
3327 2134 3608 2211 Joannes,

1965 2222 2174 2284 relicto
2196 2228 2381 2297 patre,
2401 2219 2653 2301 ipsoque
2665 2219 3333 2303 navigio,omnibusque
3354 2220 3612 2284 faculta-

1963 2312 2139 2373 tibus.
2157 2310 2467 2373 Matthaeus
2494 2316 2691 2371 autem
2720 2308 2795 2370 ab
2817 2309 2944 2390 ipso
2976 2309 3202 2372 telonio
3238 2310 3516 2385 surrexit,
3548 2316 3611 2373 et

1965 2398 2263 2463 Christum
2293 2404 2531 2460 secutus
2580 2402 2690 2472 est,
2737 2415 2857 2458 non
2907 2396 3099 2459 solum
3149 2397 3332 2461 lucris
3359 2396 3608 2476 relictis,

1966 2486 2071 2549 sed
2104 2485 2281 2549 etiam
2311 2484 2667 2563 contemptis
2715 2484 2998 2565 periculis
3040 2503 3172 2566 quae
3198 2502 3235 2547 a
3263 2485 3615 2566 magistratu

1968 2573 2380 2649 imminebant,
2405 2572 2564 2653 quod
2588 2571 2968 2651 imperfectas
2997 2573 3207 2636 telonii
3222 2573 3484 2636 rationes
3503 2591 3611 2636 re-

1969 2662 2258 2743 liquisset.
2279 2660 2408 2724 Jam
2435 2660 2608 2722 Paulo
2632 2667 2787 2722 totus
2799 2663 2974 2724 etiam
3000 2661 3259 2724 mundus
3284 2662 3615 2725 cruciﬁxus
3671 2737 3675 2741 ,

1971 2761 2113 2825 erat,
2151 2758 2208 2811 et
2240 2749 2366 2831 ipse
2400 2748 2646 2811 mundo.
2679 2747 2813 2810 Alia
2861 2749 3091 2811 ratione
3120 2757 3295 2830 negat
3323 2750 3457 2832 quis
3484 2748 3609 2813 sei-

1971 2857 2165 2920 psum,
2198 2836 2433 2918 quando
2464 2835 2646 2898 vitam
2677 2854 2846 2898 suam
2870 2853 3181 2918 perperam
3205 2845 3266 2899 et
3284 2838 3494 2902 vitiose
3511 2856 3615 2901 an-

238 2922 483 3001 ἀρνεῖταί
535 2946 616 2988 τις
672 2927 877 3003 ἑαυτὸν,
937 2930 1029 2985 τὸν
1084 2926 1222 2983 ἴδιον
1272 2927 1384 3004 βίον
1440 2926 1695 3005 πρότερον
1751 2924 1887 2980 κατά

1972 2935 2216 2989 teactam
2270 2925 2565 3004 condigna
2612 2924 2941 2988 mutatione
2986 2925 3308 2991 oblitteret.
3358 2924 3459 3003 Ut,
3517 2925 3622 3008 qui

237 3013 431 3068 κακίαν
501 3015 858 3094 γεγενημένον
930 3023 998 3093 τῇ
1052 3014 1311 3093 ἀξιολόγῳ
1374 3012 1644 3091 μεταϐολῇ
1701 3012 1891 3071 ἀπαλεί

239 3119 380 3178 φων.
438 3101 571 3158 Οῖον
619 3105 647 3159 6
696 3102 860 3160 πάλαι
907 3103 1199 3168 ἀκόλαστος
1248 3104 1484 3182 ἀρνεῖται
1538 3103 1721 3159 ἑαυτὸν
1768 3099 1892 3156 ἀκό-

238 3186 462 3269 λαστον,
536 3194 862 3271 συφρονήσας
896 3211 918 3228 ο
973 3195 1061 3253 καὶ
1118 3196 1146 3249 6
1200 3191 1362 3249 πάλαι
1424 3189 1600 3254 ἄδικος
1655 3191 1890 3271 ἀρνεῖται

238 3278 431 3335 ἑαυτὸν
489 3278 690 3362 ἄδικον,
753 3279 1229 3363 δικαιοπραγήσας.
1299 3282 1397 3339 Καὶ
1462 3279 1644 3344 ἀπλῶς
1714 3278 1891 3344 πάσης

235 3369 343 3431 τῆς
401 3367 655 3447 ἁμαρτίας
722 3369 910 3450 ἀποχὴ
968 3369 1182 3450 ἄρνησίς
1254 3368 1397 3425 ἐστιν
1467 3369 1653 3425 ἑαυτοῦ
1725 3367 1894 3423 ὀπίσω

238 3454 473 3535 φέρουσα
528 3463 620 3513 τοῦ
677 3465 927 3538 Χριστοῦ.
1022 3468 1106 3516 Iv:
1164 3455 1218 3513 δὲ
1290 3458 1366 3525 πὴ
1424 3462 1617 3534 νομιζῃ
1672 3477 1753 3519 τις
1810 3452 1889 3510 ὅτι

238 3541 440 3622 μέχρις
496 3542 691 3624 ὕϐρεων
749 3548 836 3604 καὶ
897 3545 1119 3625 πληγῶν
1190 3547 1281 3603 καὶ
1347 3543 1657 3620 ὀνειδισμῶν
1709 3544 1889 3623 ἀμαρ-

240 3633 449 3687 νεῖσθαι
504 3629 605 3704 δεῖ,
673 3633 993 3713 προσέθηκε,
1062 3654 1086 3691 ε
1150 3636 1248 3692 Καὶ
1299 3634 1476 3714 ἀράτω
1528 3633 1617 3689 τόν
1671 3632 1889 3710 σταυρὸν

133 3717 139 3723 ’
239 3723 404 3779 αὐτοῦ
472 3720 647 3789 δηλῶν
714 3724 875 3804 μέχρι
944 3725 1110 3782 πόσου
1198 3722 1281 3780 δεῖ
1369 3723 1735 3801 ἀπαρνεῖσθαι,
1810 3719 1890 3775 ὅτι

241 3806 410 3888 μέχρι
458 3811 701 3885 θανάτου,
761 3814 849 3869 καὶ
901 3812 1122 3869 θανάτου
1172 3808 1540 3869 ἐπονειδίστου.
1592 3809 1708 3888 Atat“
1736 3814 1890 3864 τοῦτο

236 3873 563 3977 πρζτέθηκεν
600 3916 614 3930 ⁸
656 3873 922 3980 α”Αράτω
946 3901 1036 3957 τόν
1079 3901 1299 3979 σταυρὸν
1352 3900 1530 3956 αὒτοῦ.
1593 3920 1621 3953 ι
1681 3873 1888 3975 ἸΕτερος

240 3987 346 4065 γὰρ
401 3988 621 4054 θάνατος
682 3993 774 4049 οὐκ
827 3990 894 4058 ἦν
948 3988 1086 4047 ὀῦτω
1141 3984 1427 4066 παράδοξος
1483 3987 1570 4042 καὶ
1629 3982 1888 4042 ἐπονείδι-

240 4098 395 4150 στος,
427 4078 498 4141 ὡς
529 4080 557 4134 6
589 4076 674 4135 διὰ
716 4085 960 4158 σταυροῦ,
1017 4074 1147 4134 Οὒδὲ
1194 4077 1295 4155 γὰρ
1342 4074 1501 4151 μόνον
1533 4075 1661 4155 φησὶ
1691 4079 1888 4154 τρυφῆς

244 4166 334 4222 καὶ
404 4163 557 4233 δόξης
626 4180 1002 4246 καταφρονεῖν,
1074 4163 1211 4222 ἀλλὰ
1265 4165 1353 4220 καὶ
1412 4162 1603 4244 μέχρις
1657 4163 1889 4238 αἵματος

1969 3012 2442 3095 intemperantiae
2471 3011 2612 3074 olim
2639 3012 2874 3075 deditus
2890 3012 3619 3094 erat,negatseipsumin-

1974 3109 2426 3183 temperantem,
2443 3101 2492 3162 si
2505 3101 2954 3178 temperantiam
2979 3102 3373 3183 amplectatur
3393 3122 3406 3161 :
3434 3109 3493 3163 et
3513 3102 3618 3183 qui

1973 3192 2230 3272 injuslus
2278 3199 2403 3251 erat
2453 3188 2619 3270 olim,
2669 3196 2845 3266 negat
2893 3188 3157 3271 seipsum
3211 3188 3523 3270 injustam,
3567 3188 3622 3252 si

1975 3280 2209 3342 studeat
2230 3277 2498 3358 justitize.
2530 3275 2603 3338 Et
2648 3274 2710 3338 in
2760 3294 2994 3340 summa
3041 3272 3362 3357 cujuslibet
3389 3277 3620 3358 peccati

1973 3368 2130 3447 fuga,
2165 3366 2398 3447 negatio
2431 3364 2523 3427 sui
2554 3372 2665 3447 est,
2718 3364 2949 3428 ducens
2990 3373 3123 3446 post
3175 3365 3499 3430 Christum.
3531 3365 3623 3430 Ne

1975 3456 2106 3537 quis
2136 3464 2332 3517 autem
2364 3452 2731 3516 existimaret
2760 3471 2947 3534 usque
2991 3453 3066 3514 ad
3111 3453 3522 3530 contumelias,
3556 3459 3621 3515 et

1971 3544 2191 3625 plagas,
2228 3551 2285 3604 et
2314 3541 2527 3622 probra
2555 3539 2971 3619 abnegandum
2990 3558 3055 3601 se
3072 3539 3210 3621 sibi,
3235 3540 3465 3602 addidit
3491 3561 3506 3599 :
3538 3540 3623 3603 Et

1971 3631 2144 3694 tollat
2171 3647 2407 3693 crucem
2435 3644 2640 3700 suam;
2662 3635 2727 3688 ut
2751 3626 3049 3691 indicaret
3067 3635 3360 3709 quatenus
3377 3636 3623 3710 oporte-

1967 3733 2054 3781 ret
2089 3718 2386 3797 abnegare
2411 3715 2706 3795 seipsum,
2733 3714 3014 3777 nimirum
3038 3733 3226 3798 usque
3241 3716 3315 3778 ad
3338 3724 3617 3793 mortem,

1971 3824 2221 3887 eamque
2269 3801 2810 3886 probrosissimam.
2864 3801 3091 3866 Idcirco
3139 3804 3387 3884 adjecit,
3427 3803 3621 3868 Tollat

1970 3911 2197 3959 crucem
2224 3910 2421 3956 suam.
2454 3891 2583 3954 Alia
2614 3890 2773 3953 enim
2806 3909 2967 3954 mors
2997 3910 3119 3955 non
3146 3900 3303 3955 esset
3331 3891 3415 3955 ita
3437 3891 3623 3954 mira-

1971 3982 2109 4045 bilis
2133 3992 2192 4047 et
2218 3980 2525 4063 probrosa,
2552 3987 2615 4040 ut
2637 3997 2798 4041 mors
2820 3978 3038 4042 crucis.
3061 3978 3267 4062 Neque
3288 3979 3450 4042 enim
3481 3992 3623 4043 tan-

1971 4078 2092 4133 tum
2112 4070 2273 4146 dicit,
2298 4078 2368 4132 ut
2396 4069 2756 4149 voluptatem
2779 4076 2838 4129 et
2858 4067 3108 4147 gloriam
3138 4081 3617 4146 contemnamus,

1972 4160 2075 4222 sed
2110 4160 2284 4222 etiam
2316 4164 2380 4219 ut
2407 4174 2594 4236 usque
2635 4156 2709 4217 ad
2761 4161 3109 4235 sanguinem
3158 4157 3528 4233 resistamus,
3563 4163 3625 4221 et

244 4255 723 4329 ἀντικαθίστασθαι,
779 4243 878 4312 καὶ
946 4243 1047 4318 ἕως
1131 4259 1223 4309 τοῦ
1304 4250 1654 4310 ἐπονειδίστου
1721 4251 1885 4308 θανά-

1974 4267 2160 4330 usque
2186 4248 2258 4310 ad
2271 4243 2925 4310 contumeliosissimam
2940 4252 3189 4308 mortem
3213 4244 3615 4324 omniagene-

242 4365 338 4399 του
409 4344 579 4400 πάντα
662 4343 834 4423 φέρειν
923 4344 1201 4422 γενναίως,
1289 4342 1379 4397 καὶ
1453 4341 1619 4417 ταύτῃ
1691 4338 1893 4415 μᾶλλον

244 4431 567 4511 ἀγάλλεσθαι
578 4478 590 4492 .

328 4521 523 4577 Σκόπει
576 4519 630 4576 δὲ
692 4525 808 4585 πῶς
861 4520 955 4577 οὒκ
1010 4520 1134 4577 εἶπε
1174 4520 1264 4574 τὸν
1312 4519 1534 4596 σταυρὸν
1585 4514 1928 4591 ἀπολύτωςη

243 4608 383 4667 ἀλλὰ
428 4611 520 4665 τὸν
576 4611 796 4688 σταυρὸν
841 4612 1021 4684 αὐτοῦ,
1074 4605 1213 4664 τουτ’
1270 4605 1380 4663 ἔστι
1431 4608 1493 4661 τὸ
1548 4603 1887 4683 ὀφειλόμενον

246 4703 388 4773 οὒτῷ
435 4699 675 4773 θάνατον,
751 4699 808 4754 ὃν
877 4696 994 4778 ἔχει
1073 4697 1232 4778 χρέος
1289 4692 1404 4751 καθ’
1461 4694 1691 4761 ἑκάστην
1748 4694 1890 4750 ἀπο-

248 4785 648 4879 πληροῦννκατὰ
702 4787 792 4879 τδν
841 4784 1065 4865 λέγοντα
1099 4800 1112 4813 ·
1167 4807 1195 4839 α
1243 4781 1378 4879 Καθ’,
1416 4781 1617 4861 ἡμέραν
1646 4781 1889 4879 ἀπογνή-

248 4895 382 4936 σκω,
422 4897 445 4930 ι
490 4870 547 4933 Ἠ
602 4876 692 4931 καὶ
732 4872 906 4938 ἄλλως
952 4874 1173 4953 σταυρὸν
1216 4870 1491 4948 βαστάζειν
1538 4871 1695 4950 φησὶν
1723 4871 1889 4944 ἡμᾶς,

245 4960 389 5019 τοῦτ’
445 4962 585 5019 ἔστιν
640 4960 895 5029 διηνεκῶς
949 4960 1291 5041 ἐγρηγορέναι
1348 4960 1440 5015 τὸν
1496 4966 1636 5039 νοῦν,
1694 4957 1784 5013 καὶ
1840 4956 1895 5012 ἐν

245 5064 369 5114 ταῖς
417 5051 632 5130 ἀρεταῖς
684 5047 765 5129 ἐφ’
815 5049 977 5126 ὕψους
1022 5048 1294 5122 ἵστασθαι,
1341 5056 1431 5106 τοῦ
1486 5046 1563 5122 μὴ
1620 5044 1896 5102 κατελθεῖν

246 5139 353 5196 ἀπὸ
421 5146 512 5196 τοῦ
581 5144 802 5217 σταυροῦ
863 5152 877 5167 ⁸
939 5136 1101 5216 ἤγουν
1162 5135 1557 5215 ἐγκρατεύεσθαι
1628 5133 1735 5189 ἀπὸ
1788 5139 1895 5190 τῶν

244 5231 448 5299 παθῶν,
522 5226 622 5289 ἕως
692 5225 751 5281 οὗ
820 5226 1035 5301 ἐκκόψει
1105 5224 1236 5280 αὒτά
1286 5226 1375 5279 καὶ
1444 5223 1647 5298 ἀναστῇ
1704 5220 1891 5278 λοιπὸν

246 5316 535 5386 ἀήττητος.
597 5306 654 5371 Ὀ
712 5314 810 5392 γὰρ
860 5315 1079 5391 σταυρὸς
1135 5312 1312 5381 πάσης
1381 5311 1637 5389 ἁμαρτίας
1700 5309 1892 5390 κατάρ-

330 5506 360 5555 7
384 5504 435 5586 Ι,
464 5503 601 5569 Cor.
634 5519 737 5580 xv,
769 5503 868 5569 3t.

1972 4356 2108 4399 rose
2137 4337 2420 4411 feramus,
2453 4351 2640 4415 eaque
2668 4349 2734 4397 re
2765 4332 2960 4414 potius
2987 4334 3349 4398 exultamus.

2053 4514 2381 4579 Considera
2404 4511 2649 4591 deinde,
2700 4510 3202 4595 quemadmodum
3251 4510 3631 4600 nondixerit

1972 4620 2213 4667 crucem
2242 4601 2534 4677 absolute,
2566 4603 2677 4665 sed
2702 4619 2942 4666 crucem
2990 4619 3184 4683 suam,
3213 4600 3274 4663 id
3307 4608 3421 4677 est,
3455 4618 3621 4664 mor-

1976 4702 2092 4756 tem
2125 4710 2301 4774 quam
2333 4690 2532 4769 debet,
2566 4710 2859 4773 quamque
2906 4699 3141 4773 oportet
3188 4709 3324 4752 eum
3352 4689 3624 4771 quotidie

1975 4792 2280 4863 oppetere,
2320 4798 2486 4842 more
2518 4780 2675 4844 illius
2703 4783 2805 4863 qui
2832 4781 2916 4844 ait
2944 4800 2959 4842 :
2998 4780 3276 4855 Quotidie
3302 4781 3537 4842 morior
3562 4778 3618 4845 7.

1976 4872 2091 4934 Aut
2111 4870 2288 4932 etiam
2314 4868 2486 4930 aliter
2504 4887 2743 4933 crucem
2759 4879 2993 4951 portare
3023 4887 3132 4931 nos
3156 4867 3350 4949 jubet,
3370 4867 3483 4929 hoc
3503 4874 3618 4944 est,

1979 4961 2353 5022 continenter
2382 4958 2622 5036 vigilare
2668 4959 2889 5032 animo,
2943 4966 3002 5020 et
3046 4956 3361 5020 virtutibus
3409 4956 3471 5017 in
3502 4956 3622 5020 alto

1978 5057 2159 5128 stare,
2190 5065 2384 5128 neque
2405 5048 2480 5109 de
2498 5065 2676 5109 cruce
2693 5046 3060 5111 descendere
3084 5064 3097 5109 :
3130 5045 3407 5108 videlicet
3423 5044 3625 5107 couti-

1978 5155 2121 5198 nere
2153 5154 2362 5216 pravas
2404 5135 2781 5217 atfectiones,
2830 5134 3024 5197 donec
3070 5132 3376 5196 exsciudat
3422 5150 3524 5196 eas
3563 5139 3624 5196 et

1979 5223 2627 5303 exterminetdeinceps
2648 5222 2925 5285 invictus.
2953 5221 3105 5286 Crux
3133 5221 3291 5285 enim
3314 5228 3405 5283 est
3424 5220 3623 5283 omnis

1979 5313 2206 5404 peccati
2218 5312 2483 5405 abolitio.
2505 5311 2796 5392 Cruciﬁge
2809 5328 2951 5395 ergo
2967 5309 3219 5395 teipsum
3241 5308 3624 5380 saecularibus
