4008 6114
269 251 424 318 1273
1737 252 1913 317 ORA'J

1999 251 2166 316 )NES
3488 235 3639 302 12⁸74

258 388 320 442 τὸ
390 409 466 462 μη
537 387 596 443 ὂν
651 383 907 468 διάλυσις,
961 385 1082 445 ἀλλ’
1135 389 1172 457 ή
1236 385 1482 456 διηνεκὴς
1544 387 1767 465 τιμωρία
1813 387 1902 443 καὶ

1999 384 2139 448 lutio
2162 385 2222 446 in
2247 383 2524 459 nihilum,
2548 383 2649 444 sed
2670 388 3023 464 perpetuum
3037 385 3410 468 etnunquam
3428 373 3641 436 ﬁnien-

260 475 684 541 ἀκατάπαυστος.
717 465 950 534 Δείκνυσι
999 474 1055 532 δὲ
1106 475 1192 532 διὰ
1238 477 1436 534 τούτων
1483 474 1562 534 ὅτι
1613 478 1708 537 οὔκ
1751 476 1906 556 ἀφει-

1999 473 2128 534 dum
2159 472 2542 554 supplicium.
2591 471 2816 546 Quibus
2861 469 3058 532 verbis
3109 465 3388 556 ostendit,
3420 481 3636 556 se-non

262 561 368 618 δῶν
419 569 614 637 αὐτῶν,
671 563 808 622 ἀλλὰ
861 563 1056 646 σφόδρα
1112 563 1417 644 φειδόμενος
1474 571 1637 621 ταῦτα
1685 550 1901 626 ἐπιτάτ-

1999 550 2384 635 ςθνθτὶιοὶεηι,
2421 561 2524 622 sed
2576 579 2850 630 magnam
2897 559 3092 640 potius
3137 555 3435 616 lenitatem
3486 550 3634 631 ipsis

263 671 364 709 τει.
426 654 525 709 Καὶ
593 653 692 732 γὰρ
748 655 776 709 6
831 653 1135 732 φειδόμενος
1177 659 1267 710 τοῦ
1316 651 1519 710 παιδίου
1571 653 1729 732 αύτοῦ
1785 649 1903 708 δια-

265 737 516 798 πόλλυσιν
546 727 674 796 αὖτδ
705 757 720 772 ⁸
757 741 785 796 ὁ
813 727 868 797 δὲ
917 727 994 816 μὴ
1043 739 1346 821 φειδόμενος
1395 742 1573 812 σώζει.
1615 727 1678 800 "0
1709 743 1796 798 καὶ
1824 763 1902 804 τις

265 829 426 906 σοφὸς
482 825 662 906 ἔλεγεν
721 848 735 862 ο
799 851 826 884 α
876 826 1000 890 Ἐὰν
1057 827 1111 885 δὲ
1165 827 1449 906 παιδεύσῃς
1505 831 1595 888 τὸν
1651 830 1763 886 υἱόν
1817 853 1912 889 σου

265 913 321 970 ἐν
391 911 584 993 ῥάϐδῳ,
650 920 710 974 οῦ
768 916 845 992 μὴ
902 917 1139 994 ἀποθάνῃ
1171 935 1186 951 ⁶
1245 917 1367 998 τὴν
1399 915 1454 973 δὲ
1514 919 1696 998 ψυχὴν
1756 917 1912 976 αὐτοῦ

265 1002 329 1058 ἐκ
355 1003 577 1060 θανάτου
763 1019 776 1034 ·
815 1023 845 1064 (
877 1007 966 1062 καὶ
1007 1003 1166 1062 πάλιν
1199 1025 1214 1040 ⁸
1273 1027 1298 1063 ι
1355 997 1412 1064 ιΟ
1459 997 1794 1086 παραψύχων
1820 1007 1912 1062 τὸν

263 1092 375 1150 υἱὸν
405 1093 582 1166 αὐτοῦ,
646 1114 674 1148 ι
730 1091 872 1150 τοῦτ’
922 1092 1062 1150 ’ἐστιν
1109 1093 1297 1168 ἐλεῶν,
1351 1116 1374 1152 o
1429 1093 1716 1164 καταδήσει
1746 1096 1909 1174 τραύ-

267 1201 410 1254 ματα
465 1180 643 1240 αὖτοῦ.
699 1205 727 1236 ι
790 1191 952 1242 Τοῦτο
1005 1185 1092 1238 καὶ
1150 1183 1235 1240 ἐπὶ
1285 1181 1635 1263 στρατοπέδου
1688 1185 1909 1263 γίνεται.

268 1266 396 1326 Ἐὰν
450 1269 550 1348 γὰρ
606 1272 634 1326 6
693 1272 1013 1352 στρατηγὸς,
1057 1269 1361 1352 φειδόμενος
1418 1279 1524 1330 τῶν
1579 1278 1914 1352 στρατιωτῶν

266 1353 414 1414 ἔνδον
446 1355 638 1434 κελεύῃ
687 1359 860 1433 μένειν
909 1357 1260 1436 διὰᾼπαντὸς,
1315 1364 1402 1419 καὶ
1449 1363 1570 1426 τοὺς
1613 1362 1763 1426 ἐκτὸς
1823 1363 1913 1418 σὺν

269 1448 455 1509 αὐτοῖς
525 1429 941 1526 παραπόλλυσιν.
1004 1429 1106 1506 εἸνοι
1163 1429 1256 1507 οὖν
1306 1451 1384 1527 μὴ
1451 1452 1540 1507 καὶ
1608 1448 1690 1532 ἐφ’
1760 1451 1915 1526 οἶδμῶν

1990 650 2294 727 exhibere,
2319 651 2458 711 dum
2483 649 2582 711 illa
2608 649 2897 730 prmeipit.
2934 645 3164 708 Etenim
3185 643 3284 724 qui
3305 641 3489 730 parcit
3507 641 3628 730 tilio

1987 757 2118 818 suo,
2147 738 2340 818 perdit
2387 757 2560 804 eum;
2608 729 2708 818 qui
2737 755 2854 798 non
2884 735 3098 816 parcit,
3131 739 3341 793 servat.
3377 729 3543 802 Quod
3574 736 3632 790 et

1993 828 2230 906 sapiens
2251 825 2492 906 quidam
2511 827 2686 888 dixit:
2705 823 3160 904 Sicorripueris
3180 821 3379 901 ﬁlium
3395 826 3561 881 tuum
3573 823 3640 878 in

1991 921 2192 996 virga,
2215 933 2331 975 ron
2352 917 2666 976 morietur.
2688 914 2790 975 sed
2805 915 3074 974 animum
3093 911 3220 985 eius
3237 929 3274 968 α
3288 915 3480 970 morte
3495 907 3640 969 libe-

1993 1005 2180 1066 rabis.
2205 1003 2275 1064 Et
2297 1021 2537 1064 rursus:
2583 1003 2696 1076 Qui
2729 1003 3046 1064 b’andilur
3068 998 3198 1078 [ilio
3223 1015 3354 1076 suo,
3385 999 3498 1060 hoc
3525 1003 3636 1069 est,

1997 1093 2332 1172 miseretur,
2359 1091 2647 1171 obligabit
2677 1094 2936 1153 vulnera
2969 1091 3117 1159 eius.
3152 1085 3274 1146 Hoc
3305 1085 3438 1147 etin
3461 1103 3636 1148 exer-

1993 1181 2150 1243 citur
2176 1182 2479 1260 contingit.
2517 1179 2579 1243 Si
2610 1198 2862 1258 namque
2909 1178 3022 1238 dux
3074 1183 3278 1255 parcat
3315 1174 3633 1248 militibus,

1998 1287 2242 1350 eosque,
2257 1273 2630 1332 continenter
2653 1286 2892 1329 manere
2912 1267 3065 1327 intra
3084 1264 3514 1342 castrajubeat,
3535 1282 3638 1324 eos

1996 1377 2232 1439 quoque
2262 1359 2358 1440 qui
2405 1367 2567 1420 extra
2613 1365 2750 1418 sunt
2794 1375 2910 1416 una
2959 1373 3092 1415 cum
3147 1353 3263 1414 llllS
3298 1352 3517 1432 perdit.
3548 1350 3636 1413 Ne

1997 1465 2136 1527 ergo
2161 1457 2216 1510 et
2242 1449 2408 1509 nobis
2428 1448 2484 1510 id
2507 1449 2756 1519 eveniat,
2784 1445 3050 1526 Oportet,
3085 1441 3298 1523 inquit,
3333 1441 3406 1502 ad
3441 1441 3634 1502 conti-

267 1542 424 1592 τοῦτο
451 1531 732 1612 συμϐαίνῃ,
801 1545 920 1616 Δεῖ,
971 1539 1123 1618 φησὶ,
1179 1541 1310 1618 πρὸς
1363 1541 1451 1596 τὸν
1501 1531 1718 1606 διηνεκῆ
1764 1541 1913 1596 θάνα-

1999 1554 2172 1597 nuam
2202 1546 2450 1597 mortem
2483 1555 2582 1597 vos
2615 1554 2746 1597 esse
2797 1542 3049 1614 paratos.
3101 1531 3213 1604 Qui
3245 1531 3402 1591 enim
3431 1547 3636 1591 amore

265 1643 360 1678 τον
390 1624 784 1704 παρατετάχθαι
839 1627 996 1700 ὑμᾶς,
1050 1626 1196 1683 Διότι
1241 1629 1270 1684 6
1311 1634 1378 1704 τῇ
1423 1627 1609 1709 σχέσει
1648 1635 1716 1704 τῇ
1743 1651 1913 1707 προσ-

1999 1625 2342 1706 temporalis
2388 1625 2521 1687 vitae
2571 1625 2826 1685 animam
2878 1638 3046 1683 suam
3097 1641 3130 1682 a
3180 1619 3458 1700 periculis
3496 1638 3625 1680 mea

266 1711 452 1788 mipou
503 1715 645 1780 ζωῆς
699 1718 804 1769 τῶν
857 1713 987 1793 ὑπὲρ
1037 1713 1168 1790 ἐμοῦ
1221 1714 1470 1772 κινδύνων
1527 1719 1617 1773 καὶ
1672 1725 1764 1775 τοῦ
1809 1721 1911 1774 θα-

1999 1733 2171 1776 causa
2194 1713 2585 1796 perferendis,
2613 1723 2669 1773 et
2694 1733 2726 1774 a
2753 1720 2941 1772 morte
2968 1709 3268 1782 subducit,
3301 1727 3368 1769 ac
3399 1725 3635 1768 servare

268 1783 430 1856 νάτου
487 1801 584 1866 τὴν
632 1799 762 1858 ἰδίαν
825 1783 1076 1880 ἀπάγων*
1107 1805 1311 1884 ψυχὴν,
1371 1807 1458 1862 καὶ
1508 1808 1692 1876 σώζειν
1748 1807 1910 1873 αὐτὴν

1999 1783 2318 1867 contendit.
2359 1822 2490 1864 eam
2521 1783 2676 1863 haud
2709 1799 2886 1862 dubie
2921 1799 3110 1880 perdit
3143 1799 3242 1858 illa
3278 1796 3634 1878 perditione,

269 1885 354 1944 διὰ
442 1886 730 1966 φιλοζωΐαν
821 1889 1164 1973 βουλόμενος,
1255 1891 1627 1974 ἀναμφιϐόλως
1717 1895 1912 1962 ταύτην

267 1975 559 2034 ἀπόλλυσιν
614 1977 881 2036 ἀπώλειαν
943 1979 1170 2062 ἐκείνην,
1229 1985 1348 2054 ἥτις
1403 1985 1464 2040 τὸ
1514 1981 1767 2041 ἄσϐεστον
1815 1993 1914 2063 πῦρ

266 2066 355 2120 καὶ
385 2067 476 2152 τὸν
532 2065 819 2152 ἀκοίμηῖον
869 2067 1145 2142 σκώληκα,
1196 2073 1281 2127 καὶ
1330 2072 1394 2126 τὸ
1437 2072 1624 2136 σκότος
1671 2071 1916 2152 προξενεῖ

268 2155 330 2209 τὸ
401 2151 670 2232 ἐξώτερον,
743 2137 932 2235 Ὠσπερ
980 2157 1067 2215 οὖν
1115 2161 1410 2217 τούναντίον
1457 2163 1486 2216 6
1515 2173 1633 2224 τοῖς
1661 2137 1914 2224 κινδύνοις

269 2243 358 2298 καὶ
416 2249 494 2317 τῷ
557 2245 764 2318 θανάτῳ
816 2246 1012 2312 ταύτην
1067 2244 1245 2312 ἐκδοὺς
1293 2249 1382 2305 καὶ
1427 2247 1598 2313 οὕτως
1650 2248 1914 2314 ἀπολέσας

272 2332 439 2398 αὐτὴν
469 2331 565 2398 τὴν
623 2331 866 2390 εὒκταίαν
913 2331 1078 2398 ὅντως
1126 2335 1418 2396 ἀπώλειαν.
1469 2334 1765 2395 Ἀπώλειαν
1818 2339 1918 2418 γὰρ

273 2423 460 2500 ψυχῆς
509 2419 598 2476 τόν
660 2421 788 2502 ὑπὲρ
844 2429 1068 2502 Χριστοῦ
1110 2428 1385 2506 χωρισμὸν
1433 2427 1626 2494 ταύτης
1676 2429 1780 2484 ἀπὸ
1826 2434 1918 2485 τοῦ

273 2508 544 2583 σώματος,
579 2511 758 2589 φησὶν,
793 2507 844 2576 ἐξ
890 2511 1126 2590 ἀνάγκης
1178 2515 1332 2597 σώζει
1373 2516 1536 2583 αὒτὴν
1567 2518 1916 2597 χειραγωγή-

273 2619 370 2661 σας
419 2597 506 2654 ἐπὶ
549 2586 692 2668 ζωὴν
746 2599 844 2666 τὴν
900 2586 1168 2674 ἀμείνονα.
1231 2586 1426 2682 υῼσπερ
1496 2586 1609 2684 γὰρ*
1660 2586 1756 2662 ’ἐπί

275 2687 538 2753 αἰσθητῶν
595 2685 852 2773 πολάμων
923 2691 951 2745 6
1021 2692 1484 2770 παρατεταγμένος
1553 2695 1625 2758 εἷς
1681 2694 1912 2773 σφαγὴν,

275 2777 426 2838 οὗτος
516 2780 621 2830 τῶν
710 2772 885 2832 ἄλλων
971 2775 1405 2860 εῦδοκιμώτερος,
1493 2782 1580 2838 καὶ
1649 2772 1917 2846 ἀνάλωτος

278 2861 508 2937 μᾶλλον,
567 2863 654 2918 καὶ
699 2876 816 2928 τοῖς
870 2863 1146 2942 πολεμιοις
1201 2864 1575 2948 φοϐερώτερος,
1635 2872 1802 2927 καίτοι
1857 2892 1918 2949 γε

1996 1909 2126 1970 quae
2153 1901 2242 1953 est
2270 1890 2424 1970 ignis
2456 1889 2954 1968 inexstmguibilis
3011 1896 3066 1948 et
3097 1885 3313 1946 vermis
3346 1905 3462 1946 non
3490 1885 3628 1946 dor-

1997 1980 2211 2054 miens,
2249 1979 2640 2060 tenebrasque
2674 1987 2936 2038 meretur
2969 1975 3310 2036 exteriores.
3347 1973 3637 2046 Quemad-

1998 2071 2240 2130 modum
2263 2078 2464 2130 contra
2488 2069 2590 2149 qui
2620 2085 2749 2130 eam
2786 2065 3065 2144 periculis
3094 2073 3152 2124 et
3175 2063 3350 2124 morti
3373 2062 3636 2144 exponit,

1997 2169 2172 2238 atque
2202 2158 2280 2218 ita
2311 2157 2523 2238 pc-rdil,
2553 2155 2798 2219 obtabili
2823 2153 3082 2245 profecto
3107 2151 3436 2245 perditione
3472 2152 3638 2245 (per-

1999 2247 2283 2308 ditionem
2319 2246 2476 2306 enim
2507 2247 2719 2307 animae
2765 2241 2930 2304 vocat
2971 2241 3404 2319 separationem
3439 2241 3568 2318 ejus
3599 2257 3633 2301 a

2000 2354 2250 2416 corpore
2281 2333 2498 2396 Christi
2546 2333 2730 2411 gratia
2772 2332 3007 2405 factam)
3057 2327 3394 2390 necessario
3446 2336 3640 2412 servat

2001 2410 2152 2499 eam,
2187 2435 2363 2500 atque
2393 2423 2464 2484 ad
2497 2410 2666 2482 vitam
2705 2419 2976 2501 perducit
3007 2417 3339 2479 meliorem.
3373 2417 3448 2478 Ut
3474 2410 3636 2476 enim

2001 2513 2062 2573 in
2093 2511 2410 2573 sensilibus
2441 2511 2816 2590 externisque
2847 2507 3014 2568 bellis
3036 2505 3158 2581 ille,
3196 2503 3295 2586 qui
3325 2503 3394 2564 ad
3430 2522 3637 2564 necem

2002 2619 2239 2680 para'us
2269 2609 2376 2676 est,
2411 2608 2468 2660 et
2515 2597 2704 2676 magis
2755 2596 3107 2667 celebratur,
3159 2602 3217 2654 et
3267 2591 3459 2653 minus
3504 2592 3640 2654 laadi

2002 2697 2216 2769 potest,
2234 2697 2290 2749 et
2306 2688 2590 2767 majorem
2605 2685 2872 2748 hostibus
2889 2693 3176 2745 terrorem
3197 2680 3254 2741 in
3265 2681 3639 2769 cutit,quan-

2000 2767 2174 2858 quam
2207 2795 2342 2838 eum
2371 2795 2474 2836 rex
2518 2794 2682 2849 suus,
2739 2793 2842 2854 pro
2894 2792 3010 2854 quo
3065 2777 3308 2832 mortem
3359 2767 3632 2849 oppetiit,

2004 2877 2210 2948 postea
2241 2877 2497 2950 nequeat
2525 2867 2921 2930 resusci'aze:
2973 2866 3052 2927 ita
3103 2873 3160 2926 et
3187 2863 3261 2937 is,
3294 2863 3394 2942 qui
3424 2861 3644 2926 Christi

278 2952 412 3026 μετᾶ
485 2950 706 3008 θάνατον
773 2956 868 3010 οὐκ
930 2955 1207 3034 ἰσχύοντος
1278 2958 1430 3014 αὐτὸν
1486 2957 1777 3026 ἀναστῆσαι
1829 2967 1913 3016 τοῦ

2001 2975 2176 3020 causa
2207 2959 2463 3018 animam
2515 2955 2689 3017 morti
2743 2955 2969 3034 objicit,
3010 2974 3075 3014 ex
3129 2953 3243 3014 alia
3294 2968 3430 3010 vero
3478 2957 3640 3030 parte

275 3038 563 3115 βασιλέως,
613 3041 742 3121 ὑπὲρ
787 3042 846 3099 οῦ
885 3043 981 3110 τὴν
1029 3041 1158 3101 ἰδίαν
1204 3045 1407 3124 προῆκε
1453 3049 1635 3127 ψυχήν
1691 3066 1704 3080 ·
1753 3047 1918 3112 οὕτως

274 3129 361 3216 καὶ
391 3131 420 3185 6
471 3129 600 3208 ὑπὲρ
641 3136 865 3208 Χριστοῦ
911 3133 1008 3198 τὴν
1059 3133 1242 3212 ψυχὴν
1291 3135 1364 3198 εἷς
1411 3135 1632 3192 θάνατον
1676 3133 1913 3216 προϐαλ-

273 3213 526 3292 λόμενος,
597 3215 716 3274 ἔνθα
786 3220 874 3276 καὶ
957 3219 1291 3284 ἀνασνάσεως
1375 3220 1578 3286 ἐλπίδες
1645 3213 1912 3299 τοσαῦται,

274 3306 434 3362 αώσει
495 3305 682 3374 ἀϋτὴν.
742 3316 839 3364 Δεῖ
907 3309 995 3364 οὖν
1062 3309 1208 3384 ἡμᾶς
1263 3315 1666 3390 κατευμεγεθεϊν
1720 3316 1918 3378 παντὸς

273 3399 569 3472 πειρασμοῦ
621 3415 678 3450 τε
734 3397 822 3451 καὶ
891 3393 1144 3474 διωγμοῦ,
1204 3399 1291 3454 καὶ
1334 3413 1536 3479 χωρεῖν
1584 3401 1745 3477 ὁμόσε
1791 3403 1922 3482 πρὸς

269 3483 332 3569 τὸ
385 3482 696 3569 μαρτύριον,
759 3487 862 3564 οὐχ
921 3481 1000 3539 ὅτι
1047 3483 1200 3549 τέλος
1255 3496 1348 3546 τοῦ
1402 3489 1516 3564 βίου
1571 3491 1600 3545 6
1651 3481 1920 3569 ἅνθρωπος

233 3567 460 3648 ,ἔλαϐεν
493 3573 568 3632 ὡς
615 3573 662 3626 οἱ
703 3569 902 3646 λοιποὶ,
955 3570 1073 3628 ἀλλ’
1124 3571 1203 3630 ὅτι
1249 3573 1453 3632 λέλειον
1502 3575 1652 3656 ἔργον
1706 3567 1920 3656 ἀγάπης

271 3661 398 3739 πρὸς
457 3661 587 3716 Θεὸν
635 3657 948 3740 ἀνεδείξατο,
998 3659 1146 3727 εἰδὼς
1195 3661 1275 3720 ὅτι
1330 3666 1376 3720 οἱ
1431 3665 1496 3720 τὰ
1545 3667 1673 3724 αὒτὰ
1727 3665 1914 3732 ξηλοῦν

271 3746 542 3829 ἐθέλοντες
585 3751 828 3806 κοινωνοὶ
877 3751 964 3806 καὶ
1021 3750 1244 3829 μέτοχοι
1292 3754 1379 3808 καὶ
1426 3757 1526 3819 τῆς
1571 3751 1726 3820 δόξης
1773 3753 1917 3811 ἔσον-

270 3855 376 3899 ται,
463 3821 516 3894 ἶ)
587 3837 686 3916 γὰρ
739 3843 844 3893 τῶν
899 3844 992 3895 τοῦ
1044 3839 1266 3895 θανάτου
1315 3837 1519 3915 δεσμῶν
1574 3863 1913 3923 καταφρονη-

272 3923 392 3998 τὴς,
457 3925 616 3988 αῦτος
673 3923 766 3981 οὐκ
822 3923 1079 3982 ἀπόλλυσι
1133 3927 1232 3993 τὴν
1277 3927 1462 3984 ἑάυτοῦ
1513 3929 1718 4009 ψυχὴν,
1781 3930 1916 3988 ἀλλά

273 4009 479 4084 μᾶλλον
533 4012 687 4084 σώζει
745 4012 906 4084 αὐτήν
965 4032 980 4048 ⁸
1029 4015 1057 4070 ὁ
1105 4011 1160 4070 δέ
1205 4037 1268 4093 γε
1315 4016 1501 4086 σώζειν
1547 4017 1744 4084 ταύτην
1803 4019 1955 4084 ἐκτὸς
1999 4009 2261 4079 -κινδύνων
2329 4026 2415 4080 καὶ

273 4098 402 4177 αὐτῇ
429 4096 679 4179 προξενεῖ
704 4100 802 4192 τὴν
831 4099 1025 4164 ἀίδιον.

349 4189 545 4276 Είπὼν,
601 4186 655 4244 δὲ
722 4186 816 4251 "Oc;
885 4188 948 4246 ἂν
1017 4189 1254 4268 ἀπολέσῃ
1307 4193 1404 4259 τὴν
1463 4192 1647 4252 ἑαυτοῦ
1701 4195 1908 4276 ψυχὴν,

2001 3047 2179 3108 etiam
2207 3045 2662 3108 resurrectionis
2709 3063 2834 3106 eam
2883 3062 3018 3124 spes
3065 3039 3341 3106 servabit.
3398 3038 3646 3118 Oportet

1999 3135 2176 3212 igitur
2209 3154 2315 3196 nos
2344 3135 2679 3214 superi-res
2707 3133 2956 3195 evadere
3005 3133 3166 3193 omni
3201 3128 3546 3199 tentationc,
3580 3136 3640 3192 et

2002 3243 2184 3305 prope
2206 3225 2274 3285 ad
2299 3223 2636 3304 martyrium
2667 3222 2976 3303 accedere,
3013 3241 3128 3282 non
3158 3223 3292 3280 vita:
3312 3220 3490 3279 linem
3521 3235 3642 3278 sor-

2005 3314 2240 3394 tiamur,
2289 3313 2788 3394 quemadmodum
2823 3311 3046 3378 caeteri,
3081 3309 3180 3370 sed
3215 3317 3278 3368 ut
3312 3309 3638 3394 pert'eetum

2004 3403 2260 3464 ofﬁcium
2277 3393 2576 3464 charitatis
2591 3421 2724 3481 erga
2745 3405 2928 3464 Deum
2952 3408 3322 3477 praestemus,
3342 3414 3474 3454 cum
3499 3393 3646 3455 scia-

2006 3510 2160 3565 mus,
2209 3510 2310 3552 eas
2357 3491 2454 3572 qui
2503 3500 2819 3570 martyrum
2871 3498 3032 3566 gesta
3085 3482 3338 3572 azmulati
3377 3482 3636 3572 iuerint,

2003 3577 2196 3639 socios
2227 3597 2291 3639 ac
2325 3570 2639 3658 participes
2671 3581 2795 3638 fore
2843 3585 2900 3636 et
2951 3573 3174 3652 gloriae.
3223 3570 3454 3633 Etenim
3493 3589 3642 3632 con-

2001 3673 2256 3746 temptor
2304 3667 2672 3727 vinculorum
2729 3665 2934 3726 mortis
2989 3681 3105 3724 non
3159 3661 3353 3742 perdit
3385 3661 3639 3724 animam

1998 3773 2186 3827 suam,
2221 3757 2322 3816 sed
2359 3755 2553 3834 potius
2583 3763 2772 3815 servat
2792 3771 2957 3815 eam:
2991 3760 3051 3813 at
3073 3751 3174 3832 qui
3200 3750 3469 3810 eamdem
3495 3749 3643 3812 citra

2001 3844 2265 3925 pericula
2320 3853 2690 3924 mortemque
2748 3843 2868 3904 vult
2913 3858 3172 3912 Servare,
3239 3846 3525 3900 aeternum
3579 3839 3636 3902 ei

1999 3933 2396 4014 perditionem
2432 3933 2604 4010 parit.

2515 4029 2602 4078 τοῦ
2686 4020 2906 4078 θανάτου
2993 4017 3306 4095 βουλόμενος
3378 4015 3644 4073 ἀπώλειαν

2073 4199 2388 4280 Postquam
2423 4217 2562 4258 vero
2595 4196 2865 4268 dixisset,
2884 4195 2991 4266 Qui
3015 4193 3343 4276 perdiderit
3372 4193 3636 4256 animam

273 4273 454 4370 ἐπειδὴ
527 4275 814 4370 διαφόρως,
855 4279 944 4335 καὶ
993 4277 1336 4370 πολυτρόπως
1413 4278 1595 4338 κολλοὶ
1651 4273 1911 4348 πολλάκις

1999 4307 2166 4350 suam
2204 4273 2393 4370 {quia
2425 4287 2674 4349 diversis
2724 4273 3041 4364 multisque
3067 4281 3258 4344 modis
3290 4283 3462 4346 multi
3488 4301 3647 4361 saepe

275 4363 371 4450 τὴν
399 4366 588 4446 ψυχὴν
616 4363 958 4436 ἀπολλύασιν,
1005 4365 1042 4435 ἢ
1095 4365 1463 4443 λῃστεύοντες,
1518 4369 1554 4437 ἢ
1583 4371 1910 4450 φονεύοντες,

277 4449 312 4517 ἢ
341 4451 830 4534 τυμϐωρυχοῦντες,
881 4454 918 4522 ἢ
962 4452 1093 4512 ἄλλο
1133 4477 1184 4512 τι
1229 4463 1336 4513 τῶν
1386 4456 1642 4532 ἀθεμίτων
1691 4458 1916 4537 ἐργαζό-

276 4559 423 4610 μενοι
487 4557 501 4571 ⁸
559 4539 642 4597 διὰ
696 4548 849 4624 τοῦτο
903 4542 1192 4618 προσέθηκε
1249 4545 1333 4624 τὸ,
1405 4553 1593 4601 Ενεκεν
1650 4545 1778 4621 ἐμοῦ
1829 4549 1916 4604 καὶ

268 4635 359 4686 τοῦ
399 4627 740 4707 Εὖαγγελίου.
797 4621 852 4687 ⁸Ο
905 4631 1004 4709 γὰρ
1058 4630 1135 4706 μὴ
1191 4629 1276 4688 διὰ
1318 4621 1407 4688 τὸν
1459 4635 1682 4712 Χριστὸν
1725 4635 1810 4690 καὶ
1858 4637 1918 4692 τὸ

267 4713 584 4800 Εῦαγγέλιον
630 4715 864 4780 ἀπολλὺς
911 4718 1010 4784 τὴν
1056 4716 1187 4774 ίδιαν
1236 4721 1418 4800 ψυχὴν
1475 4724 1536 4779 οὔ
1605 4721 1758 4792 σώζει
1825 4727 1916 4783 αὒ-

270 4799 389 4865 τῆν.
440 4806 496 4862 Εἰ
542 4803 628 4862 οὖν
677 4806 739 4862 τὸ
782 4805 1036 4876 σώζεσθαι
1081 4805 1180 4872 τὴν
1233 4799 1417 4886 ψυχὴν
1469 4809 1724 4888 μακάριον
1774 4809 1908 4867 ἀνα-

271 4890 550 4979 φερόμενον
620 4891 705 4949 ἐπὶ
773 4894 872 4960 τὴν
944 4891 1000 4949 ἐν
1057 4901 1172 4970 Θεῷ
1231 4897 1516 4974 σωτηρίαν,
1578 4897 1773 4979 ὀφείλει
1827 4922 1908 4964 τις

272 4975 410 5034 εἶναι
437 4982 525 5038 καὶ
570 4979 806 5038 ἀπώλεια
853 4985 1036 5060 ψυχῆς
1100 4983 1298 5064 ἀγαθὴ,
1326 4985 1414 5040 καὶ
1441 4975 1634 5040 ἕνεκεν⁷
1664 4993 1908 5064 Χριστοῦ.

277 5071 437 5152 Δοκεῖ
483 5069 574 5126 οὖν
620 5069 736 5146 ἐμοὶ
781 5068 1044 5148 ἀναλαγον
1101 5073 1162 5127 τὸ
1221 5071 1488 5152 ἀρνεῖσθαι
1544 5075 1729 5131 ἑαυτὸν
1775 5078 1910 5133 κατὰ

272 5151 338 5238 τὰ
394 5153 774 5238 ἀποδεδομένα,
836 5158 925 5214 καὶ
986 5151 1273 5216 ἀπολλύναι
1342 5158 1453 5218 δεῖν
1523 5161 1742 5220 ἕκαστον
1812 5165 1912 5232 τὴν

274 5237 458 5301 ἑαυτοῦ
512 5246 717 5326 ψυχήν,
760 5237 1090 5302 γἈπολλύτω
1146 5269 1226 5310 τις
1278 5249 1377 5315 τὴν
1432 5250 1618 5307 ἑαυτοῦ
1670 5253 1912 5331 ἁμαρτά-

273 5347 467 5419 νουσαν-
526 5334 733 5414 ψυχὴν,
805 5332 920 5414 ἵνα,
993 5333 1270 5400 ἀπολέσας,
1327 5338 1423 5405 τὴν
1493 5339 1908 5419 ἀπαρτάνουσαν,

271 5412 518 5519 effluit??-
710 5412 800 5519 ,ἐν
827 5511 841 5519 Δ
884 5412 962 5500 τῷ
1045 5429 1328 5519 κατορθοῦν
1409 5412 1738 5503 σωζομένην.
1812 5412 1911 5486 Καὶ

269 5499 443 5573 ἄλλως
473 5506 527 5564 δὲ
557 5510 648 5579 εἴη
704 5510 766 5567 ἂν
817 5499 981 5578 ὄντως
1030 5499 1285 5595 μακάριος
1334 5517 1362 5572 6
1393 5527 1511 5583 τοῖς
1543 5499 1686 5572 οὖσιν
1716 5516 1909 5575 ἅπασιν

1998 4378 2254 4441 animam
2279 4377 2554 4458 perdunt,
2581 4383 2678 4436 aut
2709 4372 3138 4444 latrocinando,
3172 4381 3272 4432 aut
3303 4373 3338 4432 h
3369 4370 3646 4433 inicidiis

2003 4465 2432 4548 perpetrandis,
2450 4473 2550 4526 aut
2573 4473 2934 4524 mortuorum
2959 4461 3248 4541 sepulcris
3271 4460 3640 4534 eﬂ'odiendis,

1999 4547 2230 4616 aut’alio
2255 4555 2526 4635 quopiam
2555 4551 2777 4613 nefario
2801 4549 3061 4612 facinore
3087 4549 3474 4627 designanda,
3501 4547 3636 4609 ideo

1999 4643 2212 4724 adjecit
2240 4665 2252 4702 :
2288 4647 2538 4723 Pr0pter
2563 4661 2678 4709 me.
2705 4648 2761 4702 et
2781 4639 3182 4718 Evangelium.
3217 4637 3362 4698 Nam
3395 4636 3492 4724 qui
3520 4655 3636 4696 non

1999 4723 2237 4812 prepter
2267 4731 2560 4794 Christum
2614 4739 2672 4790 et
2720 4727 3099 4808 Evangelium
3157 4726 3348 4806 perdit
3376 4723 3638 4785 animam

1993 4839 2182 4899 suam,
2222 4839 2338 4880 non
2373 4827 2563 4880 servat
2595 4836 2745 4879 eam.
2802 4817 2862 4879 Si
2905 4835 3044 4892 ergo
3094 4813 3318 4874 servari
3377 4813 3641 4873 animam

1996 4907 2228 4969 beatum
2261 4915 2370 4984 est,
2410 4907 2583 4967 modo
2631 4907 2704 4966 ad
2755 4904 3000 4965 salutem
3044 4903 3102 4963 in
3156 4902 3273 4963 Deo
3323 4900 3637 4970 referatur,

1994 4997 2490 5076 oportetaliquam
2513 4994 2723 5056 anima:
2739 4991 3132 5073 perditionem
3156 5008 3286 5050 esse
3303 4988 3542 5062 bonam,
3566 4997 3638 5066 _et

1995 5093 2234 5166 propter
2249 5085 2571 5149 Christum.
2591 5082 2880 5144 Videntur
2900 5079 3078 5158 igitur
3101 5079 3256 5138 inter
3279 5095 3344 5166 se
3365 5076 3636 5138 conferri

1996 5165 2167 5253 posse
2193 5175 2318 5234 haec
2341 5176 2486 5234 duo:
2515 5174 2740 5249 Negare
2765 5166 3107 5249 seipsumad
3135 5165 3477 5246 praedictum
3505 5185 3636 5225 mo-

1995 5261 2157 5336 dum,
2186 5271 2266 5334 et,
2284 5259 2572 5341 Oportere
2594 5272 3076 5337 unumquemque
3101 5253 3349 5333 perdere
3373 5253 3632 5314 animam

1995 5368 2186 5411 suam.
2219 5351 2427 5410 Perdat
2448 5346 2662 5428 aliquis
2687 5346 2942 5406 animam
2969 5361 3132 5404 suam
3165 5349 3542 5422 peccantem,
3574 5349 3640 5403 ut

1995 5438 2104 5500 hac
2143 5437 2394 5518 perdita,
2413 5435 2660 5516 recipiat
2680 5433 2846 5496 illam
2866 5432 3108 5494 alteram
3132 5437 3299 5518 recte,
3311 5429 3478 5494 factis
3506 5447 3638 5518 sere

1997 5517 2272 5589 vendam.
2307 5525 2494 5588 Aliter
2521 5539 2754 5610 quoque
2781 5538 2991 5585 revera
3035 5518 3245 5582 beatus
3276 5517 3476 5594 fuerit,
3533 5517 3635 5610 qui
