4008 6114
313 201 462 268 12⁸17
1768 205 1956 272 ORA'I

2039 205 2198 272 lNES
3527 211 3685 279 1278

307 322 462 425 ἔχεις
496 326 714 425 ψυχὴνῴ
738 325 932 386 δοῦναι.
995 326 1257 425 ξρήματα
1278 416 1290 425 .
1312 326 1423 425 μεν.
1457 326 1557 407 γὰρ
1609 327 1646 397 ἢ
1693 329 1860 425 οἰκίαν
1914 325 1951 394 ἢ

2039 335 2241 420 Neque
2275 338 2434 400 enim
2465 337 2711 401 alteram
2764 339 2973 414 habes,
3026 360 3202 425 quam
3233 342 3361 418 des,
3395 343 3686 412 animam.

308 410 624 492 ἀνδράποδα,
684 415 721 485 ἢ
777 417 949 475 suam
1002 414 1178 496 ἕτερον
1261 416 1523 480 άπολέσας
1572 439 1677 485 τις,
1735 414 1944 473 δύναται

320 500 343 523 ’γ
411 499 427 523 ’
488 502 503 523 ἱ
579 505 591 523 Ι
755 502 779 523 ἢ
807 515 834 523 .-
990 504 1016 523 ει
1229 509 1286 523 Α.
1302 503 1346 523 δε
1451 507 1465 523 \
1567 505 1581 523 9
1597 507 1610 523 \
1707 507 1735 523 Λ
1829 504 1850 523 λ
1891 506 1905 523 \

2039 410 2309 491 Pec'uniis
2324 428 2507 504 enim,
2538 437 2636 490 ant
2659 429 2909 505 aedibus,
2944 410 3405 514 aufmancipii's,
3437 443 3538 496 aut
3565 410 3691 496 alia

311 500 427 557 ἀντ’
484 502 696 561 ἐκείνων
750 502 924 564 δοῦναι
990 504 1163 584 ἔτερα.
1225 503 1352 564 Οὐδὲ
1408 507 1508 586 γὰρ
1564 505 1652 563 ἐὰν
1706 504 1948 582 βασιλεὺς

2039 536 2389 606 quacunque
2414 537 2480 579 re
2493 500 2756 597 perdita,
2788 500 2978 600 potest
3007 520 3141 601 quis
3165 500 3538 584 aliaillorum
3559 524 3690 585 loco

312 595 411 688 τηῖγς
442 593 754 668 οἰκουμένης
782 594 819 671 ᾖ
865 616 971 688 τις,
1015 595 1104 650 καὶ
1147 593 1357 651 πάντων
1402 600 1508 651 τῶν
1555 594 1641 651 ἐπὶ
1669 600 1772 673 γῆς
1803 617 1950 674 χρη-

2041 593 2205 667 dare.
2229 593 2443 687 Neque
2462 593 2647 682 enim,
2670 593 2936 688 etsi'quis
2958 593 3060 669 rex
3080 608 3243 669 orbis
3262 618 3550 672 terrarum
3584 610 3687 686 sit,

315 679 494 779 pé‘twv
562 682 803 763 κυριεύῃ,
877 679 1153 753 δυνήσεται
1227 682 1348 757 μίαν
1421 682 1679 779 ἀγοράσαι
1748 685 1955 762 ψυχὴν,

2041 679 2425 776 οῐηιιίυῐηίιύο
2493 679 2641 775 ejus
2680 679 3071 775 pecu-nimum
3121 697 3423 779 dominus,
3476 679 3694 779 poterit

312 766 412 823 κᾶν
467 770 642 827 πάντα
710 771 775 828 τὰ
830 775 930 837 τῆς
986 770 1301 846 οἰκουμένης
1351 768 1733 828 καταϐαλετται
1767 786 1782 802 ⁸
1843 771 1956 828 οὔτε

2042 802 2219 845 unam
2236 766 2544 846 redimere
2548 766 2829 859 animam,
2848 784 3206 846 licetomnes
3220 784 3382 847 orbis
3407 766 3691 867 pecunias

316 855 413 933 μὲν
450 859 485 927 ἡ
530 857 584 916 ἐν
631 881 710 935 τῳ
760 860 950 935 κόσμῳ
1000 864 1145 916 πᾶσα
1199 860 1367 939 τρυφὴ
1415 861 1511 953 καὶ
1564 859 1955 940 λαμπροφορία,

2045 872 2217 953 pretii
2252 874 2382 934 loco
2414 873 2624 934 offerat
2654 891 2667 935 z
2725 855 2919 953 neque
2969 874 3164 935 omnis
3197 855 3604 936 mundi-luxus
3634 882 3693 937 et

312 948 498 1026 πικράν
543 969 662 1045 τινα
707 948 1036 1028 παραψυχὴν
1209 952 1361 1028 ψυχῇ
1410 946 1685 1020 δυνήσεται
1733 948 1956 1029 ἀπεργά-

2042 946 2323 1042 splendor
2352 961 2629 1039 exiguum
2659 946 2898 1041 aliquod
2925 962 3197 1023 solatium
3229 963 3444 1025 animae
3473 963 3692 1045 poterit

312 1038 523 1131 σασραι,
557 1034 683 1092 ὅταν
712 1038 936 1101 αἰωνίως
965 1036 1318 1126 militum.”

2041 1034 2350 1131 adhibere,
2383 1034 2518 1111 cuin
2551 1034 2835 1112 aeternum
2870 1050 3265 1130 torquebitur.

415 1122 523 1218 'Opa
580 1122 634 1181 δὲ
681 1131 797 1188 πῶς
845 1129 939 1184 οὐκ
998 1125 1151 1181 εἶπεν
1217 1143 1230 1158 ⁸
1379 1125 1429 1181 τί
1457 1122 1660 1181 δίδωσιν
1689 1124 1956 1205 ἅνθρωπος

2121 1140 2238 1202 Sed
2270 1122 2534 1213 adverte,
2563 1122 3067 1218 quemadmodum
3118 1158 3236 1200 non
3272 1138 3489 1202 dixerit
3523 1161 3536 1201 :
3572 1141 3691 1203 Aut

314 1212 660 1309 ἀντάλλαγμα
686 1218 793 1309 τῆς
815 1218 999 1294 ψυχῆς
1031 1214 1187 1309 αὑτοῦ
1211 1232 1227 1293 ς
1259 1211 1396 1269 ἀλλὰ
1431 1236 1475 1309 εΔ
1487 1213 1750 1309 Τίδῶσεις
1780 1237 1808 1269 ι
1830 1214 1956 1273 Τότε

2041 1246 2218 1309 quam
2251 1227 2352 1289 dat
2383 1211 2556 1288 homo
2580 1211 3117 1288 commutationem
3173 1246 3277 1307 pro
3308 1227 3506 1289 anima
3530 1247 3636 1290 sua
3662 1233 3691 1289 ?

315 1301 416 1378 μὲν
473 1303 592 1399 γὰρ.
620 1306 714 1361 οὐκ
766 1301 885 1383 ἔχει
940 1325 992 1358 τι
1042 1298 1250 1399 δώσειν,
1307 1311 1401 1399 vf»:
1420 1300 1505 1399 ⁸δὲ
1553 1300 1740 1399 δίδωσι-
1787 1304 1956 1379 μετά-

2040 1298 2169 1399 έθά,
2206 1319 2401 1392 Quam
2431 1316 2601 1378 dabit
2631 1314 2657 1378 ἲ
2704 1314 2855 1376 Tum
2890 1315 3047 1376 enim
3081 1298 3199 1376 non
3229 1315 3491 1387 habebit,
3530 1317 3689 1398 quod

313 1411 484 1470 νοιαν,
542 1389 905 1471 ἐξαγόρεμσιν,
964 1390 1314 1487 στεναγμοὺς,
1373 1387 1588 1470 δάκρυα,
1645 1388 1795 1458 τῆξιν
1842 1392 1955 1447 σώ-

2040 1387 2182 1470 άθῐέ
2219 1387 2377 1467 nunc
2404 1423 2544 1467 vero
2576 1405 2674 1465 dat
2724 1403 3158 1483 pmnilentiam,
3213 1387 3681 1487 confessionem,

315 1501 509 1574 ματος,
564 1478 952 1559 ἐπιπονωτέραν
1009 1476 1303 1557 διαγωγήν.
1363 1488 1526 1539 Τοῦτο
1583 1477 1731 1544 εἰδὼς
1785 1482 1874 1538 καὶ
1928 1483 1956 1537 ὁ

2039 1495 2314 1574 gemitus,
2348 1494 2661 1573 lacrymas,
2695 1476 3154 1554 macerationem
3191 1495 3480 1574 corporis,
3514 1476 3688 1555 seve;

310 1546 509 1672 δόλιος,
541 1569 696 1644 ἡμῶν
765 1546 979 1649 ἐχθρὸς,
1038 1546 1251 1624 ἀείποτε
1307 1569 1472 1625 σαίνει
1520 1581 1642 1632 ταῖς
1697 1578 1790 1629 τοῦ
1846 1570 1956 1646 βίου

2081 1546 2314 1568 ν.......υ,
2348 1546 2461 1555 .-π
2514 1546 2661 1567 ---Ἴ
2697 1546 3154 1554 ---τ-------------
3194 1546 3280 1554 η-
3342 1546 3480 1571 ---_,
3514 1546 3649 1555 ---ν

2039 1546 2259 1645 :iorem
2292 1583 2387 1643 vid
2401 1546 2538 1642 endi
2569 1583 2889 1643 rationem.
2944 1579 3124 1662 Cujus
3153 1582 3243 1643 rei
3273 1546 3391 1643 nron
3424 1583 3684 1666 nescius,

310 1654 556 1736 ἡδύτησι,
615 1659 703 1714 καὶ
759 1655 1083 1715 ἀποκλέπτει
1138 1670 1261 1721 ταῖς
1308 1658 1446 1714 κατὰ
1496 1660 1679 1738 μικρὸν
1735 1659 1956 1739 ὕπερθέ-

2041 1673 2283 1734 dolosus
2314 1670 2499 1732 hostis
2529 1686 2732 1736 nos:er
2758 1688 3001 1751 semper
3023 1654 3251 1733 mulcet
3280 1690 3386 1733 nos
3409 1673 3539 1734 vitae
3566 1654 3691 1735 suai

313 1766 480 1841 σεσιν,
532 1743 734 1841 "Ii-p.01,
806 1744 1000 1824 λέγων,
1072 1743 1160 1809 δὸς
1216 1747 1314 1814 τὴν
1373 1749 1627 1841 σήμερον,
1690 1755 1805 1841 θεῷ
1858 1749 1956 1816 τὴν

2039 1760 2447 1841 suavitatibus,
2476 1768 2829 1840 tempusque
2882 1743 3161 1840 paulatim
3196 1760 3686 1840 procrastinando

314 1831 490 1914 αὔριον
525 1851 541 1865 ⁶
600 1834 719 1910 ἐμοὶ
769 1836 831 1891 τὸ
882 1835 1068 1914 παρὸν,
1131 1841 1247 1911 Θεῷ
1297 1837 1358 1891 τὸ
1408 1834 1599 1911 μέλλον
1634 1856 1652 1876 ο
1682 1834 1758 1892 ’ἶν’
1790 1839 1956 1900 οὕτως

314 1919 659 2002 βραδύνοντας
731 1924 863 2003 πρὸς
933 1923 1212 1999 μετάνοιαν
1268 1925 1355 1980 καὶ
1404 1922 1673 2005 διόρθωσιν
1727 1925 1956 1983 ἐπανελ-

312 2013 417 2069 θὼν
473 2011 757 2092 ἀφαρπάσῃ
814 2014 843 2069 ὃ
897 2013 1117 2077 θάνατος
1165 2010 1392 2089 μηδενὸς
1435 2012 1782 2093 λυτρουμένου
1825 2013 1959 2092 μηδὲ

315 2100 598 2171 σώζοντος.
675 2104 956 2180 Λνθρωπος
1010 2101 1107 2177 μὲν
1159 2101 1248 2159 οὗν
1319 2106 1413 2161 οὐκ
1477 2100 1597 2183 ἔχει
1666 2126 1716 2161 τι
1785 2102 1957 2163 δοῦναι

316 2187 664 2267 ἀντάλλαγμα
690 2194 791 2256 τῆς
819 2193 1001 2270 ψυχῆς
1028 2193 1184 2250 αὒτοῦ
1218 2208 1231 2223 ’
1287 2192 1315 2246 ὁ
1370 2189 1425 2246 δὲ
1479 2193 1607 2255 Θεὸς
1660 2197 1760 2260 τῆς
1803 2195 1957 2270 ἡμῶν

316 2279 578 2356 σωτηρίας
648 2277 824 2334 ἕνεκεν
911 2275 1130 2337 δέδωκεν
1219 2277 1565 2358 ἀντάλλαγμα
1655 2283 1717 2338 τὸ
1786 2283 1958 2359 τίμιον

317 2368 458 2441 αἷμα
485 2375 577 2425 τοῦ
631 2369 754 2426 Υἱοῦ
812 2370 992 2429 αὐτοῦ.
1057 2369 1149 2423 Διὸ
1206 2365 1523 2447 παρακαλῶ,
1571 2370 1743 2427 πάντα
1788 2370 1957 2430 τᾶλλα

316 2454 557 2537 ἀφέντες,
589 2457 662 2519 εἰς
715 2456 813 2523 τὴν
873 2455 1059 2536 ψυχὴν
1111 2457 1322 2512 ἅπασαν
1378 2457 1477 2524 τὴν
1507 2456 1955 2525 σπουδὴννάναλί-

317 2565 554 2617 σκωμεν.
587 2550 702 2603 Τῶν
733 2544 831 2623 γὰρ
885 2543 939 2601 ἐν
999 2547 1132 2620 ἡμῖν
1189 2544 1500 2625 κυριώτερον
1554 2549 1589 2616 ἡ
1649 2551 1824 2629 ψυχή,
1860 2552 1958 2609 Καὶ

316 2632 546 2692 ἐντεῦθεν
617 2633 705 2691 οὖν
774 2633 1196 2709 ἐπιστομίσωμεν
1290 2636 1410 2700 τοὺς
1481 2635 1587 2693 ἀπὸ
1657 2634 1958 2717 Ὠριγένους

316 2721 568 2802 λέγοντας
598 2722 679 2780 ὅτι
734 2723 1162 2787 ἀποκατάστασις
1221 2720 1369 2780 ἔσται
1423 2729 1529 2782 τῶν
1587 2730 1779 2807 ψυχῶν
1824 2730 1958 2804 μετά

316 2813 378 2870 τὸ
401 2816 728 2881 καλασθῆναι
756 2813 892 2870 κατὰ
946 2811 1228 2890 ἀναλογίαν
1281 2818 1385 2871 τῶν
1434 2815 1723 2895 ἁμαρτιῶν.
1761 2814 1955 2875 Ἀκου-

319 2903 563 2959 σάτωσαν
613 2903 713 2981 γὰρ
758 2899 838 2958 ὅτι
898 2905 992 2961 οὒκ
1035 2901 1175 2967 ’ἐστιν
1216 2900 1331 2958 aet
1385 2900 1557 2962 δοῦναι
1613 2904 1956 2984 ἀντάλλαγμα

318 2996 416 3057 τῆς
470 2996 678 3071 ψυχῆς.
733 2990 926 3049 Οὔκουν
981 2987 1096 3048 οὗδὲ
1141 2988 1463 3058 κολασθῆναί
1517 2992 1627 3049 ἐστι
1683 3005 1948 3073 τοσοῦτον,

320 3079 444 3137 ὅσον
472 3079 821 3148 ἀντισωθῆναι
855 3091 975 3143 τοῖς
1007 3079 1383 3158 ἁμαρτάνωσι.

2041 1850 2398 1911 suﬂ‘uratur:
2443 1849 2603 1922 Mihi,
2636 1848 2849 1929 inquit,
2885 1848 3043 1909 diem
3069 1849 3143 1908 da
3163 1849 3539 1925 hodiernum,
3564 1849 3688 1912 Deo

2042 1939 2360 2000 crastinum
2391 1955 2407 2012 ;
2443 1936 2589 1999 mihi
2624 1945 2853 2016 tempus
2886 1954 3191 2017 praesens,‘
3223 1936 3344 1999 Deo
3381 1937 3682 2014 futurum;

2040 2035 2104 2088 ut
2132 2026 2212 2088 ita
2241 2026 2541 2088 tardentes
2568 2025 2639 2086 ad
2672 2025 3079 2106 paenitentiam
3106 2027 3684 2101 etemendationem,

2041 2114 2464 2193 superveniens
2493 2113 2747 2194 abripiat
2793 2132 2975 2189 mors,
3026 2115 3261 2194 quando
3313 2134 3432 2176 non
3463 2124 3556 2177 est
3585 2115 3688 2195 qui

2040 2205 2320 2284 redimat,
2371 2221 2566 2283 neque
2612 2202 2713 2282 qui
2769 2202 2991 2263 salvum
3043 2202 3237 2265 faciat.
3293 2206 3479 2264 Homo
3509 2203 3691 2280 igitur

2042 2312 2159 2355 non
2182 2301 2370 2373 potest
2392 2292 2647 2372 aliquam
2676 2290 2819 2352 dare
2838 2292 3356 2353 commutationem
3375 2310 3477 2373 pro
3489 2292 3689 2353 anima

2039 2400 2146 2443 sua
2176 2401 2189 2441 :
2214 2380 2371 2442 Deus
2401 2397 2544 2443 vero
2581 2397 2686 2459 pro
2722 2388 2923 2439 nostra
2949 2381 3137 2440 salute
3167 2379 3330 2441 dedit
3353 2388 3684 2442 commuta-

2039 2470 2285 2541 tionem,
2314 2467 2634 2549 pretiosum
2662 2467 3012 2547 sanguinem
3040 2467 3175 2530 Filii
3204 2469 3319 2530 sui.
3339 2467 3532 2542 Quare
3554 2472 3690 2531 hor-

2039 2567 2153 2633 tor,
2189 2575 2273 2626 ut,
2309 2556 2587 2619 omnibus
2616 2562 2847 2618 caeteris
2879 2555 3098 2629 missis,
3133 2557 3193 2617 in
3224 2558 3478 2619 animam
3510 2575 3691 2621 omne

2039 2647 2296 2709 studium
2324 2652 2725 2709 conferamus.
2749 2642 2908 2705 Nihil
2933 2644 3090 2705 enim
3115 2644 3175 2705 in
3200 2646 3373 2707 nobis
3397 2655 3685 2726 praestan-

2039 2740 2154 2801 tius
2173 2738 2391 2800 anima.
2429 2739 2581 2815 Ergo
2602 2736 2777 2797 etiam
2822 2754 2895 2797 ex
2931 2736 3044 2797 hoc
3077 2736 3208 2797 loco
3230 2735 3577 2798 obturemus
3597 2756 3690 2819 os,

2040 2836 2099 2889 et
2128 2827 2429 2889 silentium
2454 2825 2828 2905 imponamus
2852 2823 3128 2902 Origenis
3143 2825 3384 2887 asseclis
3405 2844 3681 2888 asseren-

2038 2917 2217 2990 tibus,
2250 2915 2478 2977 animas
2507 2913 2568 2974 in
2597 2913 2775 2974 viam
2810 2930 2878 2974 ac
2904 2912 3218 2991 pristinum
3256 2922 3468 2975 statum
3504 2914 3682 2977 resti-

2037 3012 2224 3067 tutum
2272 3004 2343 3065 iri
2394 3012 2526 3085 post
2564 3001 2856 3082 supplicia
2883 3004 3267 3083 proportione
3301 3010 3682 3084 peccatorum

2039 3098 2320 3157 exsoluta.
2355 3092 2612 3156 Audiant
2640 3091 2823 3166 enim,
2874 3112 2993 3153 non
3045 3111 3221 3173 posse
3250 3094 3333 3154 ibi
3363 3103 3686 3156 commuta-

2037 3183 2263 3245 tionem
2295 3201 2401 3263 pro
2431 3183 2628 3243 anima
2656 3181 2808 3245 dari.
2855 3180 3008 3261 Ergo
3059 3201 3132 3244 ne
3163 3182 3418 3244 cruciari
3445 3182 3687 3263 quidem

2040 3279 2264 3334 tantum
2295 3279 2564 3352 possunt,
2597 3277 2878 3351 quantum
2912 3281 3214 3333 merentur
3244 3283 3584 3352 peccantes.

399 3363 726 3442 Βουλόμενος
783 3363 838 3421 δὲ
885 3368 913 3423 ὁ
970 3365 1158 3446 Κύριος
1216 3366 1633 3447 προθυμοτέρους
1687 3368 1828 3445 ἡμᾶς
1886 3370 1956 3433 εἰς

2116 3359 2192 3424 Ut
2211 3369 2406 3422 autem
2436 3378 2557 3447 non
2584 3359 2984 3439 promptiores
3013 3360 3084 3422 ad
3114 3360 3376 3441 pericula
3398 3359 3488 3420 sui
3510 3377 3688 3423 causa

318 3453 438 3517 τοὺς
491 3454 620 3534 ὑπὲρ
689 3458 846 3513 αὐτοῦ
916 3452 1179 3520 κινδύνους
1249 3446 1675 3538 ἀπεργάσασθαι,ί
1723 3457 1956 3537 ἐναργῶς

2039 3449 2312 3511 adeunda
2347 3446 2646 3538 redderet,
2690 3447 3681 3538 perspicue‘apponit_mercedem,

316 3542 488 3625 τίθῃσι
538 3545 627 3601 τὸν
684 3540 836 3601 ἕνεκα
903 3544 1097 3601 τούτων
1167 3546 1352 3621 μισθὸν
1418 3541 1482 3600 δι’
1540 3546 1613 3601 ῶν
1651 3535 1903 3625 ⁷ἐπιφέρει
1938 3588 1953 3604 .

2040 3556 2153 3618 qua
2174 3537 2749 3616 compensabantur:
2774 3535 3193 3598 idcircoinfert
3219 3557 3232 3599 :
3266 3535 3384 3612 Qui
3404 3543 3564 3599 enim
3588 3553 3681 3599 me

322 3654 352 3687 α
412 3616 505 3695 ⁸’ος
561 3632 660 3713 γὰρ
716 3631 1042 3713 ἐπαισχυνθῇ
1105 3616 1179 3708 με
1230 3633 1319 3690 καὶ
1375 3632 1497 3696 τοὺς
1551 3632 1715 3709 ἐμοὺς
1770 3616 1956 3712 λόγους

2039 3616 2372 3698 erubuerit,
2397 3633 2453 3685 et
2489 3640 2804 3713 sermones
2852 3641 3008 3685 meos
3047 3626 3115 3713 in
3150 3629 3545 3713 generatione
3569 3626 3688 3689 ista

317 3718 370 3777 ἐν
440 3725 509 3797 τῇ
577 3711 732 3799 γενεᾷ
791 3711 957 3798 ταύτῃ
1012 3726 1080 3797 τῇ
1131 3718 1401 3801 μοιχαλίδι
1461 3722 1548 3777 καὶ
1604 3711 1904 3801 ἁμαρτωλῷ
1939 3738 1953 3751 ·

2039 3712 2311 3773 adultera
2324 3718 2383 3773 et
2404 3711 2734 3791 peccatrice
2747 3734 2770 3801 ;_
2797 3719 2853 3773 et
2879 3712 3077 3773 Filius
3098 3712 3363 3775 hominis
3382 3712 3690 3777 erubescet

318 3811 407 3867 καὶ
475 3811 504 3866 ὁ
572 3811 693 3873 Υἱὸς
785 3820 876 3869 τοῦ
958 3799 1263 3886 ἀνθρώπουῂ
1313 3799 1792 3890 ἐπαισχυνθήσεται
1857 3814 1956 3868 αὖ·

2039 3818 2204 3875 eum,
2231 3818 2367 3890 cuni
2382 3801 2615 3890 venerit
2629 3801 2693 3860 in
2711 3799 2913 3878 gloria
2942 3801 3143 3863 Patris
3170 3803 3267 3890 sui
3288 3819 3423 3863 eum
3445 3803 3689 3883 angelis

320 3899 434 3978 τὸν,
506 3895 630 3955 ὅταν
700 3895 824 3975 ἔλθῃ
897 3897 953 3954 ἐτ
1021 3902 1089 3977 τῇ
1156 3895 1279 3973 δόξῃ
1349 3906 1442 3957 τοῦ
1478 3888 1732 3976 ἹῙατρὺς,
1803 3902 1956 3957 αὐτοῦ

2039 3892 2264 3951 sanctis
2292 3888 2365 3950 η.
2398 3888 2681 3978 Absoluto
2714 3905 3017 3970 sermone,
3049 3908 3166 3969 quo
3188 3889 3685 3971 ducuitoportere

322 3972 457 4064 μετά
519 3993 622 4043 τῶν
691 3972 933 4066 ἀγγέλων
1160 3972 1345 4065 ἁγίων.
1409 4008 1437 4041 ι
1507 3972 1843 4057 Διαλαλῆσας
1893 3987 1956 4042 τὰ

2043 3978 2486 4038 nosimitatores
2498 3975 2589 4037 sui
2602 3994 2753 4050 esse,
2772 3995 2882 4038 nec
2898 3985 3146 4040 mortem
3162 3978 3386 4057 fugere,
3408 3996 3519 4040 nec
3542 3996 3684 4057 par-

322 4073 586 4155 εἰρημένα
614 4076 732 4155 περὶ
776 4081 869 4131 τοῦ
916 4073 1026 4134 δεῖν
1069 4075 1271 4140 πάντας
1321 4076 1556 4151 μιμητὰς
1613 4078 1772 4135 αὐτοῦ
1805 4074 1956 4154 γενέ-

2044 4068 2276 4129 cerevel
2297 4085 2509 4128 animai
2526 4073 2759 4143 nostrae,
2779 4068 2869 4127 vel
2890 4067 3038 4142 vitae,
3058 4075 3298 4148 propter
3326 4086 3490 4148 spem
3522 4068 3583 4129 in
3617 4086 3687 4129 eo

320 4145 460 4237 σθαι,
492 4164 581 4220 καὶ
624 4145 701 4240 μῆ
755 4165 963 4245 φεύγειν
1018 4165 1110 4222 τὸν
1161 4145 1395 4221 θάνααόνῠ
1419 4181 1433 4196 ·
1496 4161 1729 4246 ἀφειδεῖν
1775 4145 1830 4220 δέ
1874 4165 1956 4221 καὶ

2043 4156 2239 4231 sitam,
2280 4166 2612 4246 opportune
2668 4174 2699 4217 c
2742 4157 2977 4236 njungit
3006 4145 3282 4236 mysteria
3313 4145 3386 4217 de
3418 4156 3683 4218 secundo

320 4256 418 4319 τῆς
449 4254 646 4311 ἑαυτῶν
695 4256 877 4332 ψυχῆς
925 4274 983 4309 τε
1024 4254 1112 4310 καὶ
1153 4257 1297 4325 ζωῆς
1346 4250 1521 4311 ’έτεκεν
1549 4245 1671 4320 τῆς
1701 4254 1773 4317 εἶς
1804 4255 1956 4312 αὐτὸν

2041 4252 2296 4310 adventu
2318 4266 2447 4310 suo.
2472 4245 2579 4319 Qui
2620 4246 2780 4308 enim
2816 4265 2931 4323 me,
2973 4246 3185 4331 inquit,
3222 4246 3591 4320 erubuerint,
3628 4254 3689 4308 et

321 4339 551 4417 ἐλπίδος,
610 4341 946 4401 ἐπισυνάπτει
1003 4343 1252 4420 εὐκαίρως
1305 4343 1369 4398 τὰ
1412 4343 1528 4421 περὶ
1568 4346 1677 4409 τῆς)
1720 4339 1956 4422 δευτέρας

2042 4354 2349 4398 sermones
2380 4335 2619 4397 meosin
2641 4336 2918 4416 praesenti
2944 4335 3078 4408 vita,
3108 4344 3168 4397 et
3190 4336 3291 4417 qui
3312 4335 3441 4398 sine
3468 4337 3687 4399 rubore

320 4435 477 4490 αὐτοῦ
541 4431 843 4509 θεοφανείας
912 4427 1227 4510 παραδιδοὺς
1299 4431 1579 4511 μυστήρια.
1657 4440 1786 4494 Τοῖς
1858 4433 1956 4510 γὰρ

2042 4445 2237 4488 coram
2272 4425 2614 4487 hominibus
2638 4444 2733 4486 me
2764 4425 3019 4487 confessi
3065 4425 3305 4506 fuerint,
3337 4425 3410 4486 iis
3439 4425 3684 4487 omnino

319 4519 794 4601 ἐπαισχυνομένοις
826 4541 914 4596 με,
970 4519 1118 4601 φησὶ,
1178 4521 1266 4576 καὶ
1306 4521 1440 4583 τοὺς
1496 4520 1655 4596 ἐμοὺς
1685 4518 1875 4599 λόγους
1906 4519 1956 4577 ἐν

2043 4534 2148 4596 par
2179 4515 2302 4597 pari
2333 4514 2608 4582 referam,
2638 4518 2756 4575 imo
2789 4532 2925 4575 vero
2961 4520 3128 4593 longe
3157 4522 3330 4575 et.am
3356 4514 3506 4594 plus.
3540 4514 3685 4576 Eru-

317 4615 387 4685 τῇ
454 4609 693 4688 παρούσῃ
780 4614 916 4686 ζωῇ.
1001 4609 1099 4667 Καὶ
1168 4607 1599 4690 ἀνεπαισχύντως
1671 4606 1956 4690 ἔμπροσθεν

2046 4603 2284 4666 bescam
2316 4612 2375 4665 et
2403 4622 2510 4683 ego
2560 4621 2685 4677 eos,
2721 4602 2830 4663 hoc
2874 4615 2988 4683 est,
3039 4603 3505 4678 verecundabor,
3541 4620 3673 4663 cum

320 4704 429 4756 τῶν
458 4698 741 4778 ἀνθρώπων
799 4695 1112 4775 ὁμολογοῧσί
1159 4718 1225 4773 με
1281 4696 1466 4773 ἕψεται
1517 4698 1726 4763 πάντως
1769 4700 1830 4754 τὸ
1859 4703 1956 4755 τῶν

2044 4712 2261 4755 venero
2319 4695 2378 4755 in
2428 4691 2615 4771 gloria
2662 4690 2850 4752 Patris
2902 4691 3042 4753 mei.
3097 4690 3249 4764 Quid
3290 4698 3486 4752 autem
3549 4691 3688 4752 huic

318 4784 477 4866 ἰ’σων,
507 4798 695 4866 τυχεῖν
752 4783 877 4865 παρ’
935 4785 1083 4860 ἐμοῦ,
1146 4783 1348 4861 μᾶλλον
1405 4784 1459 4841 δὲ
1511 4788 1598 4843 καὶ
1645 4787 1781 4843 κατὰ
1825 4785 1956 4843 πολὺ

2047 4799 2180 4844 esse
2212 4782 2399 4862 possit
2427 4780 2668 4841 solatii?
2698 4782 2845 4843 Cum
2873 4781 3032 4841 enim
3052 4779 3347 4842 erubescit
3375 4778 3682 4859 quospiam

317 4874 594 4952 μειζόνων,
669 4870 1195 4953 Ἐπαισχυνθήσομαι
1266 4873 1418 4953 κάγὼ
1485 4875 1671 4939 αὐτοὺς
1721 4893 1736 4908 ⁸
1812 4896 1956 4933 τουτ-

2039 4872 2243 4952 judex,
2279 4880 2551 4952 tanquam
2584 4869 2800 4951 quibus
2831 4868 3044 4931 debeat
3073 4867 3428 4930 obedientiaa
3459 4886 3686 4929 merce-

316 4964 458 5021 έστιν
489 4962 904 5042 ἐντραπήσοπαι,
960 4959 1083 5019 ὅταν
1138 4960 1273 5019 ἔλθω
1328 4962 1381 5020 ἐν
1437 4968 1505 5040 τῇ
1561 4961 1683 5039 δόξῃ
1714 4968 1810 5019 ταῦ
1841 4969 1958 5019 Πα-

315 5052 437 5132 τρός
496 5073 619 5127 μου.
680 5052 739 5110 Τί
806 5047 852 5105 δ’
921 5047 982 5107 ἂν
1052 5049 1260 5126 γένοιτο
1328 5052 1515 5109 τούτου
1586 5053 1661 5115 εἰς
1718 5052 1958 5126 εὐθυμίαν

313 5140 662 5221 ἰσοστάσιονς
734 5141 793 5197 Εἰ
856 5139 957 5218 γὰρ
1025 5135 1402 5219 ἐπαισχύνεται
1472 5161 1617 5205 τινας
1681 5141 1711 5195 ὁ
1770 5139 1957 5217 κριτὴς

316 5232 389 5293 ὡς
420 5226 712 5309 ἐποφείλων
768 5231 951 5290 αὐτοῖς
1006 5226 1096 5282 τὸν
1152 5232 1250 5295 τῆς
1296 5228 1584 5293 εὒπειθείας
1629 5229 1839 5304 μισθὸν,
1871 5230 1958 5285 καὶ

314 5322 412 5386 τῆς
438 5319 509 5381 εἰς
558 5316 717 5375 αὐτὸν
774 5316 988 5396 ἀγάπης
1040 5315 1105 5371 τὰ
1159 5316 1310 5399 γέρα,
1367 5320 1454 5375 καὶ
1513 5319 1601 5375 τὸν
1628 5322 1727 5385 τῆς
1758 5318 1957 5381 εὐνοίας

316 5406 571 5486 στέφανον
604 5422 619 5437 ·
692 5411 807 5471 πῶς
865 5404 960 5464 οὐκ
1017 5401 1154 5460 ἔστιν
1208 5403 1582 5487 ἀναμφιϐόλως
1640 5407 1809 5463 εἰπεῖν
1878 5405 1959 5466 ὅτι

400 5572 452 5621 ι’
476 5572 653 5643 Marc.
683 5588 810 5654 VIII,
840 5571 940 5640 38.
1026 5574 1085 5628 15
1110 5574 1315 5641 Matth.
1345 5589 1486 5658 xxv,
1516 5572 1618 5639 34.

2042 4960 2203 5032 dem,
2237 4960 2576 5039 amorisque
2609 4977 2751 5038 erga
2780 4976 2844 5020 se
2875 4957 3136 5038 praemia,
3173 4965 3230 5017 et
3261 4955 3687 5017 benevolentiae

2041 5067 2319 5110 coronam
2354 5066 2367 5110 :
2405 5066 2606 5109 nonne
2635 5048 2789 5109 hand
2825 5047 3008 5108 dubie
3039 5045 3159 5106 dici
3185 5053 3403 5126 potest,
3439 5048 3682 5107 omnino

2040 5136 2177 5199 illos
2206 5136 2266 5198 in
2300 5145 2584 5218 perpetuo
2615 5136 2844 5196 honore
2872 5133 3102 5194 futuros
3154 5151 3213 5194 et
3257 5132 3443 5211 gloria
3473 5131 3499 5195 ἲ
3527 5132 3685 5194 Lau-

2040 5225 2337 5288 dabuntur
2366 5225 2524 5287 enim
2546 5223 2693 5286 tales
2706 5220 3422 5304 quandoChristusdicet:
3458 5218 3680 5298 Venite,

2041 5315 2346 5379 benedicti
2393 5314 2595 5377 Patris
2647 5316 2789 5388 mei,
2841 5310 3136 5393 possidete
3181 5316 3469 5391 paratum
3514 5309 3685 5382 vobis

2040 5421 2299 5483 regnum
2328 5420 2369 5468 a
2396 5401 2822 5469 constitutione
2850 5400 3064 5465 mundi
3092 5398 3171 5461 ιδ.
