4008 6114
281 248 427 314 1281
1753 230 1961 294 ΟΒΑΤη

2052 226 2184 292 .‘IES
3494 227 3652 292 1282

278 384 441 461 ἁγίων
475 395 490 410 ⁸
557 378 695 456 μέγα
747 378 836 434 καὶ
889 374 1184 461 θαυμαστὸν
1215 368 1646 461 ἐπαγγέλλεται.Δ
1684 358 1772 425 ιΕν
1800 365 1961 441 δόξῃὶ

2052 364 2198 461 abite
2229 365 2531 461 quidpiam
2582 366 2914 447 proﬁtetur.
2945 365 3009 461 In
3039 366 3229 461 gloria
3250 364 3518 442 Deitatis,
3550 363 3652 426 Fi-

285 453 713 536 θέότητοςήΐίὸς
764 463 1032 542 ἀνθρώπου
1094 479 1107 493 ⁸
1156 460 1208 517 ἒν
1254 459 1571 537 ὑπερτάταις
1630 458 1926 537 ὑπεροχαῖς

2058 473 2124 515 us
2145 454 2445 516 hominis:
2477 456 2536 515 in
2572 473 2803 515 summa
2826 454 3197 531 excellentia,
3227 465 3399 516 natus
3424 472 3494 515 ex
3527 472 3658 513 mu-

287 558 398 615 ὁέκ
438 556 683 636 γυναικὸς
739 539 874 609 κατά
930 550 1119 629 σάρκα.
1179 545 1355 611 ἰδίους
1412 546 1530 626 ἔχει
1586 546 1705 609 τοὺς
1760 543 1927 622 ἀγγέ-

2058 561 2157 603 ere
2178 544 2501 604 secundum
2524 561 2789 605 carnem.
2843 540 3171 606 Suoshahet
3192 542 3451 620 angelos,
3473 539 3573 622 qui
3595 541 3656 602 in

284 645 408 709 λους
498 644 549 700 ἐν
580 642 830 718 ὁμοιώσει
872 644 940 714 τῇ
987 636 1102 693 καθ’
1157 638 1300 711 ἡμᾶς
1364 635 1623 713 γεγονώς,
1672 634 1846 690 Εἰπὼν
1876 629 1930 687 δὲ

2052 630 2400 692 imilitudine
2432 640 2630 692 nostra
2661 631 2850 692 factus
2892 639 3003 693 est.
3037 629 3146 693 Ubi
3180 640 3372 692 autem
3404 629 3655 705 dixerat,

288 754 316 792 ε
351 733 495 788 Μετά
521 738 625 788 τῶν
655 728 919 807 ἀγγέλων,
954 750 984 783 ι
1038 725 1358 807 προσέθηκε,
1421 745 1443 779 ιι
1502 730 1608 779 τῶν
1660 722 1844 799 ἁγίων,
1900 743 1927 774 ν

2052 719 2169 781 .‘um
2193 719 2442 799 angelis,
2476 719 2711 799 adjecit,
2745 721 2992 794 sanctis,
3028 720 3101 781 ad
3124 719 3447 780 discrimen
3484 736 3657 780 exse-

285 823 415 900 πρὸς
446 816 842 883 ἀντιδιαστολὴν
875 821 979 871 τῶν
1009 814 1211 892 ἐναγῶν
1233 811 1520 888 δαιμόνων,
1553 810 1807 889 Λέγονται
1839 809 1933 883 μὶν

2052 808 2370 868 randorum
2398 808 2752 870 daemonum.
2777 808 3065 870 Dicuntur
3094 808 3333 886 quidem
3369 816 3427 869 et
3459 808 3520 869 hi
3549 825 3661 868 an-

289 908 376 964 καὶ
423 909 564 964 οὗτοι
612 902 854 981 ἄγγελοι,
903 905 976 965 ὡς
1028 900 1284 962 πολλάκις
1329 905 1482 956 τινῶν
1541 919 1767 973 μηνυταὶ
1818 907 1936 958 τοῖς

296 995 586 1074 ἀνθρώποις
636 992 912 1071 γενόμενοι
967 1006 980 1019 ⁸
1043 988 1163 1046 ἀλλ’
1222 992 1281 1047 οὗ
1336 989 1548 1050 πάντως
1603 985 1762 1063 ἅγιοι,
1824 983 1941 1040 ἐνα-

293 1072 412 1162 γεῖς
481 1081 535 1140 δὲ
602 1083 690 1138 καὶ
759 1080 1065 1159 ἀκάθαρτοι,
1138 1080 1226 1135 καὶ
1296 1073 1635 1152 παμϐέόηλοι
1704 1075 1791 1130 καὶ
1859 1072 1938 1128 ὅτι

292 1179 459 1229 ταῦτα
513 1167 884 1249 ἀναμφιϐόλως
944 1167 1112 1246 ἔσται,
1168 1168 1257 1223 καὶ
1315 1169 1343 1222 ὁ
1376 1167 1492 1229 Υἱὸς
1548 1170 1640 1221 τοῦ
1669 1162 1941 1241 ἀνθρώπου

294 1260 408 1331 ἥξει
437 1260 491 1315 ἐν
520 1265 587 1336 τῇ
643 1256 767 1335 δόξῇ
824 1264 918 1314 τοῦ
975 1258 1176 1335 Πατρὸς
1237 1256 1393 1313 αὐτοϋ
1452 1254 1586 1329 μετὰ
1639 1258 1744 1308 τῶν
1772 1249 1940 1328 ἀγγέ-

296 1347 403 1403 λων
432 1353 535 1403 τῶν
581 1345 743 1423 ἁγίων
779 1363 795 1378 ⁸
850 1345 941 1400 καὶ
996 1341 1077 1398 ὅτι
1128 1344 1247 1406 τοὺς
1308 1341 1403 1418 μὲν
1460 1341 1615 1397 αὐτὸν
1663 1338 1940 1415 ὁμολογή-

296 1457 489 1499 σαντας
541 1437 631 1490 καὶ
700 1434 851 1496 αὐτὸς
924 1431 1248 1509 ὁμολογήσει
1302 1428 1479 1509 φίλους
1538 1430 1625 1485 καὶ
1681 1428 1938 1507 ἀριστεῖς,

298 1527 388 1581 καὶ
453 1523 718 1600 γενναίους
790 1520 1109 1598 στρατιώτας
1191 1519 1525 1581 ἀποκαλέσας
1584 1533 1599 1547 ⁸
1686 1517 1804 1579 τοὺς
1889 1512 1944 1568 δὲ

2018 896 2348 976 geli,utqui
2370 915 2525 976 szepe
2548 896 2834 977 quaepiam
2869 896 3221 956 hominibus
3255 896 3572 956 nuntiunt:
3604 900 3665 954 at

2023 1004 2262 1066 prorsus
2298 1004 2413 1044 non
2456 984 2662 1049 sancti.
2700 1003 2898 1045 verum
2934 984 3301 1062 exsecrandi,
3338 992 3396 1044 et
3422 982 3660 1064 impuri,

2024 1082 2081 1135 et
2110 1072 2351 1135 omnino
2384 1073 2641 1151 profani.
2672 1070 2801 1133 Jam
2835 1072 2959 1133 haec
2986 1073 3113 1133 sine
3143 1071 3510 1133 dubitatione
3535 1088 3665 1133 esse

2023 1163 2235 1228 futura.
2271 1169 2328 1222 et
2359 1161 2567 1223 Filium
2603 1160 2861 1221 hominis
2891 1169 3205 1221 venturum
3246 1161 3307 1221 in
3331 1161 3519 1240 gloria
3551 1159 3662 1220 Pa-

2023 1249 2129 1311 tris
2157 1251 2247 1311 sui
2279 1268 2413 1313 cum
2460 1251 2684 1329 angelis
2731 1250 2973 1323 sanctis,
3027 1268 3268 1330 eosque,
3325 1249 3424 1330 qui
3470 1248 3665 1328 ipsum

2023 1340 2278 1402 confessi
2309 1348 2465 1414 sunt,
2500 1338 2705 1401 itidem
2759 1339 3192 1414 confessurum,
3241 1339 3581 1417 amicosque
3611 1342 3670 1396 et

2023 1429 2296 1501 victores,
2331 1436 2389 1489 et
2418 1446 2736 1507 generosos
2769 1427 2985 1489 milites
3015 1427 3444 1507 appellaturum
3475 1445 3490 1501 ;
3536 1423 3668 1485 illos

2025 1527 2219 1577 autem
2253 1516 2491 1586 alteros,
2527 1535 2675 1596 quos
2706 1516 2849 1587 dixi,
2886 1524 3231 1594 negaturum
3269 1532 3283 1577 :
3343 1533 3461 1575 non
3493 1512 3667 1574 modo

301 1599 605 1690 εἰρημένους
650 1608 931 1688 ἀρνήσεταί
964 1624 978 1638 ⁸
1043 1609 1104 1663 06
1153 1629 1313 1682 μονον
1362 1611 1419 1665 06
1473 1603 1555 1661 διὰ
1612 1603 1787 1681 λόγων
1835 1599 1944 1667 δεί-

2052 1604 2223 1665 rerbis
2241 1604 2623 1674 demonstrat,
2658 1604 2832 1684 longa
2857 1623 2961 1684 spe
2983 1603 3293 1682 discipulis
3339 1601 3665 1682 suspensis,

301 1721 449 1758 κνυσι
520 1711 750 1774 μακραῖς
821 1696 1023 1752 ἐλπίσιν
1094 1696 1399 1774 ἀναπτερῶν
1490 1694 1609 1757 τοὺς
1683 1694 1943 1767 μαθητας,

2052 1694 2135 1755 sed
2163 1693 2337 1755 etiam
2358 1693 2481 1772 jam
2525 1693 2663 1755 inde
2687 1694 2747 1755 in
2794 1692 3067 1773 praesenti
3088 1694 3283 1755 adhuc
3303 1694 3418 1754 vita
3439 1710 3563 1754 rem
3596 1691 3672 1752 ad

306 1787 443 1844 ἀλλὰ
465 1789 553 1845 καὶ
608 1786 835 1845 ἐντεῦθεν
893 1782 968 1840 ἔτι
1022 1788 1120 1850 τῆς
1178 1784 1447 1861 παρούσης
1498 1786 1639 1853 ζωῆς
1683 1777 1948 1852 ἐπειλημ-

2052 1783 2315 1862 najorem
2347 1782 2764 1844 cerlitudinem
2798 1783 2943 1863 ipsis
2973 1800 3179 1844 eorum
3209 1782 3398 1844 oculis
3427 1781 3667 1861 subjeco

309 1876 495 1953 μένους
561 1878 689 1955 πρὸς
764 1874 976 1950 μείζονα
1030 1871 1386 1953 πληροφορίαν
1442 1875 1656 1946 αὖτοψει
1712 1871 1948 1926 καθυπο-

307 1962 474 2030 δεῒξαι
504 1966 840 2043 ὅπισχνεῖται
851 2007 865 2022 .

393 2041 787 2132 Ἐπιφέρειγάρ
821 2069 835 2084 ’
894 2071 918 2106 α
977 2047 1147 2125 Ἀμὴν
1204 2048 1303 2127 γὰρ
1358 2046 1500 2125 λέγω
1545 2048 1695 2123 ὑμῖν,
1747 2045 1826 2101 ὅτι
1858 2041 1953 2100 εἰσί

311 2164 447 2206 τινες
518 2147 622 2197 τῶν
691 2138 791 2195 ὧδε
847 2138 1169 2209 ἑστηκότων,
1233 2133 1429 2200 οἵτινες
1488 2140 1546 2195 οὐ
1602 2136 1679 2211 μὴ
1731 2135 1952 2213 γεύσον-

312 2252 398 2286 ται
464 2230 706 2297 θανάτου,
784 2226 883 2291 ἕως
971 2225 1031 2282 ἂν
1116 2224 1272 2281 ἴδωσι
1360 2226 1456 2291 τὴν
1531 2222 1799 2300 βασιλείαν
1868 2230 1957 2278 τοῦ

316 2324 448 2375 Θεοῦ
505 2316 816 2384 ἐληλυθύϊαν
873 2315 926 2372 ἐν
984 2313 1219 2390 δυνάμει.
1285 2335 1310 2371 ι
1374 2312 1624 2376 Εἰπόντος
1680 2322 1770 2370 τοῦ
1827 2319 1957 2386 Χρι-

318 2415 444 2465 στοῦ
498 2408 586 2461 τὸν
658 2403 878 2461 θέλοντα
949 2406 1089 2477 αὐτῷ
1145 2400 1320 2465 καλως
1379 2401 1686 2457 ἀκολουθεῖν
1736 2402 1822 2456 καὶ
1883 2400 1959 2475 μὴ

321 2492 682 2573 παρεκκλίνειν
736 2497 835 2559 τῆς
888 2492 1082 2554 εὐθείας
1140 2486 1258 2546 ὁδοῦ
1288 2508 1303 2524 °
1353 2491 1440 2545 καὶ
1487 2502 1602 2552 τοῖς
1662 2488 1757 2564 μὲν
1807 2489 1961 2546 αὐτὸν

322 2582 752 2661 ἀνεπαισχύντως
827 2581 955 2636 Θεὸν
1019 2577 1436 2655 καθομολογοῦσι
1527 2579 1625 2644 τὴν
1696 2577 1959 2654 ἀκήρατον

321 2669 590 2748 βασιλείαν
658 2667 1140 2747 ἐπαγγελλομένου,
1201 2668 1321 2729 τοὺς
1391 2663 1446 2721 δέ
1499 2687 1560 2743 γε
1620 2664 1961 2744 ἀρνουμένους

321 2760 409 2815 καὶ
466 2760 619 2817 αὐτὸν
671 2756 1011 2836 ἀπαρνεῖσθαι
1046 2771 1058 2783 ⁸
1122 2754 1235 2810 ἐπεὶ
1282 2754 1348 2809 τὰ
1404 2752 1499 2828 μὲν
1555 2753 1740 2830 ἀνιαρὰ
1787 2751 1841 2807 ἐν
1884 2757 1961 2824 τῷ

323 2847 541 2926 παρόντι
616 2846 712 2922 βίῳ
780 2845 867 2901 καὶ
929 2842 983 2899 ἐν
1042 2844 1225 2923 χερσὶν
1270 2841 1359 2911 ἦν,
1415 2842 1480 2896 τὰ
1548 2839 1602 2895 δὲ
1670 2840 1839 2917 ἀγαθὰ
1907 2837 1961 2893 ἐν

2032 1880 2230 1934 turum
2255 1871 2566 1951 promittit.

2113 2048 2300 2110 Infert
2317 2048 2474 2109 enim
2503 2071 2515 2108 :
2546 2050 2588 2110 Α
2603 2066 2739 2111 men
2759 2053 2974 2129 quippe
3001 2050 3133 2112 dico
3152 2048 3333 2122 vobis,
3359 2054 3496 2110 sunt
3527 2047 3669 2126 qui-

2037 2138 2178 2201 dam
2208 2137 2281 2200 de
2310 2138 2406 2198 hic
2430 2137 2748 2212 stantibus,
2787 2139 2897 2217 qui
2926 2137 3671 2218 nongustabuntmortem,

2040 2228 2227 2289 donec
2240 2228 2742 2305 m’deanlregnum
2762 2228 2869 2289 Dei
2880 2232 3122 2288 veniens
3135 2228 3199 2288 in
3215 2224 3680 2288 virtute‘ﬁPost—

2042 2334 2213 2394 quam
2258 2314 2403 2375 dixit
2452 2314 2721 2377 Christus
2792 2316 3061 2394 quisnam
3108 2332 3296 2394 Ipsum
3330 2313 3482 2374 bene
3510 2312 3681 2393 sequi

2041 2405 2198 2474 velit,
2234 2422 2344 2464 nec
2367 2403 2722 2464 declinarea
2764 2414 2923 2464 recta
2964 2409 3099 2464 via:
3141 2402 3556 2483 atqueiis,qui
3586 2407 3680 2481 ip.-

2043 2513 2170 2555 sum
2196 2492 2324 2552 sine
2350 2491 2572 2571 pudore
2599 2493 2783 2553 Deum
2807 2492 3186 2572 conﬁtentur,
3219 2493 3553 2551 immortale
3586 2508 3681 2551 re-

2044 2599 2224 2661 gnum
2271 2578 2566 2659 pollicitus
2615 2586 2746 2640 est:
2800 2578 2901 2658 qui
2944 2577 3138 2656 ipsum
3185 2587 3421 2659 negant,
3483 2596 3587 2639 eos
3616 2596 3683 2639 se

2046 2688 2278 2751 quoque
2304 2686 2650 2746 negaturum
2694 2667 3081 2728 asseveravit:
3122 2669 3403 2747 quoniam
3435 2668 3685 2729 adversa

2043 2759 2104 2820 in
2136 2758 2407 2837 praesenti
2434 2756 2569 2829 vita,
2597 2764 2653 2816 et
2674 2758 2832 2816 velut
2852 2756 2911 2816 in
2940 2757 3213 2816 manibus
3231 2768 3402 2817 erant
3427 2777 3440 2816 :
3470 2773 3687 2835 nempe

2046 2848 2263 2909 salvam
2298 2845 2424 2908 fieri
2447 2846 2704 2906 animam
2751 2846 2901 2924 ejus,
2948 2845 3047 2925 qui
3080 2845 3275 2926 perdit
3304 2846 3501 2917 illam;
3536 2863 3687 2906 ven-

326 2924 498 2991 ἐλπίσι
526 2935 615 2990 καὶ
664 2929 1018 3011 προσδοκίαις,
1072 2934 1194 2987 οἷοκ
1238 2931 1298 2985 τὸ
1340 2928 1590 2999 σώζεσθαι
1639 2929 1737 2994 τὴν
1782 2926 1961 3005 ψυχὴν

2053 2946 2245 2999 turum
2278 2937 2468 3016 ipsum
2501 2935 2560 2996 in
2592 2935 2779 3014 gloria
2812 2924 3023 3008 Patris,
3081 2924 3354 2995 daturum
3391 2933 3632 3014 praemia
3668 2955 3681 2992 :

327 3033 419 3082 τοῦ
485 3020 808 3084 ἀπολλυντος
880 3021 1040 3089 αὐτήν
1077 3035 1088 3048 ⁸
1132 3021 1191 3074 τὸ
1247 3016 1490 3097 ἔρχεσθαι
1549 3016 1705 3072 αὐτὸν
1774 3015 1828 3071 ἐν
1900 3021 1967 3091 τῇ

328 3109 452 3187 δόξῃ
497 3117 589 3167 τοῦ
635 3111 860 3188 Πατρὸς,
919 3111 981 3164 τὸ
1032 3104 1323 3165 ἀνοδιδόναι
1384 3108 1449 3162 τὰ
1502 3104 1703 3162 ἔπαθλα
1751 3106 1838 3161 καὶ
1886 3102 1969 3160 διὰ

328 3207 484 3257 τοῦτο
535 3200 671 3262 εἰκὸς
728 3198 792 3265 ἧν
846 3198 964 3261 τοὺς
1031 3196 1294 3271 μαθητὰς,
1355 3192 1500 3251 οόπω
1555 3197 1652 3261 τὴν
1702 3193 1753 3259 ἐξ
1806 3193 1967 3269 ὕψους

331 3289 632 3370 ἐσχηκότας
688 3285 925 3363 δύναμιν,
985 3287 1128 3365 τάχα
1179 3308 1279 3342 που
1332 3286 1420 3340 καὶ
1466 3284 1810 3362 ἀνθρωπίναις
1866 3305 1971 3340 πε-

334 3392 572 3458 ριπεσεῖν
629 3377 937 3448 ἀσθενείαις,
994 3377 1082 3429 καί
1151 3396 1201 3429 τι
1267 3380 1501 3429 τοιοῦτον
1571 3370 1687 3429 καθ’
1758 3373 1969 3434 ἑαυτοὺς

336 3465 708 3533 ἐννενοηκότας
759 3465 952 3524 εἰπεῖν.
1005 3469 1126 3526 Πῶς
1182 3462 1463 3541 ἀρνήσεταί
1516 3484 1596 3524 τις
1648 3462 1878 3541 ἑαυτὸν,
1936 3461 1972 3529 ἣ

338 3563 454 3621 πῶς
492 3554 757 3619 ἀπολέσας
805 3554 904 3620 τὴν
933 3554 1118 3609 ἑαυτοῦ
1166 3552 1348 3631 ψυχὴν
1398 3552 1555 3607 σώσει
1585 3553 1745 3620 αὒτήν
1780 3571 1796 3630 ς
1831 3551 1898 3631 Τί⁸
1919 3547 1973 3604 δὲ

340 3659 457 3708 τοῖς
486 3654 639 3702 τοῦτο
691 3646 907 3700 παθουσι
955 3644 1015 3698 τὸ
1060 3642 1358 3698 ἰσοστάσιον
1408 3639 1552 3697 ἔσται
1601 3639 1807 3718 γέρας;
1873 3621 1976 3694 (ἱνα

338 3735 508 3793 τοίνυν
578 3739 681 3788 τῶν
759 3731 1010 3788 τοιούτων
1079 3731 1264 3792 αὐτοὺς
1333 3729 1613 3803 ἀποστήσῃ
1681 3726 1973 3805 λογισμῶν,

338 3824 426 3878 καὶ
483 3824 599 3878 οἷον
658 3818 1066 3899 μεταχαλκεύση
1121 3818 1251 3896 πρός
1301 3814 1585 3895 εὐανδρίαν,
1637 3817 1977 3895 ὑπισχνεῖται

338 3912 427 3967 καὶ
492 3910 591 3977 τὴν
660 3907 780 3983 ὄψιν
844 3910 1013 3965 αὐτῶν
1082 3904 1507 3984 πληροφορῆσαι,
1570 3905 1657 3959 καὶ
1712 3901 1877 3968 δεῖξαι
1932 3903 1982 3957 τί

232 4034 241 4045 η
339 3996 470 4056 ποτέ
509 3996 648 4052 ἐστιν
687 3998 722 4063 ἡ
767 3993 888 4061 δόξα
935 3995 1130 4067 ἐκείνη,
1185 3992 1297 4064 μεθ’
1343 3995 1410 4060 ἧς
1456 3990 1637 4049 μέλλει
1693 3993 1981 4071 παραγίνε-

2050 3027 2276 3087 idcirco
2294 3024 2615 3085 verisunile
2657 3032 2803 3099 erat,
2836 3025 2988 3095 fore,
3020 3032 3084 3085 ut
3113 3024 3388 3102 discipuli
3423 3024 3688 3086 nondum

2050 3114 2519 3190 acceptavirtute
2542 3132 2611 3173 ex
2645 3112 2786 3183 alto,
2833 3112 3105 3175 fortassis
3150 3113 3208 3173 in
3249 3115 3563 3174 humanam
3594 3111 3692 3171 in-

2055 3203 2324 3265 ciderent
2348 3200 2775 3274 infirmitatem,
2799 3219 2867 3262 ac
2888 3202 3002 3262 tale
3044 3200 3346 3280 quidpiam
3370 3200 3678 3279 cogitando

2054 3292 2209 3372 apud
2235 3309 2299 3352 se
2321 3290 2591 3351 dicerent
2621 3311 2635 3350 :
2667 3288 2778 3361 Qui
2802 3289 3041 3369 negabit
3063 3289 3352 3369 quispiam
3378 3290 3637 3368 seipsum
3665 3285 3691 3349 ?

2054 3391 2152 3442 aut
2198 3378 2297 3459 qui
2350 3378 2639 3459 perditam
2686 3378 2940 3439 animam
2988 3396 3154 3442 suam
3204 3377 3419 3437 salvam
3473 3375 3692 3436 faciet?

2055 3468 2209 3548 quod
2240 3485 2374 3528 vero
2394 3467 2654 3538 illorum,
2675 3465 2844 3545 quiid
2874 3465 3550 3542 fecerint,condignum,
3578 3464 3697 3526 erit

2058 3556 2408 3637 praemium?
2451 3553 2523 3615 Ut
2562 3554 2739 3631 igitur
2784 3572 2817 3614 a
2848 3554 3062 3615 talibus
3085 3571 3187 3613 eos
3207 3561 3497 3613 averteret
3526 3553 3692 3631 cogi-

2059 3644 2401 3716 tatianibus,
2428 3651 2485 3703 et
2509 3643 2662 3703 velut
2691 3642 2962 3721 lingeret,
2999 3651 3175 3721 atque
3197 3642 3593 3703 conformaret
3621 3643 3695 3705 ad

2059 3731 2462 3793 fortitudinem
2494 3733 2814 3811 ;promittit
2844 3751 2907 3790 se
2941 3731 3115 3791 etiam
3145 3732 3335 3792 oculis
3356 3749 3559 3791 eorum
3592 3750 3694 3792 sa-

2060 3820 2453 3896 tisfacturum,
2505 3839 2572 3881 ac
2622 3828 3106 3893 monstraturum,
3159 3819 3302 3897 quid
3357 3818 3590 3880 tandem
3624 3820 3702 3882 sit

2062 3910 2250 3988 gloria
2272 3909 2395 3989 illa,
2420 3929 2553 3970 cum
2581 3927 2693 3989 qua
2734 3918 3012 3969 venturus
3045 3916 3154 3987 est,
3191 3916 3255 3968 ut
3288 3907 3349 3967 id
3376 3908 3464 3967 vel
3497 3907 3556 3967 in
3590 3910 3697 3969 hac

2062 3999 2178 4059 vita
2200 3998 2368 4059 farile
2387 4007 2877 4078 possentcapere,
2911 4015 3056 4056 neve
3073 4015 3260 4071 suam,
3293 3997 3439 4058 deve
3463 3997 3701 4058 Domini

341 4090 457 4146 σθαι
492 4101 507 4116 ⁸
540 4088 612 4149 ὡς
644 4084 700 4140 εὖ
727 4091 934 4164 χωροῦν
979 4084 1046 4151 ἦν
1094 4083 1275 4147 αὖτοῖς
1323 4084 1411 4138 καὶ
1467 4083 1598 4138 κατᾶ
1629 4083 1719 4138 τὸν
1749 4083 1961 4160 παρόντι

2067 4095 2316 4149 mortem
2337 4086 2622 4167 deinceps
2637 4104 2793 4164 aegre
2816 4085 3059 4145 ferrent.
3081 4084 3369 4156 Quocirca
3384 4085 3559 4146 etiam
3580 4088 3694 4147 ait:

344 4176 479 4252 βίον,
509 4173 603 4230 ἵνα
647 4174 784 4248 μήτε
828 4172 912 4228 ἐπὶ
955 4179 1031 4247 τῷ
1078 4169 1189 4245 ἰδίῳ
1232 4172 1437 4244 θανάτιμ
1489 4172 1624 4245 μήτε
1679 4169 1763 4226 ἐπὶ
1787 4178 1862 4245 τῷ
1891 4180 1984 4228 τοῦ

348 4264 615 4321 Δεσπότου
675 4260 863 4318 λοιπὸν
928 4260 1305 4341 δυσχεραίνωσι
1365 4278 1378 4291 ⁵

2069 4179 2251 4238 Amen
2272 4174 2603 4254 dicovobis,
2622 4183 2762 4236 sunt
2785 4173 3030 4252 quidam
3049 4173 3122 4235 de
3145 4172 3242 4234 hic
3258 4174 3576 4255 stantibus,
3599 4176 3707 4253 qui

1448 4256 1526 4314 διὸ
1595 4260 1682 4315 καί
1751 4281 1909 4339 φησιν

2072 4281 2191 4326 ηοη
2213 4265 2536 4344 gustabunt
2560 4271 2828 4337 mortem,
2859 4262 3041 4324 donec
3057 4262 3296 4324 videant
3318 4280 3571 4343 regnum
3593 4264 3701 4326 Dei

353 4374 378 4410 ι
415 4350 576 4428 Ἀμεν
607 4349 749 4428 λέγω
800 4351 933 4425 ἡμῖν
993 4348 1073 4405 ὅτι
1127 4349 1223 4404 εἱσί
1278 4369 1414 4412 τινες
1471 4352 1574 4404 τῶν
1623 4345 1722 4403 ὦδε
1754 4347 1961 4414 έστηκόι

2068 4354 2313 4415 veniens
2338 4355 2407 4415 in
2434 4353 2688 4426 virtute,

345 4462 473 4514 των,
548 4440 742 4502 ο’ίτινες
810 4440 869 4496 06
935 4439 1025 4519 pii
1109 4438 1383 4515 γεόσονται
1472 4437 1695 4493 θανάτου
1762 4435 1862 4501 ἕως
1953 4439 2016 4498 ἂν
2090 4441 2244 4499 ἴδωσι
2333 4443 2432 4509 τὴν
2520 4440 2792 4498 Βασιλείαν
2879 4449 2971 4499 τοῦ
3058 4449 3188 4500 Θεοῦ
3273 4440 3586 4508 ἐληλυθυῖαν
3655 4442 3707 4498 ἐν

346 4528 558 4603 δυνᾴμει
569 4576 582 4590 ,

360 4628 367 4635 '
433 4598 488 4674 *Ο
545 4614 597 4671 δὲ
651 4614 817 4695 λέγει,
875 4624 1104 4675 τοιοῦτον
1159 4632 1172 4647 ⁸
1235 4618 1341 4673 Ob):
1398 4615 1469 4677 εἰς
1528 4614 1730 4692 μακρὰν
1782 4614 1984 4690 ἀψευδῆ

347 4709 477 4782 ὑμῖν
545 4702 893 4769 καθυποδείξω
959 4705 1057 4771 τὴν
1116 4700 1288 4783 δόξαν,
1361 4702 1414 4758 ἐν
1481 4706 1518 4778 ᾗ
1583 4700 1864 4777 μέλλουσιν
1937 4706 1983 4761 οἱ

352 4794 541 4851 δίκαιοι
602 4791 829 4855 ἔσεσθαι.
892 4790 1226 4871 Βεϐαιότερον
1311 4788 1365 4845 δὲ
1418 4794 1584 4846 ποιῶν
1642 4792 1730 4847 τὸν
1800 4790 1985 4868 λόγον,

355 4884 454 4950 τὴν
522 4882 719 4951 συνήθη
782 4878 1059 4957 βεϐαίωσιν
1125 4880 1351 4936 τέθεικεν
1412 4895 1426 4909 °

356 4972 507 5047 ὑμῖν,
545 4991 572 5023 ι)
606 4967 634 5024 ὅ
663 4968 827 5040 ἐστιν,
861 4966 1100 5036 Ἀληθῶς
1130 4965 1272 5045 λέγω
1302 4969 1452 5042 ὁμϊν,
1480 4964 1558 5023 ὅτι
1584 4989 1611 5020 ο(
1638 4968 1747 5023 Εἰσί
1769 4984 1929 5031 τινες·
1961 4990 1989 5023 ι

359 5060 496 5122 τίνες
564 5060 703 5114 οὗτοι
738 5077 754 5138 ;

825 5058 1044 5137 Πέτρος,
1110 5057 1198 5114 καὶ
1253 5053 1524 5132 Ἰάκωϐος,
1578 5056 1666 5111 καὶ
1720 5053 1994 5123 Ἰωάννης.

2150 4616 2317 4689 Quod
2340 4635 2476 4678 vero
2494 4615 2658 4693 dicit,
2686 4616 3112 4697 ejusmodiest:
3138 4616 3267 4679 Non
3293 4618 3467 4698 longo
3489 4616 3709 4679 abhinc

2070 4714 2338 4787 tempore
2390 4714 2610 4767 certam
2663 4705 2828 4767 vobis
2870 4706 3296 4768 demonstrabo
3346 4706 3616 4786 gloriam,
3651 4706 3715 4767 in

2073 4814 2187 4876 qua
2210 4795 2355 4874 justi
2388 4804 2577 4857 erunt.
2614 4795 2699 4856 Ac
2730 4795 2916 4874 magis
2948 4796 3273 4856 orationem
3307 4795 3713 4878 confirmavit,

1507 4903 1531 4933 α
1608 4875 1781 4955 Ἀμὴν
1850 4878 1992 4958 λέγω
2077 4875 2749 4946 solita-confirmatione
2796 4883 3033 4945 addita:
3089 4886 3274 4946 Amen
3326 4885 3460 4947 dico
3501 4875 3715 4947 vobis}

2082 4974 2242 5051 quod
2264 4982 2373 5051 est,
2401 4976 2553 5036 Vere
2578 4973 2712 5035 dico
2733 4972 2900 5034 vobis
2928 4993 2941 5036 :
2975 4972 3139 5034 Sunt
3166 4974 3451 5052 quidam:
3475 4973 3714 5053 quinam

2083 5063 2181 5124 isti
2212 5062 2237 5126 ἵ
2268 5067 2475 5127 Petrus
2501 5072 2557 5125 et
2580 5062 2836 5126 Jacobus
2879 5070 2942 5124 et
2970 5062 3253 5124 Joannes.
3286 5060 3362 5123 Hi
3394 5063 3552 5124 enim
3603 5080 3723 5124 una

360 5148 521 5234 Οὗτοιῇ
584 5146 689 5234 γὰρ,
750 5144 1265 5225 συμπαρελήφθησαν
1351 5144 1438 5199 καὶ
1520 5142 1837 5211 συνανῆλθον
1923 5145 1961 5200 εἰ

2080 5153 2367 5233 assumpti
2390 5153 2650 5234 fuerunt,
2682 5168 2917 5230 unaque
2947 5150 3427 5212 ascenderuntin
3457 5160 3722 5213 montem

358 5236 420 5290 τὸ
487 5231 604 5321 ὅρος
676 5233 729 5292 ἐν
799 5239 867 5310 τῇ
920 5241 1010 5290 τοῦ
1065 5234 1276 5321 Κυρίου
1315 5232 1716 5321 μεταμορφώσει
1775 5232 1840 5299 ἦν
1910 5253 1961 5288 κς

2084 5239 2144 5301 in
2180 5231 2695 5321 transﬁguratione
2744 5237 3006 5318 Domini,
3057 5256 3230 5319 quam
3262 5240 3438 5302 etiam
3470 5257 3721 5320 regnum

363 5320 629 5400 βασιλείαν
701 5329 832 5379 Θεοῦ
899 5322 1142 5397 ὀνομάζει
1212 5316 1295 5375 διὰ
1379 5319 1476 5386 τὴν
1547 5330 1834 5387 τηνικαῦτα
1903 5324 1961 5384 τῆ

2085 5330 2196 5392 Dei
2213 5316 2502 5412 nominat,
2522 5328 2679 5411 quod
2693 5327 2898 5392 Deitas
2922 5316 3043 5390 tum
3074 5316 3408 5393 clarissime
3436 5316 3719 5407 eluceret,

446 5524 507 5577 ίθ
531 5524 732 5590 Matth.
762 5539 884 5607 XVI,
914 5522 1014 5588 28.
