4008 6114
367 224 525 289 1283

1442 227 1500 289 J.
1546 226 1940 291 XIPHILINI
1980 227 2095 292 GP.
2140 224 2653 293 PATRIARCHE

3578 228 3717 294 1284

360 355 779 438 videreturque
807 356 1015 436 gloria,
1040 357 1103 418 in
1132 374 1247 438 qua
1276 364 1335 418 et
1362 356 1491 438 ipse
1518 357 1810 419 videndus
1840 367 2001 422 esset

2091 360 2337 428 θεότητος
2384 358 2672 436 ἔλλαμψιν,
2716 362 2805 419 καὶ
2863 362 2963 429 τὴν
3028 360 3148 418 θέαν
3208 366 3309 429 τῆς
3351 360 3532 442 δόξης,
3577 360 3627 417 ἒν
3673 364 3706 429 ἦ

365 446 631 527 perillud
649 455 904 525 tempus,
929 464 1045 526 quo
1067 445 1376 507 illucescet
1398 446 1769 510 mortalibus.
1792 445 2007 511 Veniet

365 534 523 597 enim
555 534 616 594 in
643 534 827 611 gloria
859 535 987 609 Dei,
1041 542 1100 595 et
1140 532 1352 610 Patris,
1404 553 1524 595 non
1577 535 1639 595 in
1671 536 2006 599 humilitate

362 630 584 685 nostra.
618 621 821 703 Neque
844 641 981 684 vero
1032 622 1166 683 ideo
1209 631 1433 685 tantum
1474 641 1721 701 regnum
1757 623 1861 685 Dei
1892 644 2005 685 no—

365 710 1195 792 minatTransﬁgurationem,
1218 729 1421 771 verum
1442 711 1619 773 etiam
1643 713 1800 792 quod
1824 713 2009 792 ﬁgura

362 800 440 862 sit
469 802 680 862 futurae
708 799 931 879 gloriae,
981 818 1155 880 quam
1205 810 1648 880 consequentur
1692 800 1795 880 qui
1821 802 2004 863 vitam

361 909 431 954 ea
459 890 696 969 dignam
729 888 1020 950 duxerint.
1076 886 1154 951 Ut
1201 888 1362 950 enim
1409 889 1469 950 in
1502 889 1611 950 hac
1643 889 1802 951 l‘ulsit
1828 889 2006 953 Jesus

361 979 634 1047 miriﬁce,
670 977 757 1039 sic
785 994 890 1057 pro
923 977 1198 1058 portione
1227 985 1349 1038 tum
1367 977 1513 1057 justi
1535 977 1868 1058 fulgebunt.
1894 979 2009 1041 No-

358 1070 521 1131 mina
544 1078 739 1130 tamcn
771 1085 841 1127 ea
871 1067 945 1128 de
975 1086 1155 1128 causa
1191 1086 1309 1128 non
1341 1068 1655 1147 expressit,
1693 1070 1799 1131 sed
1828 1069 2007 1132 inde-

362 1158 527 1219 ﬁnite
547 1157 730 1217 dixit:
771 1154 1174 1236 Suntquidam
1205 1177 1216 1214 :
1252 1174 1327 1216 ne
1357 1159 1501 1236 quid
1535 1160 1859 1219 humanum
1894 1177 2004 1239 pa-

361 1254 633 1309 terentur
651 1245 853 1307 caateri
875 1244 1151 1324 discipuli
1164 1244 1422 1307 .Etenim
1440 1246 1827 1309 vehementer
1842 1249 2009 1327 cupi-

360 1334 587 1396 vissent
614 1334 791 1395 etiam
822 1332 1036 1413 reliqui
1067 1333 1259 1414 sequi,
1293 1333 1598 1414 exemplar
1619 1334 1823 1414 gloria;
1844 1336 2007 1398 illius

359 1422 562 1497 visuri,
587 1431 646 1484 et
675 1431 951 1501 tanquam
980 1421 1248 1497 despecti
1279 1420 1637 1485 doluissent.
1684 1422 1811 1486 Etsi
1842 1424 2004 1486 enim

360 1511 536 1572 modo
560 1508 811 1591 quodam
835 1509 1131 1588 corporali
1153 1508 1465 1589 discipulis
1484 1510 1542 1570 in
1566 1520 1768 1573 monte
1797 1522 2006 1574 osten--

2085 451 2175 507 καὶ
2243 452 2398 513 αὐτὸς
2462 451 2748 529 ὀφθήσεται
2807 448 2939 546 atat;
2982 450 3182 508 ἐκεῖνον
3230 452 3435 530 καιρὸν,
3496 448 3609 506 καθ’
3660 451 3709 505 ὃν

2086 538 2378 613 ξπιλάμψει
2425 551 2541 602 τοῖς
2592 538 2677 595 ἐπὶ
2725 543 2850 615 γῆς.
2912 537 3049 605 Ἠξει
3095 540 3194 617 γὰρ
3243 538 3296 595 ἐν
3324 537 3449 615 δόξῃ
3478 545 3571 594 τοῦ
3597 544 3710 595 Θεοῦ

2085 631 2173 684 καὶ
2202 629 2431 707 Πατρὸς,
2486 628 2575 685 καὶ
2627 631 2723 687 οὒκ
2776 627 2830 684 ἐν
2881 641 3270 707 σμικροπρεπεϊ
3309 634 3379 703 τῇ
3404 625 3526 683 καθ’

2087 720 2160 775 Οὐ
2189 716 2349 792 μόνον
2379 715 2435 772 δὲ
2489 714 2572 772 διὰ
2621 723 2777 773 τοῦτο
2831 716 3098 793 βασιλείαν
3149 724 3279 774 Θεοῦ
3321 717 3576 792 ὀναμάζει
3629 715 3715 781 τὴν

2088 804 2543 885 μεταμόρφωσινς
2619 804 2756 865 ἀλλᾶ
2809 807 2899 863 καὶ
2954 804 3039 863 διὰ
3091 807 3152 862 τὸ
3206 806 3374 862 τύπον
3427 806 3578 860 εἶναι
3629 809 3715 870 τῆς

2087 892 2385 968 μελλούσης
2455 891 2609 961 δόξης
2697 898 2763 963 ἧς
2853 894 3332 965 καταξιωθήσονται
3415 897 3467 949 οἱ
3540 894 3719 956 ταύτης

2089 982 2245 1048 ἀξίως
2306 981 2765 1058 πολιτευσάμενοι,
2823 968 3015 1063 εὨσπερ
3064 985 3165 1063 γὰρ
3210 983 3266 1040 ἒν
3310 984 3482 1059 ταύτῇ
3539 981 3716 1059 ’ἐστρα-

2091 1075 2189 1146 ψεν
2238 1073 2266 1128 ὁ
2314 1068 2517 1138 Ἰησοῦς
2572 1070 2897 1152 παραδόξως,
2957 1071 3123 1136 οὕτως
3180 1072 3462 1150 ἀναλόγως
3513 1072 3631 1127 τότε
3680 1071 3721 1123 οἱ

2086 1157 2275 1216 δίκαιοι
2304 1157 2595 1234 λάμψουσι.
2658 1160 2756 1216 Διὰ
2804 1170 2960 1219 τοῦτο
3016 1157 3072 1215 δὲ
3127 1161 3205 1234 μὴ
3259 1162 3348 1216 καὶ
3399 1161 3472 1217 τὰ
3502 1159 3726 1232 ὀνόματα

2086 1250 2264 1329 εἶπεν,
2323 1246 2444 1304 ἀλλ’
2498 1247 2753 1327 ἀορίστως
2795 1249 3023 1305 τέθεικεν
3078 1249 3241 1305 εἰπών
3274 1267 3288 1281 ·
3346 1248 3463 1306 Εἰσί
3520 1268 3661 1308 τινες
3708 1261 3722 1274 ·

2084 1337 2179 1394 ἵνα
2250 1335 2415 1413 μηδὲν
2469 1338 2704 1394 πάθωσιν
2757 1337 3079 1416 ἀνθρώπινον
3134 1339 3183 1392 οἱ
3236 1334 3411 1394 λοιποὶ
3474 1339 3726 1411 μαθηται,

2088 1430 2187 1487 Καὶ
2255 1428 2356 1506 γὰρ
2425 1425 2619 1507 σφόδρα
2688 1427 2750 1485 ἂν
2835 1428 3171 1502 ἐπεθύμησαν
3263 1428 3351 1483 καὶ
3442 1429 3496 1483 οἱ
3564 1425 3729 1482 λοιποὶ

2087 1516 2433 1596 ἂκολοθῆσαι,
2506 1514 2795 1595 ὗπύδειγπα
2862 1515 3144 1592 μέλλοντες
3219 1521 3320 1583 τῆς
3377 1513 3541 1581 δύξης
3598 1514 3731 1570 ὲκεί-

359 1600 625 1673 deretur,
661 1616 933 1676 magnum
962 1607 1160 1658 tamen
1182 1616 1278 1659 res
1292 1617 1359 1658 ea
1379 1599 1741 1662 desiderium
1771 1601 2009 1663 habuis-

2091 1628 2183 1673 νης
2213 1609 2361 1685 ὁρᾷν,
2404 1606 2491 1662 καὶ
2545 1607 2617 1669 ὡς
2668 1606 3020 1685 παροφθέντες
3080 1602 3348 1683 ἤλγησαν,
3407 1606 3472 1661 Εἰ
3523 1604 3626 1681 γὰρ
3652 1602 3733 1656 καὶ

362 1696 473 1750 set.
494 1687 566 1749 At
587 1704 693 1746 cur
713 1685 948 1746 tandem
980 1685 1290 1765 praedicit?
1314 1684 1389 1748 Ut
1420 1689 1871 1753 vehementiore
1902 1691 1999 1752 in-

2091 1693 2526 1770 σωματικώτερον
2573 1694 2638 1748 τὰ
2688 1693 2743 1749 ἐν
2798 1700 2876 1768 τῷ
2929 1693 3036 1772 ὄρει
3095 1705 3213 1755 τοῖς
3273 1696 3554 1768 μαθηταῖς
3610 1689 3732 1745 ἒπε-

361 1782 525 1837 terea
544 1772 843 1836 desiderio
860 1773 1238 1848 inﬂammati,
1260 1774 1335 1835 ita
1353 1794 1470 1836 non
1495 1775 1782 1857 dissipato
1802 1778 2000 1839 animo

358 1863 739 1925 interessent.
762 1862 920 1925 Sunt
943 1866 1153 1944 igitur,
1179 1866 1391 1944 inquit,
1418 1866 1703 1945 quidam:
1729 1867 1933 1929 l’etrus
1945 1875 2003 1929 et

356 1953 613 2014 Iacobus
662 1959 721 2013 et
761 1950 1046 2028 Joannes,
1097 1951 1201 2032 qui
1255 1971 1374 2014 non
1427 1953 1592 2034 prius
1642 1957 1996 2029 morientur,

360 2059 537 2123 quam
556 2040 811 2115 videant,
838 2040 898 2101 in
930 2040 1262 2119 cujusmodi
1291 2042 1480 2119 gloria
1512 2043 1693 2106 futuri
1734 2048 1871 2119 sint,
1904 2045 2007 2126 qui

361 2148 457 2191 me
492 2129 869 2208 conﬁtentur,
903 2128 1085 2208 idque
1124 2137 1392 2210 tempore
1421 2130 2005 2211 Transﬁgurationis.

358 2217 426 2281 In
452 2218 665 2279 virtute
687 2236 816 2279 eam
868 2226 1181 2279 venturam
1224 2219 1328 2293 ait,
1378 2218 1437 2279 id
1479 2230 1591 2295 est,
1626 2241 1744 2283 non
1774 2226 1837 2284 in
1863 2223 2010 2285 aani-

359 2318 578 2387 gmate.
612 2325 804 2389 neque
832 2306 893 2368 in
922 2306 1153 2368 umbris
1180 2315 1242 2369 et
1273 2310 1476 2386 ﬁguris
1506 2328 1615 2391 per
1643 2313 1885 2392 angelos
1912 2311 2014 2374 aut

358 2397 748 2474 archangelos
777 2394 1247 2474 signiﬁcandam,
1283 2398 1388 2459 sed
1435 2397 1496 2459 in
1531 2400 1750 2482 Verbo,
1783 2403 1878 2464 cui
1908 2420 2015 2483 par

361 2504 496 2548 cum
525 2490 700 2549 Patre
719 2485 1005 2565 potentia.
1027 2485 1142 2547 Aut
1165 2485 1226 2547 in
1262 2487 1511 2559 virtute,
1535 2488 1649 2551 hoc
1679 2499 1791 2565 est,
1817 2510 2010 2573 quan-

362 2581 486 2637 tum
534 2579 721 2636 virtus
775 2592 981 2635 eorum
1027 2573 1203 2654 capit.
1262 2574 1377 2636 Aut
1425 2578 1707 2656 quoniam
1738 2581 2009 2643 maximae

360 2663 623 2745 profecto
652 2671 780 2725 erat
800 2662 1054 2744 virtutis,
1093 2662 1434 2726 hominibus
1477 2676 1804 2746 corporeet
1828 2687 2010 2733 carne

359 2752 608 2828 vestitis,
631 2753 808 2813 talem
826 2753 1237 2814 demonstrare
1250 2752 1499 2831 gloriam
1516 2766 1576 2819 et
1591 2756 2003 2837 splendorem:

359 2840 585 2903 idcirco
607 2840 785 2902 dixit:
818 2839 891 2901 In
912 2843 1155 2904 virtute.
1199 2843 1313 2903 Aut
1353 2842 1553 2917 etiam,
1588 2845 1727 2926 quia
1753 2866 1859 2909 sua
1886 2851 2009 2909 vir-

360 2935 484 2990 tute
516 2946 646 2990 eam
679 2930 1194 2990 demonstraturus
1245 2939 1396 3005 erat,
1448 2950 1566 2993 non
1596 2934 1789 2995 aliena
1825 2954 1841 3010 ;
1875 2954 2008 2999 cum

361 3025 676 3099 potestate,
693 3035 811 3078 non
827 3016 994 3097 quasi
1006 3035 1116 3097 per
1130 2999 1640 3099 participationem
1654 2999 2003 3104 quamdam;
2026 2999 2069 3061 Ο

364 3124 494 3168 eam
521 3107 596 3167 ob
631 3124 757 3166 rem
787 3105 1026 3186 adjecit,
1059 3107 1132 3169 In
1160 3108 1410 3171 virtute.

2082 1780 2337 1863 δείκνυτο,
2411 1778 2530 1837 ἀλλ’
2600 1780 2746 1857 ὅμως
2804 1780 3012 1849 πολλὴν
3067 1780 3459 1863 ἐπιθυμίαν-τὸ
3518 1786 3735 1859 πρᾶγμα

2084 1850 2361 1950 ἐκέκτητό,
2420 1867 2587 1926 Ἀλλὰ
2634 1850 2690 1926 τί
2743 1868 2944 1940 δήπατε
2997 1850 3292 1948 προλέγείς
3352 1850 3456 1926 εἱνα

2085 1959 2238 2039 τέρας
2310 1960 2365 2016 ἐν
2419 1966 2495 2034 τῷ
2574 1956 2765 2034 μεταξὺ
2831 1962 2931 2025 τῆς
2999 1958 3270 2033 ἐπιθυμίας
3340 1955 3734 2032 ἐμπλησθέντες

2087 2048 2247 2127 οὕτω,
2275 2050 2370 2129 μδ,
2403 2050 2480 2124 μὴ
2511 2045 2902 2127 μερμερισμὲνῃ
2949 2052 3017 2123 τῇ
3064 2045 3265 2118 διανοίᾳ
3304 2045 3734 2124 παραγένωνται.

2097 2159 2121 2193 ι
2159 2139 2299 2194 Εἰσὶν
2328 2137 2439 2209 οὖν,
2479 2160 2501 2195 ι
2539 2138 2691 2218 φησὶ,
2730 2159 2757 2190 ι
2790 2136 2926 2199 τινες
2974 2159 3003 2191 ι
3063 2150 3079 2165 ⁸
3135 2134 3331 2214 Πέτρος
3360 2136 3449 2191 καὶ
3485 2129 3736 2193 Ἰάκωϐος

2091 2228 2180 2283 καὶ
2209 2223 2484 2307 Ἰωάννης,
2514 2226 2710 2287 οῗτινες
2737 2228 2802 2301 ⁵οὔ
2846 2224 2923 2298 μὴ
2964 2225 3241 2305 φθάσουσιν
3290 2224 3612 2300 ἀποθανεῖν,
3642 2220 3739 2282 ἕως

2094 2313 2155 2371 ἂν
2186 2313 2371 2371 ἴδωσιν
2400 2315 2451 2373 ἒν
2471 2318 2596 2389 ποίᾳ
2623 2313 2746 2391 δόξῃ
2796 2313 2999 2370 ἔσονται
3048 2316 3096 2370 οἱ
3138 2311 3233 2387 ἐμὲ
3279 2310 3676 2389 ὁμολογοῦντες
3720 2325 3735 2338 ·

2092 2402 2248 2460 ἴδωσι
2296 2402 2352 2461 δὲ
2408 2414 2562 2465 τοῦτο
2617 2405 2672 2460 ἐν
2727 2410 2803 2479 τῷ
2859 2408 3026 2482 καιρῷ
3078 2406 3178 2469 τῆς
3231 2399 3737 2479 Μεταμορφώσεως.

2094 2514 2125 2556 (
2161 2492 2247 2552 Ἐν
2277 2493 2487 2571 δυνάμει
2539 2519 2569 2552 ι
2620 2493 2923 2562 ἐληλυθέναι
2963 2495 3158 2560 ταύτην
3203 2493 3385 2572 φησὶν,
3444 2491 3565 2546 ἀντὶ
3626 2498 3736 2569 τοῦ,

2091 2589 2185 2644 οὒκ
2211 2584 2264 2642 ἐν
2290 2585 2578 2664 αἰνίγματι,
2636 2582 2752 2644 οὐδὲ
2806 2584 2861 2640 ἐν
2914 2595 3092 2645 σκιαῖς
3153 2582 3241 2639 καὶ
3298 2580 3482 2643 τύποις
3536 2577 3607 2636 δι’
3637 2579 3740 2656 ἆγ-

2091 2673 2263 2752 γὲλων
2318 2674 2354 2742 ἢ
2409 2671 2759 2754 ἀρχαγγέλων
2817 2670 3177 2747 μηνυομένην,
3225 2666 3344 2725 ἀλλ’
3397 2668 3451 2725 ὲν
3495 2666 3740 2729 idos-avi-

2092 2784 2178 2837 μῳ
2210 2769 2286 2837 τῷ
2316 2764 2477 2842 Πατρῖ
2505 2763 2662 2839 Λύγῷ
2696 2776 2709 2790 ⁸
2764 2761 2799 2829 ἢ
2843 2759 2954 2816 ἀντὶ
3000 2768 3114 2831 τοῦ,
3164 2757 3389 2814 καθόσον
3448 2779 3474 2811 σ
3509 2759 3548 2824 ἡ
3582 2754 3741 2812 δύνα-

2093 2872 2182 2927 μις
2219 2873 2242 2908 ι
2279 2855 2448 2909 αὐτῶν
2507 2849 2748 2930 ἐγχωρεῖ
2781 2868 2792 2881 ’
2856 2847 2892 2915 ἢ
2948 2844 3129 2913 ἐπειδὴ
3189 2847 3444 2923 μεγίστης
3474 2842 3650 2907 ὅντως
3678 2843 3740 2911 ἦν

2091 2937 2360 3013 δυνάμεως
2406 2939 2467 2994 τὸ
2508 2951 2626 3001 τοῖς
2683 2936 2736 2994 ἐν
2793 2935 3002 3011 σώμασι
3059 2936 3146 2990 καὶ
3201 2934 3366 3012 σάρκα
3420 2931 3744 3012 περικειμέο

2088 3048 2197 3091 νοις
2228 3026 2328 3093 τὴν
2385 3026 2635 3093 τοιαύτην
2676 3022 2928 3088 ἐπιδεῖξαι
2976 3020 3126 3088 δόξαν
3172 3043 3231 3078 τε
3276 3023 3365 3100 καὶ
3410 3019 3740 3100 λαμπρότη-

2087 3137 2152 3172 τα
2186 3130 2199 3144 ⁸
2241 3092 2324 3172 διᾶ
2350 3124 2502 3174 τοῦτο
2533 3112 2633 3193 ἔφη
2681 3114 2742 3170 τό
2798 3135 2826 3167 α
2880 3111 2933 3168 ἒν
2980 3108 3217 3184 δυνάμει.
3252 3133 3280 3166 ι
3320 3092 3379 3168 Ἡ
3529 3092 3648 3165 ἐπεὶ
3677 3112 3742 3182 τῇ

363 3197 529 3268 οἰκείᾳ
597 3193 810 3271 δυνάμει
883 3193 1101 3284 ἔμελλεν
1169 3193 1424 3260 ἐπιδεῖξαι
1492 3200 1688 3267 ταύτην
1764 3204 1851 3259 καὶ
1908 3208 2002 3264 οὒκ
2057 3202 2327 3284 ἀλλοτρίᾳ,
2396 3204 2484 3261 καὶ
2554 3202 2990 3280 ἐξουσιαστικῶς,
3056 3196 3175 3255 ἀλλ’
3244 3198 3303 3253 οὗ
3375 3201 3690 3277 μετοχικῶς
3723 3210 3737 3223 ·

360 3284 547 3341 τούτου
575 3283 733 3363 χάριν
763 3286 824 3340 τὸ
854 3308 878 3340 ιι
913 3284 966 3340 ὲν
997 3281 1209 3359 δυνάμει
1245 3307 1269 3341 ι
1313 3287 1658 3362 προσέθηκεν.

441 3450 518 3514 Ut
563 3451 741 3531 igitur
787 3450 1190 3534 conﬁrmaret,
1262 3470 1602 3517 Sermonem
1658 3474 1830 3519 suum
1886 3477 2009 3522 non
2075 3520 2077 3522 .

2178 3443 2276 3522 είνα
2306 3463 2476 3521 τοίνυν
2504 3460 2834 3533 πιστώσηται
2886 3460 2959 3527 ὡς
3009 3457 3070 3514 οὔ
3125 3456 3335 3531 κόμπος
3386 3456 3482 3511 εἶσὶ
3508 3455 3577 3511 τὰ
3608 3450 3733 3533 παρ’

359 3541 527 3603 inani
556 3545 802 3621 strepitu
850 3540 1167 3605 verborum
1218 3551 1277 3603 et
1325 3545 1865 3626 grandiloquentia,
1897 3548 2003 3611 sed

2091 3556 2244 3612 αὐτοῦ
2271 3552 2554 3630 λεγόμενα,
2595 3547 2713 3605 ἀλλ’
2762 3547 3003 3621 ἀλήθεια,
3058 3546 3146 3602 καὶ
3204 3543 3291 3630 ὅτι
3348 3544 3568 3610 καὶτῆς
3618 3564 3735 3598 τοι-

359 3631 608 3692 veritate
625 3630 965 3702 subnixum,
992 3650 1216 3712 eosque
1240 3633 1370 3693 talis
1392 3634 1594 3711 gloriae
1624 3636 1820 3698 socios
1852 3638 1999 3714 fore,

2091 3641 2249 3708 αὒτης
2305 3640 2458 3708 δόξης
2527 3660 2771 3695 κοινωνοι
2826 3634 3057 3709 ἔσονται,
3113 3629 3471 3709 λαμϐάνοντες
3526 3631 3580 3698 ἐξ
3638 3633 3733 3687 αὖ·-

362 3719 859 3801 quemadmodum
895 3720 1283 3800 promisisset,
1337 3730 1701 3802 spectatores
1749 3744 1852 3787 eos
1876 3727 2001 3806 jam

2091 3739 2176 3789 τοῦ
2251 3730 2394 3808 τὴν..
2415 3728 2728 3808 ὑπόσχεσιν,
2799 3725 3024 3804 θεωροὺς
3091 3721 3323 3778 ἐντεῦθεν
3377 3721 3567 3785 αὐτοὺς
3632 3740 3733 3776 πε-

360 3793 503 3871 inde
535 3808 697 3872 fecit.
725 3811 853 3869 Jam
875 3793 1048 3870 vero:
1084 3793 1606 3893 Videantiinquit,
1638 3833 1782 3893 non,
1807 3793 1998 3877 Parti—

2091 3820 2325 3885 ποίηκεν,
2368 3793 2511 3872 ’,δωσι
2557 3793 2648 3888 δὲ,
2708 3816 2854 3890 εἷπε,
2913 3814 3002 3868 καὶ
3051 3813 3111 3868 οὗ
3168 3811 3504 3889 μετάσχωσι,
3559 3807 3729 3893 δηλῷν

363 3896 597 3977 cipent:
648 3907 711 3959 ut
762 3897 987 3959 indicet
1030 3900 1125 3960 hic
1167 3915 1297 3960 eam
1352 3887 1835 3977 tantum'videri,
1890 3923 2009 3966 non

2092 3906 2172 3963 ὅτι
2229 3906 2351 3982 ὄψις
2409 3906 2547 3983 μόνῃ
2602 3887 2845 3961 ἐνταῦθα⁷
2873 3899 3086 3971 δίδοται,
3148 3900 3236 3955 καὶ
3271 3887 3620 3977 οὖημετοχή.
3673 3887 3734 3951 Ἦ

362 3984 728 4066 participari.
789 3984 933 4047 Nam
994 3987 1125 4066 ejus
1181 3986 1378 4048 fruitio
1440 3987 1501 4049 in
1543 3989 1728 4051 altero
1788 3992 2009 4054 Christi

2093 3993 2148 4051 δὲ
2215 3996 2412 4062 ταύτης
2467 3991 2754 4057 ἀπόλαυσις
2818 3992 2873 4048 ὲν
2937 3995 3007 4066 τῇ
3069 3987 3279 4067 δευτέρᾳ
3347 3997 3440 4046 τοῦ
3513 3991 3733 4066 Χριστοῦ

361 4073 614 4164 adventu
645 4072 899 4164 dabitur.
920 4074 1102 4137 Recte
1120 4075 1297 4137 etiam
1319 4074 1500 4139 dixit:
1545 4077 1629 4138 De
1655 4081 1755 4141 hic
1782 4087 2009 4144 stanti-

2092 4085 2349 4164 παρουσίᾳ
2377 4080 2672 4153 δοθήσεται,
2729 4078 2916 4142 Καλῶς
2964 4075 3017 4133 δὲ
3068 4077 3193 4133 εἶπε
3250 4082 3427 4164 «ιτῶν
3453 4073 3557 4164 ὦδε
3583 4076 3730 4164 ἐστη-

365 4161 507 4224 bus:
547 4162 619 4224 ad
659 4163 867 4225 ludam
907 4164 1198 4226 alludens.
1242 4165 1425 4228 Judas
1454 4167 1676 4247 quippe
1700 4186 1817 4230 non
1851 4170 2009 4232 stetit

2091 4154 2260 4229 κότων
2296 4154 2338 4227 »τ
2383 4189 2398 4206 ⁸
2447 4172 2539 4227 τὸν
2592 4167 2786 4227 Ἰούδαν
2843 4165 3223 4242 αἰνιττόμενος.
3287 4154 3345 4222 (Ο
3400 4165 3501 4242 γὰρ
3542 4160 3731 4223 Ἰούδας

360 4249 568 4342 ﬁrmus
592 4268 605 4314 :
633 4259 808 4333 atque
828 4252 901 4314 ad
927 4256 1203 4342 eumdem
1226 4254 1427 4316 retulit
1448 4255 1696 4319 fortasse
1727 4266 1785 4318 et
1813 4257 1960 4319 illud
1992 4280 2007 4334 ;

2091 4266 2195 4342 οὐχ
2219 4261 2411 4317 ’ίστατο
2441 4256 2674 4339 ἑϐρατος,
2707 4258 2795 4314 καὶ
2822 4257 2883 4311 τὸ
2914 4272 2928 4286 ’
2990 4276 3014 4312 α
3079 4254 3150 4312 0-3
3204 4253 3311 4329 μὴν
3341 4254 3618 4342 γεύσονται
3645 4255 3731 4308 θα-

360 4339 496 4429 Non
516 4342 838 4429 gustabunt
859 4353 1127 4405 mortem.
1156 4341 1262 4404 Ille
1293 4344 1452 4405 enim
1483 4353 1732 4406 mortem
1761 4347 2009 4423 gustavit

2094 4339 2273 4429 νάτου,
2312 4371 2336 4404 ιι
2371 4348 2513 4427 τάχα
2577 4349 2707 4426 πρὸς
2764 4344 2966 4402 ἐκεῖνον
3024 4342 3318 4405 ἀπέτεινεν,
3370 4340 3612 4405 Ἐκεῖνος
3639 4341 3730 4419 γὰρ

361 4428 598 4523 animae.
653 4427 975 4490 Considera
1028 4440 1317 4509 praeterea
1374 4436 1485 4494 hoc
1542 4451 1799 4514 quoque.
1865 4434 2009 4497 Cum

2091 4427 2312 4494 θανάτου
2368 4434 2609 4491 ὲθεύσατο
2662 4439 2754 4490 τοῦ
2802 4437 2902 4500 τῆς
2959 4435 3165 4523 ψὲχῆς.
3196 4432 3298 4513 ,Σὺ
3354 4429 3409 4486 δὲ
3453 4432 3541 4487 καὶ
3586 4438 3729 4487 τοῦτο

363 4517 648 4580 dixisset:
708 4520 828 4593 Qui
854 4522 986 4579 vult
1014 4523 1285 4582 animam
1316 4538 1491 4583 suam
1521 4524 1753 4583 salvam
1785 4523 2009 4600 facere,

2094 4524 2280 4581 σκόπει
2314 4539 2328 4555 ⁶
2388 4524 2505 4587 πῶς
2561 4522 2722 4579 εἰπὼν
2780 4519 2860 4577 ὅτι
2925 4542 2954 4575 σ
3010 4515 3104 4580 ”Ος
3162 4515 3224 4574 ἂν
3269 4516 3397 4594 θέλῃ
3427 4518 3614 4596 ψυχὴν
3641 4517 3725 4571 αὖε

356 4608 577 4690 perdet
588 4624 725 4670 eam
744 4624 761 4661 :
779 4609 886 4689 qui
902 4616 1101 4670 autem
1122 4609 1484 4687 perdiderit,
1511 4612 1565 4673 is
1585 4610 1819 4673 salvam
1831 4613 2009 4690 faciet

2093 4624 2186 4673 τοῦ
2253 4618 2442 4693 σῶσαι,
2515 4609 2762 4669 ἀπολέσει
2832 4610 2992 4669 αὐτὴν
3047 4623 3060 4637 ”
3142 4607 3201 4670 ὃς
3257 4604 3302 4661 δ’
3356 4605 3418 4661 ἂν
3445 4640 3448 4643 ~
3472 4604 3721 4679 ἀπολέσῃ,

362 4696 566 4761 eam”
594 4715 610 4775 ;
655 4708 832 4778 atque
870 4697 981 4757 hac
1024 4697 1290 4760 oratione
1322 4717 1573 4778 regnum
1604 4701 1889 4762 caelorum
1921 4701 2009 4762 si-

2095 4704 2247 4765 οὗτος
2304 4701 2462 4757 σώσει
2517 4699 2678 4768 αὒτήν
2738 4720 2767 4753 ι
2820 4714 2840 4733 ⁸
2897 4697 2987 4752 καὶ
3030 4701 3107 4769 τῷ
3163 4703 3329 4753 ταῦτα
3385 4695 3581 4767 εἰπεῖν,
3638 4694 3728 4757 τὴν

361 4786 727 4867 gniﬁcasset,
753 4797 811 4849 et
826 4786 1180 4866 gehennam:
1196 4805 1445 4868 regnum
1467 4790 1708 4870 quidem
1722 4790 2009 4852 caelorum

2092 4789 2361 4867 βασιλείαν
2418 4795 2523 4845 τῶν
2588 4789 2818 4867 οὐρανῶν
2871 4782 3136 4857 δηλώσας,
3199 4785 3288 4839 καὶ
3343 4782 3440 4849 τὴν
3497 4781 3725 4859 γέενναν,

361 4866 583 4937 visione
599 4876 943 4949 declaravit,
961 4866 1295 4953 gehennam
1309 4895 1445 4939 vero
1473 4866 1590 4940 non
1617 4879 1784 4941 item.
1821 4880 2009 4953 Quam

2091 4866 2190 4944 τὴν
2222 4877 2316 4952 μὲν
2365 4866 2657 4953 βασιλείαν
2690 4879 2758 4951 τῇ
2815 4869 2934 4948 ὄψει
2995 4869 3241 4944 δείκνυσι,
3298 4874 3396 4936 τὴν
3438 4866 3493 4924 δὲ
3525 4869 3729 4946 γέενναν

363 4964 439 5029 ob
470 4969 750 5027 causam?
794 4967 1073 5046 quoniam
1108 4966 1205 5027 alii
1240 4966 1482 5047 quidam
1516 4977 1685 5029 erant
1711 4968 2007 5044 rudiores,

362 5054 771 5117 necessarium
817 5055 875 5116 id
927 5063 1074 5118 erat.
1123 5054 1272 5127 Quia
1321 5073 1458 5117 vero
1516 5056 1689 5136 probi
1747 5059 2010 5139 bonique

364 5150 536 5205 erant
585 5142 836 5223 (idcirco
874 5143 1035 5205 enim
1081 5153 1139 5206 et
1168 5154 1287 5206 tres
1320 5151 1544 5206 tantum
1573 5148 1915 5228 assumpsit,
1950 5155 2013 5208 ut

364 5230 593 5294 caeteris
620 5230 1033 5313 perfectiores)
1052 5231 1415 5313 benignitate
1432 5242 1487 5294 et
1505 5251 1609 5315 spe
1628 5234 2010 5316 praemiorum

365 5337 470 5384 eos
528 5319 758 5382 inducit
810 5323 1030 5402 potius,
1093 5340 1269 5404 quam
1318 5322 1635 5389 severitate
1682 5330 1743 5387 et
1793 5322 2011 5389 timore

444 5495 502 5546 1⁸⁷
531 5495 740 5569 Matth.
770 5513 892 5578 ινι,
928 5498 1028 5565 25.

2092 4970 2186 5026 οὒκ
2213 4963 2312 5026 ἔτι.
2345 4966 2494 5029 Τίνος
2551 4964 2761 5044 χάρινς
2820 4961 2900 5017 ὅτι
2964 4964 3011 5017 οἱ
3068 4961 3163 5036 μὲν
3221 4957 3372 5016 ἄλλοι
3420 4957 3561 5022 τινὲς
3610 4958 3731 5025 ἦσαν

2092 5054 2409 5135 παχύτεροι,
2444 5054 2735 5131 ἀναγκαῖον
2788 5057 2944 5108 τοῦτο
2997 5049 3087 5123 ἦν,
3148 5045 3329 5115 ἐπειδὴ
3390 5044 3446 5102 δὲ
3475 5044 3731 5120 εὐδόκιμοι

2093 5145 2179 5200 καὶ
2247 5142 2573 5221 εὗγνώμονες
2622 5160 2640 5177 ·
2710 5138 2819 5219 (διὰ
2886 5138 2986 5218 γάρ
3050 5142 3205 5195 τοῦτο
3275 5136 3363 5193 καὶ
3420 5157 3543 5200 τους
3602 5145 3732 5214 τρεῖς

2094 5234 2284 5309 μόνους
2314 5229 2606 5312 παρέλαϐεν
2661 5232 2734 5293 ὣς
2789 5233 2895 5284 τῶν
2949 5225 3125 5285 ἄλλων
3179 5224 3592 5312 τελειοτέρους),

2091 5308 2196 5380 τῶν
2265 5308 2639 5403 χρηστοτέρων
2704 5317 2893 5383 αὐτοὺς
2947 5314 3143 5396 ἐνάγει,
3208 5314 3282 5374 Οὔ
3339 5311 3424 5371 διὰ
3478 5324 3637 5375 τοῦτο
3687 5308 3734 5367 δὲ
