4008 6114
240 253 396 320 1285

1705 255 2135 323 ORATIONES

3456 259 3609 328 1286

247 389 411 477 μόνον
440 392 540 458 τὴν
566 390 832 468 βασιλείαν
885 389 1090 470 ἔδειξεν,
1142 389 1260 449 ἀλλ’
1309 390 1389 449 ὅτι
1445 394 1532 449 καὶ
1561 395 1702 466 αὐτῷ
1731 398 1885 451 τοῦτο

1979 408 2297 471 poenarum.
2341 391 2549 472 Neque
2588 410 2733 455 vero
2760 392 2873 455 hac
2910 412 3029 456 una
3062 394 3137 457 de
3154 415 3330 459 causa
3354 415 3609 477 regnum

240 476 447 550 μᾶλλον
475 480 540 547 ἧν
570 477 1014 560 πρεπωδέστερον.

1969 480 2416 554 demonstravit,
2446 499 2648 543 verum
2696 482 2873 544 etiam
2923 484 3062 565 quia
3088 485 3199 547 hoc
3229 486 3424 567 ipsum
3454 508 3609 569 quo-

1854 605 1861 612 -
1968 587 2084 650 que
2114 570 2301 649 magis
2327 570 2596 632 decebat.

276 674 279 677 '
330 658 427 716 Καὶ
496 664 659 715 ταῦτα
729 660 825 734 μὲν
895 658 1246 739 ἁπλούστερον
1315 659 1563 739 ἀνάγεται
1634 660 1718 716 ἐπὶ
1783 661 1883 727 τὴν

2048 658 2238 739 Atque
2289 660 2426 721 haec.
2469 658 2709 741 quidem
2768 660 3100 740 simplicius
3149 664 3485 729 referentur
3533 667 3609 729 ad

246 748 381 821 μετὰ
436 745 488 813 ἓξ
544 749 745 829 ἡμέρας
792 748 997 825 ἄνοδον,
1054 756 1160 807 τῶν
1216 756 1373 831 τριῶν
1405 753 1654 826 μαθητῶν
1698 752 1771 815 εἷς
1821 753 1883 807 τὸ

1979 765 2277 810 ascensum
2330 748 2504 809 trium
2560 748 2988 829 discipulorum
3037 750 3104 814 In
3156 760 3419 817 montem
3476 774 3608 818 cum

244 832 365 915 ὅρος
414 838 504 894 σὺν
546 844 623 912 τῷ
672 835 846 905 Ἰησοῦ
892 836 1011 895 κατ’
1072 836 1223 914 ἰδίαν,
1282 836 1500 904 Ἰδόντες
1557 840 1656 919 γὰρ
1714 860 1883 915 μετοι⁴

1979 834 2104 898 lesu
2122 836 2272 912 solo,
2291 855 2392 898 sex
2417 835 2627 898 diebus
2644 847 3196 918 postconsecutum.
3220 840 3426 905 Visum
3451 845 3609 907 enim

245 926 586 1007 μορφωθέντα
630 929 723 984 τὸν
760 927 963 996 Ἰησοῦν
1009 932 1096 986 καὶ
1152 934 1382 997 Μωυσῆν
1434 932 1523 986 καὶ
1574 921 1753 986 ’Πλίαν
1812 932 1884 994 ὡς

1979 924 2104 988 Iesu
2137 926 2567 1004 transﬁgurata,
2621 935 2680 986 et
2722 929 2930 1006 Moyse
2979 937 3157 1008 atque
3208 931 3339 993 Elia
3385 951 3493 994 ceu
3518 942 3614 995 ‘sa—

242 1013 575 1099 δορυφόρους,
608 1017 752 1076 εἷδον
800 1021 890 1076 τὸν
955 1022 1174 1099 Χριστὸν
1233 1020 1285 1075 ἐν
1343 1018 1578 1097 βασιλείᾳ
1625 1021 1712 1075 καὶ
1741 1017 1885 1097 δόξῃ.

249 1105 511 1188 ξΕπεϊχον
556 1108 609 1165 δὲ
637 1110 819 1187 τύπον,
874 1112 902 1167 ὀ
961 1112 1057 1188 μὲν
1113 1116 1341 1178 Μωϋσῆς
1397 1117 1489 1167 τοῦ
1548 1110 1733 1186 νόμου,
1786 1112 1814 1166 ὁ
1843 1107 1888 1165 δ’

254 1186 569 1261 Ἠλίας-τῶν
619 1206 925 1280 προφητῶν,
965 1186 1034 1257 οἱ
1090 1198 1143 1255 δὲ
1196 1213 1344 1280 τρεῖς
1402 1202 1630 1276 μαθηταὶ
1686 1207 1778 1257 τοῦ
1806 1199 1887 1255 εὖ·

249 1285 535 1363 αγγελικοῦ
588 1288 926 1366 κηρύγματος
983 1290 1070 1345 καὶ
1124 1294 1222 1355 τῆς
1278 1291 1352 1352 εἷς
1410 1289 1507 1355 τὴν
1565 1286 1757 1362 Τριάδα
1805 1289 1888 1344 πί-

250 1394 442 1437 στεως.
474 1377 534 1433 Et
564 1372 619 1431 δὲ
649 1376 760 1456 χρὴ
807 1377 896 1433 καί
948 1398 1066 1433 τινα
1122 1374 1486 1445 ἆναϐεϐηκότα
1530 1375 1687 1455 λόγον
1720 1379 1889 1434 εἰπεῖν

248 1463 388 1519 κατὰ
415 1462 638 1542 πάροδον
695 1469 795 1531 τῆς
853 1463 965 1541 μεθ’
1025 1462 1076 1531 ἓξ
1130 1465 1331 1545 ἡμέρας
1382 1471 1475 1522 τοῦ
1503 1466 1688 1545 Κυρίου
1719 1486 1888 1542 μετα-

251 1552 597 1633 μορφώσεως.
654 1555 714 1611 ού
770 1555 945 1631 μάτην
1002 1554 1115 1631 μεθ’
1171 1552 1222 1620 ἓξ
1283 1554 1471 1635 ἐμέρας
1532 1554 1714 1628 τελείῳ
1768 1554 1888 1635 ἀρι-

1972 1013 2261 1076 tellilibus
2291 1015 2669 1094 quibusdam,
2701 1015 2983 1079 viderunt
3014 1018 3308 1080 Christum
3341 1020 3400 1082 in
3430 1040 3615 1101 regno

1973 1112 2031 1164 et
2059 1104 2266 1182 gloria.
2304 1104 2600 1167 Gerebant
2630 1114 2826 1166 autem
2859 1114 2907 1182 ι)
2929 1125 3088 1186 pum,
3118 1111 3342 1188 Moyses
3371 1113 3609 1191 quidem

1972 1192 2321 1272 legis,Elias
2336 1212 2474 1254 vero
2525 1194 2967 1274 prophetarum,
3007 1204 3127 1257 tres
3148 1197 3387 1260 demum
3421 1200 3610 1262 disci-

1974 1280 2096 1362 puli
2126 1281 2479 1360 evangelicaa
2509 1282 2949 1362 praedicationis
2996 1292 3055 1345 et
3103 1285 3238 1347 ﬁdei
3269 1286 3329 1348 in
3361 1289 3615 1352 Trinita-

1971 1377 2118 1431 tem.
2175 1369 2342 1442 Quod
2398 1371 2449 1431 si
2505 1371 2646 1450 quid
2697 1380 2877 1433 etiam
2924 1372 3100 1435 altius
3147 1375 3471 1438 dicendum
3521 1386 3614 1440 est

1972 1459 2283 1521 occasione
2309 1457 2870 1539 Transﬁgurationis
2902 1468 3032 1541 post
3081 1481 3181 1524 sex
3214 1464 3342 1527 dies
3371 1466 3606 1544 futurae,

1972 1567 2091 1610 non
2112 1548 2328 1609 frustra
2341 1556 2581 1628 postsex
2597 1548 2725 1610 dies
2743 1550 3004 1630 perfecto
3029 1570 3276 1615 numero
3301 1555 3613 1618 universus

248 1644 370 1716 θμῷ
437 1644 465 1697 ὁ
533 1643 745 1718 σύμπας
813 1644 1010 1719 κόσμος
1080 1643 1383 1722 γεγένηται,
1461 1635 1517 1703 Ὀ
1586 1645 1761 1702 πάντα
1828 1646 1892 1701 τὰ

1979 1636 2231 1698 mundus
2250 1637 2435 1699 factus
2455 1646 2563 1699 est.
2603 1636 2714 1709 Qui
2755 1656 2963 1701 omnes
3005 1641 3205 1702 mundi
3232 1661 3328 1705 res
3347 1652 3610 1724 superat,

253 1724 346 1785 τοῦ
415 1729 615 1805 κόσμου
679 1728 1001 1810 ὑπερϐαίνων
1069 1733 1375 1812 πράγματα,
1449 1731 1658 1809 βλέπων
1716 1730 1771 1788 δὲ
1824 1734 1890 1789 τὰ

252 1819 457 1874 ἑστῶτα
487 1819 622 1894 μόνα
654 1821 741 1876 καὶ
770 1820 976 1895 αἰώνια,
1033 1822 1181 1885 οὗτος
1232 1819 1345 1897 μεθ’
1399 1818 1450 1886 ἓξ
1477 1821 1675 1901 ἡμέρας
1710 1843 1889 1900 παρειο

251 1905 448 1987 λῆφθαι
477 1906 725 1975 δηλοῦται
777 1916 854 1984 τῷ
910 1907 1104 1977 Ἰησοῦ,
1171 1902 1227 1968 Ὀ
1284 1912 1383 1990 γὰρ
1441 1908 1665 1991 ὑπερϐὰς
1706 1910 1888 1987 βλέπει

250 1997 345 2051 τὸν
396 1994 602 2065 Ἰησοῦν
658 2000 749 2054 τὸν
801 1996 968 2056 οὔδενὶ
1004 2005 1110 2057 τῶν
1162 2000 1309 2055 κάτω
1365 2001 1886 2080 μεταμορφούμενον,

254 2088 728 2168 μεταμορφωθέντά
784 2088 1071 2168 ἔμπροσθεν
1126 2095 1304 2147 αυτοῦ.
1378 2090 1623 2147 Φαίνεται
1693 2090 1791 2169 γὰρ
1862 2093 1890 2147 ὁ

254 2173 423 2251 Λόγος
456 2174 728 2257 διαφόρους
760 2175 903 2257 ἔχων
933 2177 1135 2258 μορφὰς
1190 2177 1396 2253 ἑκάστῳ
1449 2180 1521 2241 ὡς
1551 2191 1724 2258 χωρεῖ
1757 2194 1770 2208 ⁶
1808 2183 1894 2238 καὶ

252 2275 373 2326 τοῖς
404 2264 499 2339 μὲν
531 2264 625 2322 οὒκ
652 2263 767 2345 ἔχει
801 2263 969 2344 εἶδος,
1021 2278 1137 2330 τοῖς
1195 2263 1249 2322 δὲ
1303 2266 1506 2346 ὼραϊόσ
1546 2265 1653 2322 ἐστι
1682 2265 1887 2330 κάλλει,

254 2359 384 2415 Τοῖς
442 2352 537 2428 μέν
588 2355 686 2433 γὰρ
744 2357 820 2431 μὴ
880 2355 1209 2411 ἀνακαίνουσι
1266 2353 1350 2411 διὰ
1404 2362 1509 2412 τῶν
1563 2352 1891 2423 ἐπαναϐεϐη-

252 2440 425 2498 κότων
454 2440 643 2522 ἔργων,
678 2445 765 2501 καὶ
820 2440 888 2500 δι’
945 2444 1113 2502 αὐτῶν
1169 2444 1254 2501 ἐπὶ
1309 2444 1373 2502 rb
1414 2444 1619 2521 ὑψηλὸν
1661 2450 1759 2513 τῆς
1791 2468 1889 2503 σο-

253 2532 376 2611 φίας
432 2531 550 2611 ὅρος
598 2531 949 2613 ἁπλούστερον
1001 2547 1226 2615 νοεῖται,
1283 2535 1370 2591 καὶ
1417 2534 1553 2591 κατὰ
1603 2535 1769 2614 σάρκα
1798 2559 1889 2614 γι-

255 2620 510 2680 νώσκεται
546 2640 560 2654 ·
620 2636 737 2686 τοϊς
792 2620 847 2679 δὲ
901 2620 1120 2686 τελείοις
1175 2621 1524 2704 θεολογεϊται,
1585 2624 1673 2680 καὶ
1722 2623 1775 2681 ἐν
1824 2629 1892 2701 τῇ

250 2715 346 2766 τοῦ
402 2716 533 2768 Θεοῦ
588 2715 763 2791 μορφῇ
831 2712 965 2767 κατὰ
1028 2711 1126 2779 τὴν
1196 2716 1387 2789 γνῶσιν
1443 2710 1614 2768 αὐτῶν
1667 2714 1891 2790 θεωρεῖ-

253 2818 365 2860 ται.
396 2798 599 2875 Λέμπει
646 2797 701 2855 δὲ
756 2801 843 2857 καὶ
896 2802 957 2856 τὸ
1013 2801 1295 2881 πρόσωπον
1350 2803 1506 2859 αὐτοῦ
1553 2802 1626 2864 ὡς
1656 2803 1684 2857 ὁ
1713 2798 1889 2873 ἥλιος,

251 2900 373 2950 τοῖς
440 2888 641 2953 τέκνοις
713 2890 886 2969 φωτὸς
948 2890 1037 2946 καὶ
1104 2888 1304 2969 ἡμὲρας
1361 2887 1693 2956 δικαιοσύνης
1740 2887 1892 2960 ⁴ἥλιος

1972 1726 2215 1805 solaque
2244 1725 2477 1788 stabilia
2524 1733 2583 1787 et
2628 1734 2846 1788 aeterna
2889 1738 3138 1808 spectat,
3189 1748 3322 1793 eum
3353 1722 3483 1812 post
3511 1722 3641 1796 sex.

1972 1814 2101 1875 dies
2126 1832 2160 1874 a
2187 1813 2326 1877 Jesu
2357 1832 2720 1896 assumptum
2751 1834 2886 1878 esse
2909 1817 3291 1896 signiﬁcatur.
3319 1820 3429 1894 Qui
3450 1824 3610 1885 enim

1972 1901 2073 1962 illa
2131 1904 2538 1979 transcendit,
2600 1904 2756 1967 videt
2807 1907 3047 1983 Jesum,
3117 1909 3217 1989 qui
3268 1911 3495 1972 nemini
3541 1929 3615 1974 ex

1971 1990 2353 2054 inferioribus
2372 1993 2839 2071 transﬁguratur,
2862 1996 3343 2077 transﬁguratum
3364 2009 3501 2062 ante
3523 2019 3609 2062 se.

1972 2080 2221 2142 Videtur
2250 2082 2408 2143 enim
2439 2081 2700 2144 Verbum
2727 2084 2991 2147 diversas
3020 2086 3241 2149 habere
3267 2088 3483 2167 ﬁguras
3504 2108 3611 2171 pro

1978 2170 2264 2250 cujusque
2321 2179 2523 2252 captu.
2596 2173 2791 2253 Atque
2865 2174 2999 2236 aliis
3062 2176 3304 2256 quidem
3357 2170 3615 2242 informe

1974 2266 2240 2339 apparet,
2270 2259 2400 2320 aliis
2428 2258 2758 2340 spcciosum
2807 2262 3271 2342 pulchritudine.
3319 2264 3465 2327 Nam
3515 2268 3617 2348 qui

1974 2365 2092 2408 non
2120 2347 2449 2409 ascendunt
2491 2367 2598 2428 per
2641 2349 2919 2413 sublimia
2978 2370 3178 2432 opera,
3233 2362 3295 2417 et
3342 2373 3452 2435 per
3503 2347 3615 2418 hac

1973 2436 2154 2497 altum
2212 2436 2519 2517 sapientiae
2569 2448 2830 2501 montem
2887 2450 3193 2521 superant,
3245 2441 3287 2503 ii
3346 2441 3609 2507 Verbum

1972 2523 2303 2604 simplicius
2332 2525 2690 2608 intelligunt,
2745 2534 2804 2590 et
2846 2528 3176 2592 secundum
3227 2548 3468 2593 carnem
3500 2552 3608 2596 co-

1970 2623 2280 2692 gnoscunt.
2322 2615 2403 2677 At
2439 2633 2576 2677 vero
2615 2615 2858 2696 perfecti
2888 2617 2945 2678 id
2978 2617 3172 2698 ipsum
3202 2618 3263 2681 in
3294 2619 3481 2683 forma
3505 2623 3615 2684 Dei

1974 2719 2082 2783 per
2118 2702 2515 2781 cognitionem
2562 2722 2726 2765 suam
2776 2706 3276 2787 contemplantur.
3330 2706 3617 2789 Splendet

1974 2790 2195 2853 deinde
2225 2792 2400 2853 etiam
2432 2793 2623 2854 'facies
2670 2794 2800 2874 ejus
2844 2794 3002 2856 sicut
3047 2796 3158 2871 sol,
3212 2795 3350 2858 ﬁliis
3377 2797 3526 2860 lucis
3556 2806 3616 2860 et

1975 2879 2119 2954 diei,
2171 2881 2270 2944 Sol
2326 2881 2601 2943 videlicet
2640 2883 2909 2962 justitiaa.
2962 2883 3114 2957 Quin
3163 2891 3221 2945 et
3268 2885 3618 2949 vestimenta

255 2975 399 3032 εἶναι
469 2978 864 3058 φονερούμενος.
941 2975 1107 3034 ’Δλλὰ
1174 2978 1261 3033 καὶ
1331 2977 1395 3035 τὰ
1471 2979 1655 3053 ἱμάτια
1739 2977 1892 3033 αὐτοῦ

1979 2970 2143 3047 ejus,
2195 2969 2313 3047 illis
2365 2990 2513 3051 quos
2568 2970 2629 3032 in
2706 2980 2967 3034 montem
3053 2973 3352 3036 excelsum
3413 2976 3613 3055 duxit,

253 3078 375 3129 τοῖς
406 3065 717 3146 ἀναχθεῖσιν
771 3064 859 3122 ὑπ’
917 3067 1073 3126 αὐτοῦ
1127 3069 1198 3130 εἰς
1256 3067 1316 3122 τὸ
1360 3066 1477 3146 ὅρος
1532 3064 1738 3142 ὑψηλὸν
1767 3066 1893 3147 φαί-

255 3173 400 3211 νεται
450 3153 611 3212 λευκὰ
661 3158 735 3219 ὡς
789 3156 850 3211 τὸ
906 3163 1016 3236 φῶς
1050 3174 1063 3188 '
1126 3155 1259 3234 ἅπερ
1312 3155 1437 3210 εἰσὶν
1494 3158 1547 3211 αἱ
1601 3153 1765 3220 λέξεις
1807 3157 1895 3211 καὶ

255 3244 292 3299 ἃ
361 3242 631 3302 ἐνεδύσατο
698 3250 804 3302 τῶν
860 3242 1191 3323 Εὒαγγελίων
1242 3244 1525 3324 γράμματα
1556 3262 1569 3277 ’
1630 3245 1783 3320 οἶμαι
1840 3242 1894 3300 δὲ

255 3331 337 3389 ὅτι
370 3334 459 3390 καὶ
504 3335 568 3391 τὰ
618 3335 723 3390 ἀπὸ
776 3340 873 3402 τῆς
929 3338 1140 3414 Γραφῆς
1199 3339 1304 3389 τῶν
1360 3330 1668 3390 ἀποστόλων
1698 3329 1894 3399 δηλού-

256 3442 411 3499 μενα.

338 3509 504 3570 Ἐπὰν
534 3512 621 3569 οὖν
676 3511 799 3590 ’ίδῃς
846 3513 961 3569 τινὰ
1015 3513 1112 3580 τὴν
1168 3516 1286 3594 περὶ
1335 3524 1426 3573 τοῦ
1470 3512 1717 3573 Ἰωὲννου
1774 3515 1896 3570 θεο-

254 3601 439 3680 λογίαν
497 3597 827 3680 ἆκριϐοῦντα,
900 3603 988 3658 καὶ
1040 3602 1139 3670 τὴν
1197 3601 1334 3669 λέξιν
1402 3610 1506 3660 τῶν
1564 3600 1897 3680 Εὒαγγελίων

1975 3067 2268 3147 apparent
2307 3059 2438 3122 alba
2474 3060 2627 3123 sicut
2664 3061 2799 3138 lux;
2827 3060 2958 3143 quae
2987 3071 3126 3125 sunt
3152 3064 3352 3141 verba,
3388 3074 3448 3129 et
3472 3085 3619 3147 quas

1974 3145 2170 3207 induit
2196 3146 2645 3226 Evangeliorum
2668 3150 2898 3213 litteras
2928 3159 3007 3229 et,
3043 3160 3107 3215 ut
3134 3153 3364 3235 opinor,
3387 3145 3620 3235 aposto-

1976 3235 2167 3298 lorum
2202 3255 2440 3318 quoque
2469 3239 2714 3339 scripta.

2060 3511 2204 3575 Cum
2262 3529 2401 3590 ergo
2458 3508 2678 3571 videris
2760 3507 3123 3589 quempiam,
3199 3510 3301 3590 qui
3358 3510 3617 3573 divinam

1978 3599 2224 3664 Joannis
2250 3599 2578 3663 doctrinam
2612 3606 2884 3660 accurate
2919 3605 3260 3680 pertractat,
3290 3606 3349 3663 et
3377 3619 3617 3663 omnem

254 3697 431 3748 πᾶσαν
489 3691 865 3772 σαφηνίζοντα,
940 3691 1017 3766 μὴ
1088 3692 1228 3748 ὄκνει
1282 3699 1359 3766 τῷ
1410 3712 1633 3763 τοιούτῳ
1688 3689 1892 3769 φάσκων

1983 3687 2776 3767 Evangeliorumorationem
2796 3687 3235 3766 interpretatur,
3264 3708 3335 3750 ne
3356 3692 3617 3753 verearis

256 3778 526 3859 γενονέναι
574 3782 640 3836 τὰ
693 3780 876 3856 ἱμάτια
923 3786 1015 3836 τοῦ
1073 3782 1258 3859 Κυρίον
1312 3779 1473 3836 λευκὰ
1528 3780 1601 3841 ὡς
1655 3777 1715 3833 τό
1767 3782 1902 3858 φῶς,

1987 3776 2209 3850 dicere,
2260 3777 2396 3838 huic
2445 3776 2600 3837 facta
2646 3794 2777 3837 esse
2824 3777 3173 3837 vestimenta
3220 3776 3454 3838 Domini
3479 3779 3616 3840 alba

258 3875 347 3943 Τῷ
397 3867 442 3950 δ’
501 3867 665 3932 οὕτως
722 3866 879 3924 ἰδόντι
934 3870 1023 3923 τὸν
1082 3866 1286 3935 Ἰησοῦν
1343 3869 1549 3948 ὀφθεῖεν
1599 3864 1660 3921 ἂν
1706 3871 1892 3933 Μωσῆς

1988 3865 2141 3927 sicut
2169 3866 2284 3926 lux.
2321 3865 2431 3937 Qui
2453 3868 2656 3926 Jesum
2687 3864 2767 3924 ita
2799 3864 3033 3944 viderit,
3068 3864 3289 3926 videuit
3325 3870 3611 3950 Moysem,

257 3964 289 4018 ὁ
337 3948 523 4039 νόμος,
586 3958 674 4015 καὶ
731 3954 911 4021 Ἠλίας
967 3960 995 4014 ὁ
1054 3958 1378 4037 προφητικὸς
1433 3954 1616 4035 λόγος,
1665 3954 1892 4012 κοινολο-

1984 3954 2175 4033 legem
2206 3954 2477 4030 scilicet;
2536 3962 2595 4015 et
2640 3951 2850 4027 Eliam,
2904 3953 3314 4033 propheticum
3346 3948 3624 4018 videlicth

256 4052 502 4132 γούμενοι
570 4050 700 4129 πρὸς
770 4047 861 4102 τὸν
927 4044 1135 4113 Ἰησοῦν
1226 4045 1715 4132 ἀναγωγικώτερον.
1804 4046 1892 4101 Kal

1981 4062 2347 4117 sermonem,
2376 4042 2693 4121 anagogico
2711 4041 2968 4123 quodam
2991 4060 3168 4104 sensu
3209 4043 3618 4124 colloquentes

254 4126 374 4221 περῖ
401 4146 492 4197 τοῦ
541 4126 886 4217 προκειμένου
942 4135 1111 4215 φαμὲν
1166 4136 1239 4198 ὠς
1299 4126 1580 4204 Ἔστήκασι
1632 4134 1773 4213 παρὰ
1822 4139 1892 4207 τῷ

1979 4150 2116 4221 cum
2138 4131 2302 4195 Jesu.
2325 4133 2410 4194 Ac
2432 4131 2859 4221 delinjnsmodi
2882 4131 3122 4221 homine
3144 4130 3398 4221 dicimus
3424 4133 3569 4195 illud
3602 4157 3614 4194 :

257 4218 414 4307 Λόγῳ
463 4231 509 4285 οἱ
565 4224 923 4306 ἐρηρεισμένοι
981 4226 1074 4287 τὰς
1137 4228 1233 4290 τῆς
1295 4228 1479 4303 ψυχῆς
1536 4222 1713 4298 βάσεις
1747 4241 1762 4255 ⁸
1821 4224 1892 4285 ὡς

1979 4219 2285 4284 Steterunt
2314 4221 2468 4302 apud
2503 4218 2785 4294 Verbum,
2841 4219 2942 4300 qui
2994 4220 3207 4281 ﬁrmati
3235 4229 3371 4281 sunt
3399 4223 3618 4285 animae

256 4292 456 4385 Μωσῆς
508 4292 689 4373 ἀκόύεν
745 4336 885 4394 παρα
941 4320 1072 4370 Θεου
1127 4332 1144 4350 ·
1211 4335 1239 4368 κ
1297 4313 1370 4367 Σὺ
1426 4309 1481 4366 δὲ
1537 4313 1690 4368 αὐτοῦ
1739 4315 1890 4378 στῆθι

1985 4311 2271 4392 pedibus:
2324 4292 2821 4391 quemadmodum
2856 4292 3077 4388 Moyses
3106 4308 3356 4370 audiens
3384 4328 3418 4371 a
3448 4309 3569 4373 Deo
3597 4331 3612 4375 :

258 4404 374 4485 μετ’
408 4405 536 4481 ἐμοῦ
569 4425 586 4442 ο
626 4428 649 4463 ιι
685 4405 772 4461 καὶ
802 4391 848 4460 οἱ
877 4402 1145 4482 λέγοντες,
1191 4424 1220 4456 ι
1256 4391 1510 4485 ιΙξσειτῶτες
1543 4399 1685 4475 ἧμαν
1716 4402 1762 4456 οἱ
1791 4422 1892 4456 πο-

1987 4391 2075 4461 Tu
2095 4409 2303 4462 autem
2324 4401 2422 4462 hic
2439 4406 2533 4461 sta
2555 4415 2785 4460 mecum
2801 4397 2858 4448 18
2883 4406 2972 4458 :et
2988 4396 3088 4477 qui
3113 4396 3346 4461 dicunt:
3366 4396 3619 4464 Stantes

257 4480 342 4560 δες
370 4480 523 4571 ἡμῶν
582 4494 635 4550 ἐν
690 4506 811 4557 ταῖς
870 4480 1057 4554 αὒλατς
1115 4480 1229 4562 σου,
1292 4480 1652 4569 Ἰερουσαλήμ.
1717 4512 1745 4545 ι
1798 4491 1898 4548 Καὶ

257 4585 371 4643 ἐπεί
400 4585 536 4640 ἐστιν
567 4584 620 4640 ἐν
669 4596 785 4646 τοῖς
844 4582 1032 4637 ὲστῶσι
1087 4578 1326 4661 διαφορὰ,
1387 4581 1433 4635 οἱ
1490 4576 1693 4656 βέλτιον
1721 4579 1893 4635 ἑστῶ-

255 4695 345 4739 τες
412 4675 510 4741 τὴν
565 4673 704 4729 θείαν
772 4668 920 4736 δόξαν
970 4676 1061 4726 τοῦ
1117 4669 1169 4725 ἐν
1225 4667 1513 4747 ἀνθρώποις
1567 4665 1892 4744 ἐπιδεδημη-

256 4764 414 4826 κότος
474 4761 758 4841 σλόγου,καὶ
822 4761 883 4815 τὸ
952 4757 1154 4833 ἀξίωμα
1224 4756 1381 4811 αὐτοῦ
1433 4753 1651 4830 ὄψονται
1687 4772 1701 4788 ⁸
1762 4755 1896 4811 οἼτι-

257 4873 342 4915 νες
374 4852 432 4908 οὒ
495 4851 653 4927 μόνον
707 4852 767 4906 οὔ
824 4849 900 4923 μὴ
951 4847 1285 4926 ἐμφορηθῶσι
1342 4851 1432 4901 τοῦ
1487 4845 1729 4917 θανάτου,
1778 4843 1897 4901 ἀλλ’

258 4939 377 4999 οὐδὲ
405 4940 694 5019 ἀκροθιγῶς
748 4938 1021 5016 γεύσονται
1064 4937 1151 4992 τὸν
1201 4931 1356 5013 ἄρτον
1397 4937 1494 5011 τῆς
1523 4939 1664 5005 ζωῆς
1697 4933 1899 4990 ἐσθίον·-

257 5051 367 5103 τες,
414 5031 513 5097 τὴν
571 5029 737 5105 σάρκα
782 5033 873 5083 τοῦ
923 5026 1108 5103 Κυρίου
1146 5024 1303 5105 φημὶ,
1356 5025 1443 5095 καὶ
1490 5023 1550 5078 τὸ
1604 5026 1744 5098 αἷμα
1800 5022 1898 5078 αὕ-

257 5129 351 5177 τοῠ
429 5118 687 5181 πίνοντες.
773 5117 1015 5171 Γεύονται
1103 5109 1157 5167 δὲ
1238 5111 1458 5173 θανάτου
1543 5114 1589 5167 οἱ
1678 5110 1898 5189 μετρίως

259 5207 646 5285 ἁμαρτάνοντες
681 5223 694 5236 '
756 5200 1122 5279 ἒμπιπλῶνται
1180 5197 1236 5255 δὲ
1282 5200 1465 5257 τούτου
1512 5202 1559 5256 οἱ
1603 5205 1706 5256 πᾶν
1756 5197 1898 5264 εἶδος

258 5296 446 5360 κακίας
521 5292 925 5374 μετερχόμενοι,
996 5292 1083 5346 καὶ
1164 5287 1247 5345 διὰ
1333 5295 1487 5346 τοῦτο
1555 5287 1734 5346 τέλεον
1802 5293 1898 5374 τῆς

257 5384 399 5448 θείας
470 5388 611 5455 ζωῆς
677 5373 1087 5453 ἀποπίπτοντες,
1158 5378 1245 5435 καὶ
1310 5380 1440 5458 πρὸς
1510 5377 1575 5435 τὰ
1628 5383 1720 5434 τοῦ
1776 5373 1901 5449 ᾅδου

342 5552 404 5603 18
428 5550 599 5627 Deut,
632 5567 693 5632 v,
728 5548 825 5614 3|.
915 5547 977 5599 i9
1000 5547 1134 5612 Psal
1162 5563 1321 5629 cm,
1354 5549 1414 5612 2.

1980 4494 2154 4551 erant
2178 4490 2352 4569 pedes
2379 4488 2573 4551 nostri
2602 4490 2668 4550 in
2694 4489 2871 4550 atriis
2900 4489 3045 4565 tuis,
3073 4486 3410 4550 Jerusalem
3442 4487 3501 4538 49
3554 4488 3625 4552 Et

1978 4578 2260 4658 quoniam
2290 4578 2447 4639 inter
2474 4586 2698 4638 stantes
2750 4584 2840 4638 est
2887 4575 3234 4648 discrimen,
3275 4576 3376 4656 qui
3407 4576 3620 4639 melius

1978 4675 2155 4742 Stant,
2203 4667 2458 4728 divinam
2510 4664 2684 4727 Verbi
2730 4665 2885 4727 inter
2937 4664 3204 4726 homines
3258 4665 3619 4745 peregrinati

1978 4757 2229 4835 gloriam
2280 4764 2337 4818 et
2390 4755 2737 4834 dignitatem
2787 4756 2921 4835 ejus
2966 4754 3296 4815 videbunt:
3348 4755 3449 4835 qui
3503 4774 3624 4818 non

1980 4845 2156 4905 modo
2187 4863 2304 4905 non
2334 4845 2722 4925 replebuntur
2751 4852 2965 4916 morte,
3000 4842 3101 4903 sed
3154 4860 3228 4903 ne
3262 4843 3626 4922 primoribus

1980 4933 2219 5014 quidem
2254 4933 2435 4995 labris
2455 4933 2792 5012 gustabunt,
2819 4950 3028 5013 panem
3052 4934 3181 4994 vitae
3202 4932 3612 5011 comedentes,

1981 5042 2226 5085 carnem
2292 5023 2550 5098 Domini,
2622 5023 2886 5103 inquam,
2973 5028 3031 5081 et
3086 5022 3437 5099 sanguinem
3495 5023 3626 5102 ejus

1982 5110 2276 5172 bibentes.
2311 5110 2557 5173 Gustant
2585 5130 2760 5191 porro
2790 5116 3068 5179 mortem,
3104 5109 3204 5189 qui
3238 5110 3626 5172 mediocriter

1983 5209 2229 5280 peccant
2263 5221 2279 5277 ;
2309 5199 2631 5281 implentur
2656 5207 2715 5260 et
2744 5197 2913 5278 quasi
2944 5196 3252 5263 satiantur,
3290 5197 3394 5279 qui
3424 5200 3625 5261 omnia

1983 5288 2341 5367 ﬂagitiorum
2398 5307 2618 5367 genera
2678 5285 3030 5365 suscipiunt,
3109 5294 3290 5367 atque
3341 5288 3493 5350 hanc
3548 5287 3625 5350 ob

1984 5394 2222 5441 causam
2252 5377 2489 5460 penitus
2517 5375 2719 5439 divina
2747 5375 3035 5439 excidunt
3079 5371 3221 5452 vita,
3275 5389 3337 5438 et
3366 5379 3441 5439 ad
3469 5376 3627 5439 infe-
