4008 6114
386 216 534 282 1287

1459 217 1516 282 J.
1561 217 1949 286 XIPHILINI
1991 223 2106 287 ΟΡ.
2151 227 2666 292 PATRIARCHE
2695 171 2708 184 ⁶

3577 242 3706 308 ωε

375 368 581 414 rerum
629 351 903 414 barathro
955 351 1365 414 devolvuntur.
1557 353 1748 432 majus
1795 353 2012 416 malum

2104 359 2542 439 κατενηνεγμένοι
2589 361 2844 442 βάραθρα.
2899 370 3093 436 Μεῖζον
3145 365 3201 423 δὲ
3257 371 3420 426 κακὸν
3464 329 3554 429 ’τοῦ
3597 373 3702 430 ἰδεῖν

376 451 488 513 est,
541 451 779 516 gustare
831 449 1103 522 mortem,
1161 459 1334 521 quam
1388 440 1612 508 videre,
1669 450 1728 503 et
1780 442 1831 502 si
1863 462 2025 504 mors

384 535 438 588 te
469 539 768 610 sequatur,
799 549 973 610 quam
1005 529 1053 589 si
1115 547 1244 589 eam
1289 537 1490 607 gusles
1519 547 1532 591 :
1589 529 1854 592 omnium
1883 549 2022 593 vero

382 618 727 697 pessimum,
766 617 1042 680 devorari
1073 635 1107 678 a
1137 626 1354 678 morte.

463 717 565 778 Sin
621 719 867 797 my~tice
927 719 1034 778 hac
1093 715 1167 777 de
1237 734 1303 776 re
1377 715 1540 797 loqui
1590 715 1859 791 velimus,
1919 717 2034 779 vita

379 803 646 867 Christus
705 814 838 879 est;
896 823 1078 877 mors,
1161 803 1454 865 diabolus.
1521 805 1594 866 Et
1653 817 1718 865 ut
1777 813 2028 866 mortem

373 906 611 972 gustare
644 893 799 956 licet.
837 893 918 954 ila
952 901 1010 954 et
1044 891 1252 953 \idere
1276 891 1580 966 etaudire,
1615 899 1674 953 et
1695 892 1932 953 odorari
1975 901 2031 954 et

385 989 644 1060 tangere.
682 982 910 1043 Etenim
938 981 986 1041 si
1008 999 1218 1042 manus
1238 982 1639 1061 apostolorum
1672 989 2027 1043 attrectave-

381 1082 519 1133 runt
573 1071 772 1145 vitam,
825 1090 1035 1131 manus
1083 1089 1222 1149 ergo
1277 1069 1912 1150 pseudoapostolorum
1966 1078 2026 1132 et

380 1161 787 1240 operariorum
845 1159 1184 1220 dolosorum
1231 1156 1701 1220 attrectaverent
1747 1169 2022 1219 mortem.

2105 447 2325 505 θάνατον
2375 453 2436 505 τὸ
2488 450 2788 526 γεύσασθαι,
2839 459 2932 508 τοῦ
2978 451 3034 509 δὲ
3081 457 3363 533 γεύσασθαι
3409 462 3469 516 τὸ
3513 461 3702 518 ἄκολον-

2104 540 2218 592 θετν
2249 559 2350 594 τινι
2403 538 2645 611 θάνατον,
2705 541 2918 598 πάντων
2973 540 3028 598 δὲ
3085 559 3277 623 χεῖρον
3306 549 3366 603 τὸ
3394 553 3703 616 καταποθῆναι

2114 626 2216 682 ὑπὸ
2244 637 2335 685 τοῦ
2362 627 2605 690 θανάτου,

2197 721 2471 808 Musarum;
2501 713 2556 771 δὲ
2610 722 2722 787 ζωὴ
2781 721 2809 774 ὁ
2867 721 3112 796 Χριστὸς,
3169 722 3387 799 θάνατος
3431 722 3681 782 sabaia»

2113 801 2228 866 λος.
2290 801 2483 880 Ὠσπερ
2531 802 2586 860 δέ
2641 805 2750 860 ἐστι
2807 808 3044 884 γεύεσθαι
3099 811 3344 883 θανάτου,
3415 811 3568 876 οἜτως
3625 814 3710 868 ἐστὶ

2111 893 2198 948 καὶ
2268 896 2483 972 θεωρεῖν
2552 894 2772 951 θάνατον
2855 897 2944 951 καὶ
3034 896 3240 954 ἀκούειν
3338 901 3568 980 θανάτου,
3645 903 3711 956 καὶ

2112 983 2473 1060 ὀσφραὶνεσθαι
2541 983 2762 1040 θανάτου
2823 986 2910 1040 καὶ
2975 986 3248 1046 ἅπτεσθαι.
3345 991 3403 1046 Εἰ
3484 991 3574 1068 γὰρ
3644 992 3713 1044 καὶ

2109 1073 2160 1126 αἱ
2231 1083 2415 1150 χεῖρες
2485 1075 2588 1124 τῶν
2636 1071 2944 1130 ἀποστόλων
3015 1073 3364 1154 ἐψηλάφησαν
3423 1077 3516 1143 τὴν
3578 1078 3712 1148 ζωὴν,

2109 1163 2156 1216 οξ
2205 1173 2391 1239 χεῖρες
2451 1156 2550 1238 ἄρα
2604 1166 2709 1215 τῶν
2766 1159 3209 1235 ψευδαποστόλων
3261 1167 3348 1220 καὶ
3401 1166 3616 1243 ἐργατῶν
3655 1163 3718 1221 δο-

378 1246 448 1309 Ει
497 1247 547 1308 si
578 1266 718 1308 oves
749 1245 963 1309 Christi
995 1247 1250 1308 audiunt
1300 1266 1506 1308 vocem
1561 1247 1716 1327 ejus,
1753 1246 1872 1308 illa;
1902 1247 2017 1326 ejus

2114 1246 2266 1327 λίων,
2294 1247 2644 1328 ἐψηλάφησαν
2706 1251 2779 1313 εἷς
2835 1252 2926 1306 τὸν
2977 1252 3221 1311 θάνατον.
3278 1255 3378 1311 Καὶ
3431 1257 3474 1310 εἰ
3524 1256 3585 1309 τὰ
3607 1254 3715 1332 πρό-

379 1354 516 1399 oves
543 1337 788 1397 audiunt
832 1355 1034 1396 vocem
1084 1334 1315 1409 mortis,
1369 1344 1426 1396 at
1470 1355 1620 1416 quos
1671 1335 1856 1398 dicit:
1918 1334 2017 1398 Vo:

2113 1333 2248 1392 ϐατα
2275 1343 2366 1392 τοῦ
2421 1343 2644 1414 Χριστοῦ
2695 1337 2871 1394 ἀκούει
2929 1345 3026 1406 τῆς
3085 1345 3265 1420 φωνῆς
3323 1341 3501 1423 αὖτώ,
3547 1343 3604 1398 τὰ
3643 1343 3719 1416 μὲν

381 1444 500 1486 non
523 1431 664 1487 estis
685 1443 762 1487 ea:
781 1423 995 1487 avibus
1016 1427 1162 1486 meis
1178 1423 1254 1486 19.
1281 1423 1360 1484 De
1381 1423 1626 1484 odoratu
1641 1424 2017 1503 apostolicum

2114 1424 2270 1481 αὒτοῦ
2333 1423 2570 1503 πρόϐατα
2656 1425 2834 1483 ἀκούει
2916 1433 3016 1495 τῆς
3105 1435 3284 1508 φωνῆς
3366 1441 3461 1490 τοῦ
3536 1431 3722 1486 θανάτου

378 1513 524 1574 illud
540 1513 982 1574 observavimus
1007 1529 1020 1574 :
1059 1511 1284 1574 Christi
1309 1513 1493 1574 bonus
1515 1513 1661 1574 odor
1680 1529 1886 1573 sumus
1910 1511 2017 1574 Det

2115 1515 2246 1592 πρὸς
2294 1515 2380 1578 οὓς
2412 1512 2556 1591 λέγει
2613 1513 2674 1572 ἄν
2738 1537 2763 1571 α
2828 1513 3019 1591 Τμεῦς
3077 1515 3169 1574 οὔκ
3225 1519 3342 1574 ἐστε
3385 1519 3444 1575 ἐκ
3491 1524 3589 1575 τῶν
3622 1540 3724 1596 προ-

375 1607 444 1662 in
500 1603 668 1662 omni
720 1604 869 1674 loco,
922 1601 989 1662 in
1037 1602 1116 1662 iis
1165 1602 1276 1680 qui
1322 1599 1668 1674 salvantur,
1721 1607 1776 1663 et
1827 1603 1904 1662 iis
1933 1618 2017 1679 qu

2117 1600 2290 1658 ϐάτων
2341 1608 2442 1660 τῶν
2504 1602 2669 1678 ἐμῶν,
2729 1607 2853 1684 Περὶ
2909 1603 2962 1662 δὲ
3014 1611 3112 1674 τῆς
3169 1609 3477 1688 ὀσφρήσεως
3522 1610 3578 1664 τὸ
3617 1607 3724 1662 ἁπο-

369 1698 626 1771 pereunt
651 1709 664 1752 :
697 1692 794 1751 his
823 1690 1068 1770 quidem
1092 1689 1236 1751 odor
1250 1690 1462 1750 mortis
1491 1694 1557 1750 in
1579 1697 1839 1750 mortem
1889 1690 2017 1764 ,illi.

2121 1691 2361 1747 στολικὸν
2390 1690 2567 1748 ἐκεῖνο
2591 1695 3067 1772 παρεστηρήσαμεν
3096 1692 3260 1759 οὕτως
3319 1695 3450 1777 ἔχον
3485 1713 3498 1726 ·
3561 1719 3587 1751 ι
3615 1703 3725 1773 Χρι-

377 1766 516 1842 oero
567 1779 714 1840 odor
752 1766 888 1840 nit}:
944 1781 1008 1838 in
1048 1779 1238 1839 vitam
1284 1777 1362 1841 90.
1413 1778 1611 1839 Bonus
1661 1777 1822 1838 enim
1893 1782 2017 1838 ode]

2121 1788 2244 1838 στοῦ
2339 1778 2522 1835 εὖωδία
2613 1779 2769 1856 ἐσμὲν
2858 1789 2934 1858 τῷ
3017 1791 3133 1858 Θεῷ
3215 1783 3268 1839 ἐν
3347 1766 3508 1841 ἰιταντὶ
3581 1785 3724 1862 τόπῳ,

377 1867 592 1931 Christi
625 1875 762 1928 sunt
791 1867 848 1927 in
882 1865 1044 1928 omni
1073 1868 1228 1946 loco,
1265 1867 1538 1927 homines
1566 1864 1666 1946 qui
1697 1865 1757 1926 in
1785 1865 1958 1928 Chris
1983 1877 2017 1928 ιι

2120 1867 2172 1926 ὲν
2243 1882 2359 1932 τοῖς
2430 1868 2751 1945 σωζομένοις
2819 1873 2906 1928 καὶ
2981 1871 3034 1926 ἐν
3103 1886 3220 1936 τοῖς
3289 1871 3656 1948 ἀπολλυμένοις
3710 1886 3722 1898 ⁹

379 1966 535 2020 sunt.
608 1959 692 2019 De
747 1956 972 2016 visione
1034 1957 1240 2016 mortis
1296 1955 1445 2015 illud
1504 1954 1564 2014 in
1625 1953 2017 2015 testimoniun

2120 1961 2206 2021 οἶς
2259 1959 2354 2032 μὲν
2403 1959 2546 2033 ὀσμὴ
2601 1959 2827 2016 θανάτου
2884 1961 2956 2024 εἷς
3011 1963 3232 2018 θάνατον
3289 1977 3304 1993 ·
3367 1966 3454 2026 οἷς
3508 1961 3559 2017 δὲ
3607 1961 3728 2035 ὀσμὴ

377 2045 754 2128 proferimus,
793 2043 952 2126 quod
1001 2043 1148 2104 dixit
1184 2042 1510 2107 Dominus:
1539 2042 1613 2105 Si
1641 2049 1777 2122 quis
1807 2061 2017 2106 sermo-

2109 2051 2250 2117 ζωῆς
2281 2049 2353 2110 εἷς
2384 2049 2546 2118 ζωήν.
2585 2069 2610 2103 ι
2647 2046 2848 2105 Εὖωδία
2896 2049 2996 2128 γὰρ
3051 2057 3274 2128 Χριστοῦ
3325 2052 3457 2106 εἰσιν
3506 2049 3556 2106 ἐν
3599 2049 3728 2105 παντὶ

372 2153 511 2198 nem
541 2153 740 2196 meum
759 2135 1042 2204 servabit,
1078 2141 1328 2194 mortem
1361 2151 1484 2195 non
1507 2132 1736 2193 videbit
1755 2133 1820 2193 in
1845 2139 2017 2194 aster-

2113 2135 2262 2210 τόπῳ
2319 2139 2366 2192 οἱ
2438 2133 2492 2190 ἐν
2561 2143 2774 2214 Χριστῷ
2844 2135 3127 2216 ἅνθρωποι,
3189 2141 3312 2217 Περὶ
3365 2137 3422 2194 δὲ
3475 2145 3564 2194 τοῦ
3625 2141 3728 2217 ὁρᾷν

373 2244 514 2286 nam
537 2223 590 2274 3|
663 2223 930 2286 Dicimus
981 2221 1142 2282 enim
1187 2221 1364 2282 vitam
1411 2239 1547 2283 esse
1569 2220 1886 2282 Dominum
1915 2240 2017 2282 no-

2114 2223 2334 2280 θάνατον
2405 2222 2581 2280 ἐκεῖνο
2668 2225 2740 2288 εἰς
2834 2227 3116 2305 μαρτύριον
3204 2227 3558 2306 προφέρομεν,
3623 2225 3729 2304 ὅπερ

373 2323 557 2375 strum
608 2315 811 2374 Jesum
865 2311 1207 2376 Christum:
1263 2310 1563 2372 inimicam
1617 2328 1756 2370 vero
1790 2310 2026 2386 horum,

375 2401 588 2462 malam
613 2410 675 2463 et
715 2419 926 2461 saavam
969 2408 1221 2460 mortem
1250 2423 1267 2476 -,
1317 2399 1392 2460 de
1421 2417 1536 2479 qua
1566 2406 1851 2478 scriptum
1884 2407 1975 2459 est
2008 2415 2022 2461 :

372 2488 716 2552 Novissima
749 2490 1002 2550 inimico
1035 2487 1380 2550 destruetur
1411 2505 1574 2548 mors
1604 2486 1678 2544 93.

375 2582 617 2658 Χριστος,
683 2581 710 2635 ὁ
771 2577 824 2634 δὲ
869 2577 1055 2658 ἐχθρὸς
1115 2579 1310 2635 τούτων
1361 2597 1590 2655 πονηρος
1647 2578 1733 2632 καὶ
1789 2575 2138 2655 παγχάλεπος
2195 2578 2414 2643 θάνατος
2451 2595 2464 2608 ⁸

379 2681 722 2747 καταργεῖται
753 2671 780 2723 ὁ
807 2668 1047 2728 θάνατος.

451 2755 588 2817 Haec
619 2773 759 2834 ergo
817 2753 1098 2833 scientes,
1155 2751 1514 2826 charissimi,
1567 2750 1928 2830 abnegamus
1959 2758 2018 2812 et

371 2843 765 2923 nosmetipsos
814 2851 1054 2923 propter
1103 2841 1469 2902 Dominum:
1529 2839 1676 2901 nihil
1724 2859 1794 2901 eo
1829 2839 2019 2920 potius

372 2931 682 3004 ducamus,
717 2949 834 2990 non
865 2929 1120 3003 divitias,
1155 2948 1273 2990 non
1331 2929 1554 3002 luxum,
1590 2947 1707 2988 non
1739 2929 2009 3006 gloriam,

2104 2954 2188 3010 ρον
2216 2932 2564 3011 ἡγησώμεθα,
2611 2933 2688 3008 μὴ
2734 2931 2984 3006 πλοῦτον,
3039 2933 3116 3009 μὴ
3170 2937 3391 3013 τρυφήν,

370 3039 486 3082 non
512 3019 881 3100 corporalem
902 3019 1281 3097 voluptatem,
1310 3036 1424 3078 non
1448 3017 1638 3096 ipsam
1662 3017 1835 3077 vitam
1864 3036 1878 3076 :
1909 3016 2014 3077 sed

369 3127 446 3170 ne
467 3109 521 3169 ei
546 3107 787 3188 quidem
816 3124 1126 3186 parcamus
1155 3113 1397 3186 propter
1422 3123 1617 3184 Ipsum
1648 3125 1662 3164 :
1695 3123 2016 3185 sequamur

366 3196 682 3258 Dominum
709 3206 996 3274 nostrum,
1021 3213 1261 3254 erucem
1289 3194 1418 3271 ejus
1437 3193 1494 3255 in
1523 3195 1786 3254 humeris
1809 3195 2011 3254 feren—

370 3297 477 3366 tes,
513 3285 854 3363 corporales
884 3293 1074 3343 motus
1119 3299 1451 3362 sensusque
1479 3283 1916 3356 mortiﬁcantes,
1954 3291 2014 3343 et

369 3373 542 3434 morti
569 3373 696 3452 ejus
729 3373 1194 3450 conﬁguremur,
1226 3385 1289 3430 ut
1313 3369 1607 3450 possimus
1641 3379 1698 3429 et
1734 3388 1841 3430 nos
1871 3388 2007 3430 cum

369 3463 500 3523 divo
523 3462 701 3524 Paulo
741 3462 980 3523 dicere:
1032 3459 1298 3521 Vivimus
1347 3478 1462 3519 non
1489 3459 1614 3538 jam
1669 3477 1823 3522 nos:
1875 3458 2016 3519 vivit

369 3568 510 3612 vero
561 3551 618 3610 in
665 3551 835 3611 nobis
884 3549 1196 3612 Christus:
1253 3555 1331 3620 et,
1383 3546 1565 3608 Nobis
1613 3556 1808 3608 autem
1859 3547 2011 3608 ahsit

367 3639 606 3715 gloriari
639 3639 699 3700 in
731 3639 869 3711 alio,
906 3639 1014 3699 nisi
1051 3641 1105 3699 in
1134 3637 1325 3700 Cruce
1371 3635 1626 3697 Domini.
1664 3638 1750 3699 Ne
1781 3640 2004 3698 erube-

367 3745 600 3788 scamus
623 3745 930 3788 sermones
961 3727 1114 3806 ejus,
1145 3735 1202 3786 et
1224 3725 1417 3804 ipsn.m
1443 3724 1499 3784 in
1535 3725 1808 3804 praesenti
1841 3725 1956 3784 vita
1991 3747 2004 3784 :

367 3817 566 3877 omnia
589 3817 717 3896 ejus
769 3817 1041 3876 mandata
1074 3831 1343 3895 prompte
1377 3814 1772 3892 perﬁciamus.
1809 3812 2008 3874 Habe-

367 3924 499 3965 mus
529 3914 587 3966 et
611 3924 716 3966 nos
742 3913 1180 3984 persecutorem
1207 3903 1590 3981 acerrimum,
1608 3901 2010 3980 inaspectabi-

367 3994 484 4054 lem
515 3993 824 4054 inimicum
875 4000 932 4052 et
980 3993 1238 4063 hostem,
1291 3991 1392 4070 qui
1452 4009 1559 4051 nos
1607 3990 1877 4070 quotidie
1937 3989 2011 4052 ad

366 4080 586 4144 Christi
620 4081 990 4160 negationem
1029 4088 1326 4160 provocat,
1361 4089 1420 4138 et
1475 4097 1564 4152 ea,
1620 4097 1749 4158 qua:
1779 4079 1850 4140 ab
1883 4077 2011 4159 ipso

366 4179 666 4249 separant,
701 4185 765 4230 ut
813 4169 1092 4230 faciamus
1141 4176 1333 4246 urget.
1386 4168 1469 4229 Ne
1530 4185 1666 4245 ergo
1699 4167 2010 4228 effemine-

2113 2312 2268 2368 εἶπεν
2299 2315 2327 2368 ὁ
2361 2313 2544 2390 Κύριος
2581 2331 2594 2346 δ
2633 2336 2660 2367 α
2714 2311 2840 2370 Ἐάν
2879 2337 2959 2378 τις
3012 2316 3102 2371 τὸν
3155 2314 3283 2391 ἐμὸν
3329 2315 3490 2394 λόγον
3519 2317 3727 2394 τηρήσῃ,

2109 2401 2330 2457 θάνατον
2399 2404 2458 2458 οὔ
2524 2401 2601 2478 μὴ
2657 2403 2900 2480 θεωρήσῃ
2951 2404 3022 2466 εἷς
3079 2405 3170 2460 τὸν
3237 2405 3424 2467 αἰῶνα,
3487 2429 3516 2460 ι
3575 2402 3729 2477 Φαμὲν

2109 2490 2206 2568 γὰρ
2261 2493 2334 2555 ὡς
2403 2491 2515 2562 ζωὴ
2587 2491 2683 2566 μέν
2749 2491 2888 2548 ἐστιν
2961 2495 2989 2548 ὁ
3061 2493 3246 2572 Κύριος
3320 2495 3482 2568 ἡμῶν
3550 2491 3729 2560 Ἰησοῦς

2521 2581 2638 2658 περὶ
2667 2581 2729 2635 οὗ
2780 2579 3070 2660 γέγραπται
3105 2597 3124 2617 ο
3197 2603 3227 2636 α
3285 2588 3532 2661 Εσχατος
3563 2580 3728 2659 ἐχθρὸς

2181 2762 2353 2813 Ταῦτα
2380 2757 2544 2812 τοίνυν
2601 2753 2816 2836 εἰδότες⁷
2864 2755 3152 2834 ἀγαπητοὶ,
3199 2757 3630 2834 ἀπαρνησώμεθα
3655 2756 3732 2810 καὶ

2099 2844 2262 2919 ἡμεῖς
2291 2845 2503 2908 ἑαυτοὺς
2529 2841 2612 2900 διὰ
2645 2847 2734 2900 τὸν
2770 2845 2956 2924 Κύριον
2987 2865 3002 2880 ·
3039 2843 3203 2920 μηδὲν
3234 2845 3391 2904 αἶ)τοῦ
3420 2845 3727 2921 προτιμότε-

3447 2935 3525 3009 μὴ
3575 2931 3726 3002 δόξπνι

2097 3021 2206 3088 πὴν
2255 3023 2564 3096 σωματικὴν
2607 3019 2822 3092 ἡδονὴν,
2872 3023 2950 3097 μὴ
2999 3023 3163 3089 αὖτὴν
3202 3023 3300 3090 τὴν
3349 3025 3496 3094 ζωήν
3559 3039 3573 3053 ⁸
3627 3017 3731 3078 ἀλλ’

2097 3107 2462 3188 ἀφειδήσωμεν
2533 3113 2620 3167 καὶ
2691 3110 2852 3178 αὐτῆς
2906 3109 2975 3183 διξ
3029 3113 3183 3168 αὒτὸν
3223 3128 3235 3141 ⁸
3298 3111 3732 3184 ἆκολωθήσωμεν

2097 3206 2174 3272 τῷ
2201 3197 2443 3278 ἡμετέρῳ
2489 3199 2749 3275 Δεσπότῇ,
2806 3200 2896 3255 τὸν
2948 3199 3132 3258 τούτου
3187 3201 3407 3279 σταυρὸν
3461 3198 3547 3256 ἐπ’
3587 3198 3732 3274 ὤμων

2094 3286 2362 3367 φέροντες,
2425 3288 2488 3343 τὰ
2546 3288 2768 3367 σαρκικᾶ
2825 3295 3123 3367 νεκροῢντες
3174 3289 3448 3362 κινήματα
3489 3290 3576 3346 καὶ
3625 3308 3736 3368 φρο-

2094 3377 2307 3450 νήματα
2339 3391 2352 3405 ⁸
2385 3377 2472 3432 καὶ
2501 3383 2576 3449 τῷ
2605 3377 2813 3448 θανάτῳ
2862 3375 3018 3432 αἱ)τοῦ
3065 3376 3495 3455 συμμορφώμεθα
3531 3394 3546 3406 ·
3579 3379 3648 3437 ὡς
3681 3373 3731 3429 ἓν

2093 3460 2435 3538 δυνησώμεθα
2464 3465 2550 3519 καὶ
2595 3465 2757 3538 ἡμεῖς
2808 3464 2944 3519 κατὰ
2990 3465 3082 3520 τὸν
3135 3468 3278 3520 θετον
3311 3463 3522 3522 Παῦλον
3551 3467 3731 3534 εἶπεῗν,

2093 3558 2280 3626 Σῶμεν
2311 3551 2482 3610 οὐκέτι
2511 3553 2673 3626 ἡμεῖς
2710 3567 2722 3580 ·
2783 3557 2848 3626 ζῇ
2897 3549 2952 3606 δὲ
2995 3551 3048 3606 ἐν
3093 3553 3228 3626 ἡμτν
3277 3554 3304 3607 ὁ
3365 3553 3615 3632 Χριστός.
3647 3551 3735 3608 Καὶ

2093 3641 2230 3714 ἡμῖν
2259 3638 2313 3695 δὲ
2343 3640 2420 3706 πὴ
2449 3638 2650 3716 γένοίτο
2708 3639 2760 3694 ἐν
2807 3637 2954 3712 ἄλλῳ
2997 3643 3318 3719 καυχᾶσθαι,
3371 3643 3418 3696 εἰ
3479 3641 3559 3714 μὴ
3590 3639 3641 3696 ἐν
3669 3645 3734 3711 τῷ

2097 3735 2301 3806 σταυρῷ
2347 3738 2438 3787 τοῦ
2494 3728 2702 3806 Κυρῖου,
2767 3727 2854 3793 Μὴ
2917 3726 3207 3807 ἐπαισχυνθ
3225 3735 3353 3802 υμεν
3403 3729 3528 3791 τοὺς
3559 3727 3732 3804 λόγους

2097 3815 2254 3875 αὖτοῦ
2277 3817 2363 3872 καὶ
2395 3818 2548 3876 αὐτὸν
2598 3815 2652 3871 ἐν
2698 3821 2766 3892 τῇ
2810 3816 3048 3893 παρούσῃ
3097 3823 3208 3891 ζωῇ
3245 3833 3258 3846 ’
3301 3817 3392 3872 καὶ
3423 3817 3598 3874 πάντα
3623 3836 3736 3893 προ·

2096 3907 2270 3980 θύμως
2301 3906 2365 3960 τὰ
2416 3906 2600 3963 τούτου
2645 3905 3024 3984 προστάγματα
3081 3903 3470 3980 ἐκτελέσωμεν.
3538 3915 3733 3986 Εχομεν

2095 3993 2150 4050 δὲ
2179 3997 2268 4051 καὶ
2305 3997 2470 4071 ἡμεῖς
2501 3993 2732 4061 διώκτην
2785 3994 3118 4071 πικρότατον,
3173 3997 3262 4050 τὸν
3308 3995 3538 4074 ἀόρατον
3563 3995 3733 4074 ἐχθρὸν

2096 4083 2350 4158 πολέμιον
2417 4081 2534 4140 καθ’
2585 4085 2814 4150 ἑκάστην
2869 4083 3010 4158 ἡμᾶς
3069 4084 3141 4147 εἷς
3200 4080 3409 4162 ἃρνδσιν
3469 4091 3560 4141 τοῦ
3615 4090 3734 4161 X9:-

2095 4179 2220 4230 στοῦ
2250 4171 2598 4248 ἐκκλούμενον
2645 4173 2734 4228 καὶ
2787 4171 2852 4228 τὰ
2910 4172 3068 4227 αὒτοῦ
3117 4173 3437 4251 χωρίζοντα,
3493 4171 3731 4250 διαπράτ-

367 4275 519 4330 mur,
581 4275 776 4337 neque
831 4255 1114 4318 cedamus
1159 4255 1290 4334 ejus
1337 4255 1875 4336 colluctationibus,
1905 4255 2008 4316 sed

2104 4265 2268 4317 εεσθαι
2343 4261 2724 4340 ἀναγκάζοντα.
2801 4258 2888 4324 Μὴ
2959 4259 3048 4314 οὖν
3118 4259 3551 4336 μαλακισθῶμεν,
3613 4255 3734 4334 μηδὲ

369 4363 657 4424 generose
679 4359 739 4406 et
761 4344 911 4405 virili
938 4363 1071 4405 cum
1099 4344 1297 4404 animo
1337 4343 1390 4404 ei
1423 4343 1794 4423 resistamus,
1829 4353 2011 4423 atque

2104 4347 2324 4426 ἒνὸὦμεν
2384 4349 2437 4405 ἐν
2479 4362 2595 4412 τοῖς
2644 4347 2828 4403 τούτου
2874 4345 3252 4423 παλαίσμασιν,
3302 4347 3445 4404 ἀλλὰ
3497 4347 3729 4427 γενναίως

367 4432 782 4508 accingamur:
819 4440 880 4492 ut
901 4441 958 4492 et
979 4440 1258 4492 :etcrnam
1284 4431 1526 4510 gloriam
1547 4449 2006 4511 consequamur,

2104 4441 2180 4494 καὶ
2252 4439 2384 4515 μετὰ
2453 4435 2694 4517 ἀνδρικοῦ
2763 4443 2856 4492 τοῦ
2911 4437 3249 4516 φρονήματος
3317 4433 3732 4514 ἀντιπαραταξώ-

365 4523 427 4584 in
481 4520 715 4582 Christo
771 4521 908 4582 Jesu
963 4519 1214 4583 Domino
1261 4528 1490 4597 nostro,
1562 4519 1657 4581 cui
1707 4520 1895 4600 gloria
1949 4519 2012 4580 in

2104 4530 2228 4602 μεθα
2258 4528 2388 4606 πρὸς
2420 4526 2596 4595 αὒτὸν,
2631 4527 2719 4582 καὶ
2749 4521 3148 4598 ἀποδυσώμεθα,
3192 4522 3285 4580 ἵνα
3335 4527 3426 4581 καὶ
3469 4530 3566 4592 τῆς
3611 4523 3725 4577 ἁτε-

367 4611 604 4675 saacula.
635 4613 855 4674 Amen.

2104 4616 2348 4684 λευτήτου
2416 4615 2651 4678 εὔκλείας
2723 4610 3106 4688 ἐπιτευξώμεθα
3173 4612 3226 4668 ἐν
3301 4621 3518 4694 Χριστῷ
3573 4611 3726 4678 Ἰησοῦ

2089 4710 2166 4778 τῷ
2196 4705 2364 4778 Κυρίῳ
2391 4705 2543 4780 ἡμῶν
2573 4707 2618 4779 ᾧ
2645 4705 2681 4772 ἡ
2708 4699 2827 4768 δόξα
2857 4702 2930 4765 εἷς
2958 4702 3077 4765 τοὺς
3105 4702 3321 4766 αἰῶνας.
3357 4702 3560 4775 Ἀμήν.

443 4874 502 4926 49
522 4873 696 4939 Joan.
727 4891 790 4953 x,
822 4873 925 4940 26.
1008 4871 1148 4937 9011
1179 4872 1312 4936 Cor.
1345 4890 1407 4950 ιι,
1443 4874 1542 4934 15.
1627 4871 1677 4916 εί
1711 4873 1878 4935 Joan.
1906 4887 2008 4934 vm

2111 4871 2168 4932 1.
2252 4869 2306 4914 99
2333 4869 2359 4933 Ι
2383 4870 2519 4937 Cor.
2555 4871 2652 4948 15,
2681 4871 2786 4934 26.
