4008 6114
322 271 478 336 1289

1792 253 2224 330 ΟΒΑΤἸΟΝΕΒ

3535 245 3695 331 1290

396 403 656 468 Joannes
683 403 954 486 Aloysius
985 400 1402 481 Mingarellius,
1436 399 1512 465 ad
1541 399 1678 463 cod.
1707 400 1964 464 Nanian.
1999 399 2201 464 CXXII
2224 400 2329 482 (α),
2377 401 2479 483 qui
2511 401 2783 466 continet
2812 400 3090 465 homilias
3115 397 3410 483 Xiphilini
3440 400 3695 484 patriar-

319 493 447 556 chae
475 491 1126 574 Constantinopolitani,
1157 490 1504 572 speciminis
1530 489 1661 554 loco
1691 489 1933 554 exhibet
1960 489 2260 554 vicesimae
2285 491 2506 573 quintae
2535 493 2887 575 prooemium
2915 489 2978 554 in
3000 509 3115 573 quo
3132 490 3282 554 scitu
3307 509 3429 555 non
3448 490 3695 574 indigna

323 581 400 645 de
429 582 722 646 haereticis
750 580 1120 647 Massalianis
1146 579 1444 660 leguntur.

629 719 923 785 ΚΥΡΙΑΚῌ
951 723 1085 773 ΤΩΝ
1113 720 1318 774 ΛΓΙΩΝ
1353 721 1654 775 ΠΑΝΤΩΝ.

449 843 474 880 ιι
508 820 827 901 Εὐαγγέλιον
856 819 917 876 ἐκ
945 830 1037 880 τοῦ
1059 822 1195 878 κατὰ
1223 825 1523 897 Ματθαϊον,
1553 842 1676 902 κεφ,
1711 809 1775 880 1⁸.
1813 841 1840 880 ι

401 929 509 986 Οὐκ
573 926 786 1008 ἄκαιρον
857 927 1013 1003 οἶμαι
1079 929 1196 1007 περὶ
1265 934 1362 996 τῆς
1418 935 1525 984 τῶν
1580 925 1964 985 Μασσαλιανῶν

320 1023 552 1096 μυσαρᾶς
609 1016 879 1096 αἱρέσεως,
930 1016 1236 1096 νβραχέαττα
1291 1016 1424 1097 (sic)
1480 1018 1610 1096 πρὸς
1652 1017 1788 1093 ὑμᾶς
1845 1012 1965 1070 δια-

317 1102 559 1170 λέξασθαι
594 1121 609 1134 ’
669 1101 851 1170 ἐπειδὴ
907 1105 995 1159 καὶ
1043 1105 1141 1172 τὴν
1208 1106 1404 1162 τούτων
1453 1102 1722 1174 ἀποϐολήν
1771 1125 1828 1160 τε
1877 1103 1966 1159 καὶ

318 1191 633 1272 ἀποκήρυξιν
700 1191 1120 1270 πανηγυρίζομεν
1177 1194 1408 1274 σήμερον
1441 1242 1455 1258 ,
1513 1192 1580 1261 ἢν
1635 1195 1663 1249 ὁ
1707 1191 1964 1272 φιλόχρι-

317 1301 438 1343 στος
481 1282 568 1336 καὶ
617 1278 983 1342 εὗσεϐέστατος
1025 1282 1178 1356 ἡμῶν
1229 1281 1471 1358 βασιλεὺς
1526 1280 1611 1337 ἐπὶ
1653 1279 1789 1336 πολὺ
1833 1301 1964 1358 κρυ-

315 1366 583 1442 πτομένην
623 1368 712 1422 καὶ
760 1367 882 1429 τοὺς
933 1365 1318 1447 ἁπλουστέρους
1367 1366 1718 1424 λανθάνουσαν
1779 1361 1967 1442 ἤλεγξέ

315 1476 373 1511 τε
401 1457 489 1512 καὶ
516 1453 822 1511 κατεδίκασε
855 1469 870 1485 ³
919 1457 1008 1511 καὶ
1060 1457 1151 1511 τὸν
1194 1456 1438 1536 ἀρχηγὸν
1480 1455 1691 1512 ἐκείνων
1738 1454 1825 1510 καὶ
1869 1457 1967 1518 τῆς

314 1545 500 1606 κακίας
549 1541 884 1619 διδάσκαλον,
944 1544 1064 1623 πυρὶ
1118 1541 1301 1618 δικαίῳ
1355 1545 1625 1625 κατέκρινε
1655 1558 1669 1574 ⁸
1760 1541 1859 1608 τὴν
1914 1538 1969 1594 δὲ

316 1634 553 1712 πονηρὰν
581 1633 782 1689 τούτων
830 1629 1185 1709 διδασκαλίαν,
1244 1633 1330 1690 ἐπὶ
1384 1639 1484 1700 τῆς
1542 1637 1803 1712 τοῦήθεοῦ
1831 1628 1964 1686 Ἐκ-

317 1699 540 1791 κλησίας
603 1723 1063 1799 ἀναθεματίζεσθαι
1132 1699 1542 1804 παρεσκεύασεν,
1637 1699 1770 1780 "lo-re
1846 1719 1962 1777 τοί-

318 1836 406 1871 νυν
437 1815 509 1877 ὡς
533 1816 580 1868 οἱ
608 1818 859 1889 τοιοῦτοι,
910 1813 972 1867 τὸ
1024 1818 1128 1870 τῶν
1182 1819 1435 1893 μοναχῶν
1491 1823 1827 1892 προσωπεῖον
1857 1828 1962 1865 πε-

321 1901 688 1982 ριϐαλλόμενοι
745 1899 863 1957 κατ’
917 1901 1104 1964 αὐτοὺς
1166 1901 1556 1982 ἀμφιέννυνται,
1616 1902 1705 1956 καὶ
1755 1901 1817 1955 τὸ
1870 1903 1962 1954 τοῦ

319 1994 602 2072 σχήματος
629 1989 1012 2070 προϐάλλονται
1061 1989 1268 2070 λέλεαρ,
1323 1998 1400 2066 τῷ
1454 1990 1629 2063 κωδίῳ
1687 1990 1778 2046 τὸν
1805 1987 1959 2044 λύκον

318 2080 720 2160 ἐπικρύπτοντες
797 2082 845 2135 οἱ
911 2079 1266 2136 κατάπτυστοι
1313 2098 1332 2117 ο
1407 2079 1638 2136 ἐντεῦθεν
1703 2078 1802 2134 ὑπὸ
1857 2082 1962 2132 τῶν

317 2168 689 2249 ἁπλουστέρων
744 2169 817 2230 ὡς
867 2165 1108 2231 εὐλαϐεῖς
1157 2167 1309 2234 δῆθεν
1359 2165 1786 2247 παραδεχόμενοι
1821 2183 1835 2198 ·
1892 2170 1961 2241 τῇ

315 2257 679 2338 χρηστολογίᾳ
724 2258 812 2313 τὸν
861 2258 939 2312 ἰὸν
981 2261 1080 2323 τῆς
1134 2257 1322 2320 κακίας
1373 2255 1811 2330 συναποπτύουσι,
1870 2253 1956 2309 καὶ

315 2353 393 2421 τῷ
449 2344 749 2423 μελικράτῳ
802 2349 1158 2424 παρακιρνῶσι
1213 2345 1275 2402 τό
1331 2343 1651 2424 δηλητήριον
1683 2356 1702 2376 ⁸
1758 2343 1845 2399 καὶ
1901 2340 1955 2396 ἐν

314 2435 460 2514 ἀρχῇ
518 2435 614 2510 μὲν
667 2430 849 2497 ἁπλῶς
909 2435 983 2496 εἰς
1038 2431 1246 2512 Πατέρα
1302 2434 1390 2490 καὶ
1459 2433 1578 2488 Υἱὸν
1647 2431 1762 2508 καὶ,
1803 2428 1954 2508 ἅγιον

315 2530 526 2598 Πνεῦμα
594 2521 856 2578 πιστεύειν
925 2517 1222 2578 διδάσκουσι
1256 2535 1272 2552 ⁶
1345 2521 1435 2577 καὶ
1513 2519 1789 2599 γινώσκειν
1863 2519 1952 2574 τὸν

315 2613 536 2691 Χριστὸν
592 2611 950 2688 σεσαρκῶσθαι
997 2627 1014 2646 ο
1065 2610 1153 2667 καὶ
1198 2610 1295 2665 τάτ
1337 2608 1678 2688 εὖαγγελὶκὰς
1737 2604 1952 2669 ἐντολὰς

314 2713 500 2780 τηρεῖν
556 2701 882 2756 ὑποτίθενται
915 2715 930 2730 ⁹
980 2701 1070 2756 καὶ
1115 2701 1501 2780 προσεύχεσθαι
1549 2699 1638 2754 καὶ
1685 2697 1956 2764 νηστεύειν

314 2791 401 2846 καὶ
453 2789 627 2855 πάσης
683 2788 997 2866 ἀκαθαρσίας
1048 2789 1284 2866 ἁγνεύειν
1339 2785 1646 2844 παιδεύουσι
1697 2805 1714 2822 ο
1770 2789 1954 2865 καιρού

315 2877 369 2935 δέ
423 2899 563 2942 τινος
616 2877 921 2958 προϊόντος,
976 2878 1384 2958 παρασπείρουσι
1433 2883 1511 2951 τῷ
1568 2876 1696 2950 σίτῳ
1749 2875 1836 2931 καὶ
1889 2874 1956 2931 τὰ

313 2968 512 3039 ζιζάνια
543 2985 564 3006 ο
620 2967 707 3023 καὶ
765 2965 852 3021 ὅτε
899 2966 1020 3029 τοὺς
1061 2964 1266 3030 ἀθλίους
1329 2966 1629 3046 χειροήθεις
1682 2962 1952 3042 ἐργάσων-

313 3077 424 3136 ται,
497 3055 585 3112 καὶ
651 3050 881 3110 λάϐωσιν
951 3052 1084 3109 εἵσω
1150 3060 1257 3111 τῶν
1309 3053 1513 3133 ἀρκύων
1569 3053 1630 3108 τὸ
1694 3051 1908 3129 θήραμα
1939 3067 1954 3082 °

315 3143 444 3200 τότε
514 3140 580 3210 δὴ
649 3143 739 3198 τὸν
807 3147 1044 3200 κυκεῶνα
1123 3140 1424 3222 ἐκχέουσιν,
1508 3138 1964 3216 ἀπαρακαλύπτως

1980 712 2036 775 Α

2269 711 2630 777 DOMINICA
2670 711 2958 777 OMNIUM
3003 709 3453 778 SANCTORUM

2336 816 2577 896 Evang.
2609 795 3134 912 sec._Matt‘hamm,
3167 832 3300 896 cap.
3332 815 3404 878 X.

2128 918 2176 982 E
2208 938 2275 984 re
2306 940 2436 984 esse
2458 921 2692 984 videtur
2719 921 2795 984 de
2824 920 3175 983 detestanda
3203 921 3693 985 Massalianorum

2049 1007 2264 1071 haeresi
2289 1027 2470 1090 pauca
2497 1010 2762 1091 quaedam
2786 1009 2859 1071 ad
2898 1029 3000 1072 vos
3031 1009 3386 1088 edisserere,
3409 1011 3593 1092 idque
3623 1030 3693 1075 eo

2051 1097 2238 1177 magis
2283 1099 2440 1180 quod
2486 1098 2750 1179 ipsorum
2801 1098 3459 1162 anathematizationem
3517 1101 3697 1165 hodie

2049 1187 2513 1266 promulgamus.
2535 1185 2665 1248 Jam
2690 1204 2828 1248 vero
2846 1186 3171 1267 imperator
3190 1195 3392 1251 noster
3409 1187 3695 1254 Christia-

2049 1275 2331 1339 nissimus
2360 1294 2429 1338 ac
2458 1275 2712 1338 maxime
2741 1276 2874 1356 pius
2901 1276 3065 1338 illam
3092 1275 3304 1358 ipsam,
3339 1297 3472 1358 quae
3500 1281 3690 1344 solem

2051 1363 2218 1443 fugit,
2244 1363 2663 1427 condemnavit
2692 1365 2898 1444 etejus
2929 1365 3360 1444 antesignatum
3384 1368 3696 1451 omnisque

2053 1454 2194 1514 mali
2215 1461 2511 1518 auctorem
2527 1453 2688 1533 justo
2708 1453 2831 1532 igni
2861 1453 3126 1532 tradidit,
3164 1456 3352 1536 ipsam
3382 1475 3523 1520 vero
3553 1477 3694 1540 per-

2052 1560 2288 1604 versam
2317 1542 2647 1604 doctrinam
2675 1541 2748 1603 ab
2779 1541 3045 1604 Ecclesia
3073 1545 3448 1608 anathemate
3472 1545 3696 1626 signari

2044 1629 2246 1710 jussit.
2279 1631 2428 1692 Hinc
2454 1631 2657 1692 videre
2697 1637 2789 1692 est
2817 1631 3158 1693 istiusmodi
3187 1633 3459 1696 homines
3486 1634 3695 1698 habitu

2048 1726 2281 1800 sumpto
2293 1718 2624 1781 monastico
2637 1718 2748 1780 sub
2761 1718 2918 1799 pelle
2934 1719 3190 1782 candida
3202 1721 3404 1803 lupum
3423 1723 3579 1787 foede
3594 1725 3696 1788 ab-

2047 1808 2434 1870 scondidisse.
2460 1805 2558 1869 Sic
2579 1807 2831 1868 infames
2853 1808 3008 1889 apud
3031 1809 3366 1891 plerosque,
3385 1811 3694 1892 probitatis

2044 1895 2261 1957 famam
2293 1903 2656 1974 arrogantes,
2690 1895 2874 1957 auditi
2905 1906 3062 1973 sunt,
3097 1897 3237 1978 quia
3255 1899 3543 1964 doctrinae
3570 1920 3692 1966 suae

2044 1984 2283 2046 malitiae
2303 2003 2594 2046 venenum
2619 2001 2938 2064 aspergere
2981 2003 3251 2066 escasque
3280 1989 3400 2050 mel
3432 1991 3688 2054 miscere

2047 2073 2361 2134 callebant.
2395 2073 2591 2136 Primo
2622 2073 2781 2136 enim
2812 2075 2873 2134 in
2903 2072 3159 2151 Patrem,
3194 2074 3434 2153 Filium,
3462 2097 3534 2141 ac
3560 2079 3694 2158 Spi-

2042 2163 2520 2242 ritum‘sanctum
2550 2179 2683 2222 sese
2714 2163 2960 2225 credere
3007 2161 3269 2224 similant
3297 2173 3356 2226 et
3388 2164 3684 2229 Christum

2042 2252 2414 2314 incarnatum
2443 2268 2574 2312 esse
2621 2249 2934 2311 afﬁrmant.
2986 2251 3086 2315 Sic
3139 2256 3316 2314 etiam
3347 2257 3692 2336 evangelica

2037 2338 2353 2402 observare
2383 2345 2676 2419 prmeepta
2707 2339 2982 2401 simulant
3003 2357 3356 2425 precesque,
3375 2344 3608 2424 jejunia
3633 2361 3695 2414 et

2037 2427 2236 2516 cordis
2261 2427 2610 2516 munditiem
2635 2427 2980 2508 praedicant.
3005 2426 3298 2510 Tempore
3323 2441 3520 2494 autem
3543 2451 3681 2516 pro-

2035 2515 2306 2591 cedente,
2338 2515 2630 2576 frumento
2659 2516 2881 2577 zizania
2901 2517 3159 2596 jungunt
3187 2525 3246 2580 et
3266 2518 3389 2600 ubi,
3414 2515 3560 2601 quos
3582 2540 3682 2585 vo-

2035 2603 2184 2680 lunt,
2220 2603 2334 2664 sibi
2361 2603 2680 2666 familiares
2710 2605 3105 2667 reddiderunt
3134 2614 3194 2668 et
3222 2609 3480 2687 prmdam
3514 2627 3684 2674 suam

2035 2691 2243 2754 dolose
2253 2692 2660 2766 obtinuerunt,
2688 2701 2810 2754 tum
2830 2692 2987 2754 virus
3009 2693 3320 2757 effundunt
3335 2714 3508 2757 suum
3526 2720 3541 2774 ;
3559 2705 3682 2761 tum

2036 2780 2348 2842 manifesto
2375 2781 2812 2860 blasphemant,
2846 2789 2969 2844 tum
3002 2783 3226 2845 diaboli
3254 2784 3587 2848 doctrinam
3621 2795 3682 2849 et

2035 2868 2326 2931 fallaciam
2339 2870 2659 2948 divulgant,
2675 2889 2806 2951 quas
2827 2871 3026 2933 omnia
3045 2871 3107 2932 in
3130 2873 3391 2934 medium
3414 2875 3681 2956 proferre

2039 2977 2158 3020 non
2188 2967 2277 3020 est
2317 2959 2494 3038 hujus
2547 2959 2686 3022 loci.
2739 2958 2907 3032 Quod
2950 2967 3145 3022 autem
3193 2961 3512 3042 pessimam
3561 2982 3684 3045 prae

2044 3064 2110 3109 se
2141 3047 2340 3108 ferunt
2366 3047 2670 3122 haeresim,
2702 3046 2763 3109 id
2792 3065 2935 3110 sane
2956 3066 3058 3110 vos
3081 3047 3281 3111 sciatis
3302 3069 3548 3114 necesse
3570 3060 3679 3115 est.

2044 3137 2194 3198 Nam
2223 3136 2455 3199 etiamsi
2483 3136 2545 3197 in
2577 3135 2872 3217 principio
2915 3154 3014 3198 res
3058 3137 3343 3201 honestas
3371 3139 3538 3222 sequi
3566 3140 3684 3203 fin-

319 3233 777 3313 βλασφημοῦντες,
833 3233 923 3288 καὶ
975 3233 1042 3288 τὰ
1095 3241 1190 3291 τοῦ
1236 3229 1479 3288 διαϐόλου
1537 3237 1955 3308 μυσταγωγῶν-

2047 3231 2207 3303 gant,
2297 3223 2469 3286 nobis
2557 3233 2754 3286 tamen
2842 3223 3083 3287 nomine
3150 3233 3374 3289 tantum
3455 3229 3683 3294 similes

1638 3285 1704 3376 τε
1724 3285 1831 3375 Ικαιὶ
1858 3285 1955 3374 δσα

2041 3285 2207 3388 sunt;
2221 3329 2430 3402 reapse
2451 3319 2568 3374 toto
2598 3285 2746 3374 coelo
2778 3329 2812 3374 a
2853 3285 3680 3380 nobisﬁdistﬁantwifjumIn—im

315 3415 463 3488 εἰσὶν,
508 3401 582 3472 οὒ
622 3418 716 3469 τοῦ
774 3410 1032 3490 παρόντος
1088 3409 1262 3490 λέγειν
1319 3419 1502 3490 καιροῦ
1533 3425 1549 3442 ⁶
1609 3410 1781 3487 μίγμα
1835 3405 1955 3464 ὅντα

2039 3401 2339 3465 tenebrosi
2359 3401 2480 3464 sint
2507 3401 2580 3463 ad
2610 3401 2797 3462 instar
2827 3403 3013 3482 patris
3033 3403 3326 3483 ipsorum,
3358 3404 3553 3468 lucem
3574 3406 3678 3469 fal-

312 3499 506 3580 σχεδὸν
561 3502 742 3568 πάσης
811 3499 1094 3580 αἰσχίστης
1144 3499 1414 3580 αἱρέσεως.
1489 3503 1655 3556 Τοῦτο
1727 3496 1823 3573 μὲν
1878 3513 1955 3551 τοι

2041 3510 2107 3553 so
2135 3491 2434 3565 simulant,
2466 3493 2703 3554 Patrem
2735 3490 3020 3580 etFilium
3035 3492 3386 3574 etSpiritum
3407 3503 3677 3558 sanctum

314 3579 488 3665 χρεὼν
519 3587 702 3645 εἰδέναι
729 3589 865 3664 ὑμᾶς
894 3579 937 3618 ’ί
971 3589 1044 3651 ὡς
1094 3585 1188 3646 κᾶν
1237 3586 1291 3644 ἓν
1341 3587 1491 3666 ἀρχῇ
1537 3593 1755 3644 τοιαῦτα
1789 3580 1955 3639 διδάσ-

2042 3597 2146 3642 ore
2176 3580 2546 3660 proﬁtentur,
2579 3579 2685 3640 sed
2713 3579 2888 3640 aliam
2937 3597 3112 3660 quam
3159 3599 3294 3658 nos,
3328 3581 3680 3647 Trinitatem

313 3694 475 3730 κωσιν
505 3675 578 3736 ὡς
606 3675 934 3754 προείρηται,
978 3673 1116 3731 ἀλλὰ
1169 3687 1287 3739 τοϊς
1345 3674 1568 3749 ὀνόμασι
1613 3670 1792 3744 μόνοις
1819 3671 1962 3744 ἡμῖν

313 3759 661 3842 συμφέρονται
693 3778 712 3798 ⁶
786 3774 908 3824 ταῖς
978 3760 1033 3816 δὲ
1098 3763 1371 3840 πράγμασι
1427 3759 1760 3815 παντάπασιν
1824 3755 1963 3834 ἀφε-

312 3851 538 3920 στήκασι
573 3867 586 3882 ’
642 3849 731 3904 καὶ
759 3848 946 3910 σκότος
1004 3846 1150 3910 ὄντες
1206 3849 1344 3903 κατὰ
1388 3848 1477 3903 τὸν
1527 3843 1727 3924 πατέρα
1755 3843 1952 3918 αὐτῶν,

311 3940 373 3994 τὸ
427 3942 538 4018 φῶς
591 3934 976 4016 ὑποκρίνονται.
1031 3934 1226 3992 Αὐτίκα
1281 3933 1490 4014 Πατέρα
1542 3935 1631 3991 καὶ
1681 3933 1800 3989 Υἱὸν
1846 3933 1956 4018 καὶ

315 4017 464 4105 ἅγιον
535 4030 750 4100 Πνεῦμα
818 4021 1042 4098 στόματι
1100 4024 1258 4100 τιμᾷν
1314 4019 1715 4102 δογματίζοντες
1772 4017 1953 4100 ἑτέραν

312 4117 410 4180 τῆς
467 4109 592 4192 παρ’
660 4113 816 4187 ἡμῶν
870 4105 1161 4186 σεϐομένης
1216 4113 1522 4189 ζωαρχικῆς
1580 4108 1729 4188 ἁγίας
1785 4106 1950 4185 Τριά-

313 4198 400 4265 δος
449 4196 642 4280 Τριάδα
687 4195 951 4269 δοξάζουσι
984 4211 1000 4228 ⁸
1053 4199 1144 4254 καὶ
1193 4197 1572 4278 ὑπερκειμένην
1626 4196 1744 4255 τινὰ
1797 4193 1948 4260 ὲξου-

313 4289 427 4344 σίαν
489 4288 544 4343 ἐν
611 4291 689 4360 τῷ
757 4283 1197 4364 μυθολογουμένῳ
1263 4282 1387 4365 παρ’
1455 4289 1623 4344 αὐτῶν
1679 4282 1951 4362 ὑπερτάτῳ

317 4373 525 4455 (codex
581 4372 720 4446 108,
778 4373 834 4430 ἐν
887 4385 1007 4437 τοῖς
1067 4371 1540 4452 μυθολογουμένας
1592 4367 1717 4451 παρ’
1773 4369 1943 4455 αὑτῶν

313 4452 633 4542 ὑπερτάτην)
683 4466 788 4518 τῶν
853 4460 990 4518 ἑπτὰ
1042 4459 1274 4540 οὐρανῶν
1328 4457 1762 4538 ὑπερκαθημένην
1815 4452 1944 4511 δυσ-

312 4548 479 4614 σεϐῶς
576 4546 960 4610 ἀναπλάττουσι
1015 4565 1029 4580 ⁶
1121 4548 1211 4605 καὶ
1303 4545 1745 4626 ἀνθρωπόμορφον
1824 4543 1946 4600 εἷνα

2042 3668 2346 3747 docentes,
2382 3677 2440 3731 et
2467 3678 2600 3750 post
2617 3669 3163 3749 septimumcoelum
3190 3670 3352 3735 aliud
3379 3672 3679 3753 quoddam

2045 3756 2335 3836 majus_ac
2362 3756 2578 3819 celsius
2608 3775 2728 3818 non
2756 3757 2889 3819 sine
2915 3758 3080 3837 gravi
3092 3775 3294 3822 errore
3318 3769 3677 3839 astruentes,

2033 3843 2097 3906 in
2127 3863 2243 3926 quo
2274 3847 2532 3908 humana
2553 3845 2753 3908 omnia
2771 3861 2903 3910 esse
2923 3854 3240 3926 nugantur.
3264 3847 3677 3929 Virginitatem

2035 3950 2212 4014 porro
2241 3935 2314 3996 ab
2344 3953 2413 3997 ea
2439 3952 2613 4016 quam
2643 3953 2753 3996 nos
2781 3934 3130 4016 profitemur
3146 3935 3519 4001 differentem
3545 3946 3675 4001 sta-

2035 4028 2230 4088 tuunt.
2261 4021 2381 4085 Nos
2428 4024 2587 4085 enim
2634 4041 2765 4086 eam
2811 4023 3227 4103 amplectimur
3274 4025 3412 4106 quia
3441 4043 3673 4090 connu-

2034 4110 2134 4173 bio
2164 4111 2666 4176 honorabiliorem
2697 4129 2764 4173 ac
2787 4110 3194 4174 sublimiorem
3235 4114 3670 4194 existimamus,

2030 4200 2117 4264 illi
2144 4209 2364 4279 autem,
2391 4203 2532 4282 quia
2553 4199 2990 4264 matrimonium
3030 4199 3388 4264 fastidiunta
3413 4202 3666 4266 Domino

2028 4290 2342 4371 sancitum,
2379 4312 2403 4348 ι
2439 4289 2880 4352 matrimonium
2910 4289 3172 4351 etlectus
3199 4308 3408 4372 purus,
3438 4309 3537 4354 res
3566 4311 3666 4354 sa-

2027 4396 2130 4441 cra
2160 4404 2187 4436 ι
2209 4380 2466 4442 dicente.
2491 4378 2923 4442 Continentiam
2940 4377 3160 4441 deinde
3174 4397 3411 4462 quoque
3437 4380 3666 4462 praedi-

2025 4476 2182 4543 cant,
2216 4487 2334 4529 non
2381 4485 2518 4530 vero
2574 4475 2638 4528 ut
2683 4467 3068 4549 cupiditatum
3117 4468 3521 4547 domitricem,
3557 4470 3666 4533 sed

2027 4557 2165 4637 quia
2189 4555 2352 4617 cibos
2379 4563 2656 4637 tanquam
2687 4556 2907 4618 diaboli
2937 4557 3095 4619 dona
3115 4566 3524 4622 exsecrantur.
3549 4560 3673 4624 So-

310 4641 505 4708 ταύτην
575 4636 894 4701 διδάσκουσι.
965 4636 1074 4705 Τὴν
1158 4636 1434 4718 παρθενίαν
1503 4633 1738 4691 ἐναντίαν
1808 4633 1944 4706 ἡμῖν

2039 4633 2296 4706 litudinis
2322 4633 2589 4708 amorem
2620 4644 2901 4708 simulant
2923 4653 2982 4708 et
2999 4646 3063 4708 in
3082 4645 3214 4709 loca
3233 4647 3472 4710 deserta
3496 4665 3673 4710 sece-

225 4785 236 4794 ,
311 4731 716 4808 προσποιεῖσθαι
773 4722 1143 4796 σπουδάζουσιν
1177 4741 1192 4757 °
1253 4727 1416 4800 ἡμεῖς
1460 4724 1559 4800 μὲν
1605 4722 1708 4802 γὰρ
1758 4718 1844 4777 διὰ
1885 4721 1948 4776 τὸ

311 4815 626 4896 τιμιωτέραν
675 4813 818 4872 εἶναι
859 4819 952 4870 τοῦ
994 4813 1166 4892 γάμου
1209 4813 1298 4870 καὶ
1347 4808 1678 4890 ὑψηλοτέραν
1717 4810 1806 4896 καὶ
1850 4828 1948 4896 τε-

312 4900 471 4968 λείοις
516 4893 960 4982 κατορθουμένην,
1009 4901 1174 4969 αὐτὴν
1228 4901 1563 4977 ἀσποζόμεθα
1593 4913 1608 4930 '
1669 4899 1717 4955 οἱ
1758 4895 1814 4954 δὲ
1866 4893 1950 4952 διὰ

311 4993 374 5048 τὸ
430 4993 520 5047 τὸν
577 4991 750 5069 γάμον
800 4987 1187 5068 βδελύττεσθαι,
1259 4989 1318 5045 ὃν
1387 4990 1416 5044 ὁ
1482 4987 1668 5068 Κύριος
1736 4984 1948 5048 πάντως

311 5077 567 5158 εὐλόγησε
597 5092 612 5109 °
647 5080 844 5155 τίμιος,
878 5078 1060 5154 εἰπὼν,
1093 5079 1122 5134 ὁ
1172 5077 1367 5157 γάμος,
1399 5077 1488 5133 καὶ
1515 5077 1552 5148 ἡ
1577 5075 1731 5141 κοίτη
1759 5072 1946 5150 ἀμίανο

308 5189 425 5230 τος.
496 5165 838 5246 Ἐγκράτειαν
904 5167 994 5222 καὶ
1050 5167 1191 5222 οὗτοι
1241 5163 1591 5240 παιδεύουσιν,
1650 5158 1768 5219 ἁλλ’
1841 5164 1946 5240 οὐχ

309 5256 383 5318 ὡς
450 5259 557 5312 τῶν
621 5256 802 5310 παθῶν
877 5253 1287 5324 κατευναστικήν
1319 5268 1336 5286 ⁸
1384 5251 1522 5308 ἀλλά
1572 5253 1639 5307 τὰ
1692 5250 1946 5330 βρῳματα

310 5341 715 5421 μυσαττόμενοι,
785 5343 860 5404 ὡς
927 5350 1020 5401 τοῦ
1087 5346 1320 5422 πονηροῦ
1406 5338 1726 5418 δημιουργοῦ
1793 5335 1944 5406 δὴθεν

304 5433 603 5510 ποιήματα,
673 5430 783 5498 Τὴν
831 5429 1061 5514 ἡσυχίαν
1116 5429 1326 5510 ἀγαπᾷν
1381 5429 1748 5510 ὑποκρίνονται
1781 5444 1795 5460 ⁸
1856 5425 1946 5483 καὶ

2029 4732 2196 4808 dunt,
2269 4733 2577 4795 hominum
2639 4740 2856 4796 emtum
2922 4734 3214 4814 fugientes
3271 4743 3331 4797 et
3383 4735 3672 4817 vituperia

2029 4820 2336 4885 evitantes.
2381 4822 2432 4883 A
2459 4819 2733 4884 Flaviano
2781 4829 2979 4886 autem
3030 4822 3350 4887 Antiochiae
3393 4824 3672 4906 episcopo

2027 4909 2390 4990 reprehendi
2401 4919 2728 4990 cmperunt.
2744 4908 2854 4982 Qui
2867 4909 3026 4972 enim
3038 4911 3255 4973 multos
3272 4911 3534 4993 undique
3551 4930 3675 4975 mo-

2030 4998 2258 5059 nachos
2275 4999 2711 5061 convocavisset
2730 4998 2833 5080 qui
2852 4999 2926 5060 ad
2949 5017 3133 5060 unum
3156 5017 3364 5063 omnes
3394 5000 3672 5064 haeresim

2023 5085 2403 5165 abjiciebant,
2421 5087 2684 5166 singulos
2701 5104 2899 5149 coram
2921 5103 2988 5148 se
3005 5088 3326 5150 arcessitos
3348 5089 3463 5151 hoc
3489 5089 3670 5151 modo

2027 5184 2115 5236 est
2142 5174 2473 5239 allocutus:
2506 5174 2619 5256 Tu,
2647 5175 2750 5256 qui
2793 5175 2920 5256 jam
2968 5175 3172 5238 senior
3220 5195 3307 5259 es,
3341 5178 3668 5240 humanam

2025 5271 2299 5326 naturam
2329 5264 2543 5327 melius
2567 5262 2860 5341 cognitam
2909 5263 3094 5327 habes
3142 5271 3201 5328 et
3230 5265 3508 5328 inimicos
3535 5273 3672 5328 tuos

2026 5359 2230 5434 utpote
2283 5369 2319 5415 a
2365 5352 2520 5416 malo
2574 5351 2847 5415 daemone
2889 5351 3171 5416 excitatos
3216 5353 3418 5432 nosti;
3471 5351 3674 5432 gratia

2026 5458 2206 5522 porro
2227 5442 2708 5524 experimentum
2723 5440 2945 5510 fecisti.
2957 5443 3176 5507 Contra
3192 5441 3294 5505 isti
3307 5443 3668 5509 adolescen-

397 5621 486 5706 (a)
515 5619 712 5690 Gravi
725 5619 960 5687 codices
984 5636 1124 5688 om.
1155 5620 1325 5703 apud
1350 5617 1588 5687 Nautes
1609 5618 1901 5702 patricios
1937 5619 2178 5686 Venetos
2202 5620 2528 5699 mercati,
2559 5619 2840 5686 Bononia:
2859 5619 3044 5700 4784,
3073 5620 3161 5702 4ο,
3191 5633 3254 5705 p.
3286 5621 3431 5688 253.

940 5749 1199 5824 Parnm.
1222 5749 1396 5820 CXX.

3235 5755 3309 5819 41
