4008 6114
443 215 593 287 1291

440 438 973 522 comprehendunt.
1009 435 1176 499 Nunc
1205 436 1324 512 dic,
1355 452 1577 516 quaeso,
1627 435 1924 517 quomodo
1955 435 2083 514 spi-

439 528 589 590 ritus
617 527 993 590 adversarius
1024 523 1266 588 recedat
1296 532 1356 586 et
1387 523 1643 605 Spiritus
1672 531 1909 585 sanctus
1941 540 2082 602 pre-

439 615 612 678 cibus
640 634 708 678 ac
737 613 1270 697 supplicationibus
1323 613 1536 674 vestris
1583 619 1798 687 motus,
1836 610 2081 690 gratiam

1705 214 2030 282 JOANNIS
2072 210 2185 279 GP.
2230 210 2567 278 DIACONI.

441 358 532 414 tes
563 349 712 416 nihil
751 349 938 432 probe
985 309 1182 414 sciunt
1229 354 1290 412 et
1315 364 1623 411 sermones
1653 347 1932 427 mysticos
1965 362 2102 430 non

3665 201 3826 270 1292

2169 342 2224 400 ἐν
2291 342 2537 415 ἱδιάζουσι
2604 343 2788 406 τόποις
2857 347 3247 422 προσκαθῆσθαι
3299 340 3759 422 προσπλάττονται
3793 354 3812 371 ⁶

2165 434 2258 496 τὰς
2323 431 2606 498 ἐκκλησίας
2677 431 2956 510 φεύγοντες
3053 434 3139 488 καὶ
3207 431 3563 510 ἀνεξέλεγκτον.
3634 429 3815 505 μένειν

2165 518 2564 592 σπουδάζοντες.
2599 521 2668 577 Τὸ
2724 525 2930 599 πρῶτον
2987 517 3034 576 δ’
3089 521 3189 576 ὑπὸ
3239 518 3534 578 Φλαϐιανοῦ
3564 527 3663 577 τοῦ
3693 515 3815 574 Ἀν-

2163 611 2404 690 τιοχεὶας
2459 609 2802 687 ἠλέγχθησαν
2835 627 2852 645 ⁶
2912 613 3062 674 οὗτος
3117 610 3216 688 γὰρ
3271 609 3499 673 πολλοὺς
3529 607 3817 687 μοναχοὺς

443 721 612 767 suam
626 695 907 766 effundat.
923 706 1072 765 Tum
1087 701 1187 784 qui
1199 701 1278 764 ita
1290 700 1683 779 interrogatus
1696 699 1885 761 fuerat
1904 717 1918 761 :
1945 697 2080 759 Nul-

2164 697 2268 754 ἆπὺ
2319 697 2519 754 τούτων
2571 696 2771 773 (codex
2824 697 2959 778 108,
3021 698 3129 753 ἀπὸ
3181 700 3410 775 πάντων)
3469 695 3818 776 συγκαλέσα-

438 791 580 872 lam,
614 792 827 873 inquit,
861 791 1103 863 scimus,
1138 809 1171 852 e
1192 787 1485 870 baptismo
1507 787 1818 850 utilitatem
1852 787 2078 858 redun-

439 878 604 955 dare,
625 897 831 962 preces
855 897 997 942 vero
1011 878 1166 940 solas
1177 876 1505 939 dzemo'nem
1521 875 1948 937 inhabitantem
1974 893 2080 935 ex-

436 967 662 1048 pellere
704 986 880 1050 posse
921 984 1265 1048 persuasum
1314 964 1622 1027 habemus.
1656 962 2079 1044 Unusquisque

437 1053 599 1115 enim
631 1071 667 1118 a
708 1054 1033 1135 majoribus
1076 1053 1198 1116 suis
1235 1053 1456 1135 pendet
1477 1052 1669 1134 quoad
1701 1051 1992 1131 originem
2023 1057 2080 1112 et

436 1141 631 1222 quoad
648 1145 994 1206 servitutem
1011 1160 1186 1222 quam
1199 1141 1570 1203 daemonibus
1583 1148 1841 1222 prastat;
1864 1139 1962 1222 qui
1978 1139 2080 1201 ubi

2162 807 2320 861 μενος
2390 785 2734 865 ἀρνουμένους
2803 786 2903 854 τὴν
2976 785 3202 865 αἵρεσιν,
3277 787 3443 851 οὕτως
3496 784 3748 862 διήλεγξε
3796 802 3816 820 ⁶

2160 871 2479 952 παραλαϐὼν
2527 874 2626 952 γὰρ
2673 871 2793 930 κατ’
2845 871 2972 930 ἰδίαν
3020 873 3242 952 γέροντά
3285 898 3404 931 τινα
3454 872 3577 953 παρ’
3626 876 3821 933 αὺτοῖς

2159 960 2445 1042 ἐπίσημον,
2476 960 2614 1018 οὕτω
2662 963 2815 1041 φησίν
2871 979 2885 991 ⁶
2940 953 3146 1037 Ὑμεῖς,
3205 965 3251 1019 ὦ
3288 961 3574 1042 πρεσϐεύτα
3607 961 3822 1034 (codex

2162 1047 2279 1111 108
2306 1051 2495 1123 ἡμεῖς,
2529 1072 2574 1105 ω
2621 1048 2934 1130 πρεσϐύτα),
2983 1049 3356 1130 ἀκριϐέστατον
3408 1051 3613 1131 (codex
3668 1050 3810 1123 108,

2160 1137 2550 1219 ἀκριϐέστερον)
2641 1141 2727 1196 καὶ
2815 1141 2913 1208 τὴν
2980 1141 3304 1222 ἀνθρώπειαν
3373 1143 3523 1222 φύσιν
3589 1140 3821 1216 ἐμάθετε

435 1233 620 1293 semel
634 1230 911 1312 precibus
924 1230 1318 1312 expulsisunt,
1341 1228 1592 1310 Spiritus
1604 1237 1839 1290 sanctus
1863 1227 2074 1290 visibi-

2162 1227 2307 1308 (cod.
2342 1228 2456 1289 108
2506 1227 2818 1309 ἐμάθομεν),
2868 1231 2956 1286 καὶ
3020 1232 3085 1288 τὰ
3139 1238 3244 1287 τῶν
3299 1231 3598 1292 ἀντιπάλων
3638 1250 3654 1264 ⁸
3710 1227 3829 1284 δαι-

435 1316 574 1379 liter
591 1319 822 1382 accedit
841 1337 856 1395 ;
877 1327 937 1383 et
953 1319 1148 1381 statim
1180 1335 1394 1398 corpus
1423 1336 1458 1378 a
1487 1317 1642 1379 tristi
1670 1317 1770 1378 illa
1799 1317 2074 1377 domina-

437 1408 598 1470 tione
626 1407 934 1480 liberatur,
967 1406 1163 1469 anima
1209 1413 1404 1468 autem
1457 1405 1628 1467 malis
1656 1403 2076 1485 cupiditatibus

429 1493 556 1575 jam
588 1514 706 1558 non
735 1515 799 1560 se
826 1495 1087 1576 subjicit.
1120 1494 1251 1557 Non
1283 1495 1442 1559 enim
1467 1494 1697 1574 jejunio
1718 1512 1935 1573 corpus
1958 1512 2076 1554 ma-

2157 1318 2333 1392 μόνων
2365 1315 2560 1395 ἔγνωτε
2593 1316 2699 1396 (al.
2755 1317 2888 1380 60d.
2940 1317 3200 1399 ἔγνωμεν)
3253 1322 3630 1400 μηχανήματα
3662 1319 3827 1396 πείρᾳ

2158 1402 2212 1460 δὲ
2267 1405 2354 1461 καὶ
2423 1406 2521 1469 τὴν
2591 1407 2855 1485 χορηγίαν
2923 1413 3020 1474 τῆς
3079 1409 3299 1488 χάριτος
3344 1406 3664 1488 ἐδιδάχθητε
3732 1405 3828 1485 (al

2157 1491 2289 1554 σοά.
2343 1491 2714 1573 ἐδιδάχθημεν)
2753 1513 2767 1528 ⁸
2826 1497 2967 1552 οὗτοι
3020 1493 3074 1551 δὲ
3132 1496 3238 1552 νέοι
3290 1494 3458 1567 ὄντες,
3508 1498 3598 1552 καὶ
3657 1495 3824 1574 ἀκρι-

435 1591 698 1659 cerante,
723 1603 834 1648 nec
860 1583 1170 1665 praeceptis
1193 1583 1376 1645 malas
1405 1583 1685 1645 libidines
1713 1582 2076 1644 refrenanti-

2162 1577 2261 1644 ὗῶς
2292 1580 2442 1657 (cod.
2505 1581 2642 1662 108,
2703 1581 2936 1663 ἀκριϐὲς)
2971 1582 3116 1644 οὐδὲν
3165 1585 3559 1664 ἐπιοστάμενοι,
3620 1606 3826 1660 μυστι-

434 1668 704 1752 buSOpus
717 1679 828 1736 est.
860 1671 985 1734 Hac
1010 1680 1207 1736 mente
1235 1670 1499 1734 imbutus
1517 1672 1697 1734 homo
1719 1690 1850 1752 qua:
1880 1671 2076 1732 futura

2162 1669 2404 1749 κωτέρων
2462 1667 2639 1748 λόγων
2696 1671 2906 1728 ἀκούειν
2961 1676 3021 1732 οὒ
3076 1672 3317 1752 φέρουσιν
3377 1694 3395 1710 ο
3451 1677 3639 1732 οὐκοῦν
3705 1673 3826 1728 εἶπέ

434 1765 572 1820 sunt
607 1759 908 1840 praevidet,
941 1759 1292 1821 Trinitatem
1334 1777 1574 1840 quoque
1615 1759 1773 1820 clare
1804 1765 2075 1820 contem-

2162 1779 2274 1834 μοι,
2327 1764 2443 1822 πῶς
2495 1780 2624 1840 φατε
2679 1761 2768 1816 καὶ
2817 1760 2876 1816 τό
2925 1761 3156 1818 ἐναντίον
3213 1773 3418 1838 πνεῦμα
3471 1764 3823 1841 ὑποχωρεῖν,

433 1847 650 1926 platur,
675 1855 734 1911 et
761 1866 962 1910 rerum
985 1847 1325 1910 divinarum
1352 1855 1411 1909 et
1430 1847 1844 1928 mysteriorum
1870 1849 2076 1926 cogni-

2162 1848 2248 1902 καὶ
2314 1856 2406 1906 τοῦ
2475 1849 2734 1926 παναγίου
2791 1850 3093 1924 Πνεύματος
3162 1853 3260 1918 τὴν
3317 1853 3473 1932 χάριν
3531 1851 3828 1928 ἐπιφοιτᾷν

433 1933 596 1997 tione
613 1935 826 2016 dignus
839 1944 1138 1999 censetur.
1154 1934 1344 1998 Senex
1368 1936 1691 1998 monachus
1714 1936 1798 1998 sic
1833 1935 2080 1997 meliora

2163 1934 2247 1992 διὰ
2304 1942 2402 2004 τῆς
2461 1939 2718 2018 ὑμετέρας
2785 1945 2952 2020 εὐχῆς
3023 1943 3109 1998 καὶ
3165 1942 3572 2009 ἐπιτηδεύσεως.
3640 1935 3702 1999 Ὀ
3769 1941 3828 1997 δὲ

435 2023 678 2087 edoctus
694 2027 967 2088 haeresim
999 2022 1411 2086 detestabilem
1444 2024 1503 2085 in
1535 2031 1963 2103 omnetempus
1982 2022 2080 2084 ab-

2163 2025 2448 2093 ἀπατηθείς
2519 2049 2680 2106 φησιν
2753 2045 2770 2062 ⁶
2844 2027 3099 2104 Οὐδεμίαν
3174 2030 3233 2088 ἐκ
3293 2039 3387 2088 τοῦ
3447 2033 3832 2108 βαπτίσματος

425 2111 610 2193 jurat.
645 2112 764 2176 Sed
793 2115 917 2177 hzec
943 2112 1260 2177 sufﬁciant.
1316 2111 1434 2175 Nos
1473 2119 1672 2174 autem
1702 2111 1846 2174 illud
1881 2115 2078 2174 Evan-

2163 2113 2322 2190 ἴσμεν
2377 2113 2634 2195 ὠφέλειαν
2691 2114 2917 2193 γίνεσθαι
2969 2137 2985 2154 ο
3041 2118 3210 2192 μόνην
3269 2117 3322 2175 δὲ
3379 2121 3477 2188 τὴν
3528 2118 3831 2176 σπουδαίαν

433 2200 574 2279 gelii
603 2203 827 2267 dictum
851 2201 1256 2265 examinemus
1277 2220 1344 2263 ac
1366 2220 1606 2282 semper
1631 2200 1706 2262 ob
1738 2199 1943 2262 oculos
1971 2201 2080 2262 ha-

2166 2203 2334 2283 εὒχὴν
2404 2206 2495 2260 τὸν
2566 2204 2768 2262 ἔνοικον
2825 2208 2913 2262 καὶ
2975 2209 3388 2284 συνουσιωμένον
3445 2207 3674 2284 δαίμονα
3736 2207 3829 2274 ἐξ·

431 2287 708 2353 beamus:
732 2289 1189 2354 DixitDominus
1209 2289 1519 2371 discipulis
1548 2288 1700 2351 suis:
1727 2287 2076 2369 Quicunque

2162 2290 2434 2348 ἐλαύνειντ
2508 2292 2651 2369 ἔγχει
2725 2295 2826 2372 γὰρ
2882 2293 3100 2359 ἕκαστος
3156 2297 3216 2352 ἐκ
3270 2307 3364 2356 τοῦ
3416 2297 3764 2376 προπάτορος
3807 2317 3820 2354 τ

431 2378 808 2442 conﬁtebitur
840 2382 897 2444 in
929 2380 1169 2443 nomine
1199 2396 1356 2455 meo,
1389 2385 1506 2441 etc.

2162 2379 2336 2459 ὥσπερ
2365 2381 2464 2447 τὴν
2501 2381 2676 2461 φύσιν,
2727 2381 2891 2445 οὕτως
2939 2384 3027 2439 καὶ
3078 2384 3175 2450 τὴν
3219 2391 3325 2441 τῶν
3373 2382 3637 2460 δαιμόνων
3689 2383 3824 2444 δου-

430 2465 574 2524 λείαν
641 2471 714 2525 ὧν
784 2471 885 2526 ὑπὸ
954 2476 1052 2538 τῆς
1138 2475 1306 2551 εὐχῆς
1391 2469 1744 2544 ἐλανομένων,
1831 2469 2075 2548 ἐπιφοιτᾷ
2148 2468 2332 2527 λοιπὸν
2396 2471 2456 2526 τὸ
2521 2471 2779 2550 πανάγιον
2845 2479 3056 2548 Πνεῦμα
3113 2475 3316 2553 ὁρατῶς
3371 2497 3428 2531 τε
3485 2477 3572 2531 καὶ
3629 2478 3829 2544 αἰσθη-

428 2563 534 2622 τῶς
565 2574 584 2592 ⁶
657 2559 746 2614 καὶ
801 2560 862 2615 τὸ
919 2559 1017 2635 μὲν
1075 2560 1231 2634 σῶμα
1288 2560 1432 2624 εὐθὺς
1485 2565 1582 2626 τῆς
1641 2558 1900 2634 ἐμπαθοῦς
1955 2559 2215 2629 κινήσεως
2287 2558 2632 2639 ἠλευθέρωται
2667 2577 2681 2591 '
2740 2563 2776 2628 ἡ
2832 2559 2886 2617 δὲ
2957 2563 3138 2644 ψυχὴ,
3191 2569 3292 2631 τῆς
3357 2563 3442 2620 ἐπὶ
3509 2565 3575 2620 τὰ
3642 2567 3823 2645 χείρω

427 2645 600 2724 ῥοπῆς
631 2661 646 2676 ⁸
698 2649 773 2711 ὡς
823 2648 1016 2721 μηκέτι
1063 2647 1264 2707 δεῖσθαι
1318 2652 1454 2724 μήτε
1503 2651 1745 2716 νηστείας
1798 2648 2079 2718 πιεζούσης
2143 2650 2205 2707 τὸ
2256 2656 2433 2726 σῶμα,
2485 2652 2621 2726 μήτε
2693 2649 3026 2715 διδασκαλίας
3076 2652 3404 2734 χαλινούσης
3455 2652 3571 2734 (αἱ,
3621 2655 3825 2718 codex

429 2734 783 2814 χαρονούσης)
840 2736 938 2804 τὴν
1015 2740 1200 2819 ψυχὴν
1255 2740 1344 2796 καὶ
1395 2739 1484 2795 τὸν
1553 2748 1696 2811 νοῦν,
1767 2738 1870 2793 ἀπὸ
1923 2737 2102 2804 πάσης
2159 2744 2395 2817 πονηρᾶς
2464 2738 2725 2818 ἐνεργείας
2794 2742 2883 2796 καὶ
2937 2740 3270 2816 ἐνθυμήσεως
3329 2756 3343 2774 ⁹
3403 2740 3694 2821 προϐλέπει
3756 2743 3817 2799 δὲ

427 2825 516 2881 καὶ
570 2823 635 2880 τὰ
684 2823 945 2900 μέλλοντα
1003 2835 1182 2908 σαφῶς
1243 2830 1272 2885 ὁ
1320 2837 1578 2901 τοιοῦτος,
1639 2828 1726 2882 καὶ
1792 2827 1889 2892 τὴν
1953 2827 2104 2903 ἁγίαν
2163 2825 2354 2906 Τριάδα
2424 2827 2840 2908 ὀφθαλμογανῶς
2907 2832 3121 2908 θεωρεῖ,
3191 2832 3280 2887 καὶ
3349 2829 3648 2909 θεολογίας,
3723 2834 3816 2889 καὶ

428 2912 577 2968 θείων
634 2913 932 3001 μυστηρίων
989 2913 1320 2996 καταξιοῦται
1353 2932 1370 2949 ⁸
1431 2915 1598 2978 οὕτως
1645 2917 1672 2970 ὁ
1738 2913 1902 2992 γέρων
1957 2911 2297 2982 ἐξαπατηθεὶς
2353 2914 2450 2983 τὴν
2509 2913 2756 2996 βδελυρὰν
2820 2917 3022 2996 α’ίρεσιν
3097 2919 3168 2982 εἰς
3238 2921 3300 2976 τὸ
3363 2919 3592 3001 ἐμφανὲς
3658 2920 3814 2987 ὁπεξο

429 3001 652 3078 ἢγαγεν.
710 2997 877 3058 Ἀλλὰ
924 3001 989 3058 τᾶ
1040 3004 1135 3079 μὲν
1181 3005 1300 3083 περὶ
1349 3004 1570 3081 τούτων,
1631 3002 1714 3059 ἐπὶ
1762 3011 2006 3062 τοσοῦτον
2040 3017 2056 3034 '
2091 3005 2252 3080 ἡμεῖς
2308 3002 2363 3059 δὲ
2417 3002 2601 3062 λοιπὸν
2659 3007 2756 3074 τὴν
2813 3004 3161 3085 εὖαγγελικὴν
3215 2997 3461 3065 ὑπόθεσιν
3514 3009 3588 3072 εἷς
3644 3009 3814 3084 μέσον

429 3087 928 3254 ξ-Ξοθήῖωιέενὶκαὶι
961 3088 1290 3168 ἐξετάσωμεν
1345 3093 1513 3158 οὕτως
1582 3091 1812 3172 ἔχουσαν
1847 3109 1863 3128 ’
1923 3091 2092 3149 Εἶπεν
2143 3093 2172 3150 ὁ
2223 3093 2410 3172 Κύριος
2466 3107 2586 3160 τοῖς
2639 3096 2826 3157 ἑαυτοῦ
2871 3099 3141 3174 μαθηταῖς
3187 3113 3202 3128 ⁸
3253 3101 3363 3161 Πᾶς
3404 3094 3549 3159 ὅστις
3597 3095 3803 3170 ὁμολο-

504 3196 582 3232 σει
640 3199 666 3231 ν
724 3199 793 3254 μο
817 3223 836 3254 ,
870 3195 904 3240 e
928 3195 980 3242 ο.
3129 3228 3133 3233 -

504 3196 582 3232 σει
613 3183 666 3232 ἑν
696 3183 836 3255 ἐμοὶ,
870 3183 980 3242 etc.

1184 3684 1994 3834 JOANNIS
2100 3607 3132 3833 XIPHILINI'

1273 3965 1857 4064 DECRETA
1951 3964 2957 4064 MATRIMONIALIA

881 4175 1051 4254 Vide
1110 4175 1519 4276 Patrologiae
1580 4174 1839 4252 Graecae
1888 4185 2064 4253 tom.
2133 4173 2373 4265 CXIX,
2431 4175 2563 4250 col.
2633 4175 2772 4249 755
2835 4197 2980 4274 sqq.
3031 4186 3100 4249 et
3163 4176 3330 4252 875.

1811 4690 1965 4742 ANNO
1987 4691 2195 4740 nonum
2220 4691 2415 4740 [LXIV

715 4850 1754 5028 JOANNES
1863 4851 2186 5023 GP.
2305 4845 3506 5024 DIACONUS

510 5322 784 5400 Joannis,
817 5321 1494 5402 Constantinopolitanae
1521 5316 1814 5382 Ecclesia:
1842 5319 2111 5394 diaconi,
2141 5333 2361 5380 nomen
2389 5324 2446 5380 et
2471 5333 2620 5397 opus
2645 5316 3098 5396 signiﬁcaverat
3117 5312 3387 5378 Allatius
3417 5319 3486 5380 in
3513 5318 3805 5384 Diatriba

431 5408 509 5471 de
535 5407 757 5476 Psellis
781 5430 845 5493 p.
871 5411 941 5474 21
980 5411 1178 5492 (apud
1201 5409 1443 5482 Fabric.
1477 5409 1550 5472 B.
1589 5409 1662 5471 G.
1694 5407 1787 5472 ed.
1818 5415 1939 5470 υετ.
1971 5415 2016 5469 t.
2049 5408 2168 5485 V.).
2199 5407 2320 5468 Nos
2335 5422 2476 5468 vero
2498 5407 2563 5467 in
2589 5403 2897 5467 Vaticanis
2916 5403 3216 5468 codicibus
3237 5421 3386 5483 opus
3404 5407 3595 5483 illius,
3615 5416 3804 5488 prout

433 5497 502 5559 in
527 5498 730 5563 codice
757 5502 828 5564 31
865 5498 1243 5569 describitur,
1272 5497 1595 5578 multijuga
1639 5497 1916 5560 doctrina
1959 5495 2254 5576 refertum
2298 5494 2682 5573 reperimus;
2716 5495 2895 5580 cuius
2938 5499 3087 5556 atas
3117 5493 3282 5559 haud
3309 5493 3475 5558 ultra
3507 5495 3798 5580 Psellum,

433 5601 608 5664 quem
634 5587 862 5652 alicubi
888 5588 1157 5653 Joannes
1203 5587 1438 5664 laudat,
1491 5587 1784 5666 assurgit.
1815 5585 2095 5648 Primum
2123 5583 2233 5648 libi
2257 5583 2449 5663 primi
2497 5579 2835 5662 capitulum
2876 5583 3125 5647 interim
3150 5580 3283 5651 luce
3311 5582 3692 5650 donabimus.
3723 5579 3800 5634 -ὲ

433 5675 555 5737 Mn
577 5673 657 5742 Ν.
689 5676 767 5741 B.
809 5677 941 5742 PP.
978 5676 1080 5756 γι,
1111 5673 1252 5739 542.
