4008 6114
419 251 569 343 1-295

1355 246 1670 316 JOANNIS
1711 246 2021 313 DIACONI
2072 247 2172 311 DE
2213 249 2342 314 DEI
2382 249 2827 314 (ECONOMIA.

3628 243 3785 308 1296

397 385 628 465 Moyses
655 384 784 466 ipse
816 401 928 448 nec
957 381 1261 466 propheta;
1300 380 1461 444 idem
1491 377 1762 441 valebant
1787 377 1989 466 facere,
2015 396 2037 466 :7

2129 382 2258 450 αὕτη
2287 381 2351 449 ἦν
2406 383 2441 450 ἡ
2487 392 2580 442 τοῦ
2628 381 2860 446 Μωσέως
2908 383 3062 462 ἰσχὺς
3111 383 3198 438 καὶ
3246 385 3352 439 τῶν
3408 384 3698 460 προφητῶν
3752 394 3767 407 ·

400 491 514 535 nec
542 473 594 534 si
639 465 1024 548 fecissent,’a
1072 467 1455 551 papularibus
1508 466 1835 529 idololatris
1860 465 2040 527 auditi

2129 467 2243 526 ἀλλ’
2274 467 2380 530 οὐδ’
2437 469 2498 526 ἂν
2547 474 2592 529 οἱ
2639 470 2826 529 πολλοὶ
2872 467 3243 550 προσεδέξαντο
3290 470 3529 542 τούτους,
3583 470 3769 526 κατεί-

399 561 671 624 fuissent.
705 560 844 624 Ideo
875 559 1018 626 solis
1073 558 1338 621 Hebraeis
1384 557 1779 633 aliquatemus
1811 553 2044 616 Triadis

402 653 750 731 mysterium
773 650 1094 713 revelatum
1117 658 1228 724 est,
1251 665 1326 709 ne
1349 645 1410 708 in
1441 644 1839 731 Egyptiorum
1873 642 2040 724 poly-

400 730 721 802 theismum
750 738 1114 801 reciderent.
1145 736 1262 798 Sed
1291 753 1402 796 nec
1425 730 1755 815 praeceptis,
1790 750 1900 794 nec
1929 731 2039 793 ad-

400 827 852 904 monitionibus,
888 845 1000 888 nec
1029 823 1334 886 miraculis
1379 841 1450 884 eo
1483 819 1696 883 adduci
1727 827 2044 900 potuerunt

404 921 469 979 ut
496 915 685 977 solum
716 933 922 977 verum
955 916 1143 978 Deum
1173 911 1438 974 colentes
1465 909 1643 970 falsos
1685 907 2041 988 tergiversa-

403 1013 614 1068 rentur
642 1011 700 1065 et
729 1003 899 1064 malis
929 1001 1208 1083 operibus
1229 999 1650 1061 valedicerent.
1675 996 1744 1058 Et
1769 1016 1902 1058 cum
1921 996 2041 1077 legi

405 1092 640 1174 scriptae
659 1091 1122 1172 obtemperando
1142 1089 1317 1150 vitam
1337 1087 1702 1168 spiritualem
1724 1087 1892 1174 sequi
1911 1104 2041 1166 pos-

405 1173 560 1255 sent,
594 1197 700 1260 pro
729 1197 836 1242 sua
863 1178 1112 1242 stultitia
1152 1177 1257 1239 uni
1297 1175 1672 1238 sensibilitati
1704 1173 1988 1255 parebant
2020 1194 2037 1250 ;

403 1290 439 1334 a
494 1269 801 1352 praphetis
843 1277 1038 1332 autem
1082 1266 1373 1346 objurgati
1423 1285 1540 1328 non
1588 1264 2038 1345 resipiscebant,

400 1360 522 1422 imo
554 1359 752 1440 plures
783 1377 852 1420 ex
898 1358 973 1420 iis
1019 1356 1467 1419 interfecerunt.
1518 1353 1670 1416 Hinc
1707 1353 1948 1415 morbus
1983 1362 2043 1415 et

399 1448 646 1511 vulnera
671 1446 887 1528 quibus
933 1446 1208 1508 homines
1253 1444 1520 1505 laborant
1569 1441 1732 1503 omni
1773 1441 2038 1504 remedio

396 1535 678 1600 resistere
707 1535 1002 1597 videntur.
1032 1533 1124 1597 Ad
1179 1531 1502 1594 doctiorem
1533 1529 1711 1606 igitur
1740 1529 2038 1591 medicum

400 1632 462 1687 et
487 1643 557 1686 ac
585 1623 922 1686 eﬂicaciora
951 1620 1239 1695 remedia,
1271 1621 1391 1684 imo
1420 1618 1494 1680 ad
1523 1618 1810 1698 majorem
1842 1617 2038 1680 medi-

400 1712 593 1776 cinam
623 1711 1037 1792 refugiendum
1068 1717 1178 1775 est.

2123 555 2281 616 δωλοι
2335 557 2508 626 πάντη
2559 559 2936 639 τυγχάνοντες,
2991 561 3087 616 Διὰ
3135 566 3290 617 τοῦτο
3336 571 3454 622 τοῖς
3507 550 3766 635 Ἑϐραίοις

2121 647 2206 705 καὶ
2261 648 2438 722 μόνοις
2496 648 2584 705 καὶ
2641 645 2746 704 οὔδ’
2797 648 2978 712 αὖτοῖς
3029 653 3266 728 φανερῶς
3318 646 3650 724 ἀνεκαλύφθη
3705 646 3768 701 τὸ

2121 739 2218 798 τῆς
2275 734 2490 814 Τριάδος
2548 737 2857 816 μυστήριον,
2915 737 3009 792 ἵνα
3068 737 3144 810 μὴ
3193 733 3383 815 Τριάδα
3436 733 3770 809 ἐνωτισάμε-

2125 845 2225 896 νοι,
2279 824 2352 886 εἷς
2400 824 2499 891 τὴν
2542 825 2901 903 Αἰγυπτιακὴν
2952 823 3094 887 αὖθις
3144 827 3547 903 μεταστραφῶσι
3596 820 3768 879 πολυ-

2121 913 2271 967 θείαν
2304 929 2316 943 ·
2367 911 2421 968 οἵ
2473 934 2612 976 τινες
2657 914 2745 970 καὶ
2794 914 2929 990 μετὰ
2973 912 3233 980 τοσαύτης
3275 910 3632 989 διδασκαλίας,
3683 911 3771 966 καὶ

2122 999 2500 1079 παραινέσεως,
2558 1001 2645 1057 καὶ
2708 1003 2772 1059 τὰ
2830 1000 3122 1069 τηλικαῦτα
3168 1001 3437 1080 τεράστια,
3511 999 3765 1077 συχνάκις

2120 1089 2251 1167 πρὸς
2323 1087 2746 1168 εἰδωλολατρείαν
2817 1089 3117 1168 ἐτρέποντο,
3191 1091 3279 1145 καὶ
3345 1093 3443 1155 τῆς
3511 1087 3761 1166 προτέρας

2121 1177 2308 1240 κακίας
2377 1178 2684 1258 ἀντείχοντο
2729 1193 2746 1210 ⁹
2817 1177 2955 1234 ἀλλὰ
3023 1179 3110 1234 καὶ
3179 1183 3396 1253 νομικοῦ
3453 1177 3765 1254 γράμματος

2122 1263 2438 1344 δδηγοῦντος
2496 1267 2680 1330 αὐτοὺς
2751 1269 2882 1346 πρὸς
2950 1267 3051 1335 τὴν
3101 1265 3594 1344 πνευματικωτέραν
3648 1262 3772 1319 διά-

2121 1376 2288 1434 νοιαν,
2349 1355 2544 1414 ἐκεῖνοι
2599 1354 2886 1424 κτηνώδεις
2934 1353 3083 1421 ὄντες
3138 1364 3214 1432 τῷ
3267 1355 3568 1436 φαινομένῳ
3610 1375 3776 1432 προσ-

2122 1442 2345 1518 έκειντο,
2405 1445 2542 1521 μόνῃ
2598 1452 2667 1522 τῇ
2723 1447 2958 1515 αἰσθήσει
3015 1434 3345 1509 δουλεύοντες
3401 1458 3419 1476 ⁰
3479 1445 3523 1499 εί
3581 1441 3635 1498 δὲ
3680 1434 3777 1497 καὶ

2120 1554 2261 1611 παρα
2309 1538 2412 1589 τῶν
2466 1539 2750 1614 προφητῶν
2806 1532 3156 1608 ὠνειδίζοντο,
3200 1532 3282 1590 διὰ
3327 1535 3388 1591 τὸ
3433 1531 3772 1610 σκληροκαρ-

2122 1619 2228 1676 διον
2280 1620 2448 1678 αὒτῶν
2495 1623 2582 1678 καὶ
2634 1621 2869 1698 ἀναμπὲς
2914 1626 3008 1682 οὐκ
3059 1622 3344 1694 ἐπείθοντο,
3394 1621 3525 1678 ποτὲ
3575 1617 3630 1675 δὲ
3681 1619 3770 1674 καὶ

2054 1708 2448 1776 Βάπέκτεινον.
2521 1707 2724 1767 Ἐδόκει
2793 1711 2961 1769 τοίνυν
3029 1712 3090 1766 τὸ
3158 1710 3480 1788 ἀνθρώπινον
3552 1716 3763 1786 τραῦμα

401 1804 631 1878 ἀνίατον,
693 1803 781 1859 καὶ
835 1803 870 1870 ἡ
925 1801 1113 1879 πληγὴ
1171 1798 1517 1876 ἀθεράπευτος
1551 1816 1567 1835 ·
1635 1794 1714 1854 διὸ
1770 1798 1858 1853 καὶ
1916 1801 2069 1878 χρεία
2119 1797 2338 1880 ᾕέγένετο
2399 1797 2768 1877 ἐμπειροτέρου
2854 1802 3166 1877 θεραπευτοῦ
3255 1800 3345 1854 σὺν
3427 1795 3773 1876 δραστικοτέ-

402 1915 510 1972 ροις
541 1892 860 1972 φαρμάκοις,
893 1893 980 1947 καὶ
1009 1892 1234 1969 ἰατρείας
1263 1894 1361 1954 τῆς
1393 1889 1652 1963 μείζονος.

479 1981 542 2043 4.
573 1978 716 2052 Quis
744 1986 940 2042 autem
971 1986 1061 2039 est
1088 1976 1211 2058 hic,
1265 1993 1439 2057 quem
1469 1975 2042 2056 quaerimus,'medi-

403 2087 509 2134 cus
536 2069 679 2130 artis
707 2086 828 2131 sum
870 2066 1289 2148 peritissimus,
1345 2073 1405 2127 et
1447 2065 1548 2144 qui
1596 2065 1817 2145 optime
1848 2075 2034 2141 curat,

405 2157 521 2219 nisi
548 2155 734 2218 Filius
773 2155 883 2218 Dei
928 2163 988 2217 et
1016 2153 1279 2216 Verbum
1307 2151 1710 2228 substantiale,
1747 2171 1853 2233 per
1881 2154 2037 2233 quod

404 2245 579 2309 Pater
599 2253 783 2306 totum
802 2243 1086 2306 mundum
1108 2241 1528 2321 hominemque
1550 2243 1741 2320 ipsum
1767 2241 1982 2304 creavit
2011 2239 2041 2300 ?

407 2335 508 2416 qui
535 2334 731 2394 omnia
752 2351 818 2394 ex
843 2331 1026 2393 nihilo
1051 2329 1346 2412 produxit,
1374 2338 1727 2409 cooperante
1745 2337 1946 2390 sancto
1969 2347 2040 2391 ac

403 2422 632 2484 vivifico
665 2420 888 2501 Spiritu
909 2419 941 2501 7?
971 2423 1100 2501 Per
1133 2418 1325 2501 ipsum
1374 2419 1532 2479 enim
1563 2417 2040 2501 quze_vivunt_vi-

406 2498 726 2566 viﬁcantur
748 2512 808 2563 et
836 2498 1189 2563 viineﬂ‘abili
1218 2506 1640 2577 gubernantur.
1664 2499 1823 2560 Idem
1850 2505 1908 2559 et
1932 2499 2036 2560 ho-

411 2590 636 2652 minem
669 2607 702 2649 e
732 2587 1114 2649 beatitudinis
1148 2593 1298 2646 statu
1315 2585 1622 2664 delapsum
1643 2584 2038 2662 regeneravit;

409 2676 678 2756 hancque
705 2673 1220 2753 regenerationem
1250 2669 1511 2734 Verbum
1529 2689 1598 2731 ac
1617 2671 1773 2732 Deus
1794 2670 1874 2731 ita
1893 2671 2036 2732 eﬂ'e-

409 2762 511 2838 cit,
545 2769 607 2823 ut
636 2768 905 2823 naturam
936 2761 1253 2822 humanam
1303 2756 1366 2818 in
1407 2756 1604 2837 seipso
1656 2757 2038 2836 producendo

407 2849 470 2911 in
501 2856 801 2930 posterum
830 2856 1098 2929 tempore
1122 2852 1453 2928 opportuno
1474 2863 1608 2906 sese
1624 2843 2039 2907 manifestave-

2207 1964 2277 2035 δ’.
2313 1979 2402 2039 Τίς
2454 1975 2499 2032 δ’
2547 1975 2750 2054 ἓτεροςξ
2772 1978 2986 2056 ὑπῆρχε
3029 1983 3261 2039 τοιοῦτος
3308 1978 3480 2054 ἱατρος
3529 1972 3769 2048 δοκιμώ-

2123 2087 2279 2129 τατος
2349 2067 2438 2122 καὶ
2505 2066 2825 2144 θεραπευτὴς
2880 2062 3278 2145 ἀκριϐέστατος,
3336 2061 3454 2119 ἀλλ’
3510 2063 3545 2131 ἢ
3606 2063 3771 2137 μόνος

2121 2154 2275 2217 αὐτὸς
2333 2157 2362 2210 6
2418 2155 2536 2216 Υἱὸς
2593 2160 2686 2210 τοῦ
2745 2159 2872 2210 Θεοῦ
2929 2154 3017 2209 καὶ
3075 2153 3243 2231 Λόγος
3287 2155 3316 2209 6
3364 2152 3766 2228 ἐνυπόστατος;

2121 2244 2208 2298 καὶ
2257 2243 2428 2298 τοίνυν
2452 2245 2628 2321 οὗτος,
2677 2240 2744 2298 δι’
2799 2245 2858 2298 οὗ
2905 2243 2993 2297 καὶ
3043 2243 3072 2297 6
3120 2242 3303 2319 Πατὴρ
3333 2243 3404 2304 ὡς
3439 2246 3774 2318 Δημιουργώ

2121 2331 2212 2388 τὸν
2282 2330 2403 2388 ὅλον
2473 2333 2671 2407 κόσμον
2741 2333 2829 2388 καὶ
2896 2333 2988 2386 τὸν
3057 2330 3329 2409 ἄνθρωπον
3386 2331 3766 2401 συνεστήσατο,

2121 2419 2208 2474 καὶ
2233 2418 2294 2474 ἐκ
2317 2426 2411 2475 τοῦ
2461 2420 2538 2495 μὴ
2586 2418 2736 2482 ὄντος
2787 2421 2859 2482 εἷς
2910 2420 2970 2474 τὸ
3015 2419 3155 2475 εἶναι
3203 2419 3504 2498 παρήγαγε,
3553 2418 3644 2474 σὺν
3696 2424 3772 2490 τῷ

2123 2507 2364 2584 παναγίῳ
2434 2510 2522 2564 καὶ
2589 2514 2835 2583 ζωοποιῷ
2899 2511 3055 2566 αἶ)τοῦ
3124 2507 3385 2581 Πνεύματι
3419 2525 3438 2544 ο
3515 2505 3598 2562 διὰ
3671 2508 3772 2584 γὰρ

2121 2596 2306 2654 τούτου
2359 2603 2736 2666 ζωοποιοῦνται
2786 2597 2852 2653 τὰ
2906 2602 3097 2668 ζῶντα,
3155 2597 3244 2652 καὶ
3301 2594 3508 2673 ἆῤῥήτῳ
3555 2593 3771 2670 δυνάμει

2119 2682 2454 2762 συνέχονται,
2513 2675 2568 2742 Ὀ
2622 2686 2776 2749 αὒτὸς
2831 2683 2988 2740 πάλιν
3047 2683 3338 2740 ἐκπεσόντα
3393 2694 3484 2743 τοῦ
3525 2683 3581 2738 εὗ
3630 2684 3776 2739 εἶναι

2121 2772 2211 2827 τὸν
2266 2770 2535 2850 ἄνθρωπον
2588 2775 2660 2837 εἷς
2710 2781 2865 2831 τοῦτο
2918 2769 3271 2828 ἀνεκαλέσατο
3306 2786 3323 2800 ⁹
3375 2769 3521 2836 ὅπως
3569 2769 3625 2827 δὲ
3671 2772 3771 2837 τὴν

2128 2857 2416 2926 ἀνάκλησιν
2445 2861 2734 2930 ἐποιήσατο
2781 2858 3086 2923 ἀναπλάσας
3136 2861 3164 2915 6
3213 2857 3373 2935 λόγος
3421 2861 3509 2916 καὶ
3562 2861 3687 2921 Θεὸς
3720 2858 3774 2912 ἐν

405 2937 506 3000 rit.
539 2935 708 2999 Nunc
759 2936 918 3000 enim
967 2934 1250 3035 quaeritur
1298 2933 1532 3038 qualem
1581 2932 1770 3038 prim‘o
1821 2933 2040 2996 Adamo

2129 2947 2299 3021 ἑαυτῷ
2348 2947 2447 3014 τὴν
2501 2949 2827 3028 ἀνθρωπίνην
2880 2949 3052 3027 φύσιν,
3103 2947 3190 3002 καὶ
3239 2932 3405 3010 οὕτως
3468 2948 3772 3027 ἀνορθωσά-

409 3025 918 3116 dispensationem
947 3022 1356 3104 implicuerit;
1411 3020 1512 3116 ubi
1563 3020 1869 3116 paradisus
1916 3041 2040 3084 cum

2139 3055 2321 3116 μενος,
2350 3037 2554 3116 προϊὼν
2645 3037 2813 3116 Λόγος
2863 3020 3050 3100 δίδάξεί
3094 3035 3229 3092 κατὰ
3274 3038 3456 3113 καιρὸν
3483 3020 3574 3092 τὸν
3603 3059 3775 3113 προσ-

410 3112 643 3210 deliciis
673 3113 847 3210 suisL
874 3121 933 3174 et
983 3111 1198 3210 quibus
1246 3109 1458 3209 plantis
1511 3108 1774 3210 consitus
1824 3111 2040 3210 fuerit:

2134 3108 2355 3192 ήκοντα.
2394 3108 2518 3185 ’Νῦν
2572 3126 2672 3205 γὰρ
2724 3108 3124 3204 προηγούμενός
3176 3123 3315 3180 ἐστιν
3433 3108 3770 3202 τρόπος-τῆς

411 3202 693 3301 quidnam
723 3220 759 3262 a
807 3202 933 3263 Deo
975 3198 1221 3301 vetitum
1269 3199 1395 3276 sit;
1446 3198 1714 3301 qualisa
1758 3199 2040 3280 principic

2134 3211 2188 3267 ἐν
2217 3219 2293 3286 τῷ
2319 3214 2514 3293 πρώτῳ
2542 3198 2714 3290 ’Ᾰδάμ
2741 3198 3076 3286 οίκκοννομίας
3125 3219 3218 3270 τοῦ
3266 3218 3390 3269 Θεοῦ
3432 3198 3629 3287 πάσης,
3680 3211 3768 3266 καὶ

408 3292 672 3382 Adamus
737 3297 968 3382 creatus
1013 3288 1211 3382 fuerit,
1246 3295 1321 3382 _et
1365 3288 1509 3382 quid
1555 3287 2040 3382 ip_si_acciderit;

2131 3301 2209 3364 τίς
2265 3303 2294 3358 6
2352 3287 2683 3382 παράδεισος*
2718 3303 2805 3358 καὶ
2860 3302 2895 3368 ἡ
2934 3299 3124 3379 τρυφὴ,
3184 3301 3270 3356 καὶ
3324 3299 3450 3356 ὅπου
3508 3299 3769 3377 πεφύτευ-

413 3379 711 3470 quomodo
734 3377 1041 3470 tentationi
1061 3375 1443 3470 succubuerit
1459 3381 1517 3437 et
1531 3374 1671 3470 quid
1693 3375 2040 3470 indeperve-

2131 3410 2239 3470 ται,
2299 3391 2386 3447 καὶ
2440 3392 2555 3447 τίνα
2609 3391 2675 3447 τὰ
2731 3388 3124 3463 ἐπιτεταμμένα
3174 3388 3323 3467 φυτὰ,
3382 3399 3536 3443 ποῖον
3592 3383 3648 3440 δὲ
3708 3387 3770 3443 τὸ

415 3469 594 3532 nerit.
631 3467 728 3531 Sic
758 3468 916 3531 enim
948 3467 1344 3549 procedentes
1375 3472 1434 3527 et
1478 3464 1673 3526 ordini
1715 3466 2040 3530 methodico

2131 3464 2536 3554 κεκωλυμμένον
2571 3494 2584 3509 ·
2640 3479 2728 3534 καὶ
2776 3490 2936 3538 ποῖος
2981 3464 3211 3540 ἐπλάσθη
3252 3476 3310 3530 τὸ
3355 3471 3475 3531 κατ’
3523 3473 3698 3553 ἀρχὰς
3750 3478 3780 3532 6

409 3559 754 3622 insistentes
775 3542 991 3620 novum
1015 3557 1310 3620 Adamum
1341 3554 1710 3616 inveniemus
1741 3563 1797 3618 et
1825 3563 2040 3619 naturae

2131 3542 2350 3645 Ἀδὲῑμ,¹
2373 3542 2459 3622 καὶ
2515 3572 2567 3622 τί
2617 3565 2718 3645 ἄρα
2771 3566 2942 3639 τούτῳ
2990 3559 3370 3638 ἐπισυμϐέϐηκε
3423 3580 3438 3596 ⁸
3487 3542 3778 3627 καῖηὸπως

411 3648 688 3710 humanae
731 3647 991 3726 delapsae
1024 3645 1539 3724 regenerationem
1583 3643 2040 3708 veriﬁcabimus.

2129 3643 2354 3710 ὑπέπεσε
2404 3661 2473 3731 τῇ
2521 3643 2788 3734 παρακοῇ,
2838 3655 2927 3709 καὶ
2988 3651 3041 3708 εἴ
3089 3673 3137 3707 τι
3165 3651 3365 3715 τούτοις
3397 3651 3777 3732 ἐμπεριέχεται

413 3737 569 3801 Hinc
597 3736 776 3816 igitur
804 3736 1007 3799 exorsi
1037 3735 1360 3817 loquimur.

2129 3741 2326 3822 ἕτερον.
2377 3741 2528 3800 Οὕτω
2581 3743 2678 3823 γὰρ
2741 3740 2845 3816 ὁδῷ
2899 3740 3292 3819 προκαίνοντες,
3339 3743 3431 3796 καὶ
3476 3747 3546 3816 τῇ
3589 3739 3774 3814 δεούσῃ

414 3825 692 3900 ἀκολουθίᾳ
745 3825 1018 3904 ἑπόμενοι,
1071 3824 1137 3883 δι’
1185 3825 1433 3885 εὐτάκτου
1478 3830 1576 3893 τῆς
1638 3823 1934 3904 διηγήσεως
1988 3826 2072 3886 ἐπὶ
2123 3833 2216 3888 τὸν
2280 3830 2395 3887 νέον
2464 3829 2634 3908 Ἀδὰμ
2703 3831 3124 3903 καταντήσομεν,
3184 3830 3271 3886 καὶ
3329 3829 3396 3886 τὰ
3449 3829 3568 3886 κατ’
3626 3829 3775 3885 αὐτὸν

414 3917 788 3996 ιστορήσομεν,
877 3915 966 3972 καὶ
1050 3916 1149 3983 τὴν
1232 3911 1298 3970 δι’
1387 3914 1544 3972 αὒτοῦ
1611 3914 1898 3992 γενομένην
1966 3922 2064 3986 τῆς
2109 3920 2373 3987 πεσούσης
2441 3921 2595 3997 ἡμῶν
2669 3921 2870 4000 φύσεως
2948 3917 3236 3996 ἀνόρθωσιν
3304 3919 3394 3975 καὶ
3459 3917 3772 3976 ἀνάπλασιν.

414 4003 651 4084 Λέγομεν
677 4005 845 4062 τοίνυν
878 4003 1106 4062 ἐντεῦθεν
1135 4003 1445 4084 ἀρχόμενοι.

604 4181 880 4245 Primum
912 4185 1114 4245 autem
1139 4179 1300 4244 hunc
1324 4180 1518 4261 operis
1545 4179 1762 4246 librum
1790 4184 1876 4249 ita
1903 4187 2211 4253 concludit
2235 4192 2469 4262 auctor,
2499 4200 2837 4269 proponens
2858 4183 3106 4247 secundi
3134 4187 3594 4264 argumentum.

494 4367 706 4430 Sermo
735 4366 814 4430 de
856 4373 1066 4430 caetero
1115 4366 1180 4430 in
1224 4367 1486 4431 secundo
1530 4369 1682 4433 libro
1737 4369 2048 4436 habendus

415 4456 532 4520 erit
587 4454 665 4517 de
711 4455 832 4518 vita
876 4456 1197 4538 spirituali,
1247 4459 1538 4538 angelica,
1589 4462 2044 4541 supernaturali,

2211 4364 2423 4440 Ῥητέον
2479 4372 2664 4430 λοιπὸν
2720 4372 2774 4428 ἐν
2829 4379 2904 4447 τῷ
2929 4369 3174 4452 ξδευτέρῳ
3241 4367 3429 4446 βιϐλίῳ
3493 4369 3611 4446 περὶ
3679 4373 3776 4435 τῆς

2132 4466 2492 4537 πνευματικῆς
2561 4466 2703 4532 ζωῆς
2755 4461 2842 4518 καὶ
2912 4459 3204 4539 ἀγγελικῆς
3262 4463 3362 4524 τῆς
3417 4457 3546 4535 ὑπὲρ
3601 4457 3772 4534 φύσιν,

413 4562 590 4628 quam
643 4544 911 4608 Christus
964 4544 1306 4611 introduxit.
1385 4551 1537 4612 Tum
1614 4549 1862 4612 secundi
1915 4550 2040 4613 libri

2133 4549 2197 4617 ἦν
2227 4551 2256 4606 δ
2285 4551 2507 4628 Χριστὸς
2562 4551 2811 4627 εἶσήγαγε
2843 4566 2858 4582 ⁶
2911 4549 3089 4628 ἀρχὴν
3137 4547 3278 4610 αὖθις
3328 4544 3505 4623 ἑτέραν
3551 4563 3770 4607 ποιησα-

413 4650 630 4696 novum
661 4632 895 4697 initium
924 4632 1032 4696 sub
1063 4635 1474 4697 commentarii
1503 4637 1691 4700 forma
1717 4637 2040 4701 faciendum

2137 4638 2322 4715 μένους
2390 4647 2483 4698 τοῦ
2550 4636 2783 4718 δευτέρου
2852 4635 3054 4714 βιϐλίου
3141 4636 3240 4702 τὴν
3328 4632 3616 4712 πρέπουσαν
3682 4631 3772 4684 καὶ

417 4721 554 4802 erit,
581 4720 706 4799 ubi,
758 4723 916 4806 quod
963 4723 1038 4788 ad
1090 4723 1422 4788 secundum
1466 4725 1761 4790 Adamum
1800 4734 2048 4811 spectat,

417 4829 802 4894 exponemus.

2133 4726 2444 4808 ἂφηγητῆν,
2499 4727 2585 4784 καὶ
2654 4728 2721 4783 τὰ
2787 4733 2881 4784 τοῦ
2941 4723 3178 4803 δευτέρω
3247 4719 3436 4799 Ἀδὰμ,
3505 4719 3594 4775 καὶ
3662 4724 3774 4774 τῶν

2131 4813 2379 4883 καθεξῆς.
