4196 6430
345 6 390 109 Ξ
1798 42 1819 59 ~

332 414 683 428 _....—.—----'v
850 414 1575 427 mw*-_
1670 420 1834 429 αν-ν-ο-
1871 420 1961 427 ---—
2015 424 2047 431 ._.
2113 424 2117 427 -
2144 423 2201 429 ---
2225 422 2737 433 ---.—.——-———

1603 605 1769 646 AVNO
1816 602 2044 644 DOMINI
2096 605 2207 646 MV.

1372 758 2377 935 ANONYMI

359 1048 1018 1255 VlTA
1134 1054 1342 1256 Ξ.
1480 1053 2044 1256 NILI
2169 1056 3409 1266 JUNIOBIS

822 1364 1155 1424 ABllA'l‘lS
1197 1364 1534 1426 CllVPT/E
1576 1363 1973 1427 FERRA'UE
2021 1365 2096 1423 IN
2159 1364 2377 1425 AtillO
2449 1366 2934 1427 TCSCULANO.

1070 1654 2026 1743 COMMENTARIUS
2083 1656 2677 1749 PB/EVIUS.

882 1848 1022 1911 (Acta
1049 1853 1335 1898 Sanctorum
1368 1847 1616 1904 I.’olland.,
1639 1845 1923 1908 Septembr.
1951 1852 2066 1896 tom.
2100 1847 2208 1910 Vll,
2237 1851 2293 1899 ad
2322 1849 2451 1897 diem
2474 1850 2551 1907 26,
2573 1865 2665 1912 pag
2708 1852 2834 1909 271).)

625 2099 834 2155 Notitia
863 2101 1095 2155 locorum
1130 2118 1147 2156 :
1201 2099 1317 2154 i’ita
1351 2101 1538 2155 Sancti
1570 2105 1768 2166 scripta
1796 2119 1827 2155 a
1857 2117 2296 2173 contemporaneo
2327 2122 2345 2159 :
2385 2106 2496 2174 ejus
2539 2108 2874 2161 riu-enotatis
2902 2110 3096 2179 aliqua.

313 2244 359 2295 1.
394 2244 659 2297 Sanctum
709 2244 891 2299 Nilum
926 2243 1176 2298 abbatem
1219 2243 1465 2302 nomino.
1501 2251 1554 2296 et
1594 2241 1812 2312 Cryptae

243 2334 479 2389 Feriam:
520 2336 736 2397 mintio,
768 2344 1027 2405 tanquam
1062 2336 1106 2388 si
1141 2334 1343 2389 ibidem
1374 2332 1521 2387 diem
1543 2335 1809 2388 obiissct:

246 2428 495 2479 tlsitrtlun
531 2429 599 2479 ab
643 2428 768 2481 aliis
822 2441 1030 2481 morem
1078 2426 1280 2495 potius,
1345 2440 1508 2491 quam
1565 2431 1812 2477 nostrum

243 2519 565 2585 scrupulose
625 2527 875 2571 secutus.
918 2516 1270 2570 Praalaturam
1303 2514 1631 2568 ablia:ialem
1663 2530 1810 2569 sem-

242 2622 332 2675 per
379 2610 456 2662 sic
477 2608 783 2661 declinavit
818 2616 1063 2669 sanctus,
1096 2615 1155 2661 ut
1200 2615 1383 2660 tamen
1416 2622 1630 2673 semper
1681 2607 1811 2660 sub-

241 2696 381 2750 ditos
414 2708 467 2750 et
542 2712 811 2765 sequaces
861 2698 1167 2752 mooachos
1221 2698 1488 2765 plurimos
1537 2696 1807 2751 habuerit.

238 2785 380 2839 Obiit
414 2798 601 2840 autem
656 2788 711 2841 in
776 2788 1118 2842 monasterio
1165 2788 1221 2843 S.
1272 2789 1519 2855 Agatbae,
1575 2788 1810 2843 distante

237 2884 395 2934 tertio
431 2881 657 2933 milliari
708 2897 736 2933 a
761 2880 1004 2951 Cryptm-
1021 2880 1349 2945 Ferratcnsi,
1386 2882 1454 2935 ad
1480 2884 1625 2950 quod
1652 2896 1806 2935 sacra

235 2972 348 3036 eius
377 2972 595 3024 cimelia
629 2972 897 3027 translata
932 2972 1107 3034 fuere,
1152 2973 1372 3040 ubique,
1404 2980 1460 3024 ut
1498 2972 1658 3041 primi
1686 2972 1806 3040 ejus

235 3063 462 3116 abbatiaa
492 3063 829 3129 fundatoris,
876 3064 1154 3133 pracipuo
1193 3064 1399 3118 honore
1426 3066 1572 3117 culta
1604 3072 1658 3119 et
1680 3077 1804 3134 pro.

233 3152 387 3219 digiis
439 3169 469 3205 a
522 3154 633 3207 Deo
678 3157 950 3209 illustrata
998 3155 1172 3210 fuere.
1222 3155 1486 3209 Baronius
1538 3156 1603 3210 ad
1660 3156 1805 3211 hunc

235 3244 371 3296 diem
402 3245 472 3297 26
504 3244 853 3314 Septembris
895 3244 956 3300 S.
985 3244 1166 3299 Nilum
1218 3248 1286 3297 ita
1343 3250 1559 3301 nuntiat
1612 3248 1665 3301 in
1695 3247 1803 3302 Ro-

238 3348 398 3389 mano
422 3335 859 3405 Martyrologio:
901 3355 920 3388 ι
968 3337 1026 3391 1η
1076 3351 1208 3406 agro
1236 3334 1551 3391 Tusculano
1594 3336 1652 3391 Β.
1696 3337 1800 3392 Nili

231 3423 460 3493 abbatis,
488 3427 800 3482 frtridatoris
820 3429 1135 3483 monasterii
1162 3427 1375 3498 Cryptae
1400 3426 1655 3489 Ferratze.
1688 3445 1801 3483 ma-

232 3529 343 3581 gna:
381 3517 699 3571 sanctitatis
726 3517 850 3570 viri.
886 3536 905 3569 ι
948 3516 1177 3571 Frustra
1228 3518 1407 3570 sancti
1441 3517 1801 3587 nomenapud

232 3609 631 3677 tnartyrologos
671 3610 936 3663 classicos
970 3624 1206 3677 qum-ras,
1231 3622 1360 3660 eum
1416 3608 1523 3661 illis
1545 3610 1801 3665 omnibus

231 3696 298 3750 sit
347 3700 649 3767 posterior,
685 3708 873 3769 utpote
925 3707 1136 3753 tantum
1190 3699 1349 3754 initio
1403 3700 1588 3754 saculi
1625 3716 1677 3755 ιι
1731 3701 1798 3754 ad

229 3803 454 3857 superos
490 3791 817 3843 translatus.
867 3788 1056 3852 Wion,
1121 3789 1438 3855 Menardus,
1494 3789 1799 3861 Dorganius

229 3877 378 3931 lastis
429 3882 610 3933 sacris
662 3879 1144 3934 Benedictinorum
1206 3881 1473 3935 inscrtum
1537 3882 1737 3935 habent
1779 3898 1793 3935 :

225 3972 369 4037 quia,
428 3974 647 4026 etiamsi
699 3988 806 4025 non
857 3971 1024 4025 fuerit
1103 3972 1410 4027 monachus
1469 3974 1679 4029 ordinis
1736 3976 1793 4030 S.

224 4060 527 4124 Benedicti,
552 4063 646 4117 sed
679 4061 735 4113 S.
761 4062 965 4125 Basilii,
1005 4062 1128 4114 «diu
1160 4072 1367 4126 tamen,
1397 4063 1570 4129 inquit
1586 4062 1796 4116 Menar-

223 4150 320 4203 dus
351 4152 403 4204 in
451 4152 975 4213 Observationibus,
1038 4153 1304 4206 habitavit
1362 4152 1415 4205 in
1463 4157 1792 4208 monasterio

224 4240 277 4291 S.
318 4241 591 4296 Bonifacii
620 4256 672 4296 et
722 4244 900 4296 Alexii
961 4241 1163 4302 Romze,
1230 4243 1377 4311 quod
1449 4250 1534 4295 est
1586 4246 1792 4299 ordinis

221 4330 273 4385 8.
309 4333 613 4389 Benedicti.
655 4354 673 4385 ι
726 4334 904 4399 Quam
947 4334 1036 4387 diu
1077 4333 1274 4387 ibidem
1300 4335 1475 4399 egerit
1515 4334 1571 4386 S.
1610 4334 1789 4399 Nilus,

221 4422 269 4474 in
300 4424 543 4478 decursu
565 4424 872 4477 videbimus
907 4440 922 4475 :
955 4424 1170 4476 interim
1204 4424 1517 4490 dispiciam,
1554 4440 1785 4491 quorum

217 4513 460 4577 inlerest,
496 4529 568 4566 an
628 4515 740 4567 haec
771 4516 912 4565 ratio
983 4513 1055 4565 sit
1099 4511 1395 4577 su‘liciens,
1453 4523 1510 4562 ut
1566 4526 1788 4569 sanctus

219 4603 333 4666 quis
392 4603 578 4655 ordini
623 4603 857 4671 cuipiam
890 4603 1214 4655 ascribatur.
1242 4599 1526 4654 Ferrarius
1553 4604 1604 4655 in
1620 4602 1785 4655 Cata-

217 4691 333 4761 logo
388 4704 713 4747 sanctorum
765 4694 937 4746 Italiae
987 4693 1207 4747 uberius
1246 4693 1313 4747 de
1366 4694 1423 4747 δ.
1484 4693 1603 4745 Nilo
1648 4696 1779 4762 agit,

216 4788 564 4845 contrahens,
613 4800 733 4852 quae
767 4786 908 4853 apud
944 4785 1239 4837 Baronium
1278 4784 1331 4835 in
1377 4785 1678 4836 Annalibus
1712 4786 1777 4837 ad

216 4886 406 4924 aluntur
450 4875 559 4927 976
588 4885 641 4928 et
672 4875 801 4927 alibi
851 4890 1043 4942 sparsa
1070 4875 1297 4943 legerat.
1321 4872 1565 4927 Junioris
1614 4890 1780 4943 agno—

217 4980 327 5016 men
358 4976 595 5019 sortitus
639 4978 724 5019 est
756 4980 983 5020 sanctus
1007 4966 1176 5019 abbas
1223 4965 1601 5018 distinctionis
1648 4981 1779 5035 ergo

215 5069 328 5106 cum
357 5057 535 5108 altero
564 5056 895 5126 homonymo
932 5059 988 5110 S.
1060 5055 1181 5110 Nilo
1209 5056 1390 5109 itidem
1423 5055 1632 5118 Grteco,
1685 5059 1776 5125 qui

215 5143 499 5199 Theodosii
533 5146 773 5200 Junioris
794 5147 1156 5214 temporibus,
1188 5146 1487 5200 honoribus
1520 5155 1573 5199 et
1602 5148 1773 5202 titulis

212 5240 471 5299 excussis,
494 5241 888 5292 mormsterium
917 5239 1390 5305 Constantinopoli
1416 5253 1628 5290 summa
1648 5256 1770 5292 cum

216 5327 360 5379 laude
395 5330 819 5383 administravit.
850 5329 924 5382 De
974 5331 1065 5383 illo
1095 5329 1347 5381 doctrina
1381 5336 1438 5382 et
1481 5330 1772 5384 sanctitate

212 5420 396 5473 celebri
451 5421 723 5488 agendum
776 5423 952 5474 veniet
1005 5420 1068 5473 ad
1129 5420 1270 5473 diem
1308 5419 1375 5472 12
1431 5417 1772 5481 Novembris,

212 5523 313 5575 quo
352 5510 602 5563 lloinano
634 5510 1014 5580 Martyologio
1062 5513 1360 5577 inscriptus
1400 5508 1614 5577 legitur.

274 5598 325 5650 3.
360 5598 452 5652 Est
484 5614 648 5666 porro
682 5598 1030 5653 Tosrnlanus
1077 5615 1227 5668 ager.
1272 5598 1362 5651 ubi
1415 5599 1649 5653 decessit
1708 5598 1765 5651 S.

213 5685 378 5748 Nilus.
434 5688 685 5743 Βοιιιειιιυ
733 5693 1053 5759 proximus:
1102 5692 1211 5745 imo
1233 5689 1545 5759 Campaniae
1573 5687 1770 5743 Roma-

479 5783 749 5843 PATROL.
803 5786 917 5843 (in.
968 5783 1153 5842 CXX.

1928 2257 2009 2296 na:
2043 2258 2189 2312 pars.
2228 2243 2438 2299 Civitas
2491 2245 2561 2298 ibi
2614 2245 2940 2313 cpiscOpalis
3003 2254 3109 2307 cst,
3163 2261 3322 2316 quam
3375 2248 3489 2304 lta'i

1924 2334 2199 2396 Frascati,
2239 2335 2471 2406 indeque
2516 2339 2850 2391 recentiores
2899 2337 3121 2406 quidam
3180 2337 3493 2396 Frascatam

1922 2422 2117 2478 Latine
2145 2425 2420 2493 appellant
2460 2445 2470 2478 :
2520 2425 2688 2479 distat
2730 2425 2796 2480 ιε
2838 2427 3166 2481 milliaribus
3218 2428 3285 2481 ab
3326 2427 3487 2492 Urbe,

1922 2515 2368 2585 contenduntqne
2400 2517 2643 2585 plurimi,
2683 2517 2873 2571 eodem
2902 2519 3026 2572 loco
3058 2528 3211 2573 vetus
3274 2518 3489 2574 Tuscu-

1923 2605 2035 2655 lum
2073 2604 2264 2667 fuisse,
2298 2624 2325 2657 ιι
2371 2623 2477 2674 quo
2503 2607 2717 2661 vicinus
2755 2623 2884 2676 ager
2935 2609 3112 2663 adhuc
3175 2624 3371 2664 nomen
3414 2628 3493 2664 rc.-

1922 2695 2076 2746 tinct.
2130 2694 2253 2747 lndo
2287 2696 2350 2749 ad
2395 2698 2676 2751 meridiem
2734 2714 2842 2752 uno
2868 2702 3087 2753 circiter
3130 2701 3348 2754 milliari
3395 2705 3481 2759 de-

1917 2784 2281 2847 clinantibus,
2330 2788 2417 2839 tibi
2486 2787 2612 2840 olim
2657 2787 2863 2840 Luculli
2913 2791 3037 2841 villa
3083 2788 3179 2843 fuit
3207 2790 3272 2846 ad
3294 2807 3487 2859 aquam

1917 2876 2198 2939 Crabram,
2235 2882 2475 2932 occurrit
2498 2882 2714 2934 celebre
2740 2883 3077 2946 emnobium,
3104 2883 3246 2951 quod
3278 2886 3332 2937 S.
3364 2884 3487 2937 Nilo

1919 2976 2104 3021 nostro
2132 2968 2347 3021 initium
2381 2987 2537 3022 suum
2593 2982 2644 3023 et
2676 2973 3023 3039 splendorem
3066 2975 3227 3027 debet
3256 2996 3267 3029 :
3295 2976 3485 3031 Grotta

1916 3055 2142 3110 Ferrato
2167 3060 2233 3111 ab
2267 3059 2554 3127 indigenis.
2592 3076 2618 3112 a
2653 3059 2860 3115 Latinis
2881 3078 3008 3115 vero
3031 3064 3228 3132 Crypla
3255 3064 3483 3122 Ferrem

1916 3152 2209 3203 vocitatur.
2249 3149 2497 3205 Nominis
2526 3152 2789 3220 originem
2825 3152 3105 3207 deducunt
3136 3157 3221 3209 alii
3261 3173 3287 3209 a
3317 3174 3483 3226 specu

1914 3255 2073 3309 quem
2106 3241 2419 3295 incolebant
2458 3243 2739 3305 monachi,
2783 3245 2987 3313 quique
3035 3245 3226 3302 ferreis
3256 3249 3483 3303 clathris

1911 3333 2289 3393 claudebatur,
2326 3343 2384 3387 ut
2409 3334 2750 3387 contendunt
2786 3349 2853 3387 :a
2907 3334 3035 3390 ferri
3071 3338 3267 3392 ibidem
3304 3342 3477 3394 abun.

1909 3424 2092 3474 dantia
2135 3424 2385 3477 derivant
2417 3425 2530 3477 alii.
2565 3422 2863 3478 Kircherus
2917 3426 2968 3477 in
3014 3427 3171 3481 Latio
3237 3430 3480 3500 cryptae-

1908 3507 2247 3563 l~'viratensis
2282 3512 2514 3565 abbatiae
2546 3514 2768 3567 exordia
2793 3515 3194 3571 Bartholomwo
3254 3522 3311 3574 ὃ.
3373 3520 3476 3576 Niii

1906 3596 2173 3665 discipulo
2212 3600 2441 3653 ascribit
2476 3618 2488 3651 :
2518 3601 2672 3654 illum
2734 3604 2984 3672 sequitur
3014 3604 3203 3660 Piazza
3232 3608 3282 3660 in
3328 3608 3476 3662 llier-

1904 3688 2089 3742 arehia
2137 3689 2488 3745 Cardinalitia
2525 3709 2537 3743 :
2574 3703 2628 3745 at
2660 3694 2797 3747 intra
2830 3697 3156 3762 videbimus,
3184 3715 3471 3769 perperam

1903 3777 1953 3829 id
2023 3778 2158 3843 ﬁeri,
2212 3782 2556 3851 primumque
2611 3784 2759 3838 illius
2831 3798 3110 3846 auctorem
3165 3792 3469 3849 habendum

1900 3884 2022 3923 esse
2047 3882 2297 3925 sanctum
2340 3884 2614 3937 nostrum,
2656 3877 2725 3928 de
2767 3893 2875 3946 quo
2933 3895 3105 3946 pauca
3149 3884 3466 3947 admodum,

1897 3968 1975 4023 et,
2052 3961 2096 4013 si
2154 3962 2535 4017 chronotaxim
2591 3982 2929 4037 cxaruenque
2991 3984 3466 4027 monumentorum

1900 4064 1997 4104 seu
2044 4048 2179 4105 Vitae.
2206 4057 2510 4123 exceperis.
2555 4057 2699 4109 milia
2733 4059 2845 4111 tere
2894 4061 2979 4114 hic
3009 4078 3240 4130 Operose
3280 4067 3469 4121 discu-

1897 4142 2076 4194 tiemla
2144 4153 2290 4200 sunt.
2361 4146 2515 4211 Quod
2560 4164 2722 4216 porro
2777 4151 2844 4204 ad
2885 4154 2942 4205 ὃ.
2993 4153 3100 4208 Nili
3150 4154 3322 4219 Vitas,
3369 4174 3463 4213 seu

1896 4233 2076 4297 potius
2116 4232 2292 4287 Vitam
2317 4248 2547 4305 spectat.
2586 4240 2764 4294 onmis
2797 4241 2909 4296 fere
2948 4244 3235 4299 dillicultas
3261 4250 3311 4300 io
3344 4251 3465 4317 ejus

1894 4334 2122 4379 auctore
2146 4327 2525 4395 investigando
2548 4332 2648 4383 sita
2700 4342 2783 4385 est
2820 4351 2834 4387 :
2872 4335 3158 4390 lerinseuli
3182 4341 3326 4392 enim
3373 4357 3464 4395 er-

1893 4430 2048 4469 rores
2081 4416 2237 4470 facile
2262 4420 2514 4487 scriptari
2551 4429 2808 4488 poterunt
2880 4424 3168 4493 indulgeri,
3213 4431 3256 4481 si
3302 4432 3462 4484 modo

1890 4506 2009 4572 cjns
2044 4508 2174 4561 lides
2198 4517 2249 4560 et
2288 4513 2592 4563 auctoritas
2618 4514 2839 4567 aliunde
2895 4516 3233 4582 probabitur.
3268 4522 3324 4574 S.
3355 4520 3457 4575 Nili

1897 4598 2009 4649 Vita
2044 4600 2369 4667 primigenia
2420 4600 2607 4654 (ἐι-ωδε
2653 4614 2755 4665 est,
2805 4622 2867 4659 ex
2911 4622 3102 4675 eaque,
3170 4613 3223 4662 ni
3275 4612 3456 4674 fallor,

1890 4692 2074 4752 unica,
2120 4692 2440 4758 prodierunt
2500 4691 2632 4746 Vita:
2694 4694 2899 4749 Latina:
2946 4713 3044 4765 pro
3098 4700 3455 4769 interpretum

1889 4781 2145 4834 tuetbodo
2179 4783 2392 4835 diversa
2429 4795 2705 4853 utcunque
2753 4787 2896 4840 inter
2951 4803 3009 4842 se
3056 4790 3452 4861 discrepantes.

1887 4872 2034 4923 Illam
2065 4872 2305 4938 assignat
2342 4871 2609 4926 Baronius
2670 4874 2721 4926 in
2762 4877 3061 4933 Annalibus
3123 4882 3189 4932 ad
3252 4898 3451 4935 annum

1884 4962 2087 5014 Christi
2126 4962 2250 5025 976,
2279 4979 2428 5015 num.
2458 4964 2512 5027 Ξ),
2550 4964 2603 5015 in
2630 4968 2855 5033 antiquo
2903 4971 3090 5022 eodice
3136 4976 3452 5026 monasterii

1884 5054 2099 5121 Crypta:
2147 5052 2383 5105 Fmrala:
2424 5069 2451 5105 a
2499 5056 2670 5107 sancti
2722 5056 2989 5125 discipulo
3043 5064 3453 5128 compositam;

1883 5146 2129 5197 eannlrm
2183 5144 2407 5197 Barrius
2475 5145 2541 5197 de
2590 5146 2930 5213 Antiquitate
2985 5151 3249 5206 Calabrize
3288 5156 3380 5208 lib.
3421 5172 3453 5205 v

1881 5250 1944 5287 ac
2018 5236 2252 5303 denique
2329 5234 2609 5289 Ferrarius
2660 5237 2713 5288 in
2770 5238 3138 5295 Annolatione
3193 5248 3447 5311 appella“.

1882 5324 2179 5379 Videamus
2235 5339 2421 5391 porro,
2484 5342 2550 5377 att
2608 5342 2734 5380 vere
2802 5346 2907 5382 una
2975 5332 3274 5400 eademque
3329 5335 3448 5389 Vita

1878 5415 2064 5471 Graeca
2098 5418 2202 5483 sit,
2253 5417 2394 5469 unde
2429 5419 2657 5469 diversae
2685 5420 2964 5475 vei-siones
3011 5424 3264 5491 protecta:
3294 5437 3445 5485 sum.

1956 5507 2008 5559 5.
2046 5506 2309 5558 llaronius
2341 5506 2590 5558 laudatus
2624 5509 2697 5559 ita
2759 5510 2999 5577 loquitur
3037 5531 3048 5564 :
3109 5515 3312 5581 «Cujus
3362 5496 3444 5579 (5.

1881 5597 2005 5663 Nili)
2039 5612 2125 5650 res
2159 5608 2339 5665 gestas
2361 5596 2547 5651 Graece
2572 5601 2917 5670 conscriptas
2941 5603 3009 5655 ab
3032 5604 3150 5669 ejus
3169 5607 3445 5675 (llsClpulh

1875 5687 2433 5745 Latiuimhactenus
2469 5704 2746 5759 nunquam
2796 5691 2947 5746 vidit.
3002 5692 3103 5757 Qui
3165 5699 3312 5761 prius
3376 5714 3441 5771 αξ

3103 5787 3118 5847 l
