4196 6430
682 400 750 463 τι
2133 395 2479 454 asinarii;
3873 403 3936 462 12

686 518 910 586 antiquo
969 512 1153 568 radice.
1221 513 1536 565 iiinnasti-rii
1602 514 1815 581 tli‘yptie
1852 512 2083 565 Fetrata;
2154 524 2261 563 tra-

686 608 824 660 didit
868 604 1176 668 Latinitati,
1212 604 1312 656 fuit
1341 613 1526 657 uoster
1555 602 1846 656 Federieus
1904 603 2123 665 Metius,
2150 602 2264 668 epi-

688 712 885 764 scopus
915 695 1360 757 Thermularum,
1395 712 1423 746 a
1478 710 1589 763 quo
1638 711 1737 763 ego
1772 695 1979 763 primus
2048 693 2262 759 accepi,

686 797 741 841 et
793 787 1054 840 nonnulla
1098 803 1163 840 ex
1217 789 1297 839 eis
1344 801 1441 854 pro
1490 786 1703 839 ratione
1757 786 2014 854 temporis
2056 786 2265 837 nostris

686 880 999 933 Annalibus
1026 885 1335 946 opportuna
1367 880 1660 931 occasione
1691 876 1969 928 contexui.
2004 893 2020 925 ι
2061 873 2260 927 Eadem

689 971 781 1036 illa
815 968 1154 1023 combiuavit
1185 983 1249 1021 ex
1275 967 1509 1021 Baronio
1543 968 1738 1019 Suriiis
1768 974 1831 1017 et
1855 968 1917 1018 ad
1946 967 2093 1017 hunc
2119 964 2262 1015 diem

691 1059 1002 1115 collectioni
1078 1073 1192 1112 sua:
1256 1058 1513 1111 inseruit.
1594 1054 1913 1108 Versionem
2002 1054 2147 1106 ΜαιῙὶ
2233 1064 2261 1100 a

688 1151 953 1207 Martenio
1023 1149 1261 1205 inl’erius
1339 1147 1633 1209 laudando,
1695 1149 1770 1200 uti
1831 1156 1885 1197 et
1954 1164 1981 1197 a
2058 1141 2262 1196 Jacobo

688 1240 1036 1304 Seiommari,
1085 1238 1293 1293 ordinis
1356 1236 1413 1290 S.
1460 1234 1647 1287 Basilii
1680 1244 1734 1288 et
1774 1233 1985 1302 Crypti-
2026 1230 2263 1283 Ferraire

690 1311 964 1387 monacho
1010 1329 1065 1383 in
1095 1328 1249 1383 Notis
1285 1326 1354 1381 ad
1410 1326 1588 1379 Vitam
1643 1326 1701 1379 S.
1744 1323 2125 1377 Bartholomaei
2196 1322 2262 1373 ab

688 1424 809 1491 ipso
852 1420 1043 1474 Italiee
1087 1419 1317 1483 editam,
1351 1420 1566 1486 reperio
1599 1417 1955 1487 assignatam.
1991 1415 2083 1468 sed
2124 1430 2257 1482 pini--

688 1526 773 1569 ter
798 1531 858 1581 ea
884 1528 1005 1582 qua:
1035 1512 1151 1565 suis
1196 1511 1495 1563 Annalibus
1532 1508 1769 1560 inseruit
1814 1505 2105 1569 Baronius,
2154 1505 2259 1556 alia

689 1624 797 1661 non
847 1606 1105 1664 invenio;
1154 1603 1298 1655 unde
1342 1603 1555 1663 dubito,
1614 1614 1681 1652 an
1732 1600 2038 1651 versionem
2104 1610 2257 1648 suain

692 1700 832 1768 typis
865 1695 1102 1749 ediderit
1136 1692 1349 1755 Metius,
1377 1700 1430 1745 et
1471 1707 1578 1744 non
1612 1691 1774 1742 fuerit
1822 1690 2003 1757 potius
2058 1688 2112 1739 in
2158 1687 2258 1737 Ba-

691 1787 833 1842 ronii
870 1786 1042 1839 solius
1064 1785 1293 1854 gratiam
1323 1781 1607 1834 adornata.
1640 1779 1913 1846 Quidquid
1945 1779 2037 1837 sit.
2061 1793 2183 1845 quae
2212 1777 2259 1828 is

690 1879 847 1933 nobis
880 1892 944 1931 ex
976 1876 1227 1931 versione
1282 1873 1370 1925 illa
1429 1870 1864 1924 sulitiiiiiistravit
1929 1870 2141 1922 abunde
2192 1869 2256 1923 ad

689 1986 803 2025 rein
833 1976 1157 2038 priesentein
1192 1973 1378 2019 erunt.
1422 1962 1742 2016 lidinuiidus
1788 1960 2024 2015 Mai-tene
2076 1960 2257 2014 Colle-

689 2061 887 2116 ctionis
927 2068 1176 2111 veterum
1206 2056 1533 2122 scriptorum
1560 2065 1690 2105 tom.
1725 2052 1812 2109 \'I.
1852 2054 1957 2103 col.
2000 2051 2128 2114 887,
2164 2051 2255 2103 Vi-

693 2164 798 2207 tam
835 2151 889 2203 S.
925 2150 1028 2202 Nili
1097 2150 1346 2201 inseruit.
1406 2146 1579 2208 Illam,
1646 2154 1703 2196 ut
1765 2147 1815 2196 iii
1869 2142 2257 2196 ObServationc

690 2245 887 2314 praevia
922 2248 1127 2303 monet,
1159 2238 1321 2291 vertit
1346 2252 1411 2290 es
1450 2235 1637 2289 Grch
1688 2235 1981 2289 cardinalis
2004 2232 2253 2299 Sirletus,

689 2334 1047 2400 Latinainque
1102 2328 1223 2397 ejus
1260 2328 1762 2396 interpretationem
1804 2326 1947 2378 illam
1985 2334 2257 2394 repererat

690 2429 818 2480 oliui
847 2425 900 2477 in
956 2421 1146 2475 codice
1183 2417 1445 2471 Vaticano
1486 2415 1723 2469 Joannes
1776 2415 2063 2467 Durandus
2091 2429 2254 2467 aecu-

692 2527 913 2585 rateqne
946 2512 1275 2578 descriptam
1301 2510 1683 2561 transmiserat
1738 2508 1801 2559 ad
1862 2506 2254 2571 Mabillonium,

688 2613 851 2664 eziaui
876 2606 1102 2661 Adriani
1139 2602 1340 2655 Valesii
1374 2602 1579 2667 judicio
1612 2603 1731 2651 lucc
1780 2599 1997 2666 publica
2039 2599 2254 2667 dignam

692 2716 923 2770 moxque
950 2698 1235 2759 edendam,
1274 2696 1377 2748 nisi
1414 2694 1560 2745 iaria
1614 2690 2253 2757 studiaimpedivissent.

695 2791 972 2846 Versiunis
1052 2786 1359 2839 Sirlctianai
1409 2783 1573 2836 etiam
1651 2779 1895 2833 meminit
1952 2779 2256 2833 laudandus

694 2898 835 2952 sepe
874 2878 1294 2934 Scioniniarius.
1333 2872 1563 2941 ejusque
1608 2871 1886 2939 exemplar
1915 2885 2014 2921 ius.
2054 2878 2109 2923 et
2158 2885 2256 2923 nos

696 2975 958 3029 habemus
987 2986 1053 3023 ea
1104 2966 1454 3021 Bibliotheca:
1500 2961 1772 3015 Vaticana!
1821 2961 1944 3016 cod.
2002 2976 2104 3013 nis.
2157 2960 2259 3013 sub

695 3081 845 3119 num.
874 3064 1034 3122 6151,
1054 3061 1145 3128 qui
1175 3059 1315 3110 idem
1336 3063 1440 3115 est,
1468 3052 1609 3107 unde
1654 3069 1812 3107 suum
1861 3053 2252 3121 apographum,

696 3156 837 3225 quod
895 3170 1017 3209 cum
1047 3159 1237 3206 niistio
1272 3149 1337 3200 ad
1382 3148 1566 3216 apices
1612 3146 1895 3210 convenit,
1959 3144 2256 3197 adornasse

701 3248 1033 3305 ltarandum,
1058 3242 1251 3298 scribit
1279 3238 1595 3292 Hartenius.

766 3342 821 3393 4.
856 3336 1063 3403 Adiecit
1097 3343 1288 3387 nostro
1337 3329 1764 3399 Papebroehius,
1794 3327 2073 3395 exemplar
2112 3324 2259 3380 Gne-

697 3446 820 3486 cuin
878 3426 1077 3481 vidisse
1137 3441 1195 3479 se
1247 3426 1302 3477 in
1376 3421 1603 3490 Cryp‘a:
1640 3418 1873 3474 Ferratrr
1902 3417 2254 3480 monasterio,

699 3522 1085 3587 consuluitque
1113 3531 1298 3569 coram
1328 3513 1630 3567 Romanum
1666 3512 1930 3572 codiceni,
1966 3510 2031 3563 ad
2097 3523 2256 3577 quem

699 3614 903 3681 aliquid
935 3609 1266 3667 observavit.
1320 3616 1377 3659 ut
1431 3603 1571 3657 inira
1614 3602 1937 3655 videbimus.
2018 3598 2257 3666 Denique

702 3706 931 3757 Ioannes
1009 3700 1293 3753 Nattlitetts
1347 3696 1741 3766 Caryophilus,
1808 3691 2256 3760 archiepiscopus

700 3788 1292 3860 leoniensis,pr:eteriti
1325 3788 1505 3840 neuti
1534 3786 1688 3839 initio
1718 3784 1909 3837 Latine
1930 3783 2093 3837 vertit
2123 3796 2257 3835 una-

698 3902 805 3955 que
860 3900 981 3937 cum
1038 3892 1185 3934 textu
1230 3880 1419 3933 Graeco
1464 3892 1527 3929 ex
1601 3876 1811 3945 Crypta
1849 3873 2084 3928 Ferratze
2152 3886 2254 3926 nis.

700 3973 958 4027 Romanis
993 3969 1242 4024 Zaiinetti
1272 3967 1411 4036 typis
1455 3980 1597 4018 anno
1662 3964 1798 4016 l62l
1843 3964 2011 4017 edidit
2081 3958 2257 4018 Vlla!

703 4070 741 4120 S
793 4066 919 4129 Nili,
970 4077 1135 4131 quam
1196 4060 1445 4127 queritur
1504 4071 1675 4124 usque
1734 4063 1846 4107 tum
1904 4056 1956 4106 in
2022 4052 2258 4109 twn

704 4154 1003 4206 delituisse.
1038 4148 1352 4218 Caryopliili
1380 4146 1662 4215 diligentia
1696 4152 1750 4198 et
1785 4145 1839 4198 in
1872 4142 2076 4197 Latinis
2113 4154 2259 4213 ἰςτη

704 4262 763 4297 ac
797 4242 997 4296 Crmcis
1022 4241 1213 4309 peritia
1240 4238 1371 4289 nihil
1420 4238 1562 4289 circa
1595 4234 1768 4288 Vitam
1838 4234 2113 4304 praefatam
2168 4233 2259 4287 de-

703 4338 1001 4389 sideratum
1054 4331 1333 4397 relinquit,
1391 4336 1584 4390 pra-ter
1646 4327 1853 4380 hiatum
1932 4327 2155 4378 unicum
2203 4324 2257 4377 in

702 4425 879 4491 capite
924 4422 977 4474 9..
1039 4421 1089 4474 Is
1122 4421 1253 4471 mihi
1299 4419 1521 4469 dubium
1572 4416 1779 4484 injecit,
1834 4430 1901 4468 an
1944 4416 2138 4471 saltem
2194 4428 2260 4466 ex

702 4516 891 4567 eodem
914 4510 1128 4581 Cryptze
1157 4508 1491 4561 Ferratensis
1519 4508 1827 4559 monasterii
1863 4507 2050 4561 codice
2077 4503 2260 4560 $7M

705 4602 883 4655 versio
911 4601 1151 4668 protecta
1178 4596 1269 4660 sit,
1302 4611 1426 4648 cum
1447 4596 1499 4648 in
1517 4594 1829 4663 Caryaphili
1860 4605 2009 4648 testu
2030 4593 2258 4658 omissa,

703 4692 840 4743 duas
867 4694 977 4741 fere
1000 4688 1284 4740 columnas
1316 4686 1369 4737 in
1401 4683 1645 4737 Mai-lenii
1682 4682 1920 4736 editione
1975 4685 2258 4752 implsant.

704 4783 773 4835 At
794 4791 1003 4831 summa
1035 4775 1162 4828 alibi
1198 4775 1396 4841 prlSSiltl
1430 4773 1791 4823 consonantia
1844 4773 2051 4840 peperit
2085 4772 2259 4839 suspi-

705 4874 941 4929 eionuui,
974 4882 1037 4918 ne
1069 4866 1208 4918 forte
1258 4875 1541 4931 postquam
1597 4864 1839 4914 codicem
1910 4861 2264 4915 consuluerat

708 4964 962 5021 Sirletus,
1010 4959 1195 5011 lolium
1250 4972 1317 5009 ex
1381 4970 1465 5017 eo,
1518 4955 1599 5008 vel
1650 4954 1972 5023 negligentia
2019 4954 2099 5007 vel
2157 4954 2263 5006 alio

708 5070 836 5108 casu
884 5051 1105 5121 perierit
1160 5046 1428 5114 Quidquid
1458 5047 1550 5110 sit,
1602 5059 1724 5098 eum
1768 5054 1969 5098 textum
2011 5045 2260 5098 Grzncum

708 5142 939 5195 ediderit
966 5139 1325 5208 Caryophilus
1348 5148 1645 5202 exactaque
1698 5138 1944 5189 videatur
1995 5136 2114 5205 ejus
2177 5136 2264 5186 in-

711 5232 1050 5298 tcrpretatio,
1085 5226 1260 5280 Vitam
1295 5243 1356 5279 ex
1389 5229 1478 5279 illo
1509 5227 1659 5279 rdani
1698 5243 1711 5278 :
1740 5236 1791 5278 et
1828 5242 1892 5278 ite
1924 5226 2050 5293 quid
2096 5227 2264 5281 lector

708 5322 978 5376 desideret
1037 5320 1352 5384 hiatumque
1403 5319 1653 5384 snpph-re
1713 5319 1911 5384 possit,
1959 5322 2135 5371 locum
2197 5332 2261 5369 ex

708 5411 888 5466 Sirleti
920 5410 1167 5463 versione
1222 5409 1382 5460 datio.
1439 5407 1512 5458 De
1564 5408 1859 5476 biographn
1935 5408 2015 5460 sic
2072 5408 2264 5463 scribit

710 5503 1066 5571 tiarscphilus
1102 5510 1221 5563 post
1261 5500 1477 5550 initiuzn
1512 5498 1851 5551 l’r.e“atiouis
1883 5501 1947 5549 ad
1984 5501 2261 5552 lectorem:

719 5616 734 5643 I
774 5592 1020 5644 Miiiiaelii
1047 5588 1223 5641 Viiain
1259 5592 1562 5641 monachus
1607 5590 1817 5649 scribit,
1886 5589 2128 5657 magistri
2184 5589 2269 5642 di-

711 5684 971 5751 scipulus.
1026 5682 1160 5744 Quis
1189 5693 1366 5732 tamen
1402 5681 1488 5733 ille
1539 5679 1721 5740 fuerit,
1771 5696 1876 5731 non
1928 5681 2084 5747 plane
2135 5694 2269 5736 con-

712 5787 833 5829 stat.
898 5772 1344 5824 Bartholonizeum
1389 5772 1740 5837 suspicantur
1792 5772 1971 5829 multi,
2042 5769 2263 5837 quidam

2374 514 2537 563 eiiiaui
2611 525 2863 567 assctuut
2923 518 3096 568 virum
3149 526 3200 570 et
3272 519 3447 588 ipsum
3505 523 3937 589 sanctissimum,

2371 600 2471 654 Mli
2506 604 2675 655 civem
2724 616 2773 657 et
2816 608 3099 674 Sapientia:
3125 608 3244 674 ejus
3270 618 3323 662 et
3352 612 3568 676 pietatis
3608 614 3929 666 lttl'l'Ctlt'lltJ

2373 690 2494 745 lliee
2548 694 2635 745 ille
2665 694 2894 747 aliorum
2924 712 3084 751 sensa
3112 698 3176 750 de
3230 699 3647 764 llartlioloniaeo,
3695 720 3798 756 non
3842 722 3938 757 sua

2371 798 2624 851 promens
2684 802 2697 836 :
2760 796 2995 842 eteaute
3026 803 3158 841 sane
3205 792 3349 843 sicut
3394 793 3713 860 prudentem
3763 797 3936 847 virum

2369 874 2589 927 decebat
2645 885 2756 928 tum
2780 891 2876 944 pro
2895 892 2955 928 ea
2988 892 3236 931 censura:
3265 892 3551 950 parte,qua
3579 883 3934 951 biegraphnm

2371 962 2430 1015 S.
2479 962 2580 1016 Nili
2617 975 3139 1035 contemporariequ
3175 969 3349 1024 fuisse
3384 972 3603 1032 asserit,
3668 983 3777 1023 tum
3840 988 3931 1041 pro

2368 1056 2561 1117 altera,
2594 1072 2698 1123 qua
2751 1064 2959 1111 asserta
2988 1058 3054 1111 de
3088 1058 3491 1113 Uartboloniaio
3524 1063 3576 1114 in
3634 1061 3799 1116 duon
3851 1077 3933 1115 re-

2370 1146 2587 1213 linquit.

2435 1236 2487 1290 Ξὶ.
2523 1236 2998 1304 Siqiervacanenin
3038 1248 3203 1302 esset,
3235 1254 3333 1308 pro
3357 1242 3771 1297 eonﬁimatlone
3830 1245 3935 1312 pri-

2365 1342 2464 1378 une
2492 1328 2663 1395 partis
2690 1330 2957 1396 quispiam
3008 1333 3265 1397 allegare,
3316 1346 3438 1384 cum
3492 1334 3739 1400 pluribus
3799 1335 3933 1387 locis

2365 1418 2524 1469 talem
2570 1432 2629 1471 se
2677 1418 2981 1472 liiiiilenti-r
3022 1422 3342 1487 proﬁteatur
3388 1422 3742 1491 biographus.
3777 1423 3933 1489 Quod

2364 1508 2428 1561 ad
2455 1512 2747 1561 secundam
2791 1516 3021 1577 spectat,
3058 1511 3242 1579 plures
3305 1514 3479 1566 Vitam
3522 1515 3666 1565 illam
3702 1515 3755 1565 Β.
3802 1515 3934 1567 Bar-

2363 1602 2653 1654 tliolomteo
2686 1603 2992 1665 ascribunt,
3060 1604 3202 1655 inter
3260 1620 3400 1673 quos
3448 1606 3840 1661 Scioinniarius
3880 1618 3935 1661 rt

2363 1688 2683 1754 Maitenius;
2726 1699 2782 1742 at
2812 1690 2858 1744 is
2888 1692 3039 1745 Solus
3069 1706 3133 1745 ex
3174 1692 3242 1747 iis
3271 1710 3412 1763 quos
3440 1695 3570 1758 viiii,
3624 1698 3816 1751 asserti
3849 1715 3934 1750 ra-

2362 1778 2561 1829 tionem
2599 1779 2796 1843 reddit,
2819 1794 2981 1847 quam
3026 1796 3293 1850 propono.
3328 1800 3347 1833 ι
3384 1782 3719 1853 Discipuluin
3748 1798 3929 1841 autem

2361 1868 2534 1930 illum,
2569 1868 2765 1937 inquit,
2797 1870 2939 1923 haud
2978 1871 3142 1924 alium
3170 1871 3338 1925 fuisse
3366 1874 3473 1927 aB.
3512 1873 3929 1938 Bartliolomaan,

2360 1960 2523 2011 tertio
2583 1968 2704 2027 post
2738 1959 2795 2012 S.
2827 1958 3009 2014 Nilum
3042 1961 3525 2031 Cryptre-Ferratre
3566 1967 3780 2029 abbate,
3814 1968 3929 2020 eol-

2360 2044 2603 2113 ligimus,
2658 2064 2780 2101 euui
2856 2065 2922 2103 ex
2974 2054 3353 2121 inscriptione,
3431 2069 3552 2123 qua:
3632 2054 3765 2108 Viue
3808 2056 3929 2125 ejus

2360 2136 2655 2206 pra:.'igitiir
2686 2140 2738 2191 in
2771 2140 2959 2195 codice
3011 2142 3273 2198 Vaticano
3340 2142 3770 2199 MMMMMML‘LI
3827 2149 3930 2201 hoc

2360 2230 2562 2283 modo:
2604 2247 2622 2280 ι
2659 2228 2809 2284 llanc
2848 2230 3024 2285 Vitam
3052 2232 3111 2290 B.
3144 2232 3569 2291 Bartholeinazus
3592 2238 3814 2307 scripsit
3842 2256 3856 2293 :
3902 2258 3921 2289 ι

2362 2330 2475 2372 tum
2511 2335 2573 2373 ex
2603 2321 2838 2377 breviori
2886 2324 3135 2394 ejusdem
3169 2325 3228 2381 S.
3253 2327 3634 2383 Bartliolonirei
3682 2327 3825 2391 Vita,
3874 2332 3927 2384 in

2358 2427 2464 2482 qua
2493 2414 2604 2468 haec
2645 2415 2878 2485 legimus
2914 2434 2927 2470 :
2967 2436 2985 2468 ι
3025 2417 3360 2489 llymnorum
3384 2419 3731 2477 elucubrator
3755 2435 3818 2475 ac
3845 2424 3928 2475 ni-

2380 2524 2398 2556 ι
2434 2507 2600 2558 niium
2645 2508 2925 2575 sapienter
2981 2523 3069 2564 res
3121 2518 3303 2578 gestas
3347 2508 3431 2564 sui
3479 2512 3827 2581 praeceptoris
3874 2521 3929 2566 et

2366 2614 2383 2647 I
2422 2598 2718 2651 multorum
2746 2608 3062 2653 sanctorum
3104 2600 3447 2654 describens.
3474 2620 3492 2652 ο
3527 2602 3777 2655 Reddunt
3805 2606 3928 2672 qui-

2358 2688 2479 2741 dem
2508 2699 2783 2757 postrcnia
2814 2690 2906 2742 illa
2940 2698 3150 2744 certum
3202 2699 3505 2761 utcunque,
3540 2692 3600 2746 Β.
3638 2693 3923 2749 Βοηιιοιοε

2361 2796 2553 2832 nia-um
2614 2783 2911 2851 scripsisse
2966 2781 3145 2837 Vitam
3195 2786 3372 2838 sancti
3428 2787 3512 2839 sui
3576 2789 3925 2856 pra-ceptoris

2359 2869 2464 2924 Nili
2498 2888 2514 2934 ;
2549 2887 2757 2933 verum,
2783 2874 2929 2940 quod
2970 2871 3147 2926 Vitam
3180 2876 3430 2929 eamdem
3464 2877 3609 2929 illam
3635 2879 3926 2931 elucubra-

2360 2964 2452 3025 rit,
2491 2978 2655 3032 quam
2712 2964 2985 3033 hodieque
3033 2965 3318 3029 habemus,
3373 2982 3480 3020 non
3533 2983 3595 3022 ea
3658 2984 3722 3023 eo
3774 2985 3926 3034 atque

2360 3065 2510 3108 certo
2540 3056 2728 3123 liquet.
2761 3054 2917 3120 Quod
2945 3057 3011 3109 ad
3062 3057 3304 3110 codicem
3345 3058 3663 3113 Vaticanum
3707 3061 3921 3120 attinet.

2361 3159 2552 3214 parum
2604 3161 2735 3199 sane
2769 3146 3030 3214 ponderis
3098 3156 3308 3202 asserto
3364 3150 3669 3211 accederet,
3710 3154 3924 3206 etiamsi

2361 3237 2633 3305 interpres
2668 3236 2922 3301 Sirletus,
2954 3240 3036 3292 vel
3086 3238 3179 3306 qui
3231 3241 3357 3307 ejus
3405 3241 3715 3294 versionem
3751 3244 3924 3295 codici

2362 3328 2659 3396 inscripsit,
2683 3328 2844 3382 verba
2875 3329 3198 3392 addidisset,
3240 3346 3363 3400 qua:
3392 3331 3444 3383 in
3502 3340 3651 3385 testu
3714 3330 3921 3392 Graeco.

2358 3434 2522 3488 quem
2591 3423 2771 3478 vertit.
2842 3437 2952 3473 non
3026 3420 3393 3489 legebantur:
3444 3424 3539 3476 sed
3592 3412 3658 3477 ne
3715 3433 3925 3476 tantum

2359 3510 2579 3579 quidem
2632 3512 2861 3564 subsidii
2896 3526 2993 3580 pro
3040 3527 3138 3565 sua
3205 3512 3464 3579 opinione
3530 3514 3692 3567 habet
3729 3512 3927 3567 Marte-

2360 3605 2503 3666 nius,
2566 3603 2769 3670 quique
2819 3617 2943 3656 cum
2997 3603 3090 3656 illo
3145 3604 3389 3657 sentiunt
3450 3619 3463 3655 :
3523 3602 3925 3673 Papebrochius

2357 3692 2525 3754 enim,
2594 3695 2685 3759 qui
2761 3691 3006 3744 codicem
3061 3689 3381 3745 Vaticanum
3445 3694 3682 3762 propriis
3749 3696 3925 3748 oculis

2360 3783 2634 3844 lustravit,
2701 3784 2883 3835 addita
2936 3782 3003 3835 ad
3046 3784 3419 3852 apograpliuin
3475 3795 3721 3836 nostrum
3792 3794 3922 3838 nota

2355 3874 2603 3927 studiose
2645 3883 2848 3935 monet.
2881 3873 2985 3926 alia
3014 3873 3243 3927 indubie
3277 3888 3441 3926 manu
3479 3880 3641 3927 verba
3691 3876 3922 3942 allegat:

2360 3965 2532 4018 fuisse
2571 3963 2804 4033 adjecta,
2838 3978 3001 4031 quam
3032 3980 3137 4030 qua
3176 3965 3291 4015 \‘ita
3332 3976 3557 4017 exarata
3584 3974 3687 4018 est.
3739 3964 3920 4027 Plura,

2362 4058 2411 4109 ui
2446 4055 2628 4118 fallor,
2657 4069 2796 4123 opus
2821 4071 2927 4107 non
2955 4064 3036 4107 est
3064 4055 3352 4119 addere,ut
3381 4055 3649 4109 rationem
3680 4057 3922 4117 reddam,

2362 4163 2529 4217 quare
2546 4149 2831 4201 sententiae
2848 4147 3207 4200 illustrissimi
3224 4148 3530 4215 tiaryophili
3556 4148 3921 4208 subscribam,

2362 4254 2459 4292 nec
2493 4237 2692 4297 Vitam.
2747 4240 2889 4305 quod
2925 4249 3101 4291 tamen
3154 4252 3253 4305 pro
3294 4237 3565 4305 probabili
3624 4238 3816 4301 habeo,
3862 4236 3922 4292 Β.

2363 4327 2761 4381 Bartholonizeo
2806 4326 3028 4381 induhie
3082 4327 3377 4381 aseribam.
3421 4325 3613 4394 Major,
3661 4326 3854 4392 lateor,
3894 4344 3923 4381 a

2363 4417 2423 4471 Β.
2464 4416 2858 4470 ΒδτιΙιυΙυιιιωο
2882 4418 3178 4469 auctoritas
3218 4414 3352 4469 Vita:
3374 4420 3743 4481 accederet;at
3761 4433 3923 4487 quam

2364 4509 2628 4563 habemus
2648 4522 2675 4559 a
2708 4507 2975 4575 scriptore
3006 4521 3209 4570 eoaivo,
3250 4507 3453 4574 quique
3484 4505 3543 4560 S.
3577 4507 3698 4560 Nilo
3727 4510 3779 4561 in
3807 4510 3925 4577 ipso

2366 4601 2481 4653 loco
2514 4598 2779 4661 conviait,
2800 4596 3203 4665 candoremque
3226 4610 3387 4649 suum
3406 4610 3513 4650 non
3535 4611 3643 4650 uno
3667 4597 3783 4651 loco
3802 4614 3927 4667 pro-

2365 4690 2475 4751 bat,
2506 4687 2664 4741 nobis
2705 4684 2924 4739 sufﬁcit.

2434 4780 2487 4833 6.
2518 4776 2671 4831 Nunc
2704 4778 2769 4830 ad
2797 4776 3111 4845 quampiam
3140 4774 3517 4830 chrouotaxiin
3552 4774 3924 4829 deducendam

2364 4880 2417 4923 et
2460 4885 2629 4939 pauca
2662 4869 2845 4936 aliqua
2878 4868 3244 4922 examinanda
3279 4867 3703 4921 descendanius.
3754 4864 3926 4919 Natus

2365 4972 2448 5016 est
2477 4962 2534 5015 S.
2572 4961 2727 5013 Nilus
2796 4958 3030 5013 Rossani
3088 4959 3143 5011 in
3205 4958 3480 5017 Calabria.
3544 4959 3673 5011 olim
3737 4957 3925 5024 M.«.gua

2366 5052 2572 5106 Graecia
2630 5048 2811 5103 vocari
2857 5049 3046 5102 solita.
3102 5047 3387 5102 Provincia
3453 5057 3538 5102 est
3594 5049 3925 5115 amplissmia

2368 5142 2519 5209 regni
2561 5138 2901 5208 Neapolitani
2942 5140 2997 5192 in
3048 5138 3217 5191 Italiae
3241 5138 3307 5191 ad
3365 5137 3625 5191 Austrum
3672 5139 3933 5191 extremis

2368 5233 2570 5286 ﬁnibus
2601 5231 2961 5298 maribusque
3012 5226 3221 5290 Siculo,
3256 5226 3408 5281 Ionio
3440 5236 3494 5280 et
3512 5225 3794 5296 Tyrrheno
3830 5241 3928 5278 un.

2367 5327 2531 5392 dique
2569 5322 2773 5381 cincta,
2818 5329 3176 5389 prmterquam
3234 5334 3426 5372 versus
3471 5319 3928 5387 Septentrionem,

2370 5417 2460 5468 ubi
2497 5415 2831 5483 provinciam
2880 5411 3226 5465 Basilieatam
3298 5411 3697 5463 conterminam
3743 5409 3930 5462 habet.

2370 5501 2700 5561 Rossanuin,
2750 5498 2894 5565 quod
2946 5498 3036 5551 alii
3096 5498 3434 5552 Roscianuni
3474 5500 3745 5559 scribunt,
3784 5500 3930 5565 prin-

2368 5593 2581 5661 cipatus
2621 5590 2779 5643 titulo
2808 5599 2864 5643 et
2895 5588 3346 5658 archiepiscOpali
3406 5589 3536 5641 sede
3599 5590 3924 5657 insignitum

2370 5691 2475 5745 est,
2526 5681 2803 5747 distatque
2835 5679 2921 5731 vix
2975 5678 3009 5731 3
3038 5676 3361 5730 milliaribus
3384 5678 3453 5729 ab
3493 5691 3586 5730 ora
3618 5679 3773 5731 sinus
3825 5676 3936 5731 Ta-

2380 5771 2601 5825 rentini.
2637 5770 2823 5838 Ainpla
2850 5776 2905 5823 et
2935 5768 3101 5836 probe
3143 5766 3288 5819 culta
3318 5766 3587 5836 hodieque
3617 5769 3810 5819 civitas
3828 5778 3931 5821 est.
