4196 6430
214 392 277 457 l3
1384 388 1566 450 VITA
1623 388 1691 447 S.
1727 386 1888 446 Nl”
1934 386 2318 448 JUNIOBIS.
3401 383 3466 460 14

208 505 423 558 Seruio
460 519 514 565 x,
542 501 619 555 uti
661 510 717 555 et
739 500 987 556 Calabria
1024 501 1279 555 universa
1313 501 1545 571 imperio
1597 500 1786 554 Orien-

206 596 275 647 tis
320 593 501 647 adhuc
529 592 785 662 parebat,
818 600 1046 661 eratque
1096 600 1151 645 et
1188 578 1373 661 lingua
1400 599 1454 643 et
1475 592 1615 646 ritus
1634 590 1785 644 Gm-

204 701 303 741 cus
352 687 406 739 in
431 702 557 746 usu,
578 683 797 753 quando
826 683 1023 738 ibidem
1050 692 1211 736 natus
1255 690 1340 736 est
1370 681 1431 737 8.
1484 680 1659 736 Nilus.
1712 680 1784 736 De

205 778 531 847 parentibus
575 776 701 844 ejus
745 790 999 841 annoque
1035 772 1205 826 natali
1264 772 1403 826 nihil
1449 770 1788 827 determina-

205 870 317 923 tius
352 871 551 939 legitur
578 868 631 921 in
666 866 807 921 Vita.
869 864 1091 922 Gabriel
1144 864 1369 920 Barrius
1424 863 1500 918 De
1523 863 1708 933 Antiq.
1731 869 1784 915 et

205 962 311 1011 situ
347 958 610 1013 Calabriae
649 958 776 1011 libri
814 972 842 1008 ν
874 957 1036 1011 initio
1075 956 1298 1019 scribit,
1352 954 1413 1009 S.
1474 954 1657 1008 Nilum
1719 967 1788 1007 ex

206 1051 493 1103 nobilibus
561 1048 880 1119 parentibus
934 1056 1115 1099 ortum
1159 1060 1301 1110 esse,
1338 1052 1789 1112 assertorumqne

207 1150 401 1194 testem
449 1140 650 1208 allegat
705 1138 763 1191 Β.
822 1138 1278 1191 Βιιι-ιιιοιθιιιπξιιιιι
1344 1136 1519 1190 sancti
1577 1136 1791 1204 biogra-

204 1232 406 1296 phum;
443 1239 495 1279 at
529 1229 610 1279 vel
658 1228 881 1294 vulgare
909 1235 993 1280 est
1051 1227 1155 1281 hoc
1191 1226 1385 1278 vitium
1421 1225 1782 1294 scriptorum,

203 1320 293 1386 qui
338 1328 565 1375 sanctus
590 1321 902 1372 stemmatis
929 1317 1138 1385 fulgore
1170 1317 1365 1385 quavis
1415 1316 1500 1369 via
1526 1315 1789 1369 decorare

205 1413 480 1472 laborant,
515 1412 597 1461 vel
642 1409 801 1461 aliam
834 1407 1034 1469 Vitam,
1076 1409 1227 1473 quod
1265 1417 1447 1461 tamen
1479 1407 1567 1460 vix
1600 1406 1788 1467 credo,

206 1520 315 1571 pra:
357 1504 536 1555 oculis
566 1501 761 1555 habuit
814 1499 1061 1553 Bari-ius.
1124 1498 1176 1553 Id
1209 1514 1343 1554 sane
1365 1498 1783 1568 nequeintextu

202 1594 399 1646 Gneru
454 1608 631 1660 neque
664 1594 716 1644 in
754 1591 1123 1654 versiouibus,
1153 1604 1292 1659 quas
1307 1588 1483 1642 habeo
1501 1587 1788 1644 asseritur.

204 1682 362 1748 Quod
420 1682 487 1734 ad
548 1696 755 1738 annum
816 1682 1054 1734 natalem
1108 1680 1326 1743 attinet,
1390 1677 1789 1733 Sciomtnarius

204 1775 341 1826 Nota
402 1774 435 1825 8
496 1776 561 1825 ad
601 1770 776 1826 Vitam
836 1772 895 1825 Β.
958 1770 1343 1825 Bartholomret
1408 1769 1664 1839 designat
1689 1784 1786 1821 an-

206 1880 335 1916 num
361 1862 568 1917 Christi
607 1862 734 1929 9l0,
774 1875 827 1916 et
862 1871 1011 1918 recte
1051 1878 1067 1917 :
1103 1864 1309 1932 quippe
1340 1861 1476 1917 Vita:
1533 1875 1686 1913 num.
1722 1858 1789 1911 87

205 1954 412 2007 dicitur
467 1953 526 2009 8.
602 1954 760 2010 Nilus
816 1954 1021 2009 obiisse
1068 1970 1213 2007 anno
1260 1953 1439 2007 aetatis
1497 1950 1587 2005 95.
1648 1948 1792 2003 Mor-

206 2057 333 2099 tuus
412 2058 597 2101 autem
674 2057 761 2101 est
828 2060 975 2099 anno
1038 2044 1246 2099 Christi
1305 2044 1488 2107 1005;
1549 2041 1690 2097 unde
1742 2040 1787 2094 si

208 2151 385 2191 annos
453 2136 525 2190 95
603 2138 971 2202 subtraxeris,
1043 2137 1099 2191 in
1194 2150 1399 2190 annum
1466 2133 1569 2189 910
1641 2132 1790 2191 dela-

207 2228 377 2284 beris.

280 2319 331 2376 7.
388 2318 785 2375 Porroannum
848 2318 1057 2374 Christi
1112 2316 1253 2373 1005
1288 2319 1466 2373 sancti
1512 2317 1671 2372 morti
1706 2331 1789 2373 as-

206 2414 482 2483 signatum
540 2428 651 2468 non
690 2413 953 2467 habemus
998 2413 1052 2466 in
1098 2410 1238 2475 Vita,
1262 2414 1358 2467 sed
1388 2413 1542 2466 illum
1573 2428 1638 2466 ex
1664 2412 1787 2467 aliis

210 2503 588 2557 monumentis
670 2504 827 2557 bona:
893 2512 1035 2557 nota:
1087 2504 1322 2557 accersit
1371 2502 1786 2557 Sciommarius.

205 2594 367 2649 Juxta
394 2597 591 2648 turrim
618 2595 866 2649 ecclesia
915 2597 1129 2663 Crypta:
1162 2594 1501 2649 Ferratensis
1530 2592 1786 2647 marmori

208 2686 482 2754 insculpta
513 2694 600 2740 cst
627 2686 742 2738 haec
777 2686 1068 2754 mscriptio
1119 2702 1135 2739 :
1221 2672 1517 2755 Ἐκοιμήθη
1551 2685 1579 2735 ὁ
1634 2684 1786 2750 ἅγιος

208 2777 400 2839 Νεῖλος
451 2777 572 2838 ἔτος
644 2773 838 2848 5237'.
896 2794 913 2826 ι
960 2774 1301 2828 Obdormivit
1351 2775 1404 2828 8.
1455 2774 1607 2828 Nilus
1642 2788 1787 2827 anno

210 2869 371 2922 0515.
416 2887 435 2919 ι
468 2868 617 2925 Idem
651 2883 831 2922 annus
856 2868 1016 2919 morti
1052 2866 1111 2919 8.
1141 2864 1245 2919 Nili
1280 2866 1611 2935 assignatur.
1647 2874 1785 2925 teste

211 2958 599 3021 Sciommarin,
654 2960 707 3010 in
752 2957 981 3025 antiquo
1035 2954 1245 3019 codice,
1296 2956 1388 3024 qui
1422 2956 1606 3009 Basilii
1653 2957 1786 3010 Por-

210 3047 557 3116 phymgeniti
594 3047 923 3113 appellatur,
953 3045 1031 3098 uti
1065 3054 1120 3098 et
1198 3044 1252 3097 in
1294 3042 1502 3114 Typico
1556 3045 1783 3113 antiquo

211 3138 268 3192 Β.
306 3135 695 3190 Bartbolomazi
729 3135 966 3204 aliisque
1017 3132 1148 3188 Mss.
1208 3134 1598 3189 monumentis.
1643 3133 1782 3187 Eru-

210 3229 319 3284 dite
358 3241 548 3297 porro,
604 3226 884 3279 variorum
944 3225 1281 3294 scriptorum
1346 3225 1401 3278 in
1463 3225 1566 3280 hoc
1622 3224 1784 3278 modo

210 3319 571 3389 computandi
604 3318 879 3386 correptis
931 3317 1199 3387 lapsibus,
1269 3316 1469 3371 ibidem
1522 3317 1784 3381 ostendit,

211 3427 413 3468 annum
474 3408 666 3462 mundi
719 3407 1038 3461 Grmcorum
1080 3421 1234 3461 more
1290 3408 1561 3476 signatum
1623 3405 1784 3468 6515,

210 3519 328 3557 esse
365 3502 610 3569 vulgaris
638 3516 759 3553 arae
789 3499 944 3553 l005.
983 3498 1184 3551 Omitto
1215 3505 1560 3565 argumenta,
1585 3497 1785 3565 quibus

212 3595 264 3654 id
311 3593 547 3647 indubie
602 3591 827 3654 evincit,
892 3604 1125 3657 quaeque
1181 3587 1323 3656 apud
1380 3589 1556 3655 ipsum
1615 3585 1786 3643 videri

213 3693 464 3754 possunt.
501 3681 722 3735 Interim
775 3680 1044 3747 imprimis
1076 3689 1286 3730 certum
1321 3686 1427 3739 est,
1461 3675 1616 3745 juxta
1645 3676 1788 3731 hanc

212 3777 476 3845 epocham
492 3782 640 3827 recte
666 3771 992 3829 combinari.
1026 3783 1148 3838 qua:
1171 3770 1225 3823 in
1254 3769 1375 3825 Vita
1401 3770 1469 3822 de
1495 3771 1785 3823 conventis

214 3869 418 3924 Ottone
488 3865 555 3920 lll
586 3868 915 3937 imperatore
945 3872 1000 3919 et
1050 3861 1311 3931 Gregorio
1352 3859 1390 3913 V
1443 3861 1698 3930 pontiﬁce
1736 3862 1787 3913 in

214 3977 377 4014 causa
409 3960 637 4013 Joannis
664 3960 932 4026 antipapu:
963 3964 1280 4018 narrantur,
1302 3969 1527 4023 qumque
1550 3963 1789 4023 pttguant

219 4056 358 4121 apud
399 4051 707 4103 Gabrielem
752 4048 1022 4111 Barrium,
1073 4047 1345 4100 Lubinum
1416 4048 1663 4114 aliosque
1728 4049 1783 4099 8.

216 4143 317 4196 Nili
354 4152 586 4196 mortem
624 4144 688 4192 ad
719 4155 921 4193 annum
968 4139 1094 4202 980,
1130 4142 1212 4192 vel
1237 4139 1445 4207 aliquot
1470 4138 1629 4196 annis
1664 4148 1789 4191 ante

215 4236 377 4288 linem
405 4234 590 4285 saeculi
620 4248 645 4283 x
685 4230 1017 4283 referentes:
1055 4246 1175 4282 cum
1208 4238 1416 4282 certum
1439 4230 1507 4282 sit
1538 4243 1603 4280 ex
1636 4244 1786 4283 num.

218 4330 303 4389 87,
336 4324 807 4394 Quadragesimali
836 4333 1075 4392 ictttpm'e
1108 4322 1328 4375 llomam
1360 4334 1421 4374 ca
1453 4335 1618 4375 causa
1666 4336 1791 4391 pro-

222 4423 419 4473 lectum
480 4427 755 4479 sanctum,
813 4416 973 4483 idque
1011 4429 1154 4467 anno
1216 4412 1340 4473 998,
1380 4424 1432 4466 ιιι
1501 4414 1669 4481 liquet
1724 4429 1788 4467 cx

223 4508 597 4562 monumentis
622 4522 649 4557 a
685 4504 982 4559 Muratorio
1031 4506 1084 4556 in
1137 4503 1440 4558 Atttt.:lilttts
1483 4503 1682 4559 ibidem
1717 4505 1791 4555 al-

222 4601 432 4669 legatis.
463 4597 649 4665 Neque
680 4596 861 4649 minus
915 4595 1134 4664 limpido
1184 4596 1480 4649 secundum
1509 4595 1794 4647 rhronnta-

223 4697 325 4746 xim
381 4692 564 4748 fluunt
598 4692 704 4743 alia
748 4688 1029 4748 nonnulla.
1065 4704 1186 4756 quae
1218 4690 1365 4743 notis
1388 4689 1793 4757 chronologicis

224 4788 273 4837 in
336 4782 460 4835 Vita
529 4782 944 4849 circumscripta
1009 4788 1158 4833 sunt.
1232 4778 1460 4844 Quando
1514 4780 1572 4833 S.
1639 4780 1794 4834 Nilus

226 4875 426 4929 mundo
467 4874 747 4934 valedixit,
815 4873 1056 4925 nondum
1084 4872 1396 4938 expleverat
1436 4885 1638 4924 annum
1701 4871 1791 4936 50,

228 4984 371 5019 num.
410 4965 444 5017 6
486 4982 497 5015 :
534 4966 696 5031 igitur
729 4978 989 5017 accessus
1019 4964 1137 5030 ejus
1168 4961 1233 5014 ad
1292 4961 1591 5015 monachos
1650 4978 1794 5015 anno

226 5061 327 5113 9ιο
360 5060 440 5110 Vel
466 5057 717 5124 sequenti
775 5055 1023 5123 contigit.
1077 5053 1312 5106 Numero
1373 5052 1508 5106 Vitae
1540 5052 1610 5106 26
1673 5051 1796 5107 Ste-

228 5154 436 5215 [dianus
485 5168 502 5198 ι
534 5149 853 5200 adolescens
880 5162 1148 5198 annorum
1216 5144 1327 5201 fere
1358 5146 1546 5214 viginti
1612 5147 1795 5214 jnnxit

227 5257 280 5288 se
307 5240 364 5290 S.
390 5235 701 5302 Nil.i,qnud
736 5236 961 5304 contigit
996 5236 1160 5303 hujus
1208 5237 1449 5289 altero...
1487 5237 1537 5288 in
1574 5239 1795 5306 spclun-

226 5346 337 5380 cum
371 5332 705 5379 sl‘t‘l'SsiUlllS
738 5343 904 5379 armo.
945 5346 961 5377 ι
1003 5344 1153 5380 num.
1198 5326 1266 5379 27
1296 5328 1600 5395 Stephanus
1641 5346 1793 5383 num.

229 5424 292 5471 fit
322 5422 748 5489 St'plttngettitriu
783 5421 956 5485 major
989 5422 1238 5472 laborare
1276 5422 1472 5473 solitus
1506 5422 1675 5475 fuisse
1707 5422 1793 5475 di-

229 5514 382 5565 citur.
443 5513 778 5578 Stephanum
826 5521 1099 5564 tnortuum
1136 5514 1236 5565 Sllil
1281 5513 1528 5566 eumdem
1569 5530 1793 5576 alumni,

234 5621 333 5667 <;uu
403 5603 530 5655 (ltto
594 5603 653 5656 ill
695 5606 989 5672 imperator
1010 5602 1265 5665 dect-ssit,
1302 5604 1470 5669 liquet
1508 5605 1704 5657 ibidem
1731 5622 1795 5657 ex

234 5698 526 5759 rizljututs.
565 5694 783 5749 Cttnnis
837 5696 1018 5749 obitus
1060 5712 1205 5748 anno
1252 5696 1381 5749 1001
1441 5698 1798 5767 consignatus

235 5796 309 5838 tat
339 5827 351 5836 .
386 5801 532 5839 orca
566 5787 715 5839 tilum
759 5788 951 5841 obierit
1003 5787 1314 5855 Stuplzauus
1345 5806 1354 5841 :
1394 5788 1641 5855 ejusdem
1677 5804 1792 5843 tito-

1894 499 2122 554 nastiea:
2170 499 2298 552 vitae
2334 495 2487 551 initia
2515 498 2664 553 circa
2699 511 2903 553 annum
2932 496 3040 553 915
3069 496 3156 568 ligi
3186 504 3464 569 poterunt,

1892 588 2131 645 Rursum
2165 605 2294 644 num
2319 588 2388 643 95
2412 588 2803 643 monasterium
2840 587 3112 657 Serperis,
3147 607 3165 641 ι
3239 590 3295 645 in
3355 605 3467 659 quo

1891 676 1959 730 ad
1991 691 2167 731 annos
2200 676 2267 731 10
2297 676 2654 729 monasticam
2686 675 2907 731 duxerit
2941 678 3126 742 vitam,
3162 696 3180 731 ι
3219 679 3466 733 deseruit

1894 766 1952 823 S.
1979 768 2131 824 Nilus
2174 779 2229 824 et
2275 768 2492 823 duobus
2520 776 2642 837 post
2674 769 2957 825 mensibus
3016 786 3165 824 num.
3204 768 3273 823 97
3302 772 3459 827 obiit.

1894 863 1974 917 Eo
2007 862 2172 931 igitur
2211 862 2505 917 accesserit
2541 876 2683 914 anno
2738 861 2842 915 994
2875 864 2958 917 vel
3022 863 3291 931 sequenti.
3353 864 3471 920 Nue

1895 968 2047 1008 mero
2093 952 2163 1007 86
2199 954 2252 1007 in
2281 952 2585 1008 Vallelucio
2623 952 2733 1021 egit
2788 954 3102 1023 quindecim
3152 969 3346 1017 annos,
3398 957 3466 1009 ah

1894 1044 2152 1113 Aligerno
2189 1043 2501 1098 Cassinensi
2527 1042 2724 1097 abbate
2762 1041 2818 1096 in
2849 1042 2980 1097 illud
3005 1044 3279 1100 admissus
3311 1060 3463 1114 num,

1895 1134 1986 1199 62,
2013 1134 2253 1188 deducto
2314 1142 2599 1203 computu,
2648 1133 2751 1188 sub
2796 1148 2999 1187 annum
3038 1135 3164 1200 978,
3199 1150 3308 1205 quo
3345 1138 3465 1191 Ali-

1895 1241 2097 1296 gernus
2124 1228 2315 1296 agebat
2346 1226 2578 1285 abbatis:
2632 1227 2725 1293 29,
2761 1226 2853 1297 qui
2888 1235 3141 1285 mortuus
3168 1238 3274 1294 est,
3298 1244 3466 1286 asse-

1894 1328 2045 1372 rente
2070 1318 2376 1381 hlahillone,
2409 1333 2553 1373 anno
2584 1318 2711 1373 986.

1968 1410 2023 1463 8.
2053 1408 2191 1462 Hinc
2220 1412 2347 1463 anni
2385 1411 2414 1462 ’ἵ
2443 1411 2643 1464 residui
2679 1409 3074 1465 suntlocandis
3100 1410 3187 1475 iis,
3216 1426 3335 1481 quae
3360 1412 3465 1477 sub

1896 1500 2133 1570 Aligerni
2169 1515 2485 1555 successore
2510 1517 2663 1554 num.
2701 1501 2769 1554 84
2798 1510 2851 1554 ct
2879 1503 3232 1572 sequentibus
3262 1502 3463 1559 ibidem

1897 1592 1953 1647 8.
1990 1593 2116 1647 Nilo
2149 1594 2442 1665 contigisse
2474 1605 2790 1659 narrantur,
2828 1595 2906 1649 uti
2940 1602 2993 1649 ct
3035 1595 3330 1664 quaerendo
3370 1596 3465 1653 alii

1894 1685 2141 1738 solitario
2171 1685 2288 1738 loco
2316 1685 2709 1754 migrandoque
2738 1685 2805 1738 ad
2850 1685 3241 1740 monasterium
3269 1684 3463 1755 Serpe:

1894 1776 1971 1829 ris
2015 1794 2029 1829 :
2064 1784 2229 1844 atque
2270 1775 2351 1830 sic
2390 1775 2646 1829 ordinate
2685 1776 3071 1830 combinantur
3096 1776 3300 1830 omnia.
3355 1775 3463 1831 Obe

1894 1852 2095 1920 servat'
2131 1881 2295 1935 porro
2326 1864 2727 1921 Sciommarius
2758 1881 2903 1936 saepe
2934 1866 3187 1922 laudatus
3209 1865 3349 1921 Nota
3390 1866 3457 1926 l8

1892 1960 1958 2011 ad
2020 1956 2195 2013 Vitam
2233 1958 2294 2010 B.
2328 1957 2732 2021 Bartholomzei,
2792 1967 3042 2013 sanctum
3084 1958 3137 2011 in
3188 1958 3460 2027 baptismo

1892 2050 2175 2105 Nicolaum
2216 2049 2387 2105 fuisse
2422 2049 2785 2107 nominatum.
2833 2050 3028 2104 Clarus
3048 2060 3133 2103 est
3199 2047 3253 2103 in
3318 2049 3462 2103 banc

1892 2158 2003 2195 rem
2057 2143 2208 2195 locus
2233 2139 2505 2198 Pancratii
2536 2143 2587 2193 in
2650 2139 2984 2211 Panegyrico
3022 2140 3253 2196 dicentis
3298 2157 3315 2196 :
3347 2139 3461 2212 Τὴν

1894 2236 2061 2304 μονὴν
2108 2237 2205 2302 τῆς
2242 2234 2678 2303 Κρυπτοφέρῤης
2714 2234 3105 2303 ἀπαρξαμένου
3159 2234 3253 2286 τοῦ
3287 2235 3461 2304 μεγά-

1889 2326 1981 2380 λου
2012 2326 2279 2381 Νικολάου
2308 2324 2400 2379 τοῦ
2440 2327 2533 2379 καὶ
2567 2325 2728 2379 Νεὶλο
2758 2326 3031 2396 μόνοννος,
3081 2346 3100 2379 ι
3138 2326 3272 2383 Cum
3312 2330 3463 2396 prins

1888 2417 2091 2486 cipium
2122 2416 2360 2471 dedisset
2381 2416 2715 2470 monasterio
2741 2415 2955 2486 Cryptte
2974 2414 3209 2471 Ferratze
3231 2432 3460 2488 magnus

1889 2505 2165 2570 Nieolaus,
2203 2509 2375 2577 quiet
2409 2508 2563 2562 Nilus
2617 2506 2851 2574 solum,»
2886 2508 3115 2573 scilicet,
3159 2510 3463 2578 appellatus

1891 2609 1992 2654 est.
2033 2597 2172 2661 Nota
2218 2599 2289 2652 l5
2333 2598 2565 2661 dixerat,
2612 2598 2666 2651 in
2721 2596 2911 2652 ordine
2966 2596 3026 2650 S.
3075 2598 3279 2663 Basilii,
3335 2614 3460 2653 cum

1895 2689 2134 2744 habitum
2174 2689 2300 2758 quis
2350 2688 2548 2751 induit,
2581 2702 2778 2741 nomen
2809 2687 3009 2740 mutari
3045 2687 3267 2753 solere;
3297 2696 3462 2759 atque

1893 2780 1966 2831 ita
2003 2779 2062 2832 S.
2094 2776 2303 2831 Nicolai
2342 2792 2542 2833 nomen
2577 2777 2627 2829 in
2656 2773 2858 2839 Nilum,
2893 2773 2955 2829 Β.
2996 2774 3185 2830 Basilii
3219 2777 3274 2831 in
3328 2776 3463 2832 Bar-

1892 2869 2239 2923 tholomaeum
2273 2874 2538 2920 mutatum
2569 2865 2757 2920 fuisse.
2815 2862 2945 2929 Qua:
2973 2863 3040 2917 ad
3080 2863 3458 2925 educationem

1892 2960 2011 3028 ejus
2036 2967 2091 3013 et
2127 2958 2548 3011 adolescentiam
2589 2965 2835 3017 exactam
2888 2965 3154 3027 spectant,
3194 2958 3459 3027 quaepiam

1890 3053 1944 3105 in
1977 3051 2100 3111 Vita
2131 3049 2463 3105 referuntur.
2499 3050 2765 3106 Baronius
2826 3049 2878 3103 in
2912 3050 3217 3109 Annalibus
3255 3052 3321 3105 ad
3358 3067 3460 3107 an-

1893 3158 2021 3200 num
2052 3142 2253 3198 Christi
2293 3140 2419 3207 976,
2459 3156 2609 3194 num.
2638 3140 2695 3204 2,
2731 3141 2811 3194 sic
2846 3140 3032 3194 scribit
3059 3156 3121 3193 ex
3159 3141 3300 3195 Metii
3338 3159 3459 3197 ver-

1891 3236 2068 3301 sione,
2097 3250 2261 3307 quam
2294 3248 2481 3289 secum
2539 3234 3002 3287 communicatam
3020 3233 3229 3290 dixerat
3262 3250 3275 3285 :
3304 3233 3462 3301 «Fuit

1892 3328 2048 3383 Nilus
2088 3329 2191 3383 iste
2243 3329 2311 3381 ab
2362 3326 2573 3394 origine
2616 3323 2825 3390 Graeca,
2860 3323 3094 3380 Rossani
3127 3326 3179 3379 in
3209 3324 3463 3387 Calabria

1892 3422 2111 3477 civitate
2134 3427 2316 3484 natus,
2360 3417 2609 3471 doctrina
2652 3426 2814 3486 atque
2840 3417 3038 3486 pietate
3092 3417 3347 3484 insignis,
3391 3418 3460 3471 ab

1893 3510 2121 3565 infantia
2174 3508 2268 3567 Dei
2304 3510 2485 3563 cultor
2521 3507 2758 3563 eximius
2795 3515 2849 3561 et
2890 3517 3015 3577 post
3057 3507 3459 3561 matrimonium

1893 3604 2055 3656 vitam
2104 3600 2465 3655 monasticam
2522 3608 2784 3653 sectatus.
2832 3617 2850 3650 ι
2902 3600 3104 3653 Eadem
3168 3600 3234 3654 de
3286 3600 3465 3657 sancti

1881 3694 2246 3749 matrimonio
2290 3693 2493 3748 habent
2526 3692 2721 3755 Surius
2764 3698 2819 3747 et
2868 3689 3127 3745 Bailletus
3179 3690 3247 3745 ad
3320 3692 3465 3746 hunc

1895 3785 2064 3839 diem.
2118 3783 2333 3849 Nescio,
2360 3799 2430 3840 an
2466 3784 2682 3837 diversa
2732 3783 2784 3836 in
2828 3796 2893 3836 eo
2956 3780 3120 3835 fuerit
3161 3781 3303 3836 Metii
3348 3799 3468 3837 ver-

1896 3877 2023 3942 sio;
2062 3885 2117 3930 at
2140 3876 2183 3930 si
2218 3875 2378 3929 habet
2408 3875 2607 3930 similia
2665 3873 2797 3939 illis,
2840 3887 2961 3941 quia
3002 3873 3055 3925 in
3104 3870 3224 3926 Vita
3256 3873 3467 3927 edenda

1895 3984 2016 4039 cap.
2045 3968 2098 4029 1,
2132 3981 2281 4020 num.
2308 3967 2341 4019 5
2375 3973 2428 4019 et
2448 3982 2591 4033 seq.,
2619 3974 2933 4027 narrantur,
2966 3973 3086 4018 utut
3119 3964 3315 4018 durum
3359 3974 3466 4027 est,

1896 4070 2116 4117 sanctos
2171 4059 2415 4128 gravium
2476 4070 2743 4109 noxarum
2789 4062 3077 4124 suspectos
3111 4055 3361 4120 reddere,
3420 4058 3467 4110 si

1896 4153 2109 4207 veritati
2178 4149 2440 4204 litandum
2487 4158 2589 4211 est,
2623 4146 2837 4203 dilliteri
2879 4162 2985 4201 non
3043 4163 3286 4216 possunt,
3354 4156 3465 4203 tam

1897 4244 2088 4297 saltem
2138 4241 2362 4293 duhium
2396 4257 2537 4301 esse,
2587 4239 2974 4309 anlegitimum
3009 4237 3171 4291 fuerit
3199 4252 3470 4294 commere

1897 4334 2041 4387 cium
2097 4332 2249 4391 illud,
2310 4340 2365 4381 ut
2405 4334 2628 4385 minimc
2684 4338 2829 4382 certo
2883 4330 3288 4383 matrimonium
3342 4331 3468 4384 inde

1897 4424 2013 4478 erui
2076 4424 2249 4491 possit
2334 4421 2680 4473 (lontrarittttt
2756 4433 2889 4472 sane
2970 4418 3184 4472 censuit
3248 4418 3465 4473 Gabriel

1902 4517 2145 4577 Barrius,
2176 4515 2301 4564 dum
2348 4514 2440 4564 lib.
2479 4528 2503 4561 ν
2529 4512 2591 4562 de
2629 4509 2955 4578 Antiquitate
2983 4520 3030 4561 et
3053 4509 3175 4563 Situ
3203 4510 3469 4563 Calabria:

1898 4606 1965 4658 de
2018 4603 2075 4655 S.
2132 4600 2253 4653 Nilo
2320 4612 2507 4652 nostro
2583 4598 2774 4650 scribit
2826 4615 2838 4649 :
2892 4616 2909 4649 ι
2965 4597 3092 4651 lude
3160 4614 3288 4652 vero
3357 4600 3464 4666 jant

1900 4696 2144 4749 exoletus
2175 4692 2437 4745 diemonis
2479 4706 2663 4759 opera,
2731 4706 2852 4743 cum
2930 4690 3137 4759 virgine
3214 4692 3463 4759 quapiam

1899 4784 2217 4844 Concubuit,
2247 4783 2520 4850 liliamque
2552 4797 2617 4834 ex
2651 4796 2713 4833 ea
2766 4781 3027 4847 suscepit.
3073 4781 3340 4834 C‘rterum
3374 4782 3469 4834 de-

1901 4878 2026 4932 inde
2075 4876 2398 4942 resipiscens
2454 4888 2518 4926 ac
2567 4888 2626 4928 se
2673 4872 2964 4941 perpetrati
3024 4871 3250 4940 deliquii
3299 4876 3474 4940 pinni-

1903 4982 2041 5031 lens,
2108 4968 2293 5031 mundi
2350 4965 2750 5019 oblectamenta
2830 4979 2894 5017 ac
2941 4964 3162 5017 divitias
3224 4966 3474 5017 deSereio

1901 5063 2111 5117 statuit.
2151 5079 2167 5111 I

1972 5152 2022 5204 9.
2062 5150 2283 5209 Verum.
2314 5149 2457 5202 sicut
2486 5148 2889 5202 matrimonium
2918 5156 3069 5200 certo
3102 5155 3467 5199 astruerenon

1905 5258 2150 5311 possum,
2198 5242 2275 5295 sic
2300 5257 2397 5295 nec
2450 5252 2557 5293 tam
2601 5242 2766 5292 crude
2816 5255 2877 5290 ac
2904 5238 3468 5293 decretoriesauctum

1904 5332 2277 5386 fornicationis
2310 5347 2534 5401 arguere
2568 5332 2741 5383 ausim
2770 5348 2783 5396 ;
2826 5341 2955 5384 sunt
2976 5330 3119 5382 enim
3145 5344 3207 5380 ex
3236 5338 3466 5394 utraque

1903 5435 2056 5491 parte
2088 5426 2369 5487 nonnulla,
2414 5440 2532 5492 qua:
2594 5438 2702 5475 rem
2760 5422 3065 5491 ambiguam
3129 5420 3465 5485 relinquunt.

1905 5516 1969 5568 Et
1989 5532 2085 5585 pro
2124 5516 2476 5569 matrimonio
2516 5514 2735 5581 quidem
2762 5514 2939 5566 facere
2972 5512 3187 5564 videtur
3216 5510 3465 5564 studiosa

1905 5606 2199 5673 descriptio
2236 5606 2448 5674 puellm,
2493 5622 2614 5673 qua:
2648 5606 2787 5658 inter
2818 5606 2952 5659 alias
2989 5603 3337 5658 matrimonio
3362 5616 3468 5657 non

1906 5700 2190 5765 copulatas
2240 5698 2358 5766 ejus
2387 5712 2600 5751 amores
2649 5707 2916 5767 aucupata
2949 5704 3029 5751 est
3063 5706 3113 5751 et
3154 5696 3287 5749 ﬁxit.
3314 5693 3468 5759 Quod

1908 5791 2113 5851 ειϊξςιοι
2181 5793 2579 5863 publiritadine
2666 5800 2887 5845 cunctas
2950 5791 3316 5849 antecelleret,
3376 5786 3471 5843 Sed
