4196 6430
273 387 338 451 61
1433 383 1613 445 νιτεκ.
1658 381 1717 441 S.
1767 379 1850 439 Nl

1981 380 2372 449 JUNIORIS.
3465 398 3535 459 62

263 505 354 579 ἦν.
400 506 613 576 Ἀκμὴν
670 504 784 576 γὰρ
813 505 914 558 οὐκ
946 503 1062 574 ᾔδει
1106 500 1314 571 σαφῶς,
1340 500 1422 555 ὅτι
1448 502 1510 553 τὸ
1536 502 1599 553 ὲκ
1635 498 1851 568 φύσεως

1958 502 2215 557 Solertem
2247 516 2301 558 et
2348 508 2664 579 impigrum,
2703 512 2881 581 qualis
2915 513 3030 583 ipse
3075 526 3191 570 crat
3247 514 3531 570 :nondum

260 603 324 657 οὗ
356 600 702 671 μεθίσταται.
745 600 835 661 Ὠς
858 598 952 651 οὖν
982 596 1333 665 ἀπετύγχανε
1362 598 1458 647 τοῦ
1488 591 1719 657 σκοποῦ,
1752 592 1846 645 καὶ

260 692 477 762 διῆλθον
505 692 711 762 ήμέραι
743 690 913 761 τριῶν
937 688 1098 753 ἑτῶν,
1120 688 1269 757 λέγει
1295 689 1355 739 ὲν
1373 685 1548 755 ἑαυτῷ
1575 687 1604 739 6
1630 684 1843 754 Πατήρ*

262 781 415 857 ’Δρὰ
446 803 512 852 γε
539 787 589 839 εἰ
612 781 682 857 ἦν
711 802 803 855 μοι
832 781 1120 852 ἁδελφδςῆ
1155 781 1273 844 υίὸς
1304 781 1336 851 ἢ
1370 779 1614 848 ἀνεψιὸς,
1648 778 1749 831 οὐκ
1780 776 1847 831 ἂν

260 879 359 933 καὶ
414 879 609 950 ὕϐρεσι
669 878 767 933 καὶ
831 878 1163 946 ὀνειδισμοῖς
1217 876 1545 946 ἐχρησάμην
1577 872 1714 944 πρὸς
1748 872 1848 942 τὴν

260 970 479 1023 ἐκείνου
510 970 835 1033 παίδευσινς
881 967 1284 1037 Δοκιμὰσωμεν
1325 966 1492 1020 πάλιν
1516 964 1579 1018 τὸ
1608 962 1849 1018 τοιοῦτον

261 1058 405 1124 εἶδος
436 1063 524 1114 ἐπ’
554 1062 725 1129 αὐτῷ,
766 1062 840 1131 μή
878 1077 1010 1113 ποτε
1043 1059 1203 1129 μείνῃ
1256 1058 1582 1120 ἀπαίδευτος
1620 1058 1649 1108 6
1698 1056 1853 1109 ἀδελ-

260 1156 383 1223 φός.
413 1155 547 1208 Τότε
578 1155 785 1226 ἤρξατο
799 1155 973 1223 αὐστη
987 1152 1096 1222 ρῶς
1121 1153 1305 1220 λέγειν
1336 1150 1507 1221 αὐτῷ,
1530 1151 1627 1203 καὶ
1658 1148 1851 1219 ὕϐρεσι

261 1246 492 1315 στύφειν
540 1246 704 1300 αὐτόν
730 1264 744 1279 ·
800 1246 1068 1309 πολλάκις
1091 1246 1148 1299 δὲ
1176 1248 1273 1298 καὶ
1303 1244 1413 1299 ἀπὸ
1460 1244 1645 1315 χειρὸς
1679 1244 1852 1296 ἐδίδου

261 1338 435 1407 αὐτῷ.
498 1337 837 1408 Βουλόμενος
867 1339 978 1405 γὰρ
1008 1336 1217 1401 διδάξαι
1248 1335 1414 1388 αὑτὸν
1460 1335 1562 1397 τὰς
1599 1334 1854 1400 συνήθεις

259 1430 431 1500 εὐχὰς
464 1431 561 1484 καὶ
615 1431 679 1484 τὸ
706 1430 1035 1501 ψαλτήριον,
1069 1429 1317 1499 ἀνάγκην
1374 1422 1522 1497 εἶχεν
1565 1427 1660 1479 καὶ
1695 1424 1855 1478 κολα-

258 1524 536 1590 ᾳιστικῶς
571 1523 841 1577 ἅπτεσθαι
872 1522 1062 1576 αὐτοῦ.
1085 1522 1255 1584 Λύτος
1286 1522 1340 1574 δὲ
1371 1522 1549 1574 πάντα
1579 1518 1856 1587 ὑπέφερεν

260 1618 495 1686 ὁσαρῶς
543 1619 637 1671 καὶ
699 1618 839 1686 μετὰ
896 1618 1097 1687 χαρᾶς,
1152 1618 1289 1686 μήτε
1320 1615 1418 1686 τὴν
1477 1614 1857 1683 σκληροτάτην

258 1712 501 1780 ἄσκησιν
534 1710 630 1763 καὶ
681 1710 783 1779 τὴν
851 1710 1089 1777 ἄληκτον
1122 1708 1437 1778 ἀγρυπνίαν
1462 1702 1764 1767 δειλιάσας,
1798 1706 1857 1757 ὲν

259 1802 432 1855 πᾶσιν
472 1799 824 1869 ὲξισοόμενος
869 1798 946 1869 τῷ
976 1799 1221 1869 μεγάλῳ,
1270 1800 1409 1869 μήτε
1446 1798 1514 1851 τὰ
1552 1797 1729 1865 ὀνείδη
1763 1795 1858 1848 καὶ
1892 1838 1931 1892 Β

258 1895 362 1958 τὰς
393 1893 545 1962 παρὰ
565 1893 661 1946 τοῦ
697 1894 913 1964 [ἰατρὸς
953 1894 1221 1964 ἐπηρείας
1254 1892 1591 1962 ἀποδράσας.
1630 1889 1723 1943 Διὸ
1762 1892 1857 1943 καὶ

257 1989 401 2057 πρὸς
451 1987 546 2041 τοῦ
588 1985 725 2041 Θεοῦ
770 1987 1075 2057 ἐφυλάχθη,
1127 1987 1320 2054 μείνας
1379 1984 1715 2055 ἀπείραστός
1756 1984 1858 2054 τῆς

256 2080 588 2151 δαιμονικῆς
656 2080 1015 2151 πανουργίας.
1071 2079 1339 2142 Πολλάκις
1393 2081 1501 2148 γὰρ
1556 2078 1857 2147 ἐρωτηθεὶς

262 2172 420 2241 »παρὰ
446 2172 543 2224 τοῦ
576 2171 750 2238 ὁσίου,
807 2173 986 2234 ποίοις
1042 2170 1152 2242 ἄρα
1213 2169 1497 2238 λογισμοῖς
1532 2169 1853 2238 ἐνοχλεῖται,

263 2263 565 2332 ἀπεκρίθη,
620 2263 703 2317 ὅτι
754 2263 871 2317 Οὐκ
938 2261 1046 2331 ἔχω
1100 2262 1363 2330 λογισμόν
1393 2262 1445 2314 τί
1502 2278 1657 2326 ποτε,
1696 2262 1858 2327 μόνον

257 2357 316 2407 δὲ
347 2355 599 2418 νυστὰζω
654 2355 848 2421 πολλὰ,
907 2357 1005 2409 καὶ
1051 2356 1138 2409 διὰ
1201 2358 1362 2409 τοῦτο
1413 2356 1688 2424 Ολίόομαι.
1723 2357 1859 2409 Τότε

261 2450 415 2501 sua?
444 2449 592 2519 αὐτῷ
620 2451 648 2502 6
682 2451 874 2523 Πατὴρ
929 2450 1195 2517 σκαμνίον
1251 2449 1374 2519 ἔχον
1411 2448 1596 2502 πόδιον
1627 2446 1705 2504 ἓν.
1762 2447 1857 2499 καὶ

258 2540 417 2606 λέγει
473 2540 673 2609 αὖτῷ,’
705 2543 789 2597 ὅτι
848 2544 919 2596 Σὺ
979 2542 1078 2612 μὲν
1122 2541 1267 2611 ἔχεις
1331 2541 1499 2603 πόδας
1528 2541 1641 2605 δύο,
1669 2542 1763 2594 καὶ
1795 2542 1856 2595 τὸ

264 2634 534 2703 σκαμνίον
565 2635 622 2687 ἕν
646 2651 662 2666 ο
702 2636 812 2690 ἰδοὺ
840 2638 993 2706 τρεῖς
1050 2636 1209 2699 πόδες
1238 2651 1252 2666 ⁸

260 2744 377 2790 νος,
414 2728 515 2795 τῆς
547 2726 776 2797 μελέτης
807 2728 880 2798 μὴ
913 2730 1228 2800 ἀμελήσῃς.
1280 2728 1341 2779 ’0
1368 2728 1424 2781 δὲ
1460 2728 1558 2797 τὴν
1632 2745 1852 2798 παραγο

263 2818 459 2879 τελίαν
494 2818 811 2889 δεξάμενος,
835 2819 1075 2890 οὐδαμοῦ
1101 2822 1339 2889 ἐκάθητο
1378 2819 1441 2873 ἐκ
1462 2838 1583 2873 τοτε
1615 2822 1661 2873 εἰ
1695 2820 1768 2889 μὴ
1797 2820 1855 2872 ὲν

261 2909 339 2977 τῷ
379 2911 632 2979 σκαμνίῳ
687 2913 883 2980 ἐκείνῳ
939 2914 1034 2964 καὶ
1069 2914 1126 2965 ἐν
1180 2915 1248 2983 τῇ
1284 2914 1507 2986 μελέτῃ,
1545 2916 1641 2968 καὶ
1694 2916 1751 2966 ἐν
1785 2916 1851 2985 τῇ

262 3000 562 3072 ἐκκλησίᾳ,
588 3002 686 3055 καὶ
715 3005 773 3057 ἐν
815 3003 893 3073 τῷ
936 3004 1262 3072 γεύσασθαι,
1291 3005 1614 3076 Νικὼμενος
1628 3005 1684 3058 δὲ
1717 3003 1853 3057 πολ-

262 3093 424 3154 ὶὲικις
458 3093 562 3147 ὑπὸ
586 3095 681 3148 τοῦ
726 3096 1065 3167 νυσταγμοῦ,
1102 3098 1197 3150 καὶ
1220 3098 1436 3150 πίπτων
1471 3098 1564 3151 ἐπὶ
1588 3096 1686 3167 τὴν
1721 3098 1849 3167 γῆν,

1298 2635 1393 2688 καὶ
1432 2634 1575 2688 οὕτω
1607 2635 1857 2704 καθήμε-

1951 594 2158 665 quippe
2180 599 2318 652 satis
2359 600 2649 669 didicerat,
2676 603 2788 658 tolli
2822 622 2925 659 non
2958 623 3138 674 posse,
3162 610 3304 673 quod
3340 624 3368 663 a
3431 626 3526 662 nu-

1951 694 2073 741 tura
2107 698 2191 742 est
2217 691 2473 746 inditum.
2521 694 2658 749 Cum
2701 712 2832 767 ergo
2878 698 3014 751 nihil
3055 700 3367 767 proliceret,
3394 709 3533 753 tem-

1950 795 2164 849 pusque
2195 785 2359 837 trium
2393 800 2665 842 annorum
2716 789 2826 858 jam
2868 791 3125 854 abiisset,
3178 808 3361 847 set-um
3417 794 3534 860 ipse

1951 871 2109 926 Pater
2164 873 2344 929 dixit:
2388 876 2528 931 Num
2582 881 2627 934 si
2682 895 2834 936 meus
2883 882 2971 937 hic
3028 882 3196 938 frater
3237 894 3403 949 esset,
3440 889 3531 937 aut

1953 963 2116 1029 illius,
2146 975 2241 1021 aut
2294 978 2442 1025 certe
2496 970 2681 1026 fratris
2734 973 2903 1037 illius,
2957 975 3183 1030 minime
3213 977 3531 1030 adhibet-em

1954 1057 2205 1112 convicia
2232 1066 2285 1114 et
2314 1060 2718 1131 increpationcs
2750 1063 2817 1116 ad
2846 1065 3203 1119 erudiendum
3228 1066 3252 1119 ἲ
3277 1064 3347 1118 Es
3360 1066 3535 1133 peria-

1955 1162 2078 1201 mur
2099 1158 2154 1202 et
2178 1149 2282 1204 hoc
2306 1148 2674 1207 institutionis
2690 1168 2885 1223 genus,
2917 1170 2981 1209 ne
2997 1155 3164 1210 frater
3183 1157 3532 1210 incorrectus

1955 1248 2196 1295 maneat.
2231 1241 2387 1297 Tunc
2416 1244 2590 1314 coepit
2625 1253 2845 1300 austere
2877 1259 3001 1299 cum
3037 1249 3154 1316 ipso
3182 1248 3328 1317 loqui
3357 1256 3411 1301 et
3443 1262 3539 1315 per

1957 1333 2327 1388 contumelias
2362 1336 2723 1392 acrimoniam
2753 1338 2939 1393 verbis
2989 1338 3213 1405 addere,
3271 1357 3376 1394 non
3413 1355 3540 1393 raro

1956 1426 2124 1480 etiam
2173 1441 2338 1481 manu
2376 1428 2734 1498 percutiebat.
2788 1429 2926 1484 Nam
2968 1445 3092 1484 cum
3143 1430 3337 1487 docere
3384 1432 3537 1485 illum

1960 1518 2118 1571 vellet
2144 1531 2442 1575 consuetas
2464 1522 2750 1579 orationes
2798 1534 2851 1579 et
2906 1524 3252 1594 psalterium,
3311 1540 3540 1580 necesse

1962 1606 2199 1661 habebat
2227 1618 2281 1662 et
2311 1610 2579 1680 colaphos
2614 1611 2690 1665 illi
2755 1612 3078 1684 impingere.
3125 1615 3219 1669 llle
3260 1630 3389 1669 vero
3406 1616 3540 1668 nihil

1960 1696 2211 1760 moleste,
2241 1699 2337 1754 sed
2372 1701 2553 1757 libens
2598 1702 2741 1757 ferre
2794 1706 3001 1770 omnia,
3063 1722 3173 1759 non
3240 1708 3542 1775 asperrimo

1961 1789 2179 1845 vivendi
2226 1807 2449 1861 genere,
2479 1810 2587 1849 non
2619 1796 2932 1866 vigiliarum
2966 1798 3295 1853 assiduitate
3336 1811 3542 1867 perter-

1961 1884 2126 1948 ritus.
2159 1898 2312 1952 atque
2346 1902 2408 1940 ac
2462 1886 2625 1943 Pater
2676 1890 2962 1946 sustinens
3019 1893 3204 1946 omnia
3254 1901 3308 1947 et
3346 1894 3541 1962 probra

1960 1992 2068 2031 non
2123 1976 2375 2033 devitans
2410 1990 2463 2035 et
2494 1981 2925 2051 iucrepationes,
2969 1984 3172 2054 quibus
3193 2000 3314 2038 eum
3384 1984 3545 2038 l’ater

1959 2066 2285 2136 impctcbat.
2322 2069 2398 2123 Ex
2423 2086 2532 2140 quo
2584 2071 2815 2136 factum,
2855 2082 2912 2127 ut
2950 2073 3059 2128 Deo
3091 2086 3370 2139 servante,
3424 2075 3547 2127 nul-

1960 2158 2040 2213 las
2073 2175 2272 2229 passus
2310 2161 2484 2217 fuerit
2522 2179 2616 2230 per
2641 2163 2840 2218 diaboli
2888 2165 3239 2220 calliditatem
3286 2167 3547 2219 tentatio-

1958 2265 2075 2307 nes.
2113 2254 2248 2307 Nam
2282 2269 2428 2324 saepe
2481 2262 2709 2324 rogatus
2742 2272 2772 2311 a
2805 2257 2968 2312 beato
2998 2257 3179 2320 Patre,
3208 2258 3545 2325 quibusnam

1958 2344 2389 2412 cogitationibus
2448 2352 2760 2409 venaretur,
2822 2344 3192 2414 respondebat
3252 2358 3310 2397 se
3368 2344 3547 2395 nullas

1958 2435 2166 2491 habere
2193 2438 2581 2507 cogitationes,
2607 2439 2703 2494 sed
2740 2440 2906 2493 nimia
2943 2447 3157 2493 tantum
3203 2439 3382 2493 somni
3441 2453 3543 2505 op-

1959 2529 2247 2599 pressione
2277 2532 2550 2600 torqueri.
2584 2530 2743 2585 Tune
2770 2530 2900 2586 fecit
2942 2531 3016 2584 illi
3064 2529 3226 2585 Pater
3257 2546 3545 2585 seomnmu

1958 2637 2070 2674 uno
2111 2623 2246 2692 pede
2291 2634 2560 2679 constans
2602 2636 2655 2679 et
2684 2625 2758 2678 ait
2786 2641 2798 2676 :
2822 2623 2903 2678 Tu
2936 2622 3153 2694 quidem
3186 2623 3325 2677 duos
3388 2621 3548 2690 pedes

1955 2714 2127 2767 habes
2158 2724 2211 2768 ct
2239 2731 2469 2770 scamno
2495 2727 2579 2770 est
2633 2732 2778 2770 unus
2813 2732 2830 2770 :
2864 2730 2995 2771 ecce
3045 2722 3157 2768 tres
3219 2713 3408 2782 pedes,
3471 2714 3546 2764 ita

1957 2805 2159 2861 sedens
2195 2808 2543 2861 meditationi
2575 2823 2794 2877 operam
2828 2807 3008 2861 dabis.
3048 2806 3161 2872 Ille,
3189 2813 3421 2873 accepto
3447 2807 3549 2856 huc

1957 2898 2247 2962 mandato,
2284 2900 2435 2953 nulla
2474 2899 2735 2969 deinceps
2762 2900 2870 2952 alia
2907 2897 3039 2953 sede
3070 2896 3345 2959 utebatur,
3384 2909 3547 2964 quam

1953 3007 2182 3048 scamno
2229 2993 2342 3050 illo.
2376 2993 2490 3046 sive
2516 2992 2900 3055 meditaretur,
2935 2991 3053 3046 sive
3096 2999 3239 3044 esset
3285 2988 3338 3042 iu
3373 2988 3550 3041 eccle-

1955 3087 2199 3152 siafsive
2220 3096 2458 3140 sumeret
2477 3087 2684 3151 cibum,
2705 3086 2798 3140 sed
2820 3100 3015 3141 somno
3037 3084 3357 3154 plerumque
3377 3083 3550 3135 victus

261 3187 394 3239 ττίτὲ
425 3187 525 3254 μὲν
556 3188 648 3241 τῦν
682 3186 966 3259 βραχίονα,
1028 3189 1159 3243 ποτὲ
1183 3188 1239 3242 δὲ
1265 3189 1324 3243 τὸ
1380 3188 1679 3259 πρόσωπον
1716 3207 1844 3243 συν-

1953 3178 2267 3247 cadeusque
2308 3180 2360 3232 iu
2391 3188 2619 3243 terram,
2662 3178 2826 3232 modo
2879 3176 3188 3240 brachium,
3247 3173 3411 3228 modo
3447 3172 3550 3227 sibi

262 3278 539 3349 ετρίϐετο.

337 3377 443 3439 κη’.
483 3372 654 3424 Πάλιν
704 3373 1003 3444 ἐρχόμενος
1039 3373 1131 3425 ἐπὶ
1189 3374 1249 3425 τὸ
1278 3372 1479 3443 ἑψῆσαι
1504 3374 1567 3427 τὺ
1595 3374 1850 3445 ὄσπριον,

263 3461 357 3513 καὶ
392 3462 567 3525 τιθεὶς
597 3462 824 3534 πλέονῆ
856 3465 915 3517 τὺ
949 3464 1146 3528 σκεῦος
1181 3466 1432 3534 χωρῆσαι
1457 3466 1712 3536 ἠδύνατο,
1748 3469 1852 3520 ὑπὸ

262 3553 361 3620 τῆς
391 3553 512 3622 βίας
560 3552 758 3624 ἀθρόον
782 3557 1112 3626 ὲῤῥήγνυτο.
1162 3556 1251 3609 Ἑν
1279 3559 1379 3626 μιᾷ
1410 3556 1539 3625 γοῦν
1575 3558 1684 3610 τῶν
1717 3559 1853 3626 ἡμε-

268 3642 380 3710 ρῶν
432 3643 761 3711 συναγαγὼν
831 3644 1048 3698 ἅπαντα
1099 3646 1169 3698 τὰ
1191 3646 1503 3717 κλάσματα,
1530 3648 1851 3702 ὑπεδείκνυε

260 3733 337 3801 τῷ
366 3734 536 3802 πατρὶ
556 3734 618 3787 τὸ
654 3734 880 3804 σφάλμα
941 3736 1462 3805 ἐξομολογούμενος.
1521 3738 1579 3791 '0
1615 3739 1673 3792 δὲ
1699 3739 1851 3806 λέγει

261 3826 398 3895 πρὸς
431 3827 619 3879 αὐτόν·
658 3828 769 3882 Καὶ
790 3828 843 3881 τί
868 3828 928 3881 τὸ
961 3828 1175 3895 ὄφελος,
1235 3830 1319 3883 ὅτι
1369 3830 1668 3901 ὲξομολογῇ
1706 3833 1852 3903 μόνῳ

259 3919 421 3987 ἑμοί;
454 3920 635 3987 ὕπαγε
676 3923 758 3984 εἰς
817 3921 888 3974 τὰ
934 3923 1298 3992 μοναστήρια,
1351 3926 1446 3976 καὶ
1475 3924 1653 3991 δεῖξον
1680 3926 1847 3992 αὐτὰ,

260 4009 347 4062 ἶνα
384 4012 732 4081 γνωρίσωσιν
764 4012 946 4065 ὐποίοι
983 4015 1220 4083 ἀσκηταὶ
1253 4016 1414 4085 ἡμεῖς
1464 4017 1632 4086 ἐσμεν
1657 4035 1849 4087 χυτρο-

260 4100 520 4153 κλάσται.
560 4102 697 4154 Τότε
735 4102 915 4155 λαόὼν
937 4104 1004 4155 τὰ
1033 4103 1324 4173 κλάσματα
1383 4106 1687 4176 ἀπέρχεται
1716 4108 1849 4179 πρὸς

256 4195 520 4246 Φαντῖνον
553 4194 645 4247 τὸν
671 4195 993 4260 ὁσιώτατον,
1028 4199 1125 4249 καὶ
1160 4197 1220 4250 τὸ
1245 4200 1480 4268 πρᾶγμα
1530 4198 1680 4267 αὐτῷ
1729 4199 1822 4269 ἐξη

257 4288 488 4356 γήσατο.
514 4288 684 4350 Αὐτὸς
715 4288 771 4341 δὲ
801 4289 879 4357 τῷ
917 4290 1106 4360 σκοπῷ
1136 4292 1403 4361 ἑπόμενος
1428 4291 1522 4343 τοῦ
1549 4291 1845 4362 θεόφρονος

257 4379 351 4429 καὶ
402 4377 762 4449 ὁμόφρονος,
820 4381 1145 4449 συναγαγὼν
1172 4383 1354 4436 πάντα
1406 4385 1473 4434 τὰ
1533 4383 1843 4452 κλάσματα,

257 4472 349 4523 καὶ
380 4472 609 4539 σχοινίῳ
640 4472 927 4542 συνδήσας,
962 4475 1055 4525 καὶ
1083 4473 1163 4541 τῷ
1213 4475 1473 4544 τραχήλῳ
1504 4474 1671 4527 αὑτοῦ
1719 4492 1844 4546 κρε-

260 4564 463 4630 μάσας,
518 4567 820 4635 πεποίηκεν
878 4566 1043 4619 αὑτὸν
1094 4565 1239 4618 οὕτω
1288 4569 1642 4637 παραστῆναι
1676 4568 1734 4620 ὲν
1768 4568 1847 4639 τῷ

257 4657 566 4725 ἀρεστηρίῳ
600 4656 710 4708 τῶν
759 4657 1007 4725 ἀδελφῶν
1059 4657 1399 4723 γευομένων.
1434 4658 1638 4711 Τούτου
1664 4659 1720 4712 δὲ
1751 4677 1842 4728 γε-

256 4748 482 4815 νομένου
527 4747 851 4799 ἀπέστειλεν
883 4748 1047 4800 αὐτὸν
1076 4749 1241 4801 πάλιν
1272 4749 1412 4818 πρὸς
1470 4749 1561 4801 τὸν
1603 4750 1751 4803 ὅσιον
1788 4753 1846 4803 ὲν

254 4842 329 4910 τῷ
358 4839 614 4909 σπηλαίῳ
638 4839 733 4893 τοῦ
763 4839 953 4892 λοιποῦ
977 4840 1365 4909 amoenam.
1403 4842 1844 4913 Περιερχόμενος

255 4930 311 4982 δέ
367 4948 501 4983 ποτε
546 4933 575 4982 ό
625 4930 899 5000 μακάριος
951 4930 1228 4994 Στέφανος
1283 4926 1409 5000 εὗρε
1463 4933 1531 4983 τὰ
1573 4931 1845 5002 λεγόμενα

260 5024 583 5091 σπαράγγια
614 5039 627 5051 ·
649 5024 745 5075 καὶ
779 5022 1109 5089 συναγαγὼν
1140 5022 1279 5075 αὑτᾶ
1312 5023 1406 5075 καὶ
1441 5024 1658 5093 ἑψήσας
1700 5041 1845 5094 παρ-

258 5115 454 5183 έθηκεν
485 5116 543 5165 ἐν
563 5117 631 5184 τῇ
669 5113 789 5184 ὥρα
814 5112 910 5166 τοῦ
945 5113 1270 5179 γεύσασθαι.
1337 5113 1679 5167 Μεταλαϐὼν
1700 5116 1757 5168 δὲ
1785 5115 1845 5180 ἐξ

260 5207 437 5259 αὐτῶν
498 5208 528 5258 6
578 5206 795 5275 Πατὴρ,
854 5206 948 5258 καὶ
980 5205 1054 5267 ὡς
1103 5207 1253 5275 παρὰ
1321 5205 1610 5275 συνήθειαν
1639 5209 1844 5276 μικρᾶς

260 5299 451 5366 ἡδονῆς
515 5298 860 5366 αἰσθόμενος,
887 5294 1119 5350 ἐπύθετο
1175 5298 1269 5349 τοῦ
1318 5298 1563 5363 ἑταίρου,
1601 5300 1713 5366 εἴγε
1747 5300 1843 5354 καὶ

262 5389 419 5451 οὗτος
440 5388 540 5456 τῆς
576 5388 748 5456 αὐτῆς
769 5387 1109 5457 γλυκύτητος
1145 5386 1363 5456 ᾔσθετο,
1395 5386 1504 5439 Τοῦ
1540 5388 1596 5440 δὲ
1625 5406 1843 5458 συμφω-

264 5482 545 5547 νήσαντος,
572 5479 726 5549 ῥῖψαι
757 5480 896 5532 αὐτὰ
923 5479 1027 5542 ἔξω
1048 5480 1221 5547 πικρὰ
1243 5480 1335 5531 τοῦ
1358 5480 1571 5549 lla-:96;
1596 5482 1842 5535 éxﬂzds-

266 5589 357 5623 το·
404 5572 592 5624 ἰἀῦτα
644 5572 779 5640 γὰρ,
826 5571 960 5640 φησὶ
995 5609 1010 5632 .
1076 5574 1229 5642 παρὰ
1290 5572 1453 5654 φύσει
1497 5575 1839 5645 τυγχάνοντα

268 5667 294 5714 6
328 5663 569 5725 διάϐολος
639 5663 871 5732 ἡρτυσε,
928 5664 1019 5715 καὶ
1078 5663 1285 5736 γλυμέα
1329 5666 1656 5734 πεποίηκεν.
1696 5667 1840 5731 Ἕως

280 5757 514 5807 τοσούτου
568 5754 967 5823 ὲγκρατεύοντο
1007 5757 1057 5807 oi
1127 5756 1415 5825 μακάριοι,
1467 5758 1560 5811 καὶ
1619 5758 1709 5829 βία
1742 5761 1839 5829 τὴν

274 5848 419 5913 φύσιν
448 5847 1121 5917 διηνεκὼςκατεόἁμαςον.
1153 5849 1304 5905 Μετὰ
1333 5850 1579 5907 δὲταῦτα
1609 5853 1824 5923 ἔκρινεν

1958 3269 2153 3325 faciem
2178 3272 2575 3341 perfringebat.

2027 3363 2119 3418 28.
2181 3362 2398 3419 Rursus
2434 3364 2565 3417 dum
2629 3363 2734 3417 iret
2788 3361 2855 3416 ad
2905 3359 3220 3417 elixandum
3271 3358 3546 3429 legumen,

1959 3470 2167 3525 vasque
2199 3453 2345 3508 ultra
2398 3453 2623 3508 modum
2694 3451 2971 3523 impleret,
3022 3458 3243 3522 repente
3298 3450 3431 3505 illud
3497 3450 3547 3502 vi

1959 3545 2396 3616 dirumpebatur.
2442 3544 2693 3612 Quadam
2745 3561 2878 3616 ergo
2910 3544 2997 3600 die
3027 3544 3333 3618 fragmenta
3362 3540 3548 3599 omnia

1954 3638 2188 3693 collecta
2231 3637 2378 3693 Patri
2400 3638 2749 3707 ostendebat,
2780 3648 3024 3695 erratum
3063 3658 3225 3698 suum
3256 3642 3550 3697 confitens.

1953 3728 2019 3783 Et
2057 3738 2213 3798 pater
2246 3730 2315 3785 ad
2359 3732 2510 3786 illum
2542 3748 2556 3787 :
2586 3731 2730 3799 Quid
2794 3749 2923 3788 vero
2975 3734 3200 3804 prodest
3258 3734 3391 3788 mihi
3456 3733 3548 3787 uni

1953 3821 2256 3877 conﬁteri?
2300 3822 2471 3893 Perge
2506 3825 2571 3878 ad
2605 3828 2942 3881 monaSIeria
2971 3834 3026 3881 et
3060 3826 3293 3880 ostende
3337 3826 3453 3889 illa,
3484 3834 3546 3878 ut

1952 3923 2315 3983 cognoscant,
2348 3915 2540 3984 quales
2572 3916 2804 3970 solitarii
2843 3916 3038 3983 simus,
3066 3916 3303 3971 ollarum
3341 3914 3547 3970 fracto-

1955 4017 2066 4057 res.
2100 4005 2355 4072 Acceptis
2376 4021 2507 4075 ergo
2538 4006 2629 4061 ille
2665 4005 3011 4076 fragmentis,
3040 4007 3284 4075 perrexit
3316 4007 3382 4061 ad
3414 4008 3545 4061 bea-

1954 4094 2229 4150 tissimum
2283 4096 2607 4159 Fantinum.
2674 4116 2902 4169 remque
2973 4100 3053 4154 illi
3097 4102 3396 4155 enarravit.
3453 4099 3546 4155 llle

1951 4203 2080 4242 vero
2112 4188 2294 4243 divina
2334 4190 2605 4259 sapientis
2635 4199 2689 4245 et
2748 4191 3081 4247 unanimiter
3134 4192 3403 4262 sapientis
3438 4192 3541 4245 vii

1951 4292 2185 4338 mentem
2205 4295 2454 4351 secutus,
2490 4286 2793 4351 fragmenta
2824 4288 3008 4340 omnia
3030 4287 3547 4350 collecta,fuueuuo

1949 4378 2206 4446 colligata
2237 4380 2303 4431 ad
2331 4379 2534 4432 collum
2580 4380 2705 4447 ejus
2735 4380 3015 4449 appendit,
3071 4390 3126 4434 et
3182 4389 3328 4435 stare
3383 4381 3548 4449 jussit

1950 4471 2242 4525 habentem
2271 4470 2359 4524 illa
2397 4471 2779 4534 incocuaeulo,
2811 4470 2939 4523 dum
2975 4470 3175 4525 fratres
3193 4471 3543 4543 prandet-ent.

1953 4570 2150 4625 Postea
2190 4569 2255 4621 ad
2281 4578 2535 4623 sanetum
2591 4567 2772 4620 virum
2838 4566 2891 4620 in
2944 4566 3262 4634 speluncam
3312 4562 3545 4624 remisit,

1948 4670 2261 4716 correctum
2317 4662 2368 4714 in
2404 4669 2710 4729 posterum.
2738 4659 2876 4713 Cum
2912 4660 3041 4711 olim
3079 4674 3175 4725 per
3217 4670 3382 4723 agros
3438 4638 3544 4707 iret

1950 4754 2010 4808 Β.
2054 4753 2393 4823 Stephanus,
2419 4753 2629 4807 invenit
2649 4766 2969 4820 asparagus,
2995 4750 3145 4819 legit.
3176 4747 3344 4808 coxit,
3373 4761 3544 4814 ³1³90·

1948 4849 2166 4917 suitque
2194 4848 2326 4900 hora
2367 4845 2609 4915 prandii.
2645 4842 2747 4898 Ubi
2786 4844 2950 4897 Pater
2978 4843 3329 4910 degustasset
3350 4849 3401 4892 et
3429 4854 3544 4892 tuo.

1949 4941 2136 4995 dicunt
2171 4941 2409 5010 cepisset
2461 4938 2759 5008 voluptatis
2809 4944 3009 5004 praeter
3058 4931 3541 4994 consuetudinem,

1951 5030 2203 5101 qmesivit
2233 5045 2298 5085 ex
2356 5031 2531 5090 socio,
2565 5043 2695 5082 num
2730 5036 2783 5082 et
2808 5026 2897 5081 ille
2944 5025 3177 5081 similem
3208 5024 3538 5091 voluptatem

1947 5125 2202 5179 sentiret.
2232 5124 2555 5178 Allirmante
2589 5122 2705 5187 illo,
2731 5120 2901 5191 jussit
2929 5120 3066 5190 ipse,
3107 5126 3169 5172 ut
3193 5118 3343 5172 foras
3365 5114 3539 5185 proji-

1953 5224 2108 5269 cet'et
2141 5231 2154 5267 :
2197 5214 2333 5269 Nam
2368 5215 2574 5280 cibum,
2604 5214 2804 5282 inquit,
2835 5226 3031 5267 natura
3068 5225 3316 5264 amarum
3350 5208 3542 5262 condi-

1947 5307 2021 5358 vit
2070 5306 2325 5359 diabolus
2354 5314 2410 5361 et
2442 5320 2666 5360 suavem
2696 5304 2957 5359 reddidit.
3006 5301 3160 5356 Adeo
3193 5300 3538 5354 continentes

1943 5406 2102 5451 erant
2148 5398 2293 5453 beati
2331 5399 2430 5451 viri
2479 5407 2532 5451 et
2564 5397 2614 5450 vi
2663 5396 2888 5450 assiduo
2926 5395 3170 5449 adhibita
3204 5393 3535 5448 edotuabaut

1946 5502 2216 5543 naturam.
2242 5491 2375 5543 Post
2400 5492 2513 5543 haec
2549 5489 2605 5541 Β.
2642 5486 2797 5541 Nilus
2831 5486 3185 5555 cogitandum
3229 5481 3535 5537 ceusuitde

1944 5582 2256 5650 impotente
2288 5596 2507 5652 quoque
2531 5579 2590 5633 Β.
2651 5578 2913 5649 Stephani
2950 5587 3127 5647 parte.
3185 5574 3353 5628 Mittit
3404 5588 3534 5642 ergo

1944 5676 2124 5743 ipsqu
2164 5675 2365 5728 additis
2402 5674 2597 5728 litteris
2619 5670 2687 5725 ad
2737 5684 2861 5724 ven.
2913 5667 3258 5722 Theodoram
3295 5664 3419 5733 (hoc
3450 5669 3531 5714 est

1943 5764 2145 5817 divinis
2180 5772 2397 5818 auctam
2458 5762 2783 5817 muneribus
2834 5761 2900 5815 de
2970 5758 3210 5825 nomine)
3266 5755 3528 5824 virginem

1947 5858 2324 5915 beatissimam
2362 5858 2411 5913 id
2438 5856 2701 5927 temporis
2730 5858 2896 5910 vitam
2927 5853 3214 5925 degentem
3264 5848 3529 5903 monasti-
