4196 6430
774 406 869 468 107

766 612 858 664 sed
903 612 947 665 si
979 612 1133 679 pauci
1177 612 1228 665 id
1299 615 1566 682 egissent,
1634 626 1729 671 aut
1781 618 2047 687 primores
2081 622 2343 689 civitatis,

764 704 1061 758 accusandi
1100 716 1249 759 certe
1282 714 1470 760 essent
1510 717 1718 778 tuoque
1750 710 2166 779 sapientissimo
2198 715 2345 783 judi-

762 797 849 849 cio
881 795 1289 851 condemnandi
1324 816 1336 852 :
1366 809 1421 851 at
1450 800 1577 866 quia
1605 803 1774 857 totius
1807 805 1993 872 populi
2026 806 2234 860 crimen
2263 818 2347 862 est

761 896 817 941 et
850 904 1142 942 commune
1187 895 1271 942 est
1296 890 1567 957 omnium,
1631 893 1776 964 quod
1818 894 2218 952 inconsiderate
2261 911 2345 954 est

763 993 1003 1048 gestum,
1056 981 1257 1036 licetne
1297 983 1398 1039 tibi
1457 993 1668 1039 tantam
1725 989 2139 1043 multitudinem
2197 991 2343 1045 ferro

763 1074 1061 1138 trucidare,
1096 1076 1397 1146 urbemque
1432 1076 1568 1132 adeo
1604 1079 1868 1134 munitam
1912 1080 2022 1135 Deo
2078 1091 2134 1136 et
2169 1082 2344 1153 impe-

761 1178 933 1223 ratori
976 1168 1191 1223 nudare
1224 1170 1469 1224 incolis?
1499 1169 1563 1224 Et
1591 1172 1681 1226 ille
1722 1191 1737 1226 :
1780 1172 2137 1245 Nequaquam
2163 1179 2343 1246 gladio

759 1262 1122 1336 perimemus,
1169 1261 1348 1325 Pater,
1388 1278 1566 1333 neque
1609 1265 1930 1321 occidemus
1985 1283 2341 1338 quemquam,

757 1351 853 1407 sed
910 1352 1203 1409 facultates
1265 1369 1456 1410 eorum
1523 1358 1653 1411 tisco
1698 1357 2039 1422 addiccmus.
2099 1372 2160 1415 ut
2242 1367 2344 1420 hoc

758 1441 925 1497 modo
971 1445 1255 1497 cautiores
1281 1444 1483 1509 enecti,
1542 1444 1750 1515 majora
1802 1447 1857 1502 in
1896 1459 2176 1516 posterum
2233 1470 2340 1508 non

754 1536 1013 1601 audeant.
1064 1536 1174 1589 L‘ui
1229 1546 1455 1592 sanctus
1508 1535 1671 1592 Pater
1703 1553 1718 1592 :
1755 1539 1895 1605 Quid
1932 1556 2061 1597 vero
2100 1546 2342 1613 proderit

752 1630 1263 1695 tttze'exccllcntiw,
1297 1632 1341 1686 si
1391 1631 1782 1700 imperatorias
1842 1646 2137 1691 crumenas
2189 1638 2340 1694 lucro

751 1725 1099 1787 oneraveris,
1132 1726 1373 1777 animam
1430 1740 1559 1779 vero
1607 1734 1754 1779 tuam
1808 1727 2158 1794 perdideris?
2194 1733 2343 1797 Quo-

752 1817 917 1870 modo
945 1832 1081 1870 vero
1119 1816 1218 1869 tibi
1256 1816 1629 1878 remittentur,
1654 1830 1777 1885 qua:
1799 1816 1965 1871 debes
1990 1833 2097 1871 nun
2155 1820 2335 1874 solum

2188 415 2531 481 AN‘ONYMI

765 521 1069 575 admissum
1109 537 1230 575 esse
1270 522 1477 576 crime:-
1509 524 1672 577 nimis
1728 540 1891 595 grave
1933 537 1987 579 et
2048 543 2272 584 enorme

2454 537 2676 605 πραέως
2709 557 2766 592 τι
2818 541 2962 610 μάλα
3000 547 3093 597 καὶ
3141 547 3329 614 σαφῶς
3367 551 3706 621 ἁπεκρίνατο
3736 573 3747 585 ·

3806 558 3862 610 Ὀ
3871 562 4020 621 μολο-

2456 629 2673 724 γητέον,
2727 633 2808 684 δτι
2857 634 3066 705 σῴδρα
3132 638 3299 692 κακὸν
3364 644 3457 693 καὶ
3503 644 3738 701 ἄτακτον
3802 655 4025 724 πρᾶγμα

2454 722 2769 791 γεγένηται·
2804 725 2920 778 ἀλλ’
2939 728 2985 778 εί
3020 729 3118 794 μὲν
3146 730 3252 783 ὑπὸ
3276 732 3664 806 εύαριθμήτων
3695 722 4022 812 ἀνθρώπων,

2452 815 2547 867 καὶ
2590 815 2773 868 αὑτῶν
2827 818 3209 888 ὑπερεχόντων
3261 824 3321 877 τὸ
3358 824 3521 895 ἔργον
3555 839 4024 907 προεκεχωρήκει,

2451 905 2825 973 κατάγνωστοι
2862 911 2928 962 ἂν
2957 910 3200 982 ὑπῆρχον
3239 916 3334 969 καὶ
3362 917 3605 972 ὑπόδικοι
3634 925 3699 992 τῇ
3740 905 4023 1000 σοφωτάτῃ

2452 1012 2545 1049 σου
2579 998 2759 1068 κρίσει
2795 1016 2809 1031 ο
2878 1003 3064 1074 ἐπειδὴ
3092 1004 3147 1057 δὲ
3177 1007 3270 1060 τοῦ
3311 1009 3548 1081 πλήρους
3603 1016 3803 1080 παντός
3828 1019 3945 1073 ἐστι
3968 998 4026 1073 το

2448 1089 2781 1160 ἐγχείρημα,
2844 1094 2941 1146 καὶ
2992 1097 3127 1149 πᾶσι
3190 1100 3370 1153 κοινὸν
3400 1104 3461 1155 το
3505 1104 3605 1174 τῆς
3641 1112 4025 1180 κακοπραγίας

2446 1180 2757 1251 ἀϐούλημα,
2786 1181 2966 1249 ἔξεστί
3005 1202 3087 1240 σοι
3121 1188 3371 1260 μαχαίρᾳ
3421 1193 3764 1262 παραδοῦναι
3821 1199 4024 1269 πλῆθος

2446 1272 2719 1339 τοσοῦτον,
2753 1277 2848 1330 καὶ
2886 1276 3094 1348 ἔρημον
3126 1282 3466 1352 καταστῆσαι
3483 1285 3543 1338 τὸ
3564 1288 3807 1343 τοιοῦτον
3841 1308 4013 1361 epse-

2448 1383 2563 1435 ριον
2601 1367 2739 1420 Θεοῦ
2766 1369 2978 1423 καὶτοῦ
3018 1371 3286 1440 βασιλέως
3318 1395 3331 1440 ;
3371 1376 3481 1429 Καὶ
3510 1377 3537 1429 ὁ
3570 1379 3873 1450 μάγιστρος
3895 1386 4023 1454 ἔφη·

2443 1454 2518 1506 Οὐ
2554 1454 2801 1525 μαχαίρᾳ
2826 1458 3250 1529 παραδώσομεν,
3289 1464 3494 1536 Πάτερ,
3525 1468 3636 1522 οὐδ’
3690 1470 4027 1525 ἀποκτενοῦ-

2446 1548 2701 1617 μέντινα,
2721 1549 2857 1603 ἀλλὰ
2874 1552 2942 1603 τά
2970 1552 3152 1605 αὐτῶν
3189 1556 3710 1631 ἀποθησαυρίσομεν
3738 1568 3847 1626 τοῖς
3879 1565 4026 1634 βας.-

2440 1636 2614 1699 λικοῖς
2637 1639 2969 1709 βαλαντίοις·
2994 1643 3083 1697 ἵνα
3118 1645 3175 1696 ἐν
3202 1645 3380 1717 τούτῳ
3400 1653 3890 1719 σωφρονισθέντες,
3924 1676 4028 1727 μγ,-

2443 1730 2565 1783 κέτι
2597 1731 2917 1801 τολμήσωσι
2959 1735 3208 1804 μείζοσιν
3234 1738 3587 1809 ἐγχειρῆσαι.
3616 1744 3725 1796 Καὶ
3752 1746 3805 1796 τί
3832 1747 4027 1815 ὄφελος

2442 1827 2507 1892 τῇ
2532 1825 2598 1894 σῇ
2622 1824 2951 1894 ὲνδοξότητι,
2982 1827 3089 1898 ἔφη
3110 1829 3135 1881 ὑ
3160 1828 3340 1898 ἅγιος,
3370 1834 3419 1885 εἰ
3448 1832 3518 1886 τά
3542 1833 3805 1905 βαλάντια
3834 1838 3902 1890 τά
3934 1839 4033 1905 βα-

746 1909 963 1962 cmlesti
998 1906 1154 1979 Regi,
1194 1908 1291 1964 sed
1340 1909 1505 1963 etiam
1555 1918 1800 1977 terreno,
1844 1911 1889 1966 si
1950 1926 2057 1966 non
2095 1911 2212 1981 ipse
2240 1912 2326 1967 de-

2443 1913 2629 1966 σιλικέι
2658 1917 3101 1987 καταφορτίζων,
3124 1919 3223 1989 τὴν
3240 1920 3339 1989 σὴν
3360 1922 3537 1995 ψυχὴν
3557 1926 3825 1998 ἁπολέπῃς
3854 1944 3866 1990 ;
3902 1928 4029 1990 Πῷς

748 2005 1134 2076 'inquentibtts
1183 2005 1351 2059 stulte
1383 2013 1439 2059 et
1495 2005 1918 2075 insipienter'in
1953 2008 2331 2063 excellentiam

745 2103 896 2148 tuam
932 2096 1237 2159 remiseris,
1265 2096 1356 2165 qui
1387 2110 1447 2149 es
1478 2096 1663 2161 hodie,
1696 2107 1750 2149 et
1783 2111 1907 2151 cras
1940 2114 2048 2151 non
2081 2101 2194 2153 eris
2222 2099 2246 2152 ?
2277 2098 2336 2155 Si

745 2201 874 2241 vero
905 2188 1083 2253 nobis,
1147 2196 1206 2242 ut
1259 2187 1473 2257 justum
1528 2198 1855 2257 prxtextum
1895 2190 2204 2246 obtendens
2233 2191 2338 2245 im-

744 2283 1016 2350 peratoris
1042 2281 1389 2347 mandatum,
1416 2279 1625 2335 delicto
1676 2282 1897 2336 veniam
1960 2298 2148 2353 negas,
2208 2298 2337 2353 per-

744 2375 898 2427 mitte
933 2374 1186 2427 tenuitati
1227 2386 1361 2428 mea‘.
1385 2372 1629 2429 scribere
1662 2374 1731 2429 ad
1755 2373 1878 2444 ejus
1904 2376 2333 2445 majestatcm,ct

740 2468 1011 2538 quidquid
1042 2468 1273 2538 jusserit
1298 2467 1451 2538 pium
1482 2466 1603 2538 ejus
1659 2466 1976 2540 imperium,
2009 2478 2123 2524 tcto
2158 2470 2327 2524 animi

739 2562 923 2615 studio
949 2575 1341 2630 exsequemur.
1695 2543 1709 2559 ’

2443 2004 2499 2057 δὲ
2524 2006 2620 2057 καὶ
2676 2006 3019 2077 ἀφεθήσεταί
3064 2025 3148 2061 σοι
3199 2010 3261 2063 οὑ
3323 2012 3484 2079 μόνον
3511 2016 3581 2067 τά
3608 2015 3686 2086 τῷ
3719 2018 4029 2087 ἐπουρανῐεει

2445 2097 2659 2169 βασιλεί
2689 2100 3006 2171 ὀφλήματα,
3038 2102 3174 2156 ἀλλὰ
3201 2105 3295 2158 καί
3327 2105 3402 2176 τῷ
3434 2107 3683 2177 ἐπιγείῳ,
3719 2110 3795 2180 μὴ
3810 2111 4029 2178 ἀφιέντι

2443 2193 2557 2255 τοῖς
2592 2192 2809 2259 ἀφελῶς
2847 2194 2942 2245 καὶ
2963 2194 3243 2260 ἀσυνέτως
3273 2197 3352 2269 τῷ
3381 2199 3578 2270 κράτει
3605 2216 3698 2253 σου
3745 2204 4026 2267 πταίουσι,

2447 2273 2693 2356 σ’ὴμερον
2744 2284 2881 2351 δντι,
2913 2286 3006 2341 καὶ
3032 2287 3222 2356 αὑριον
3256 2289 3355 2360 οὑχ
3385 2291 3686 2362 ὑπάρχοντι
3716 2311 3730 2358 ;
3767 2293 3828 2345 ΕΞ
3856 2292 3910 2346 δὲ
3937 2296 4029 2347 καὶ

2438 2376 2515 2441 ὼς
2549 2378 2777 2445 εὔλογόν
2798 2395 2922 2431 τινα
2952 2378 3246 2449 πρόφασιν,
3281 2381 3376 2453 τὴν
3408 2382 3504 2436 τοῦ
3570 2384 3831 2454 βασιλέως
3893 2384 4031 2439 ἀπῖ-

2440 2480 2606 2538 φασιν
2633 2471 2762 2539 ἡμῖν
2793 2469 3233 2541 προϐαλλόμενος
3260 2475 3321 2526 ού
3382 2473 3565 2542 βούλει
3614 2478 4030 2548 παραχωρῆσαι

2434 2560 2497 2613 τὸ
2519 2560 2796 2632 ἔγκλημα,
2834 2560 2996 2615 ἔασον
3026 2564 3126 2635 τὴν
3152 2565 3293 2636 ἐμὴν
3336 2567 3667 2638 οὑοενότητα
3702 2568 3940 2639 χαράξαι
3971 2586 4029 2638 τι

739 2654 877 2725 πρὸς
909 2653 1007 2725 τὴν
1039 2652 1252 2706 ἐκείνου
1288 2652 1546 2723 θειότητα
1572 2670 1588 2687 ο
1626 2652 1726 2709 καὶ
1750 2653 1805 2706 εἴ
1833 2672 1886 2707 τι
1915 2654 1961 2707 δ’
1989 2655 2057 2708 ἂν
2084 2653 2321 2726 κελεύσῃ
2355 2652 2418 2705 τὸ
2448 2652 2675 2716 εὐσεϐὲς
2738 2654 2907 2708 αὑτοῦ
2968 2658 3196 2727 κράτος,
3272 2657 3413 2729 μετὰ
3461 2658 3646 2731 πάσης
3708 2661 4027 2733 προθυμίας

737 2750 856 2803 τελέ
866 2767 923 2802 σο
930 2766 1050 2819 μεν.

810 2847 901 2900 62.
945 2844 1044 2901 His
1077 2845 1307 2910 auditis,
1352 2845 1640 2915 respondit
1695 2844 2004 2916 magister:
2042 2839 2152 2900 Nos
2202 2844 2325 2915 qui-

736 2945 882 3004 dem,
910 2938 1070 2995 Pater
1106 2938 1481 3002 sanctissime,
1514 2937 1659 2993 sacri
1701 2938 2052 3008 imperatoris
2074 2937 2321 2994 studium

736 3034 792 3088 in
825 3044 878 3087 te
911 3033 1178 3097 scientes,
1243 3041 1455 3086 tantam
1510 3031 1761 3101 pecuniae
1822 3032 2156 3086 solutionem
2220 3032 2320 3087 tibi

738 3124 1023 3197 largimur,
1043 3140 1167 3196 qua:
1184 3124 1295 3179 duo
1315 3124 1487 3178 millia
1504 3138 1859 3179 nummorum
1875 3124 2113 3179 excedit:
2130 3140 2319 3180 verum

739 3217 1124 3287 praefectorum
1168 3232 1359 3271 necem
1387 3223 1441 3270 et
1504 3215 1833 3271 inbonoram
1890 3215 2321 3271 confractionem

738 3310 1008 3375 impunita
1058 3309 1402 3378 relinquere,
1451 3323 1556 3363 nec
1586 3309 1941 3372 rationabile,
1978 3324 2080 3363 nec
2113 3308 2322 3377 justum

735 3409 841 3456 est.
863 3401 1019 3455 Tunc
1037 3400 1120 3454 vir
1143 3399 1501 3455 beatissimus
1526 3399 1859 3456 hortationis
1887 3408 1941 3455 et
1968 3402 2184 3455 consilii
2205 3418 2325 3457 ver-

740 3495 822 3549 bis
853 3510 989 3549 usus
1011 3493 1314 3562 persuasit,
1344 3500 1402 3546 ut
1432 3509 1494 3547 ea
1513 3507 1734 3562 quoque
1752 3493 1919 3547 animi
1947 3493 2325 3564 magnitudine

735 3588 1074 3640 condonaret
1104 3595 1157 3638 et
1187 3598 1363 3654 pinnae
1410 3583 1804 3654 irrogationem
1845 3583 1951 3639 sibi
2000 3585 2322 3650 remitteret,

735 3692 856 3747 qum
874 3676 939 3731 ad
962 3676 1258 3747 quingenta
1287 3675 1616 3730 numismata
1645 3690 1753 3729 non
1783 3676 2143 3745 pertingebat.
2185 3678 2320 3732 Cum

740 3772 853 3823 haec
887 3769 1035 3822 beati
1064 3767 1247 3823 Patris
1294 3781 1460 3836 opera
1494 3767 1733 3822 feliciter
1779 3774 2059 3823 transacta
2101 3780 2321 3836 essent,

736 3874 1004 3914 conversa
1031 3866 1118 3912 est
1147 3857 1455 3927 indignatio
1486 3858 1541 3911 in
1582 3856 1635 3911 id
1674 3858 1942 3928 temporis
1972 3870 2316 3917 exactorem.

737 3950 1035 4019 Gregorius
1068 3949 1157 4003 bic
1181 3957 1320 4013 erat,
1353 3956 1721 4019 cognomento
1748 3947 2017 4005 Maleinus
2051 3964 2066 4002 :
2104 3962 2160 4006 et
2193 3967 2317 4005 cum

739 4046 956 4106 lateret,
994 4043 1167 4095 multo
1218 4041 1405 4096 labore
1438 4050 1493 4095 et
1551 4041 1853 4111 plurimum
1896 4042 2165 4113 impensis
2199 4060 2324 4113 pre-

736 4135 893 4188 cibus
922 4135 1216 4204 impetrare
1234 4134 1413 4203 potuit
1431 4133 1627 4189 beatus
1668 4134 1850 4197 Pater,
1875 4144 1937 4188 ut
1971 4136 2038 4189 ad
2070 4137 2319 4205 magistri

738 4234 1090 4290 conspectum
1125 4223 1542 4292 perduceretur.
1570 4219 1644 4277 Ut
1671 4237 1805 4277 vero
1836 4222 1989 4277 illum
2026 4226 2162 4278 vidit
2206 4243 2321 4280 ma-

740 4316 932 4380 gister,
963 4315 1111 4383 quod
1145 4315 1307 4370 aliter
1337 4329 1448 4370 non
1480 4314 1687 4370 valeret
1719 4328 1816 4369 cor
1842 4315 2110 4370 ebulliens
2139 4332 2320 4371 enm.-

740 4423 866 4475 perc
906 4407 977 4460 ob
1012 4407 1190 4461 sancti
1238 4408 1420 4462 Patris
1472 4408 1865 4471 reverentiam,
1915 4424 2149 4479 surgens
2190 4426 2315 4465 cum

2503 2837 2605 2909 ξβ’.
2671 2838 2857 2893 Ταῦτα
2910 2839 3157 2904 ἀκούσας
3199 2842 3227 2892 ὁ
3275 2842 3578 2912 μάγιστρος
3632 2843 3972 2914 ἀπεκρίνατο
4008 2865 4021 2874 ·

2444 2931 2638 3003 Ἡμεῖς
2667 2933 2788 3004 μὲν,
2831 2934 3121 3000 ὁσιώτατε,
3154 2935 3250 3005 τὴν
3288 2935 3423 3007 πρὸς
3458 2937 3515 2988 σὲ
3543 2935 3637 2989 τού
3669 2937 3825 3003 ἁγίου
3863 2938 4024 3007 βασι-

2428 3026 2563 3091 λέως
2588 3026 2797 3080 ἔννοιαν
2831 3026 3210 3093 ἐπιστάμενοι,
3235 3028 3557 3098 δωρούμεθά
3578 3046 3659 3082 σοι
3693 3018 3789 3100 τίξν
3818 3031 4022 3084 1.613-

2426 3134 2528 3191 την
2552 3119 2665 3171 τῶν
2700 3119 3053 3189 νομισμάτων
3092 3120 3321 3183 ἔκτισιν,
3354 3121 3520 3173 πλέον
3558 3122 3589 3183 ἢ
3612 3121 3706 3174 δύο
3747 3123 4018 3192 χιλιάδων

2424 3211 2663 3283 ἀριθμὸν
2697 3213 3081 3282 περιέχουσαν.
3126 3211 3199 3267 Τὸ
3256 3213 3314 3267 δὲ
3353 3214 3459 3267 τῶν
3500 3216 3780 3285 ἀρχόντων
3843 3235 4021 3285 κειρα-

2425 3303 2732 3369 λοκλάσιον,
2762 3304 2948 3356 καὶτὸ
2985 3305 3184 3373 ἄτιμον
3240 3305 3559 3376 σύντριμμα
3611 3308 3866 3377 παριδεῖν
3915 3311 4021 3362 οὐκ

2425 3395 2648 3463 εὑλογον
2670 3395 2790 3448 οὐδὲ
2821 3396 3054 3450 δίκαιον.
3087 3397 3219 3449 Τότε
3248 3398 3274 3448 ὁ
3296 3399 3769 3469 παμμακάριστος
3808 3418 4020 3471 παραι-

2425 3488 2662 3549 νετικοῖς
2713 3488 2807 3541 καὶ
2866 3488 3351 3555 συμϐουλευτικοῖς
3407 3488 3587 3557 λόγοις
3639 3492 3867 3544 πέπεικε
3921 3499 4021 3546 καὶ

2423 3580 2626 3643 αὐτοὺς
2650 3579 3046 3649 μεγαλοψύχως
3075 3581 3408 3650 χαρίσασθαι
3446 3581 3617 3651 αὐτῷ,
3649 3584 3742 3635 καὶ
3792 3583 3893 3653 τὴν
3922 3587 4020 3637 αύο

2422 3671 2537 3723 τῶν
2567 3670 2927 3741 διεκδίκησιν,
2970 3670 3047 3743 μὴ
3086 3673 3249 3741 μέχρι
3273 3672 3381 3725 τῶν
3434 3676 3811 3727 πεντακοσίων
3858 3696 4019 3746 νομι-

2426 3763 2651 3832 σμάτων
2684 3765 3162 3833 ὲκπληρουμένην.
3199 3763 3417 3817 Τούτων
3444 3765 3625 3818 τοίνυν
3652 3770 3717 3837 τῇ
3748 3769 3843 3821 τοῦ
3864 3772 4017 3822 ὁσίου

2424 3853 2639 3923 Πατρδς
2680 3854 2969 3925 ἀντιλήψει
3011 3854 3198 3917 καλῶς
3242 3857 3800 3927 ἀποπεραιωθέντων,
3856 3878 4019 3930 μετε-

2422 3947 2670 4016 τράπηή
2736 3949 3110 4017 ἀγανάκτησις
3158 3948 3247 3999 ἐπὶ
3306 3948 3397 4002 τὸν
3460 3949 3603 4003 κατὰ
3642 3952 3742 4014 τὰς
3793 3953 4019 4023 ἡμέρας

2423 4038 2640 4101 ὲκείνας
2675 4039 3010 4110 πράττοντα.
3042 4038 3346 4111 Γρηγὸριος
3388 4038 3433 4091 δ’
3474 4035 3631 4104 οὗτος
3663 4036 3730 4113 ἦν
3756 4045 3782 4095 ὁ
3821 4044 4019 4097 καλού-

2426 4147 2585 4198 μενος
2614 4131 2901 4195 Μαλεῖνος·
2930 4134 3100 4203 ὅνπερ
3135 4133 3233 4185 σὺν
3264 4132 3443 4203 πολλῷ
3470 4133 3643 4202 ἀγῶνι
3675 4137 3768 4187 καὶ
3803 4139 4021 4208 σφοδρᾷ

2423 4216 2772 4294 παρακλήσει
2818 4222 3105 4293 ἐξίσχυσεν
3137 4223 3165 4274 ὁ
3214 4223 3483 4293 μακάριος
3521 4225 3864 4289 καταξιῶσαι
3914 4229 4023 4298 τῆς

2421 4314 2520 4366 τοῦ
2553 4314 2862 4384 μαγίστρου
2910 4315 3159 4383 ἐπόψεως
3225 4316 3611 4386 κεκρυμμένον
3644 4316 4020 4385 τυγχάνοντα.

2426 4406 2523 4456 Ὃν
2545 4406 2571 4455 ὁ
2598 4405 2904 4474 μάγιστρος
2935 4404 3302 4472 θεασάμενος,
3336 4406 3431 4456 καὶ
3458 4404 3535 4474 μὴ
3558 4404 3699 4474 έχων
3725 4407 3845 4470 πῶς
3871 4409 4025 4461 ἀπο-

740 4504 818 4552 ira
861 4495 1147 4553 maledixit
1181 4499 1257 4553 illi
1289 4507 1344 4554 et
1389 4500 1651 4554 omnibus
1700 4499 2023 4556 domesticis
2083 4504 2205 4570 ejus
2260 4514 2315 4558 et

2429 4496 2636 4568 κενώσῃ
2668 4498 2725 4549 τὸ
2757 4496 3049 4567 ἔκϐρασμα
3080 4497 3179 4566 τῆς
3233 4498 3461 4569 καρδίας
3498 4496 3691 4563 αὑτοῦ,
3725 4500 3816 4550 τὸν
3858 4501 4025 4553 ὅσιον

739 4592 999 4647 erunibus
1043 4606 1167 4660 quae
1212 4590 1553 4661 possidebat,
1589 4591 1661 4645 ab
1690 4606 1833 4660 equo
1883 4604 1938 4646 et
1972 4595 2109 4648 bove
2141 4611 2313 4666 usque

738 4684 804 4736 ad
828 4684 1085 4753 gallinam
1118 4692 1173 4737 et
1202 4699 1396 4738 canem
1432 4694 1489 4739 et
1523 4684 1736 4754 reliqua
1763 4685 1970 4738 omnia.
1998 4684 2094 4740 Ille
2118 4689 2314 4744 timore

737 4784 1025 4845 correptus
1061 4774 1201 4829 nihil
1230 4775 1458 4830 omnino
1488 4774 1878 4845 respondebat,
1910 4777 2006 4831 sed
2032 4778 2159 4847 quia
2189 4796 2318 4848 pro-

739 4866 1118 4936 tospatbarius
1151 4875 1293 4933 erat,
1332 4867 1667 4937 permissum
1702 4868 1781 4922 illi
1821 4868 1947 4935 fuit,
1983 4877 2042 4922 ut
2068 4870 2314 4932 sederet,

743 4971 970 5027 tumque
995 4960 1256 5029 magister
1274 4959 1340 5014 ad
1361 4959 1517 5014 illum
1548 4974 1562 5011 :
1599 4958 1770 5027 Vade,
1802 4962 2140 5027 miser,cum
2162 4963 2315 5016 mali-

737 5049 859 5118 gttis
904 5051 981 5104 tui
1035 5050 1335 5116 similibus,
1382 5050 1593 5121 pingitc
1623 5051 1777 5108 vobis
1804 5052 2074 5107 beatiNili
2109 5054 2314 5122 imagi-

738 5157 886 5205 nem,
944 5156 1047 5195 nec
1095 5141 1335 5197 desinite
1402 5142 1552 5196 illam
1620 5144 1805 5197 colere
1859 5152 1915 5199 et
1981 5145 2182 5214 gratias
2238 5145 2313 5199 illi

737 5246 900 5300 agere
940 5248 954 5286 :
990 5246 1113 5285 nam
1144 5246 1241 5301 per
1276 5233 1419 5286 sacri
1456 5232 1809 5302 imperatoris
1852 5244 2041 5303 caput,
2101 5251 2201 5291 νυε
2236 5235 2312 5289 illi

733 5320 970 5391 amplius
1036 5322 1300 5378 honorem
1365 5338 1473 5376 non
1530 5322 1790 5378 deferetis
1850 5324 1986 5393 (50).
2040 5322 2315 5380 Omnibus

2413 4587 2836 4657 εὐλαϐούμενος,
2862 4589 3102 4649 ἀναστὰς
3164 4590 3280 4657 μετ’
3307 4589 3481 4659 ὀργῆς
3508 4591 3868 4660 κατηράσατο
3906 4594 4022 4644 αύ-

2414 4679 2527 4743 τὸν,
2558 4683 2650 4732 καὶ
2684 4680 2896 4741 πάντας
2924 4681 3050 4742 τοὺς
3070 4680 3128 4730 ὲν
3156 4678 3233 4749 τῷ
3254 4680 3387 4748 οἴκῳ
3411 4679 3602 4741 αὑτοῦ,
3626 4681 3721 4732 καὶ
3743 4682 3929 4734 πάντα
3945 4685 4020 4735 τά

2420 4769 2737 4839 ὑπάρχοντα
2768 4769 2916 4838 αὐτῷ
2950 4770 3061 4823 ἀπὸ
3093 4769 3261 4822 ἵππου
3296 4770 3387 4822 καὶ
3409 4768 3530 4838 βοὸς
3558 4771 3719 4839 μέχρι
3752 4771 3845 4821 καὶ
3859 4770 4021 4839 ὅρνι-

2427 4860 2519 4923 Θος
2548 4861 2645 4914 καὶ
2709 4863 2871 4924 κυνίς
2904 4861 2998 4913 καὶ
3030 4862 3252 4915 πάντων
3286 4861 3395 4913 τῶν
3450 4861 3675 4914 λοιπῶν.
3731 4863 3911 4914 Αὐτοῦ
3958 4864 4021 4917 δὲ

2416 4953 2496 5024 τῷ
2515 4952 2665 5025 φόϐῳ
2689 4956 3053 5025 συνεχομένου
3069 4957 3163 5009 καὶ
3198 4957 3367 5027 μηδὲν
3390 4956 3527 5017 ὅλως
3553 4957 4017 5027 ἀποκριναμένου

2417 5047 2707 5117 ἐπετράπη
2764 5048 2992 5100 καθίσαι
3027 5046 3119 5100 διὰ
3173 5048 3235 5099 τὸ
3289 5049 3786 5118 πρωτοσπαοάριον
3840 5052 4018 5104 αὑτὸν

2416 5136 2579 5194 εἶναι.
2627 5141 2736 5192 Καὶ
2770 5141 2917 5208 λέγει
2948 5141 3085 5211 πρὸς
3117 5142 3281 5194 αὑτὸν
3319 5144 3346 5194 ὀ
3380 5141 3707 5212 μάγιστρος·
3746 5142 4012 5212 ’Υπαγε,

2414 5230 2672 5295 ταπεινὲ,
2720 5233 2818 5284 σὺν
2848 5235 2961 5293 τοῖς
3006 5232 3213 5302 ὁμοίοις
3244 5250 3339 5285 σου
3378 5234 3707 5302 κακόφροσι,
3733 5237 4015 5303 ποιήσατε

2414 5324 2599 5377 εἰκόνα
2624 5323 2819 5379 Νείλου
2851 5324 2945 5377 τοῦ
2977 5325 3147 5389 ὁσίου,
3206 5328 3300 5378 καὶ
3335 5326 3411 5395 μὴ
3442 5326 3726 5397 παύσησθε
3752 5342 4013 5396 προσκυο

2012 5483 2282 5543 Joannis
2314 5482 2443 5544 Clei
2480 5491 2669 5544 notae.

807 5638 920 5709 (50)
956 5637 1111 5706 Apud
1159 5634 1483 5709 Martenium
1525 5642 1611 5689 est
1653 5652 1666 5687 :
1728 5634 1903 5709 «Abi,
1941 5634 2137 5709 inquit,
2178 5649 2304 5709 gum

734 5704 1113 5765 consimilibus
1135 5708 1245 5762 tuis
1277 5707 1482 5767 stultis,
1536 5716 1701 5774 atque
1730 5704 1963 5774 efﬁgiem
2001 5706 2122 5758 Nilu
2147 5704 2301 5758 eﬂiu-

731 5784 862 5851 gite,
898 5795 997 5833 nec
1048 5778 1326 5851 desistatis
1375 5776 1527 5851 illum
1593 5777 1827 5851 adorare
1881 5777 2065 5844 illique
2099 5778 2306 5851 gratias

731 5846 923 5919 agere;
954 5848 1223 5918 siquidem
1258 5846 1533 5919 perfregis
1564 5855 1741 5919 caput
1770 5846 1902 5919 plus
1934 5862 2030 5919 vos
2068 5862 2175 5899 non
2229 5848 2304 5919 vi-

728 5916 967 5986 si'ssetis,
995 5916 1226 5991 gloriam
1259 5916 1551 5973 dedissetis
1588 5931 1603 5968 :
1647 5934 1665 5968 ι
1693 5916 1784 5971 ubi
1825 5916 2144 5986 impeditum
2171 5916 2303 5986 quid

2414 5642 2574 5688 estet
2614 5632 2882 5687 hiulcum.
2920 5631 3026 5684 Sed
3075 5639 3127 5685 et
3176 5631 3228 5682 in
3285 5638 3437 5683 textu
3496 5628 3687 5685 Graeco
3743 5629 4015 5689 videntur

2414 5706 2595 5773 aliqua
2626 5704 2954 5773 desiderari,
2988 5716 3088 5755 nec
3112 5702 3254 5773 enim
3287 5700 3359 5753 ibi
3402 5716 3603 5755 sensus
3635 5701 3770 5773 satis
3799 5704 4013 5773 pientis

2414 5769 2520 5838 est,
2573 5774 2681 5828 nisi
2740 5772 3107 5841 significatum
3152 5769 3277 5841 \elit
3335 5773 3614 5841 magister.
3678 5770 3737 5823 S.
3803 5769 4011 5830 Nilum

2416 5846 2543 5898 inde
2577 5840 2988 5903 removendum,
3024 5840 3105 5895 sie
3134 5849 3191 5893 ut
3215 5840 3280 5893 ad
3314 5840 3436 5907 ejus
3494 5841 3863 5910 patrocinium
3890 5844 4013 5903 itu.

2416 5915 2740 5985 plerandum
2768 5911 3023 5969 defutura
3064 5912 3133 5969 sit
3167 5911 3301 5981 ipsis
3329 5916 3578 5969 occasio.
