4196 6430
765 407 869 469 119

2226 415 2567 477 ΑΝΟΝΥΜΙ

3928 429 4029 491 120

765 522 943 585 gladio
1014 532 1064 576 te
1109 524 1458 591 perimrntes.
1510 526 1585 579 De
1647 542 1782 596 pace
1840 537 2022 585 autem
2080 530 2341 584 Calabria:

2454 526 2598 599 αἷμα
2655 551 2746 586 σου
2802 534 3013 587 πίονται
3065 537 3311 606 μαχαίρᾳ.
3346 532 3403 589 σε
3441 538 3879 603 θανατώσαντες.
3932 534 4039 594 Καῖ

765 627 834 665 ne
869 613 1109 678 labores,
1143 630 1242 669 nec
1268 632 1460 685 preces
1484 617 1762 685 elt’undas,
1790 619 1892 674 hoc
1939 621 2088 674 enim
2122 622 2342 675 univer-

761 722 950 759 sorum
995 708 1230 763 Domino
1269 725 1377 763 non
1414 711 1619 779 placet.
1652 710 1808 765 Tunc
1835 711 2024 767 fratris
2064 722 2343 783 metropo-

765 801 872 851 litae
901 798 1068 853 filius:
1099 800 1505 868 Vides,inquit,
1534 812 1724 858 sancte
1750 802 1933 863 Pater,
1961 812 2097 873 quot
2125 805 2341 859 animas

762 893 1254 947 revereadissimtls
1301 894 1557 948 liberavit
1606 897 1628 949 ἳ
1691 896 1993 963 Respondit
2043 906 2272 953 sanctus
2323 915 2338 952 :

762 979 879 1034 Non
917 984 1150 1048 animas,
1184 984 1278 1039 sed
1311 1000 1543 1053 corpora
1578 986 1857 1042 liberavit.
1883 989 2118 1046 Prodest
2154 1000 2338 1045 autem

765 1072 1013 1137 pluribus
1045 1083 1098 1129 et
1128 1091 1417 1144 corporum
1443 1077 1686 1143 aﬂlictio,
1712 1081 1915 1149 quibus
1950 1082 2178 1136 libertas
2200 1084 2341 1136 mul-

763 1175 944 1218 torum
980 1167 1247 1220 malorum
1284 1167 1342 1220 fit
1372 1170 2011 1238 ansa,quemadmodum
2029 1172 2341 1229 furentibus

766 1258 1013 1323 prodest,
1050 1260 1195 1327 quod
1230 1262 1426 1315 medici
1458 1262 1584 1315 illos
1614 1264 1907 1319 oceludaut
1941 1275 1991 1320 et
2025 1265 2173 1320 fame
2214 1280 2341 1320 cru-

760 1351 927 1405 cient.
953 1333 1110 1416 Quod
1182 1353 1228 1405 si
1294 1354 1430 1417 haec,
1487 1370 1608 1424 qua:
1666 1357 1891 1412 molesta
1931 1358 2209 1423 videntur,
2270 1358 2339 1412 ad

762 1444 1066 1497 multorum
1117 1444 1350 1500 salutem
1386 1447 1526 1502 nihil
1561 1447 1904 1515 caulerreut,
1957 1460 2112 1506 certe
2154 1467 2183 1505 a
2232 1451 2341 1506 Deo

762 1551 871 1591 non
908 1543 1385 1603 permitterentur.
1433 1540 1663 1609 Cportet
1709 1552 1891 1595 tamen
1946 1558 1978 1597 a
2019 1545 2341 1613 potentibus

761 1624 1029 1685 auxilium
1057 1633 1137 1686 eis
1170 1633 1435 1701 impendi,
1463 1636 1640 1702 quoad
1672 1634 1794 1703 ejus
1827 1635 1944 1689 fieri
1996 1637 2191 1705 possit.
2230 1636 2343 1691 Me-

762 1721 1021 1787 trOpolita
1061 1737 1185 1775 eum
1212 1723 1324 1777 haec
1351 1726 1595 1779 audisset
1625 1734 1680 1779 et
1710 1727 1947 1782 consilio
1993 1727 2173 1782 Patris
2228 1744 2338 1782 non

764 1814 1064 1872 paruisset.
1103 1817 1422 1871 vaticinium
1463 1818 1517 1872 in
1552 1835 1613 1874 se
1639 1820 1973 1888 adimplevit.
2007 1824 2078 1875 At
2115 1831 2340 1877 sanctus

762 1906 925 1960 i'aler
962 1920 1148 1962 noster
1182 1907 1337 1962 Nilus
1378 1919 1491 1963 tum
1530 1912 1704 1966 nimio
1721 1913 2055 1969 austerioris
2099 1915 2225 1969 vita:
2267 1916 2346 1968 la-

766 1993 920 2061 bore,
954 2008 1067 2051 tum
1094 2001 1512 2069 ingravescente
1535 2005 1649 2072 jam
1699 2012 1883 2070 aetate,
1930 2022 2056 2060 nam
2086 2008 2201 2061 fere
2260 2024 2348 2065 se-

766 2090 1105 2156 xagesimum
1162 2093 1351 2161 agebat
1384 2110 1615 2160 annum,
1652 2097 2044 2154 deﬁcientibus
2109 2101 2345 2165 viribus,

764 2194 874 2233 non
908 2181 1131 2235 valebat
1170 2185 1405 2251 amplius
1447 2186 1627 2257 longis
1661 2188 1955 2244 itineribus
1986 2192 2242 2261 pedester
2285 2209 2345 2247 se

765 2274 1109 2328 conmittere
1140 2277 1258 2328 sine
1280 2279 1526 2344 periculo
1556 2297 1570 2333 :
1605 2280 1792 2349 itaque
1823 2283 2077 2337 utebatur
2104 2300 2248 2353 equo
2275 2287 2343 2339 ad

766 2365 1076 2419 subsidium
1135 2383 1346 2438 uagnaa
1402 2371 1803 2427 imbecillitatis
1844 2389 2015 2428 :nam
2078 2376 2341 2446 majorem

767 2458 981 2513 itineris
1010 2468 1221 2529 partem
1270 2461 1454 2517 studio
1489 2466 1777 2520 servanda:
1805 2467 2188 2533 continentim,
2232 2484 2342 2538 qua

766 2548 1005 2603 virtutes
1066 2552 1437 2618 continentur,
1483 2570 1687 2625 equum
1747 2560 1976 2616 trahens
2025 2563 2144 2632 ipse
2203 2562 2340 2618 ibat.

764 2639 963 2703 Quem,
997 2640 1126 2694 dum
1167 2653 1395 2699 sanctus
1422 2644 1584 2700 Pater
1610 2663 1736 2702 cum
1768 2652 2193 2722 archiepiscopo
2226 2670 2346 2708 scr-

766 2746 981 2786 monem
1014 2732 1318 2800 conferret,
1350 2751 1681 2806 suggerente
1709 2740 1959 2809 diabolo,
2010 2745 2223 2800 furatus
2246 2756 2341 2802 est

764 2823 988 2889 quidam
1021 2836 1075 2879 et
1094 2826 1250 2882 abiit.
1280 2828 1416 2883 Cum
1443 2845 1594 2895 vero,
1618 2842 1789 2889 eunte
1820 2836 1941 2900 illo,
1958 2848 2342 2895 coortnsessct

766 2917 950 2979 turbo,
991 2932 1056 2970 ex
1113 2934 1255 2987 equo
1292 2920 1637 2978 descendens
1694 2927 1798 2982 sub
1843 2930 2076 2997 quadam
2143 2933 2342 2987 arbore

766 3007 968 3069 stabat,
1006 3019 1338 3079 exspectans
1364 3014 1718 3070 serenitatem
1755 3019 1923 3080 aeris.
1966 3031 2021 3074 et
2068 3021 2251 3091 fulgur
2307 3039 2340 3077 e

766 3097 909 3151 melo
939 3098 1149 3166 lapsum
1184 3104 1455 3168 percussit
1489 3107 1748 3161 miserum
1780 3118 1834 3165 et
1855 3126 1988 3167 orco
2011 3117 2338 3174 transmisit.

768 3188 913 3272 quod
948 3205 1057 3243 non
1086 3192 1358 3247 audiverit
1382 3195 1656 3251 dicentem

763 3278 913 3345 justo
946 3295 1056 3333 non
1094 3292 1179 3337 est
1205 3282 1409 3338 bonum
1438 3288 1515 3351 “;
1553 3307 1572 3340 ι
1605 3299 1658 3343 et
1690 3307 1705 3342 :
1736 3291 1867 3358 «Qui
1895 3294 2204 3365 furabatur,
2229 3300 2342 3367 jam

770 3384 882 3421 non
925 3371 1161 3434 furetur,
1203 3374 1377 3445 magis
1406 3385 1587 3431 autem
1615 3378 2133 3452 lahoretoperaudo
2163 3390 2341 3442 mani-

772 3461 875 3513 lius
938 3462 1074 3520 suis.
1124 3476 1179 3519 ut
1251 3466 1467 3531 habeat,
1515 3471 1661 3523 unde
1718 3474 1923 3529 tribuat
1960 3481 2342 3537 necessitatem

770 3552 1000 3617 patienti
1054 3554 1120 3609 ".
1187 3573 1207 3607 ι
1273 3556 1340 3610 Et
1394 3559 1487 3614 ille
1537 3562 1759 3629 quidem
1827 3567 2017 3621 infelix
2069 3576 2340 3639 peccavit,

770 3640 974 3697 frustra
1033 3657 1295 3714 operatus
1383 3650 1726 3719 iniquitatem
1800 3671 1815 3707 :
1875 3660 2139 3726 postridie
2214 3682 2342 3720 vero

765 3736 989 3798 quidam
1064 3738 1190 3793 illae
1271 3750 1627 3799 transeuntes
1704 3761 2038 3815 agnoverunt
2113 3770 2341 3824 equum,

765 3828 858 3885 qui
924 3829 996 3883 ibi
1046 3831 1395 3898 pascebatur,
1460 3849 1514 3890 et
1577 3838 1629 3891 in
1704 3846 2107 3899 monasterium
2171 3848 2341 3901 dedu-

765 3929 985 3985 xerunt,
1045 3923 1274 3994 viroque
1328 3926 1483 3995 justo
1534 3930 1682 3999 quod
1746 3946 1908 3985 suum
1957 3946 2098 4001 erat,
2160 3940 2343 3994 reddi-

764 4012 982 4065 derunt.

837 4100 923 4154 70.
951 4103 1075 4157 Alio
1098 4121 1320 4175 quoque
1346 4116 1592 4180 tempore
1619 4114 1781 4168 miles
1800 4116 2026 4184 quidam
2060 4121 2342 4187 profectus

763 4198 844 4242 est
875 4192 1059 4245 animo
1078 4192 1299 4248 furandi
1327 4212 1528 4266 equum
1557 4216 1587 4253 ο
1618 4208 1978 4270 monasterio,
2011 4219 2066 4263 et
2094 4226 2219 4265 cum
2257 4216 2340 4269 sul

767 4280 1012 4351 ferejam
1049 4286 1328 4341 occideret
1375 4297 1432 4342 et
1491 4290 1585 4345 ille
1654 4309 1687 4347 e
1753 4298 1976 4366 regione
2016 4306 2339 4357 monasterii

766 4383 958 4439 staret,
992 4376 1237 4443 illudque
1275 4380 1463 4433 oculis
1494 4386 1860 4452 prospiceret,
1891 4402 2106 4447 noctem
2142 4411 2340 4465 exspe-

764 4476 942 4530 ctans,
977 4476 1034 4519 ut
1058 4476 1330 4524 nocturno
1353 4482 1600 4542 tempore
1655 4479 2005 4535 tenebrarum
2053 4501 2195 4554 opus
2226 4490 2340 4543 elli-

2453 625 2584 694 περὶ
2648 626 2750 693 τῆς
2809 628 3033 697 εἰρήνης
3064 627 3165 696 τῆς
3206 629 3529 698 Καλαϐρίας
3558 631 3630 699 μὴ
3664 631 3861 694 κοπιῶ,
3903 632 4038 701 μηδὲ

2450 717 2626 781 ἀξίου,
2690 718 2751 770 οὐ
2819 718 2926 787 γὰρ
2985 719 3201 772 εὐδοκεί
3234 722 3260 771 ό
3310 719 3422 771 τῶν
3473 721 3611 773 ὅλων
3661 722 3948 790 Δεσπότης
3978 724 4040 773 ἐν

2449 811 2647 883 τούτῳ.
2682 812 2847 877 Λέγει
2876 812 2935 865 δὲ
2962 812 3101 882 πρὸς
3132 813 3297 865 αὐτὸν
3319 814 3346 865 ό
3379 814 3602 881 ἀνεψιὸς
3622 816 3719 867 τοῦ
3757 832 4035 884 μητροπο-

2449 904 2622 957 λίτου’
2669 902 2856 975 Ὁρᾷς,
2887 904 3071 974 Πάτερ
3095 904 3242 971 ἅγιε,
3284 906 3459 967 πόσας
3483 906 3512 957 ὁ
3542 905 3814 975 δεσπότης
3852 906 4038 976 ψυχᾶς

2449 998 2863 1067 ἠλευθέρωσενς
2903 998 3206 1070 Ἀπεκρίθη
3229 999 3286 1052 δὲ
3318 998 3473 1070 αὐτῷ
3504 1000 3530 1052 ὁ
3551 1000 3723 1062 ὅσιος*
3755 1001 3829 1053 Ού
3853 1000 4037 1068 ψυχας

2448 1090 2828 1161 ἠλευθέρωσεν
2859 1129 2875 1151 ,
2944 1090 3085 1143 ἀλλὰ
3143 1090 3399 1159 σώματα.
3462 1092 3755 1145 Λυσιτελεῖ
3811 1093 3867 1145 δὲ
3918 1094 4036 1153 τοῖς

2448 1179 2667 1243 πολλοῖς
2723 1182 2818 1233 καὶ
2852 1180 3029 1249 ἡτῶν
3084 1183 3358 1251 σωμάτιον
3412 1183 3663 1247 κάκωσις
3694 1223 3707 1242 ,
3763 1183 3912 1245 ὅσοις
3972 1185 4039 1236 τὸ

2447 1272 2851 1342 ἐλευθεριάζειν
2902 1273 3118 1326 πολλῶν
3142 1274 3333 1327 κακῶν
3362 1276 3515 1328 αίτον
3558 1275 3792 1342 γίνεται.
3817 1274 3995 1326 Ὠσπε
4007 1291 4039 1342 ρ

2448 1367 2503 1418 αί
2533 1367 2687 1436 παρὰ
2711 1364 2821 1419 τῶν
2884 1366 3092 1438 ἰατρῶν
3129 1370 3245 1430 τοῖς
3291 1368 3641 1438 μαινομένοις
3690 1366 4037 1433 συγκλείσεις

2447 1475 2508 1511 τε
2536 1459 2635 1511 καὶ
2654 1459 3030 1528 λιμαγχονίαι.
3051 1461 3113 1513 El
3145 1460 3201 1513 δὲ
3228 1460 3303 1530 μὴ
3327 1460 3502 1513 ταῦτα
3520 1459 3783 1513 δοκοῦντα
3808 1460 4037 1527 λυπηρὰ

2443 1555 2514 1621 τῇ
2545 1552 2658 1604 τῶν
2685 1551 2900 1605 πολλῶν
2946 1554 3192 1623 σωτηρία
3251 1552 3565 1612 συνέϐαλεν,
3624 1551 3724 1604 οὐκ
3781 1550 3848 1604 ἂν
3892 1551 4039 1620 πρδς

2444 1646 2543 1698 τοῦ
2572 1644 2707 1699 Θεοῦ
2730 1645 3199 1715 συνεχωρήοησαν
3221 1644 3494 1712 γίνεσθαι.
3525 1645 3624 1696 As!
3646 1642 3703 1695 δὲ
3733 1643 3881 1709 ὅμως
3906 1640 4036 1701 τοὺς

2446 1737 2783 1807 δυναμένους
2804 1737 3028 1807 βοηθεῖν
3062 1739 3182 1800 τοῖς
3207 1736 3499 1801 τοιούτοις,
3533 1736 3659 1789 ὅσον
3724 1734 4034 1803 ἐκδέχεται.

2448 1830 2635 1884 Ταῦτα
2661 1832 2691 1883 ό
2720 1831 3128 1899 μητροπολίτης
3172 1828 3444 1891 ἀκούσας,
3511 1828 3609 1881 καὶ
3632 1829 3697 1896 τῇ
3723 1843 3782 1878 τε
3817 1823 4037 1894 Ιιατρδς

2452 1920 2755 1990 συμϐουλίᾳ
2780 1920 2855 1991 μὴ
2883 1919 3230 1982 ὑπακούσας,
3251 1918 3315 1972 τδ
3343 1915 3732 1987 προφητευθὲν
3758 1913 3910 1984 αύτῷ
3940 1915 4036 1967 ἐπ’

2449 2012 2613 2065 αὐτὸν
2646 2009 2925 2078 ἐτελέσθη.
2967 2011 3025 2062 ’0
3054 2009 3110 2061 δὲ
3142 2009 3286 2070 ὅσιος
3333 2008 3525 2077 Πατὴρ
3558 2006 3717 2077 ἡμῶν
3746 2005 3942 2067 Νεῖλος
3970 2002 4037 2058 τὺ

2450 2104 2550 2171 μὲν
2599 2104 2662 2154 ὲκ
2696 2099 2792 2153 τοῦ
2828 2099 3028 2153 πολλοῦ
3072 2099 3169 2168 τῆς
3203 2100 3495 2168 ἀσκήσεως
3558 2099 3745 2161 πόνου,
3781 2096 3919 2150 τὸδὲ
3965 2096 4034 2148 ἐκ

2446 2192 2554 2246 τῶν
2578 2193 2787 2263 χρόνων
2818 2193 3013 2262 ἱκανῆς
3041 2192 3294 2261 περιόδου
3317 2208 3330 2221 ·
3362 2190 3491 2262 περὶ
3520 2191 3632 2261 γὰρ
3658 2189 3727 2243 τὰ
3755 2190 4036 2259 ἐξήκοντα

2445 2283 2539 2351 ἔτη
2563 2284 2834 2353 ὑπῆρχεν·
2868 2283 3209 2352 ἁδυνατήσας
3228 2280 3440 2346 λοιπὸν,
3472 2283 3567 2335 καὶ
3596 2282 3793 2351 μηκέτι
3828 2280 4036 2349 ἰσχύων

2443 2378 2543 2439 τὰς
2576 2377 2794 2448 μακρὰς
2820 2376 2973 2439 ὁδοὺς
3011 2375 3316 2439 ἀκινδύνως
3364 2378 3722 2446 πεζοπορεῖν,
3754 2375 4034 2445 ἐκέχρητο

2446 2472 2602 2542 ἵππῳ
2636 2470 2771 2540 πρὸς
2808 2469 3114 2538 θεραπείαν
3146 2470 3242 2538 τῆς
3274 2470 3478 2538 πολλῆς
3508 2468 3731 2530 ἀτονίας
3763 2483 3779 2498 ’
3824 2470 3882 2521 ἐν
3920 2467 4035 2535 γὰρ

2444 2564 2523 2632 τῷ
2546 2563 2755 2615 πλείονι
2805 2563 2907 2631 τῆς
2965 2561 3086 2615 ὀδοῦ
3148 2561 3328 2632 μέρει,
3363 2561 3509 2631 λόγῳ
3539 2562 3639 2629 τῆς
3666 2558 4036 2627 περιεκτικῆς

2444 2655 2774 2723 ἐγκρατείας
2806 2654 3090 2723 ἐπισύρων
3122 2655 3287 2707 αὐτὸν
3321 2654 3639 2722 ἐπορεύετο.
3689 2650 3893 2705 Τοῦτον
3938 2650 4036 2703 τὶν

2446 2748 2615 2800 ἵππον
2668 2745 2828 2815 ἐντῷ
2858 2746 2951 2799 τὸν
2979 2746 3126 2799 ὅσιον
3177 2745 3472 2815 τυγχάνειν
3529 2744 3669 2813 μετὰ
3726 2742 3822 2795 τοῦ
3867 2744 4035 2813 ἀρχι-

2443 2839 2773 2903 επισκόπου,
2806 2836 3135 2907 ὑποϐληθείς
3166 2853 3251 2898 τις
3282 2837 3389 2890 ὑπὸ
3415 2835 3511 2889 τοῦ
3534 2836 3804 2898 διαϐόλου,
3824 2835 4035 2902 κλέψας

2443 2930 2814 3001 ἀνεχώρησεν.
2891 2929 3050 2982 Κατὰ
3106 2928 3163 2979 δὲ
3220 2929 3318 2997 τὴν
3376 2930 3498 2981 ὁδὸν
3547 2928 3819 2997 χειμῶνος
3878 2927 4035 2997 αὐτῷ

2442 3023 2785 3085 ἐπελθόντος,
2833 3023 3046 3086 ἀποϐὰς
3099 3022 3191 3076 τοῦ
3227 3024 3396 3075 ἵππου
3449 3023 3636 3075 ἵστατο
3685 3021 3777 3089 ὑφ’
3805 3021 3885 3073 ἐνὶ
3917 3020 4036 3071 τῶν

2440 3118 2676 3188 δένδρων
2718 3117 3067 3185 ὲνδεχόμενος
3091 3114 3387 3184 παρελθεῖν
3422 3115 3520 3183 τὴν
3548 3114 3894 3183 σφοδρότητα
3927 3111 4031 3164 τοῦ

1707 3216 1722 3253 :
1760 3219 1780 3250 ι
1818 3201 2085 3257 Damnum
2140 3207 2341 3262 inferre

2450 3210 2633 3279 ἀέρος.
2688 3208 2898 3279 Βροντὴ
2926 3208 2984 3259 δὲ
3013 3205 3309 3277 οὐρανόθεν
3374 3204 3606 3258 ἐλθοῦσα
3663 3206 3906 3270 ἐπάταξε
3936 3204 4033 3257 τὸν

2445 3301 2815 3370 ταλαίπωρον,
2858 3299 2955 3351 καὶ
2991 3299 3068 3368 τῷ
3090 3299 3191 3370 ᾅδῃ
3224 3297 3581 3368 παρέπεμψε,
3613 3298 3687 3366 μὴ
3729 3297 4033 3349 πεισθέντα

2446 3391 2525 3460 τῷ
2566 3392 2810 3459 λέγοντιο
2845 3389 3120 3460 ιΖημιοῢν
3159 3392 3351 3461 ἄνδρα,
3382 3393 3441 3445 ού
3481 3391 3698 3447 καλόν.»
3732 3391 3843 3445 Καί
3866 3407 3881 3421 ο
3926 3409 3943 3440 ι
3968 3392 4035 3443 '0

2445 3484 2696 3537 κλέπτων
2748 3484 2941 3551 μηκέτι
2978 3482 3280 3549 κλεπτέτω,
3313 3484 3451 3536 ἀλλὰ
3500 3484 3750 3537 κοπιάτω
3798 3484 4036 3551 ἐργαζό-

2451 3589 2608 3641 μενος
2663 3574 2785 3635 ταῖς
2846 3571 3008 3634 ἰδίαις
3055 3574 3267 3642 χερσὶν,
3310 3574 3379 3625 ἵν’
3421 3573 3520 3643 ἔχῃ
3585 3570 3917 3641 μεταδοῦναι
3946 3573 4033 3642 τῷ

2444 3666 2641 3735 ζέρείαν
2684 3664 2915 3734 ἔχοντι.»
2948 3664 3061 3717 Καὶ
3088 3666 3116 3716 ό
3153 3666 3251 3733 μὲν
3285 3663 3470 3727 ἄθλιος
3522 3665 3730 3727 ἐκεῖνος
3773 3665 4035 3733 ἥμαρτεν

2445 3756 2727 3825 ἁκομήσας
2750 3753 3009 3822 διακενῆς
3035 3772 3051 3785 ·
3109 3756 3256 3819 τινες
3285 3756 3343 3809 δὲ
3378 3759 3443 3826 τῇ
3476 3757 3740 3825 ἐπαύριον
3769 3757 3868 3826 τὴν
3905 3756 4037 3808 ὀδδν

2443 3847 2808 3917 διερχόμενοι,
2861 3848 2956 3900 καὶ
3005 3847 3098 3900 τὸν
3147 3848 3318 3902 ἵππον
3363 3848 3737 3917 γνωρίσαντες
3789 3850 3882 3900 ἐπὶ
3928 3849 4034 3903 τοῦ

2442 3942 2611 3992 τόπου
2644 3940 2971 4010 νεμόμενον,
2998 3938 3138 4007 πρὸς
3167 3938 3231 3991 τὸ
3285 3938 3655 4008 μοναστήριον
3679 3938 4035 3994 διεσώσαντο

2443 4033 2539 4083 καὶ
2570 4030 2838 4084 ἀπέδοντο
2862 4030 2939 4099 τῷ
2967 4030 3166 4100 δικαίῳ
3196 4030 3256 4081 τὸ
3285 4030 3441 4084 ίδιον.

2514 4122 2577 4174 θ’.
2611 4121 2836 4173 Ἀλλοτε
2892 4122 3053 4175 πάλιν
3109 4123 3221 4174 τῶν
3262 4124 3612 4192 στρατιωτῶν
3657 4141 3743 4187 τις
3770 4125 4035 4194 ὁρμήσας

2449 4210 2582 4281 πρὸς
2606 4213 2667 4262 τδ
2693 4211 2785 4262 τὸν
2823 4212 2992 4263 ἵππον
3041 4212 3152 4264 ἀπδ
3186 4211 3280 4264 τοῦ
3336 4215 3711 4284 μοναστηρξου
3761 4214 4034 4283 συλῆσαι,

2445 4305 2537 4355 καὶ
2569 4301 2696 4371 περὶ
2724 4302 2937 4371 δυσμὰς
2966 4302 3117 4370 ἡλίου
3144 4302 3314 4354 ἐλθὼν
3337 4303 3440 4368 τῆς
3467 4306 3635 4370 μονῆς
3666 4303 3727 4368 ἐξ
3748 4305 4033 4367 ἐναντίας,

2442 4393 2584 4446 ὥστε
2622 4394 2715 4445 καὶ
2746 4394 3185 4461 ὀφθαλμοφανῶς
3234 4394 3369 4447 αὐτὸ
3423 4395 3669 4464 βλέπειν,
3726 4396 4035 4465 περιέμενε

2442 4488 2543 4556 τὴν
2564 4486 2759 4550 νύκτα,
2796 4486 2881 4537 ἵνα
2901 4486 2960 4536 ἐν
2986 4486 3169 4537 σκότει
3202 4487 3407 4558 ποιήσῃ
3443 4487 3506 4538 τὸ
3547 4488 3711 4555 ἔργον
3754 4486 3850 4539 τοῦ
3898 4487 4037 4539 σκό-

764 4564 932 4611 Ceret.
963 4558 1099 4611 Cum
1142 4575 1270 4616 vero
1302 4570 1443 4617 tota
1510 4566 1603 4619 illa
1661 4579 1823 4624 nocte
1882 4578 2337 4645 perambulasset,

2445 4554 2588 4639 τους.
2619 4576 3009 4647 Περιπατήσας
3032 4575 3090 4628 δὲ
3109 4576 3293 4630 πᾶσαν
3316 4554 3417 4645 τὴν
3439 4554 3614 4629 νύκτα
3636 4577 3857 4647 ἐκείνην
3871 4578 4037 4630 οὐδό-

769 4664 1050 4717 nunquam
1103 4652 1283 4719 potuit
1321 4658 1661 4712 monasterio
1683 4664 2077 4731 propinquare,
2103 4670 2201 4724 sed
2256 4672 2341 4726 iu—

767 4738 954 4793 cidens
987 4741 1041 4794 in
1081 4752 1357 4811 praerupta
1382 4754 1438 4800 et
1474 4762 1637 4817 rupes
1698 4751 2041 4821 inacccssas,
2070 4762 2340 4831 satisptn-

767 4846 959 4883 narum
993 4839 1048 4884 et
1085 4832 1289 4887 laboris
1361 4852 1561 4905 passus
1620 4852 1745 4895 est:
1798 4845 1890 4898 ubi
1959 4863 2093 4901 vero
2133 4851 2338 4917 illuxit,

766 4924 1165 4977 monasterium
1190 4934 1319 4980 ante
1349 4944 1408 4982 se
1445 4930 1597 4985 vidit.
1632 4932 1818 5003 Itaque
1856 4938 2206 4995 vehementer
2234 4945 2335 4997 ob—

766 5013 1110 5081 stupefactus
1142 5017 1429 5083 miraculo,
1460 5020 1599 5074 adiit
1628 5028 2008 5089 penitentiam
2058 5045 2224 5100 agens
2282 5042 2340 5087 et

766 5104 945 5169 palam
977 5108 1278 5163 enuntians
1312 5110 1397 5163 sui
1442 5112 1660 5166 consilii
1690 5118 2040 5182 pravitatem.
2073 5121 2181 5175 Per
2202 5124 2337 5179 illud

769 5204 985 5264 tempus
1009 5197 1303 5266 impiorum
1365 5201 1745 5271 Agarenorum
1800 5208 2120 5266 incursione
2171 5216 2339 5269 deva-

767 5295 942 5341 stante
979 5288 1290 5344 Calabriam
1340 5302 1395 5347 et
1448 5296 1632 5349 omnia
1690 5298 2060 5367 deprzedante,
2110 5316 2339 5363 sanctus

767 5378 928 5431 Pater
986 5378 1141 5436 Nilus
1180 5382 1234 5436 in
1271 5398 1456 5439 arcem
1487 5400 1548 5439 se
1595 5391 1833 5443 contulit
1896 5407 2023 5447 cum
2074 5394 2338 5454 fratribus

766 5468 949 5535 ibique
970 5477 1087 5526 tuto
1120 5474 1437 5529 morabatur
1468 5493 1483 5541 ;
1519 5486 1631 5531 tres
1659 5494 1788 5533 vero
1819 5487 2092 5555 segregati
2119 5489 2190 5541 ab
2217 5479 2337 5545 illis

766 5572 1085 5618 manserunt
1107 5563 1162 5617 in
1193 5568 1545 5632 monasterio,
1580 5570 1837 5639 captique
1892 5585 2021 5628 sunt
2070 5594 2099 5629 a
2136 5580 2335 5634 Sarra-

765 5652 990 5706 Ceniset
1016 5653 1237 5711 abducti
1261 5658 1318 5711 in
1350 5656 1621 5716 Siciliam.
1677 5661 1829 5727 Quos
1896 5673 2084 5723 tamen
2135 5670 2332 5729 beatus

840 5828 883 5858 ‘°
910 5826 1073 5883 Prov.
1106 5844 1235 5898 xvu,
1275 5833 1364 5890 26.
1445 5838 1485 5869 “
1523 5838 1722 5907 Eplies.
1769 5857 1841 5903 tv,
1890 5843 1984 5899 9.8.

2442 4670 2553 4730 λως
2586 4670 2773 4738 ἴσχυσε
2799 4670 2868 4737 τῇ
2898 4670 3036 4737 μονῇ
3056 4668 3445 4736 προσεγγίσαι,
3479 4669 3615 4721 ἀλλὰ
3639 4669 3886 4739 φάραγξι
3932 4672 4037 4721 καὶ

2442 4761 2707 4830 κρημνοῖς
2740 4758 2979 4829 ἐντυχὼν
3010 4759 3256 4822 ἀϐάτοις,
3288 4760 3607 4830 ἀρκούντως
3660 4762 4033 4832 ἐταριχεύθη.

2454 4852 2701 4921 Ἡμέρας
2724 4851 2781 4902 δὲ
2811 4850 3114 4919 γενομένης
3173 4850 3490 4921 ἔμπροσθεν
3560 4852 3727 4905 αὐτοῦ
3760 4853 3823 4905 τό
3856 4870 4039 4922 μονα-

2443 4944 2669 5009 στήριον
2696 4937 2857 4994 εἶδενο
2881 4942 2976 4994 καὶ
3002 4941 3078 5011 τῷ
3112 4941 3357 5012 θαύματι
3384 4943 3591 5013 σφόδρα
3615 4945 4035 5012 καταπλαγεὶς,

2441 5032 2614 5103 εἰσῄει
2644 5033 2945 5101 μετανοῶν,
2981 5033 3078 5085 καὶ
3107 5032 3207 5101 τὴν
3245 5032 3457 5086 οἰκείαν
3513 5032 4038 5103 ἐξομολογούμενος

2441 5124 2822 5177 κακοϐουλίαν.
2841 5125 2927 5177 Ἐν
2948 5124 3024 5194 τῷ
3049 5122 3226 5193 καιρῷ
3251 5123 3447 5193 ἐκείνῳ
3474 5124 3892 5193 ἐπιδραμόντων
3918 5126 4039 5178 τῶν

2440 5215 2619 5270 ἀθέων
2659 5214 2978 5284 Ἀγαρηνῶν
3028 5214 3113 5283 τῷ
3173 5214 3372 5281 θέματι
3405 5214 3507 5282 τῆς
3554 5214 3899 5283 Καλαϐρίας,
3932 5218 4042 5269 καὶ

2440 5308 2620 5360 πάντα
2670 5306 3028 5377 ληίζομένων,
3060 5308 3088 5358 ὁ
3124 5305 3220 5373 μὲν
3253 5305 3399 5365 ὅσιος
3446 5305 3639 5373 Πατὴρ
3670 5308 3732 5357 τὸ
3759 5307 4043 5377 φρούριον

2442 5396 2767 5451 καταλαϐὼν
2798 5401 2897 5449 σὺν
2943 5399 3055 5457 τοῖς
3112 5395 3361 5462 ἀδελφοῖς
3414 5394 3704 5457 διεσώζετο
3737 5410 3751 5423 ⁸
3782 5400 3937 5465 τρεῖς
3971 5398 4040 5449 δὲ

2439 5488 2502 5553 ἐξ
2528 5487 2710 5541 αὐτῶν
2736 5485 3095 5557 ίδιορρύθμως
3122 5484 3711 5555 προσκαρτερήσαντες
3741 5483 3823 5553 τῷ
3858 5502 4043 5552 μονα.-

2440 5580 2651 5651 πηρίῳ
2682 5579 2788 5632 ὑπὸ
2839 5577 2952 5630 τῶν
2982 5576 3352 5649 Σαῤῥακηνῶν
3394 5573 3810 5644 ὲκρατήθησαν,
3838 5576 3941 5627 καὶ
3969 5577 4041 5628 ὲν

2440 5671 2661 5743 Σικελία
2701 5670 3047 5741 ἀπήχθησαν.
3119 5669 3341 5738 Ἕκρινε
3386 5665 3516 5733 γοῦν
3548 5666 3578 5717 ὁ
3633 5664 3913 5736 μακάριος
3947 5668 4041 5739 μὴ
