4196 6430
158 360 253 423 129

1312 358 1488 421 ινιιιι
1527 361 1589 420 s.
1626 360 1789 421 Ntn
1824 348 2218 424 Idmonis.

3305 360 3411 425 130

152 473 571 528 ἀνταπώιδοῦσί
624 490 714 543 μοι
754 473 919 539 κακὰ,
947 492 965 524 ι
1021 473 1283 544 πείσομαι
1311 473 1431 527 τόδε
1460 473 1558 527 καὶ
1588 474 1732 530 τόδε.

1858 474 2189 531 :onsideravi
2216 482 2271 530 et
2305 472 2603 529 meditatus
2640 489 2763 528 sum
2789 477 3094 530 orationem
3144 489 3410 529 tanmiuii

153 567 287 618 Καί·
322 565 526 635 Κρῖνόν
558 582 648 634 με,
685 565 883 635 Κύριε,
911 564 1054 618 κατά
1088 563 1442 633 δικαιοσύνην
1483 582 1607 634 μου,
1640 568 1736 619 καὶ

155 662 288 713 κατά
310 662 411 730 τὴν
437 661 675 714 ἀκακίαν
694 678 816 729 μου,
841 663 869 713 ὁ
897 659 1052 724 Θεός.
1085 679 1104 712 ι
1144 661 1251 712 Καὶ
1271 660 1353 713 ὅτι
1391 660 1679 728 Ἐμφανῶς
1709 662 1737 713 6

156 754 280 813 Θεὶς
306 752 486 822 ἥξει-ι
515 752 609 804 καί
632 768 645 781 ·
665 771 684 802 ι
706 752 781 804 Οὐ
807 751 1303 821 παρασιωπήσεται
1327 767 1342 782 ·
1363 749 1475 821 πῦρ
1508 749 1737 805 ὲνώπιον

157 845 317 896 αὑτοῦ
342 846 702 914 καυθήσεται,
749 846 840 897 καὶ
884 845 1097 912 φλογιεί
1143 842 1328 914 κύκλῳ
1354 844 1477 907 τοὺς
1509 843 1737 914 ἐχθροὺς

162 955 345 991 αυτεν.
373 956 391 986 ι

222 1206 329 1264 οςα
359 1199 551 1254 Ταῦτα
572 1202 668 1253 καὶ
696 1200 763 1254 τὰ
786 1203 951 1270 ὃμοια
984 1202 1203 1275 τούτοις.
1224 1202 1484 1273 ἐννοήσας
1518 1204 1739 1273 ἐξερχό-

162 1293 299 1359 μενά
334 1310 439 1361 μου
488 1292 599 1345 τῶν
659 1292 907 1362 χειλέων,
933 1294 1281 1362 κατανοήσας
1303 1294 1360 1347 δὲ
1391 1295 1629 1364 ἐμαυτὸν
1670 1294 1740 1347 τὰ

160 1386 385 1437 ἐναντία
414 1385 727 1455 πράττοντα
750 1385 978 1450 τούτων,
1012 1386 1256 1457 ἐφοϐήθη
1314 1402 1417 1456 μου
1452 1387 1484 1455 ἡ
1519 1388 1737 1455 καρδία,

164 1476 255 1526 καὶ
288 1475 601 1545 ἐτρόμαξαν
621 1478 688 1529 τὰ
718 1477 852 1529 ὁστᾶ
873 1495 998 1546 μου,
1028 1479 1061 1548 ἡ
1088 1477 1145 1529 δὲ
1179 1478 1332 1547 ἰσχὺς
1363 1478 1473 1531 τῶν
1499 1479 1741 1545 γονάτων

169 1584 269 1633 μου
306 1567 571 1620 ὑποκάτω
621 1586 724 1637 μου
756 1569 1052 1638 ἐταράχθη,
1086 1568 1227 1621 ὥστε
1256 1569 1452 1638 στῆναι
1476 1570 1553 1639 μὴ
1581 1568 1742 1622 δύνα-

166 1659 311 1709 οθαι.
356 1656 447 1707 Ἐν
471 1654 639 1725 ταύτῃ
672 1656 855 1708 τοίνυν
906 1658 970 1727 τῇ
1008 1660 1106 1726 τῆς
1142 1657 1373 1725 Otiose;
1414 1675 1514 1727 μου
1560 1659 1745 1730 ἡμέρᾳ

164 1748 262 1797 οἰκ
293 1747 472 1809 ἄλλως
512 1748 685 1814 ἔγνων
742 1748 1055 1818 ἀναπαῆναι
1084 1749 1183 1803 καὶ
1221 1750 1610 1820 ἀπαλλαγῆναι
1645 1752 1740 1804 τοῦ

1838 583 2109 622 meorum.
2139 568 2250 624 Oro
2308 575 2490 622 autem
2560 567 2667 621 hoc
2740 575 2956 636 pacto:
3003 586 3021 616 ι
3086 571 3143 622 δι
3203 568 3412 621 reddidi

1838 660 2278 716 retribuentibus
2310 660 2444 714 mihi
2469 660 2611 713 mala
2642 660 2710 723 τ’,
2751 678 2769 711 ι
2811 660 2927 713 haec
2951 669 3001 713 et
3031 659 3145 713 haec
3168 660 3343 728 patiar
3401 676 3411 686 ·

1836 761 1943 808 et:
2004 771 2022 803 ι
2060 751 2253 806 Judica
2306 767 2415 817 me,
2482 751 2734 814 Domine,
2797 754 3101 806 secundum
3146 752 3410 818 justitiam

1838 860 2016 897 meam
2051 851 2104 896 et
2129 844 2432 897 secundum
2468 842 2841 897 innocentiam
2876 858 3074 906 meam,
3108 841 3248 894 υριιε
3285 842 3331 872 ⁷³
3362 859 3406 891 ιν

1838 948 1891 990 et
1919 954 1935 991 :
1971 956 1987 985 ι
2019 935 2163 990 Deus
2194 934 2484 989 manifeste
2508 935 2691 988 veniet
2716 942 2771 986 et
2800 948 2908 985 non
2938 933 3152 995 silebit;
3189 933 3332 1000 ignis
3364 932 3417 980 in

1839 1039 2135 1095 conspectu
2152 1028 2273 1095 ejus
2295 1027 2619 1081 exardeseet
2641 1039 2691 1080 ct
2712 1025 3074 1079 inilammahit
3103 1029 3155 1078 in
3181 1027 3414 1078 circum.

1841 1118 2095 1173 inimicos
2127 1118 2248 1187 ejus
2275 1120 2340 1172 ⁷⁸.
2369 1137 2388 1170 ι

1910 1207 1999 1262 76.
2035 1206 2160 1261 Haec
2194 1218 2249 1261 et
2303 1209 2503 1263 similia
2539 1205 2669 1259 dum
2721 1205 2950 1273 proferri
3000 1220 3095 1273 per
3147 1220 3210 1259 os
3240 1219 3416 1257 meum

1839 1299 2149 1360 considero.
2178 1305 2233 1351 et
2265 1312 2294 1350 a
2327 1309 2412 1352 me
2450 1298 2567 1351 fieri
2594 1298 2871 1351 contraria
2901 1296 3080 1359 video,
3110 1295 3292 1346 timuit
3326 1310 3422 1347 ror

1843 1407 2025 1447 meum
2060 1400 2115 1445 et
2145 1396 2597 1445 contremuerunt
2630 1402 2758 1441 ossa
2781 1401 2897 1439 mea
2928 1395 2979 1438 ct
3002 1386 3169 1439 robur
3185 1400 3421 1454 genuum

1842 1498 2086 1538 meorum
2125 1483 2313 1537 subter
2335 1482 2719 1535 conturbatum
2745 1488 2852 1544 cst,
2900 1479 2972 1529 ita
3012 1487 3069 1531 ut
3104 1488 3251 1531 stare
3318 1489 3424 1529 non

1842 1592 2062 1648 queam.
2099 1576 2157 1630 In
2205 1576 2307 1628 hac
2335 1573 2504 1643 igitur
2541 1570 2853 1625 amictionis
2920 1584 3056 1623 mea:
3104 1570 3192 1623 die
3245 1570 3426 1630 video.

1841 1685 1953 1724 non
1982 1669 2088 1722 alia
2124 1667 2341 1721 ratione
2386 1677 2473 1717 me
2518 1676 2680 1733 posse
2716 1663 3026 1731 quiescere,
3085 1669 3432 1729 trcmoreque

1847 1776 1911 1816 ac
1945 1764 2145 1815 timore
2172 1759 2419 1822 liberari,
2456 1756 2560 1811 nisi
2592 1756 2941 1810 ascendendo
3003 1754 3153 1816 illuc,
3201 1754 3290 1808 ubi
3347 1762 3433 1808 est

162 1840 370 1907 τρόμου
395 1857 454 1891 τε
478 1840 571 1893 καὶ
626 1842 721 1894 τοῦ
788 1841 977 1910 φόϐον,
1008 1842 1055 1894 εί
1089 1842 1167 1911 μὴ
1192 1844 1249 1895 ὲν
1274 1841 1352 1912 τῷ
1379 1842 1648 1912 ἀναϐῆναί
1674 1860 1744 1912 με

1858 1852 2087 1922 populus
2140 1848 2602 1920 peregrinationis
2680 1861 2837 1907 meat.
2903 1847 2996 1899 ubi
3057 1855 3187 1900 sunt
3237 1862 3431 1900 omnes

164 1931 290 1983 ἔνθα
323 1933 351 1984 6
400 1932 528 1996 λαὸς
565 1933 667 2001 τῆς
726 1932 988 1997 ξενιτείας
1040 1950 1143 2001 μου
1173 1950 1187 1963 ⁶
1246 1935 1380 1987 ὅπου
1405 1935 1512 1987 εἰσὶ
1544 1936 1746 1999 πάντες

163 2024 302 2087 ξένοι
336 2025 436 2077 καὶ
467 2025 975 2095 παρεπίδημοι,καὶ
992 2026 1050 2077 τὸ
1074 2025 1379 2094 πολίτευμα
1404 2029 1461 2079 ὲν
1493 2028 1747 2097 οὐρανοῖς

164 2117 398 2186 ἔχοντες·
426 2120 477 2169 οἱ
511 2118 678 2186 μηδὲν
711 2118 923 2187 ἔχοντες
949 2118 1101 2185 ἴδιον,
1136 2122 1232 2172 καὶ
1265 2120 1446 2173 πάντα
1489 2120 1750 2189 κατέχον-

165 2227 285 2271 τες’
339 2210 477 2263 διότι
519 2212 719 2282 ἡσυχῆ
774 2229 898 2280 μου,
954 2212 1111 2282 καὶὴ
1157 2212 1316 2266 ἐλαία
1389 2230 1515 2281 μου,
1571 2218 1666 2265 καὶ
1714 2216 1747 2284 ή

166 2302 437 2370 ἄμπελος,
469 2304 561 2355 καὶ
597 2304 667 2355 τὰ
698 2305 871 2374 κτήνη
903 2322 1007 2373 μου
1054 2305 1210 2357 οὐδέν
1267 2320 1334 2371 με
1365 2304 1751 2373 ὠφελήσουσιν

169 2396 223 2444 ἐν
262 2393 719 2464 ἡμέραθλίψεως,
750 2396 869 2448 οὐδὲ
903 2396 1041 2465 μετά
1067 2395 1299 2449 θάνατόν
1326 2414 1416 2465 μοι
1471 2413 1753 2467 καρποφο-

171 2487 233 2551 pf,
246 2501 418 2537 τουσι.
456 2485 516 2536 ΕΞ
534 2486 589 2537 δὲ
614 2486 824 2557 ποιήσω
849 2485 876 2538 ὃ
898 2486 1330 2558 ἐϐουλευσάμην,
1354 2487 1755 2557 ἀγαλλιάσομαι

168 2575 284 2624 τότε
324 2578 383 2627 ἐν
418 2574 495 2644 τῷ
532 2575 742 2643 Κυρίῳ,
799 2578 1114 2647 χαρήσομαι
1152 2580 1246 2630 ἐπὶ
1282 2577 1360 2647 τῷ
1388 2577 1508 2648 Θεῷ
1540 2577 1756 2647 Σωτῆρί

174 2685 296 2734 μου.
334 2670 540 2721 ’τούτου
578 2673 633 2724 δὲ
665 2672 839 2734 οὕτως
887 2672 1323 2741 ἑρμηνενθέντος
1360 2672 1502 2725 κατὰ
1535 2673 1634 2742 τὴν
1662 2671 1756 2725 τοῦ

170 2759 367 2825 ﬁlum?»
429 2761 813 2831 τροπολογίαν,
869 2762 1015 2830 λέγει
1073 2764 1210 2834 πρὸς
1244 2765 1336 2816 τὸν
1394 2766 1539 2817 ὅσιον
1563 2764 1753 2828 ἄλλος·

172 2843 334 2909 Ἰδοὺ,
361 2846 513 2914 τίμιε
540 2849 743 2919 Πάτερ,
774 2851 1176 2920 ἀποστέλλομαι
1201 2854 1352 2922 παρά
1395 2852 1489 2905 τοῦ
1512 2854 1658 2907 ἀὸἦᾶ
1680 2856 1760 2917 είς

173 2936 473 3004 διακονίαν,
502 2938 562 3003 ἐξ
590 2937 657 3013 ἧς
683 2943 743 2994 οὐ
800 2945 1003 3012 μικράν
1053 2943 1260 3014 βλάῦην
1309 2945 1571 3014 ὑπομένω
1598 2962 1611 2974 ο
1639 2948 1667 2999 6
1703 2946 1759 2999 δὲ

176 3028 356 3079 κανὼν
390 3033 769 3100 παραγγέλλει
836 3036 1082 3105 ὑπακοὴν
1146 3035 1461 3105 ἀδιάκριτον
1492 3037 1658 3107 ἔχειν.
1696 3039 1761 3091 Τί

1851 1946 2074 1999 advenae
2111 1954 2165 1997 et
2196 1942 2493 2011 peregrini,
2527 1955 2762 2010 quorum
2803 1940 3231 1994 conversatioin
3275 1939 3432 1993 ccelis

1850 2045 1959 2102 est,
1995 2037 2087 2105 qui
2123 2032 2337 2104 pmprii
2366 2034 2501 2086 nihil
2559 2033 2765 2086 habent
2798 2040 2853 2086 et
2908 2032 3094 2084 omnia
3125 2031 3435 2100 possident.

1850 2130 1987 2184 Nam
2010 2127 2146 2184 ficus
2178 2142 2297 2181 mea
2346 2126 2536 2180 etolca
2576 2139 2720 2188 mea,
2775 2132 2829 2177 ct
2883 2123 3039 2177 vinea
3103 2134 3156 2176 et
3188 2124 3435 2192 jumenta

1853 2235 1973 2275 mea
2016 2219 2157 2274 nihil
2206 2218 2337 2272 mihi
2399 2217 2702 2288 proderunt
2752 2217 2807 2270 in
2846 2215 2937 2270 die
2967 2214 3303 2276 afﬂictionis,
3336 2229 3436 2267 nc-

1855 2328 1963 2382 que
1992 2324 2115 2380 post
2169 2318 2401 2363 mortem
2470 2309 2604 2361 mihi
2633 2307 2872 2361 fructum
2952 2306 3202 2361 aﬂerent.
3265 2305 3443 2359 Porro

1857 2403 1904 2457 si
1947 2401 2167 2466 faciam,
2204 2399 2636 2470 quodcogitari,
2666 2404 2801 2451 tunc
2829 2396 2883 2451 in
2912 2396 3147 2450 Domino
3180 2395 3445 2467 gaudebo

1855 2506 1909 2552 et
1938 2495 2228 2550 exsultaho
2275 2494 2329 2546 in
2365 2492 2473 2545 Deo
2526 2490 2761 2545 salutari
2814 2505 2955 2544 meo.
2999 2488 3111 2543 llac
3144 2489 3336 2543 morali
3388 2498 3443 2543 ct

1857 2583 2195 2651 tropologica
2227 2581 2622 2650 explanatione
2647 2579 2775 2633 data
2799 2578 2939 2647 σοι),
2978 2588 3230 2633 sanctum
3265 2579 3439 2633 virum

1860 2675 2223 2745 interrogavit
2254 2675 2397 2727 alius
2439 2689 2453 2726 :
2483 2673 2539 2726 Si
2573 2688 2656 2727 me
2683 2672 2885 2738 mittat,
2918 2674 3229 2726 venerande
3261 2670 3439 2737 Pater,

1862 2769 2033 2822 abbas
2067 2767 2133 2821 ad
2172 2765 2567 2826 ministerium,
2600 2779 2663 2817 ex
2715 2779 2826 2833 quo
2878 2780 2985 2817 non
3028 2765 3292 2817 mediocri
3348 2766 3444 2817 la:-

1862 2859 2017 2912 sione
2052 2856 2280 2918 afﬁcior,
2308 2856 2537 2925 iubente
2572 2854 2782 2923 regula.
2820 2854 3123 2923 parendum
3150 2870 3274 2909 esse
3308 2856 3443 2909 nihil

1865 2950 2242 3020 dijudicando,
2277 2950 2486 3015 nescio,
2526 2958 2711 3002 utrum
2745 2949 2877 3002 mihi
2912 2947 3314 3017 praeferendum
3349 2949 3441 3003 sit.

1865 3044 2174 3115 Respondit
2242 3042 2403 3097 Pater
2458 3058 2473 3095 :
2522 3060 2541 3093 ι
2583 3038 2831 3106 Obedite,
2900 3042 3077 3110 inquit
3124 3041 3445 3111 Apostolus,

177 3116 270 3167 οὖν
338 3123 683 3191 προτιμῆσαι
740 3125 849 3178 τῶν
885 3127 1213 3197 ἀμφοτέρων
1278 3129 1380 3180 οὐκ
1432 3122 1571 3181 οἶδα.
1607 3129 1668 3179 Ὀ
1706 3128 1756 3180 δὲ

183 3211 223 3230 η
304 3212 317 3230 ι
428 3214 451 3230 .
628 3217 673 3230 ν.
718 3218 759 3230 ...
836 3218 856 3230 .
1008 3222 1030 3230 -
1135 3223 1147 3230 .
1329 3224 1338 3230 .
1496 3223 1508 3230 .
1577 3222 1601 3230 _
1742 3224 1751 3230 .

1868 3139 2176 3209 praepositis
2213 3137 2439 3201 vestris,
2469 3144 2523 3192 et
2554 3136 2836 3205 subjacete
2853 3136 2953 3198 eis,
2989 3136 3093 3204 ipsi
3127 3136 3269 3189 enim
3319 3150 3401 3204 per
3423 3165 3442 3174 -

183 3211 367 3282 Πατὴρ
426 3214 568 3283 ἔφη·
628 3217 892 3270 Πείθεσθε
946 3222 1060 3281 τοῖς
1126 3223 1455 3291 ἡγουμένοις
1488 3222 1763 3291 ὑμῶνκαὶ

182 3306 461 3368 ὑπείκετε,
495 3308 652 3361 αὐτοὶ
684 3310 790 3379 γὰρ
823 3311 1197 3380 ἀγρυπνοῦσιν
1231 3313 1373 3384 ὑπὲρ
1413 3313 1524 3365 τῶν
1578 3313 1766 3384 ψυχῶν

180 3398 355 3464 ὑμῶν,
381 3400 461 3461 ὡς
490 3399 647 3468 λόγον
696 3402 1092 3467 ἀποδώσοντες,
1149 3407 1316 3473 φησὶν
1348 3408 1375 3457 6
1415 3406 1762 3468 Ἀποστόλος.

179 3489 372 3542 Τοίνυν
408 3493 573 3560 ἡμεῖς
613 3494 791 3546 πάντα
820 3495 887 3548 τὰ
916 3495 1013 3558 τῆς
1057 3496 1285 3567 καρδίας
1312 3498 1466 3563 ὑμῶν
1522 3496 1598 3567 τῷ
1623 3498 1767 3569 άὸὕᾷ

180 3583 740 3654 ἐξομολογησάμενοι,
788 3586 865 3654 τῷ
900 3588 1130 3656 κρίματι
1169 3587 1336 3640 αὑτοῦ
1362 3589 1420 3639 τὸ
1445 3591 1552 3641 πᾶν
1594 3607 1767 3643 κατα·-

181 3672 463 3742 λείᾴομεν.
500 3676 669 3729 Πάλιν
703 3676 797 3730 οὖν
829 3680 1013 3750 ἕτερος
1046 3676 1198 3732 εἶπεν
1226 3698 1240 3710 ·
1284 3680 1409 3733 Ἐάν
1468 3681 1615 3744 ἅπαξ
1670 3680 1766 3734 τοῦ

184 3767 334 3829 ἔτους
366 3770 707 3835 συγκαταϐὦ
762 3770 841 3840 τῷ
866 3771 1076 3842 σώματί
1108 3790 1210 3842 μου
1243 3775 1335 3825 καὶ
1363 3775 1766 3843 κρεωφαγήσω›

188 3858 260 3927 μὴ
286 3859 338 3909 τί
369 3877 503 3911 ποτε
538 3862 716 3927 ὲστίν;
762 3861 817 3914 Ὀ
840 3864 984 3927 ὅσιος
1026 3866 1334 3936 ἀπεκρίθη·
1372 3866 1477 3917 Καὶ
1511 3867 1559 3917 εἰ
1592 3869 1770 3918 πάντα

184 3954 270 4005 τον
334 3958 533 4023 χρόνον
594 3955 876 4023 ὑγιαίνων,
937 3959 995 4010 ὲν
1054 3960 1153 4028 μιᾷ
1225 3958 1343 4027 ὥρα
1401 3958 1767 4027 κρημνισθεὶς

187 4047 456 4116 κατεάξης
495 4048 555 4099 τὸ
613 4049 825 4114 σκέλος,
879 4049 928 4100 τί
977 4050 1147 4102 κακόν
1198 4050 1389 4113 ὲστιν;
1448 4048 1632 4101 Ταῦτα
1671 4048 1768 4101 καὶ

188 4140 407 4192 πλείονα
432 4139 646 4192 τούτων
668 4141 775 4192 ἀπὸ
804 4141 1033 4211 Γραφῶν
1064 4140 1449 4211 προὸαλὸντες,
1476 4140 1770 4209 ἠρώτησαν

188 4236 274 4286 καὶ
316 4233 455 4302 περὶ
486 4234 584 4301 τῆς
608 4233 703 4286 τοῦ
728 4234 1005 4287 Σαὸὅάτου
1031 4233 1304 4302 νηστείας.
1346 4232 1403 4284 'O
1422 4231 1477 4283 δὲ
1506 4231 1770 4299 σύντομον

188 4325 487 4393 ἀπόκρισιν
539 4323 789 4384 δεδωκὼς
828 4327 1033 4388 αὐτοῖς,
1077 4324 1367 4392 ἀπαλλάγη
1420 4322 1627 4375 εἰπών’
1669 4340 1688 4372 ι
1714 4323 1771 4373 'O

190 4416 382 4468 ἐσθίων
411 4417 509 4469 τον
577 4416 653 4484 μὴ
681 4415 930 4468 ἐσθίοντα
978 4415 1051 4484 μὴ
1078 4414 1449 4479 ἐξουθενείτω,
1488 4414 1583 4465 καὶ
1613 4414 1641 4464 6
1695 4412 1770 4482 μὴ

1869 3233 2097 3302 vigilant
2153 3232 2311 3300 quasi
2382 3231 2651 3284 rationem
2716 3243 2816 3297 pro
2876 3228 3167 3282 animabus
3245 3238 3441 3281 vestris

1869 3324 2139 3379 reddituri
2163 3324 2234 3375 ⁷⁸.
2274 3341 2292 3373 ι
2333 3319 2446 3376 Vos
2471 3321 2657 3391 igitur,
2688 3322 2781 3375 ubi
2843 3330 3025 3374 vestro
3082 3319 3264 3372 abbati
3314 3334 3443 3389 ape-

1870 3415 2094 3469 rueritis
2136 3412 2325 3467 omnia
2363 3412 2550 3465 cordis
2603 3410 2770 3464 vestri
2815 3424 3039 3475 arcana,
3070 3392 3279 3475 judicio
3327 3410 3447 3478 ejus

1872 3516 2043 3561 totum
2081 3505 2439 3576 permittatis.
2485 3503 2613 3557 Post
2671 3504 2785 3555 haec
2810 3502 2953 3556 alius
2984 3501 3119 3556 dixit
3147 3519 3160 3554 ε
3194 3500 3250 3554 Si
3278 3517 3372 3556 scn
3398 3503 3447 3553 r-i

1868 3616 1965 3670 per
1998 3608 2171 3653 totum
2200 3600 2329 3653 anni
2365 3597 2708 3651 curriculum
2743 3596 3025 3649 indulsero
3049 3596 3267 3665 corpori
3300 3612 3444 3650 lllLt‘.

1867 3699 1923 3747 et
1957 3704 2179 3746 carnem
2204 3688 2519 3752 comedero,
2575 3685 2706 3756 quid
2752 3687 2967 3740 tandem
3029 3686 3135 3739 hoc
3181 3686 3335 3738 erit?
3388 3685 3446 3736 lt

1872 3794 2101 3837 sanctus
2128 3781 2291 3835 Pater
2329 3796 2344 3833 :
2385 3778 2450 3831 Et
2476 3780 2520 3833 si
2559 3793 2653 3847 per
2683 3784 2855 3831 totum
2890 3784 3105 3842 tempus
3131 3777 3269 3829 bona
3291 3786 3397 3828 ιιῑυς
3427 3794 3449 3827 ς

1871 3874 2205 3935 valetudine.
2235 3886 2342 3925 una
2378 3870 2514 3923 hora
2550 3882 2796 3937 praeceps
2829 3866 2997 3921 cadas
3046 3876 3099 3919 et
3131 3883 3259 3919 crus
3297 3866 3413 3918 frs.»

1870 3982 1989 4037 gas,
2032 3966 2161 4032 quid
2186 3964 2313 4016 mali
2340 3963 2499 4017 erit?
2544 3961 2669 4014 Haec
2724 3968 2778 4013 ct
2834 3959 2989 4028 plura
3029 3958 3095 4012 de
3147 3958 3451 4027 Seriptuus

1870 4069 1993 4107 cum
2027 4051 2433 4120 qumivissent,
2466 4050 2878 4118 intcrrogarunt
2923 4048 3087 4101 etiam
3149 4049 3216 4101 de
3243 4049 3450 4116 jejuni»

1873 4143 2094 4198 Sabbati
2117 4142 2249 4211 (65).
2285 4141 2378 4194 Ille
2401 4155 2531 4194 vero
2562 4141 2707 4193 hrcvi
2738 4140 3105 4208 responsione
3134 4150 3448 4200 contentus,

1876 4238 1979 4291 hoc
2013 4235 2173 4288 modo
2203 4249 2265 4288 se
2298 4231 2597 4302 expedivit.
2637 4247 2656 4280 ι
2683 4228 2789 4295 Qui
2824 4230 3142 4293 manducat,
3174 4245 3279 4282 non
3303 4246 3424 4282 nu:-

1871 4328 2163 4382 ducantem
2196 4340 2304 4379 non
2348 4331 2607 4393 spernat;
2643 4333 2697 4376 ct
2728 4323 2821 4392 qui
2851 4337 2959 4375 non
2986 4325 3404 4387 Ittttntlucut,tt-r;'
3442 4353 3455 4361 -

1875 4421 2163 4474 ducantem
2193 4433 2299 4471 non
2319 4414 2525 4484 judicet
2550 4431 2564 4479 ;
2593 4414 2736 4468 Deus
2765 4416 2911 4467 enim
2939 4422 3206 4481 utrosque
3235 4431 3453 4466 assum--

192 4511 387 4562 ἐσθίων
423 4510 519 4561 τὸν
566 4508 820 4561 ἐσθίοντα
861 4508 936 4577 μὴ
954 4510 1211 4577 κρινέτω,
1236 4508 1265 4558 6
1289 4508 1420 4569 Θεὸς
1449 4509 1558 4574 γὰρ
1586 4507 1738 4575 ἁμφο

1878 4512 1985 4580 psit
2009 4511 2072 4563 ".
2122 4528 2140 4560 ι
2177 4508 2257 4562 Tu
2296 4516 2478 4561 autem
2507 4520 2679 4577 quare
2707 4505 2923 4574 judieas
2954 4504 3179 4557 fratrem
3230 4513 3383 4557 tuum
3433 4510 3461 4557 ζ’

190 4603 379 4670 τὲρους
406 4600 831 4669 προσελάϐετο.»
866 4601 935 4673 Σδὺ
962 4600 1017 4652 δὲ
1041 4600 1183 4652 διατί
1207 4598 1413 4667 κρίνεις
1438 4598 1526 4650 τὸν
1546 4597 1773 4664 ἀδελφόν

197 4710 279 4744 σου
307 4712 322 4757 ;
357 4693 488 4744 Εἴτε
523 4690 617 4743 οὖν
642 4690 895 4759 ἐσθίομεν
922 4693 1106 4762 ἡμεῖς,
1134 4691 1246 4743 εἴτε
1275 4691 1434 4759 ὑμεῖς
1460 4688 1772 4759 νηστεύετε,

198 4785 369 4835 πάντα
406 4785 492 4845 εἰς
536 4782 693 4847 δόξαν
724 4782 862 4834 Θεοῦ
896 4782 1181 4851 ποιοῦμεν.

265 4874 362 4938 (λζ’.
399 4875 466 4926 EE
502 4874 557 4926 δέ
581 4892 633 4925 τι
663 4874 1107 4941 ὲπιλαμὸάνεσθε
1155 4875 1337 4943 ἡμῶν,
1372 4872 1508 4924 διότι
1547 4872 1608 4923 τὸ
1632 4871 1762 4924 Σάϐ-

202 4966 358 5017 ϐατον
387 4966 449 5016 οὐ
478 4964 838 5033 νηστεύομεν,
870 4964 1094 5033 βλέπετε
1120 4966 1196 5035 μή
1226 4982 1338 5026 πως
1371 4963 1633 5033 εὑρεθῆτε
1656 4964 1769 5023 τοῖς

265 5150 310 5181 ⁷³
338 5149 493 5203 Psal.
528 5164 627 5210 vn,
659 5148 714 5203 5.
787 5147 837 5179 "
864 5145 997 5202 ibid.
1033 5144 1088 5199 9.
1166 5143 1213 5174 "
1251 5144 1395 5201 Psal.
1432 5161 1577 5207 χιιι,
1600 5145 1655 5199 5.

1731 5145 1774 5177 ⁷⁵
1800 5143 1963 5198 llebr.
2002 5159 2119 5205 xm,
2153 5144 2243 5197 i7.

1879 4602 2005 4655 Sive
2045 4601 2209 4668 igitur
2274 4600 2612 4653 comedimus
2667 4612 2789 4660 nos,
2858 4598 2976 4652 sive
3019 4596 3285 4665 jejnuatis
3336 4614 3451 4659 vos,

1877 4694 2061 4745 omnia
2096 4691 2149 4743 in
2185 4689 2278 4744 Dei
2302 4688 2532 4760 gloriam
2576 4689 2813 4758 agimus.

1957 4872 2045 4924 77.
2079 4869 2235 4935 Quod
2265 4868 2309 4923 si
2342 4868 2522 4923 adhuc
2550 4867 2975 4937 reprehenditis,
3009 4866 3154 4937 quod
3212 4868 3457 4922 Sabim“

1881 4975 1987 5014 non
2012 4959 2347 5029 jejunamus,
2387 4964 2596 5021 cavete,
2625 4972 2692 5010 ne
2714 4959 2919 5012 sanctis
2948 4954 3204 5010 Patribus
3261 4958 3459 5011 adiretur

2329 5145 2371 5176 "
2400 5140 2560 5198 Rom.
2585 5162 2699 5210 xw,
2724 5145 2781 5201 5.

1430 5268 1435 5273 ’
1511 5258 1774 5320 Joannis
1803 5256 1930 5318 Clei
1977 5264 2165 5318 notae.

269 5393 384 5462 (64)
420 5388 792 5459 Trapologica
814 5386 903 5441 illa
934 5386 1312 5457 interpretatio
1346 5396 1433 5442 est
1464 5402 1597 5441 sane
1615 5388 1780 5456 paulo

206 5464 417 5531 longius
450 5462 750 5514 accersita.

270 5526 384 5603 (ὃὸ)
444 5531 687 5603 Antiqua
724 5526 1015 5603 admodum
1055 5541 1138 5580 est
1163 5528 1215 5580 in
1235 5526 1496 5603 ΔΕριςιιξείε
1531 5528 1773 5603 dejeth-

208 5596 295 5657 nio
324 5596 553 5656 sabbati
596 5596 739 5652 inter
764 5598 1065 5652 Orientales
1120 5605 1173 5650 et
1228 5596 1608 5651 Occidentales
1642 5614 1774 5650 con-

211 5674 472 5727 troversia
512 5670 902 5727 contrariaque
938 5670 991 5721 in
1023 5667 1260 5720 diversis
1304 5667 1555 5721 CCClCSiiS
1582 5669 1774 5720 obser-

210 5746 409 5804 vantia,
447 5751 507 5793 ut
549 5755 613 5793 ex
643 5738 745 5791 SS.
808 5737 1080 5790 Ambrosii
1132 5746 1186 5790 et
1250 5737 1539 5805 Augustini
1602 5738 1771 5791 variis

211 5814 336 5867 locis
368 5815 563 5880 liquet.
599 5808 825 5878 Vigrbat
855 5809 907 5859 in
954 5806 1196 5861 Ecrlesia
1233 5806 1478 5859 Bonnam
1536 5822 1768 5860 consue-

1884 5388 2015 5441 tudo
2049 5388 2137 5440 die
2163 5386 2257 5439 illo
2279 5386 2566 5453 jejunandi
2586 5385 2695 5452 jam
2719 5400 2746 5437 a
2783 5384 2841 5440 S.
2883 5385 3153 5439 Ambrosii
3181 5394 3453 5455 tempore.

1886 5472 1998 5521 quo
2035 5472 2141 5509 non
2172 5467 2289 5510 erat
2314 5458 2603 5511 observata
2635 5458 2687 5508 in
2710 5454 3121 5517 Mediolanensi,
3141 5466 3197 5507 ut
3227 5454 3459 5509 testatur

1887 5526 1945 5579 S.
1977 5528 2317 5595 Augustinus
2351 5529 2515 5595 epist.
2584 5526 2684 5579 H8
2724 5528 2790 5579 ad
2838 5526 3183 5579 Januarioui.
3254 5525 3458 5579 Videre

1881 5597 1947 5647 ad
1994 5597 2107 5650 haec
2143 5606 2399 5664 passuut,
2435 5597 2642 5665 quibus
2682 5611 2822 5664 opus
2876 5609 2983 5651 est.
3037 5610 3158 5662 qum
3215 5595 3455 5664 disputat

1879 5669 2212 5787 guesuellus
2238 5667 2644 5723 Dissertationc
2694 5681 2745 5719 γι
2800 5668 2867 5721 ad
2899 5665 3074 5737 Opera
3134 5668 3191 5719 S.
3258 5666 3458 5719 Leonis

1934 5753 2080 5787 MIHI.

1934 5753 2080 5808 κειιι.
