4196 6430
149 399 232 460 13³1
1300 394 1473 453 VlTA
1524 391 1583 452 S.
1631 392 1793 453 NIIJ
1825 392 2211 454 JUNIORIS.

3269 393 3371 460 138

142 508 334 562 κλαίειν
394 506 489 560 καὶ
534 503 900 577 ἀποδύρεσθαι
929 520 942 536 ο
997 504 1252 575 πλήσασᾶ
1278 522 1334 557 τε
1365 504 1463 567 τὰς
1514 506 1699 573 χεῖρας

1811 503 1953 572 iusto
1987 502 2272 568 olIerebat,
2301 511 2521 571 putans,
2557 503 2713 558 illum
2760 503 2866 558 sibi
2907 502 3010 558 boc
3066 511 3223 573 pacto
3261 503 3381 572 pla-

160 597 345 667 ,ρυσίου
367 596 677 667 προσέφερε
716 594 794 663 τῷ
822 594 1353 664 δικαίῳ,νομίζουσα
1383 594 1470 645 διὰ
1503 592 1709 645 τούτων

142 689 283 741 αὑτὸν
312 686 734 753 ὲξιλεώσασθαι.
803 686 862 739 '0
896 685 952 738 δὲ
995 686 1166 748 ὅντως
1226 685 1445 755 ἀπαθής
1476 687 1706 749 ἐκεῖνος,

148 779 265 849 μήτε
287 781 404 841 τοῖς
426 778 660 847 δάκρυσι
689 777 789 844 τῆς
808 775 1071 843 ’γυναικὸς
1095 774 1540 844 κατακαμφθεὶς,
1569 776 1705 843 μήτε

144 870 207 939 τῷ
229 870 422 940 πλήθει
439 869 534 922 τοῦ
561 867 789 939 χρυσίου
818 850 1147 932 δελεασθεὶς,
1177 869 1314 936 μήτε
1337 866 1435 936 τὴν
1458 864 1706 929 ἐξουσίαν

143 960 300 1028 αὐτῆς
342 959 638 1023 αίδεσθεὶς,
686 957 986 1028 διαρρήξας
1043 957 1105 1009 τὸ
1161 955 1565 1025 καταπέτασμα
1610 953 1707 1007 τοῦ

144 1048 410 1111 κοιτῶνος,
434 1047 531 1099 καὶ
577 1048 651 1110 ὡς
667 1048 869 1119 δορκὰς
912 1047 1231 1118 ἐκπηδήσας
1276 1044 1473 1115 ᾤχετο,
1546 1045 1706 1099 τοῦτο

143 1140 513 1207 λογισάμενος,
548 1137 625 1200 ὠς
668 1138 830 1199 αὐτὸς
859 1138 1107 1208 είρηκεν,
1131 1138 1214 1189 ὅτι
1245 1133 1405 1201 Eine,
1437 1137 1623 1205 φησὶν,
1673 1135 1703 1188 ὁ

143 1230 405 1292 διὰὁολος·
452 1222 622 1291 Οὗτος
650 1231 679 1282 ὁ
720 1228 957 1298 μοναχὸς
1009 1228 1138 1298 χοῦς
1189 1231 1372 1280 ἐστιν·
1433 1226 1707 1297 ἐπιϐρέξω

144 1324 287 1378 αὑτὸν
332 1322 512 1383 ὕδατι,
538 1321 772 1390 δάκρυσι
801 1323 902 1389 τῆς
932 1318 1219 1387 γυναικὸς.
1256 1316 1351 1370 καὶ
1406 1317 1509 1388 ήδη
1562 1315 1704 1369 ποιῶ

147 1417 288 1470 αὐτὸν
325 1416 500 1485 πηλὸν
548 1412 644 1467 τοῦ
696 1410 1003 1465 τυποῦσθαι
1033 1413 1109 1475 ὡς
1138 1412 1205 1465 ἂν
1254 1407 1364 1478 ἐγὼ
1405 1409 1703 1480 βούλωμαι.

146 1506 313 1570 Οὕτως
344 1506 495 1577 ἔργῳ
537 1504 780 1575 ἐπλήρου
830 1501 912 1567 τὸ,
948 1522 965 1554 ι
996 1502 1219 1555 Γίνεσθε
1262 1500 1519 1572 φρόνιμοι
1548 1500 1624 1562 ὡς
1656 1500 1707 1553 οἱ

144 1599 297 1667 ὄφεις,
318 1596 768 1666 κα¹ιάκέραιοιὼς
788 1596 844 1648 αί
878 1593 1227 1667 περιστεραὶ,
1256 1610 1275 1645 ι
1316 1592 1515 1663 ὁμοίως
1539 1591 1596 1645 δὲ
1614 1592 1708 1645 καὶ

144 1690 195 1741 τὸ
220 1687 578 1742 ἀποστολικδν
599 1685 970 1758 παράγγελμα
992 1684 1074 1737 τό·
1098 1702 1117 1734 ι
1140 1684 1232 1753 Μὴ
1257 1682 1505 1737 κοινώνει
1526 1683 1708 1752 ἁμαρ-

143 1780 268 1841 τίαις
295 1779 637 1849 ἀλλοτρίαις.
665 1798 684 1829 ι
713 1778 823 1830 Καὶ
844 1777 965 1830 τότε
996 1776 1097 1846 μὲν
1122 1775 1311 1837 ὁόσιος
1344 1774 1706 1845 ὑπεχώρησεν

1810 602 1991 647 catum
2045 594 2294 649 reddere.
2332 591 2528 648 Verum
2562 594 2608 650 is
2637 595 2786 649 omni
2817 595 2977 664 plane
3028 594 3223 650 affectu
3283 610 3377 647 su-

1811 685 2015 753 perior,
2055 700 2154 738 nec
2176 685 2393 739 femina:
2435 686 2694 755 lacrymis
2725 686 2919 750 ﬂexus,
2956 701 3057 741 nec
3077 687 3193 746 auri
3222 687 3376 753 copia

1810 774 2054 837 illectus,
2092 789 2191 827 nec
2214 773 2592 827 dominantem
2622 773 2853 839 veritus,
2920 773 3174 844 disrupto
3226 775 3380 829 cubi-

1809 865 1917 919 culi
1950 867 2092 928 velo,
2126 880 2337 935 capreae
2367 865 2543 919 instar
2579 868 2846 921 exsiliens
2870 866 3080 931 effugit,
3141 867 3268 929 hoc,
3321 875 3381 919 ut

1810 956 1929 1027 ipse
1976 958 2219 1021 dicebat,
2249 972 2436 1013 secum
2496 966 2757 1027 reputans
2797 975 2812 1013 :
2873 958 3021 1012 Dixit
3076 958 3378 1013 diabolus:

1811 1044 1919 1101 Iste
1959 1048 2263 1103 monachus
2290 1057 2376 1102 est
2409 1047 2615 1118 pulvis,
2637 1048 2992 1105 madefaciant
3024 1049 3176 1105 illum
3215 1064 3379 1119 aqua,

1810 1135 2029 1191 feminae
2083 1139 2363 1208 lacrymis,
2391 1148 2446 1194 et
2480 1137 2709 1194 eﬂiciam
2754 1139 2951 1203 lutum,
2983 1150 3043 1193 ιιι
3069 1139 3381 1195 conforme-

1811 1232 1905 1279 tur
1934 1226 2067 1278 mihi
2097 1225 2164 1279 ad
2189 1227 2429 1281 libitum.
2466 1226 2543 1280 Ita
2588 1242 2648 1282 re
2714 1227 2830 1297 ipsa
2885 1228 3126 1295 implevit
3180 1228 3384 1282 dictum

1812 1318 1965 1378 illud,
2016 1334 2035 1368 ι
2074 1315 2263 1371 Estote
2293 1316 2597 1386 prudentes
2640 1318 2791 1372 sicut
2816 1328 3103 1388 serpentes
3157 1326 3211 1371 et
3247 1318 3385 1372 sim-

1813 1410 1983 1479 plices
2023 1410 2171 1465 sicut
2200 1409 2467 1464 columbae
2498 1410 2593 1473 ";
2643 1426 2661 1459 ι
2715 1420 2771 1465 et
2826 1409 3187 1480 apostolicum
3248 1425 3386 1477 prae-

1812 1512 2053 1571 ceptum,
2091 1519 2109 1552 ι
2142 1501 2221 1555 Ne
2246 1500 2745 1556 communicaveris
2781 1501 3024 1569 peccatis
3056 1500 3251 1555 alienis
3281 1499 3382 1553 ⁸ο.»

1813 1594 1878 1648 Et
1914 1601 2045 1647 tunc
2099 1593 2322 1662 quidem
2350 1597 2404 1646 in
2464 1608 2625 1647 suum
2664 1592 2756 1645 ille
2826 1594 3058 1645 secessit
3118 1603 3389 1647 monaste-

1812 1686 1978 1746 rium,
2022 1699 2126 1738 nec
2152 1684 2326 1738 multo
2362 1692 2487 1752 post
2521 1682 2837 1737 vaticinium
2889 1683 3009 1751 ejus
3066 1683 3224 1736 finem
3267 1699 3387 1738 sor-

1813 1776 2071 1830 tiebatur.
2096 1773 2341 1845 Namque
2378 1775 2557 1829 minor
2579 1774 2740 1829 dicta
2769 1775 3016 1828 mulieris
3043 1773 3186 1827 filius
3202 1774 3387 1828 studio

144 1873 213 1933 εἰς
234 1872 291 1923 τὸ
341 1873 712 1941 μοναστήριον
766 1865 953 1920 αὐτοῦ.
991 1868 1065 1920 Οὐ
1121 1867 1256 1920 πολῦ
1280 1866 1337 1919 δὲ
1360 1867 1421 1919 τὸ
1442 1868 1498 1919 ὲν
1532 1867 1702 1936 μέσῳ,

1812 1866 2117 1922 asciscendi
2154 1867 2259 1922 sibi
2298 1868 2672 1936 principatus,
2736 1866 3000 1934 majorem
3067 1867 3120 1918 in
3156 1866 3389 1920 ecclesia

143 1962 321 2024 καλείς
374 1961 532 2023 τέλος
592 1961 822 2029 ἐξήγετο
862 1962 896 2030 ή
933 1958 1099 2012 αὐτοῦ
1126 1959 1456 2031 πρόρρησις.
1503 1957 1564 2012 '0
1598 1959 1706 2029 γὰρ

148 2055 461 2123 μικρότερος
495 2054 611 2117 υίὸς
647 2054 745 2123 τῆς
772 2051 1060 2121 λεχθείσης
1095 2049 1246 2121 ζήλῳ
1268 2050 1369 2120 τῆς
1404 2052 1575 2123 ἀρχῆς
1613 2054 1705 2106 τὸν

148 2144 302 2213 μείζω
353 2149 414 2198 ὲν
468 2148 535 2216 τῇ
590 2144 864 2213 ἐκκλησίᾳ
928 2144 1372 2215 προσευχόμενον
1458 2144 1705 2213 μαχαίρᾳ

110 2286 119 2296 ,
142 2237 468 2307 κατέσφαξεν
492 2255 506 2267 ·
540 2239 749 2301 ἐκεῖνος
778 2237 835 2290 δὲ
863 2236 1027 2290 πάλιν
1057 2236 1163 2289 ὑπὸ
1194 2236 1289 2290 τοῦ
1306 2236 1416 2289 τῶν
1436 2236 1706 2307 Φράγκων

140 2328 284 2398 ρηγδς
315 2330 410 2382 διὰ
454 2330 553 2399 τὴν
597 2329 778 2381 αἰτίαν
828 2327 1035 2396 ταύτην
1083 2328 1368 2399 δεδεμένος
1425 2330 1700 2399 ἀπήγετο.

141 2421 235 2472 Καὶ
259 2421 451 2474 λοιπὸν
483 2422 634 2484 ἐντὸς
654 2408 837 2489 ὀλίγου
875 2423 1073 2491 χρόνου
1107 2422 1213 2484 πᾶς
1231 2423 1259 2473 ὁ
1289 2421 1505 2491 κόμπος
1528 2420 1707 2473 αὐτῶν

142 2513 398 2581 ἐξέλιπεν,
430 2514 525 2565 καὶ
570 2516 602 2583 ή
632 2511 851 2578 ἐξουσία
916 2512 1186 2567 ἀπώλετο.
1219 2514 1331 2567 Καὶ
1378 2513 1452 2584 μή
1482 2530 1564 2578 τις
1599 2513 1708 2566 τῶν

142 2607 301 2657 πάντα
370 2605 652 2674 εὐτόλμων
706 2606 974 2676 ἀπήνειαν
1045 2605 1140 2658 τοῦ
1200 2606 1416 2676 Πατρδς
1449 2608 1528 2668 εἰς
1579 2605 1709 2668 τοὺς

142 2694 544 2763 ἁμαρτάνοντας
606 2695 1090 2761 καταγινωσκὲτω.
1122 2693 1379 2763 Ζηλωτὴς
1408 2691 1517 2762 γὰρ
1535 2688 1708 2762 ἦνκείς

139 2783 490 2853 τὸέκδικῆσαι
519 2784 611 2835 τὸν
663 2786 828 2853 νόμον
885 2785 1115 2853 Κυρίου,
1168 2784 1423 2854 καθάπερ
1458 2784 1648 2846 Ἠλίας
1676 2786 1705 2837 ὁ

140 2880 433 2945 προφήτης,
469 2875 677 2939 οὗτινος
727 2882 821 2929 καὶ
860 2877 950 2929 τδν
1000 2878 1330 2945 χαρακτῆρα
1391 2877 1493 2945 τῆς
1528 2877 1707 2945 ὂψεως

141 2966 446 3034 ἐπεφέρετο.
479 2969 588 3021 Καὶ
640 2968 796 3020 τοῦτο
846 2969 905 3021 οὐ
957 2970 1118 3037 μόνον
1149 2972 1206 3021 ὲν
1238 2973 1351 3027 τοῖς
1378 2969 1580 3034 ἔξωθεν
1612 2972 1709 3024 καὶ

143 3059 373 3125 μηδὸλως
426 3061 820 3128 προσήκουσιν,
875 3060 1012 3112 ἀλλὰ
1084 3061 1177 3112 καὶ
1210 3064 1265 3112 ἐν
1304 3064 1416 3123 τοῖς
1455 3061 1707 3131 δοκοῦσιν

142 3150 345 3215 ίδιάζειν
370 3152 525 3221 αὑτῴ
549 3152 690 3203 κατὰ
717 3151 915 3221 σάρκα,
938 3152 1108 3204 καὶέν
1134 3155 1245 3213 τοῖς
1266 3152 1429 3205 αὑτοῦ
1465 3154 1707 3222 μέλεσιν·

1808 1966 2057 2013 orantem
2085 1958 2232 2012 ferro
2258 1958 2556 2028 jugulavit,
2573 1965 2629 2011 et
2656 1958 2773 2026 ipse
2794 1957 2864 2010 ob
2888 1956 3133 2010 eamdem
3166 1971 3387 2009 causam

1810 2067 1840 2105 a
1869 2065 1998 2120 rege
2028 2050 2367 2103 Francorum
2404 2048 2626 2102 vinctus
2656 2046 2962 2101 ducebatur
3006 2046 3146 2117 (70).
3206 2044 3391 2111 Quare

1811 2142 1956 2195 intra
1992 2141 2268 2195 modicum
2295 2147 2513 2210 tempus
2547 2138 2727 2194 omnis
2750 2154 2940 2194 eorum
2974 2138 3150 2193 fastus
3168 2140 3393 2192 evanuit

1810 2240 1863 2289 et
1893 2240 2216 2303 potentatus
2249 2231 2517 2300 disperiit.
2558 2229 2670 2284 Nec
2698 2246 2827 2285 vero
2866 2230 3158 2300 quisquam
3189 2246 3254 2285 ex
3311 2232 3385 2287 iis

1812 2322 1909 2391 qui
1940 2322 2180 2376 audaces
2211 2323 2275 2373 ad
2294 2321 2482 2376 omnia
2504 2331 2654 2383 sunt,
2682 2319 2898 2375 Patrem
2931 2329 3177 2386 accuset,
3223 2324 3382 2392 quasi

1811 2414 1867 2469 in
1900 2423 2218 2484 peccantem
2248 2413 2603 2468 severiorem.
2658 2412 2794 2466 Nam
2852 2412 2899 2466 is
2960 2414 3076 2468 zelo
3130 2414 3393 2481 agebatur

1810 2504 2027 2560 tuendae
2056 2505 2192 2575 legis
2225 2504 2466 2568 Domini,
2506 2503 2648 2558 sicut
2700 2505 2965 2573 pmpheta
2999 2506 3146 2559 Elias
3175 2521 3190 2570 ;
3233 2507 3392 2575 cujus

1811 2598 1980 2652 etiam
2016 2596 2437 2651 similitudinem
2491 2596 2651 2650 faciei
2687 2595 2961 2650 referebat
3005 2612 3019 2648 :
3071 2596 3236 2666 idque
3283 2614 3392 2652 non

1813 2690 1989 2747 solum
2032 2689 2088 2744 in
2131 2698 2428 2742 extraneos
2477 2697 2529 2742 et
2556 2688 3036 2758 consanguinitate
3067 2703 3176 2742 non
3229 2691 3396 2744 alliu-

1813 2789 2026 2848 gentes,
2060 2780 2158 2835 sed
2191 2780 2246 2833 in
2280 2794 2376 2833 eos
2400 2779 2587 2843 etiam,
2635 2780 2733 2849 qui
2760 2778 3087 2834 videbantur
3119 2781 3395 2849 pertinere

1814 2874 1880 2927 ad
1920 2873 2099 2941 ipsum
2123 2872 2247 2941 jure
2274 2871 2457 2926 carnis
2494 2880 2548 2925 et
2576 2870 2629 2924 iu
2678 2886 2776 2924 sua
2837 2873 3084 2927 membra
3120 2891 3133 2926 :
3181 2883 3391 2926 tantum

1815 2964 2021 3034 quippe
2058 2963 2259 3017 eratin
2291 2977 2423 3016 suos
2452 2963 2602 3016 omni
2634 2961 2834 3015 aﬂectu
2904 2963 3063 3027 liber,
3125 2973 3392 3032 quantum

1811 3056 2085 3125 exemplo,
2115 3054 2259 3124 quod
2292 3053 2673 3122 subjiciemus,
2710 3056 2934 3123 planum
2976 3055 3066 3110 fiet
3102 3074 3117 3109 :
3153 3058 3394 3111 narrabo

1816 3149 1965 3201 enim
2023 3155 2077 3199 et
2111 3146 2214 3199 hoc
2271 3144 2337 3198 ad
2392 3144 2690 3213 legentium
2745 3146 3016 3223 caqtelam
3065 3157 3120 3201 et
3199 3162 3389 3203 eorum

138 3243 542 3313 dzpoartdeeuv
570 3242 681 3313 γὰρ
712 3244 845 3314 πρὸς
866 3245 991 3306 τοὺς
1011 3244 1244 3307 οίκείους
1283 3243 1462 3314 ἑαυτῷ
1508 3243 1706 3296 τοσαύ-

1811 3239 2269 3297 emendationem,
2303 3235 2397 3305 qui
2433 3235 2719 3289 imitantur
2756 3236 2862 3291 Eli.

137 3344 224 3403 τήν
247 3338 537 3406 ἐκέκτητο,
576 3338 708 3407 ὅσην
742 3337 1012 3402 ἀποδείξει
1043 3340 1099 3390 τὸ
1128 3336 1547 3408 λεχθησόμενον.
1589 3337 1732 3408 Ἐρῶ
1762 3336 1819 3388 δὲ
1858 3334 1953 3387 καὶ
1990 3329 2151 3385 τοῦτο
2176 3329 2311 3399 πρὸς
2342 3330 2642 3398 ἀσφάλειαν
2668 3330 2774 3383 τῶν
2805 3331 3261 3401 ἐντυγχανόντων,
3295 3333 3393 3386 καὶ

136 3431 413 3502 διόρθωσιν
444 3435 559 3484 τῶν
599 3432 690 3485 τὸν
728 3434 877 3487 Ἠλεὶ
905 3435 1285 3504 μιμουμένων.
1510 3489 1516 3495 ,

195 3521 300 3590 πβ’.
326 3523 461 3585 Υίδς
491 3522 595 3589 τῆς
622 3523 713 3575 τὸν
751 3525 1022 3593 μακάριον
1050 3526 1439 3595 ἀναθρεψάσης
1467 3525 1704 3595 ἀδελφῆς

136 3611 283 3663 αὑτοῦ
308 3612 565 3681 ὑπῆρχεν
598 3616 655 3666 ὲν
680 3616 746 3684 τῇ
813 3617 976 3683 μονῇ,
1037 3614 1359 3683 ἀδελφότητι
1408 3614 1712 3668 συνασκού-

138 3722 305 3771 μενος,
338 3706 465 3757 λίαν
508 3708 739 3775 εὐφυὴς,
761 3707 856 3759 καὶ
891 3706 1011 3757 κατ’
1051 3707 1341 3777 ἀμφότερα
1374 3707 1705 3777 ἐπιτήδειος.

134 3789 279 3855 Οὗτος
309 3796 520 3848 ὁδεύων
542 3795 672 3847 ποτὲ
699 3797 839 3862 μετὰ
874 3796 1141 3864 ἀδελφῶν,
1167 3799 1261 3849 καὶ
1302 3798 1585 3867 ἀργυροῦν
1608 3796 1710 3866 βα-

134 3886 331 3946 στάζων
345 3886 793 3954 δισκοποτήριον,
811 3887 1030 3956 ὲνέτυχε
1045 3886 1119 3940 διε
1129 3888 1381 3961 ιδεστάτῃ
1398 3889 1714 3958 πηγῇ.Βου-

133 3972 391 4043 ληθέντων
425 3976 615 4027 τοίνυν
632 3978 776 4026 πιεῖν
809 3977 871 4026 ὲκ
902 3976 992 4028 τοῦ
1019 3977 1234 4042 ὕδατος,
1266 3978 1429 4041 αὐτὸς
1453 3976 1706 4030 ὶκόαλὼν

132 4067 183 4118 τὸ
214 4066 365 4133 ἅγιον
390 4068 679 4137 ποτήριον,
700 4069 791 4119 καὶ
813 4066 1118 4137 λιμόισθεὶς
1138 4072 1203 4139 τῇ
1238 4070 1504 4140 μετάλλου
1537 4071 1709 4123 καθα-

134 4156 496 4226 ρότητι,ἔπιον
530 4155 647 4225 μετ’
664 4155 830 4209 αὑτοῦ
863 4156 1265 4220 πάντες.Τοῦτο
1293 4158 1451 4226 γνοὺς
1479 4160 1506 4210 ὁ
1526 4159 1708 4228 μακά-

138 4249 360 4316 ριος,καὶ
392 4247 609 4319 σφόδρα
639 4247 915 4316 θυμωθεὶς
940 4249 1062 4301 κατ’
1094 4248 1384 4314 αὐτοῦ,καὶ
1405 4251 1707 4304 πολλὰὲπι-

131 4340 358 4408 τιμήσας
378 4339 898 4409 αὐτῷ,ἁπεστράφη
925 4340 1090 4392 αὐτὸν
1117 4341 1278 4410 μέχρι
1299 4343 1393 4394 καὶ
1419 4342 1712 4410 συντυχίας

131 4430 305 4499 αὐτῆς.
346 4432 414 4483 Ἦ
440 4431 503 4484 δὲ
535 4430 858 4501 ἀποστροφὴ
876 4430 1041 4484 αὑτοῦ
1071 4427 1140 4502 ἦν
1163 4432 1238 4495 ὡς
1270 4411 1711 4502 ἀπαλλοτρίωσις

130 4518 269 4581 Θεοῦ,
308 4522 459 4593 ὑπὲρ
517 4520 715 4589 passm
740 4522 834 4571 καὶ
868 4522 1112 4590 μάστιγα
1141 4520 1552 4591 σωφρονίζουσα
1582 4524 1711 4583 τους

2502 3449 2531 3482 κ

1884 3517 1976 3574 82.
2009 3514 2142 3570 Erat
2174 3516 2230 3569 in
2261 3514 2596 3571 monasterio
2635 3515 2703 3570 de
2729 3524 2957 3570 numero
2985 3515 3215 3572 fratrum
3236 3534 3393 3572 soro-

1814 3614 1895 3667 ris
1927 3623 1980 3667 et
2003 3610 2246 3664 nutritize
2281 3611 2422 3660 beati
2462 3610 2561 3660 viri
2598 3608 2765 3669 ﬁlius,
2798 3609 3065 3676 elegantis
3094 3608 3387 3663 admodum

1813 3704 2017 3774 ingenii
2043 3712 2097 3756 et
2125 3702 2180 3754 in
2209 3701 2481 3754 utramvis
2515 3711 2722 3769 partem
2758 3710 2939 3769 aptus.
2975 3699 3072 3755 Hic
3094 3702 3391 3768 aliquando

1814 3812 1937 3850 cum
1961 3796 2062 3850 iter
2089 3793 2295 3848 faceret
2312 3808 2440 3846 cum
2464 3791 2728 3846 fratribus
2750 3802 3131 3863 etargenteum
3159 3794 3389 3851 calicem

1820 3888 2009 3954 ferret,
2049 3884 2318 3940 inciditin
2353 3885 2556 3939 fontem
2616 3884 3086 3953 limpidissimum,
3152 3900 3391 3956 cumque

1818 3994 2016 4049 aquam
2048 3977 2272 4031 haurire
2301 3977 2367 4029 ad
2425 3975 2723 4029 bibendum
2778 3976 3000 4037 vellent,
3051 3976 3139 4029 ille
3172 3993 3389 4031 sacrum

1817 4069 2040 4123 calicem
2093 4067 2327 4137 protulit
2365 4074 2419 4120 et
2459 4066 2753 4119 immodica
2796 4067 2992 4119 nitoris
3033 4069 3235 4121 metalli
3291 4086 3387 4122 vo-

1821 4163 2027 4230 luptate
2063 4174 2254 4213 omnes
2286 4157 2496 4228 abrepti
2523 4154 2579 4211 in
2610 4172 2674 4211 eo
2702 4157 2977 4211 biberunt.
3009 4156 3165 4224 Quod
3199 4161 3390 4215 beatus

1816 4252 1899 4305 vir
1926 4266 2052 4306 cum
2084 4250 2429 4315 rescivisset,
2493 4251 2574 4304 ira
2611 4251 2665 4303 in
2702 4249 2856 4303 illum
2911 4256 3117 4304 exarsit
3162 4262 3214 4305 et
3270 4266 3392 4321 post

1814 4343 2015 4397 multas
2043 4342 2451 4410 increpationes
2482 4341 2556 4395 ita
2594 4342 2747 4395 illum
2786 4354 3072 4396 aversatus
3110 4355 3216 4409 est,
3247 4353 3387 4397 utne

1811 4436 2184 4503 alloqueretur
2212 4434 2458 4503 quidem.
2496 4434 2785 4488 Aversatio
2807 4448 2971 4502 porro
2996 4437 3117 4501 ejus
3164 4438 3389 4504 perinde

1812 4535 1932 4580 erat
1963 4535 2127 4594 atque
2158 4525 2256 4579 Dei
2293 4526 2532 4589 aversio,
2602 4541 2706 4595 qua
2761 4526 3060 4595 prudentes
3116 4529 3390 4582 cautiores

131 4592 443 4680 txégpovac.
498 4612 559 4663 Ὀ
583 4610 639 4664 δὲ
661 4610 889 4678 ἀδελφὸς
922 4614 987 4680 τῇ
1018 4611 1162 4682 λύπῃ
1189 4612 1288 4681 τῆς
1331 4612 1704 4682 ἐπιτιμήσεως

1814 4592 2183 4670 reddebantur
2258 4631 2423 4685 quam
2466 4592 2663 4670 baculo
2723 4592 2777 4671 et
2832 4618 3064 4671 scutica.
3127 4618 3218 4669 llle
3260 4635 3389 4673 vero

132 4701 425 4771 συσχεθεὶς,
458 4701 560 4755 καὶ
595 4704 662 4772 τῇ
696 4703 1015 4772 ἀποστροφῇ
1055 4702 1149 4755 τοῦ
1212 4704 1427 4774 Πατρὸς
1463 4720 1702 4757 καταπο-

194 4862 236 4894 ⁷²
278 4863 478 4915 Matth.
514 4877 567 4915 ς.
609 4858 689 4911 ίϐ.
769 4860 815 4891 ⁸³
853 4860 868 4913 1
908 4858 1051 4914 Tim.
1088 4861 1256 4925 v.22.

1814 4707 1983 4764 frater
2014 4709 2671 4779 mteroreincrepationis
2716 4723 3017 4779 oppressus
3041 4718 3097 4763 et
3164 4724 3383 4766 aversa-

1439 4961 1704 5025 Joannis
1736 4964 1859 5026 Clei
1894 4971 2087 5027 noue.

189 5062 295 5129 (70)
345 5058 461 5112 Leo
498 5058 777 5111 Ostiensis
804 5059 1053 5113 Chronici
1092 5061 1186 5113 lib.
1221 5074 1279 5121 It.
1319 5076 1441 5129 cap.
1482 5063 1569 5126 10,
1610 5064 1706 5116 lia-

130 5134 227 5193 bet,
260 5147 383 5198 qua:
420 5132 539 5182 huc
571 5138 822 5195 spectant
852 5132 1136 5196 sequuntia
1171 5145 1185 5180 :
1229 5149 1247 5180 ι
1282 5130 1543 5186 Praedicta
1577 5150 1702 5187 vero

127 5206 326 5260 Aloara,
352 5214 489 5255 eum
547 5199 779 5250 vixisset
807 5200 857 5250 iu
889 5200 1099 5253 honore
1138 5215 1239 5254 suo
1291 5203 1449 5255 annis
1477 5205 1702 5257 circiter

132 5289 236 5333 rm,
265 5269 503 5339 reliquit
544 5267 599 5319 in
632 5268 937 5336 principatu
974 5270 1141 5322 lilium
1172 5270 1699 5337 Landeuulfum,qui

132 5350 239 5407 post
268 5352 521 5408 quatuor
558 5352 779 5408 menses
808 5355 834 5388 ιι
865 5340 1195 5403 quibusdam
1242 5340 1555 5394 infidelibus
1584 5344 1699 5396 suis

128 5414 385 5479 Capuanis
422 5407 736 5479 Crudeliter
766 5409 988 5479 occisus
1022 5417 1106 5461 est
1141 5411 1283 5476 apud
1308 5412 1598 5463 ecclesiam
1637 5411 1694 5464 S.

129 5476 377 5546 Marcelli,
412 5480 548 5549 ipsa
564 5476 759 5549 quinta
796 5477 929 5549 feria
960 5490 1160 5531 sam-tae
1188 5480 1429 5535 Pasclne.
1453 5481 1519 5533 ad
1537 5496 1697 5549 quam

129 5557 185 5607 de
232 5566 383 5604 inore
428 5545 739 5616 principali
775 5546 1019 5611 ejusdem
1056 5548 1299 5601 civitatis
1367 5545 1568 5603 eadem
1614 5554 1702 5604 die

128 5615 490 5690 processerat.
544 5615 1191 5690 t_In_sequentibus,_ubi
1236 5620 1302 5670 de
1329 5621 1534 5686 punitis
1601 5622 1702 5673 bo-

132 5684 332 5745 inicndis
375 5688 521 5759 agit,
560 5684 868 5759 baidnll‘um
909 5688 1049 5759 inter
1079 5688 1204 5759 illos
1237 5684 1343 5759 non
1381 5699 1702 5759 computat;

134 5774 180 5812 at
204 5755 545 5831 cap.15,si_c
584 5755 1285 5831 loquiturresupradictus
1320 5755 1705 5831 itaque-iume—

135 5823 439 5890 ηωςόιιυ,
478 5827 741 5895 deposito
798 5823 1117 5881 Laidulfo...
1168 5836 1233 5899 et
1295 5823 1436 5887 ultra
1492 5823 1708 5884 montes

483 5924 759 5983 PantoL.
806 5919 920 5979 Gn.
955 5916 1144 5981 CXX.

1810 5067 2089 5129 exsiliato,
2111 5081 2176 5120 eo
2206 5063 2350 5134 quod
2400 5063 2458 5119 in
2491 5079 2623 5117 nece
2659 5063 2845 5117 fratris
2906 5066 2991 5119 sui
3032 5067 3385 5121 consensisse

1811 5133 2512 5196 dicebatur,Ademario...
2579 5133 2901 5199 Capuanum
2959 5135 3184 5187 tradidit
3235 5140 3381 5200 priu-

1812 5208 2076 5273 cipatum.
2122 5224 2140 5256 ι
2185 5204 2284 5258 Hic
2321 5205 2582 5256 nimirum
2612 5205 2801 5270 liquet,
2840 5205 3149 5257 submissos
3193 5208 3385 5259 verisi-

1812 5277 1996 5329 milius
2035 5276 2206 5329 fuisse
2244 5291 2271 5326 ιι
2328 5273 2603 5334 Laidulfo,
2641 5274 2732 5341 qui
2786 5274 3008 5326 fratrem
3043 5275 3384 5338 occiderent.

1812 5357 1868 5399 at
1923 5348 2066 5399 hunc
2117 5346 2340 5412 proprio
2398 5344 2519 5408 eius
2592 5358 2722 5395 ense
2765 5342 2986 5411 ictuque
3022 5344 3381 5407 trucidatum,

1812 5432 1921 5469 non
1959 5425 2183 5483 apparet
2241 5414 2376 5467 satis
2411 5412 2700 5483 credibile.
2756 5427 2881 5465 cum
2943 5428 3050 5483 non
3106 5413 3379 5477 videatur,

1814 5488 1865 5539 id
1924 5481 2097 5539 latore
2174 5487 2424 5553 potuisse
2482 5482 2764 5548 llugonem
2828 5481 3228 5545 marcliionem,
3281 5502 3383 5536 cu-

1809 5557 1900 5624 jus
1950 5557 2108 5624 jussu
2182 5552 2429 5624 instituta
2488 5568 2654 5617 super
2716 5553 3016 5606 homicidio
3077 5552 3177 5624 illo
3224 5566 3382 5619 qub-

1816 5621 2015 5688 suone,
2043 5639 2137 5678 sex
2186 5640 2217 5677 e
2283 5623 2432 5676 furca
2503 5637 2843 5690 suspensos.
2873 5631 3098 5675 caeteros
3148 5621 3383 5677 diversis

1811 5697 1989 5763 pugnis
2052 5699 2313 5748 multatos
2354 5693 2550 5747 scribit
2606 5689 2738 5744 ’Leo
2799 5689 3158 5757 Marsicanus,
3215 5692 3385 5747 citato

1809 5782 1930 5835 cap.
1976 5764 2063 5818 10.

3032 5912 3065 5971 5
