4196 6430
176 411 272 477 HI
1332 420 1509 479 \‘lTA
1552 417 1614 478 S.
1656 416 1814 475 NILI
1854 415 2241 475 JUNIORIS.

3348 422 3447 487 142

169 536 343 589 Τοῦτο
406 535 689 605 πεποίηκα
740 538 892 605 ὑμῖν,
955 536 1041 589 ἶνα
1094 534 1295 602 διδάξω
1340 539 1487 608 ὑμᾶς
1527 539 1752 607 ἀγαπᾷν

1867 551 2087 599 sensus,
2146 537 2262 590 haec
2314 536 2567 593 doctrina
2607 547 2726 594 erat
2770 539 2943 596 beatae
3002 543 3279 599 memoria:
3339 544 3447 609 Nili

167 630 314 698 ἔργῳ
344 628 476 691 τοὺς
509 629 758 700 ἐχθροὺς,
788 630 885 683 καὶ
910 629 1103 693 ἀπλῶς
1158 632 1334 683 ποιεῖν
1364 632 1479 694 τοῖς
1508 630 1754 700 ἐπηρεά-

168 716 382 785 ζουσιν⁹
420 720 604 791 ὑμᾶς’
661 723 849 775 καὶτὸ
905 722 1086 775 πάντα
1153 720 1408 792 κατύχειν
1454 721 1531 784 ὡς
1590 720 1756 791 μηδὲν

167 811 414 880 ἔχοντας,
445 813 627 877 καθὼς
658 815 719 866 τὸ
738 814 1075 882 Εὑαγγέλιον
1095 813 1188 868 καὶ
1218 818 1244 868 6
1262 814 1587 875 ’Δπὸστολος
1608 815 1758 883 ἡμᾶς

167 902 609 957 ὲκόιδάσκουσιν.
656 904 717 959 Ὀ
755 904 854 974 μὲν
889 903 985 957 οὖν
1022 905 1337 975 μακαρίτης
1371 903 1563 975 Πατὴρ
1594 903 1756 973 ήμῶν

166 993 360 1057 Neue;
417 995 591 1049 ταῦτα
647 998 867 1067 ἐφρόνει
905 1014 961 1050 τε
1013 998 1107 1049 καὶ
1161 997 1467 1064 ἐδίδασκεν,
1532 996 1621 1050 ἀεὶ
1665 995 1762 1049 ἐπὶ

1867 628 2045 682 Patris
2082 628 2281 693 nostri,
2315 630 2409 698 qui
2462 630 2746 687 beatorum
2786 640 2841 689 et
2907 635 3444 705 sapientissimorum

1864 718 2154 772 doctorum
2193 721 2504 777 sententias
2562 723 2616 776 in
2669 740 2762 779 ore
2832 740 3051 797 semper
3104 727 3341 785 habebat
3390 742 3451 789 et

1867 813 2021 866 omni
2053 820 2253 865 conatu
2307 812 2681 878 adnitebatur,
2733 828 2792 871 ut
2846 819 3253 891 dictum,opere
3305 839 3449 892 pra:-

1869 910 2045 959 staret
2076 912 2130 957 et
2156 904 2303 973 quod
2337 906 2757 974 addiscebatur,
2805 913 3154 980 prudentiam
3208 924 3448 984 pareret,

1868 1006 1922 1051 et
1952 998 2096 1050 actio
2129 998 2325 1052 similis
2359 1011 2503 1054 esset
2533 1000 2891 1056 institutioni.

170 1086 444 1155 στόματος
498 1088 683 1158 φέρων
737 1088 838 1151 τὰς
897 1089 1129 1158 χρήσεις
1171 1087 1282 1140 τῶν
1335 1088 1631 1159 μακαρίων
1657 1087 1756 1143 καὶ
1794 1087 1976 1155 σοφῶν
2006 1087 2373 1153 διδασκάλων,
2399 1092 2641 1164 παντοίῳ
2667 1086 2743 1146 τε
2792 1095 2983 1167 τρόπῳ
3044 1099 3450 1170 ἀγωνιζόμενος

166 1180 313 1248 ἔργῳ
350 1182 637 1244 ἀποδεῖξαι
670 1180 761 1234 τὸν
789 1180 971 1250 λόγον,
1005 1183 1100 1235 καὶ
1124 1181 1225 1252 τὴν
1266 1182 1527 1252 μάθησιν,
1559 1182 1850 1253 φρόνησιν,
1881 1182 1977 1234 καὶ
2006 1181 2103 1252 τὴν
2129 1182 2329 1252 πρᾶξιν
2361 1184 2501 1238 κατά
2528 1186 2626 1257 τὴν
2651 1187 2877 1254 δίδαξιν.

234 1275 339 1327 τπδ’.
378 1277 453 1328 Οὐ
473 1277 635 1345 μόνον
657 1277 713 1331 δὲ
742 1279 961 1343 ἑαυτὸν,
995 1278 1131 1332 ἀλλὰ
1160 1281 1255 1332 καὶ
1293 1281 1420 1343 τοὺς
1448 1280 1569 1351 μετ’
1593 1279 1763 1334 αὐτοῦ

164 1367 336 1430 οὓτως
396 1369 760 1437 ὲφωταγώγει
811 1369 911 1423 καὶ
961 1368 1173 1440 ἧλιξεν,
1231 1370 1449 1425 ἁκούων
1495 1370 1649 1441 παρά
1669 1370 1762 1424 τοῦ

1943 1279 2031 1333 84.
2058 1280 2170 1335 Nec
2202 1298 2261 1336 se.
2287 1282 2467 1352 ipsum
2501 1286 2899 1351 tantummodo,
2959 1287 3056 1342 sed
3109 1305 3237 1345 suos
3283 1295 3447 1348 etiam

1870 1371 2074 1440 pariter
2106 1373 2316 1428 lumine
2340 1375 2604 1444 implebat
2636 1383 2692 1430 et
2722 1377 2835 1430 sale
2867 1379 3185 1445 eondiebat,
3217 1385 3450 1439 audiens

167 1462 445 1530 Σωτῆρος,
471 1463 553 1515 ὅτι
593 1480 613 1513 ε
640 1463 827 1533 ’Υμείς
861 1465 989 1516 ὲστε
1027 1464 1090 1515 τὸ
1124 1463 1257 1527 ἃλας
1287 1464 1387 1533 τῆς
1412 1464 1540 1534 γῆς,
1587 1464 1681 1517 καὶ
1702 1464 1753 1517 τί

1866 1478 1895 1517 a
1933 1463 2239 1532 Salvatore,
2272 1486 2290 1518 ι
2326 1467 2432 1523 Vos
2456 1470 2591 1525 estis
2625 1470 2706 1525 sal
2735 1479 2895 1525 terrae
2919 1482 2971 1552 et
2999 1474 3090 1528 lux
3121 1477 3313 1530 mundi
3343 1477 3444 1532 ³⁸.»

166 1555 277 1619 τῶς
340 1554 440 1606 τοῦ
479 1555 714 1623 κόσμου.
759 1573 777 1606 ι
819 1555 1091 1619 Πολλάκις
1133 1557 1244 1625 γὰρ
1287 1557 1342 1610 εί
1392 1573 1497 1609 που
1527 1556 1760 1627 ηὕρισκε

168 1645 363 1715 χρῆσιν
396 1646 429 1716 ἢ
458 1645 708 1718 γνώμην,
741 1648 852 1701 εἴτε
875 1650 1175 1718 τροπάριον
1208 1652 1271 1701 ὲκ
1322 1648 1433 1702 τῶν
1491 1647 1757 1713 κανόνων,

166 1736 514 1807 κατόρθωσιν
547 1738 714 1809 ἧθους
740 1739 1086 1803 διδάσκοντα,
1121 1737 1603 1811 προσκαλούμενος
1632 1739 1759 1801 τοὺς

1867 1555 2023 1629 Smpe
2064 1561 2206 1613 enim
2242 1559 2329 1613 ubi
2367 1560 2423 1616 in
2456 1564 2685 1626 dictum,
2720 1573 2814 1617 aut
2859 1568 3185 1621 sententiam
3225 1569 3453 1625 incidis-

1862 1661 1969 1713 set,
2023 1653 2197 1705 autin
2226 1655 2507 1709 modulum
2567 1671 2633 1710 ex
2666 1656 2873 1712 ()tliciis
2943 1668 3288 1725 sanctorum,
3340 1680 3450 1734 quo

1860 1741 1928 1795 ad
1961 1744 2317 1814 corrigendos
2349 1762 2532 1802 mores
2570 1748 2780 1817 aliquid
2810 1751 3213 1820 contineretur,
3252 1754 3449 1812 fratres

166 1829 431 1896 6637.970);
482 1830 674 1900 ὥσπερ
724 1831 847 1885 τινὰ
905 1830 1110 1902 κλῆρον
1157 1830 1387 1883 διεδίδου
1433 1830 1621 1893 αὐτοῖς
1655 1831 1751 1884 τοῦ

1859 1834 2161 1888 advneabat
2199 1845 2254 1891 et
2312 1837 2473 1905 quasi
2534 1838 2936 1893 haareditariam
2974 1844 3284 1911 portionem
3334 1845 3451 1901 (lis-

166 1923 560 1990 ἀποστηθίζειν
608 1923 783 1975 αὑτά·
818 1924 931 1985 τοῖς
995 1924 1095 1992 μὲν
1155 1921 1407 1992 ἰσχύουσι
1446 1921 1517 1974 τὰ
1547 1920 1750 1991 ὑψηλὰ,

171 2015 271 2064 τοῖς
304 2013 362 2064 δὲ
397 2013 824 2081 ἀσθενεστέροις
851 2013 917 2065 τὰ
942 2013 1157 2083 ἐλαφρά
1184 2030 1197 2043 ο
1234 2015 1330 2066 καὶ
1363 2014 1581 2083 ἑκάστῳ
1612 2013 1754 2083 πρὸς

166 2106 223 2156 τὸ
273 2104 451 2166 πάθος
486 2098 529 2171 ᾧ
562 2105 1003 2169 ἐπλεονεκτείτο,
1037 2104 1137 2158 καὶ
1171 2104 1233 2157 τὸ
1272 2105 1628 2176 ἐμπλαστρον
1656 2105 1754 2159 τοῦ

168 2197 501 2267 μαθήματος
558 2198 820 2251 ἐπετίθει.
875 2192 1002 2252 Οἴον
1061 2197 1117 2250 εἴ
1168 2215 1252 2260 τις
1314 2199 1752 2269 γαστρίμαργος,

163 2290 227 2340 τὰ
258 2289 392 2357 περὶ
420 2289 773 2357 ἐγκρατείας
805 2289 860 2343 εί
888 2306 970 2353 τις
992 2290 1217 2357 λάγνος,
1251 2289 1322 2342 τὰ
1351 2291 1484 2361 περὶ
1502 2290 1752 2359 ἁγνείας·

164 2382 215 2432 εί
239 2398 324 2444 τις
388 2380 690 2445 κενόδοξος,
726 2381 794 2433 τὰ
838 2382 970 2451 περὶ
999 2381 1508 2451 ταπεινοφροσύνης
1544 2398 1557 2412 ’
1590 2382 1755 2446 εἴτις

162 2470 499 2541 γλωσσῶῶγς
555 2472 652 2524 καὶ
678 2472 936 2543 μάχιμος,
969 2472 1068 2544 τὴν
1128 2472 1451 2547 Ἐπιστολὴν
1493 2474 1753 2530 Ἰακώϐου

164 2564 257 2619 τοῦ
281 2565 610 2617 ἀποστόλου.
642 2565 701 2617 El
727 2565 784 2618 δέ
801 2583 885 2629 τις
919 2561 990 2637 ἦν
1022 2566 1332 2636 δυσμαθὴς,
1364 2569 1463 2622 καὶ⁹
1492 2569 1568 2639 μὴ
1596 2570 1756 2624 δυνά-

169 2669 328 2721 μενος
363 2654 752 2724 μνημονεύειν,
783 2657 1015 2723 γράφων
1032 2656 1131 2726 τὴν
1154 2656 1384 2728 γνώμην
1414 2660 1472 2711 ὲν
1499 2660 1756 2729 τμήματι

166 2747 419 2814 postea.
486 2747 699 2817 ὲκρέμα
731 2748 881 2816 αὐτῷ
920 2750 1014 2801 ἐπὶ
1083 2749 1177 2800 τὸν
1218 2748 1515 2819 τράχηλον,
1551 2751 1585 2821 ἢ
1626 2752 1756 2821 περὶ

164 2836 253 2885 τὸν
276 2834 547 2903 βραχίονα
568 2835 757 2898 αὑτοῦ,
778 2838 973 2906 μέχρις
1007 2836 1130 2889 ὅτου
1158 2836 1330 2906 αὐτὴν
1362 2837 1753 2908 άπεστήθιξεν.

165 2928 357 2986 Οὕτως
412 2926 592 2980 ἐποίει
633 2929 660 2980 6
688 2929 1166 2998 τρισμακάριστος
1225 2930 1353 2991 τοὺς
1387 2928 1621 2992 ἀλάλους
1657 2929 1757 2982 λα·

165 3020 297 3082 λεῖν,
357 3022 455 3073 καὶ
508 3021 635 3082 τοὺς
696 3020 917 3087 κωφοὺς
956 3020 1199 3085 ἀκούειν,
1233 3020 1480 3083 καὶτοὺς
1517 3021 1757 3089 τυφλοὺς

166 3108 426 3177 βλέπειν
490 3109 619 3171 τοὺς
705 3109 1018 3179 βαρϐάρους
1100 3110 1392 3181 εἰργάζετο
1433 3110 1754 3178 θεολόγους’

1859 1927 2154 1992 tribuebat,
2187 1937 2244 1982 ut
2272 1930 2551 2006 memoriae
2583 1932 2935 1995 mandarent,
2969 1935 3167 1991 validis
3216 1938 3440 2006 quidem

1858 2016 2116 2070 sublimia
2151 2001 2313 2081 dans:
2344 2021 2692 2076 tenuioribus
2752 2037 2880 2077 vero
2930 2023 3095 2089 levia,
3132 2037 3187 2080 et
3227 2030 3450 2083 unicui-

1856 2125 1988 2178 que,
2030 2120 2089 2163 ut
2131 2111 2331 2166 ail‘ectu
2385 2113 2691 2178 laborabat,
2752 2114 2824 2168 ita
2872 2118 3233 2186 emplastrum
3275 2121 3451 2178 docu-

1859 2201 2029 2255 tuenti
2060 2204 2398 2272 apponebat.
2458 2204 2704 2276 Exempli
2736 2208 2936 2276 gratia,
3002 2209 3050 2264 si
3105 2212 3233 2281 quis
3295 2226 3448 2272 esse!

1858 2295 2038 2347 ventri
2066 2296 2313 2363 deditus,
2334 2297 2501 2352 dabat
2533 2298 2885 2356 abstinentiae,
2908 2314 3213 2375 praecepta;
3236 2308 3280 2362 si
3316 2311 3445 2377 quis

1859 2387 2034 2450 salax,
2075 2389 2347 2443 castitatis
2384 2406 2398 2454 ;
2433 2390 2479 2444 si
2509 2405 2581 2460 qu
2611 2406 2636 2444 s
2694 2392 2874 2449 inanis
2932 2395 3119 2466 gloria:
3182 2403 3442 2469 cupidus,

1858 2477 2220 2545 humilitatis;
2272 2482 2320 2536 si
2354 2483 2479 2545 quis
2522 2484 2747 2553 lingua:
2774 2495 2829 2541 et
2849 2492 3255 2557 contentiosus,
3308 2511 3443 2565 apo-

1857 2573 1983 2650 stoli
2019 2570 2209 2627 Jacobi
2254 2574 2554 2643 Epistolam
2583 2577 2650 2631 ³⁸.
2697 2577 2854 2644 Quod
2903 2583 2947 2634 si
3003 2584 3128 2651 quis
3159 2595 3308 2640 esset
3346 2588 3444 2641 lte-

1858 2648 2088 2717 betioris
2128 2665 2356 2734 ingenii,
2411 2684 2513 2723 nec
2540 2669 2589 2723 vi
2616 2673 2894 2725 memoriae
2928 2675 3180 2742 polleret,
3233 2678 3287 2731 in
3321 2694 3444 2749 par-

1858 2756 1984 2807 vula
2008 2756 2197 2809 charta
2233 2759 2511 2835 scribebat
2543 2764 2869 2817 sententiam
2908 2777 2965 2818 et
2991 2769 3336 2836 appendebat
3372 2774 3441 2827 ad

1858 2846 1979 2915 ejus
2047 2850 2345 2913 cervicem,
2413 2852 2529 2906 sive
2591 2854 2658 2906 ad
2721 2855 3033 2919 brachium,
3087 2858 3264 2914 donec
3321 2878 3442 2922 eam

1860 2942 2177 2995 memoriter
2208 2944 2486 3000 recitaret.
2512 2946 2592 3000 Ita
2648 2946 2886 3003 faciebat
2920 2960 3001 3005 ter
3044 2953 3239 3009 beatus
3260 2953 3439 3021 Pater,

1861 3041 1919 3083 ut
1954 3034 2091 3086 muti
2119 3034 2480 3102 loquerentur
2502 3046 2557 3093 et
2588 3041 2742 3094 surdi
2786 3042 3041 3096 audirent
3090 3057 3144 3100 et
3194 3049 3322 3102 cmci
3364 3054 3440 3103 vi-

1859 3122 2055 3177 derent
2089 3140 2103 3178 :
2140 3108 2405 3183 barbaros
2436 3128 2708 3208 emciebat
2739 3135 3052 3206 theologus,
3078 3146 3131 3192 et
3157 3139 3443 3208 jumento-

165 3202 262 3253 καὶ
280 3200 410 3262 τούς
445 3218 577 3255 ποτε
607 3201 1031 3272 κτηνοτρόφους,
1052 3201 1354 3273 ἀνθρώπων
1379 3203 1753 3267 διδασκάλους.

1862 3230 1982 3269 rum
2034 3227 2288 3285 pastores
2345 3207 2593 3277 mutabat
2633 3226 2685 3279 in
2726 3225 2982 3284 doctores
3039 3232 3349 3300 hominum,
3388 3249 3444 3294 et

164 3294 261 3346 καὶ
293 3294 527 3357 πολλοὺς
557 3294 661 3363 μὲν
705 3293 984 3364 ἀπήλλαξε
1005 3294 1197 3347 δεινῶν
1219 3296 1533 3365 δαιμονίων,
1570 3296 1755 3350 πλείοι-

164 3404 264 3448 νας
286 3386 343 3439 δὲ
388 3386 585 3439 παθῶν
651 3387 1002 3457 ἀκαθάρτων,
1039 3387 1134 3439 καὶ
1185 3387 1477 3457 συνηθείας
1510 3388 1754 3441 ἀτόπου⁶

167 3478 356 3546 μεῖζον
382 3479 441 3531 δὲ
470 3478 567 3531 τοῦ
629 3481 903 3550 προτέρου
952 3478 1013 3530 τὸ
1063 3478 1340 3549 δεύτερον.
1412 3480 1591 3533 Πολλά
1646 3481 1756 3551 ἔχω

162 3568 262 3620 τοῦ
311 3569 495 3635 λέγειν
557 3571 690 3635 περὶ
746 3568 935 3631 αὐτοῦ,
997 3568 1121 3635 ἀλλζ
1160 3569 1262 3621 οὐκ
1290 3570 1353 3639 ἑᾷ
1379 3587 1446 3639 με
1474 3572 1503 3623 6
1537 3572 1752 3640 χρόνος,

164 3658 465 3728 ἐπείγομαι
515 3660 622 3728 γὰρ
674 3659 811 3727 πρὸς
847 3659 908 3711 τὸ
935 3658 1106 3721 τέλος.
1144 3660 1297 3713 Μετὰ
1326 3660 1387 3712 τὸ
1429 3661 1752 3732 τελευτῆσαι

164 3753 258 3805 τὸν
284 3754 534 3825 ἀοίδιμον
572 3755 909 3825 Ἀλιγέρνον,
945 3755 1039 3808 τὸν
1069 3755 1251 3819 καλῶς
1282 3758 1377 3809 καὶ
1416 3757 1579 3820 ὁσίως
1634 3776 1754 3812 ποι-

169 3845 423 3909 μάναντα
470 3846 570 3916 τὴν
601 3846 771 3917 μονὴν
823 3845 920 3899 τοῦ
951 3846 1108 3915 άγίου
1157 3848 1496 3913 Βενεδίκτου,
1549 3850 1750 3921 ἀνέστη

167 3940 256 3989 ἐπ’
280 3939 455 4008 αὐτὴν
480 3939 807 4009 ἡγούμενος,
842 3937 901 4000 ὃς
932 3941 1033 3992 οὐκ
1062 3939 1178 4010 ᾔδει
1210 3939 1304 3991 τὸν
1354 3941 1501 3993 ὅσιον
1535 3941 1749 4007 Νεῖλον,

167 4032 318 4093 ὅστις
365 4026 458 4100 ἦν,
528 4029 748 4099 ἀληθῶς
785 4030 829 4083 δ’
860 4033 1036 4083 εἰπεῖν
1090 4030 1214 4084 οὐδὲ
1258 4034 1352 4084 τὸν
1403 4032 1571 4086 Θεόνο
1600 4034 1752 4103 ὅμως

169 4124 432 4192 γνωρίσει
462 4122 533 4175 τά
558 4123 689 4193 περὶ
716 4123 881 4177 αὐτὸν
909 4108 1091 4186 τούτο,
1124 4123 1263 4194 ὅπερ
1296 4126 1576 4197 συντόμως
1616 4127 1748 4197 ἐρῶ.

241 4309 346 4353 πε’.
377 4301 797 4370 Παραϐαλόντος
822 4302 917 4355 τοῦ
956 4304 1232 4374 μακαρίου
1260 4308 1359 4375 μιᾷ
1386 4306 1494 4357 τῶν
1525 4306 1752 4377 ἡμερῶν

172 4395 303 4462 πρὸς
332 4396 526 4454 αὑτὸν,
547 4393 737 4463 ἔτυχεν
763 4394 927 4446 αὐτὸν
984 4395 1170 4465 εὑρεῖν
1199 4396 1259 4447 ὲν
1305 4396 1385 4465 τῷ
1406 4398 1558 4449 κάτω
1587 4414 1753 4467 μονα-

171 4484 402 4555 στηρίῳ,
431 4487 488 4536 ὲν
511 4478 554 4550 ᾧ
588 4483 800 4552 ἵδρυται
828 4485 1171 4554 πάντερπνος
1207 4485 1335 4549 ναὸς
1359 4487 1453 4539 τοῦ
1506 4487 1748 4554 ἁγιωτά-

167 4594 261 4630 του
288 4575 599 4646 Γερμανοῦ,
664 4575 872 4629 ὑδάτων
932 4576 1130 4647 πλήθει
1166 4578 1264 4631 καὶ
1294 4578 1484 4633 κάλλει
1519 4597 1745 4652 περιανε

167 4670 486 4738 τὶούμενος.
526 4662 664 4739 Εὗρε
721 4668 777 4720 δὲ
826 4669 916 4720 τὸν
957 4669 1122 4722 αὑτὸν
1168 4669 1473 4738 ἡγούμενον
1503 4674 1602 4727 σὺν
1634 4678 1751 4738 τοῖς

171 4762 411 4830 πρώτοις
453 4759 548 4812 τοῦ
577 4760 819 4829 μεγάλου
868 4761 1234 4831 μοναστηρίου
1277 4761 1624 4833 λελουμένον,
1656 4770 1753 4821 καὶ

170 4854 226 4904 ὲν
279 4852 359 4920 τῷ
408 4851 719 4920 ἀριστηρίῳ
771 4850 1045 4906 ἐσθίοντα.
1113 4851 1203 4915 Ὠς
1261 4850 1359 4906 οὖν
1420 4858 1750 4927 περιέμενεν

1860 3308 2066 3363 multos
2118 3311 2339 3378 quidem
2372 3314 2440 3365 ah
2497 3314 2712 3371 infestis
2765 3318 3111 3378 daemonibus
3167 3327 3441 3398 liberavit,

1862 3400 2049 3470 plures
2084 3417 2215 3458 vero
2254 3404 2321 3456 ab
2361 3405 2591 3476 impuris
2619 3411 2786 3464 animi
2811 3411 3095 3469 aﬂ‘ectibus
3124 3426 3177 3471 et
3206 3435 3442 3475 consue-

1860 3495 2050 3549 tudine
2098 3497 2347 3551 absona:
2396 3498 2574 3567 majus
2625 3517 2789 3569 porro
2836 3514 2916 3557 est
2975 3506 3079 3563 hoc
3163 3515 3440 3579 posterius

1859 3586 2051 3655 priori.
2096 3588 2262 3642 Multa
2308 3589 2507 3654 habeo,
2564 3609 2684 3661 qua:
2728 3594 2904 3649 dicam
2964 3596 3033 3653 de
3078 3601 3190 3666 illo,
3246 3619 3434 3659 verum

1860 3686 2077 3749 tempus
2124 3697 2234 3735 nun
2269 3685 2561 3751 permittit,
2590 3688 2849 3755 quoniam
2877 3689 2945 3743 ad
2985 3692 3143 3747 linem
3179 3711 3433 3766 propero.

1860 3768 2129 3827 Defuncto
2159 3773 2520 3830 celeberrimo
2542 3777 2819 3846 Aligerno,
2850 3784 2942 3850 qui
2976 3783 3113 3838 bene
3135 3798 3437 3860 sancteque

1858 3861 2748 3923 administraveratmonasterium
2785 3870 2840 3924 S.
2870 3871 3174 3939 Benedicti,
3213 3895 3437 3939 succes-

1858 3949 1929 4002 sit
1962 3948 2014 4001 in
2052 3964 2119 4004 eo
2146 3951 2504 4020 hegumenus,
2563 3958 2657 4026 qui
2695 3958 2911 4013 beatum
2964 3961 3168 4028 Nilum,
3200 3972 3293 4039 qui
3352 3974 3436 4027 vir

1854 4047 2024 4105 esset,
2073 4041 2378 4111 ignorabat,
2433 4048 2545 4103 imo
2597 4064 2725 4105 vero
2776 4051 2883 4108 dici
2919 4064 3101 4124 potest
3140 4068 3196 4115 et
3258 4063 3430 4120 Deum

1855 4130 2060 4200 ipsum.
2120 4133 2348 4191 Planum
2401 4138 2454 4192 id
2508 4141 2601 4195 flet
2664 4158 2762 4211 per
2825 4144 2952 4210 hoc,
3034 4153 3177 4219 quod
3243 4161 3433 4226 paucis

1856 4225 2112 4275 narrabo.

1926 4313 2017 4367 85.
2055 4314 2192 4367 Cum
2230 4316 2421 4370 bemus
2467 4319 2550 4370 vir
2599 4322 2877 4388 prolectus
2930 4337 3077 4383 esset
3123 4332 3189 4385 ad
3249 4338 3431 4405 ipsum

1855 4406 2174 4475 aliquando,
2231 4409 2369 4463 forte
2398 4411 2547 4463 illum
2601 4414 2807 4468 invenit
2868 4418 2922 4471 in
2957 4419 3203 4477 inferiorl
3240 4443 3435 4483 mona-

1858 4500 2050 4564 sterio,
2111 4500 2201 4554 ubi
2262 4504 2617 4559 sanctissimo
2668 4504 2943 4565 Germano
2990 4514 3102 4583 (7t)
3151 4516 3313 4571 situm
3352 4533 3435 4575 est

1859 4592 2146 4660 templum,
2231 4607 2497 4662 aquarum
2568 4597 3069 4656 circumﬂuentium
3138 4609 3293 4676 copia
3375 4621 3431 4665 et

1855 4685 2173 4737 alumnitate
2223 4686 2671 4754 pulcherrimum.
2707 4691 3127 4748 lnvenitautent
3172 4700 3425 4755 eumdem

1858 4773 2243 4842 hegumenum,
2305 4791 2431 4830 cum
2490 4780 2767 4846 primariis
2824 4788 3144 4840 monasterii
3206 4791 3432 4856 majoris

1854 4862 2024 4916 lotum
2067 4875 2121 4919 et
2178 4866 2533 4935 prandentem
2596 4871 2652 4924 in
2707 4877 3013 4929 cmnaculo.
3080 4878 3214 4931 Cum
3261 4866 3431 4951 igitur

170 4945 334 4997 αὑτὶν
366 4945 394 4995 6
424 4944 571 5005 ὅσιος
603 4944 661 4992 ἐν
688 4944 756 5012 τῇ
808 4943 1077 5014 ἐκκλησία
1113 4944 1253 5014 μετὰ
1284 4946 1394 4999 τῶν
1450 4951 1550 5005 σὺν
1597 4954 1746 5023 αὐτῷ

1859 4955 1932 5008 vir
1962 4964 2188 5011 sanctus
2223 4958 2373 5012 illum
2407 4975 2754 5030 exspectaret
2804 4966 2857 5020 in
2893 4968 3124 5022 ecclesia
3168 4986 3273 5025 una
3303 4989 3428 5028 cum

169 5035 444 5101 ἀδελφῶν,
478 5033 667 5086 ἀκούει
707 5032 789 5085 ὅτι
827 5032 1147 5104 κιθαριστὴς
1184 5036 1402 5106 είσῆλθε
1428 5036 1752 5111 ,κιθαρίζων

170 5129 225 5178 ἑν
289 5126 372 5193 τῷ
405 5124 733 5195 άριστηρίῳ.
799 5125 934 5177 Τότε
962 5128 990 5177 6
1037 5128 1350 5201 μακαρίτης
1398 5132 1590 5196 Νεῖλος
1642 5134 1745 5206 ἔφη

168 5220 306 5289 πρὸς
360 5219 489 5279 τοὺς
542 5216 801 5278 συνόντας
828 5234 840 5245 ·
878 5217 1177 5289 Μέμνησθέ
1207 5238 1308 5290 μου
1345 5223 1439 5275 τοῦ
1473 5226 1743 5295 ῥήματος,

170 5310 414 5378 ἀδελφοὶ,
436 5308 518 5360 ὅτι
536 5307 599 5359 ού
629 5305 878 5376 βραδύνει
900 5308 995 5360 τοῦ
1027 5307 1200 5360 ἐλθεῖν
1220 5310 1319 5381 τὴν
1342 5312 1513 5381 ὀργὴν
1539 5316 1742 5385 Κυρίου

238 5494 283 5526 ⁸⁸
308 5495 505 5549 Matth.
536 5513 588 5558 ν,
624 5498 711 5558 15,
753 5498 836 5550 Η.
907 5499 953 5529 ⁸⁸
982 5498 1098 5553 Jac.
1128 5514 1209 5563 tu,
1244 5498 1361 5554 5-7.

1860 5048 2027 5101 sociis
2057 5048 2339 5115 fratribus,
2380 5054 2533 5107 audit
2566 5057 2872 5123 ingressum
2911 5074 3035 5113 esse
3082 5062 3426 5118 citharistarn

1858 5137 2060 5192 litlibus
2120 5150 2407 5195 canentem
2459 5145 2511 5198 in
2568 5150 2875 5203 caenaculo.
2936 5130 3073 5205 Tum
3122 5154 3189 5207 ad
3246 5158 3429 5211 socius

1854 5230 2052 5284 beatus
2083 5228 2240 5285 Nilus
2277 5249 2289 5284 :
2321 5234 2666 5303 Mementote,
2704 5240 2904 5310 inquit,
2933 5243 3087 5297 verbi
3153 5246 3280 5308 mei,
3313 5246 3427 5300 fra-

1854 5330 1966 5376 tres
2005 5338 2019 5375 :
2061 5338 2169 5377 non
2205 5324 2358 5379 tarda
2393 5327 2446 5380 in
2474 5330 2573 5384 hos
2598 5330 2848 5388 homines
2877 5335 3055 5389 veniet
3089 5336 3166 5389 ira
3189 5335 3423 5392 Domini.

1485 5615 1746 5677 Joannis
1775 5614 1898 5676 Clei
1934 5628 2126 5681 noue.

240 5738 355 5806 (7|)
407 5735 698 5810 Templum
728 5738 787 5793 S.
812 5740 1075 5795 Germani
1123 5741 1288 5795 situm
1323 5748 1406 5795 est
1436 5742 1490 5795 in
1522 5744 1742 5810 oppido,

171 5814 315 5877 quod
354 5810 487 5862 olim
519 5810 580 5862 S.
616 5809 760 5864 Petri
816 5814 1153 5865 nominatum
1207 5811 1306 5864 fuit
1366 5822 1421 5866 et
1476 5809 1623 5865 nunc
1675 5818 1743 5867 ab

172 5879 363 5933 eodem
408 5878 467 5931 S.
493 5877 771 5934 Germano
805 5883 1134 5951 appellatur.
1172 5880 1329 5936 Jaeet
1383 5882 1450 5937 ad
1498 5884 1736 5939 radicem

1854 5745 2294 5827 casiniﬂontis,
2350 5752 2401 5803 in
2437 5755 3042 5827 eoquemnnasterinm
3072 5769 3126 5810 ct
3159 5765 3422 5827 templum

1850 5820 2015 5889 etiam
2048 5818 2208 5872 hodie
2239 5818 2677 5889 superest.'Vide
2717 5824 3091 5881 Mabilloninm
3124 5827 3178 5883 in
3242 5818 3424 5883 Αήιια-

1850 5888 1986 5941 libus
2018 5888 2083 5942 ad
2130 5907 2331 5944 antrum
2357 5892 2563 5948 Christi
2594 5892 2716 5948 7‘20.
