4196 6430
166 400 272 472 HS

1362 395 1537 453 \‘lTA
1567 393 1633 456 S.
1670 390 1838 453 Νιιῐ
1882 392 2277 454 JUNIORIS.

3336 374 3445 441 116

162 512 424 583 εὕρισκεν
456 511 513 563 ἐν
543 509 727 572 αὐτοῖς
756 507 784 561 δ
813 506 1095 577 ἐπεζήτει,
1155 506 1419 578 ἐρημίαν,
1475 508 1571 559 καὶ
1613 510 1750 579 ἠσυ-

1873 509 2226 563 iecessionem
2260 521 2289 560 a
2327 501 2637 573 frequentia
2676 498 2987 555 hominum.
3031 493 3225 549 Aiebat
3259 494 3432 554 enim.

162 607 309 676 χίαν,
378 603 475 655 καὶ
519 603 629 654 τῶν
695 600 906 653 πολλῶν
958 599 1239 654 ἀποικίαν.
1270 600 1465 667 Ἔλεγε
1497 602 1629 671 γὰρ,
1674 603 1756 655 ὅτι

167 699 227 749 οὐ
260 696 539 764 συμφέρει
563 695 677 756 τοῖς
700 695 759 748 ἐν
787 695 854 764 τῇ
880 695 1046 764 γενεᾷ
1076 692 1251 764 ταύτῃ
1281 695 1538 763 μοναχοίς
1572 694 1759 758 ἄνεσις

166 790 260 843 καὶ
314 788 702 858 ἀφροντησίαο
734 787 794 839 ού
822 785 933 855 γάρ
982 787 1132 838 ἐστιν
1183 788 1215 854 ὴ
1272 784 1440 856 σχολὴ
1490 786 1672 841 αὐτῶν
1700 787 1759 839 ἐν

166 883 448 951 προσευχῇ
474 880 569 935 καὶ
598 878 801 950 θεωρίᾳ
830 879 927 930 καὶ
949 881 1013 945 τῇ
1032 877 1145 931 τῶν
1181 878 1415 948 Γραφῶν
1435 879 1757 945 ἀναπτύξει,

168 974 283 1027 ἀλλ’
319 976 380 1026 ὲν
410 972 779 1043 ματαιολογία
826 973 920 1025 καὶ
962 971 1386 1043 κακενθυμησίᾳ
1428 974 1521 1028 καὶ
1549 976 1613 1044 τῇ
1648 973 1759 1028 τῶν

172 1065 419 1135 ματαίων
480 1063 798 1135 περιεργίᾳ.
859 1063 1066 1131 Διόπερ
1136 1064 1489 1133 εὑρίσκονται
1554 1066 1648 1118 τὸν
1702 1068 1759 1120 ἐν

168 1158 321 1228 κόπῳ
369 1156 761 1227 περισπασμδν
812 1156 1137 1227 ἀποτροπὴν
1166 1158 1423 1228 πονηρῶν
1478 1158 1759 1229 λογισμῶν

173 1251 267 1303 καὶ.
291 1250 509 1303 πολλῶν
532 1250 722 1303 κακῶν
748 1266 762 1281 ·
793 1250 1167 1320 προτιμητέον
1188 1268 1246 1302 τε
1274 1252 1356 1316 τὸ,
1400 1272 1416 1302 i
1449 1252 1537 1305 Ἐν
1571 1252 1758 1322 ἱδρῶτι

170 1343 264 1401 τοῦ
293 1343 595 1413 προσώπου
622 1342 821 1397 ἐσθίειν
841 1344 933 1397 τὸν
964 1343 1152 1414 ἄρτον.
1196 1363 1214 1397 ι
1253 1344 1411 1398 Οὕτω
1440 1348 1536 1400 καὶ
1562 1348 1594 1416 ή
1624 1348 1763 1401 ἀπο⁹

170 1434 393 1507 οτολικὴ
462 1435 655 1505 ἐντολὴ
731 1434 1213 1507 πληρωθήσεται,
1288 1436 1383 1489 καὶ
1438 1440 1487 1489 οί
1537 1438 1760 1501 πυκνῶς

172 1528 583 1598 παρερχόμενοι
638 1527 975 1598 συμμέτρως
1028 1528 1440 1599 ἀναπαυόμενοι
1474 1531 1762 1598 στεφάνων

170 1621 301 1688 ἡμῖν
328 1620 493 1672 αἴτιοι
533 1620 699 1686 ἀξίως
731 1620 1082 1691 γενήσονται.

241 1710 355 1777 πῖ.
390 1712 612 1782 Ταύτης
658 1714 759 1781 τῆς
794 1714 1069 1778 συνέσεως
1096 1713 1189 1767 τοῦ
1221 1714 1432 1769 δικαίου
1459 1715 1604 1781 τινὲς
1650 1715 1761 1769 τῶν

1864 603 2043 658 aetatis
2076 601 2312 670 hujusce
2352 596 2647 653 monachis
2697 608 2806 649 non
2865 604 2990 645 esse
3024 589 3211 643 utilem
3267 585 3435 639 animi

1863 696 2247 753 remissionem
2284 702 2339 748 et
2368 691 2706 756 socordiam,
2765 701 2963 741 vacare
3003 684 3149 737 enim
3184 697 3282 737 eos
3327 696 3436 734 non

1859 789 2124 852 orationi,
2161 786 2611 855 contemplationi
2652 790 2705 837 et
2730 781 3146 851 Scripturarum
3180 774 3444 845 explana-

1861 883 2023 947 tioni,
2051 881 2147 938 sed
2192 878 2510 949 vaniloquio
2553 877 2855 947 pravisque
2886 867 3325 940 cogitationibus
3386 873 3443 920 et

1862 978 1928 1032 ad
1982 991 2071 1031 res
2129 975 2323 1030 iuanes
2356 970 2686 1027 curiositati.
2718 967 3065 1035 Quapropter
3101 960 3306 1017 laboris
3348 973 3446 1011 oc-

1861 1070 2217 1139 cupationem
2277 1081 2402 1120 esse
2496 1063 2606 1118 illis
2676 1073 2968 1132 pravarum
3048 1053 3443 1125 cogitationum

1862 1165 2276 1233 multorumque
2347 1157 2619 1213 malorum
2706 1153 3165 1207 devitationem;
3234 1145 3447 1201 idcirco

1864 1254 2298 1326 amplectendum
2342 1266 2464 1307 esse
2498 1248 2654 1313 illud,
2695 1265 2713 1299 ι
2766 1246 2823 1300 ln
2869 1244 3070 1298 sudore
3121 1239 3304 1295 vultus
3366 1236 3444 1291 tui

1864 1348 2111 1405 vesceris
2145 1363 2283 1418 pane
2306 1345 2375 1397 ⁸³.
2435 1362 2453 1393 ι
2511 1346 2586 1395 Ita
2641 1353 2772 1393 vero
2819 1334 3037 1405 impleri
3083 1328 3448 1401 apostolicum

1863 1448 2218 1512 praeceptum,
2243 1446 2297 1493 et
2328 1452 2442 1499 eos,
2474 1434 2567 1504 qui
2605 1430 2801 1487 crebro
2836 1445 2934 1499 per
2988 1441 3091 1481 nos
3138 1428 3447 1484 transeunt,

1864 1535 2079 1591 modica
2110 1533 2298 1605 quiete
2328 1531 2597 1593 fruentes,
2631 1524 2966 1581 coronarum
3002 1520 3165 1576 nobis
3194 1526 3452 1572 auctores

1864 1625 2061 1681 merito
2095 1623 2239 1679 fieri.

1934 1718 2025 1774 87.
2065 1716 2214 1771 llauc
2246 1714 2346 1769 viri
2387 1711 2522 1781 justi
2561 1707 2913 1782 prudentiam
2953 1704 3150 1757 fratres
3195 1716 3300 1754 non
3331 1715 3455 1769 per-

171 1804 420 1908 ἀδελφῶν
474 1805 744 1877 μηδαμῶς
803 1805 1194 1878 αίσθηνθέντες
1228 1847 1244 1871 ,
1296 1809 1608 1864 τούναντίον
1661 1811 1762 1880 μὲν

1873 1808 2157 1880 cipientes,
2195 1806 2305 1860 imo
2331 1806 2439 1860 late
2469 1809 2746 1874 patentem
2775 1798 2918 1853 viam
2972 1802 3218 1865 angustae
3257 1791 3454 1861 prtere-

2286 1898 2317 1908 .,
2474 1904 2486 1908 -
2552 1896 2566 1908 .
2674 1893 2707 1908 ..
2751 1901 2791 1908 ,ν
2866 1887 3181 1908 α,η,ᾼ.,,ελ
3248 1885 3452 1908 ,μεως

172 1894 265 1953 σύν
321 1898 424 1968 τὴν
474 1898 795 1970 εὐρύχωρον
840 1900 960 1952 όδὸν
1004 1899 1102 1970 τῆς
1153 1901 1349 1970 στενῆς
1384 1903 1761 1973 προτιμῶντες

170 1991 545 2059 ἐναπέμειναν
574 1989 654 2061 τῷ
707 1992 1063 2063 προλεχθέντι
1100 1994 1483 2064 μοναστηρίῳ,
1529 1995 1764 2065 προσδε-

170 2085 360 2145 θέντες
395 2086 462 2153 τῇ
497 2083 591 2136 τοῦ
648 2084 818 2136 τόπου
850 2084 1239 2149 διαναπαύσει,
1274 2088 1365 2138 καὶ
1401 2086 1767 2156 ἀχθεσθέντες

168 2170 236 2246 τῇ
270 2174 648 2245 στρυφνότητι
681 2175 776 2228 τοῦ
839 2176 1021 2243 ἁγίου.
1076 2176 1151 2229 Oti
1219 2177 1403 2245 μέντοι
1439 2170 1600 2249 εὗρον
1629 2179 1765 2233 ἀνά-

171 2285 380 2320 παυσιν
408 2267 593 2331 πάσας
617 2268 716 2329 τὰς
773 2267 991 2338 ἡμέρας
1024 2270 1124 2338 τῆς
1164 2270 1347 2323 ἐκεῖσε
1379 2270 1561 2325 αὐτῶν
1593 2273 1767 2343 ἀσκή-

171 2378 313 2424 σεως
342 2378 356 2389 ο
394 2360 523 2415 οὔτε
556 2361 829 2431 διέλειψεν
865 2362 1051 2427 αὐτοῖς
1088 2359 1403 2418 ἁκαστασία
1426 2364 1520 2418 καὶ
1543 2367 1764 2430 ἀταξία,

172 2451 356 2520 θλίψις
386 2469 448 2504 τε
499 2451 596 2505 καὶ
634 2451 963 2521 λογολεσχία
998 2469 1011 2483 ⁸
1072 2452 1225 2515 τέλος
1249 2453 1306 2505 δὲ
1344 2453 1440 2505 καὶ
1483 2453 1768 2517 παντελῶς

173 2545 531 2615 ἐξεώσθησαν
567 2546 663 2599 καὶ
722 2544 1107 2615 ἀπηλάθησαν.
1150 2547 1211 2599 '0
1232 2545 1287 2599 δὲ
1323 2545 1596 2616 μακάριος
1631 2547 1770 2617 μετὰ

172 2641 279 2696 τῶν
330 2639 707 2693 συνελθόντων
743 2638 892 2709 αύτῷ
947 2639 1217 2708 ἀδελφῶν,
1250 2640 1344 2694 καὶ
1389 2640 1484 2693 τοῦ
1510 2640 1761 2710 ἀοιδίμου

176 2734 455 2801 Στεφάνου
480 2732 656 2803 εὑρὼν
677 2734 735 2785 ἐν
762 2735 872 2796 τοῖς
902 2733 1001 2803 τῆς
1030 2733 1229 2795 ram;
1255 2734 1452 2802 μέρεσι
1482 2734 1768 2803 τοπάριον,

174 2825 398 2895 ἀληθῶς
436 2825 482 2877 δ’
524 2826 700 2877 εἰπεῖν
758 2823 1104 2895 σπανίθριον,
1138 2825 1233 2877 καὶ
1290 2823 1544 2894 ἀρεσθεὶς
1582 2824 1677 2876 ἐπὶ
1703 2826 1770 2895 τῇ

176 2912 341 2964 αὐτοῦ
401 2912 686 2981 στενότητι
722 2913 820 2965 καὶ
873 2914 1137 2985 ξηρότητι
1180 2913 1512 2985 κατῴκησεν
1543 2916 1680 2979 ἐκεῖ,
1714 2917 1772 2968 ἐν

177 3006 356 3075 ἐνδείᾳ
395 3008 492 3059 καὶ
526 3006 704 3075 λείψει
756 3007 867 3061 τῶν
899 3009 1263 3077 σωματικῶν·
1307 3009 1426 3079 μετ’
1456 3008 1517 3061 οὐ
1549 3010 1686 3063 πολὺ
1716 3010 1771 3063 δὲ

177 3099 442 3152 πλειόνων
470 3100 717 3169 ἀδελφῶν
742 3102 839 3154 καὶ
867 3102 1088 3155 πάντων
1112 3101 1380 3169 θεοφιλῶν
1400 3103 1776 3157 συνελθόντων

1870 1912 2076 1966 rentes,
2129 1898 2494 1967 perstiterunt
2552 1896 2605 1948 iu
2657 1893 2807 1947 dicto
2850 1887 3205 1948 monasterio,
3246 1885 3453 1954 alligati

1868 1991 2174 2048 commodis
2231 1988 2336 2043 loci
2372 1997 2422 2043 et
2454 1984 2632 2042 sancti
2684 1983 2864 2039 Patris
2901 1982 3251 2038 severitatem
3308 1993 3455 2048 agre

1871 2085 2132 2140 ferentes.
2163 2080 2276 2136 Nec
2309 2090 2491 2134 tamen
2525 2077 2630 2133 frui
2666 2079 2852 2149 quiete
2886 2085 3192 2146 potuerunt
3236 2072 3455 2127 cunctis

1868 2178 2086 2240 diebus,
2136 2174 2342 2243 quibus
2390 2173 2525 2228 illud
2568 2171 2974 2232 inhabitarunt,
3026 2184 3125 2225 nec
3156 2166 3330 2222 defuit
3381 2164 3455 2219 ibi

1870 2268 2209 2325 iuordinatio
2232 2265 2594 2327 etconfusio.
2653 2279 2826 2333 angor
2872 2270 2921 2318 et
2968 2262 3230 2320 futilitas.
3284 2262 3460 2315 donec

1870 2363 2090 2417 tandem
2116 2360 2347 2415 omnino
2374 2357 2534 2428 eiecti
2573 2357 2898 2426 extrusique
2927 2364 3079 2411 sunt.
3137 2356 3204 2406 At
3264 2352 3459 2408 beatus

1873 2456 2035 2510 Pater
2065 2469 2188 2508 cum
2229 2451 2522 2515 fratribus,
2581 2465 2721 2521 quos
2782 2449 3049 2512 habuerat
3096 2453 3350 2505 coni-tes.
3405 2454 3463 2499 et

1873 2563 1996 2603 rum
2034 2546 2399 2602 celeberrimo
2430 2543 2714 2615 Stephano
2764 2543 2820 2595 in
2873 2541 3077 2612 Caietae
3108 2541 3308 2594 tinibus
3333 2554 3463 2593 cum

1874 2631 2164 2710 parvulum
2229 2637 2531 2708 reperisset
2585 2637 2789 2701 locum,
2847 2633 2957 2689 imo
2996 2643 3057 2688 ut
3090 2648 3214 2687 vere
3256 2630 3472 2695 dicam,

1873 2730 2155 2786 desertum
2180 2728 2438 2784 siccitate
2473 2741 2784 2787 secessum,
2822 2725 3073 2793 placente
3103 2722 3360 2793 angustia
3408 2728 3464 2776 et

1876 2823 2135 2876 ariditate
2189 2817 2334 2890 ejus.
2384 2818 2535 2872 illiiui
2597 2816 2849 2882 incoluit,
2902 2816 3065 2872 initio
3121 2815 3342 2885 quidem
3406 2816 3461 2867 in

1880 2928 2078 2984 magna
2119 2911 2301 2967 victus
2370 2910 2585 2980 inopia,
2615 2908 2710 2964 sed
2745 2922 2850 2962 non
2889 2909 3064 2962 multo
3114 2917 3235 2977 post
3277 2906 3462 2961 fratri-

1876 3008 2001 3069 bus,
2052 3004 2271 3060 cunctis
2330 3018 2464 3059 sane
2531 3002 2625 3056 Dei
2657 3000 2994 3064 amantibus,
3058 3000 3199 3054 baud
3252 2999 3465 3069 paucis,

1877 3090 2361 3155 convenientibus,
2421 3088 2721 3143 subsecuta
2794 3093 2878 3141 cst
2958 3101 3138 3140 rerum
3217 3084 3465 3138 omnium

182 3191 407 3245 ᾶπαντα
454 3195 512 3244 ἐν
564 3193 792 3265 εύθηνίᾳ
842 3195 1105 3264 κατέστη,
1164 3196 1575 3263 ἀπερίσπαστός
1618 3213 1676 3249 τε
1703 3191 1770 3268 ἦν

1876 3183 2174 3239 amuentia.
2208 3182 2395 3252 itaque
2427 3178 2687 3236 assiduus
2727 3187 2847 3235 erat
2879 3179 3057 3240 labor,
3089 3176 3240 3248 iugis
3305 3176 3457 3247 psal-

182 3286 440 3354 ἐργασία,
474 3286 571 3338 καὶ
631 3286 980 3349 ἀδιάλειπτος
1034 3287 1352 3356 ψαλμῳδία,
1403 3287 1772 3358 ψαλμολογίαι

184 3380 399 3446 συχναὶ,
433 3377 529 3429 καὶ
546 3376 888 3445 γονυκλισίαι
917 3380 1150 3443 πυκναὶ,
1182 3382 1483 3450 ἐγκράτεια
1501 3381 1771 3448 ἑκούσιος,

180 3473 273 3523 καὶ
306 3470 529 3539 ὑπακοὴ
581 3471 844 3533 ἀΰίαστος
867 3487 879 3501 ·
916 3472 1012 3524 καὶ
1061 3472 1253 3525 λοιπὸν
1302 3473 1522 3527 ᾶπαντα
1558 3474 1774 3556 ’ἤνθουν

181 3567 275 3615 καὶ
300 3564 724 3633 ἐκαρποφόρουν
751 3568 817 3635 τῇ
845 3565 1008 3636 ἁρδίᾳ
1031 3566 1140 3618 τῶν
1176 3566 1351 3634 λόγων
1382 3568 1477 3620 καὶ
1508 3568 1775 3638 ἀπαύστῳ

181 3656 511 3726 διδασκαλία
536 3656 630 3709 τοῦ
669 3657 933 3727 θεοφόρου
963 3659 1178 3728 Πατρδς
1210 3659 1366 3728 ἡμῶν
1392 3659 1611 3714 Νείλου.
1632 3659 1774 3713 Ἀλλ’

181 3746 286 3799 οὐδ’
306 3748 473 3810 αὐτὸς
491 3752 516 3800 ὁ
539 3750 809 3818 ἀήττητος
833 3750 890 3801 ἐν
918 3748 1132 3818 ἀγῶσιν
1160 3751 1443 3804 ἀπέκοπτε
1470 3752 1568 3821 τῆς
1602 3752 1771 3822 συνή-

184 3839 309 3901 θους
341 3838 517 3892 αὐτοῦ
552 3840 904 3908 ἐγκρατείας,
938 3842 1033 3893 καὶ
1066 3840 1267 3894 ἐνθέων
1299 3841 1769 3912 κατορθωμάτωψ

187 3930 301 3981 ἀλλ’
342 3930 470 3981 ὅσον
490 3929 568 3999 τῷ
608 3929 824 3998 σώματι
853 3932 1030 4003 ἐγήρα
1059 3932 1154 3985 καὶ
1182 3932 1483 4001 ὲξησθένει,
1520 3933 1776 3990 τοσοῦτον

184 4022 263 4090 τῷ
298 4022 580 4092 πνεύματι
630 4023 892 4077 ἀνέθαλλε
943 4026 1037 4078 καὶ
1092 4025 1448 4095 ἐδυναμοῦτο.
1507 4028 1776 4081 Οὐδέποτε

186 4108 254 4181 ἦν
286 4112 439 4181 αύτῷ
472 4111 786 4182 παραλύσαι
814 4115 1098 4185 νηστείαν,
1129 4114 1163 4184 ἢ
1205 4115 1534 4183 γεύσασθαι,
1565 4116 1599 4188 ή·
1632 4120 1777 4172 πιεῖν

188 4203 366 4274 καιρῷ
389 4203 466 4274 μὴ
506 4205 911 4276 νενομισμένῳ,
947 4206 1023 4268 ὡς
1057 4205 1181 4269 έθος
1214 4207 1324 4260 τῶν
1357 4210 1773 4278 γηρασκόντων.
1802 4220 1819 4235 '

189 4296 324 4349 ΟύΞέ
367 4313 504 4348 ποτε
541 4295 809 4363 ἐγεύσατο
862 4297 1121 4366 κρέατος,
1156 4298 1189 4368 ἦ
1222 4299 1282 4352 τὸ
1324 4299 1485 4368 σῶμα
1518 4299 1780 4354 ἐλούσατο

194 4392 353 4459 μέχρι
384 4390 488 4459 τῆς
508 4389 768 4458 τελευτῆς
802 4389 994 4442 αὐτοῦ’
1022 4389 1119 4443 καὶ
1154 4389 1328 4443 ταῦτα
1349 4395 1406 4443 ἐν
1436 4391 1775 4463 βαθείγῆρᾳ·

192 4484 484 4544 ἐκατοστδς
524 4481 632 4550 γὰρ
660 4481 999 4552 ἀποθνήσκει
1052 4482 1212 4535 πέντε
1263 4483 1532 4536 δεόντων³
1569 4486 1661 4540 καὶ
1688 4486 1777 4539 νό·

196 4593 301 4638 σοις
336 4573 609 4642 μεγάλαις
639 4575 734 4626 καὶ
759 4574 1033 4637 ποικίλαις
1062 4575 1353 4629 πυκτεύων
1375 4578 1438 4629 ού
1477 4576 1641 4645 μόνον
1691 4577 1779 4631 διὰ

193 4666 248 4717 τδ
280 4667 499 4734 γῆρας,
538 4664 792 4718 ἀλλὰκαὶ
846 4664 935 4717 διὰ
958 4665 1058 4734 τὴν
1094 4666 1297 4737 πολλὴν
1326 4669 1627 4740 κακουχίαν
1684 4672 1785 4725 καὶ

195 4758 399 4823 ἄφατον
480 4756 935 4826 σκληραγωγίαν.
1027 4758 1119 4821 EE;
1173 4760 1434 4831 τοιαύτην
1501 4762 1605 4832 γὰρ
1666 4762 1781 4830 ἐξιν

195 4849 505 4917 ἠγωνίσατο
555 4848 649 4902 καὶ
713 4850 921 4920 ήγαγεν
975 4852 1189 4917 ἑαυτὸν,
1258 4853 1339 4907 ὃτι
1407 4857 1498 4908 καὶ
1534 4858 1583 4909 εἰ
1617 4857 1777 4928 ήθελε

197 4945 387 5008 φαγεῖν
417 4941 451 5004 ἢ
488 4943 634 4993 πιεῖν
688 4941 824 5010 πρὸς
851 4942 910 4996 τὸ
963 4944 1385 5014 ἀνακτήσασθαι
1438 4949 1631 5001 ἑαυτὸν
1674 4951 1778 5005 οὐκ

196 5036 273 5085 εἶα
296 5034 465 5087 αὑτὸν
505 5034 536 5102 ἡ
568 5034 847 5102 συνήθεια·
907 5034 1161 5091 ἀλλὀύδὲ
1218 5036 1390 5092 ὕπνου
1416 5040 1648 5109 ἠδύνατο
1683 5060 1780 5112 με-

197 5131 417 5199 τασχεῖν
436 5128 499 5182 τὸ
530 5126 759 5198 ἀρκοῦν.

269 5386 377 5459 mf.
440 5388 709 5454 Πολλάκις
749 5390 806 5444 δὲ
854 5395 948 5447 καὶ
1009 5394 1206 5448 ἑαυτοῦ
1258 5396 1532 5462 ἐξίστατο,
1564 5400 1656 5452 καὶ
1686 5401 1781 5454 ἐπὶ

270 5570 469 5628 “Gen.
505 5588 588 5640 tit,
625 5575 711 5631 i9.

1878 3278 2080 3344 modia,
2113 3276 2329 3331 crebrae
2358 3274 2717 3330 recitationes
2746 3271 3083 3343 psalmorum
3119 3282 3173 3326 et
3207 3271 3471 3339 frequens

1875 3368 2206 3440 geuuﬂexio,
2247 3367 2589 3424 abstinentia
2647 3375 2953 3432 spontanea
3014 3374 3067 3419 et
3126 3380 3235 3419 non
3273 3374 3462 3418 coacta

1876 3464 2214 3519 obedientia.
2251 3462 2315 3518 Et
2346 3478 2479 3519 sane
2506 3463 2617 3531 iam
2668 3460 2940 3516 ﬂorebant
2972 3475 3167 3516 omnes
3193 3460 3470 3513 fructum-

1876 3573 1983 3628 que
2026 3556 2278 3612 ferebant
2345 3555 2668 3624 irrigatione
2738 3568 3064 3608 sermonum
3120 3560 3174 3607 et
3236 3552 3463 3619 perenni

1877 3649 2198 3720 magisterio
2237 3646 2432 3703 deiferi
2493 3645 2672 3701 Patris
2710 3644 2890 3700 nostri
2957 3643 3085 3707 Nili,
3150 3650 3203 3697 et
3239 3643 3357 3712 ipse
3412 3643 3467 3696 iu

1878 3740 2219 3812 perferendis
2235 3739 2421 3794 arduis
2451 3736 2739 3793 laboribus
2769 3735 3011 3790 invictus
3044 3734 3181 3789 nihil
3214 3733 3279 3787 de
3304 3731 3468 3788 solita

1878 3832 2221 3890 abstinentia
2274 3831 2591 3887 remittebat
2636 3830 2951 3900 divinisque
3000 3829 3305 3890 exercitiis.
3370 3826 3466 3883 sed

1878 3943 1990 3998 quo
2015 3925 2192 3995 magis
2226 3939 2465 3995 corpore
2496 3923 2825 3979 senescebat
2846 3933 2899 3978 et
2930 3921 3260 3977 imbeciltior
3283 3920 3471 3986 ﬁebat,

1880 4028 2035 4074 tanto
2060 4018 2245 4073 acrius
2278 4016 2481 4088 spiritu
2511 4013 2899 4071 reﬂorescebat
2929 4024 2982 4070 et
3027 4014 3174 4068 vires
3212 4012 3469 4081 acquire-

1883 4115 1995 4169 bat.
2032 4110 2321 4181 Nunquam
2378 4109 2484 4165 sibi
2519 4108 2752 4165 indulsit
2786 4118 2846 4165 ut
2907 4106 3176 4178 ieiunium
3210 4107 3472 4174 solveret,

1880 4204 2336 4275 autdegustaret,
2376 4202 2661 4258 biberetve
2694 4208 2895 4273 praeter
2932 4198 3294 4255 constitutum
3333 4206 3473 4250 lt'm-

1880 4313 2007 4368 pus,
2042 4305 2102 4350 ut
2132 4295 2304 4352 moris
2333 4304 2419 4351 est
2442 4294 2676 4350 senibus
2703 4308 2718 4346 :
2762 4308 2934 4349 carne
2959 4307 3176 4362 semper
3204 4289 3474 4344 abstinuit

1881 4398 1937 4444 et
1990 4389 2190 4444 balneo
2226 4401 2508 4457 nunquam
2565 4394 2652 4441 est
2691 4400 2829 4441 usus
2895 4400 3069 4455 usque
3099 4383 3166 4439 ad
3216 4392 3473 4444 mortem,

1885 4480 2182 4552 idqueiam
2212 4477 2535 4547 decrepitus
2573 4491 2746 4532 senex
2773 4477 2989 4544 (agebat
3022 4475 3168 4529 enim
3215 4472 3472 4541 quintum

1813 4542 1857 4599 θ
1885 4581 1939 4624 et
1961 4542 2626 4641 nonagesimum-annum
2693 4542 2853 4638 (75),
2893 4581 3017 4618 cum
3089 4574 3342 4616 mortuus
3388 4569 3477 4614 est

1889 4662 2215 4734 magnisque
2242 4668 2299 4715 et
2337 4660 2511 4715 variis
2547 4658 2757 4731 morbis
2804 4657 3065 4718 afﬂictus.
3098 4670 3208 4709 non
3260 4662 3474 4707 tantum

1889 4762 2115 4827 propter
2142 4760 2504 4818 senectutem,
2538 4750 2636 4807 sed
2693 4750 2860 4805 etiam
2923 4748 2994 4803 ob
3058 4747 3283 4800 nimiam
3352 4743 3477 4797 vit.e

1890 4847 2246 4918 asperitatem
2272 4853 2351 4910 et,
2387 4860 2509 4915 qua:
2536 4844 2625 4899 vix
2662 4842 2918 4898 enarrari
2943 4846 3130 4910 queat,
3173 4835 3478 4906 disciplina:

1891 4924 2296 4994 austeritatem.
2329 4937 2410 4992 Eo
2434 4936 2584 4991 enim
2620 4932 2969 4990 babitudinis
2998 4931 3335 5003 perlaliores
3352 4940 3476 4982 sese

1891 5028 2191 5097 redegerat,
2226 5034 2288 5082 ut
2341 5027 2387 5082 si
2416 5026 2600 5088 vellet.
2637 5025 2803 5081 etiam
2858 5021 3147 5078 comedere
3180 5019 3263 5075 vel
3288 5018 3477 5073 bibere

1889 5121 1955 5176 ad
1990 5102 2320 5175 recreandas
2343 5118 2511 5183 vires,
2552 5118 2605 5173 id
2661 5117 2764 5172 sibi
2816 5111 3161 5170 consuetudo
3207 5123 3314 5163 non
3354 5123 3477 5178 per-

1892 5215 2134 5269 mitteret
2155 5222 2208 5267 et
2228 5226 2480 5283 peraeque
2511 5224 2707 5265 somno
2754 5224 2814 5264 se
2844 5207 2976 5263 dare
3002 5200 3325 5274 congruenti
3360 5214 3473 5255 non

1894 5313 2106 5377 posset.

1962 5398 2050 5455 88.
2081 5397 2198 5454 Non
2233 5412 2356 5453 raro
2382 5398 2544 5453 etiam
2577 5397 2779 5451 mentis
2800 5394 3116 5467 patiebatur
3140 5393 3467 5453 abstractis-

1516 5669 1776 5731 Joannis
1810 5671 1934 5733 Clei
1980 5680 2169 5741 nolze.

275 5789 391 5862 (131
420 5786 494 5843 Ex
532 5789 685 5845 liisce
721 5790 1101 5845 itlironotatiui
1137 5792 1375 5862 aliquair
1452 5790 1591 5846 Vita
1640 5793 1820 5846 sancti
1865 5793 2044 5850 l’atiis
2092 5796 2296 5854 deduxi
2348 5798 2659 5854 Comment.

205 5857 444 5915 consule.

2738 5797 2926 5867 praevii
2981 5813 3133 5852 num.
3205 5798 3255 5865 Τ,
3308 5813 3473 5866 quem
