4196 6430
209 320 315 385 153

1424 327 1596 386 VITA
1645 326 1702 385 S.
1762 325 1919 384 NILI
1954 327 2336 387 JUNIOHIS.

3366 330 3463 398 154

208 439 469 505 βασιλεὺς
502 438 579 509 τῷ
615 440 858 509 ἁγίῳ-Ὀ
890 441 1093 511 Κύριος
1123 443 1280 513 ἡμῶν
1318 442 1527 511 Ἰησοῦς
1558 442 1793 512 Χριστὸς

1898 464 2021 513 nus,
2048 450 2146 510 ait,
2182 461 2369 504 noster
2390 446 2551 503 Jesus
2578 448 2831 503 Christus
2890 445 3130 518 quantiiu
3182 445 3282 500 fuit
3336 461 3461 498 cum

208 527 313 588 έως
355 528 657 597 συμπαρῆν
711 530 827 590 τοῖς
878 530 1221 593 ἀποστόλοις.
1294 531 1546 584 ἐκέλευεν
1608 531 1794 594 αὐτοῖς

207 617 285 686 μὴ
326 619 537 688 πήραν,
573 618 648 689 μὴ
680 619 899 688 ράὀδον,
950 621 1089 691 μήτε
1159 622 1263 693 μὴν
1291 623 1385 674 δύο
1433 622 1666 692 χιτῶνας
1696 639 1790 674 κε-

208 708 470 775 κτῆσθαι.
517 709 848 779 Ἐρχόμενος
881 710 939 763 δὲ
956 711 1091 779 πρὸς
1123 714 1183 764 τὸ
1211 712 1405 776 πάθος,
1434 711 1599 765 πάλιν
1632 708 1788 764 εἶπεν

204 802 392 862 αὐτοῖς
421 816 435 829 ⁸
474 818 493 851 ι
518 800 681 854 Ἀλλά
708 800 804 855 νῦν
821 802 1003 873 ὁέχων
1022 803 1329 873 βαλάντιον,
1360 806 1550 875 ἀράτω
1567 808 1661 860 καὶ
1682 808 1789 877 πήο

206 909 329 959 ραν.
359 910 378 941 ι
402 893 516 945 Καὶ
531 893 692 956 αὐτὸς
713 894 897 947 τοίνυν
913 900 1183 967 γηράσας,
1209 898 1304 952 καὶ
1320 898 1531 968 μέλλων
1564 899 1791 953 ἀπιέναι

204 984 365 1052 πρδςξ
406 986 504 1055 τὴν
551 986 659 1038 τῶν
710 987 958 1057 οὐρανῶν
1025 988 1329 1058 βασιλείαν,
1359 991 1650 1057 φρόντισον
1682 991 1790 1044 τῶν

204 1076 315 1128 σῶν
371 1079 759 1148 γεννημάτων,
795 1080 993 1148 μήπως
1035 1085 1529 1154 στενοχωρηθέντες
1563 1084 1697 1153 μετά
1732 1082 1790 1134 σὲ

203 1169 268 1236 τῇ
293 1165 559 1238 δυσκολίᾳ
594 1166 692 1220 τοῦ
715 1167 908 1233 τόπου,
935 1169 1399 1241 ἀναχωρήσαντες
1436 1170 1791 1243 σκορπισοῶ·

204 1275 307 1312 σιν.
362 1260 557 1328 Ἡμεῖς
611 1260 857 1330 δώσομεν
886 1264 1281 1334 μοναστήριον,
1328 1267 1424 1318 καὶ
1465 1266 1788 1337 προσόδους,

201 1355 336 1405 ὅπου
364 1353 431 1405 ἂν
484 1354 749 1425 κελεύσῃς
789 1356 847 1407 ἐν
877 1354 984 1425 ὅλῳ
1052 1356 1130 1426 τῷ
1180 1357 1440 1428 ἡμετέρῳ
1461 1357 1678 1426 κράτει.
1724 1354 1790 1412 ’0

200 1444 351 1506 ὅσιος
383 1446 684 1515 ἀπεκρίθη*
713 1445 818 1498 Τοῦ
836 1447 996 1499 Δαϐὶδ
1013 1447 1222 1518 ἤκουσα
1251 1447 1507 1516 λέγοντος
1524 1463 1538 1476 ⁸
1562 1467 1580 1499 ι
1607 1448 1791 1502 Σῶσον

201 1551 295 1603 με,
339 1536 538 1605 Κῦριε,
569 1537 651 1589 ὅτι
678 1538 992 1590 ἐκλέλοιπεν
1025 1539 1191 1602 ὅσιος,
1215 1540 1296 1593 ὅτι
1331 1536 1692 1608 ὠλιγὼθησαν
1729 1539 1787 1591 αί

199 1627 577 1695 ἀλήθειαιάπὺ
605 1628 713 1681 τῶν
745 1630 876 1683 υἱῶν
898 1629 1003 1683 τῶν
1032 1629 1337 1701 ἀνθρώπων
1356 1648 1367 1663 ·
1403 1649 1422 1683 ι
1468 1632 1562 1683 καὶ
1583 1630 1746 1685 πάλιν
1770 1645 1786 1661 ο

208 1737 227 1769 ι
261 1720 378 1771 Οὐκ
403 1718 522 1771 ἔστι
552 1718 725 1772 ποιῶν
755 1721 1123 1791 χρηστότητἰ,
1154 1721 1254 1775 οὐκ
1289 1721 1434 1776 ἐστιν
1460 1721 1564 1783 ἕως
1586 1722 1725 1785 ἑνός.
1761 1741 1778 1775 ι

266 1899 379 1967 ια’.
425 1902 490 1954 Et
526 1901 582 1954 δὲ
614 1902 708 1954 καὶ
751 1900 887 1963 ὅλως
929 1902 1038 1955 είσὶ
1099 1903 1325 1974 μοναχοὶ
1384 1904 1435 1957 ot
1484 1905 1605 1975 μετ’
1650 1904 1784 1972 ἐμοῦ

195 1992 443 2059 ἀδελφοὶ,
502 1994 595 2046 καὶ
636 1992 931 2060 φυλάξουσι
992 1994 1131 2047 κατὰ.
1160 1995 1391 2066 δύναμιν
1436 1996 1533 2060 τὰς
1565 1998 1785 2062 ἐντολὰς

196 2083 286 2134 τοῦ
311 2082 580 2153 Χριστοῦ,
609 2084 776 2145 αὐτὸς
804 2086 832 2135 6
875 2087 1243 2155 οἰκονομήσας
1292 2087 1488 2152 αὐτοὺς
1541 2089 1645 2151 ἕως
1688 2088 1783 2142 τοῦ

200 2172 290 2223 νῦν
326 2174 447 2241 μετ’
477 2174 636 2244 ἐμοῦ,
686 2175 867 2245 πολλῷ
911 2176 1114 2245 μᾶλλον
1165 2178 1443 2248 φροντίσει
1489 2179 1785 2235 αὐτῶνκαὶ

194 2264 326 2317 ἄνευ
380 2265 519 2332 ἐμοῦ
546 2284 559 2296 ·
610 2266 669 2329 ὃς
698 2268 799 2320 οὐκ
837 2268 896 2319 ἐν
936 2270 1003 2338 τῇ
1041 2268 1333 2339 δυναστείᾳ
1386 2267 1482 2322 τοῦ
1529 2269 1781 2331 δυνατοῦ.

195 2358 320 2408 οὑΞέ
342 2358 403 2409 ὲν
426 2361 549 2420 ταῖς
575 2359 815 2427 κνήμαις
837 2358 931 2411 τοῦ
962 2359 1155 2429 ἀνδρὸς
1176 2360 1407 2421 εὐδοκεῖ,
1442 2360 1555 2414 ἀλλ’
1588 2365 1644 2413 ἐν
1671 2364 1783 2427 τοῖς

199 2447 520 2510 ἐλπίζουσιν
574 2448 668 2499 ἐπὶ
694 2449 753 2500 τὸ
782 2448 930 2508 ἕλεος
970 2447 1156 2503 αὐτοῦ.
1184 2448 1403 2502 Τούτων
1446 2450 1543 2503 καὶ
1580 2451 1783 2521 ἐτέρων

197 2537 415 2590 πολλῶν
446 2538 791 2607 λαληοέντων
824 2539 1025 2606 ἀνέστη
1046 2541 1074 2592 6
1109 2539 1370 2609 βασιλεὺς
1399 2542 1777 2613 ἀναχωρῆσαι.

194 2630 303 2681 Καὶ
358 2629 526 2682 πάλιν
584 2630 944 2698 ἐπιστραρεὶς
994 2629 1130 2698 πρὸς
1190 2630 1283 2682 τὸν
1319 2632 1555 2701 γέροντα
1585 2628 1776 2687 εἶπεν·

198 2721 439 2789 Αἴτησόν
496 2737 561 2789 με
626 2720 700 2782 ὡς
762 2722 951 2773 τέκνον
1009 2738 1125 2785 σου,
1157 2722 1213 2774 εἴ
1235 2740 1286 2775 τι
1325 2722 1391 2775 ἂν
1443 2722 1629 2795 βούλῃ,
1684 2726 1780 2778 καὶ

201 2815 339 2881 μετὰ
377 2815 562 2882 πάσης
602 2815 915 2883 προθυμίας
948 2813 1225 2885 πληρὼαω
1247 2833 1353 2870 σοι.
1421 2818 1484 2870 Ὀ
1504 2817 1560 2870 δὲ
1600 2820 1779 2889 μακά-

204 2921 320 2972 ριος
350 2905 601 2961 ἐκτείνας
661 2904 757 2975 τὴν
776 2907 934 2975 χεῖρα
976 2905 1115 2976 πρὸς
1162 2905 1241 2977 τῷ
1268 2907 1459 2978 στήθει
1485 2907 1579 2962 τοῦ
1632 2909 1785 2980 βασι-

198 2994 362 3059 λέως,
397 2990 551 3048 εἶπεν
576 3009 594 3026 ⁸
626 2996 791 3053 Οὐδὲν
820 2996 950 3052 ἄλλο
970 2998 1160 3069 δέομαι
1181 2999 1280 3069 τῆς
1335 3001 1434 3067 σῆς
1467 3000 1740 3070 βατιλείας
1761 3041 1776 3065 ,

1897 543 2182 610 apostolis,
2219 540 2511 596 mandabat
2541 543 2644 606 eis,
2689 555 2757 595 ne
2821 555 3026 610 peram,
3091 555 3158 593 ne
3230 539 3459 603 virgam,

1896 649 2074 703 neque
2107 635 2245 688 duas
2279 636 2493 687 tunicas
2518 634 2865 703 possiderent
2912 629 2978 683 “.
3037 629 3170 683 Cum
3223 642 3353 685 vero
3394 628 3460 681 Id

1895 724 2204 793 passionem
2268 725 2399 789 ibat,
2476 740 2671 781 rursus
2735 725 2916 780 aiebat
2971 743 2984 777 :
3054 742 3072 774 ι
3144 721 3247 776 Sed
3320 733 3467 775 nunc

1894 814 1986 884 qui
2031 815 2191 869 habet
2242 816 2546 879 sacculum,
2580 816 2731 868 tollat
2784 826 2835 868 et
2859 827 3045 883 peram
3072 813 3140 865 δτ.
3182 830 3199 861 ι
3229 810 3368 878 Ergo
3404 819 3458 863 tu

1893 921 2114 976 quoque
2144 921 2266 960 cum
2292 906 2404 976 jam
2453 906 2710 961 senueris
2739 916 2793 960 et
2817 905 2995 958 vicina
3032 903 3128 956 tibi
3162 901 3234 955 sit
3259 901 3458 967 migra-

1895 1000 1972 1052 tio
2006 998 2071 1054 ad
2100 1014 2324 1069 regnum
2353 998 2646 1055 cmlorutn.
2703 997 2925 1064 suscipe
2985 1007 3172 1046 curam
3242 999 3459 1043 tuorum

1894 1089 2154 1153 ﬁliorum,
2181 1105 2246 1144 ne
2279 1087 2416 1141 forte
2449 1089 2502 1140 in
2528 1087 2820 1155 angustias
2845 1083 3075 1146 redacti,
3100 1082 3321 1151 quando
3354 1094 3460 1131 ttmt

1890 1179 2023 1244 eris,
2050 1177 2122 1233 ob
2146 1179 2251 1233 loci
2278 1175 2651 1232 difﬁcultatem
2680 1174 3006 1229 recedentes
3051 1172 3440 1240 dispergantur

1893 1266 2003 1325 Nos
2036 1269 2290 1324 dabimus
2347 1265 2738 1321 monasterium
2786 1272 2837 1317 et
2867 1270 3190 1332 proventus,
3232 1259 3455 1312 ubicun-

1890 1377 1997 1431 que
2020 1360 2117 1414 tibi
2162 1357 2475 1414 collibuerit
2513 1372 2608 1425 per
2656 1364 2825 1408 totam
2869 1352 3130 1405 ditionem
3192 1358 3456 1404 nostram.

1889 1453 1970 1507 Ad
1995 1467 2115 1521 quae
2145 1452 2229 1506 vir
2255 1460 2481 1506 sanctus
2510 1465 2523 1501 :
2551 1446 2744 1501 Audivi
2772 1445 3046 1499 dicentem
3077 1442 3241 1494 David
3264 1457 3278 1494 :
3301 1437 3458 1494 «Sal-

1890 1559 2016 1596 rum
2048 1558 2131 1595 me
2184 1540 2293 1603 fac,
2335 1540 2583 1601 Domine,
2636 1537 2890 1605 quoniam
2959 1532 3161 1586 deft-cit
3216 1542 3460 1595 sanctus,

1888 1634 2151 1703 quoniam
2203 1631 2489 1685 diminuta:
2548 1634 2677 1681 sunt
2727 1626 2987 1680 veritates
3021 1638 3049 1675 a
3108 1622 3232 1677 [iliis
3282 1620 3461 1673 homi-

1888 1740 2018 1779 num
2042 1724 2115 1790 ⁸⁶;
2159 1740 2178 1774 ι
2220 1722 2475 1792 prmterca
2512 1738 2525 1774 :
2564 1716 2719 1772 «Non
2755 1721 2861 1777 est,
2901 1715 2995 1782 qut
3022 1712 3184 1766 iaciat
3233 1711 3455 1772 bonum,

1889 1834 1994 1873 non
2026 1825 2111 1870 est
2147 1828 2319 1884 usque
2347 1814 2409 1866 ad
2446 1827 2613 1866 unum
2641 1809 2707 1865 ".
2748 1827 2766 1860 ι

1956 1909 2044 1966 93.
2086 1907 2243 1974 Quod
2292 1906 2335 1960 si
2369 1904 2586 1968 fratres,
2626 1903 2717 1973 qui
2756 1915 2970 1957 mecum
3015 1904 3164 1960 sunt,
3235 1892 3459 1947 omnino

1887 2001 2142 2057 monachi
2180 2009 2306 2055 sunt
2344 2006 2399 2051 et
2430 1997 2681 2050 mandata
2713 1994 2919 2049 Christi
2976 2007 3074 2061 pro
3124 1989 3332 2041 viribus
3360 2002 3459 2039 cu-

1885 2095 2155 2160 raverint,
2196 2093 2330 2162 ipse,
2355 2090 2442 2145 cui
2479 2090 2546 2143 de
2580 2088 2689 2143 illis
2722 2101 2871 2141 cum
2904 2084 3006 2138 l'uit
3046 2095 3219 2151 usque
3276 2078 3456 2133 adhuc

1885 2203 1974 2244 me
2008 2186 2327 2258 superstite,
2370 2181 2541 2237 multo
2589 2178 2758 2250 magis
2793 2186 2847 2232 et
2882 2175 3000 2231 sine
3057 2187 3143 2226 me
3181 2182 3309 2225 cura
3361 2182 3458 2222 eos

1885 2294 1983 2335 sua
2014 2277 2430 2347 complectetur,
2470 2272 2558 2327 cui
2621 2286 2731 2325 non
2791 2268 2843 2323 in
2884 2264 3125 2338 potentia
3185 2259 3455 2330 potentis,

1883 2388 1985 2428 nec
2039 2371 2094 2425 in
2136 2369 2291 2424 tibiis
2329 2367 2432 2421 viri
2489 2362 2891 2432 beneplacitum
2957 2366 3062 2424 est,
3113 2355 3209 2411 sed
3264 2353 3319 2406 in
3377 2350 3458 2403 eis

1883 2463 1976 2533 qui
2009 2470 2236 2532 sperant
2266 2474 2431 2529 super
2470 2452 2851 2511 misericordia
2880 2449 3023 2521 ejus.
3057 2444 3182 2501 ﬂare
3210 2453 3264 2500 et
3284 2442 3454 2497 multa

1883 2555 1987 2606 alia
2023 2567 2148 2607 eum
2206 2560 2392 2606 essent
2425 2546 2706 2610 collocuti,
2772 2544 2825 2598 in
2880 2542 3022 2596 viam
3059 2553 3118 2594 se
3160 2538 3459 2607 imperator

1881 2643 2031 2698 dedit
2051 2651 2105 2697 et
2132 2656 2430 2697 conversus
2470 2640 2668 2693 iterum
2720 2637 2785 2691 ad
2817 2649 3003 2692 senem
3038 2632 3178 2687 dixit
3214 2646 3228 2683 :
3263 2626 3393 2682 Pete
3421 2640 3451 2680 a

1885 2750 1972 2788 me
2017 2732 2245 2804 perinde
2272 2748 2336 2787 ac
2371 2732 2483 2785 ﬁlio
2511 2727 2781 2799 quidquid
2815 2725 3085 2785 volueris,
3108 2729 3161 2777 et
3185 2716 3456 2792 praestabo

1883 2842 2008 2880 cum
2063 2824 2217 2880 omni
2286 2824 2595 2878 alacritate.
2655 2821 2719 2874 Et
2776 2819 2860 2873 vir
2911 2825 3162 2877 sanctus,
3226 2820 3453 2867 extensa

1884 2934 2048 2971 manu
2094 2917 2160 2973 ad
2201 2924 2391 2987 peetus
2441 2912 2810 2984 imperatoris,
2870 2909 3007 2964 dixit
3053 2923 3068 2964 :
3117 2902 3265 2958 Nihil
3300 2900 3451 2956 aliud

1882 3024 2016 3078 rogo
2049 3008 2118 3063 ab
2162 3006 2392 3077 imperio
2434 3011 2553 3067 tuo,
2603 3002 2710 3057 nisi
2759 3002 2956 3055 animae
3016 3005 3121 3053 tute
3166 2996 3397 3051 salutem
3436 3008 3454 3047 :

197 3088 315 3140 ἀλλ’
373 3087 405 3157 ἢ
461 3089 562 3159 τὴν
620 3088 896 3159 σωτηρίαν
954 3090 1053 3160 τῆς
1096 3089 1279 3177 ψυχῆς
1342 3107 1459 3143 σου’
1512 3094 1617 3145 κάν
1662 3095 1774 3165 γάρ

1887 3116 2010 3155 nam
2057 3099 2186 3152 licet
2212 3098 2505 3167 imperator
2544 3094 2645 3159 sis,
2677 3102 2862 3148 tamen
2912 3099 2971 3146 ut
3004 3086 3255 3145 mortalis
3288 3085 3454 3139 homo

198 3181 456 3249 βασιλεὺς
515 3181 813 3251 τυγχάνῃς,
863 3180 981 3234 ἀλλ’
1033 3180 1111 3245 ὡς
1159 3176 1242 3244 εἷς
1298 3183 1409 3235 τῶν
1473 3183 1779 3253 ἀνθρώπων

194 3269 525 3339 τελευτῆσαι
556 3270 724 3340 ἔχεις,
749 3272 842 3323 καὶ
867 3272 947 3334 είς
977 3271 1162 3342 κρίσιν
1196 3272 1640 3343 παρασταθῆναι,
1683 3275 1780 3328 καὶ

194 3361 355 3428 λόγον
405 3361 591 3415 δοῦναι
627 3355 701 3415 ὧν
726 3361 971 3432 ἔπραξας
1024 3363 1279 3435 πονηρῶν
1336 3380 1395 3415 τε
1451 3366 1547 3418 καὶ
1596 3365 1780 3417 καλῶν

194 3454 398 3523 ἔργων.
458 3454 571 3506 Καὶ
610 3454 638 3505 6
707 3451 965 3524 βασιλεὺς
1013 3452 1188 3507 ταῦτα
1246 3453 1461 3508 ἀκούων
1509 3455 1778 3523 σταγόνας

194 3546 457 3615 δακρύων
499 3545 764 3614 προέχειν
828 3545 937 3599 ἀπὸ
984 3544 1096 3598 τῶν
1144 3546 1431 3616 ὀμμάτων.
1493 3542 1625 3600 Εἶτα
1683 3547 1778 3600 τὸν

195 3640 468 3706 στέφανον
502 3638 689 3700 κλίνας
720 3640 777 3690 ἐν
798 3638 919 3700 ταῖς
940 3636 1100 3707 χερσὶ
1132 3635 1228 3688 τοῦ
1259 3637 1440 3704 ἁγίου,
1477 3636 1572 3688 καὶ
1621 3637 1778 3689 εὐλο-

194 3731 391 3800 γηῦεὶς
440 3727 574 3799 παρ’
596 3728 762 3781 αὐτοῦ
795 3728 890 3781 σὺν
940 3729 1077 3781 πᾶσι
1109 3729 1222 3791 τοῖς
1266 3728 1382 3797 μετ’
1427 3728 1615 3792 αὑτοῦ,
1648 3729 1776 3780 ἐπο-

196 3825 391 3893 ρεύετο
417 3827 518 3894 τὴν
546 3822 686 3875 ὁδόν.
711 3820 853 3874 Ἀλλ’
882 3821 991 3874 οὐδ’
1032 3821 1207 3884 οὕτως
1234 3821 1495 3890 ἐξέφυγεν
1549 3820 1656 3874 τῶν
1681 3820 1775 3874 τοῦ

194 3910 330 3964 Θεοῦ
359 3912 645 3983 χριμάτων
674 3911 736 3962 τὸ
765 3912 963 3981 πέρας.
1021 3911 1240 3975 Εὐθέως
1282 3912 1391 3981 γὰρ
1418 3912 1587 3965 ἐλθὼν
1624 3913 1682 3964 ἐν
1708 3913 1775 3983 τῇ

207 4003 419 4076 Ῥώμῃ.
453 4004 550 4056 καὶ
606 4003 850 4066 στάσεως
888 4003 1038 4073 αὐτῷ
1092 4005 1393 4073 γενομένης
1415 4044 1431 4071 ,
1460 4002 1775 4074 ἀνεχώρησε

194 4096 440 4164 φεύγων,
484 4097 575 4147 καί
598 4094 739 4147 κατὰ
765 4095 865 4164 τὴν
922 4094 1042 4147 ὁδὸν
1078 4095 1450 4165 ἐτελεύτησεν.
1481 4096 1545 4148 Οἱ
1574 4096 1775 4160 δὲζΠα-

194 4190 351 4258 τέρες
393 4186 749 4255 διεγόγγυζον
784 4186 927 4238 κατά
965 4186 1059 4239 τοῦ
1099 4186 1354 4254 γέροντος
1387 4187 1463 4250 ὡς
1498 4186 1573 4257 μὴ
1622 4188 1776 4253 δεξα-

198 4282 365 4349 μένου
426 4278 529 4348 τὴν
591 4278 729 4347 πρὸς
751 4277 843 4331 τοῦ
887 4278 1151 4348 βασιλέως
1182 4277 1368 4348 χάριν,
1408 4280 1776 4349 μοναστήριον

194 4372 383 4429 αὑτοῖς
436 4370 791 4440 δωρήσασθαι
843 4368 1191 4439 βουλομένου.
1237 4370 1298 4423 '0
1331 4371 1387 4423 δὲ
1417 4372 1607 4440 Πατὴρ
1635 4372 1774 4441 πρὸς

1883 3189 2183 3245 moriturus
2240 3202 2302 3242 es
2338 3195 2391 3241 et
2454 3184 2663 3256 judicio
2716 3182 3022 3245 sistendus,
3073 3179 3455 3245 rationemque

1892 3278 2205 3335 redditurus
2226 3292 2417 3331 eorum
2448 3291 2593 3342 qua,
2614 3274 2731 3329 sive
2760 3273 2926 3337 bona,
2949 3273 3066 3326 sive
3096 3268 3236 3323 mala
3249 3266 3449 3337 egeris.

1881 3370 2330 3440 Qumimperator
2368 3368 2625 3430 audiens.
2669 3366 3037 3437 lacrymarum
3096 3369 3278 3431 guttas
3324 3359 3452 3412 fun-

1879 3463 2043 3516 debat
2083 3478 2151 3515 ex
2183 3461 2359 3515 oculis
2398 3477 2411 3512 :
2439 3458 2639 3513 deinde
2664 3471 2865 3512 corona
2893 3454 3133 3509 demissa
3168 3453 3220 3506 in
3254 3463 3452 3503 manus

1880 3553 2026 3609 beati
2058 3552 2159 3606 viri
2192 3560 2247 3606 et
2307 3549 2693 3605 benedictione
2740 3554 3019 3617 percepta,
3051 3560 3172 3597 cum
3205 3551 3317 3596 tnto
3352 3553 3452 3593 suo

1883 3646 2148 3701 comitatu
2188 3642 2465 3697 commisit
2493 3655 2552 3695 se
2578 3640 2700 3694 vim.
2727 3637 2838 3694 Nec
2862 3646 3043 3690 tamen
3072 3633 3259 3703 ell'ugit
3302 3632 3451 3703 judi-

1880 3740 2091 3791 ciorutn
2160 3734 2253 3787 Dei
2310 3733 2516 3787 exitum
2578 3744 2748 3784 :nam
2786 3728 2876 3783 ubi
2925 3728 3159 3798 primum
3225 3725 3451 3777 Romam

1881 3823 2147 3894 pervenit,
2178 3823 2374 3877 seditio
2408 3821 2461 3874 in
2488 3822 2669 3890 ipsum
2704 3826 2888 3872 coorta
2918 3824 3022 3879 est,
3050 3828 3214 3883 quam
3243 3810 3454 3879 fugiens

1881 3916 1934 3970 iu
1972 3916 2168 3969 itinere
2201 3912 2498 3966 defunctus
2535 3918 2620 3964 est
2660 3907 2794 3978 (79).
2850 3908 2917 3961 At
2961 3919 3090 3959 vero
3147 3901 3336 3955 Patres
3384 3899 3453 3954 de

1885 4024 2017 4064 sene
2052 4005 2558 4076 conquerebantur,
2593 4013 2739 4071 quou
2788 3998 3071 4066 reiecisset
3117 4010 3316 4048 munus
3350 3993 3455 4046 itu-

1882 4098 2155 4167 peratoris
2215 4092 2607 4147 monasterium
2660 4089 2770 4145 illis
2828 4086 3014 4156 largiri
3072 4083 3329 4139 volentis.
3392 4080 3450 4134 Et

1880 4188 2038 4243 Pater
2089 4187 2154 4238 ad
2195 4200 2330 4239 eos:
2358 4183 2471 4253 Ego
2499 4180 2745 4249 quidem,
2778 4194 2900 4249 quae
2928 4177 3063 4241 dixi,
3099 4183 3158 4228 ut
3187 4175 3452 4241 insipiens

1880 4278 2098 4333 locutus
2126 4292 2247 4331 sum
2287 4292 2301 4328 :
2339 4291 2437 4331 vos
2496 4284 2680 4328 autem
2709 4288 2817 4327 non
2841 4271 3014 4325 multo
3040 4278 3162 4338 post
3189 4266 3454 4331 intellige-

1879 4369 1973 4428 tis.
2002 4368 2127 4437 quis
2158 4378 2336 4420 vester
2370 4366 2442 4420 sit
2492 4380 2707 4421 sensus.
2763 4364 2953 4431 Itaque
3004 4376 3130 4416 eum
3167 4358 3452 4413 audissent

194 4466 396 4524 αἰτοίις
424 4464 559 4531 ἔφη·
604 4460 746 4530 Ἐγὼ
771 4461 867 4531 μὲν
905 4460 1094 4532 ὥσπερ
1128 4462 1318 4531 ἄφρων
1356 4462 1597 4532 ἐλάλησα
1626 4464 1765 4536 ἆπερ

1882 4467 1947 4518 de
1997 4461 2340 4530 imperatoris
2380 4467 2579 4526 morte,
2628 4457 2882 4513 admirati
2936 4463 3064 4510 sunt
3112 4452 3296 4507 eximii
3346 4447 3450 4503 viri

195 4549 375 4615 εἷπον,
425 4554 585 4618 ὑμεῖς
625 4553 681 4605 δὲ
718 4553 836 4621 μετ’
883 4553 1067 4621 ὀλίγον
1113 4552 1393 4621 γνώσεσθε
1425 4552 1459 4607 ἃ
1497 4558 1768 4623 φρονεῖτε.

1882 4554 2247 4626 prudentiam.

198 4645 351 4697 Μετὰ
376 4644 551 4695 mit:
586 4643 713 4708 γοῦν
742 4642 1074 4704 ἀκούσαντες
1101 4643 1201 4712 τὴν
1232 4642 1500 4711 τελευτὴν
1546 4644 1640 4697 τοῦ
1670 4644 1772 4715 βα-

198 4736 413 4797 σιλέως,
449 4733 771 4804 ἐῡαύμασαν
802 4733 899 4802 τὴν
924 4732 1020 4786 τοῦ
1060 4733 1303 4802 μμτγάλου
1330 4732 1663 4803 οἰκονομίαν.

1608 4876 1852 4939 CAPUT
1899 4881 2066 4943 XIV.

198 4985 460 5060 διοΡῙΜηί
490 4983 608 5050 Pius
644 4985 841 5060 οζνξωε.
873 4983 934 5039 S.
962 4982 1147 5060 ilus,
1192 5001 1254 5039 ne
1268 4986 1383 5060 sibi
1411 4985 1633 5060 horrores
1663 4990 1993 5060 deferantur,
2050 4992 2286 5046 studiose
2317 5000 2463 5045 cavet
2490 4997 2541 5046 et
2569 4986 2947 5060 monasterium
2995 4987 3109 5060 ideo
3151 4983 3445 5060 relinquens

271 5054 501 5129 (io-nam
578 5054 807 5129 tendit;_
854 5064 912 5107 at
982 5055 1039 5107 in
1099 5057 1419 5129 monasterio
1486 5058 1547 5113 S.
1606 5054 1828 5129 Agatho:
1892 5054 2224 5122 subsistens,

2300 5070 2484 5114 nactus
2563 5063 2627 5112 ab
2691 5059 2807 5127 agri
2871 5054 3160 5127 Tusculani
3238 5052 3452 5127 domino

280 5123 461 5176 locum
491 5123 841 5177 construendo
869 5126 1210 5189 monasterio,
1238 5126 1365 5178 dum
1382 5126 1477 5179 hoc
1535 5123 1714 5197 partit,
1779 5140 1962 5196 sancte
2018 5133 2247 5184 moritur
2270 5142 2320 5184 et
2358 5147 2390 5182 ιι
2434 5131 2544 5183 suis
2573 5143 2695 5182 cum
2726 5123 2925 5195 magno
2980 5126 3126 5178 luctu
3174 5123 3444 5189 sepelitur.

272 5237 355 5305 ιβ
366 5238 490 5293 ,Ἑν
512 5238 571 5291 δὲ
599 5238 721 5302 ταῖς
737 5239 972 5310 ἡμέραις
989 5239 1226 5302 ἐκείναις
1250 5239 1576 5311 ἠρρώστητο
1598 5243 1627 5296 6
1660 5260 1763 5311 μα-

267 5372 320 5403 "
344 5370 542 5425 Matth.
571 5386 625 5432 ι,
667 5370 756 5426 10.

1941 5244 2030 5299 94.
2061 5243 2165 5300 Per
2196 5244 2320 5299 illos
2352 5244 2467 5296 dies
2500 5240 2692 5296 incidit
2717 5240 2773 5295 in
2806 5240 3053 5294 morbum
3094 5237 3287 5291 beatus
3322 5232 3445 5288 Ste-

856 5371 904 5404 ⁸⁸
933 5370 1067 5428 Luc.
1099 5388 1236 5436 uti,
1262 5371 1353 5429 36.
1433 5375 1479 5409 ⁸⁸
1509 5374 1656 5430 Psal.
1683 5392 1766 5444 ιι,
1786 5376 1844 5441 2,
1877 5377 1933 5431 3.
2011 5376 2056 5408 "
2078 5376 2221 5432 Psal.
2253 5391 2373 5439 stu,
2407 5376 2461 5431 5.

1467 5495 1734 5557 Joannis
1762 5494 1896 5559 Clei
1934 5502 2122 5557 notae.

276 5586 389 5648 (79)
426 5587 548 5641 llaec
586 5588 760 5660 etiam
816 5604 882 5643 ex
937 5605 1179 5655 rumore,
1243 5599 1299 5645 et
1350 5591 1567 5660 quidem
1609 5592 1769 5657 falso,

205 5657 730 5731 accepisse‘videtur
788 5659 1137 5731 biograpltus.
1193 5657 1508 5731 (lente—jam
1579 5678 1767 5731 parem

207 5737 466 5798 rogaraut
501 5727 759 5790 Romani,
826 5727 926 5784 nec
958 5731 1010 5783 in
1047 5730 1171 5789 fuga
1207 5731 1341 5785 obiit
1386 5729 1535 5792 Otto.
1581 5727 1677 5789 sed
1711 5735 1765 5787 in

1882 5593 2161 5647 territorio
2220 5591 2459 5646 civitatis
2501 5588 2823 5643 Castellana:
2865 5588 3010 5639 lenta
3036 5584 3170 5638 febri
3211 5583 3444 5637 hausto-

1877 5678 2003 5728 que,
2031 5673 2087 5715 ut
2107 5662 2426 5730 conjicitur.
2451 5677 2680 5717 Veneno.
2700 5658 2989 5730 tranquille
3007 5658 3442 5730 esstinctusest.

1886 5721 2017 5787 Vide
2039 5721 2397 5786 Muratorium
2424 5730 2703 5785 laudatum
2724 5728 2788 5783 ad
2808 5721 2982 5781 annos
3004 5723 3133 5779 1001
3161 5730 3215 5780 et
3250 5721 3404 5777 tona.
