4196 6430
724 383 833 447 159

2176 385 2521 446 ΛΝΟΝΥΜΙ

3884 389 3985 461 160

722 502 894 570 pha‘eis
928 502 1053 557 licet
1088 503 1214 555 hinc
1248 502 1412 555 etiam
1447 502 1608 554 fidem
1638 501 1979 556 habentibus-
2004 502 2145 557 sicut
2171 519 2296 573 gra-

2418 508 2535 558 τᾶσι
2562 506 2656 558 καὶ
2696 504 2907 575 ἔλεγεν,
2939 507 3022 561 ὅτι
3067 506 3208 572 Τοὺς
3241 511 3639 582 πανευφήμους
3686 513 3782 567 καὶ
3810 513 3986 577 ὅντως

724 609 855 646 nnm
907 593 1140 659 sinapis,
1210 592 1617 645 venerationem
1701 589 1919 644 deferre
1981 608 1993 643 :
2057 591 2309 658 quamvis

724 700 829 753 ego
860 685 1119 754 indignus
1149 685 1275 746 sint,
1307 684 1398 751 qui
1442 683 1523 734 vel
1549 684 1667 735 solo
1713 682 1935 736 nomine
1970 696 2067 736 eos
2124 684 2310 751 appel—

722 776 855 837 lem,
890 776 941 827 in
976 776 1123 828 hunc
1158 790 1318 844 porro
1367 786 1585 828 tenuem
1610 774 1802 828 deveni
1855 775 2033 828 lorum
2094 791 2199 827 non
2231 775 2309 828 ale

723 868 897 919 terius
949 869 1022 921 rei
1075 881 1264 930 causa,
1302 882 1463 933 quant
1527 876 1585 919 ut
1639 867 1783 920 diem
1852 882 2030 919 meum
2093 867 2308 920 obeam.

728 957 897 1011 Porro
931 969 1107 1011 autem
1142 959 1290 1011 illius
1320 958 1504 1026 oppidi
1546 957 1825 1019 dominus,
1856 956 2152 1027 Gregorius
2194 958 2309 1026 (85)

728 1051 967 1113 nomine,
1020 1050 1311 1120 tyrannide
1369 1050 1591 1118 quidem
1642 1060 1693 1105 et
1738 1050 1980 1117 nequitia
2052 1050 2305 1116 insignis,

729 1145 825 1197 sed
856 1145 1157 1212 sagacitate
1200 1151 1429 1196 ornatus
1481 1151 1532 1195 et
1576 1143 1886 1211 prudentia.
1929 1142 2211 1198 descendit
2255 1152 2308 1197 et

724 1246 1037 1303 prostratus
1068 1235 1131 1288 ad
1163 1236 1337 1289 sant-ti
1381 1236 1479 1288 viri
1528 1236 1692 1303 pcdcs
1752 1236 1824 1288 ita
1868 1236 2078 1287 dicebat
2131 1252 2144 1288 :
2199 1234 2308 1305 Ego

726 1327 973 1392 quidem,
1020 1344 1179 1383 serve
1217 1328 1309 1381 Dei
1348 1328 1717 1388 altissimi,ob
1752 1328 1916 1379 multa
1943 1337 2165 1394 pecvata
2189 1342 2306 1380 mea

725 1420 925 1489 dignus
952 1437 1058 1474 non
1087 1438 1231 1484 sum,
1284 1433 1340 1474 ut
1388 1422 1560 1475 intres
1613 1420 1944 1473 Sttbtertum
1996 1434 2201 1481 meum,
2255 1428 2309 1471 et

726 1515 873 1566 unde
920 1515 1049 1565 mihi
1078 1514 1203 1576 hoc,
1249 1523 1306 1567 ut
1332 1520 1555 1566 sanctus
1609 1510 1820 1565 Domini
1885 1511 1987 1564 mei
2024 1512 2203 1564 veniat
2241 1510 2307 1564 ad

732 1620 819 1657 me
847 1604 871 1658 ?
902 1604 1007 1658 Sed
1064 1592 1285 1675 quando
1332 1604 1575 1675 Magistri
1607 1612 1661 1657 et
1711 1603 1926 1657 Domini
1950 1604 2026 1655 tui
2062 1603 2309 1671 exemplo

729 1714 817 1751 me
845 1699 1375 1768 peccatoremjustis
1412 1696 1717 1766 praetulisti,
1753 1710 1880 1750 ecce
1910 1696 2109 1749 domus
2166 1710 2306 1758 mea,

728 1798 1012 1857 totumque
1064 1805 1189 1843 cum
1244 1805 1344 1841 suo
1401 1804 1530 1857 agro
1583 1786 1844 1855 oppidum
1909 1796 2034 1838 ante
2095 1796 2145 1837 te
2200 1794 2305 1838 est.

729 1876 1007 1949 Quidquid
1044 1881 1109 1935 de
1139 1884 1207 1937 iis
1235 1882 1472 1942 libuerit,
1523 1880 1738 1950 juneto.

2416 598 2925 666 cptapaxapia‘rw;
2987 601 3083 651 καὶ
3132 602 3465 668 κορυφαίους
3502 604 3612 655 τῶν
3668 605 3989 659 ἀποστόλων

2414 688 2506 740 καὶ
2533 688 2783 741 ἐντεῦθεν
2803 689 3026 744 δυνατὸν
3052 694 3166 753 τοῖς
3192 692 3375 745 πίστιν
3394 692 3469 755 ὡς
3494 696 3693 748 κόκκον
3718 699 3993 762 σινάπεως

2414 781 2776 849 κεκτημένοις
2833 782 3032 847 αὐτοὺς
3082 786 3481 855 προσκυνῆσαι,
3517 788 3565 840 εί
3601 789 3693 841 καὶ
3722 788 3832 856 ἐγὼ
3856 791 3991 846 ἀνά-

2416 870 2526 933 ξιος
2581 872 2784 925 καὶτοῦ
2818 874 2980 943 μόνον
3007 876 3205 941 αὐτοὺς
3234 878 3527 946 ὀνομάσαι.
3572 881 3663 958 Ἐγ
3693 881 3877 950 μέντοι
3906 882 3988 955 τῷ

2412 959 2623 1012 εὐτελεῖ
2653 960 2802 1029 τόπῳ
2850 962 3024 1029 τούτῳ
3063 964 3131 1017 δι’
3156 965 3310 1019 οὐδὲν
3334 967 3465 1021 ἄλλο
3518 968 3773 1037 ἐλήλυθα,
3821 972 3870 1025 εί
3906 970 3985 1042 μὴ

2416 1051 2577 1119 μόνον
2615 1053 2702 1106 δια
2727 1054 2786 1106 τὸ
2811 1054 3151 1123 τελευτῆσαι.
3218 1059 3278 1110 Ὀ
3301 1059 3356 1111 δὲ
3414 1060 3598 1130 ἄρχων
3652 1061 3753 1129 τῆς
3794 1063 3992 1133 κώμης

2410 1144 2626 1214 ἐκείνης
2650 1146 2951 1216 Γρηγόριος
2971 1147 3047 1218 τῷ
3068 1149 3316 1218 ὀνόματι,
3350 1152 3677 1221 περιϐόητος
3712 1156 3769 1206 ὲν
3791 1172 3994 1225 τυραν-

2410 1237 2513 1288 νίδι
2546 1237 2641 1289 καὶ
2700 1238 2883 1310 ἀδικίᾳ
2947 1241 3253 1310 τυγχάνων,
3322 1242 3445 1295 λίαν
3480 1244 3536 1297 δὲ
3592 1246 3851 1315 ἀγχίνους
3892 1252 3993 1301 καὶ

2413 1329 2628 1381 συνέσει
2690 1333 3133 1403 κεκοσμημένος,
3204 1335 3487 1388 κατελθὼν
3532 1339 3627 1390 καὶ
3661 1332 4015 1408 προσπεσὼν’

2410 1424 2521 1482 τοῖς
2554 1422 2681 1473 ποσὶ
2710 1423 2806 1475 τοῦ
2843 1426 2998 1492 ἀγίον
3051 1427 3204 1495 ἔλεγε
3236 1427 3407 1480 ταῦτα
3433 1446 3446 1460 ’
3487 1429 3630 1493 Ἐγὼ
3660 1432 3780 1499 μὲν,
3829 1432 3990 1485 δοῦλε

2409 1512 2504 1565 τοῦ
2534 1513 2670 1565 Θεοῦ
2695 1514 2790 1567 τοῦ
2824 1516 3077 1585 ὑψίστου,
3118 1517 3208 1570 διὰ
3233 1520 3331 1581 τὰς
3362 1520 3563 1580 πολλάς
3587 1538 3685 1589 μου
3716 1522 3997 1592 ἁμαρτίας

2410 1604 2511 1657 οὐκ
2535 1604 2652 1673 είμλ⁸
2687 1605 2894 1671 ἱκανὸς,
2932 1608 3020 1660 ἵνα
3052 1627 3155 1677 μου
3195 1610 3298 1662 ὑπὸ
3328 1610 3426 1679 τὴν
3456 1612 3657 1681 στέγην
3698 1613 3950 1686 εἰσέλθῃς
3980 1630 3994 1643 ·

2413 1695 2509 1747 καὶ
2542 1696 2708 1751 πόθεν
2764 1715 2855 1768 μοι
2898 1699 3078 1761 τοῦτο,
3110 1701 3195 1753 ἶνα
3243 1701 3373 1773 ἔλθῃ
3400 1704 3428 1755 ό
3456 1702 3611 1766 ᾶγιος
3648 1704 3739 1757 τοῦ
3784 1704 3996 1774 Κυρίου

2419 1805 2521 1855 μου
2556 1792 2692 1859 πρός
2726 1808 2826 1859 με;
2872 1792 3091 1861 Ἐπειδὴ
3118 1793 3174 1844 δὲ
3211 1794 3550 1863 μιμούμενος
3580 1795 3671 1849 τὸν
3726 1797 3817 1850 σὺν
3842 1798 4001 1852 825i-

2344 1872 2385 1926 Β
2418 1880 2615 1935 σκαλον
2646 1884 2739 1933 καὶ
2769 1885 3049 1953 Δεσπότην
3098 1889 3458 1955 προετιμήσω
3487 1906 3555 1958 με
3584 1889 3677 1943 τὸν
3727 1891 3997 1961 ἁμαρτω-

726 1974 816 2026 λὸν
847 1974 956 2028 τῶν
983 1975 1229 2039 δικαίων,
1299 1975 1457 2029 ίδοὺό
1499 1971 1647 2039 οἶκός
1704 1992 1831 2045 μου,
1877 1972 1970 2027 καὶ
2032 1973 2179 2026 ἆπαν
2214 1973 2312 2025 σὺν
2344 1975 2456 2036 τοῖς
2496 1975 2845 2047 περιχωρέοις
2898 1977 3063 2031 αὐτοῦ
3098 1978 3157 2031 τὸ
3200 1978 3515 2033 καστέλλιον
3570 1982 3676 2053 πρὸ
3706 1981 4001 2053 προσώπου

730 2086 823 2121 σου
847 2085 861 2099 ·
905 2071 957 2122 εί
990 2088 1040 2122 τι
1066 2069 1308 2133 κελεύεις
1340 2072 1467 2139 περὶ
1498 2070 1699 2134 αὐτῶν,
1745 2068 2066 2140 πρόσταξον.

802 2189 890 2243 97.
924 2188 1225 2259 Respondit
1255 2191 1445 2245 beatus
1477 2189 1641 2245 Pater
1678 2208 1692 2243 :
1719 2190 2016 2244 Benedicat
2038 2187 2305 2243 Dominus

731 2289 787 2335 et
840 2282 935 2336 tibi
964 2292 1018 2336 et
1044 2283 1153 2335 tuis
1184 2291 1239 2336 et
1269 2282 1455 2336 domui
1508 2291 1615 2335 tua:
1639 2291 1695 2335 et
1722 2282 1923 2351 oppido
1964 2289 2079 2333 tuo.
2129 2279 2310 2332 Parti-

730 2376 913 2429 culam
950 2377 1003 2429 in
1030 2376 1239 2431 ditione
1276 2385 1365 2430 tua
1394 2376 1553 2431 nobis
1585 2376 1847 2441 concede,
1883 2385 1939 2430 ut
1975 2375 2217 2445 quietem
2253 2376 2307 2428 in

734 2482 798 2521 ea
869 2468 1013 2521 nacti
1084 2468 1252 2521 Deum
1317 2484 1417 2537 pro
1467 2470 1707 2538 peccatis
1764 2470 1970 2523 nostris
2010 2469 2309 2539 propitium

734 2560 1037 2621 reddamus
1064 2568 1118 2615 et
1150 2575 1250 2627 pro
1282 2560 1459 2614 salute
1491 2571 1581 2614 tua
1618 2576 1809 2629 preces
1847 2561 2312 2617 fundamus.Gre-

734 2649 923 2717 gorlus
994 2661 1177 2705 autem
1231 2666 1422 2721 magna
1483 2653 1771 2707 alacritate
1832 2653 2115 2722 implebat.
2164 2655 2311 2724 quod

736 2740 954 2807 jussum
986 2748 1124 2792 erat.
1155 2741 1223 2793 At
1244 2757 1373 2795 vero
1439 2740 1663 2806 fratres,
1730 2742 1823 2811 qui
1873 2742 1927 2796 in
1978 2744 2315 2799 monasterio

735 2842 1138 2897 remanserant,
1184 2843 1308 2901 post
1355 2833 1619 2889 bimestre
1648 2837 1909 2903 spatium,
1941 2835 2313 2905 audito,qnod

738 2922 899 2977 Pater
928 2939 1034 2977 non
1068 2934 1435 2979 reverteretur
1466 2927 1721 2995 amplius,
1755 2939 2101 2983 recesserunt
2122 2944 2317 2999 aspor-

737 3022 918 3069 tantes
935 3030 1121 3070 secum
1148 3016 1403 3081 utelotas,
1438 3018 1805 3072 succinctoria
1835 3027 1889 3073 et
1920 3020 2153 3088 reliqua,
2192 3034 2317 3089 pcr-

738 3119 1118 3179 veneruntque
1174 3110 1504 3174 ad.locum,
1582 3113 1937 3167 construendi
1999 3118 2317 3171 monasterii

740 3203 962 3257 nomine
988 3218 1016 3256 a
1046 3203 1420 3272 principeiltis
1457 3204 1720 3259 dicatum.
1756 3204 1911 3271 Quod
1935 3208 2026 3261 ubi
2062 3208 2318 3278 cognovit

740 3294 826 3347 vir
857 3295 1230 3357 beatissimus,
1266 3295 1829 3352 nimirumadvenissc
1865 3298 2321 3361 illos,exsultavit

742 3385 965 3452 Spiritu,
1000 3385 1443 3455 significavitque
1500 3388 1614 3442 illis
1673 3388 1785 3442 haec
1841 3405 1937 3459 per
1987 3392 2239 3444 nuntium
2301 3408 2315 3447 :

2482 2186 2588 2253 ις’.
2658 2186 2718 2240 '0
2762 2186 2817 2239 δὲ
2874 2188 3146 2256 μακάριος
3221 2188 3563 2259 ἀπεκρίνατο
3613 2189 3748 2257 πρὸς
3801 2187 3994 2241 αὐτόν·

2411 2279 2720 2350 Εὐλογήσαι
2752 2282 2959 2349 Κύριος
2980 2281 3075 2333 καὶ
3105 2281 3163 2333 σὲ
3192 2283 3284 2335 καὶ
3320 2284 3445 2344 τοὺς
3476 2283 3570 2335 σὺν
3596 2270 3676 2349 ¹τῷ
3706 2283 3839 2348 οἴκῳ
3879 2298 3999 2344 σου,

2411 2372 2507 2425 καὶ⁵
2540 2375 2606 2443 τῇ
2632 2371 2794 2443 κώμῃ
2820 2391 2936 2426 σου.
2970 2374 3151 2444 Μέρος
3181 2375 3237 2427 δὲ
3261 2375 3443 2443 ὀλίγον
3479 2377 3535 2427 ὲν
3560 2375 3637 2445 τῷ
3663 2377 3852 2445 κράτει
3888 2392 3987 2428 σου

2413 2466 2543 2535 ἡμῖν
2599 2465 2949 2535 διαχώρισον.
2994 2467 3143 2530 ὅπως
3168 2469 3224 2519 ἑν
3264 2467 3415 2537 αὐτῷ
3469 2468 3845 2537 ἡσυχάσαντες
3904 2469 4001 2521 τὸν

2414 2560 2547 2611 Θεὸν
2586 2560 2725 2629 ὑπὲρ
2747 2560 2856 2612 τῶν
2878 2560 3168 2631 ἁμαρτιῶν
3198 2561 3357 2631 ήμῶν
3401 2560 3841 2631 ὲξιλεωσὼμεθα,
3898 2563 3998 2617 καὶ

2416 2649 2558 2720 ὑπὲρ
2596 2649 2693 2719 τῆς
2726 2649 2828 2719 σῆς
2876 2649 3154 2719 σωτηρίας
3206 2650 3517 2719 εὐξώμεθα.
3565 2651 3698 2703 Τότε
3729 2654 3755 2703 ὁ
3788 2651 4005 2721 Γρηγό-

2420 2756 2533 2809 ριος
2555 2739 2693 2807 μετᾶ
2733 2740 2935 2807 πολλῆς
2987 2740 3089 2807 τῆς
3134 2739 3447 2809 προθυμίας
3486 2740 3787 2809 ἐξεπλήρου
3816 2741 3875 2791 τὸ
3908 2759 4004 2792 κε-

2417 2832 2736 2901 λευόμενον.
2775 2833 2839 2884 Οἱ
2868 2832 2925 2883 δὲ
2944 2833 3409 2900 ὲναπομείναντες
3443 2835 3500 2884 ὲν
3522 2835 3588 2902 τῇ
3629 2835 3761 2902 μονῇ
3783 2833 4008 2900 ἀδελφοὶ

2422 2924 2561 2994 μετὰ
2582 2925 2674 2976 δύο
2695 2924 2908 2995 ἡμέρας
2929 2924 3115 2993 μηνῶν
3142 2924 3429 2993 μαθόντες,
3450 2926 3530 2977 ὅτι
3549 2925 4003 2993 ούκάποστρεξει

2422 3018 2557 3088 πρὸς
2592 3019 2788 3080 αὐτοὺς
2820 3020 2847 3070 ό
2880 3019 3089 3088 Πατὴρ,
3117 3019 3431 3087 ἀπάραντες
3468 3020 3580 3081 τοῖς
3630 3018 4005 3087 μηλωταρίοις

2422 3112 2519 3163 καὶ
2543 3109 2918 3180 περιϐολαίοις
2943 3109 3037 3163 καὶ
3059 3110 3172 3171 τοῖς
3197 3107 3430 3170 λοιποῖς,
3466 3107 3765 3161 κατέλαϐον
3787 3108 3875 3159 τὸν
3896 3108 4005 3161 ὑπὸ

2420 3202 2514 3255 τοῦ
2548 3204 2808 3273 ἄρχοντος
2862 3202 3243 3271 ἀφιερωῦέντα
3302 3202 3469 3253 τόπον
3512 3201 3696 3262 αὐτοῖς
3746 3201 3805 3251 ὲν
3856 3201 4004 3271 λόγῳ

2426 3296 2593 3363 μονῆς
2620 3312 2633 3325 ·
2681 3293 2869 3365 μαθὼν
2913 3292 3095 3347 τοίνυν
3124 3294 3152 3345 ὁ
3188 3294 3651 3363 παμμακάριστος
3680 3292 3868 3361 Πατὴρ
3894 3294 4001 3364 τὴν

2423 3388 2608 3453 ἄφιξιν
2656 3387 2839 3440 αὐτῶν
2878 3424 2893 3447 ,
2958 3384 3345 3461 ἡγαλλιάσατο⁹
3381 3383 3460 3448 τῷ
3518 3382 3791 3452 πνεύματι
3834 3426 3851 3446 ,
3909 3387 4009 3437 καὶ

743 3450 955 3543 sufficit
980 3450 1136 3541 mihi,
1162 3450 1434 3533 Patres-et
1458 3479 1678 3544 fratres,
1716 3450 1858 3548 quod
1896 3480 1966 3535 ob
1990 3480 2079 3535 Dei
2106 3483 2315 3551 meique

2420 3477 2721 3546 δεδήλωκεν
2770 3478 2955 3539 αὐτοῖς
2986 3492 3003 3509 ⁶
3032 3474 3289 3546 Ἀρκετόν
3348 3491 3459 3544 μοι’
3514 3468 3559 3526 ὦ
3619 3475 3858 3539 Πατέρες
3908 3475 4010 3527 καὶ

742 3583 986 3621 amorem
1048 3569 1292 3624 laborem
1335 3570 1618 3639 ceperitis,
1674 3581 1730 3624 ut
1786 3571 1965 3626 istltuc
2035 3575 2315 3628 veniretis.

741 3657 899 3713 Nunc
923 3662 1088 3730 igitur
1129 3660 1455 3717 cbaritatem
1494 3672 1727 3718 vestram
1765 3680 1919 3735 rogo,
1955 3675 2015 3719 ut
2038 3679 2320 3736 exspecte-

744 3754 840 3817 tis,
872 3756 1050 3810 donec
1084 3767 1138 3811 et
1166 3757 1282 3826 ipse
1308 3758 1523 3812 veniam
1558 3759 1625 3813 ad
1649 3774 1767 3814 vos.
1801 3759 1937 3813 Dum
1970 3761 2137 3830 igitur
2168 3769 2320 3830 parat

744 3862 806 3902 se
834 3848 899 3900 ad
937 3849 1258 3902 solvendum
1292 3851 1621 3917 promissum
1656 3851 1768 3904 suis
1810 3849 2038 3919 pedibus
2073 3852 2319 3921 (aberant

743 3942 890 3993 enim
940 3940 1134 3995 fratres
1162 3942 1267 3996 tria
1292 3942 1405 3997 fere
1433 3943 1599 3996 millia
1634 3944 1941 4011 passuum),
2004 3945 2321 3999 convocatis

745 4030 813 4085 ad
844 4047 903 4085 se
936 4029 1219 4097 fratribus,
1248 4033 1339 4099 qui
1377 4048 1564 4087 secum
1601 4043 1781 4097 erant,
1817 4049 1928 4087 una
1990 4048 2117 4088 cum
2152 4036 2322 4103 begu-

746 4140 907 4177 tneuo
975 4124 1147 4179 Paulo
1203 4126 1339 4195 (86),
1406 4128 1494 4181 cui
1541 4126 1918 4207 pra-fecturam
1972 4129 2323 4183 commiserat

746 4226 872 4271 ante
928 4218 1131 4271 multos
1186 4219 1328 4285 dies,
1368 4221 1484 4275 viro
1524 4229 1579 4275 et
1624 4221 1916 4289 prudentia
1953 4232 2007 4275 et
2053 4230 2214 4277 aetate
2268 4230 2324 4277 et

749 4309 1149 4364 exerciiatione
1191 4312 1319 4364 vita;
1358 4313 1678 4366 monasticae
1707 4320 1762 4366 et
1814 4312 2179 4382 philosophiae
2206 4324 2325 4369 stu-

748 4402 858 4457 diis
886 4403 1131 4471 antiquo,
1168 4403 1455 4459 distribuit
1496 4405 1608 4459 illis
1643 4420 1818 4473 pauca
1868 4420 2177 4472 pannorum
2208 4406 2319 4458 fru-

751 4504 856 4556 sta,
896 4492 1053 4561 (nihil
1078 4494 1220 4547 enim
1254 4495 1512 4548 mundani
1559 4496 1721 4564 plane
1748 4495 1823 4549 illi
1845 4496 2008 4565 erat),
2043 4495 2126 4549 vel
2157 4510 2323 4548 unum

748 4599 824 4636 ωε
856 4582 1144 4648 minutum,
1169 4595 1396 4654 tumque
1433 4586 1551 4637 dari
1589 4585 1690 4639 sibi
1730 4585 1895 4651 jussit
1948 4584 2213 4638 sumenda
2250 4584 2328 4637 vi-

752 4674 913 4727 vifica
939 4674 1144 4728 Christi
1186 4677 1466 4745 mysteria.
1501 4675 1704 4730 Deinde
1766 4676 2074 4747 ltegumeno
2107 4687 2161 4731 et
2214 4676 2326 4728 fra—

2418 3573 2661 3638 ἀδελφοὶ,
2690 3574 2774 3625 ὅτι
2832 3572 2921 3625 διὰ
2951 3572 3050 3642 τὴν
3079 3569 3174 3622 τοῦ
3206 3570 3342 3623 Θεοῦ
3372 3568 3594 3636 ἀγάπην
3621 3572 3715 3622 καὶ
3743 3571 3839 3638 τὴν
3863 3569 4009 3639 ἐμὴν

2420 3663 2684 3734 ἑσκύλητε
2707 3663 2810 3727 ἕως
2835 3663 3019 3717 αὐτοῦ.
3065 3662 3181 3715 Νῦν
3204 3662 3295 3716 οὖν
3324 3664 3629 3733 παρακαλῶ
3658 3662 3756 3731 τὴν
3780 3662 4009 3731 ἀγάπην

2424 3754 2600 3822 ὑμῶν,
2636 3756 2726 3807 ἵνα
2760 3754 3119 3825 περιμείνητε
3175 3756 3367 3825 μέχρις
3402 3757 3467 3808 ἂν
3491 3755 3586 3808 καὶ
3637 3756 3801 3815 αὐτὸς
3855 3752 4011 3805 ἐλεύ-

2426 3863 2608 3915 σωμαι
2644 3845 2778 3914 πρὸς
2822 3848 2989 3915 ὑμᾶς.
3042 3844 3130 3900 Ἐν
3169 3846 3247 3917 τῷ
3280 3845 3372 3899 οὖν
3403 3846 3795 3915 ἑτοιμάζεσἿαι
3833 3845 4009 3897 αὐτὸν

2422 3939 2518 3992 τοῦ
2545 3940 2942 4007 ἀποπληρῶσαι
2992 3940 3325 4009 αὐτομάτοις
3361 3940 3489 3992 ποσὶ
3511 3942 3611 4005 τὴν
3638 3942 3845 3991 οἰκείαν
3871 3939 4006 3991 σύνο

2423 4032 2577 4097 ταξιν
2598 4048 2613 4064 ’
2651 4028 2791 4101 ἦσαν
2838 4034 2945 4102 γὰρ
2976 4034 3026 4085 οί
3057 4032 3277 4100 ἀδελφοὶ
3316 4033 3390 4094 ὡς
3417 4032 3525 4085 ἀπὸ
3558 4033 3748 4101 μιλίων
3786 4031 3955 4099 τριῶν
3989 4049 4005 4062 ο

2426 4125 2905 4194 συγκαλεσάμενος
2931 4126 3059 4187 τοὺς
3082 4124 3640 4194 προσκαρτεροῦντας
3682 4124 3830 4194 αὐτῷ
3854 4124 4010 4176 ἁδελ-

2426 4218 2560 4284 φοὺς
2591 4217 2685 4269 σὺν
2729 4216 2809 4286 τῷ
2847 4215 3138 4285 ἡγουμένῳ
3190 4215 3409 4283 Παύλῳ,
3445 4208 3490 4283 ᾧ
3531 4211 3599 4285 ἦν
3634 4216 3741 4283 πρὸ
3791 4214 4012 4270 πολλῶν

2425 4307 2953 4377 προκεχειρισμένος
3003 4306 3229 4376 ἡμερῶν
3288 4310 3387 4375 τὴν
3440 4307 3786 4376 ἠγεμονίαν,
3848 4308 4013 4377 ἀνδρὶ

2428 4400 2645 4468 παλαιῷ
2685 4400 2785 4452 καὶ⁵
2816 4400 2916 4466 τὴν
2948 4398 3234 4468 φρόνησιν,
3261 4400 3356 4449 καὶ
3386 4398 3485 4467 τὴν
3517 4397 3756 4465 ἡλικίαν,
3791 4400 3885 4450 καῖ.
3906 4399 4014 4467 τὴν

2425 4494 2681 4561 ἄσκησιν,
2734 4492 2829 4544 καὶ
2884 4492 2983 4559 τὴν
3038 4490 3380 4559 φιλοσοφίαν·
3415 4490 3628 4551 τούτοις
3668 4490 4009 4560 διαμερίσας

2425 4587 2495 4638 τὰ
2528 4586 2697 4654 μικρά
2730 4585 2897 4656 ῥάκια
2918 4583 3084 4637 αὑτοῦ
3113 4583 3197 4651 (οὗ
3228 4582 3337 4652 γὰρ
3366 4582 3495 4635 ἄλλο
3520 4582 3571 4635 τί
3604 4599 3732 4635 ποτε
3758 4577 3825 4651 ἦν
3857 4581 4015 4651 αὐτῷ

2428 4679 2523 4732 τοῦ
2555 4678 2811 4748 κόσμου),
2838 4680 2945 4742 ἕως
2966 4678 3063 4730 καὶ
3089 4676 3181 4729 τοῦ
3213 4676 3443 4747 ἐσχάτου
3470 4674 3673 4728 λεπτοῦ
3695 4714 3709 4737 ,
3756 4675 4014 4728 ἐκέλευσε

753 4766 976 4819 trilnts':
1022 4762 1289 4831 Obsecro,
1346 4766 1548 4835 inquit,
1580 4781 1701 4830 vos,
1731 4776 1793 4819 ut
1828 4767 1875 4820 si
1933 4780 1965 4820 ο
2000 4767 2105 4818 vita
2130 4781 2315 4820 exces-

2438 4769 2759 4842 μεταλαϐεῖν
2784 4771 2892 4823 τῶν
2913 4770 3195 4835 {won-0t.th
3227 4768 3325 4822 τοῦ
3381 4767 3623 4838 Χριστοῦ
3662 4767 4009 4837 μυστηρίων.

754 4872 903 4922 sero,
935 4856 1055 4912 sine
1086 4872 1237 4912 mora
1298 4873 1503 4928 corpus
1548 4873 1729 4912 meum
1788 4866 1935 4913 tetra
2002 4858 2334 4935 contegatis,

2449 4860 2683 4912 Ἔπειτα
2702 4860 2852 4928 λέγει
2882 4860 2959 4929 τῷ
2985 4858 3276 4929 ἡγουμένῳ
3298 4858 3393 4911 καὶ
3418 4860 3533 4921 τοῖς
3561 4857 3809 4925 ἀδελφοῖς
3832 4873 3844 4885 ·
3880 4856 4013 4908 Δέο-

2020 5034 2290 5097 Joannis
2316 5034 2449 5097 Clei
2488 5043 2682 5099 notae.

829 5166 940 5230 (85)
968 5164 1234 5219 Ohservat
1266 5164 1403 5215 idem
1455 5162 1853 5217 Sciommarius
1887 5170 2012 5214 nota
2052 5162 2142 5223 Π,
2185 5158 2324 5213 Gre-

756 5237 968 5302 gorium
995 5237 1142 5286 hunc
1180 5233 1552 5287 Tusculanum
1577 5233 1857 5294 comitem,
1888 5231 2059 5285 fuisse
2088 5232 2324 5302 duorum

762 5298 1132 5357 Romanorum
1197 5302 1543 5359 Pontificum.
1610 5302 1883 5355 Benedicti
1947 5303 2161 5355 scilicet
2213 5298 2326 5361 VII,

759 5378 898 5429 alias
958 5372 1094 5431 Vlll,
1119 5380 1171 5423 et
1224 5371 1452 5425 Joannis
1515 5370 1659 5429 XIX,
1714 5374 1850 5426 alias
1909 5370 2029 5435 XX,
2096 5380 2328 5434 patrem,

764 5460 976 5498 necnon
1008 5458 1169 5495 avum
1224 5442 1435 5493 Bt-nmlia
1460 5443 1496 5494 ti
1531 5440 1667 5504 Vlll,
1721 5443 1857 5495 alias
1922 5440 2010 5494 IX.
2066 5441 2327 5500 Consule,

761 5516 805 5571 si
846 5514 995 5571 libet,
1052 5511 1298 5565 Kircheri
1350 5512 1527 5565 nostri
1565 5510 1853 5566 llistoriam
1903 5507 2335 5565 f-Instathio-Ma-

764 5585 1006 5640 rianam.
1043 5594 1193 5647 parte
1234 5597 1291 5641 tt,
1340 5598 1459 5648 rap.
1498 5582 1550 5643 4,
1587 5583 1675 5633 ubi
1709 5583 1774 5633 de
1825 5586 2089 5635 comitum
2126 5578 2337 5632 Tuscu-

766 5654 856 5775 Isin
868 5668 1021 5704 orum
1042 5662 1209 5719 sttrpe
1233 5664 1287 5703 et
1318 5654 1614 5721 propagine
1638 5651 1815 5704 fusius
1831 5662 2025 5704 tractat
2047 5666 2111 5704 es
2131 5648 2335 5702 Zazara

768 5740 797 5775 α
819 5738 1026 5775 usone.

768 5738 1026 5788 atttsqnc.

844 5784 965 5856 (86)
999 5792 1302 5845 Recusante
1334 5790 1545 5845 abbatis
1584 5800 1637 5845 et
1696 5790 1981 5857 begumeoi
2021 5790 2236 5843 titulum
2273 5784 2329 5843 S.

785 5862 928 5922 Nilo,
963 5864 1061 5917 hoc
1098 5865 1311 5917 nomine
1353 5863 1457 5927 iam
1499 5860 1678 5928 aliquo
1713 5871 1953 5929 tempore
1997 5868 2120 5914 ante
2162 5874 2256 5914 san

2424 5162 2638 5218 obitum
2670 5159 2890 5230 praefuit
2922 5157 3172 5230 Paulus:
3201 5164 3255 5209 at
3279 5162 3501 5230 quanto.
3520 5152 3597 5230 illi
3618 5148 4012 5230 supervixerit,

2427 5246 2539 5286 non
2622 5218 2758 5285 satis
2816 5237 3056 5283 constat.
3123 5225 3178 5278 In
3244 5218 3387 5280 serie
3452 5218 3710 5276 abbatum
3769 5218 4015 5287 (ζημιω-

2428 5301 2837 5356 Ferratensium
2883 5300 3025 5351 inter
3068 5296 3296 5349 Paulum
3344 5292 3489 5347 etB.
3548 5289 4012 5343 Βοτιιιοιοιιιαξιιηι

2431 5372 2612 5426 adhuc
2644 5371 2859 5424 medius
2888 5377 2972 5422 est
3010 5364 3674 5436 Cyrillus.Computante
3702 5359 4014 5412 Sciomma-

2432 5444 2538 5504 rin,
2566 5443 2655 5494 vix
2687 5440 2931 5511 quinque
2951 5431 3125 5511 annos
3147 5450 3253 5488 una
3284 5431 3684 5511 itnplt-vernnt',
3718 5444 3843 5482 nam
3881 5438 4009 5511 nota

2432 5512 2503 5565 ‘20
2546 5506 2730 5569 tradit,
2786 5506 3336 5563 BfBartltoloma’nm
3373 5517 3547 5555 annos
3575 5509 3784 5553 tantum
3814 5506 4009 5569 rnatum

2437 5582 2607 5635 fuisse.
2645 5568 2863 5648 viginti,
2888 5578 3107 5646 quando
3144 5576 3352 5648 collata
3369 5574 3469 5648 fuit
3498 5571 3664 5626 Paulo
3696 5568 4010 5648 ομνια-ψη.

2437 5666 2678 5719 eumque
2704 5637 3159 5719 "illam'tantutn
3214 5644 3505 5697 admisisse
3537 5649 3692 5719 Apust
3721 5637 4011 5719 Cyrillum,

2440 5708 2738 5786 cum'jam
2802 5717 2977 5771 aetatis
3036 5728 3239 5786 annum
3285 5721 3487 5786 agt-ret
3536 5708 3607 5762 9.5
3641 5724 3655 5758 :
3692 5708 4012 5786 quaomuia

2443 5796 2509 5846 ad
2563 5781 2743 5845 Vitam
2774 5784 3240 5842 B.Bartbolom¢i
3268 5781 3467 5837 discuti
3515 5784 3792 5850 poterunt.
