  <div class='ocr_page' id='page_1' title='image "/cluster/home/n/w/nwhite01/storage/ocr_20150623/120/nnc1.0046979972/086.png"; bbox 0 0 4196 6430; ppageno 0'>
   <div class='ocr_carea' id='block_1_1' title="bbox 165 406 1757 479">
    <p class='ocr_par' dir='ltr' id='par_1_1' title="bbox 165 406 1757 479">
     <span class='ocr_line' id='line_1_1' title="bbox 165 406 1757 479; baseline -0.008 -3"><span class='ocrx_word' id='word_1_1' title='bbox 165 412 255 479; x_wconf 77' lang='grc' dir='ltr'>Ῐθί</span> <span class='ocrx_word' id='word_1_2' title='bbox 1375 409 1546 468; x_wconf 73' lang='grc' dir='ltr'>νιΤΑ</span> <span class='ocrx_word' id='word_1_3' title='bbox 1588 407 1648 468; x_wconf 88' lang='lat' dir='ltr'><strong>S.</strong></span> <span class='ocrx_word' id='word_1_4' title='bbox 1687 406 1757 465; x_wconf 76' lang='lat' dir='ltr'><strong>Nl</strong></span> 
     </span>
    </p>
   </div>
   <div class='ocr_carea' id='block_1_2' title="bbox 1864 406 2264 479">
    <p class='ocr_par' dir='ltr' id='par_1_2' title="bbox 1881 407 2264 469">
     <span class='ocr_line' id='line_1_2' title="bbox 1881 407 2264 469; baseline 0.008 -3"><span class='ocrx_word' id='word_1_5' title='bbox 1881 407 2264 469; x_wconf 79' lang='lat' dir='ltr'><strong>JUNlORIS.</strong></span> 
     </span>
    </p>
   </div>
   <div class='ocr_carea' id='block_1_3' title="bbox 3333 406 3436 470">
    <p class='ocr_par' dir='ltr' id='par_1_3' title="bbox 3333 406 3436 470">
     <span class='ocr_line' id='line_1_3' title="bbox 3333 406 3436 470; baseline 0 0"><span class='ocrx_word' id='word_1_6' title='bbox 3333 406 3436 470; x_wconf 72' lang='lat'><strong>162</strong></span> 
     </span>
    </p>
   </div>
   <div class='ocr_carea' id='block_1_4' title="bbox 158 519 1757 603">
    <p class='ocr_par' dir='ltr' id='par_1_4' title="bbox 158 519 1748 603">
     <span class='ocr_line' id='line_1_4' title="bbox 158 519 1748 603; baseline -0.008 -20"><span class='ocrx_word' id='word_1_7' title='bbox 158 551 255 603; x_wconf 78' lang='grc' dir='ltr'>μοι</span> <span class='ocrx_word' id='word_1_8' title='bbox 294 529 476 599; x_wconf 79' lang='grc' dir='ltr'>ὑμῶν,</span> <span class='ocrx_word' id='word_1_9' title='bbox 514 526 609 580; x_wconf 71' lang='grc' dir='ltr'>ἐὰν</span> <span class='ocrx_word' id='word_1_10' title='bbox 642 525 926 588; x_wconf 81' lang='grc' dir='ltr'>ἀποθάνω,</span> <span class='ocrx_word' id='word_1_11' title='bbox 983 523 1058 594; x_wconf 74' lang='grc' dir='ltr'><strong>μὴ</strong></span> <span class='ocrx_word' id='word_1_12' title='bbox 1107 523 1405 592; x_wconf 78' lang='grc' dir='ltr'>βραδύνητε</span> <span class='ocrx_word' id='word_1_13' title='bbox 1448 519 1544 574; x_wconf 79' lang='grc' dir='ltr'>τοῦ</span> <span class='ocrx_word' id='word_1_14' title='bbox 1577 537 1748 572; x_wconf 86' lang='grc' dir='ltr'>κατα-</span> 
     </span>
    </p>
   </div>
   <div class='ocr_carea' id='block_1_5' title="bbox 1864 519 3427 603">
    <p class='ocr_par' dir='ltr' id='par_1_5' title="bbox 1864 522 3427 596">
     <span class='ocr_line' id='line_1_5' title="bbox 1864 522 3427 596; baseline 0.004 -22"><span class='ocrx_word' id='word_1_15' title='bbox 1864 535 1953 575; x_wconf 76' lang='lat' dir='ltr'><strong>aee</strong></span> <span class='ocrx_word' id='word_1_16' title='bbox 1982 538 2067 577; x_wconf 89' lang='lat' dir='ltr'><strong>me</strong></span> <span class='ocrx_word' id='word_1_17' title='bbox 2097 522 2152 576; x_wconf 89' lang='lat' dir='ltr'><strong>in</strong></span> <span class='ocrx_word' id='word_1_18' title='bbox 2213 525 2418 594; x_wconf 86' lang='lat' dir='ltr'><strong>templo</strong></span> <span class='ocrx_word' id='word_1_19' title='bbox 2461 525 2768 594; x_wconf 85' lang='lat' dir='ltr'><strong>scpeliatis,</strong></span> <span class='ocrx_word' id='word_1_20' title='bbox 2815 540 2915 582; x_wconf 88' lang='lat' dir='ltr'><strong>nec</strong></span> <span class='ocrx_word' id='word_1_21' title='bbox 2951 540 3118 596; x_wconf 81' lang='lat' dir='ltr'><strong>supra</strong></span> <span class='ocrx_word' id='word_1_22' title='bbox 3153 526 3427 581; x_wconf 73' lang='lat' dir='ltr'><strong>tumulum</strong></span> 
     </span>
    </p>
   </div>
   <div class='ocr_carea' id='block_1_6' title="bbox 157 615 1743 694">
    <p class='ocr_par' dir='ltr' id='par_1_6' title="bbox 157 615 1743 694">
     <span class='ocr_line' id='line_1_6' title="bbox 157 615 1743 694; baseline -0.008 -17"><span class='ocrx_word' id='word_1_23' title='bbox 157 624 364 694; x_wconf 71' lang='grc' dir='ltr'>κρύψαι</span> <span class='ocrx_word' id='word_1_24' title='bbox 402 625 468 691; x_wconf 77' lang='grc' dir='ltr'>τῇ</span> <span class='ocrx_word' id='word_1_25' title='bbox 500 623 569 691; x_wconf 78' lang='grc' dir='ltr'>γῇ</span> <span class='ocrx_word' id='word_1_26' title='bbox 602 621 659 672; x_wconf 82' lang='grc' dir='ltr'>τὸ</span> <span class='ocrx_word' id='word_1_27' title='bbox 686 619 847 688; x_wconf 89' lang='grc' dir='ltr'>σῶμά</span> <span class='ocrx_word' id='word_1_28' title='bbox 876 636 978 687; x_wconf 87' lang='grc' dir='ltr'>μου</span> <span class='ocrx_word' id='word_1_29' title='bbox 1001 634 1013 647; x_wconf 94' lang='grc'><strong>·</strong></span> <span class='ocrx_word' id='word_1_30' title='bbox 1047 619 1185 688; x_wconf 73' lang='grc' dir='ltr'>μήτε</span> <span class='ocrx_word' id='word_1_31' title='bbox 1225 619 1281 670; x_wconf 72' lang='grc' dir='ltr'>ἓν</span> <span class='ocrx_word' id='word_1_32' title='bbox 1308 619 1444 687; x_wconf 79' lang='grc' dir='ltr'>οἴκῳ</span> <span class='ocrx_word' id='word_1_33' title='bbox 1492 615 1743 684; x_wconf 85' lang='grc' dir='ltr'>κυριακῷ</span> 
     </span>
    </p>
   </div>
   <div class='ocr_carea' id='block_1_7' title="bbox 159 707 1745 784">
    <p class='ocr_par' dir='ltr' id='par_1_7' title="bbox 159 707 1745 784">
     <span class='ocr_line' id='line_1_7' title="bbox 159 707 1745 784; baseline -0.008 -15"><span class='ocrx_word' id='word_1_34' title='bbox 159 716 498 784; x_wconf 78' lang='grc' dir='ltr'>κατάοησθε·</span> <span class='ocrx_word' id='word_1_35' title='bbox 540 713 678 783; x_wconf 75' lang='grc' dir='ltr'>μηδὲ</span> <span class='ocrx_word' id='word_1_36' title='bbox 725 711 994 780; x_wconf 78' lang='grc' dir='ltr'>θελήσητε</span> <span class='ocrx_word' id='word_1_37' title='bbox 1031 709 1257 776; x_wconf 76' lang='grc' dir='ltr'>ποιῆσαι</span> <span class='ocrx_word' id='word_1_38' title='bbox 1282 708 1542 777; x_wconf 80' lang='grc' dir='ltr'><strong>καμάραν</strong></span> <span class='ocrx_word' id='word_1_39' title='bbox 1562 707 1745 759; x_wconf 83' lang='grc' dir='ltr'>ὲπάνω</span> 
     </span>
    </p>
   </div>
   <div class='ocr_carea' id='block_1_8' title="bbox 162 795 1746 876">
    <p class='ocr_par' dir='ltr' id='par_1_8' title="bbox 162 795 1746 876">
     <span class='ocr_line' id='line_1_8' title="bbox 162 795 1746 876; baseline -0.008 -15"><span class='ocrx_word' id='word_1_40' title='bbox 162 826 284 876; x_wconf 83' lang='grc' dir='ltr'>μου.</span> <span class='ocrx_word' id='word_1_41' title='bbox 326 809 358 876; x_wconf 78' lang='grc' dir='ltr'><strong>ἧ</strong></span> <span class='ocrx_word' id='word_1_42' title='bbox 395 806 561 860; x_wconf 80' lang='grc' dir='ltr'>ἄλλον</span> <span class='ocrx_word' id='word_1_43' title='bbox 616 805 740 856; x_wconf 74' lang='grc' dir='ltr'>τινὰ</span> <span class='ocrx_word' id='word_1_44' title='bbox 798 802 1004 872; x_wconf 84' lang='grc' dir='ltr'>κόσμον</span> <span class='ocrx_word' id='word_1_45' title='bbox 1035 795 1146 854; x_wconf 81' lang='grc' dir='ltr'>οἷον</span> <span class='ocrx_word' id='word_1_46' title='bbox 1180 800 1404 869; x_wconf 81' lang='grc' dir='ltr'>δήποτε.</span> <span class='ocrx_word' id='word_1_47' title='bbox 1436 799 1496 850; x_wconf 80' lang='grc' dir='ltr'>Εἰ</span> <span class='ocrx_word' id='word_1_48' title='bbox 1524 797 1581 850; x_wconf 83' lang='grc' dir='ltr'>δὲ</span> <span class='ocrx_word' id='word_1_49' title='bbox 1611 797 1746 859; x_wconf 69' lang='grc' dir='ltr'>ὅλως</span> 
     </span>
    </p>
   </div>
   <div class='ocr_carea' id='block_1_9' title="bbox 163 890 1745 970">
    <p class='ocr_par' dir='ltr' id='par_1_9' title="bbox 163 890 1745 970">
     <span class='ocr_line' id='line_1_9' title="bbox 163 890 1745 970; baseline -0.007 -18"><span class='ocrx_word' id='word_1_50' title='bbox 163 900 417 970; x_wconf 71' lang='grc' dir='ltr'>βούλεσθε</span> <span class='ocrx_word' id='word_1_51' title='bbox 453 897 678 966; x_wconf 78' lang='grc' dir='ltr'>ποιῆσαί</span> <span class='ocrx_word' id='word_1_52' title='bbox 702 913 756 948; x_wconf 89' lang='grc' dir='ltr'><strong>τι</strong></span> <span class='ocrx_word' id='word_1_53' title='bbox 812 897 1042 964; x_wconf 81' lang='grc' dir='ltr'>σημεῖον</span> <span class='ocrx_word' id='word_1_54' title='bbox 1074 893 1162 946; x_wconf 77' lang='grc' dir='ltr'><strong>διὰ</strong></span> <span class='ocrx_word' id='word_1_55' title='bbox 1188 893 1248 944; x_wconf 84' lang='grc' dir='ltr'>τὸ</span> <span class='ocrx_word' id='word_1_56' title='bbox 1275 891 1589 962; x_wconf 70' lang='grc' dir='ltr'>γνωρίζειν,</span> <span class='ocrx_word' id='word_1_57' title='bbox 1641 890 1745 942; x_wconf 81' lang='grc' dir='ltr'>ποῦ</span> 
     </span>
    </p>
   </div>
   <div class='ocr_carea' id='block_1_10' title="bbox 160 980 1746 1060">
    <p class='ocr_par' dir='ltr' id='par_1_10' title="bbox 160 980 1746 1060">
     <span class='ocr_line' id='line_1_10' title="bbox 160 980 1746 1060; baseline -0.008 -16"><span class='ocrx_word' id='word_1_58' title='bbox 160 991 445 1045; x_wconf 72' lang='grc' dir='ltr'>τεθείκατέ</span> <span class='ocrx_word' id='word_1_59' title='bbox 483 1009 572 1060; x_wconf 87' lang='grc' dir='ltr'>με,</span> <span class='ocrx_word' id='word_1_60' title='bbox 622 988 828 1058; x_wconf 70' lang='grc' dir='ltr'>ὁμαλὸν</span> <span class='ocrx_word' id='word_1_61' title='bbox 890 989 1030 1039; x_wconf 74' lang='grc' dir='ltr'>ἔστω</span> <span class='ocrx_word' id='word_1_62' title='bbox 1062 985 1366 1048; x_wconf 70' lang='grc' dir='ltr'>ἱπάνωθεν,</span> <span class='ocrx_word' id='word_1_63' title='bbox 1400 985 1486 1036; x_wconf 73' lang='grc' dir='ltr'>ἵνα</span> <span class='ocrx_word' id='word_1_64' title='bbox 1515 983 1564 1036; x_wconf 81' lang='grc' dir='ltr'>οἱ</span> <span class='ocrx_word' id='word_1_65' title='bbox 1604 980 1746 1046; x_wconf 78' lang='grc' dir='ltr'>ξένοι</span> 
     </span>
    </p>
   </div>
   <div class='ocr_carea' id='block_1_11' title="bbox 164 1074 1749 1148">
    <p class='ocr_par' dir='ltr' id='par_1_11' title="bbox 164 1074 1749 1148">
     <span class='ocr_line' id='line_1_11' title="bbox 164 1074 1749 1148; baseline -0.008 -11"><span class='ocrx_word' id='word_1_66' title='bbox 164 1087 276 1137; x_wconf 72' lang='grc' dir='ltr'>ἐκεῖ</span> <span class='ocrx_word' id='word_1_67' title='bbox 307 1081 778 1134; x_wconf 77' lang='grc' dir='ltr'>ἑπαναπαύωνται</span> <span class='ocrx_word' id='word_1_68' title='bbox 800 1095 811 1106; x_wconf 91' lang='grc'><strong>·</strong></span> <span class='ocrx_word' id='word_1_69' title='bbox 840 1081 935 1131; x_wconf 74' lang='grc' dir='ltr'><strong>καὶ</strong></span> <span class='ocrx_word' id='word_1_70' title='bbox 966 1077 1076 1148; x_wconf 75' lang='grc' dir='ltr'><strong>γὰρ</strong></span> <span class='ocrx_word' id='word_1_71' title='bbox 1102 1075 1263 1144; x_wconf 85' lang='grc' dir='ltr'>κάγὼ</span> <span class='ocrx_word' id='word_1_72' title='bbox 1293 1075 1441 1139; x_wconf 80' lang='grc' dir='ltr'>ξένος</span> <span class='ocrx_word' id='word_1_73' title='bbox 1474 1074 1749 1142; x_wconf 77' lang='grc' dir='ltr'><strong>ἐγενόμην</strong></span> 
     </span>
    </p>
   </div>
   <div class='ocr_carea' id='block_1_12' title="bbox 162 1166 1747 1244">
    <p class='ocr_par' dir='ltr' id='par_1_12' title="bbox 162 1166 1747 1244">
     <span class='ocr_line' id='line_1_12' title="bbox 162 1166 1747 1244; baseline -0.006 -17"><span class='ocrx_word' id='word_1_74' title='bbox 162 1178 341 1238; x_wconf 77' lang='grc' dir='ltr'>πάσας</span> <span class='ocrx_word' id='word_1_75' title='bbox 372 1175 470 1234; x_wconf 70' lang='grc' dir='ltr'>τὰς</span> <span class='ocrx_word' id='word_1_76' title='bbox 519 1175 731 1244; x_wconf 72' lang='grc' dir='ltr'>ἡμέρας</span> <span class='ocrx_word' id='word_1_77' title='bbox 759 1173 858 1241; x_wconf 81' lang='grc' dir='ltr'>τῆς</span> <span class='ocrx_word' id='word_1_78' title='bbox 889 1170 1035 1240; x_wconf 75' lang='grc' dir='ltr'>ζωῆς</span> <span class='ocrx_word' id='word_1_79' title='bbox 1071 1187 1174 1240; x_wconf 89' lang='grc' dir='ltr'>μου</span> <span class='ocrx_word' id='word_1_80' title='bbox 1195 1181 1210 1196; x_wconf 84' lang='grc'>⁶</span> <span class='ocrx_word' id='word_1_81' title='bbox 1247 1169 1340 1222; x_wconf 81' lang='grc' dir='ltr'>καὶ</span> <span class='ocrx_word' id='word_1_82' title='bbox 1376 1166 1747 1238; x_wconf 79' lang='grc' dir='ltr'>μνημονεύετέ</span> 
     </span>
    </p>
   </div>
   <div class='ocr_carea' id='block_1_13' title="bbox 165 1265 1178 1336">
    <p class='ocr_par' dir='ltr' id='par_1_13' title="bbox 165 1265 1178 1336">
     <span class='ocr_line' id='line_1_13' title="bbox 165 1265 1178 1336; baseline -0.002 -18"><span class='ocrx_word' id='word_1_83' title='bbox 165 1285 262 1336; x_wconf 78' lang='grc' dir='ltr'>μου</span> <span class='ocrx_word' id='word_1_84' title='bbox 298 1271 359 1318; x_wconf 79' lang='grc' dir='ltr'>ὲν</span> <span class='ocrx_word' id='word_1_85' title='bbox 385 1269 509 1328; x_wconf 72' lang='grc' dir='ltr'>ταῖς</span> <span class='ocrx_word' id='word_1_86' title='bbox 569 1267 756 1334; x_wconf 76' lang='grc' dir='ltr'>ἁγίαις</span> <span class='ocrx_word' id='word_1_87' title='bbox 785 1265 939 1335; x_wconf 80' lang='grc' dir='ltr'>ὑμῶν</span> <span class='ocrx_word' id='word_1_88' title='bbox 967 1265 1178 1332; x_wconf 77' lang='grc' dir='ltr'>εὐχαῖς.</span> 
     </span>
    </p>
   </div>
   <div class='ocr_carea' id='block_1_14' title="bbox 228 1368 1744 1454">
    <p class='ocr_par' dir='ltr' id='par_1_14' title="bbox 228 1368 1744 1454">
     <span class='ocr_line' id='line_1_14' title="bbox 228 1368 1744 1454; baseline -0.009 -17"><span class='ocrx_word' id='word_1_89' title='bbox 228 1382 342 1454; x_wconf 44' lang='grc' dir='ltr'><strong>κη’.</strong></span> <span class='ocrx_word' id='word_1_90' title='bbox 375 1383 567 1436; x_wconf 79' lang='grc' dir='ltr'>Ταῦτα</span> <span class='ocrx_word' id='word_1_91' title='bbox 594 1378 788 1444; x_wconf 86' lang='grc' dir='ltr'>εἰπὼν,</span> <span class='ocrx_word' id='word_1_92' title='bbox 813 1379 908 1431; x_wconf 62' lang='grc' dir='ltr'><strong>καὶ⁵</strong></span> <span class='ocrx_word' id='word_1_93' title='bbox 933 1376 1244 1447; x_wconf 71' lang='grc' dir='ltr'>εὐλογήσας</span> <span class='ocrx_word' id='word_1_94' title='bbox 1261 1373 1481 1435; x_wconf 81' lang='grc' dir='ltr'>αὐτοὺς,</span> <span class='ocrx_word' id='word_1_95' title='bbox 1516 1368 1744 1434; x_wconf 70' lang='grc' dir='ltr'>ἐπευξάο</span> 
     </span>
    </p>
   </div>
   <div class='ocr_carea' id='block_1_15' title="bbox 166 1460 1749 1546">
    <p class='ocr_par' dir='ltr' id='par_1_15' title="bbox 166 1460 1749 1546">
     <span class='ocr_line' id='line_1_15' title="bbox 166 1460 1749 1546; baseline -0.009 -16"><span class='ocrx_word' id='word_1_96' title='bbox 166 1479 325 1546; x_wconf 80' lang='grc' dir='ltr'>μενός</span> <span class='ocrx_word' id='word_1_97' title='bbox 347 1493 406 1528; x_wconf 89' lang='grc' dir='ltr'><strong>τε</strong></span> <span class='ocrx_word' id='word_1_98' title='bbox 440 1477 572 1528; x_wconf 69' lang='grc' dir='ltr'>πᾶσι</span> <span class='ocrx_word' id='word_1_99' title='bbox 600 1477 714 1538; x_wconf 85' lang='grc' dir='ltr'>τοῖς</span> <span class='ocrx_word' id='word_1_100' title='bbox 731 1472 1006 1541; x_wconf 77' lang='grc' dir='ltr'><strong>ἀδελφοῖς,</strong></span> <span class='ocrx_word' id='word_1_101' title='bbox 1034 1470 1196 1539; x_wconf 75' lang='grc' dir='ltr'>ἐξῆρε</span> <span class='ocrx_word' id='word_1_102' title='bbox 1221 1468 1346 1530; x_wconf 70' lang='grc' dir='ltr'>τοὺς</span> <span class='ocrx_word' id='word_1_103' title='bbox 1370 1465 1535 1533; x_wconf 76' lang='grc' dir='ltr'>πόδας</span> <span class='ocrx_word' id='word_1_104' title='bbox 1555 1460 1749 1528; x_wconf 78' lang='grc' dir='ltr'>αὑτοῦ,</span> 
     </span>
    </p>
   </div>
   <div class='ocr_carea' id='block_1_16' title="bbox 164 1556 1751 1638">
    <p class='ocr_par' dir='ltr' id='par_1_16' title="bbox 164 1556 1751 1638">
     <span class='ocr_line' id='line_1_16' title="bbox 164 1556 1751 1638; baseline -0.008 -18"><span class='ocrx_word' id='word_1_105' title='bbox 164 1573 254 1621; x_wconf 68' lang='grc' dir='ltr'><strong>καὶ</strong></span> <span class='ocrx_word' id='word_1_106' title='bbox 293 1569 556 1638; x_wconf 75' lang='grc' dir='ltr'>ἥπλωσεν</span> <span class='ocrx_word' id='word_1_107' title='bbox 601 1565 796 1618; x_wconf 72' lang='grc' dir='ltr'>ἑαυτὸν</span> <span class='ocrx_word' id='word_1_108' title='bbox 826 1567 883 1616; x_wconf 79' lang='grc' dir='ltr'>ὲν</span> <span class='ocrx_word' id='word_1_109' title='bbox 908 1562 987 1632; x_wconf 84' lang='grc' dir='ltr'>τῷ</span> <span class='ocrx_word' id='word_1_110' title='bbox 1012 1561 1276 1631; x_wconf 84' lang='grc' dir='ltr'>κοιταρίῳ</span> <span class='ocrx_word' id='word_1_111' title='bbox 1307 1556 1496 1613; x_wconf 50' lang='lat' dir='ltr'><strong>adsed.</strong></span> <span class='ocrx_word' id='word_1_112' title='bbox 1530 1557 1751 1626; x_wconf 83' lang='grc' dir='ltr'>Ἐποίη-</span> 
     </span>
    </p>
   </div>
   <div class='ocr_carea' id='block_1_17' title="bbox 166 1648 1750 1728">
    <p class='ocr_par' dir='ltr' id='par_1_17' title="bbox 166 1648 1750 1728">
     <span class='ocr_line' id='line_1_17' title="bbox 166 1648 1750 1728; baseline -0.006 -18"><span class='ocrx_word' id='word_1_113' title='bbox 166 1677 254 1710; x_wconf 84' lang='grc' dir='ltr'><strong>σεν</strong></span> <span class='ocrx_word' id='word_1_114' title='bbox 316 1658 415 1711; x_wconf 68' lang='grc' dir='ltr'>δύο</span> <span class='ocrx_word' id='word_1_115' title='bbox 476 1657 692 1728; x_wconf 80' lang='grc' dir='ltr'>ἡμέρας</span> <span class='ocrx_word' id='word_1_116' title='bbox 734 1656 808 1725; x_wconf 81' lang='grc' dir='ltr'><strong>μὴ</strong></span> <span class='ocrx_word' id='word_1_117' title='bbox 866 1653 1279 1722; x_wconf 86' lang='grc' dir='ltr'>συντυγχάνων,</span> <span class='ocrx_word' id='word_1_118' title='bbox 1337 1649 1470 1720; x_wconf 80' lang='grc' dir='ltr'>μηδὲ</span> <span class='ocrx_word' id='word_1_119' title='bbox 1515 1648 1750 1715; x_wconf 81' lang='grc' dir='ltr'>ἀνοίγων</span> 
     </span>
    </p>
   </div>
   <div class='ocr_carea' id='block_1_18' title="bbox 164 1741 1752 1819">
    <p class='ocr_par' dir='ltr' id='par_1_18' title="bbox 164 1741 1752 1819">
     <span class='ocr_line' id='line_1_18' title="bbox 164 1741 1752 1819; baseline -0.008 -15"><span class='ocrx_word' id='word_1_120' title='bbox 164 1752 286 1813; x_wconf 66' lang='grc' dir='ltr'>τοὺς</span> <span class='ocrx_word' id='word_1_121' title='bbox 312 1749 638 1819; x_wconf 72' lang='grc' dir='ltr'>ὀφθαλμοὺς</span> <span class='ocrx_word' id='word_1_122' title='bbox 690 1746 878 1812; x_wconf 75' lang='grc' dir='ltr'>αὐτοῦ,</span> <span class='ocrx_word' id='word_1_123' title='bbox 928 1746 1024 1799; x_wconf 71' lang='grc' dir='ltr'>καὶ</span> <span class='ocrx_word' id='word_1_124' title='bbox 1065 1744 1379 1813; x_wconf 72' lang='grc' dir='ltr'>ὲθαύμαξον</span> <span class='ocrx_word' id='word_1_125' title='bbox 1408 1741 1458 1794; x_wconf 82' lang='grc' dir='ltr'>οι</span> <span class='ocrx_word' id='word_1_126' title='bbox 1515 1741 1752 1809; x_wconf 83' lang='grc' dir='ltr'>ὁρῶντες</span> 
     </span>
    </p>
   </div>
   <div class='ocr_carea' id='block_1_19' title="bbox 165 1836 1750 1914">
    <p class='ocr_par' dir='ltr' id='par_1_19' title="bbox 165 1836 1750 1914">
     <span class='ocr_line' id='line_1_19' title="bbox 165 1836 1750 1914; baseline -0.006 -17"><span class='ocrx_word' id='word_1_127' title='bbox 165 1846 352 1908; x_wconf 68' lang='grc' dir='ltr'>αὐτὸν,</span> <span class='ocrx_word' id='word_1_128' title='bbox 378 1845 462 1897; x_wconf 82' lang='grc' dir='ltr'>ὃτι</span> <span class='ocrx_word' id='word_1_129' title='bbox 484 1845 584 1896; x_wconf 81' lang='grc' dir='ltr'>οὐκ</span> <span class='ocrx_word' id='word_1_130' title='bbox 619 1838 686 1914; x_wconf 78' lang='grc' dir='ltr'>ἦν</span> <span class='ocrx_word' id='word_1_131' title='bbox 714 1842 788 1904; x_wconf 83' lang='grc' dir='ltr'>ὼς</span> <span class='ocrx_word' id='word_1_132' title='bbox 820 1841 1210 1912; x_wconf 64' lang='grc' dir='ltr'>ψυχοζιραγῶν,</span> <span class='ocrx_word' id='word_1_133' title='bbox 1243 1837 1452 1900; x_wconf 80' lang='grc' dir='ltr'><strong>ἀλλ’ὡς</strong></span> <span class='ocrx_word' id='word_1_134' title='bbox 1477 1836 1750 1890; x_wconf 83' lang='grc' dir='ltr'>ἀναπαυό-</span> 
     </span>
    </p>
   </div>
   <div class='ocr_carea' id='block_1_20' title="bbox 169 1929 1750 2005">
    <p class='ocr_par' dir='ltr' id='par_1_20' title="bbox 169 1929 1750 2005">
     <span class='ocr_line' id='line_1_20' title="bbox 169 1929 1750 2005; baseline -0.006 -17"><span class='ocrx_word' id='word_1_135' title='bbox 169 1953 353 2005; x_wconf 80' lang='grc' dir='ltr'><strong>μενος·</strong></span> <span class='ocrx_word' id='word_1_136' title='bbox 392 1937 554 2005; x_wconf 84' lang='grc' dir='ltr'>μόνον</span> <span class='ocrx_word' id='word_1_137' title='bbox 580 1935 632 1988; x_wconf 77' lang='grc' dir='ltr'>δὲ</span> <span class='ocrx_word' id='word_1_138' title='bbox 665 1937 731 1987; x_wconf 82' lang='grc' dir='ltr'>τὰ</span> <span class='ocrx_word' id='word_1_139' title='bbox 759 1934 912 2005; x_wconf 83' lang='grc' dir='ltr'>χείλη</span> <span class='ocrx_word' id='word_1_140' title='bbox 945 1933 1134 1998; x_wconf 84' lang='grc' dir='ltr'><strong>κινῶν,</strong></span> <span class='ocrx_word' id='word_1_141' title='bbox 1161 1933 1256 1986; x_wconf 75' lang='grc' dir='ltr'>καὶ</span> <span class='ocrx_word' id='word_1_142' title='bbox 1290 1933 1354 2002; x_wconf 77' lang='grc' dir='ltr'>τῇ</span> <span class='ocrx_word' id='word_1_143' title='bbox 1401 1929 1553 2000; x_wconf 79' lang='grc' dir='ltr'>δεξιᾷ</span> <span class='ocrx_word' id='word_1_144' title='bbox 1608 1929 1750 1999; x_wconf 70' lang='grc' dir='ltr'>χειρὶ</span> 
     </span>
    </p>
   </div>
   <div class='ocr_carea' id='block_1_21' title="bbox 165 2022 1752 2099">
    <p class='ocr_par' dir='ltr' id='par_1_21' title="bbox 165 2022 1752 2099">
     <span class='ocr_line' id='line_1_21' title="bbox 165 2022 1752 2099; baseline -0.004 -18"><span class='ocrx_word' id='word_1_145' title='bbox 165 2029 780 2099; x_wconf 74' lang='grc' dir='ltr'>κατασφραγιζόμενος,</span> <span class='ocrx_word' id='word_1_146' title='bbox 828 2026 1161 2095; x_wconf 82' lang='grc' dir='ltr'>ὲγνωρίζετο</span> <span class='ocrx_word' id='word_1_147' title='bbox 1216 2025 1330 2088; x_wconf 78' lang='grc' dir='ltr'>τοῖς</span> <span class='ocrx_word' id='word_1_148' title='bbox 1386 2022 1656 2094; x_wconf 74' lang='grc' dir='ltr'><strong>παροῦσιν</strong></span> <span class='ocrx_word' id='word_1_149' title='bbox 1677 2022 1752 2084; x_wconf 86' lang='grc' dir='ltr'>ὼς</span> 
     </span>
    </p>
   </div>
   <div class='ocr_carea' id='block_1_22' title="bbox 164 2115 1752 2192">
    <p class='ocr_par' dir='ltr' id='par_1_22' title="bbox 164 2115 1752 2192">
     <span class='ocr_line' id='line_1_22' title="bbox 164 2115 1752 2192; baseline -0.004 -19"><span class='ocrx_word' id='word_1_150' title='bbox 164 2123 632 2192; x_wconf 77' lang='grc' dir='ltr'>προσευχόμενος.</span> <span class='ocrx_word' id='word_1_151' title='bbox 666 2120 774 2174; x_wconf 83' lang='grc' dir='ltr'>Καί</span> <span class='ocrx_word' id='word_1_152' title='bbox 831 2138 915 2182; x_wconf 87' lang='grc' dir='ltr'><strong>τις</strong></span> <span class='ocrx_word' id='word_1_153' title='bbox 952 2119 1061 2172; x_wconf 89' lang='grc' dir='ltr'><strong>τῶν</strong></span> <span class='ocrx_word' id='word_1_154' title='bbox 1107 2116 1354 2184; x_wconf 63' lang='grc' dir='ltr'>ἀδελφῶν</span> <span class='ocrx_word' id='word_1_155' title='bbox 1382 2115 1752 2187; x_wconf 75' lang='grc' dir='ltr'>προσεγγίσας</span> 
     </span>
    </p>
   </div>
   <div class='ocr_carea' id='block_1_23' title="bbox 165 2205 1753 2284">
    <p class='ocr_par' dir='ltr' id='par_1_23' title="bbox 165 2205 1753 2284">
     <span class='ocr_line' id='line_1_23' title="bbox 165 2205 1753 2284; baseline -0.006 -17"><span class='ocrx_word' id='word_1_156' title='bbox 165 2214 241 2283; x_wconf 72' lang='grc' dir='ltr'>τῷ</span> <span class='ocrx_word' id='word_1_157' title='bbox 261 2214 414 2284; x_wconf 77' lang='grc' dir='ltr'>ὡτίῳ</span> <span class='ocrx_word' id='word_1_158' title='bbox 449 2214 583 2284; x_wconf 76' lang='grc' dir='ltr'>πρὸς</span> <span class='ocrx_word' id='word_1_159' title='bbox 614 2213 690 2282; x_wconf 83' lang='grc' dir='ltr'>τῷ</span> <span class='ocrx_word' id='word_1_160' title='bbox 722 2212 954 2282; x_wconf 78' lang='grc' dir='ltr'>στόματι</span> <span class='ocrx_word' id='word_1_161' title='bbox 984 2210 1177 2273; x_wconf 80' lang='grc' dir='ltr'>αὑτοῦ,</span> <span class='ocrx_word' id='word_1_162' title='bbox 1234 2209 1427 2263; x_wconf 80' lang='grc' dir='ltr'>τοῦτον</span> <span class='ocrx_word' id='word_1_163' title='bbox 1465 2211 1628 2277; x_wconf 67' lang='grc' dir='ltr'>μόνον</span> <span class='ocrx_word' id='word_1_164' title='bbox 1660 2205 1753 2258; x_wconf 78' lang='grc' dir='ltr'>τὸν</span> 
     </span>
    </p>
   </div>
   <div class='ocr_carea' id='block_1_24' title="bbox 168 2299 1754 2375">
    <p class='ocr_par' dir='ltr' id='par_1_24' title="bbox 168 2299 1754 2375">
     <span class='ocr_line' id='line_1_24' title="bbox 168 2299 1754 2375; baseline -0.004 -18"><span class='ocrx_word' id='word_1_165' title='bbox 168 2307 356 2375; x_wconf 84' lang='grc' dir='ltr'>στίχον</span> <span class='ocrx_word' id='word_1_166' title='bbox 387 2304 640 2373; x_wconf 65' lang='grc' dir='ltr'>ἐνενόησε</span> <span class='ocrx_word' id='word_1_167' title='bbox 690 2303 942 2368; x_wconf 85' lang='grc' dir='ltr'>λέγοντος</span> <span class='ocrx_word' id='word_1_168' title='bbox 966 2319 980 2334; x_wconf 88' lang='grc'><strong>·</strong></span> <span class='ocrx_word' id='word_1_169' title='bbox 1025 2321 1044 2354; x_wconf 73' lang='grc' dir='ltr'><strong>ι</strong></span> <span class='ocrx_word' id='word_1_170' title='bbox 1081 2303 1217 2355; x_wconf 84' lang='grc' dir='ltr'><strong>Τότε</strong></span> <span class='ocrx_word' id='word_1_171' title='bbox 1259 2301 1320 2354; x_wconf 80' lang='grc' dir='ltr'>οὐ</span> <span class='ocrx_word' id='word_1_172' title='bbox 1356 2301 1430 2369; x_wconf 71' lang='grc' dir='ltr'><strong>μὴ</strong></span> <span class='ocrx_word' id='word_1_173' title='bbox 1459 2299 1754 2369; x_wconf 85' lang='grc' dir='ltr'>αίσχυνθῶ,</span> 
     </span>
    </p>
   </div>
   <div class='ocr_carea' id='block_1_25' title="bbox 168 2392 1750 2467">
    <p class='ocr_par' dir='ltr' id='par_1_25' title="bbox 168 2392 1750 2467">
     <span class='ocr_line' id='line_1_25' title="bbox 168 2392 1750 2467; baseline -0.003 -20"><span class='ocrx_word' id='word_1_174' title='bbox 168 2398 227 2451; x_wconf 82' lang='grc' dir='ltr'>ὲν</span> <span class='ocrx_word' id='word_1_175' title='bbox 260 2397 340 2467; x_wconf 82' lang='grc' dir='ltr'><strong>τῷ</strong></span> <span class='ocrx_word' id='word_1_176' title='bbox 366 2414 435 2466; x_wconf 87' lang='grc' dir='ltr'>με</span> <span class='ocrx_word' id='word_1_177' title='bbox 470 2396 790 2449; x_wconf 75' lang='grc' dir='ltr'>ἐπιϐλέπειν</span> <span class='ocrx_word' id='word_1_178' title='bbox 823 2397 915 2448; x_wconf 73' lang='grc' dir='ltr'>ἐπὶ</span> <span class='ocrx_word' id='word_1_179' title='bbox 957 2395 1140 2458; x_wconf 84' lang='grc' dir='ltr'>πάσας</span> <span class='ocrx_word' id='word_1_180' title='bbox 1171 2393 1270 2457; x_wconf 77' lang='grc' dir='ltr'><strong>τὰς</strong></span> <span class='ocrx_word' id='word_1_181' title='bbox 1324 2392 1547 2454; x_wconf 74' lang='grc' dir='ltr'>ἐντολάς</span> <span class='ocrx_word' id='word_1_182' title='bbox 1583 2408 1699 2446; x_wconf 92' lang='grc' dir='ltr'>σου.</span> <span class='ocrx_word' id='word_1_183' title='bbox 1732 2410 1750 2442; x_wconf 73' lang='grc' dir='ltr'><strong>ι</strong></span> 
     </span>
    </p>
   </div>
   <div class='ocr_carea' id='block_1_26' title="bbox 178 2484 1753 2558">
    <p class='ocr_par' dir='ltr' id='par_1_26' title="bbox 178 2484 1753 2558">
     <span class='ocr_line' id='line_1_26' title="bbox 178 2484 1753 2558; baseline -0.003 -16"><span class='ocrx_word' id='word_1_184' title='bbox 178 2487 450 2552; x_wconf 73' lang='grc' dir='ltr'>Ἀκούσας</span> <span class='ocrx_word' id='word_1_185' title='bbox 471 2487 528 2540; x_wconf 77' lang='grc' dir='ltr'>δὲ</span> <span class='ocrx_word' id='word_1_186' title='bbox 556 2489 649 2540; x_wconf 74' lang='grc' dir='ltr'>καὶ</span> <span class='ocrx_word' id='word_1_187' title='bbox 674 2487 702 2538; x_wconf 87' lang='grc' dir='ltr'><strong>ό</strong></span> <span class='ocrx_word' id='word_1_188' title='bbox 737 2487 921 2558; x_wconf 78' lang='grc' dir='ltr'>ἄρχων</span> <span class='ocrx_word' id='word_1_189' title='bbox 947 2486 1254 2558; x_wconf 84' lang='grc' dir='ltr'>Γρηγόριος</span> <span class='ocrx_word' id='word_1_190' title='bbox 1293 2486 1363 2540; x_wconf 73' lang='grc' dir='ltr'>τὰ</span> <span class='ocrx_word' id='word_1_191' title='bbox 1400 2487 1529 2555; x_wconf 75' lang='grc' dir='ltr'>περὶ</span> <span class='ocrx_word' id='word_1_192' title='bbox 1560 2484 1753 2550; x_wconf 81' lang='grc' dir='ltr'>αὑτοῦ,</span> 
     </span>
    </p>
   </div>
   <div class='ocr_carea' id='block_1_27' title="bbox 165 2576 1754 2648">
    <p class='ocr_par' dir='ltr' id='par_1_27' title="bbox 165 2576 1754 2648">
     <span class='ocr_line' id='line_1_27' title="bbox 165 2576 1754 2648; baseline 0.001 -19"><span class='ocrx_word' id='word_1_193' title='bbox 165 2577 430 2648; x_wconf 71' lang='grc' dir='ltr'>δρομαῖος</span> <span class='ocrx_word' id='word_1_194' title='bbox 465 2577 735 2648; x_wconf 80' lang='grc' dir='ltr'>κατῆλθεν</span> <span class='ocrx_word' id='word_1_195' title='bbox 761 2579 869 2632; x_wconf 69' lang='grc' dir='ltr'><strong>άπὺ</strong></span> <span class='ocrx_word' id='word_1_196' title='bbox 892 2577 986 2631; x_wconf 82' lang='grc' dir='ltr'>τοῦ</span> <span class='ocrx_word' id='word_1_197' title='bbox 1009 2578 1330 2630; x_wconf 77' lang='grc' dir='ltr'>καστελλίου</span> <span class='ocrx_word' id='word_1_198' title='bbox 1357 2577 1544 2640; x_wconf 78' lang='grc' dir='ltr'>αὑτοῦ,</span> <span class='ocrx_word' id='word_1_199' title='bbox 1569 2576 1754 2647; x_wconf 76' lang='grc' dir='ltr'>φέρων</span> 
     </span>
    </p>
   </div>
   <div class='ocr_carea' id='block_1_28' title="bbox 167 2661 1757 2740">
    <p class='ocr_par' dir='ltr' id='par_1_28' title="bbox 167 2661 1757 2740">
     <span class='ocr_line' id='line_1_28' title="bbox 167 2661 1757 2740; baseline -0.004 -18"><span class='ocrx_word' id='word_1_200' title='bbox 167 2671 262 2722; x_wconf 79' lang='grc' dir='ltr'>καὶ</span> <span class='ocrx_word' id='word_1_201' title='bbox 299 2670 395 2721; x_wconf 72' lang='grc' dir='ltr'>τὸν</span> <span class='ocrx_word' id='word_1_202' title='bbox 430 2669 614 2740; x_wconf 68' lang='grc' dir='ltr'>ἰατρὸν</span> <span class='ocrx_word' id='word_1_203' title='bbox 647 2667 866 2737; x_wconf 75' lang='grc' dir='ltr'>Μιχαὴλ</span> <span class='ocrx_word' id='word_1_204' title='bbox 898 2667 1017 2738; x_wconf 81' lang='grc' dir='ltr'>μετ’</span> <span class='ocrx_word' id='word_1_205' title='bbox 1075 2665 1266 2731; x_wconf 81' lang='grc' dir='ltr'>αὐτοῦ,</span> <span class='ocrx_word' id='word_1_206' title='bbox 1294 2665 1350 2728; x_wconf 87' lang='grc' dir='ltr'><strong>δς</strong></span> <span class='ocrx_word' id='word_1_207' title='bbox 1378 2661 1448 2735; x_wconf 78' lang='grc' dir='ltr'>ἦν</span> <span class='ocrx_word' id='word_1_208' title='bbox 1490 2663 1757 2733; x_wconf 69' lang='grc' dir='ltr'>ἐμπειρό-</span> 
     </span>
    </p>
   </div>
   <div class='ocr_carea' id='block_1_29' title="bbox 166 2755 1758 2828">
    <p class='ocr_par' dir='ltr' id='par_1_29' title="bbox 166 2755 1758 2828">
     <span class='ocr_line' id='line_1_29' title="bbox 166 2755 1758 2828; baseline -0.006 -13"><span class='ocrx_word' id='word_1_209' title='bbox 166 2779 351 2824; x_wconf 77' lang='grc' dir='ltr'>τατος.</span> <span class='ocrx_word' id='word_1_210' title='bbox 387 2762 501 2815; x_wconf 76' lang='grc' dir='ltr'><strong>Καὶ</strong></span> <span class='ocrx_word' id='word_1_211' title='bbox 553 2761 838 2813; x_wconf 71' lang='grc' dir='ltr'>ἐπιπεσὼν</span> <span class='ocrx_word' id='word_1_212' title='bbox 878 2758 957 2828; x_wconf 83' lang='grc' dir='ltr'>τῷ</span> <span class='ocrx_word' id='word_1_213' title='bbox 993 2759 1272 2828; x_wconf 79' lang='grc' dir='ltr'>μακαρίῳ,</span> <span class='ocrx_word' id='word_1_214' title='bbox 1313 2756 1494 2808; x_wconf 80' lang='grc' dir='ltr'>ἔκλαιε</span> <span class='ocrx_word' id='word_1_215' title='bbox 1545 2755 1758 2825; x_wconf 84' lang='grc' dir='ltr'>πικρῶς</span> 
     </span>
    </p>
   </div>
   <div class='ocr_carea' id='block_1_30' title="bbox 169 2848 1758 2922">
    <p class='ocr_par' dir='ltr' id='par_1_30' title="bbox 169 2848 1758 2922">
     <span class='ocr_line' id='line_1_30' title="bbox 169 2848 1758 2922; baseline -0.004 -16"><span class='ocrx_word' id='word_1_216' title='bbox 169 2856 267 2907; x_wconf 78' lang='grc' dir='ltr'>καὶ</span> <span class='ocrx_word' id='word_1_217' title='bbox 319 2853 547 2920; x_wconf 71' lang='grc' dir='ltr'>ἔλεγεν·</span> <span class='ocrx_word' id='word_1_218' title='bbox 583 2849 655 2904; x_wconf 81' lang='grc' dir='ltr'><strong><em>Ὦ</em></strong></span> <span class='ocrx_word' id='word_1_219' title='bbox 681 2852 882 2922; x_wconf 78' lang='grc' dir='ltr'>Πάτερ,</span> <span class='ocrx_word' id='word_1_220' title='bbox 931 2851 1138 2919; x_wconf 82' lang='grc' dir='ltr'>Πάτερ,</span> <span class='ocrx_word' id='word_1_221' title='bbox 1190 2849 1333 2901; x_wconf 76' lang='grc' dir='ltr'>διατε</span> <span class='ocrx_word' id='word_1_222' title='bbox 1375 2848 1519 2900; x_wconf 80' lang='grc' dir='ltr'>οὓτω</span> <span class='ocrx_word' id='word_1_223' title='bbox 1547 2849 1758 2919; x_wconf 81' lang='grc' dir='ltr'>ταχέως</span> 
     </span>
    </p>
   </div>
   <div class='ocr_carea' id='block_1_31' title="bbox 172 2941 1755 3015">
    <p class='ocr_par' dir='ltr' id='par_1_31' title="bbox 172 2941 1755 3015">
     <span class='ocr_line' id='line_1_31' title="bbox 172 2941 1755 3015; baseline -0.004 -17"><span class='ocrx_word' id='word_1_224' title='bbox 172 2965 239 3015; x_wconf 77' lang='grc' dir='ltr'>με</span> <span class='ocrx_word' id='word_1_225' title='bbox 270 2945 676 3013; x_wconf 79' lang='grc' dir='ltr'>ὲγκατέλιπες;</span> <span class='ocrx_word' id='word_1_226' title='bbox 709 2944 852 2996; x_wconf 80' lang='grc' dir='ltr'>διατε</span> <span class='ocrx_word' id='word_1_227' title='bbox 891 2943 1162 3009; x_wconf 79' lang='grc' dir='ltr'>ὲὸδελύεω</span> <span class='ocrx_word' id='word_1_228' title='bbox 1205 2943 1302 3005; x_wconf 84' lang='grc' dir='ltr'>τὰς</span> <span class='ocrx_word' id='word_1_229' title='bbox 1327 2941 1606 3012; x_wconf 74' lang='grc' dir='ltr'>ἁμαρτίας</span> <span class='ocrx_word' id='word_1_230' title='bbox 1632 2959 1755 3011; x_wconf 82' lang='grc' dir='ltr'>μου,</span> 
     </span>
    </p>
   </div>
   <div class='ocr_carea' id='block_1_32' title="bbox 170 3029 1756 3105">
    <p class='ocr_par' dir='ltr' id='par_1_32' title="bbox 170 3029 1756 3105">
     <span class='ocr_line' id='line_1_32' title="bbox 170 3029 1756 3105; baseline -0.004 -17"><span class='ocrx_word' id='word_1_231' title='bbox 170 3038 265 3089; x_wconf 68' lang='grc' dir='ltr'><strong>καὶ</strong></span> <span class='ocrx_word' id='word_1_232' title='bbox 319 3037 504 3105; x_wconf 80' lang='grc' dir='ltr'>άφίεις</span> <span class='ocrx_word' id='word_1_233' title='bbox 550 3052 661 3104; x_wconf 86' lang='grc' dir='ltr'>με;</span> <span class='ocrx_word' id='word_1_234' title='bbox 719 3034 1053 3102; x_wconf 75' lang='grc' dir='ltr'>Καταφιλῶν</span> <span class='ocrx_word' id='word_1_235' title='bbox 1079 3034 1135 3086; x_wconf 85' lang='grc' dir='ltr'>δὲ</span> <span class='ocrx_word' id='word_1_236' title='bbox 1189 3033 1287 3095; x_wconf 73' lang='grc' dir='ltr'><strong>τὰς</strong></span> <span class='ocrx_word' id='word_1_237' title='bbox 1343 3036 1532 3103; x_wconf 61' lang='grc' dir='ltr'>χεῖρας</span> <span class='ocrx_word' id='word_1_238' title='bbox 1590 3029 1756 3086; x_wconf 80' lang='grc' dir='ltr'>αὑτοῦ</span> 
     </span>
    </p>
   </div>
   <div class='ocr_carea' id='block_1_33' title="bbox 170 3126 1758 3198">
    <p class='ocr_par' dir='ltr' id='par_1_33' title="bbox 170 3126 1758 3198">
     <span class='ocr_line' id='line_1_33' title="bbox 170 3126 1758 3198; baseline -0.004 -16"><span class='ocrx_word' id='word_1_239' title='bbox 170 3130 395 3198; x_wconf 77' lang='grc' dir='ltr'>ἔλεγεν·</span> <span class='ocrx_word' id='word_1_240' title='bbox 438 3129 570 3182; x_wconf 74' lang='grc' dir='ltr'>Ἰδοὺ</span> <span class='ocrx_word' id='word_1_241' title='bbox 616 3129 801 3181; x_wconf 80' lang='grc' dir='ltr'>οὐκέτι</span> <span class='ocrx_word' id='word_1_242' title='bbox 849 3127 1082 3190; x_wconf 75' lang='grc' dir='ltr'>κωλύεις</span> <span class='ocrx_word' id='word_1_243' title='bbox 1139 3144 1207 3196; x_wconf 84' lang='grc' dir='ltr'>με</span> <span class='ocrx_word' id='word_1_244' title='bbox 1238 3126 1334 3179; x_wconf 81' lang='grc' dir='ltr'>τοῦ</span> <span class='ocrx_word' id='word_1_245' title='bbox 1378 3126 1604 3195; x_wconf 80' lang='grc' dir='ltr'>φιλῆσαι</span> <span class='ocrx_word' id='word_1_246' title='bbox 1657 3128 1758 3188; x_wconf 76' lang='grc' dir='ltr'><strong>τὰς</strong></span> 
     </span>
    </p>
   </div>
   <div class='ocr_carea' id='block_1_34' title="bbox 1855 613 3433 689">
    <p class='ocr_par' dir='ltr' id='par_1_34' title="bbox 1855 613 3433 689">
     <span class='ocr_line' id='line_1_34' title="bbox 1855 613 3433 689; baseline 0.004 -23"><span class='ocrx_word' id='word_1_247' title='bbox 1855 613 2116 670; x_wconf 89' lang='lat' dir='ltr'><strong>fornicem</strong></span> <span class='ocrx_word' id='word_1_248' title='bbox 2151 617 2284 671; x_wconf 86' lang='lat' dir='ltr'><strong>mibi</strong></span> <span class='ocrx_word' id='word_1_249' title='bbox 2319 621 2640 685; x_wconf 86' lang='lat' dir='ltr'><strong>exstruatis,</strong></span> <span class='ocrx_word' id='word_1_250' title='bbox 2669 627 2762 672; x_wconf 87' lang='lat' dir='ltr'><strong>aut</strong></span> <span class='ocrx_word' id='word_1_251' title='bbox 2794 619 3026 689; x_wconf 81' lang='lat' dir='ltr'><strong>quodvis</strong></span> <span class='ocrx_word' id='word_1_252' title='bbox 3050 630 3433 673; x_wconf 78' lang='lat' dir='ltr'><strong>ornamentum</strong></span> 
     </span>
    </p>
   </div>
   <div class='ocr_carea' id='block_1_35' title="bbox 1853 702 3432 780">
    <p class='ocr_par' dir='ltr' id='par_1_35' title="bbox 1853 702 3432 780">
     <span class='ocr_line' id='line_1_35' title="bbox 1853 702 3432 780; baseline 0.004 -23"><span class='ocrx_word' id='word_1_253' title='bbox 1853 702 2149 774; x_wconf 85' lang='lat' dir='ltr'><strong>adjiciatis.</strong></span> <span class='ocrx_word' id='word_1_254' title='bbox 2178 705 2333 772; x_wconf 87' lang='lat' dir='ltr'><strong>Quod</strong></span> <span class='ocrx_word' id='word_1_255' title='bbox 2363 709 2407 761; x_wconf 88' lang='lat' dir='ltr'><strong>si</strong></span> <span class='ocrx_word' id='word_1_256' title='bbox 2453 711 2680 764; x_wconf 88' lang='lat' dir='ltr'><strong>omnino</strong></span> <span class='ocrx_word' id='word_1_257' title='bbox 2715 709 2881 763; x_wconf 79' lang='lat' dir='ltr'><strong>vultis</strong></span> <span class='ocrx_word' id='word_1_258' title='bbox 2939 710 3152 778; x_wconf 85' lang='lat' dir='ltr'><strong>signum</strong></span> <span class='ocrx_word' id='word_1_259' title='bbox 3210 710 3432 780; x_wconf 77' lang='lat' dir='ltr'><strong>aliquod</strong></span> 
     </span>
    </p>
   </div>
   <div class='ocr_carea' id='block_1_36' title="bbox 1855 801 3437 869">
    <p class='ocr_par' dir='ltr' id='par_1_36' title="bbox 1855 801 3437 869">
     <span class='ocr_line' id='line_1_36' title="bbox 1855 801 3437 869; baseline 0.007 -20"><span class='ocrx_word' id='word_1_260' title='bbox 1855 811 2060 866; x_wconf 88' lang='lat' dir='ltr'><strong>ponere</strong></span> <span class='ocrx_word' id='word_1_261' title='bbox 2110 801 2175 854; x_wconf 89' lang='lat' dir='ltr'><strong>ad</strong></span> <span class='ocrx_word' id='word_1_262' title='bbox 2241 803 2709 869; x_wconf 80' lang='lat' dir='ltr'><strong>cognoscendum,</strong></span> <span class='ocrx_word' id='word_1_263' title='bbox 2777 804 2869 858; x_wconf 92' lang='lat' dir='ltr'><strong>ubi</strong></span> <span class='ocrx_word' id='word_1_264' title='bbox 2921 803 3114 857; x_wconf 79' lang='lat' dir='ltr'><strong>fuerim</strong></span> <span class='ocrx_word' id='word_1_265' title='bbox 3154 805 3437 868; x_wconf 81' lang='lat' dir='ltr'><strong>humatus,</strong></span> 
     </span>
    </p>
   </div>
   <div class='ocr_carea' id='block_1_37' title="bbox 1855 890 3428 966">
    <p class='ocr_par' dir='ltr' id='par_1_37' title="bbox 1855 890 3428 966">
     <span class='ocr_line' id='line_1_37' title="bbox 1855 890 3428 966; baseline 0.005 -24"><span class='ocrx_word' id='word_1_266' title='bbox 1855 890 2078 960; x_wconf 89' lang='lat' dir='ltr'><strong>planum</strong></span> <span class='ocrx_word' id='word_1_267' title='bbox 2108 902 2247 958; x_wconf 89' lang='lat' dir='ltr'><strong>esto,</strong></span> <span class='ocrx_word' id='word_1_268' title='bbox 2278 896 2636 962; x_wconf 84' lang='lat' dir='ltr'><strong>utquiescere</strong></span> <span class='ocrx_word' id='word_1_269' title='bbox 2668 897 2722 949; x_wconf 91' lang='lat' dir='ltr'><strong>in</strong></span> <span class='ocrx_word' id='word_1_270' title='bbox 2749 912 2814 951; x_wconf 91' lang='lat' dir='ltr'><strong>eo</strong></span> <span class='ocrx_word' id='word_1_271' title='bbox 2866 897 3142 966; x_wconf 80' lang='lat' dir='ltr'><strong>peregrini</strong></span> <span class='ocrx_word' id='word_1_272' title='bbox 3183 899 3428 966; x_wconf 86' lang='lat' dir='ltr'><strong>possint,</strong></span> 
     </span>
    </p>
   </div>
   <div class='ocr_carea' id='block_1_38' title="bbox 1856 987 3439 1059">
    <p class='ocr_par' dir='ltr' id='par_1_38' title="bbox 1856 987 3439 1059">
     <span class='ocr_line' id='line_1_38' title="bbox 1856 987 3439 1059; baseline 0.005 -22"><span class='ocrx_word' id='word_1_273' title='bbox 1856 998 1983 1037; x_wconf 87' lang='lat' dir='ltr'><strong>nam</strong></span> <span class='ocrx_word' id='word_1_274' title='bbox 2022 991 2076 1036; x_wconf 86' lang='lat' dir='ltr'><strong>et</strong></span> <span class='ocrx_word' id='word_1_275' title='bbox 2111 1000 2211 1054; x_wconf 77' lang='lat' dir='ltr'><strong>ego</strong></span> <span class='ocrx_word' id='word_1_276' title='bbox 2245 989 2570 1056; x_wconf 89' lang='lat' dir='ltr'><strong>peregrinus</strong></span> <span class='ocrx_word' id='word_1_277' title='bbox 2596 987 2671 1041; x_wconf 88' lang='lat' dir='ltr'><strong>fui</strong></span> <span class='ocrx_word' id='word_1_278' title='bbox 2703 990 2923 1044; x_wconf 89' lang='lat' dir='ltr'><strong>cunctis</strong></span> <span class='ocrx_word' id='word_1_279' title='bbox 2967 989 3186 1054; x_wconf 86' lang='lat' dir='ltr'><strong>diebus,</strong></span> <span class='ocrx_word' id='word_1_280' title='bbox 3235 993 3439 1059; x_wconf 84' lang='lat' dir='ltr'><strong>quibus</strong></span> 
     </span>
    </p>
   </div>
   <div class='ocr_carea' id='block_1_39' title="bbox 1855 1074 3440 1139">
    <p class='ocr_par' dir='ltr' id='par_1_39' title="bbox 1855 1074 3440 1139">
     <span class='ocr_line' id='line_1_39' title="bbox 1855 1074 3440 1139; baseline 0.004 -10"><span class='ocrx_word' id='word_1_281' title='bbox 1855 1074 1990 1139; x_wconf 88' lang='lat' dir='ltr'><strong>vixi,</strong></span> <span class='ocrx_word' id='word_1_282' title='bbox 2025 1084 2079 1130; x_wconf 91' lang='lat' dir='ltr'><strong>et</strong></span> <span class='ocrx_word' id='word_1_283' title='bbox 2103 1086 2434 1132; x_wconf 74' lang='lat' dir='ltr'><strong>mementote</strong></span> <span class='ocrx_word' id='word_1_284' title='bbox 2479 1081 2581 1134; x_wconf 88' lang='lat' dir='ltr'><strong>mei</strong></span> <span class='ocrx_word' id='word_1_285' title='bbox 2611 1081 2663 1134; x_wconf 93' lang='lat' dir='ltr'><strong>in</strong></span> <span class='ocrx_word' id='word_1_286' title='bbox 2690 1080 2900 1135; x_wconf 80' lang='lat' dir='ltr'><strong>sanctis</strong></span> <span class='ocrx_word' id='word_1_287' title='bbox 2933 1081 3132 1136; x_wconf 81' lang='lat' dir='ltr'><strong>vestris</strong></span> <span class='ocrx_word' id='word_1_288' title='bbox 3167 1082 3440 1135; x_wconf 85' lang='lat' dir='ltr'><strong>orationi-</strong></span> 
     </span>
    </p>
   </div>
   <div class='ocr_carea' id='block_1_40' title="bbox 1855 1167 1979 1223">
    <p class='ocr_par' dir='ltr' id='par_1_40' title="bbox 1855 1167 1979 1223">
     <span class='ocr_line' id='line_1_40' title="bbox 1855 1167 1979 1223; baseline 0 -1"><span class='ocrx_word' id='word_1_289' title='bbox 1855 1167 1979 1223; x_wconf 88' lang='lat' dir='ltr'><strong>bus.</strong></span> 
     </span>
    </p>
   </div>
   <div class='ocr_carea' id='block_1_41' title="bbox 1929 1371 3444 1444">
    <p class='ocr_par' dir='ltr' id='par_1_41' title="bbox 1929 1371 3444 1444">
     <span class='ocr_line' id='line_1_41' title="bbox 1929 1371 3444 1444; baseline 0.002 -19"><span class='ocrx_word' id='word_1_290' title='bbox 1929 1371 2017 1425; x_wconf 85' lang='lat'><strong>98.</strong></span> <span class='ocrx_word' id='word_1_291' title='bbox 2039 1373 2166 1427; x_wconf 65' lang='lat' dir='ltr'><strong>Hac</strong></span> <span class='ocrx_word' id='word_1_292' title='bbox 2198 1372 2355 1435; x_wconf 86' lang='lat' dir='ltr'><strong>dixit,</strong></span> <span class='ocrx_word' id='word_1_293' title='bbox 2392 1373 2589 1429; x_wconf 87' lang='lat' dir='ltr'><strong>deimle</strong></span> <span class='ocrx_word' id='word_1_294' title='bbox 2628 1374 2904 1431; x_wconf 78' lang='lat' dir='ltr'><strong>benedixit</strong></span> <span class='ocrx_word' id='word_1_295' title='bbox 2926 1375 3029 1436; x_wconf 86' lang='lat' dir='ltr'><strong>eis.</strong></span> <span class='ocrx_word' id='word_1_296' title='bbox 3069 1384 3123 1430; x_wconf 92' lang='lat' dir='ltr'><strong>et</strong></span> <span class='ocrx_word' id='word_1_297' title='bbox 3157 1374 3292 1430; x_wconf 86' lang='lat' dir='ltr'><strong>bene</strong></span> <span class='ocrx_word' id='word_1_298' title='bbox 3317 1390 3444 1444; x_wconf 84' lang='lat' dir='ltr'><strong>pre-</strong></span> 
     </span>
    </p>
   </div>
   <div class='ocr_carea' id='block_1_42' title="bbox 1860 1467 3443 1539">
    <p class='ocr_par' dir='ltr' id='par_1_42' title="bbox 1860 1467 3443 1539">
     <span class='ocr_line' id='line_1_42' title="bbox 1860 1467 3443 1539; baseline 0.008 -23"><span class='ocrx_word' id='word_1_299' title='bbox 1860 1471 2018 1518; x_wconf 85' lang='lat' dir='ltr'><strong>catus</strong></span> <span class='ocrx_word' id='word_1_300' title='bbox 2078 1474 2161 1519; x_wconf 92' lang='lat' dir='ltr'><strong>est</strong></span> <span class='ocrx_word' id='word_1_301' title='bbox 2207 1468 2426 1522; x_wconf 85' lang='lat' dir='ltr'><strong>cunctis</strong></span> <span class='ocrx_word' id='word_1_302' title='bbox 2495 1467 2760 1523; x_wconf 81' lang='lat' dir='ltr'><strong>fratribus</strong></span> <span class='ocrx_word' id='word_1_303' title='bbox 2827 1470 3193 1539; x_wconf 84' lang='lat' dir='ltr'><strong>attollensque</strong></span> <span class='ocrx_word' id='word_1_304' title='bbox 3254 1479 3443 1538; x_wconf 80' lang='lat' dir='ltr'><strong>pedes.</strong></span> 
     </span>
    </p>
   </div>
   <div class='ocr_carea' id='block_1_43' title="bbox 1859 1549 3443 1631">
    <p class='ocr_par' dir='ltr' id='par_1_43' title="bbox 1859 1549 3443 1631">
     <span class='ocr_line' id='line_1_43' title="bbox 1859 1549 3443 1631; baseline 0.003 -21"><span class='ocrx_word' id='word_1_305' title='bbox 1859 1557 2109 1612; x_wconf 82' lang='lat' dir='ltr'><strong>extendit</strong></span> <span class='ocrx_word' id='word_1_306' title='bbox 2132 1574 2192 1613; x_wconf 90' lang='lat' dir='ltr'><strong>se</strong></span> <span class='ocrx_word' id='word_1_307' title='bbox 2221 1559 2274 1612; x_wconf 90' lang='lat' dir='ltr'><strong>in</strong></span> <span class='ocrx_word' id='word_1_308' title='bbox 2317 1559 2520 1615; x_wconf 84' lang='lat' dir='ltr'><strong>lectulo</strong></span> <span class='ocrx_word' id='word_1_309' title='bbox 2561 1577 2684 1614; x_wconf 91' lang='lat' dir='ltr'><strong>suo.</strong></span> <span class='ocrx_word' id='word_1_310' title='bbox 2715 1549 3105 1617; x_wconf 27' lang='lat' dir='ltr'><strong>Biduum‘vero</strong></span> <span class='ocrx_word' id='word_1_311' title='bbox 3132 1562 3308 1631; x_wconf 76' lang='lat' dir='ltr'><strong>jac-uit</strong></span> <span class='ocrx_word' id='word_1_312' title='bbox 3343 1576 3443 1615; x_wconf 81' lang='lat' dir='ltr'><strong>nec</strong></span> 
     </span>
    </p>
   </div>
   <div class='ocr_carea' id='block_1_44' title="bbox 1861 1651 3444 1724">
    <p class='ocr_par' dir='ltr' id='par_1_44' title="bbox 1861 1651 3444 1724">
     <span class='ocr_line' id='line_1_44' title="bbox 1861 1651 3444 1724; baseline 0.003 -20"><span class='ocrx_word' id='word_1_313' title='bbox 1861 1651 2116 1722; x_wconf 90' lang='lat' dir='ltr'><strong>loquens,</strong></span> <span class='ocrx_word' id='word_1_314' title='bbox 2199 1667 2301 1707; x_wconf 89' lang='lat' dir='ltr'><strong>nec</strong></span> <span class='ocrx_word' id='word_1_315' title='bbox 2363 1654 2618 1724; x_wconf 88' lang='lat' dir='ltr'><strong>aperiens</strong></span> <span class='ocrx_word' id='word_1_316' title='bbox 2674 1655 2887 1720; x_wconf 88' lang='lat' dir='ltr'><strong>oculos,</strong></span> <span class='ocrx_word' id='word_1_317' title='bbox 2939 1664 2994 1709; x_wconf 91' lang='lat' dir='ltr'><strong>et</strong></span> <span class='ocrx_word' id='word_1_318' title='bbox 3038 1656 3130 1724; x_wconf 90' lang='lat' dir='ltr'><strong>qui</strong></span> <span class='ocrx_word' id='word_1_319' title='bbox 3185 1655 3444 1710; x_wconf 79' lang='lat' dir='ltr'><strong>videbant</strong></span> 
     </span>
    </p>
   </div>
   <div class='ocr_carea' id='block_1_45' title="bbox 1861 1744 3445 1815">
    <p class='ocr_par' dir='ltr' id='par_1_45' title="bbox 1861 1744 3445 1815">
     <span class='ocr_line' id='line_1_45' title="bbox 1861 1744 3445 1815; baseline 0 -16"><span class='ocrx_word' id='word_1_320' title='bbox 1861 1744 2039 1811; x_wconf 88' lang='lat' dir='ltr'><strong>illum,</strong></span> <span class='ocrx_word' id='word_1_321' title='bbox 2075 1744 2442 1810; x_wconf 78' lang='lat' dir='ltr'><strong>mirabantur,</strong></span> <span class='ocrx_word' id='word_1_322' title='bbox 2489 1763 2601 1801; x_wconf 92' lang='lat' dir='ltr'><strong>non</strong></span> <span class='ocrx_word' id='word_1_323' title='bbox 2647 1748 2794 1802; x_wconf 92' lang='lat' dir='ltr'><strong>enim</strong></span> <span class='ocrx_word' id='word_1_324' title='bbox 2863 1755 2983 1801; x_wconf 86' lang='lat' dir='ltr'><strong>erat</strong></span> <span class='ocrx_word' id='word_1_325' title='bbox 3017 1745 3216 1802; x_wconf 88' lang='lat' dir='ltr'><strong>similis</strong></span> <span class='ocrx_word' id='word_1_326' title='bbox 3265 1749 3445 1815; x_wconf 86' lang='lat' dir='ltr'><strong>agenti</strong></span> 
     </span>
    </p>
   </div>
   <div class='ocr_carea' id='block_1_46' title="bbox 1865 1837 3444 1909">
    <p class='ocr_par' dir='ltr' id='par_1_46' title="bbox 1865 1837 3444 1909">
     <span class='ocr_line' id='line_1_46' title="bbox 1865 1837 3444 1909; baseline 0.003 -19"><span class='ocrx_word' id='word_1_327' title='bbox 1865 1837 2126 1899; x_wconf 86' lang='lat' dir='ltr'><strong>animam.</strong></span> <span class='ocrx_word' id='word_1_328' title='bbox 2159 1840 2252 1894; x_wconf 90' lang='lat' dir='ltr'><strong>sed</strong></span> <span class='ocrx_word' id='word_1_329' title='bbox 2279 1842 2614 1909; x_wconf 81' lang='lat' dir='ltr'><strong>quiescenti,</strong></span> <span class='ocrx_word' id='word_1_330' title='bbox 2652 1842 2907 1896; x_wconf 77' lang='lat' dir='ltr'><strong>movebat</strong></span> <span class='ocrx_word' id='word_1_331' title='bbox 2938 1839 3116 1894; x_wconf 83' lang='lat' dir='ltr'><strong>solum</strong></span> <span class='ocrx_word' id='word_1_332' title='bbox 3185 1838 3331 1893; x_wconf 90' lang='lat' dir='ltr'><strong>labia</strong></span> <span class='ocrx_word' id='word_1_333' title='bbox 3389 1851 3444 1895; x_wconf 78' lang='lat' dir='ltr'><strong>et</strong></span> 
     </span>
    </p>
   </div>
   <div class='ocr_carea' id='block_1_47' title="bbox 1861 1931 3446 2007">
    <p class='ocr_par' dir='ltr' id='par_1_47' title="bbox 1861 1931 3446 2007">
     <span class='ocr_line' id='line_1_47' title="bbox 1861 1931 3446 2007; baseline 0.002 -22"><span class='ocrx_word' id='word_1_334' title='bbox 1861 1931 2081 1986; x_wconf 77' lang='lat' dir='ltr'><strong>dextera</strong></span> <span class='ocrx_word' id='word_1_335' title='bbox 2114 1946 2172 1986; x_wconf 88' lang='lat' dir='ltr'><strong>se</strong></span> <span class='ocrx_word' id='word_1_336' title='bbox 2201 1933 2360 2001; x_wconf 87' lang='lat' dir='ltr'><strong>signo</strong></span> <span class='ocrx_word' id='word_1_337' title='bbox 2406 1934 2588 1990; x_wconf 88' lang='lat' dir='ltr'><strong>crucis</strong></span> <span class='ocrx_word' id='word_1_338' title='bbox 2623 1934 3004 2004; x_wconf 81' lang='lat' dir='ltr'><strong>consignabat,</strong></span> <span class='ocrx_word' id='word_1_339' title='bbox 3075 1951 3170 2004; x_wconf 86' lang='lat' dir='ltr'><strong>per</strong></span> <span class='ocrx_word' id='word_1_340' title='bbox 3219 1952 3340 2007; x_wconf 74' lang='lat' dir='ltr'><strong>qua:</strong></span> <span class='ocrx_word' id='word_1_341' title='bbox 3388 1936 3446 1990; x_wconf 73' lang='lat' dir='ltr'><strong>in</strong></span> 
     </span>
    </p>
   </div>
   <div class='ocr_carea' id='block_1_48' title="bbox 1856 2021 3449 2096">
    <p class='ocr_par' dir='ltr' id='par_1_48' title="bbox 1856 2021 3449 2096">
     <span class='ocr_line' id='line_1_48' title="bbox 1856 2021 3449 2096; baseline 0.004 -21"><span class='ocrx_word' id='word_1_342' title='bbox 1856 2021 2106 2075; x_wconf 84' lang='lat' dir='ltr'><strong>oratione</strong></span> <span class='ocrx_word' id='word_1_343' title='bbox 2136 2023 2372 2076; x_wconf 86' lang='lat' dir='ltr'><strong>defixum</strong></span> <span class='ocrx_word' id='word_1_344' title='bbox 2425 2033 2723 2091; x_wconf 69' lang='lat' dir='ltr'><strong>praesentes</strong></span> <span class='ocrx_word' id='word_1_345' title='bbox 2770 2025 3168 2096; x_wconf 87' lang='lat' dir='ltr'><strong>intelligebam.</strong></span> <span class='ocrx_word' id='word_1_346' title='bbox 3205 2027 3269 2081; x_wconf 88' lang='lat' dir='ltr'><strong>Et</strong></span> <span class='ocrx_word' id='word_1_347' title='bbox 3319 2028 3449 2096; x_wconf 82' lang='lat' dir='ltr'><strong>qui-</strong></span> 
     </span>
    </p>
   </div>
   <div class='ocr_carea' id='block_1_49' title="bbox 1854 2113 3451 2185">
    <p class='ocr_par' dir='ltr' id='par_1_49' title="bbox 1854 2113 3451 2185">
     <span class='ocr_line' id='line_1_49' title="bbox 1854 2113 3451 2185; baseline 0.004 -19"><span class='ocrx_word' id='word_1_348' title='bbox 1854 2113 1977 2167; x_wconf 86' lang='lat' dir='ltr'><strong>dam</strong></span> <span class='ocrx_word' id='word_1_349' title='bbox 2012 2115 2200 2178; x_wconf 78' lang='lat' dir='ltr'><strong>frater,</strong></span> <span class='ocrx_word' id='word_1_350' title='bbox 2232 2117 2451 2169; x_wconf 83' lang='lat' dir='ltr'><strong>admota</strong></span> <span class='ocrx_word' id='word_1_351' title='bbox 2505 2116 2570 2169; x_wconf 87' lang='lat' dir='ltr'><strong>ad</strong></span> <span class='ocrx_word' id='word_1_352' title='bbox 2607 2132 2668 2169; x_wconf 89' lang='lat' dir='ltr'><strong>os</strong></span> <span class='ocrx_word' id='word_1_353' title='bbox 2700 2115 2820 2185; x_wconf 75' lang='lat' dir='ltr'><strong>ejus</strong></span> <span class='ocrx_word' id='word_1_354' title='bbox 2863 2133 3016 2184; x_wconf 88' lang='lat' dir='ltr'><strong>aure,</strong></span> <span class='ocrx_word' id='word_1_355' title='bbox 3075 2119 3220 2172; x_wconf 87' lang='lat' dir='ltr'><strong>hunc</strong></span> <span class='ocrx_word' id='word_1_356' title='bbox 3271 2121 3451 2173; x_wconf 82' lang='lat' dir='ltr'><strong>versi-</strong></span> 
     </span>
    </p>
   </div>
   <div class='ocr_carea' id='block_1_50' title="bbox 1859 2208 3446 2290">
    <p class='ocr_par' dir='ltr' id='par_1_50' title="bbox 1859 2208 3446 2290">
     <span class='ocr_line' id='line_1_50' title="bbox 1859 2208 3446 2290; baseline 0.003 -29"><span class='ocrx_word' id='word_1_357' title='bbox 1859 2208 2045 2261; x_wconf 89' lang='lat' dir='ltr'><strong>culum</strong></span> <span class='ocrx_word' id='word_1_358' title='bbox 2069 2209 2448 2262; x_wconf 85' lang='lat' dir='ltr'><strong>tantummodo</strong></span> <span class='ocrx_word' id='word_1_359' title='bbox 2483 2209 2553 2262; x_wconf 89' lang='lat' dir='ltr'><strong>ab</strong></span> <span class='ocrx_word' id='word_1_360' title='bbox 2581 2224 2644 2262; x_wconf 91' lang='lat' dir='ltr'><strong>eo</strong></span> <span class='ocrx_word' id='word_1_361' title='bbox 2669 2208 2931 2264; x_wconf 88' lang='lat' dir='ltr'><strong>distincte</strong></span> <span class='ocrx_word' id='word_1_362' title='bbox 2952 2209 3160 2290; x_wconf 68' lang='lat' dir='ltr'><strong>audivit</strong></span> <span class='ocrx_word' id='word_1_363' title='bbox 3197 2224 3212 2262; x_wconf 89' lang='lat'><strong>:</strong></span> <span class='ocrx_word' id='word_1_364' title='bbox 3245 2229 3264 2263; x_wconf 78' lang='grc' dir='ltr'><strong>ι</strong></span> <span class='ocrx_word' id='word_1_365' title='bbox 3293 2209 3446 2265; x_wconf 82' lang='lat' dir='ltr'><strong>Tunc</strong></span> 
     </span>
    </p>
   </div>
   <div class='ocr_carea' id='block_1_51' title="bbox 1857 2299 3443 2370">
    <p class='ocr_par' dir='ltr' id='par_1_51' title="bbox 1857 2299 3443 2370">
     <span class='ocr_line' id='line_1_51' title="bbox 1857 2299 3443 2370; baseline 0.002 -15"><span class='ocrx_word' id='word_1_366' title='bbox 1857 2299 2317 2362; x_wconf 87' lang='lat' dir='ltr'><strong>nonconfundar,</strong></span> <span class='ocrx_word' id='word_1_367' title='bbox 2356 2316 2482 2355; x_wconf 86' lang='lat' dir='ltr'><strong>eum</strong></span> <span class='ocrx_word' id='word_1_368' title='bbox 2515 2317 2850 2370; x_wconf 79' lang='lat' dir='ltr'><strong>perspexero</strong></span> <span class='ocrx_word' id='word_1_369' title='bbox 2891 2302 2944 2356; x_wconf 86' lang='lat' dir='ltr'><strong>in</strong></span> <span class='ocrx_word' id='word_1_370' title='bbox 2992 2303 3254 2358; x_wconf 89' lang='lat' dir='ltr'><strong>omnibus</strong></span> <span class='ocrx_word' id='word_1_371' title='bbox 3285 2317 3443 2357; x_wconf 57' lang='lat' dir='ltr'><strong>man.</strong></span> 
     </span>
    </p>
   </div>
   <div class='ocr_carea' id='block_1_52' title="bbox 1859 2391 3448 2463">
    <p class='ocr_par' dir='ltr' id='par_1_52' title="bbox 1859 2391 3448 2463">
     <span class='ocr_line' id='line_1_52' title="bbox 1859 2391 3448 2463; baseline 0.001 -19"><span class='ocrx_word' id='word_1_372' title='bbox 1859 2393 2002 2447; x_wconf 83' lang='lat' dir='ltr'><strong>datis</strong></span> <span class='ocrx_word' id='word_1_373' title='bbox 2032 2393 2162 2447; x_wconf 88' lang='lat' dir='ltr'><strong>tuis.</strong></span> <span class='ocrx_word' id='word_1_374' title='bbox 2195 2410 2214 2443; x_wconf 74' lang='grc' dir='ltr'><strong>ι</strong></span> <span class='ocrx_word' id='word_1_375' title='bbox 2251 2391 2549 2462; x_wconf 75' lang='lat' dir='ltr'><strong>Gregorius</strong></span> <span class='ocrx_word' id='word_1_376' title='bbox 2584 2409 2803 2463; x_wconf 85' lang='lat' dir='ltr'><strong>quoque</strong></span> <span class='ocrx_word' id='word_1_377' title='bbox 2846 2393 2951 2447; x_wconf 91' lang='lat' dir='ltr'><strong>loci</strong></span> <span class='ocrx_word' id='word_1_378' title='bbox 3011 2393 3267 2448; x_wconf 88' lang='lat' dir='ltr'><strong>dominus</strong></span> <span class='ocrx_word' id='word_1_379' title='bbox 3324 2405 3448 2448; x_wconf 80' lang='lat' dir='ltr'><strong>cum</strong></span> 
     </span>
    </p>
   </div>
   <div class='ocr_carea' id='block_1_53' title="bbox 1861 2482 3449 2554">
    <p class='ocr_par' dir='ltr' id='par_1_53' title="bbox 1861 2482 3449 2554">
     <span class='ocr_line' id='line_1_53' title="bbox 1861 2482 3449 2554; baseline 0.001 -18"><span class='ocrx_word' id='word_1_380' title='bbox 1861 2482 1976 2537; x_wconf 68' lang='lat' dir='ltr'><strong>haec</strong></span> <span class='ocrx_word' id='word_1_381' title='bbox 2007 2482 2280 2544; x_wconf 83' lang='lat' dir='ltr'><strong>audisset,</strong></span> <span class='ocrx_word' id='word_1_382' title='bbox 2341 2499 2442 2538; x_wconf 87' lang='lat' dir='ltr'><strong>suo</strong></span> <span class='ocrx_word' id='word_1_383' title='bbox 2497 2499 2564 2537; x_wconf 89' lang='lat' dir='ltr'><strong>ex</strong></span> <span class='ocrx_word' id='word_1_384' title='bbox 2603 2483 2806 2554; x_wconf 80' lang='lat' dir='ltr'><strong>Oppido</strong></span> <span class='ocrx_word' id='word_1_385' title='bbox 2864 2499 3098 2539; x_wconf 88' lang='lat' dir='ltr'><strong>currens</strong></span> <span class='ocrx_word' id='word_1_386' title='bbox 3141 2484 3449 2548; x_wconf 75' lang='lat' dir='ltr'><strong>descendit,</strong></span> 
     </span>
    </p>
   </div>
   <div class='ocr_carea' id='block_1_54' title="bbox 1857 2575 3450 2648">
    <p class='ocr_par' dir='ltr' id='par_1_54' title="bbox 1857 2575 3450 2648">
     <span class='ocr_line' id='line_1_54' title="bbox 1857 2575 3450 2648; baseline 0.001 -18"><span class='ocrx_word' id='word_1_387' title='bbox 1857 2592 2045 2632; x_wconf 88' lang='lat' dir='ltr'><strong>secum</strong></span> <span class='ocrx_word' id='word_1_388' title='bbox 2072 2588 2124 2631; x_wconf 91' lang='lat' dir='ltr'><strong>et</strong></span> <span class='ocrx_word' id='word_1_389' title='bbox 2157 2575 2476 2632; x_wconf 82' lang='lat' dir='ltr'><strong>Michaelem</strong></span> <span class='ocrx_word' id='word_1_390' title='bbox 2508 2577 2788 2632; x_wconf 84' lang='lat' dir='ltr'><strong>adducens</strong></span> <span class='ocrx_word' id='word_1_391' title='bbox 2838 2579 3243 2648; x_wconf 82' lang='lat' dir='ltr'><strong>peritissimum</strong></span> <span class='ocrx_word' id='word_1_392' title='bbox 3279 2581 3450 2634; x_wconf 81' lang='lat' dir='ltr'><strong>medi-</strong></span> 
     </span>
    </p>
   </div>
   <div class='ocr_carea' id='block_1_55' title="bbox 1860 2654 3448 2740">
    <p class='ocr_par' dir='ltr' id='par_1_55' title="bbox 1860 2654 3448 2740">
     <span class='ocr_line' id='line_1_55' title="bbox 1860 2654 3448 2740; baseline 0.001 -17"><span class='ocrx_word' id='word_1_393' title='bbox 1860 2654 2010 2733; x_wconf 88' lang='lat' dir='ltr'><strong>cum,</strong></span> <span class='ocrx_word' id='word_1_394' title='bbox 2048 2685 2327 2740; x_wconf 87' lang='lat' dir='ltr'><strong>ruensque</strong></span> <span class='ocrx_word' id='word_1_395' title='bbox 2363 2670 2762 2739; x_wconf 85' lang='lat' dir='ltr'><strong>superbeatum</strong></span> <span class='ocrx_word' id='word_1_396' title='bbox 2794 2673 2970 2724; x_wconf 91' lang='lat' dir='ltr'><strong>virum</strong></span> <span class='ocrx_word' id='word_1_397' title='bbox 3003 2671 3165 2726; x_wconf 81' lang='lat' dir='ltr'><strong>flebat</strong></span> <span class='ocrx_word' id='word_1_398' title='bbox 3190 2673 3448 2735; x_wconf 81' lang='lat' dir='ltr'><strong>ubertim,</strong></span> 
     </span>
    </p>
   </div>
   <div class='ocr_carea' id='block_1_56' title="bbox 1863 2762 3454 2830">
    <p class='ocr_par' dir='ltr' id='par_1_56' title="bbox 1863 2762 3454 2830">
     <span class='ocr_line' id='line_1_56' title="bbox 1863 2762 3454 2830; baseline 0.004 -16"><span class='ocrx_word' id='word_1_399' title='bbox 1863 2777 1926 2816; x_wconf 89' lang='lat' dir='ltr'><strong>ac</strong></span> <span class='ocrx_word' id='word_1_400' title='bbox 1964 2763 2228 2817; x_wconf 77' lang='lat' dir='ltr'><strong>dicebat:</strong></span> <span class='ocrx_word' id='word_1_401' title='bbox 2291 2763 2334 2818; x_wconf 86' lang='lat'><strong>0</strong></span> <span class='ocrx_word' id='word_1_402' title='bbox 2390 2763 2575 2830; x_wconf 87' lang='lat' dir='ltr'><strong>Pater,</strong></span> <span class='ocrx_word' id='word_1_403' title='bbox 2621 2762 2801 2825; x_wconf 82' lang='lat' dir='ltr'><strong>Pater.</strong></span> <span class='ocrx_word' id='word_1_404' title='bbox 2861 2778 2961 2818; x_wconf 88' lang='lat' dir='ltr'><strong>cur</strong></span> <span class='ocrx_word' id='word_1_405' title='bbox 3028 2773 3140 2818; x_wconf 91' lang='lat' dir='ltr'><strong>tam</strong></span> <span class='ocrx_word' id='word_1_406' title='bbox 3198 2767 3308 2820; x_wconf 89' lang='lat' dir='ltr'><strong>cito</strong></span> <span class='ocrx_word' id='word_1_407' title='bbox 3363 2774 3454 2820; x_wconf 85' lang='lat' dir='ltr'><strong>me</strong></span> 
     </span>
    </p>
   </div>
   <div class='ocr_carea' id='block_1_57' title="bbox 1862 2856 3452 2926">
    <p class='ocr_par' dir='ltr' id='par_1_57' title="bbox 1862 2856 3452 2926">
     <span class='ocr_line' id='line_1_57' title="bbox 1862 2856 3452 2926; baseline 0.001 -16"><span class='ocrx_word' id='word_1_408' title='bbox 1862 2856 2212 2910; x_wconf 86' lang='lat' dir='ltr'><strong>deseruisti?</strong></span> <span class='ocrx_word' id='word_1_409' title='bbox 2258 2856 2372 2910; x_wconf 91' lang='lat' dir='ltr'><strong>Cur</strong></span> <span class='ocrx_word' id='word_1_410' title='bbox 2416 2856 2770 2911; x_wconf 80' lang='lat' dir='ltr'><strong>abominatus</strong></span> <span class='ocrx_word' id='word_1_411' title='bbox 2831 2872 2893 2911; x_wconf 85' lang='lat' dir='ltr'><strong>es</strong></span> <span class='ocrx_word' id='word_1_412' title='bbox 2945 2865 3168 2926; x_wconf 70' lang='lat' dir='ltr'><strong>peccata</strong></span> <span class='ocrx_word' id='word_1_413' title='bbox 3227 2874 3344 2912; x_wconf 87' lang='lat' dir='ltr'><strong>mea</strong></span> <span class='ocrx_word' id='word_1_414' title='bbox 3399 2869 3452 2912; x_wconf 79' lang='lat' dir='ltr'><strong>et</strong></span> 
     </span>
    </p>
   </div>
   <div class='ocr_carea' id='block_1_58' title="bbox 1861 2948 3448 3019">
    <p class='ocr_par' dir='ltr' id='par_1_58' title="bbox 1861 2948 3448 3019">
     <span class='ocr_line' id='line_1_58' title="bbox 1861 2948 3448 3019; baseline -0.002 -17"><span class='ocrx_word' id='word_1_415' title='bbox 1861 2949 2128 3015; x_wconf 83' lang='lat' dir='ltr'><strong>relinquis</strong></span> <span class='ocrx_word' id='word_1_416' title='bbox 2189 2948 2730 3003; x_wconf 84' lang='lat' dir='ltr'><strong>me?Deoseulando</strong></span> <span class='ocrx_word' id='word_1_417' title='bbox 2790 2957 2970 3002; x_wconf 88' lang='lat' dir='ltr'><strong>autem</strong></span> <span class='ocrx_word' id='word_1_418' title='bbox 3021 2964 3220 3004; x_wconf 88' lang='lat' dir='ltr'><strong>manus</strong></span> <span class='ocrx_word' id='word_1_419' title='bbox 3278 2949 3398 3019; x_wconf 77' lang='lat' dir='ltr'><strong>ejus</strong></span> <span class='ocrx_word' id='word_1_420' title='bbox 3434 2970 3448 2999; x_wconf 74' lang='grc' dir='ltr'><strong>τ</strong></span> 
     </span>
    </p>
   </div>
   <div class='ocr_carea' id='block_1_59' title="bbox 1865 3037 3452 3108">
    <p class='ocr_par' dir='ltr' id='par_1_59' title="bbox 1865 3037 3452 3108">
     <span class='ocr_line' id='line_1_59' title="bbox 1865 3037 3452 3108; baseline 0.001 -16"><span class='ocrx_word' id='word_1_421' title='bbox 1865 3038 1944 3092; x_wconf 85' lang='lat' dir='ltr'><strong>En</strong></span> <span class='ocrx_word' id='word_1_422' title='bbox 1982 3054 2068 3092; x_wconf 89' lang='lat' dir='ltr'><strong>me</strong></span> <span class='ocrx_word' id='word_1_423' title='bbox 2090 3039 2200 3108; x_wconf 92' lang='lat' dir='ltr'><strong>jam</strong></span> <span class='ocrx_word' id='word_1_424' title='bbox 2239 3053 2343 3092; x_wconf 92' lang='lat' dir='ltr'><strong>non</strong></span> <span class='ocrx_word' id='word_1_425' title='bbox 2382 3039 2663 3108; x_wconf 84' lang='lat' dir='ltr'><strong>prohibes,</strong></span> <span class='ocrx_word' id='word_1_426' title='bbox 2699 3037 2901 3100; x_wconf 84' lang='lat' dir='ltr'><strong>aiebat,</strong></span> <span class='ocrx_word' id='word_1_427' title='bbox 2928 3037 3059 3106; x_wconf 90' lang='lat' dir='ltr'><strong>quin</strong></span> <span class='ocrx_word' id='word_1_428' title='bbox 3096 3047 3217 3092; x_wconf 87' lang='lat' dir='ltr'><strong>tuas</strong></span> <span class='ocrx_word' id='word_1_429' title='bbox 3253 3050 3452 3094; x_wconf 72' lang='lat' dir='ltr'><strong>manes</strong></span> 
     </span>
    </p>
   </div>
   <div class='ocr_carea' id='block_1_60' title="bbox 1863 3129 3453 3204">
    <p class='ocr_par' dir='ltr' id='par_1_60' title="bbox 1863 3129 3453 3204">
     <span class='ocr_line' id='line_1_60' title="bbox 1863 3129 3453 3204; baseline -0.001 -17"><span class='ocrx_word' id='word_1_430' title='bbox 1863 3133 2104 3196; x_wconf 82' lang='lat' dir='ltr'><strong>osculer,</strong></span> <span class='ocrx_word' id='word_1_431' title='bbox 2147 3139 2208 3184; x_wconf 91' lang='lat' dir='ltr'><strong>ut</strong></span> <span class='ocrx_word' id='word_1_432' title='bbox 2247 3131 2468 3185; x_wconf 80' lang='lat' dir='ltr'><strong>solebas</strong></span> <span class='ocrx_word' id='word_1_433' title='bbox 2498 3139 2680 3193; x_wconf 85' lang='lat' dir='ltr'><strong>antea,</strong></span> <span class='ocrx_word' id='word_1_434' title='bbox 2715 3131 2947 3183; x_wconf 83' lang='lat' dir='ltr'><strong>dicendo</strong></span> <span class='ocrx_word' id='word_1_435' title='bbox 2981 3146 2997 3183; x_wconf 90' lang='lat'><strong>:</strong></span> <span class='ocrx_word' id='word_1_436' title='bbox 3032 3129 3150 3184; x_wconf 89' lang='lat' dir='ltr'><strong>Non</strong></span> <span class='ocrx_word' id='word_1_437' title='bbox 3187 3149 3304 3185; x_wconf 86' lang='lat' dir='ltr'><strong>sum</strong></span> <span class='ocrx_word' id='word_1_438' title='bbox 3333 3135 3453 3204; x_wconf 73' lang='lat' dir='ltr'><strong>epi-</strong></span> 
     </span>
    </p>
   </div>
   <div class='ocr_carea' id='block_1_61' title="bbox 169 3219 1757 3299">
    <p class='ocr_par' dir='ltr' id='par_1_61' title="bbox 169 3219 1757 3292">
     <span class='ocr_line' id='line_1_61' title="bbox 169 3219 1757 3292; baseline -0.001 -18"><span class='ocrx_word' id='word_1_439' title='bbox 169 3222 366 3292; x_wconf 83' lang='grc' dir='ltr'>χεῖράς</span> <span class='ocrx_word' id='word_1_440' title='bbox 393 3239 511 3286; x_wconf 88' lang='grc' dir='ltr'>σου,</span> <span class='ocrx_word' id='word_1_441' title='bbox 565 3219 745 3284; x_wconf 77' lang='grc' dir='ltr'>καθὼς</span> <span class='ocrx_word' id='word_1_442' title='bbox 777 3221 983 3284; x_wconf 76' lang='grc' dir='ltr'><strong>ἐποίεις</strong></span> <span class='ocrx_word' id='word_1_443' title='bbox 1016 3221 1074 3273; x_wconf 87' lang='grc' dir='ltr'>τὸ</span> <span class='ocrx_word' id='word_1_444' title='bbox 1105 3220 1395 3288; x_wconf 87' lang='grc' dir='ltr'>πρότερον,</span> <span class='ocrx_word' id='word_1_445' title='bbox 1435 3219 1611 3287; x_wconf 79' lang='grc' dir='ltr'>λέγων</span> <span class='ocrx_word' id='word_1_446' title='bbox 1677 3220 1757 3272; x_wconf 84' lang='grc' dir='ltr'>ὅτι</span> 
     </span>
    </p>
   </div>
   <div class='ocr_carea' id='block_1_62' title="bbox 1864 3219 3453 3299">
    <p class='ocr_par' dir='ltr' id='par_1_62' title="bbox 1867 3223 3453 3299">
     <span class='ocr_line' id='line_1_62' title="bbox 1867 3223 3453 3299; baseline -0.001 -18"><span class='ocrx_word' id='word_1_447' title='bbox 1867 3239 2096 3299; x_wconf 85' lang='lat' dir='ltr'><strong>scepus,</strong></span> <span class='ocrx_word' id='word_1_448' title='bbox 2133 3232 2228 3278; x_wconf 88' lang='lat' dir='ltr'><strong>aut</strong></span> <span class='ocrx_word' id='word_1_449' title='bbox 2260 3224 2578 3294; x_wconf 83' lang='lat' dir='ltr'><strong>presbyter.</strong></span> <span class='ocrx_word' id='word_1_450' title='bbox 2611 3231 2702 3276; x_wconf 89' lang='lat' dir='ltr'><strong>aut</strong></span> <span class='ocrx_word' id='word_1_451' title='bbox 2737 3223 3034 3286; x_wconf 90' lang='lat' dir='ltr'><strong>diaconus,</strong></span> <span class='ocrx_word' id='word_1_452' title='bbox 3067 3228 3161 3278; x_wconf 89' lang='lat' dir='ltr'><strong>sed</strong></span> <span class='ocrx_word' id='word_1_453' title='bbox 3211 3225 3453 3279; x_wconf 82' lang='lat' dir='ltr'><strong>humilli-</strong></span> 
     </span>
    </p>
   </div>
   <div class='ocr_carea' id='block_1_63' title="bbox 171 3312 1760 3384">
    <p class='ocr_par' dir='ltr' id='par_1_63' title="bbox 171 3312 1760 3384">
     <span class='ocr_line' id='line_1_63' title="bbox 171 3312 1760 3384; baseline -0.003 -17"><span class='ocrx_word' id='word_1_454' title='bbox 171 3317 289 3368; x_wconf 82' lang='grc' dir='ltr'><strong>Οὐκ</strong></span> <span class='ocrx_word' id='word_1_455' title='bbox 321 3316 443 3384; x_wconf 73' lang='grc' dir='ltr'><strong>εἰμὶ</strong></span> <span class='ocrx_word' id='word_1_456' title='bbox 475 3315 797 3376; x_wconf 71' lang='grc' dir='ltr'>ιπίσκοπος,</span> <span class='ocrx_word' id='word_1_457' title='bbox 856 3313 888 3382; x_wconf 78' lang='grc' dir='ltr'>ἢ</span> <span class='ocrx_word' id='word_1_458' title='bbox 919 3312 1311 3382; x_wconf 69' lang='grc' dir='ltr'>πρεσϐύτερος,</span> <span class='ocrx_word' id='word_1_459' title='bbox 1343 3312 1462 3364; x_wconf 68' lang='grc' dir='ltr'>οὔτε</span> <span class='ocrx_word' id='word_1_460' title='bbox 1491 3313 1760 3374; x_wconf 86' lang='grc' dir='ltr'>διάκονος,</span> 
     </span>
    </p>
   </div>
   <div class='ocr_carea' id='block_1_64' title="bbox 171 3401 1762 3474">
    <p class='ocr_par' dir='ltr' id='par_1_64' title="bbox 171 3401 1762 3474">
     <span class='ocr_line' id='line_1_64' title="bbox 171 3401 1762 3474; baseline -0.004 -16"><span class='ocrx_word' id='word_1_461' title='bbox 171 3406 312 3458; x_wconf 72' lang='grc' dir='ltr'><strong>ἀλλὰ</strong></span> <span class='ocrx_word' id='word_1_462' title='bbox 343 3406 509 3474; x_wconf 75' lang='grc' dir='ltr'>μόνον</span> <span class='ocrx_word' id='word_1_463' title='bbox 574 3405 900 3474; x_wconf 78' lang='grc' dir='ltr'>καλογήριον</span> <span class='ocrx_word' id='word_1_464' title='bbox 958 3405 1192 3474; x_wconf 75' lang='grc' dir='ltr'>μικρόν*</span> <span class='ocrx_word' id='word_1_465' title='bbox 1252 3403 1394 3455; x_wconf 84' lang='grc' dir='ltr'>διατί</span> <span class='ocrx_word' id='word_1_466' title='bbox 1449 3401 1546 3454; x_wconf 78' lang='grc' dir='ltr'>οὖν</span> <span class='ocrx_word' id='word_1_467' title='bbox 1586 3401 1762 3464; x_wconf 77' lang='grc' dir='ltr'>θέλεις</span> 
     </span>
    </p>
   </div>
   <div class='ocr_carea' id='block_1_65' title="bbox 172 3495 1763 3568">
    <p class='ocr_par' dir='ltr' id='par_1_65' title="bbox 172 3495 1763 3568">
     <span class='ocr_line' id='line_1_65' title="bbox 172 3495 1763 3568; baseline -0.001 -21"><span class='ocrx_word' id='word_1_468' title='bbox 172 3498 405 3568; x_wconf 75' lang='grc' dir='ltr'>φιλῆσαι</span> <span class='ocrx_word' id='word_1_469' title='bbox 446 3501 547 3567; x_wconf 78' lang='grc' dir='ltr'>τὴν</span> <span class='ocrx_word' id='word_1_470' title='bbox 597 3498 758 3568; x_wconf 84' lang='grc' dir='ltr'>χεῖρά</span> <span class='ocrx_word' id='word_1_471' title='bbox 799 3513 938 3563; x_wconf 77' lang='grc' dir='ltr'>μους</span> <span class='ocrx_word' id='word_1_472' title='bbox 987 3495 1175 3548; x_wconf 76' lang='grc' dir='ltr'>Ταῦτα</span> <span class='ocrx_word' id='word_1_473' title='bbox 1200 3497 1256 3549; x_wconf 81' lang='grc' dir='ltr'>δὲ</span> <span class='ocrx_word' id='word_1_474' title='bbox 1303 3497 1478 3564; x_wconf 84' lang='grc' dir='ltr'>λέγων</span> <span class='ocrx_word' id='word_1_475' title='bbox 1510 3495 1763 3546; x_wconf 80' lang='grc' dir='ltr'>τοσοῦτον</span> 
     </span>
    </p>
   </div>
   <div class='ocr_carea' id='block_1_66' title="bbox 173 3580 1760 3662">
    <p class='ocr_par' dir='ltr' id='par_1_66' title="bbox 173 3580 1760 3662">
     <span class='ocr_line' id='line_1_66' title="bbox 173 3580 1760 3662; baseline -0.004 -17"><span class='ocrx_word' id='word_1_476' title='bbox 173 3593 470 3662; x_wconf 71' lang='grc' dir='ltr'>ἐδάκρυεν,</span> <span class='ocrx_word' id='word_1_477' title='bbox 529 3591 672 3643; x_wconf 82' lang='grc' dir='ltr'>ὥστε</span> <span class='ocrx_word' id='word_1_478' title='bbox 710 3593 919 3653; x_wconf 81' lang='grc' dir='ltr'>πάντας</span> <span class='ocrx_word' id='word_1_479' title='bbox 945 3592 1070 3652; x_wconf 86' lang='grc' dir='ltr'>τοὺς</span> <span class='ocrx_word' id='word_1_480' title='bbox 1103 3580 1466 3661; x_wconf 68' lang='grc' dir='ltr'>παρεστῶτας</span> <span class='ocrx_word' id='word_1_481' title='bbox 1491 3589 1760 3654; x_wconf 78' lang='grc' dir='ltr'>διεγεῖραι</span> 
     </span>
    </p>
   </div>
   <div class='ocr_carea' id='block_1_67' title="bbox 175 3681 1762 3754">
    <p class='ocr_par' dir='ltr' id='par_1_67' title="bbox 175 3681 1762 3754">
     <span class='ocr_line' id='line_1_67' title="bbox 175 3681 1762 3754; baseline -0.005 -17"><span class='ocrx_word' id='word_1_482' title='bbox 175 3686 314 3754; x_wconf 70' lang='grc' dir='ltr'>πρὸς</span> <span class='ocrx_word' id='word_1_483' title='bbox 343 3683 576 3753; x_wconf 80' lang='grc' dir='ltr'>δάκρυα.</span> <span class='ocrx_word' id='word_1_484' title='bbox 618 3683 917 3752; x_wconf 75' lang='grc' dir='ltr'><strong>Κρατήσας</strong></span> <span class='ocrx_word' id='word_1_485' title='bbox 964 3683 1021 3734; x_wconf 80' lang='grc' dir='ltr'>δὲ</span> <span class='ocrx_word' id='word_1_486' title='bbox 1056 3684 1151 3735; x_wconf 71' lang='grc' dir='ltr'>καὶ</span> <span class='ocrx_word' id='word_1_487' title='bbox 1179 3684 1202 3733; x_wconf 86' lang='grc' dir='ltr'><strong>ό</strong></span> <span class='ocrx_word' id='word_1_488' title='bbox 1235 3681 1415 3752; x_wconf 80' lang='grc' dir='ltr'>ἰατρὸς</span> <span class='ocrx_word' id='word_1_489' title='bbox 1447 3681 1534 3732; x_wconf 72' lang='grc' dir='ltr'><strong>τὸν</strong></span> <span class='ocrx_word' id='word_1_490' title='bbox 1589 3695 1762 3747; x_wconf 76' lang='grc' dir='ltr'>σφυγ-</span> 
     </span>
    </p>
   </div>
   <div class='ocr_carea' id='block_1_68' title="bbox 178 3767 1760 3848">
    <p class='ocr_par' dir='ltr' id='par_1_68' title="bbox 178 3767 1760 3848">
     <span class='ocr_line' id='line_1_68' title="bbox 178 3767 1760 3848; baseline -0.004 -19"><span class='ocrx_word' id='word_1_491' title='bbox 178 3780 280 3848; x_wconf 74' lang='grc' dir='ltr'><strong>μὸν</strong></span> <span class='ocrx_word' id='word_1_492' title='bbox 309 3777 504 3841; x_wconf 81' lang='grc' dir='ltr'>αὑτοῦ,</span> <span class='ocrx_word' id='word_1_493' title='bbox 540 3776 906 3846; x_wconf 76' lang='grc' dir='ltr'>διισχυρίζετο</span> <span class='ocrx_word' id='word_1_494' title='bbox 939 3775 1136 3842; x_wconf 81' lang='grc' dir='ltr'>λέγων,</span> <span class='ocrx_word' id='word_1_495' title='bbox 1177 3774 1260 3826; x_wconf 85' lang='grc' dir='ltr'>ὅτι</span> <span class='ocrx_word' id='word_1_496' title='bbox 1294 3767 1460 3834; x_wconf 72' lang='grc' dir='ltr'>Οὗτος</span> <span class='ocrx_word' id='word_1_497' title='bbox 1493 3773 1592 3824; x_wconf 76' lang='grc' dir='ltr'>οὐκ</span> <span class='ocrx_word' id='word_1_498' title='bbox 1624 3777 1760 3822; x_wconf 82' lang='grc' dir='ltr'>απο-</span> 
     </span>
    </p>
   </div>
   <div class='ocr_carea' id='block_1_69' title="bbox 177 3860 1764 3942">
    <p class='ocr_par' dir='ltr' id='par_1_69' title="bbox 177 3860 1764 3942">
     <span class='ocr_line' id='line_1_69' title="bbox 177 3860 1764 3942; baseline -0.008 -18"><span class='ocrx_word' id='word_1_499' title='bbox 177 3871 441 3942; x_wconf 79' lang='grc' dir='ltr'>θνήσκει·</span> <span class='ocrx_word' id='word_1_500' title='bbox 482 3870 546 3924; x_wconf 84' lang='grc' dir='ltr'>οὺ</span> <span class='ocrx_word' id='word_1_501' title='bbox 604 3870 713 3939; x_wconf 85' lang='grc' dir='ltr'><strong>γάρ</strong></span> <span class='ocrx_word' id='word_1_502' title='bbox 763 3871 911 3920; x_wconf 73' lang='grc' dir='ltr'>ἐστιν</span> <span class='ocrx_word' id='word_1_503' title='bbox 939 3869 993 3919; x_wconf 86' lang='grc' dir='ltr'>ὲν</span> <span class='ocrx_word' id='word_1_504' title='bbox 1018 3864 1168 3935; x_wconf 86' lang='grc' dir='ltr'><strong>αὑτῷ</strong></span> <span class='ocrx_word' id='word_1_505' title='bbox 1212 3864 1474 3934; x_wconf 78' lang='grc' dir='ltr'>πυρετὸς,</span> <span class='ocrx_word' id='word_1_506' title='bbox 1505 3860 1629 3914; x_wconf 76' lang='grc' dir='ltr'>οὔτε</span> <span class='ocrx_word' id='word_1_507' title='bbox 1658 3862 1764 3930; x_wconf 77' lang='grc' dir='ltr'><strong>μὴν</strong></span> 
     </span>
    </p>
   </div>
   <div class='ocr_carea' id='block_1_70' title="bbox 176 3949 1761 4029">
    <p class='ocr_par' dir='ltr' id='par_1_70' title="bbox 176 3949 1761 4029">
     <span class='ocr_line' id='line_1_70' title="bbox 176 3949 1761 4029; baseline -0.008 -12"><span class='ocrx_word' id='word_1_508' title='bbox 176 3965 308 4018; x_wconf 75' lang='grc' dir='ltr'>ἄλλο</span> <span class='ocrx_word' id='word_1_509' title='bbox 355 3979 410 4014; x_wconf 89' lang='grc' dir='ltr'><strong>τι</strong></span> <span class='ocrx_word' id='word_1_510' title='bbox 473 3962 701 4029; x_wconf 83' lang='grc' dir='ltr'>σημεῖον</span> <span class='ocrx_word' id='word_1_511' title='bbox 760 3957 997 4010; x_wconf 67' lang='grc' dir='ltr'>θανάτου</span> <span class='ocrx_word' id='word_1_512' title='bbox 1026 3973 1041 3987; x_wconf 91' lang='grc'><strong>·</strong></span> <span class='ocrx_word' id='word_1_513' title='bbox 1077 3957 1172 4009; x_wconf 79' lang='grc' dir='ltr'>καὶ</span> <span class='ocrx_word' id='word_1_514' title='bbox 1228 3955 1338 4025; x_wconf 81' lang='grc' dir='ltr'><strong>γὰρ</strong></span> <span class='ocrx_word' id='word_1_515' title='bbox 1378 3952 1550 4016; x_wconf 78' lang='grc' dir='ltr'>οὕτως</span> <span class='ocrx_word' id='word_1_516' title='bbox 1595 3949 1761 4022; x_wconf 78' lang='grc' dir='ltr'>εἶχεν.</span> 
     </span>
    </p>
   </div>
   <div class='ocr_carea' id='block_1_71' title="bbox 188 4042 1764 4123">
    <p class='ocr_par' dir='ltr' id='par_1_71' title="bbox 188 4042 1764 4123">
     <span class='ocr_line' id='line_1_71' title="bbox 188 4042 1764 4123; baseline -0.007 -16"><span class='ocrx_word' id='word_1_517' title='bbox 188 4051 702 4123; x_wconf 81' lang='grc' dir='ltr'>Ἀναχωρησάντων</span> <span class='ocrx_word' id='word_1_518' title='bbox 752 4049 933 4101; x_wconf 81' lang='grc' dir='ltr'>τοίνυν</span> <span class='ocrx_word' id='word_1_519' title='bbox 969 4047 1214 4112; x_wconf 76' lang='grc' dir='ltr'>ἐκείνων,</span> <span class='ocrx_word' id='word_1_520' title='bbox 1243 4047 1338 4099; x_wconf 82' lang='grc' dir='ltr'>καὶ</span> <span class='ocrx_word' id='word_1_521' title='bbox 1371 4046 1469 4114; x_wconf 83' lang='grc' dir='ltr'>τῆς</span> <span class='ocrx_word' id='word_1_522' title='bbox 1496 4043 1644 4113; x_wconf 86' lang='grc' dir='ltr'>ῶρας</span> <span class='ocrx_word' id='word_1_523' title='bbox 1670 4042 1764 4096; x_wconf 79' lang='grc' dir='ltr'>τοῦ</span> 
     </span>
    </p>
   </div>
   <div class='ocr_carea' id='block_1_72' title="bbox 177 4136 1764 4217">
    <p class='ocr_par' dir='ltr' id='par_1_72' title="bbox 177 4136 1764 4217">
     <span class='ocr_line' id='line_1_72' title="bbox 177 4136 1764 4217; baseline -0.005 -20"><span class='ocrx_word' id='word_1_524' title='bbox 177 4144 444 4217; x_wconf 76' lang='grc' dir='ltr'>λυχνικοῦ</span> <span class='ocrx_word' id='word_1_525' title='bbox 498 4141 914 4210; x_wconf 75' lang='grc' dir='ltr'>καταλασούσης</span> <span class='ocrx_word' id='word_1_526' title='bbox 979 4138 1066 4209; x_wconf 73' lang='grc' dir='ltr'><strong>(ἦν</strong></span> <span class='ocrx_word' id='word_1_527' title='bbox 1122 4138 1178 4191; x_wconf 77' lang='grc' dir='ltr'>δὲ</span> <span class='ocrx_word' id='word_1_528' title='bbox 1223 4139 1319 4190; x_wconf 76' lang='grc' dir='ltr'>καὶ</span> <span class='ocrx_word' id='word_1_529' title='bbox 1363 4139 1395 4206; x_wconf 84' lang='grc' dir='ltr'>ὴ</span> <span class='ocrx_word' id='word_1_530' title='bbox 1435 4137 1626 4207; x_wconf 80' lang='grc' dir='ltr'><strong>μνήμη</strong></span> <span class='ocrx_word' id='word_1_531' title='bbox 1669 4136 1764 4189; x_wconf 82' lang='grc' dir='ltr'>τοῦ</span> 
     </span>
    </p>
   </div>
   <div class='ocr_carea' id='block_1_73' title="bbox 176 4228 1765 4300">
    <p class='ocr_par' dir='ltr' id='par_1_73' title="bbox 176 4228 1765 4300">
     <span class='ocr_line' id='line_1_73' title="bbox 176 4228 1765 4300; baseline -0.005 -8"><span class='ocrx_word' id='word_1_532' title='bbox 176 4237 486 4293; x_wconf 78' lang='grc' dir='ltr'>ἀποστόλου</span> <span class='ocrx_word' id='word_1_533' title='bbox 527 4236 775 4289; x_wconf 78' lang='grc' dir='ltr'>Ἰωάννου</span> <span class='ocrx_word' id='word_1_534' title='bbox 812 4237 904 4286; x_wconf 72' lang='grc' dir='ltr'>καὶ</span> <span class='ocrx_word' id='word_1_535' title='bbox 940 4230 1240 4300; x_wconf 76' lang='grc' dir='ltr'>θεολόγον),</span> <span class='ocrx_word' id='word_1_536' title='bbox 1281 4229 1426 4293; x_wconf 76' lang='grc' dir='ltr'>ἔδοξε</span> <span class='ocrx_word' id='word_1_537' title='bbox 1462 4232 1576 4292; x_wconf 81' lang='grc' dir='ltr'>τοῖς</span> <span class='ocrx_word' id='word_1_538' title='bbox 1613 4228 1765 4284; x_wconf 61' lang='grc' dir='ltr'>ὰδελτ</span> 
     </span>
    </p>
   </div>
   <div class='ocr_carea' id='block_1_74' title="bbox 179 4320 1767 4404">
    <p class='ocr_par' dir='ltr' id='par_1_74' title="bbox 179 4320 1767 4404">
     <span class='ocr_line' id='line_1_74' title="bbox 179 4320 1767 4404; baseline -0.009 -19"><span class='ocrx_word' id='word_1_539' title='bbox 179 4336 295 4404; x_wconf 77' lang='grc' dir='ltr'>φοῖς</span> <span class='ocrx_word' id='word_1_540' title='bbox 324 4327 746 4398; x_wconf 80' lang='grc' dir='ltr'>άπ-ιγαγεῖντδν</span> <span class='ocrx_word' id='word_1_541' title='bbox 766 4328 912 4379; x_wconf 83' lang='grc' dir='ltr'>ὅσιον</span> <span class='ocrx_word' id='word_1_542' title='bbox 938 4327 995 4377; x_wconf 83' lang='grc' dir='ltr'>ἐν</span> <span class='ocrx_word' id='word_1_543' title='bbox 1013 4328 1076 4394; x_wconf 78' lang='grc' dir='ltr'>τῇ</span> <span class='ocrx_word' id='word_1_544' title='bbox 1105 4323 1394 4393; x_wconf 67' lang='grc' dir='ltr'>ἐκκλησίᾳ·</span> <span class='ocrx_word' id='word_1_545' title='bbox 1417 4320 1767 4392; x_wconf 74' lang='grc' dir='ltr'>ἐμνήσθησαν</span> 
     </span>
    </p>
   </div>
   <div class='ocr_carea' id='block_1_75' title="bbox 181 4413 1768 4496">
    <p class='ocr_par' dir='ltr' id='par_1_75' title="bbox 181 4413 1768 4496">
     <span class='ocr_line' id='line_1_75' title="bbox 181 4413 1768 4496; baseline -0.008 -18"><span class='ocrx_word' id='word_1_546' title='bbox 181 4430 290 4496; x_wconf 72' lang='grc' dir='ltr'>γὰρ</span> <span class='ocrx_word' id='word_1_547' title='bbox 317 4423 417 4477; x_wconf 85' lang='grc' dir='ltr'>τοῦ</span> <span class='ocrx_word' id='word_1_548' title='bbox 487 4424 656 4476; x_wconf 75' lang='grc' dir='ltr'>πόθου</span> <span class='ocrx_word' id='word_1_549' title='bbox 717 4421 810 4474; x_wconf 82' lang='grc' dir='ltr'><strong>καὶ</strong></span> <span class='ocrx_word' id='word_1_550' title='bbox 871 4421 966 4472; x_wconf 82' lang='grc' dir='ltr'>τοῦ</span> <span class='ocrx_word' id='word_1_551' title='bbox 1019 4417 1245 4486; x_wconf 55' lang='grc' dir='ltr'>φίλτρου</span> <span class='ocrx_word' id='word_1_552' title='bbox 1277 4413 1660 4484; x_wconf 79' lang='grc' dir='ltr'>αὑτοῦ,οὒπερ</span> <span class='ocrx_word' id='word_1_553' title='bbox 1689 4415 1768 4475; x_wconf 84' lang='grc' dir='ltr'><strong>είς</strong></span> 
     </span>
    </p>
   </div>
   <div class='ocr_carea' id='block_1_76' title="bbox 181 4505 1765 4587">
    <p class='ocr_par' dir='ltr' id='par_1_76' title="bbox 181 4505 1765 4587">
     <span class='ocr_line' id='line_1_76' title="bbox 181 4505 1765 4587; baseline -0.009 -16"><span class='ocrx_word' id='word_1_554' title='bbox 181 4522 275 4580; x_wconf 69' lang='grc' dir='ltr'>τὰς</span> <span class='ocrx_word' id='word_1_555' title='bbox 309 4515 508 4587; x_wconf 73' lang='grc' dir='ltr'>μνείας</span> <span class='ocrx_word' id='word_1_556' title='bbox 533 4514 645 4567; x_wconf 89' lang='grc' dir='ltr'><strong>τῶν</strong></span> <span class='ocrx_word' id='word_1_557' title='bbox 671 4513 842 4580; x_wconf 80' lang='grc' dir='ltr'>ἁγίων</span> <span class='ocrx_word' id='word_1_558' title='bbox 871 4511 1174 4564; x_wconf 74' lang='grc' dir='ltr'>ἐδείκνυτο·</span> <span class='ocrx_word' id='word_1_559' title='bbox 1208 4508 1304 4560; x_wconf 75' lang='grc' dir='ltr'>καὶ</span> <span class='ocrx_word' id='word_1_560' title='bbox 1336 4507 1410 4565; x_wconf 86' lang='grc' dir='ltr'>ὡς</span> <span class='ocrx_word' id='word_1_561' title='bbox 1438 4508 1523 4558; x_wconf 74' lang='grc' dir='ltr'><strong>ἀεὶ</strong></span> <span class='ocrx_word' id='word_1_562' title='bbox 1556 4505 1765 4572; x_wconf 78' lang='grc' dir='ltr'>ἔλεγεν,</span> 
     </span>
    </p>
   </div>
   <div class='ocr_carea' id='block_1_77' title="bbox 181 4597 1764 4677">
    <p class='ocr_par' dir='ltr' id='par_1_77' title="bbox 181 4597 1764 4677">
     <span class='ocr_line' id='line_1_77' title="bbox 181 4597 1764 4677; baseline -0.011 -12"><span class='ocrx_word' id='word_1_563' title='bbox 181 4612 262 4665; x_wconf 79' lang='grc' dir='ltr'>ὅτι</span> <span class='ocrx_word' id='word_1_564' title='bbox 291 4612 377 4664; x_wconf 82' lang='grc' dir='ltr'>δεῖ</span> <span class='ocrx_word' id='word_1_565' title='bbox 403 4611 498 4662; x_wconf 72' lang='grc' dir='ltr'><strong>τὸν</strong></span> <span class='ocrx_word' id='word_1_566' title='bbox 533 4605 789 4677; x_wconf 76' lang='grc' dir='ltr'>μοναχὸν,</span> <span class='ocrx_word' id='word_1_567' title='bbox 838 4604 994 4667; x_wconf 75' lang='grc' dir='ltr'>ἐκτὸς</span> <span class='ocrx_word' id='word_1_568' title='bbox 1040 4603 1219 4670; x_wconf 85' lang='grc' dir='ltr'>πάσης</span> <span class='ocrx_word' id='word_1_569' title='bbox 1263 4601 1532 4669; x_wconf 79' lang='grc' dir='ltr'>ἀνάγκης,</span> <span class='ocrx_word' id='word_1_570' title='bbox 1568 4601 1624 4650; x_wconf 80' lang='grc' dir='ltr'>ἐν</span> <span class='ocrx_word' id='word_1_571' title='bbox 1686 4597 1764 4668; x_wconf 78' lang='grc' dir='ltr'><strong>τῷ</strong></span> 
     </span>
    </p>
   </div>
   <div class='ocr_carea' id='block_1_78' title="bbox 180 4699 1739 4772">
    <p class='ocr_par' dir='ltr' id='par_1_78' title="bbox 180 4699 1739 4772">
     <span class='ocr_line' id='line_1_78' title="bbox 180 4699 1739 4772; baseline -0.015 -14"><span class='ocrx_word' id='word_1_572' title='bbox 180 4704 464 4772; x_wconf 73' lang='grc' dir='ltr'>εὖκτηρίῳ</span> <span class='ocrx_word' id='word_1_573' title='bbox 492 4699 842 4767; x_wconf 78' lang='grc' dir='ltr'>τελευτῆσαι.</span> <span class='ocrx_word' id='word_1_574' title='bbox 1737 4761 1739 4764; x_wconf 7' lang='grc' dir='ltr'><strong>γ</strong></span> 
     </span>
    </p>
   </div>
   <div class='ocr_carea' id='block_1_79' title="bbox 251 4781 1764 4863">
    <p class='ocr_par' dir='ltr' id='par_1_79' title="bbox 251 4781 1764 4863">
     <span class='ocr_line' id='line_1_79' title="bbox 251 4781 1764 4863; baseline -0.009 -16"><span class='ocrx_word' id='word_1_575' title='bbox 251 4796 360 4863; x_wconf 44' lang='grc' dir='ltr'><strong>ἥθ’.</strong></span> <span class='ocrx_word' id='word_1_576' title='bbox 397 4791 571 4844; x_wconf 80' lang='grc' dir='ltr'>Τοῦτο</span> <span class='ocrx_word' id='word_1_577' title='bbox 589 4791 644 4843; x_wconf 81' lang='grc' dir='ltr'>δὲ</span> <span class='ocrx_word' id='word_1_578' title='bbox 665 4787 982 4858; x_wconf 79' lang='grc' dir='ltr'>γενομένου,</span> <span class='ocrx_word' id='word_1_579' title='bbox 1021 4785 1113 4837; x_wconf 80' lang='grc' dir='ltr'>καὶ</span> <span class='ocrx_word' id='word_1_580' title='bbox 1141 4783 1234 4837; x_wconf 81' lang='grc' dir='ltr'>τοῦ</span> <span class='ocrx_word' id='word_1_581' title='bbox 1273 4781 1564 4852; x_wconf 83' lang='grc' dir='ltr'>ὲσπερινοῦ</span> <span class='ocrx_word' id='word_1_582' title='bbox 1595 4782 1764 4850; x_wconf 73' lang='grc' dir='ltr'>ὕμνου</span> 
     </span>
    </p>
   </div>
   <div class='ocr_carea' id='block_1_80' title="bbox 181 4875 1771 4951">
    <p class='ocr_par' dir='ltr' id='par_1_80' title="bbox 181 4875 1771 4951">
     <span class='ocr_line' id='line_1_80' title="bbox 181 4875 1771 4951; baseline -0.01 -10"><span class='ocrx_word' id='word_1_583' title='bbox 181 4888 333 4950; x_wconf 82' lang='grc' dir='ltr'>τέλος</span> <span class='ocrx_word' id='word_1_584' title='bbox 370 4884 652 4945; x_wconf 71' lang='grc' dir='ltr'>λαϐόντος,</span> <span class='ocrx_word' id='word_1_585' title='bbox 690 4885 716 4934; x_wconf 83' lang='grc' dir='ltr'>ὁ</span> <span class='ocrx_word' id='word_1_586' title='bbox 746 4881 895 4951; x_wconf 63' lang='grc' dir='ltr'><strong>⁴ἣλιος</strong></span> <span class='ocrx_word' id='word_1_587' title='bbox 949 4879 1090 4945; x_wconf 71' lang='grc' dir='ltr'>ἔγνω</span> <span class='ocrx_word' id='word_1_588' title='bbox 1133 4877 1231 4946; x_wconf 80' lang='grc' dir='ltr'>τὴν</span> <span class='ocrx_word' id='word_1_589' title='bbox 1266 4876 1419 4928; x_wconf 82' lang='grc' dir='ltr'>δύσιν</span> <span class='ocrx_word' id='word_1_590' title='bbox 1453 4875 1639 4935; x_wconf 73' lang='grc' dir='ltr'>αὑτοῦ,</span> <span class='ocrx_word' id='word_1_591' title='bbox 1677 4876 1771 4926; x_wconf 72' lang='grc' dir='ltr'>καὶ</span> 
     </span>
    </p>
   </div>
   <div class='ocr_carea' id='block_1_81' title="bbox 185 4968 1768 5046">
    <p class='ocr_par' dir='ltr' id='par_1_81' title="bbox 185 4968 1768 5046">
     <span class='ocr_line' id='line_1_81' title="bbox 185 4968 1768 5046; baseline -0.01 -12"><span class='ocrx_word' id='word_1_592' title='bbox 185 4982 346 5042; x_wconf 67' lang='grc' dir='ltr'>αὐτὸς</span> <span class='ocrx_word' id='word_1_593' title='bbox 369 4976 660 5046; x_wconf 80' lang='grc' dir='ltr'>παρέδωκε</span> <span class='ocrx_word' id='word_1_594' title='bbox 697 4975 755 5025; x_wconf 79' lang='grc' dir='ltr'>τὸ</span> <span class='ocrx_word' id='word_1_595' title='bbox 783 4971 1000 5041; x_wconf 79' lang='grc' dir='ltr'>πνεῦμα</span> <span class='ocrx_word' id='word_1_596' title='bbox 1027 4989 1038 5001; x_wconf 87' lang='grc'><strong>·</strong></span> <span class='ocrx_word' id='word_1_597' title='bbox 1074 4971 1172 5022; x_wconf 75' lang='grc' dir='ltr'>καὶ</span> <span class='ocrx_word' id='word_1_598' title='bbox 1201 4969 1291 5022; x_wconf 71' lang='grc' dir='ltr'>ἔδυ</span> <span class='ocrx_word' id='word_1_599' title='bbox 1320 4968 1537 5037; x_wconf 84' lang='grc' dir='ltr'>άληθῶς</span> <span class='ocrx_word' id='word_1_600' title='bbox 1595 4970 1768 5019; x_wconf 78' lang='grc' dir='ltr'>εἰπεῖν</span> 
     </span>
    </p>
   </div>
   <div class='ocr_carea' id='block_1_82' title="bbox 180 5059 1764 5141">
    <p class='ocr_par' dir='ltr' id='par_1_82' title="bbox 180 5059 1764 5141">
     <span class='ocr_line' id='line_1_82' title="bbox 180 5059 1764 5141; baseline -0.011 -15"><span class='ocrx_word' id='word_1_601' title='bbox 180 5072 382 5141; x_wconf 71' lang='grc' dir='ltr'>ὸῆλιος</span> <span class='ocrx_word' id='word_1_602' title='bbox 444 5068 586 5138; x_wconf 82' lang='grc' dir='ltr'>μετὰ</span> <span class='ocrx_word' id='word_1_603' title='bbox 639 5067 736 5121; x_wconf 84' lang='grc' dir='ltr'>τοῦ</span> <span class='ocrx_word' id='word_1_604' title='bbox 793 5063 943 5131; x_wconf 76' lang='grc' dir='ltr'>ἡλίου</span> <span class='ocrx_word' id='word_1_605' title='bbox 966 5081 979 5094; x_wconf 89' lang='grc'><strong>·</strong></span> <span class='ocrx_word' id='word_1_606' title='bbox 1015 5063 1110 5115; x_wconf 75' lang='grc' dir='ltr'>καὶ</span> <span class='ocrx_word' id='word_1_607' title='bbox 1143 5060 1356 5127; x_wconf 69' lang='grc' dir='ltr'>ἐξέλιπε</span> <span class='ocrx_word' id='word_1_608' title='bbox 1388 5059 1504 5127; x_wconf 84' lang='grc' dir='ltr'>φῶς</span> <span class='ocrx_word' id='word_1_609' title='bbox 1534 5060 1639 5111; x_wconf 72' lang='grc' dir='ltr'><strong>ἀπὸ</strong></span> <span class='ocrx_word' id='word_1_610' title='bbox 1669 5060 1764 5127; x_wconf 82' lang='grc' dir='ltr'><strong>τῆς</strong></span> 
     </span>
    </p>
   </div>
   <div class='ocr_carea' id='block_1_83' title="bbox 181 5151 1766 5233">
    <p class='ocr_par' dir='ltr' id='par_1_83' title="bbox 181 5151 1766 5233">
     <span class='ocr_line' id='line_1_83' title="bbox 181 5151 1766 5233; baseline -0.011 -15"><span class='ocrx_word' id='word_1_611' title='bbox 181 5166 284 5233; x_wconf 79' lang='grc' dir='ltr'>γῆς</span> <span class='ocrx_word' id='word_1_612' title='bbox 324 5165 386 5216; x_wconf 79' lang='grc' dir='ltr'>ὲν</span> <span class='ocrx_word' id='word_1_613' title='bbox 411 5165 478 5231; x_wconf 74' lang='grc' dir='ltr'><strong>τῇ</strong></span> <span class='ocrx_word' id='word_1_614' title='bbox 521 5160 706 5231; x_wconf 72' lang='grc' dir='ltr'>ἡμέρα</span> <span class='ocrx_word' id='word_1_615' title='bbox 757 5158 964 5226; x_wconf 67' lang='grc' dir='ltr'>ἐκείνῃ,</span> <span class='ocrx_word' id='word_1_616' title='bbox 990 5157 1084 5208; x_wconf 71' lang='grc' dir='ltr'>καὶ</span> <span class='ocrx_word' id='word_1_617' title='bbox 1111 5154 1300 5223; x_wconf 82' lang='grc' dir='ltr'>λύχνος</span> <span class='ocrx_word' id='word_1_618' title='bbox 1330 5153 1436 5206; x_wconf 77' lang='grc' dir='ltr'><strong>ἀπὸ</strong></span> <span class='ocrx_word' id='word_1_619' title='bbox 1472 5151 1766 5222; x_wconf 80' lang='grc' dir='ltr'>προσώπου</span> 
     </span>
    </p>
   </div>
   <div class='ocr_carea' id='block_1_84' title="bbox 182 5242 1773 5329">
    <p class='ocr_par' dir='ltr' id='par_1_84' title="bbox 182 5242 1773 5329">
     <span class='ocr_line' id='line_1_84' title="bbox 182 5242 1773 5329; baseline -0.011 -18"><span class='ocrx_word' id='word_1_620' title='bbox 182 5257 461 5329; x_wconf 70' lang='grc' dir='ltr'>δρώντων.</span> <span class='ocrx_word' id='word_1_621' title='bbox 502 5254 572 5304; x_wconf 86' lang='grc' dir='ltr'><strong>Ἦ</strong></span> <span class='ocrx_word' id='word_1_622' title='bbox 599 5252 708 5321; x_wconf 82' lang='grc' dir='ltr'><strong>γάρ</strong></span> <span class='ocrx_word' id='word_1_623' title='bbox 742 5251 838 5302; x_wconf 79' lang='grc' dir='ltr'>καὶ</span> <span class='ocrx_word' id='word_1_624' title='bbox 864 5248 1027 5309; x_wconf 70' lang='grc' dir='ltr'>αὐτὸς</span> <span class='ocrx_word' id='word_1_625' title='bbox 1049 5249 1108 5299; x_wconf 85' lang='grc' dir='ltr'>οὑ</span> <span class='ocrx_word' id='word_1_626' title='bbox 1145 5248 1399 5316; x_wconf 81' lang='grc' dir='ltr'>προέγνω</span> <span class='ocrx_word' id='word_1_627' title='bbox 1429 5244 1529 5313; x_wconf 82' lang='grc' dir='ltr'>τὴν</span> <span class='ocrx_word' id='word_1_628' title='bbox 1568 5242 1773 5311; x_wconf 75' lang='grc' dir='ltr'>παροῦ-</span> 
     </span>
    </p>
   </div>
   <div class='ocr_carea' id='block_1_85' title="bbox 184 5335 1772 5414">
    <p class='ocr_par' dir='ltr' id='par_1_85' title="bbox 184 5335 1772 5414">
     <span class='ocr_line' id='line_1_85' title="bbox 184 5335 1772 5414; baseline -0.013 -9"><span class='ocrx_word' id='word_1_629' title='bbox 184 5370 285 5404; x_wconf 70' lang='grc' dir='ltr'><strong>σαν</strong></span> <span class='ocrx_word' id='word_1_630' title='bbox 316 5347 712 5414; x_wconf 78' lang='grc' dir='ltr'>σκοτόμαιναν,</span> <span class='ocrx_word' id='word_1_631' title='bbox 784 5344 878 5395; x_wconf 72' lang='grc' dir='ltr'>καὶ</span> <span class='ocrx_word' id='word_1_632' title='bbox 928 5339 1215 5406; x_wconf 67' lang='grc' dir='ltr'>ἀπόλειψιν</span> <span class='ocrx_word' id='word_1_633' title='bbox 1273 5336 1380 5389; x_wconf 83' lang='grc' dir='ltr'><strong>τῶν</strong></span> <span class='ocrx_word' id='word_1_634' title='bbox 1426 5335 1772 5404; x_wconf 72' lang='grc' dir='ltr'>φωτιζόντων</span> 
     </span>
    </p>
   </div>
   <div class='ocr_carea' id='block_1_86' title="bbox 1870 3315 3453 3384">
    <p class='ocr_par' dir='ltr' id='par_1_86' title="bbox 1870 3315 3453 3384">
     <span class='ocr_line' id='line_1_86' title="bbox 1870 3315 3453 3384; baseline -0.001 -14"><span class='ocrx_word' id='word_1_635' title='bbox 1870 3333 1992 3370; x_wconf 89' lang='lat' dir='ltr'><strong>mus</strong></span> <span class='ocrx_word' id='word_1_636' title='bbox 2022 3319 2325 3371; x_wconf 82' lang='lat' dir='ltr'><strong>monachus</strong></span> <span class='ocrx_word' id='word_1_637' title='bbox 2353 3332 2366 3368; x_wconf 90' lang='lat'><strong>:</strong></span> <span class='ocrx_word' id='word_1_638' title='bbox 2395 3316 2585 3384; x_wconf 84' lang='lat' dir='ltr'><strong>utquid</strong></span> <span class='ocrx_word' id='word_1_639' title='bbox 2634 3315 2802 3384; x_wconf 78' lang='lat' dir='ltr'><strong>igitur</strong></span> <span class='ocrx_word' id='word_1_640' title='bbox 2830 3330 3051 3367; x_wconf 88' lang='lat' dir='ltr'><strong>manum</strong></span> <span class='ocrx_word' id='word_1_641' title='bbox 3089 3331 3261 3368; x_wconf 88' lang='lat' dir='ltr'><strong>meam</strong></span> <span class='ocrx_word' id='word_1_642' title='bbox 3287 3329 3453 3369; x_wconf 81' lang='lat' dir='ltr'><strong>oscu-</strong></span> 
     </span>
    </p>
   </div>
   <div class='ocr_carea' id='block_1_87' title="bbox 1863 3407 3453 3478">
    <p class='ocr_par' dir='ltr' id='par_1_87' title="bbox 1863 3407 3453 3478">
     <span class='ocr_line' id='line_1_87' title="bbox 1863 3407 3453 3478; baseline 0 -16"><span class='ocrx_word' id='word_1_643' title='bbox 1863 3408 1966 3462; x_wconf 85' lang='lat' dir='ltr'><strong>lari</strong></span> <span class='ocrx_word' id='word_1_644' title='bbox 2000 3408 2126 3462; x_wconf 77' lang='lat' dir='ltr'><strong>vis?</strong></span> <span class='ocrx_word' id='word_1_645' title='bbox 2162 3407 2290 3462; x_wconf 59' lang='lat' dir='ltr'><strong>Hac</strong></span> <span class='ocrx_word' id='word_1_646' title='bbox 2321 3407 2513 3462; x_wconf 89' lang='lat' dir='ltr'><strong>dicens</strong></span> <span class='ocrx_word' id='word_1_647' title='bbox 2547 3417 2752 3460; x_wconf 86' lang='lat' dir='ltr'><strong>tantam</strong></span> <span class='ocrx_word' id='word_1_648' title='bbox 2791 3407 3156 3478; x_wconf 81' lang='lat' dir='ltr'><strong>lacrymarum</strong></span> <span class='ocrx_word' id='word_1_649' title='bbox 3191 3410 3296 3460; x_wconf 90' lang='lat' dir='ltr'><strong>vim</strong></span> <span class='ocrx_word' id='word_1_650' title='bbox 3325 3425 3453 3478; x_wconf 86' lang='lat' dir='ltr'><strong>pro-</strong></span> 
     </span>
    </p>
   </div>
   <div class='ocr_carea' id='block_1_88' title="bbox 1867 3499 3449 3564">
    <p class='ocr_par' dir='ltr' id='par_1_88' title="bbox 1867 3499 3449 3564">
     <span class='ocr_line' id='line_1_88' title="bbox 1867 3499 3449 3564; baseline 0.001 -9"><span class='ocrx_word' id='word_1_651' title='bbox 1867 3501 2152 3564; x_wconf 76' lang='lat' dir='ltr'><strong>fundebat,</strong></span> <span class='ocrx_word' id='word_1_652' title='bbox 2197 3510 2256 3555; x_wconf 91' lang='lat' dir='ltr'><strong>ut</strong></span> <span class='ocrx_word' id='word_1_653' title='bbox 2306 3509 2552 3555; x_wconf 88' lang='lat' dir='ltr'><strong>astantes</strong></span> <span class='ocrx_word' id='word_1_654' title='bbox 2592 3516 2784 3555; x_wconf 83' lang='lat' dir='ltr'><strong>omnes</strong></span> <span class='ocrx_word' id='word_1_655' title='bbox 2842 3501 3103 3555; x_wconf 88' lang='lat' dir='ltr'><strong>invitaret</strong></span> <span class='ocrx_word' id='word_1_656' title='bbox 3139 3502 3203 3554; x_wconf 87' lang='lat' dir='ltr'><strong>ad</strong></span> <span class='ocrx_word' id='word_1_657' title='bbox 3241 3499 3449 3558; x_wconf 82' lang='lat' dir='ltr'><strong>fletum.</strong></span> 
     </span>
    </p>
   </div>
   <div class='ocr_carea' id='block_1_89' title="bbox 1866 3593 3450 3662">
    <p class='ocr_par' dir='ltr' id='par_1_89' title="bbox 1866 3593 3450 3662">
     <span class='ocr_line' id='line_1_89' title="bbox 1866 3593 3450 3662; baseline -0.002 -14"><span class='ocrx_word' id='word_1_658' title='bbox 1866 3594 2110 3648; x_wconf 78' lang='lat' dir='ltr'><strong>Medicus</strong></span> <span class='ocrx_word' id='word_1_659' title='bbox 2129 3603 2335 3657; x_wconf 89' lang='lat' dir='ltr'><strong>autem,</strong></span> <span class='ocrx_word' id='word_1_660' title='bbox 2356 3601 2650 3647; x_wconf 86' lang='lat' dir='ltr'><strong>attrectato</strong></span> <span class='ocrx_word' id='word_1_661' title='bbox 2677 3593 2862 3662; x_wconf 90' lang='lat' dir='ltr'><strong>pulsu,</strong></span> <span class='ocrx_word' id='word_1_662' title='bbox 2897 3593 3271 3656; x_wconf 84' lang='lat' dir='ltr'><strong>asseverabat,</strong></span> <span class='ocrx_word' id='word_1_663' title='bbox 3303 3593 3450 3646; x_wconf 91' lang='lat' dir='ltr'><strong>illum</strong></span> 
     </span>
    </p>
   </div>
   <div class='ocr_carea' id='block_1_90' title="bbox 1866 3685 3452 3755">
    <p class='ocr_par' dir='ltr' id='par_1_90' title="bbox 1866 3685 3452 3755">
     <span class='ocr_line' id='line_1_90' title="bbox 1866 3685 3452 3755; baseline 0 -15"><span class='ocrx_word' id='word_1_664' title='bbox 1866 3701 1976 3740; x_wconf 90' lang='lat' dir='ltr'><strong>non</strong></span> <span class='ocrx_word' id='word_1_665' title='bbox 2001 3686 2356 3751; x_wconf 90' lang='lat' dir='ltr'><strong>moriturum,</strong></span> <span class='ocrx_word' id='word_1_666' title='bbox 2387 3685 2534 3755; x_wconf 88' lang='lat' dir='ltr'><strong>quod</strong></span> <span class='ocrx_word' id='word_1_667' title='bbox 2572 3699 2674 3739; x_wconf 87' lang='lat' dir='ltr'><strong>nec</strong></span> <span class='ocrx_word' id='word_1_668' title='bbox 2717 3685 2891 3740; x_wconf 83' lang='lat' dir='ltr'><strong>febris</strong></span> <span class='ocrx_word' id='word_1_669' title='bbox 2916 3693 3064 3740; x_wconf 88' lang='lat' dir='ltr'><strong>esset</strong></span> <span class='ocrx_word' id='word_1_670' title='bbox 3104 3686 3157 3739; x_wconf 93' lang='lat' dir='ltr'><strong>in</strong></span> <span class='ocrx_word' id='word_1_671' title='bbox 3217 3701 3304 3749; x_wconf 89' lang='lat' dir='ltr'><strong>eo,</strong></span> <span class='ocrx_word' id='word_1_672' title='bbox 3349 3702 3452 3740; x_wconf 87' lang='lat' dir='ltr'><strong>nec</strong></span> 
     </span>
    </p>
   </div>
   <div class='ocr_carea' id='block_1_91' title="bbox 1867 3778 3452 3848">
    <p class='ocr_par' dir='ltr' id='par_1_91' title="bbox 1867 3778 3452 3848">
     <span class='ocr_line' id='line_1_91' title="bbox 1867 3778 3452 3848; baseline 0.001 -15"><span class='ocrx_word' id='word_1_673' title='bbox 1867 3778 2017 3833; x_wconf 86' lang='lat' dir='ltr'><strong>aliud</strong></span> <span class='ocrx_word' id='word_1_674' title='bbox 2054 3779 2248 3834; x_wconf 90' lang='lat' dir='ltr'><strong>mortis</strong></span> <span class='ocrx_word' id='word_1_675' title='bbox 2293 3780 2511 3848; x_wconf 86' lang='lat' dir='ltr'><strong>signum</strong></span> <span class='ocrx_word' id='word_1_676' title='bbox 2545 3793 2559 3832; x_wconf 92' lang='lat'><strong>:</strong></span> <span class='ocrx_word' id='word_1_677' title='bbox 2592 3779 2665 3832; x_wconf 90' lang='lat' dir='ltr'><strong>ita</strong></span> <span class='ocrx_word' id='word_1_678' title='bbox 2694 3778 2841 3832; x_wconf 90' lang='lat' dir='ltr'><strong>enim</strong></span> <span class='ocrx_word' id='word_1_679' title='bbox 2875 3793 2964 3834; x_wconf 91' lang='lat' dir='ltr'><strong>res</strong></span> <span class='ocrx_word' id='word_1_680' title='bbox 3015 3778 3272 3834; x_wconf 84' lang='lat' dir='ltr'><strong>habebat.</strong></span> <span class='ocrx_word' id='word_1_681' title='bbox 3314 3778 3452 3834; x_wconf 90' lang='lat' dir='ltr'><strong>Cum</strong></span> 
     </span>
    </p>
   </div>
   <div class='ocr_carea' id='block_1_92' title="bbox 1870 3869 3454 3940">
    <p class='ocr_par' dir='ltr' id='par_1_92' title="bbox 1870 3869 3454 3940">
     <span class='ocr_line' id='line_1_92' title="bbox 1870 3869 3454 3940; baseline 0.001 -18"><span class='ocrx_word' id='word_1_682' title='bbox 1870 3884 2005 3924; x_wconf 87' lang='lat' dir='ltr'><strong>vero</strong></span> <span class='ocrx_word' id='word_1_683' title='bbox 2042 3870 2120 3923; x_wconf 78' lang='lat' dir='ltr'><strong>ilii</strong></span> <span class='ocrx_word' id='word_1_684' title='bbox 2157 3870 2550 3924; x_wconf 88' lang='lat' dir='ltr'><strong>discessissent</strong></span> <span class='ocrx_word' id='word_1_685' title='bbox 2578 3879 2630 3922; x_wconf 87' lang='lat' dir='ltr'><strong>et</strong></span> <span class='ocrx_word' id='word_1_686' title='bbox 2654 3869 3163 3939; x_wconf 84' lang='lat' dir='ltr'><strong>advesperasceret,</strong></span> <span class='ocrx_word' id='word_1_687' title='bbox 3186 3871 3454 3940; x_wconf 79' lang='lat' dir='ltr'><strong>agebatur</strong></span> 
     </span>
    </p>
   </div>
   <div class='ocr_carea' id='block_1_93' title="bbox 1868 3960 3455 4032">
    <p class='ocr_par' dir='ltr' id='par_1_93' title="bbox 1868 3960 3455 4032">
     <span class='ocr_line' id='line_1_93' title="bbox 1868 3960 3455 4032; baseline 0.001 -15"><span class='ocrx_word' id='word_1_688' title='bbox 1868 3977 2033 4032; x_wconf 89' lang='lat' dir='ltr'><strong>porro</strong></span> <span class='ocrx_word' id='word_1_689' title='bbox 2063 3963 2228 4016; x_wconf 86' lang='lat' dir='ltr'><strong>etiam</strong></span> <span class='ocrx_word' id='word_1_690' title='bbox 2262 3963 2528 4017; x_wconf 84' lang='lat' dir='ltr'><strong>memoria</strong></span> <span class='ocrx_word' id='word_1_691' title='bbox 2559 3960 2788 4018; x_wconf 79' lang='lat' dir='ltr'><strong>Joannis</strong></span> <span class='ocrx_word' id='word_1_692' title='bbox 2823 3963 3055 4032; x_wconf 87' lang='lat' dir='ltr'><strong>apostoli</strong></span> <span class='ocrx_word' id='word_1_693' title='bbox 3112 3973 3165 4016; x_wconf 91' lang='lat' dir='ltr'><strong>et</strong></span> <span class='ocrx_word' id='word_1_694' title='bbox 3217 3978 3455 4032; x_wconf 69' lang='lat' dir='ltr'><strong>evangeo</strong></span> 
     </span>
    </p>
   </div>
   <div class='ocr_carea' id='block_1_94' title="bbox 1870 4052 3453 4123">
    <p class='ocr_par' dir='ltr' id='par_1_94' title="bbox 1870 4052 3453 4123">
     <span class='ocr_line' id='line_1_94' title="bbox 1870 4052 3453 4123; baseline 0 -18"><span class='ocrx_word' id='word_1_695' title='bbox 1870 4055 2010 4107; x_wconf 65' lang='lat' dir='ltr'><strong>listaz</strong></span> <span class='ocrx_word' id='word_1_696' title='bbox 2043 4052 2178 4123; x_wconf 79' lang='lat'><strong>(8.7),</strong></span> <span class='ocrx_word' id='word_1_697' title='bbox 2213 4054 2389 4108; x_wconf 87' lang='lat' dir='ltr'><strong>visum</strong></span> <span class='ocrx_word' id='word_1_698' title='bbox 2446 4061 2529 4107; x_wconf 83' lang='lat' dir='ltr'><strong>est</strong></span> <span class='ocrx_word' id='word_1_699' title='bbox 2583 4052 2875 4116; x_wconf 82' lang='lat' dir='ltr'><strong>fratribus,</strong></span> <span class='ocrx_word' id='word_1_700' title='bbox 2941 4052 3158 4107; x_wconf 86' lang='lat' dir='ltr'><strong>deferre</strong></span> <span class='ocrx_word' id='word_1_701' title='bbox 3203 4062 3453 4107; x_wconf 90' lang='lat' dir='ltr'><strong>sanctum</strong></span> 
     </span>
    </p>
   </div>
   <div class='ocr_carea' id='block_1_95' title="bbox 1867 4142 3458 4212">
    <p class='ocr_par' dir='ltr' id='par_1_95' title="bbox 1867 4142 3458 4212">
     <span class='ocr_line' id='line_1_95' title="bbox 1867 4142 3458 4212; baseline 0 -14"><span class='ocrx_word' id='word_1_702' title='bbox 1867 4143 2087 4199; x_wconf 80' lang='lat' dir='ltr'><strong>Patrem</strong></span> <span class='ocrx_word' id='word_1_703' title='bbox 2122 4145 2176 4198; x_wconf 93' lang='lat' dir='ltr'><strong>in</strong></span> <span class='ocrx_word' id='word_1_704' title='bbox 2229 4142 2566 4199; x_wconf 88' lang='lat' dir='ltr'><strong>ecclesiam:</strong></span> <span class='ocrx_word' id='word_1_705' title='bbox 2614 4145 2883 4199; x_wconf 88' lang='lat' dir='ltr'><strong>recordati</strong></span> <span class='ocrx_word' id='word_1_706' title='bbox 2949 4146 3096 4198; x_wconf 90' lang='lat' dir='ltr'><strong>enim</strong></span> <span class='ocrx_word' id='word_1_707' title='bbox 3135 4156 3285 4207; x_wconf 90' lang='lat' dir='ltr'><strong>sunt,</strong></span> <span class='ocrx_word' id='word_1_708' title='bbox 3346 4160 3458 4212; x_wconf 90' lang='lat' dir='ltr'><strong>quo</strong></span> 
     </span>
    </p>
   </div>
   <div class='ocr_carea' id='block_1_96' title="bbox 1869 4234 3456 4304">
    <p class='ocr_par' dir='ltr' id='par_1_96' title="bbox 1869 4234 3456 4304">
     <span class='ocr_line' id='line_1_96' title="bbox 1869 4234 3456 4304; baseline 0.001 -17"><span class='ocrx_word' id='word_1_709' title='bbox 1869 4234 2087 4300; x_wconf 67' lang='lat' dir='ltr'><strong>allecto,</strong></span> <span class='ocrx_word' id='word_1_710' title='bbox 2119 4249 2229 4304; x_wconf 89' lang='lat' dir='ltr'><strong>quo</strong></span> <span class='ocrx_word' id='word_1_711' title='bbox 2255 4235 2444 4289; x_wconf 85' lang='lat' dir='ltr'><strong>studio</strong></span> <span class='ocrx_word' id='word_1_712' title='bbox 2472 4243 2794 4289; x_wconf 87' lang='lat' dir='ltr'><strong>sanctorum</strong></span> <span class='ocrx_word' id='word_1_713' title='bbox 2822 4235 3121 4288; x_wconf 88' lang='lat' dir='ltr'><strong>memorias</strong></span> <span class='ocrx_word' id='word_1_714' title='bbox 3156 4251 3456 4304; x_wconf 62' lang='lat' dir='ltr'><strong>prosequeo</strong></span> 
     </span>
    </p>
   </div>
   <div class='ocr_carea' id='block_1_97' title="bbox 1869 4326 3456 4397">
    <p class='ocr_par' dir='ltr' id='par_1_97' title="bbox 1869 4326 3456 4397">
     <span class='ocr_line' id='line_1_97' title="bbox 1869 4326 3456 4397; baseline -0.001 -16"><span class='ocrx_word' id='word_1_715' title='bbox 1869 4336 2042 4392; x_wconf 88' lang='lat' dir='ltr'><strong>retur,</strong></span> <span class='ocrx_word' id='word_1_716' title='bbox 2087 4334 2144 4382; x_wconf 88' lang='lat' dir='ltr'><strong>et</strong></span> <span class='ocrx_word' id='word_1_717' title='bbox 2190 4341 2408 4397; x_wconf 88' lang='lat' dir='ltr'><strong>semper</strong></span> <span class='ocrx_word' id='word_1_718' title='bbox 2439 4327 2624 4382; x_wconf 89' lang='lat' dir='ltr'><strong>dicere</strong></span> <span class='ocrx_word' id='word_1_719' title='bbox 2665 4326 2914 4392; x_wconf 88' lang='lat' dir='ltr'><strong>solitmn,</strong></span> <span class='ocrx_word' id='word_1_720' title='bbox 2965 4338 3218 4396; x_wconf 89' lang='lat' dir='ltr'><strong>oportere</strong></span> <span class='ocrx_word' id='word_1_721' title='bbox 3263 4342 3456 4379; x_wconf 84' lang='lat' dir='ltr'><strong>mona-</strong></span> 
     </span>
    </p>
   </div>
   <div class='ocr_carea' id='block_1_98' title="bbox 1872 4418 3460 4483">
    <p class='ocr_par' dir='ltr' id='par_1_98' title="bbox 1872 4418 3460 4483">
     <span class='ocr_line' id='line_1_98' title="bbox 1872 4418 3460 4483; baseline -0.001 -10"><span class='ocrx_word' id='word_1_722' title='bbox 1872 4418 2036 4473; x_wconf 85' lang='lat' dir='ltr'><strong>chum</strong></span> <span class='ocrx_word' id='word_1_723' title='bbox 2124 4419 2265 4471; x_wconf 90' lang='lat' dir='ltr'><strong>citra</strong></span> <span class='ocrx_word' id='word_1_724' title='bbox 2343 4433 2563 4472; x_wconf 90' lang='lat' dir='ltr'><strong>omnem</strong></span> <span class='ocrx_word' id='word_1_725' title='bbox 2625 4419 3038 4483; x_wconf 87' lang='lat' dir='ltr'><strong>necessitatem,</strong></span> <span class='ocrx_word' id='word_1_726' title='bbox 3105 4418 3160 4472; x_wconf 88' lang='lat' dir='ltr'><strong>in</strong></span> <span class='ocrx_word' id='word_1_727' title='bbox 3216 4419 3460 4473; x_wconf 89' lang='lat' dir='ltr'><strong>oratorio</strong></span> 
     </span>
    </p>
   </div>
   <div class='ocr_carea' id='block_1_99' title="bbox 1875 4525 2038 4565">
    <p class='ocr_par' dir='ltr' id='par_1_99' title="bbox 1875 4525 2038 4565">
     <span class='ocr_line' id='line_1_99' title="bbox 1875 4525 2038 4565; baseline 0 -1"><span class='ocrx_word' id='word_1_728' title='bbox 1875 4525 2038 4565; x_wconf 78' lang='grc' dir='ltr'><strong>ΙΠΟΙΊ.</strong></span> 
     </span>
    </p>
   </div>
   <div class='ocr_carea' id='block_1_100' title="bbox 1949 4776 3454 4848">
    <p class='ocr_par' dir='ltr' id='par_1_100' title="bbox 1949 4776 3454 4848">
     <span class='ocr_line' id='line_1_100' title="bbox 1949 4776 3454 4848; baseline -0.005 -13"><span class='ocrx_word' id='word_1_729' title='bbox 1949 4779 2038 4835; x_wconf 89' lang='lat'><strong>99.</strong></span> <span class='ocrx_word' id='word_1_730' title='bbox 2074 4779 2192 4846; x_wconf 87' lang='lat' dir='ltr'><strong>Quo</strong></span> <span class='ocrx_word' id='word_1_731' title='bbox 2234 4779 2402 4844; x_wconf 83' lang='lat' dir='ltr'><strong>facto,</strong></span> <span class='ocrx_word' id='word_1_732' title='bbox 2450 4787 2502 4833; x_wconf 89' lang='lat' dir='ltr'><strong>et</strong></span> <span class='ocrx_word' id='word_1_733' title='bbox 2531 4779 2847 4848; x_wconf 88' lang='lat' dir='ltr'><strong>vespertino</strong></span> <span class='ocrx_word' id='word_1_734' title='bbox 2897 4786 3120 4848; x_wconf 91' lang='lat' dir='ltr'><strong>peracto</strong></span> <span class='ocrx_word' id='word_1_735' title='bbox 3149 4776 3350 4833; x_wconf 84' lang='lat' dir='ltr'><strong>ollicio.</strong></span> <span class='ocrx_word' id='word_1_736' title='bbox 3378 4776 3454 4830; x_wconf 69' lang='lat' dir='ltr'><strong>soi</strong></span> 
     </span>
    </p>
   </div>
   <div class='ocr_carea' id='block_1_101' title="bbox 1880 4868 3454 4942">
    <p class='ocr_par' dir='ltr' id='par_1_101' title="bbox 1880 4868 3454 4942">
     <span class='ocr_line' id='line_1_101' title="bbox 1880 4868 3454 4942; baseline -0.005 -15"><span class='ocrx_word' id='word_1_737' title='bbox 1880 4873 2139 4942; x_wconf 82' lang='lat' dir='ltr'><strong>cognovit</strong></span> <span class='ocrx_word' id='word_1_738' title='bbox 2182 4885 2437 4925; x_wconf 87' lang='lat' dir='ltr'><strong>occasum</strong></span> <span class='ocrx_word' id='word_1_739' title='bbox 2467 4886 2628 4926; x_wconf 89' lang='lat' dir='ltr'><strong>suum</strong></span> <span class='ocrx_word' id='word_1_740' title='bbox 2672 4882 2721 4924; x_wconf 87' lang='lat' dir='ltr'><strong>el</strong></span> <span class='ocrx_word' id='word_1_741' title='bbox 2753 4871 2868 4936; x_wconf 89' lang='lat' dir='ltr'><strong>ipse</strong></span> <span class='ocrx_word' id='word_1_742' title='bbox 2893 4868 3120 4923; x_wconf 87' lang='lat' dir='ltr'><strong>tradidit</strong></span> <span class='ocrx_word' id='word_1_743' title='bbox 3144 4868 3402 4938; x_wconf 86' lang='lat' dir='ltr'><strong>spiritum</strong></span> <span class='ocrx_word' id='word_1_744' title='bbox 3441 4887 3454 4920; x_wconf 91' lang='lat'><strong>:</strong></span> 
     </span>
    </p>
   </div>
   <div class='ocr_carea' id='block_1_102' title="bbox 1879 4959 3456 5030">
    <p class='ocr_par' dir='ltr' id='par_1_102' title="bbox 1879 4959 3456 5030">
     <span class='ocr_line' id='line_1_102' title="bbox 1879 4959 3456 5030; baseline -0.004 -12"><span class='ocrx_word' id='word_1_745' title='bbox 1879 4974 1932 5018; x_wconf 87' lang='lat' dir='ltr'><strong>et</strong></span> <span class='ocrx_word' id='word_1_746' title='bbox 1963 4964 2165 5018; x_wconf 82' lang='lat' dir='ltr'><strong>occidit</strong></span> <span class='ocrx_word' id='word_1_747' title='bbox 2196 4979 2382 5018; x_wconf 84' lang='lat' dir='ltr'><strong>revera</strong></span> <span class='ocrx_word' id='word_1_748' title='bbox 2421 4979 2547 5017; x_wconf 88' lang='lat' dir='ltr'><strong>cum</strong></span> <span class='ocrx_word' id='word_1_749' title='bbox 2587 4963 2702 5017; x_wconf 85' lang='lat' dir='ltr'><strong>sole</strong></span> <span class='ocrx_word' id='word_1_750' title='bbox 2734 4963 2838 5024; x_wconf 87' lang='lat' dir='ltr'><strong>sol,</strong></span> <span class='ocrx_word' id='word_1_751' title='bbox 2867 4960 3176 5030; x_wconf 85' lang='lat' dir='ltr'><strong>defecilque</strong></span> <span class='ocrx_word' id='word_1_752' title='bbox 3229 4962 3319 5014; x_wconf 84' lang='lat' dir='ltr'><strong>die</strong></span> <span class='ocrx_word' id='word_1_753' title='bbox 3368 4959 3456 5011; x_wconf 70' lang='lat' dir='ltr'><strong>illa</strong></span> 
     </span>
    </p>
   </div>
   <div class='ocr_carea' id='block_1_103' title="bbox 1880 5054 3451 5110">
    <p class='ocr_par' dir='ltr' id='par_1_103' title="bbox 1880 5054 3451 5110">
     <span class='ocr_line' id='line_1_103' title="bbox 1880 5054 3451 5110; baseline -0.003 0"><span class='ocrx_word' id='word_1_754' title='bbox 1880 5056 2063 5110; x_wconf 89' lang='lat' dir='ltr'><strong>lumen</strong></span> <span class='ocrx_word' id='word_1_755' title='bbox 2083 5054 2150 5109; x_wconf 92' lang='lat' dir='ltr'><strong>de</strong></span> <span class='ocrx_word' id='word_1_756' title='bbox 2185 5063 2330 5108; x_wconf 91' lang='lat' dir='ltr'><strong>terra</strong></span> <span class='ocrx_word' id='word_1_757' title='bbox 2352 5066 2404 5108; x_wconf 93' lang='lat' dir='ltr'><strong>et</strong></span> <span class='ocrx_word' id='word_1_758' title='bbox 2440 5055 2663 5108; x_wconf 88' lang='lat' dir='ltr'><strong>lucerna</strong></span> <span class='ocrx_word' id='word_1_759' title='bbox 2715 5069 2745 5107; x_wconf 86' lang='lat' dir='ltr'><strong>a</strong></span> <span class='ocrx_word' id='word_1_760' title='bbox 2799 5055 2937 5108; x_wconf 84' lang='lat' dir='ltr'><strong>facie</strong></span> <span class='ocrx_word' id='word_1_761' title='bbox 2971 5055 3298 5108; x_wconf 90' lang='lat' dir='ltr'><strong>videntium.</strong></span> <span class='ocrx_word' id='word_1_762' title='bbox 3354 5055 3451 5106; x_wconf 83' lang='lat' dir='ltr'><strong>An-</strong></span> 
     </span>
    </p>
   </div>
   <div class='ocr_carea' id='block_1_104' title="bbox 1879 5145 3460 5217">
    <p class='ocr_par' dir='ltr' id='par_1_104' title="bbox 1879 5145 3460 5217">
     <span class='ocr_line' id='line_1_104' title="bbox 1879 5145 3460 5217; baseline -0.002 -16"><span class='ocrx_word' id='word_1_763' title='bbox 1879 5163 1991 5203; x_wconf 91' lang='lat' dir='ltr'><strong>non</strong></span> <span class='ocrx_word' id='word_1_764' title='bbox 2025 5147 2275 5217; x_wconf 70' lang='lat' dir='ltr'><strong>praavidit</strong></span> <span class='ocrx_word' id='word_1_765' title='bbox 2303 5155 2357 5198; x_wconf 88' lang='lat' dir='ltr'><strong>et</strong></span> <span class='ocrx_word' id='word_1_766' title='bbox 2397 5145 2512 5214; x_wconf 88' lang='lat' dir='ltr'><strong>ipse</strong></span> <span class='ocrx_word' id='word_1_767' title='bbox 2561 5145 2923 5200; x_wconf 84' lang='lat' dir='ltr'><strong>densissimas</strong></span> <span class='ocrx_word' id='word_1_768' title='bbox 2973 5146 3134 5214; x_wconf 82' lang='lat' dir='ltr'><strong>hujus</strong></span> <span class='ocrx_word' id='word_1_769' title='bbox 3195 5146 3460 5213; x_wconf 78' lang='lat' dir='ltr'><strong>temporis</strong></span> 
     </span>
    </p>
   </div>
   <div class='ocr_carea' id='block_1_105' title="bbox 1881 5237 3458 5307">
    <p class='ocr_par' dir='ltr' id='par_1_105' title="bbox 1881 5237 3458 5307">
     <span class='ocr_line' id='line_1_105' title="bbox 1881 5237 3458 5307; baseline -0.004 -12"><span class='ocrx_word' id='word_1_770' title='bbox 1881 5241 2162 5301; x_wconf 89' lang='lat' dir='ltr'><strong>tenebras,</strong></span> <span class='ocrx_word' id='word_1_771' title='bbox 2215 5237 2606 5307; x_wconf 84' lang='lat' dir='ltr'><strong>defectumque</strong></span> <span class='ocrx_word' id='word_1_772' title='bbox 2652 5247 2971 5291; x_wconf 86' lang='lat' dir='ltr'><strong>sanctorum</strong></span> <span class='ocrx_word' id='word_1_773' title='bbox 3006 5237 3458 5302; x_wconf 88' lang='lat' dir='ltr'><strong>illuminantimn,</strong></span> 
     </span>
    </p>
   </div>
   <div class='ocr_carea' id='block_1_106' title="bbox 1883 5329 3459 5400">
    <p class='ocr_par' dir='ltr' id='par_1_106' title="bbox 1883 5329 3459 5400">
     <span class='ocr_line' id='line_1_106' title="bbox 1883 5329 3459 5400; baseline -0.003 -13"><span class='ocrx_word' id='word_1_774' title='bbox 1883 5343 2223 5400; x_wconf 66' lang='lat' dir='ltr'><strong>caeterOSque</strong></span> <span class='ocrx_word' id='word_1_775' title='bbox 2256 5330 2572 5384; x_wconf 89' lang='lat' dir='ltr'><strong>docentium</strong></span> <span class='ocrx_word' id='word_1_776' title='bbox 2609 5329 2632 5383; x_wconf 86' lang='lat'><strong>?</strong></span> <span class='ocrx_word' id='word_1_777' title='bbox 2658 5329 2720 5384; x_wconf 84' lang='lat' dir='ltr'><strong>Et</strong></span> <span class='ocrx_word' id='word_1_778' title='bbox 2752 5332 2972 5383; x_wconf 87' lang='lat' dir='ltr'><strong>ubinam</strong></span> <span class='ocrx_word' id='word_1_779' title='bbox 2998 5330 3230 5384; x_wconf 86' lang='lat' dir='ltr'><strong>alterum</strong></span> <span class='ocrx_word' id='word_1_780' title='bbox 3258 5333 3459 5398; x_wconf 77' lang='lat' dir='ltr'><strong>reperit</strong></span> 
     </span>
    </p>
   </div>
   <div class='ocr_carea' id='block_1_107' title="bbox 1489 5514 2141 5581">
    <p class='ocr_par' dir='ltr' id='par_1_107' title="bbox 1489 5514 2141 5581">
     <span class='ocr_line' id='line_1_107' title="bbox 1489 5514 2141 5581; baseline -0.011 0"><span class='ocrx_word' id='word_1_781' title='bbox 1489 5516 1748 5581; x_wconf 73' lang='lat' dir='ltr'><strong>Ioannis</strong></span> <span class='ocrx_word' id='word_1_782' title='bbox 1783 5514 1916 5576; x_wconf 89' lang='lat' dir='ltr'><strong>Clei</strong></span> <span class='ocrx_word' id='word_1_783' title='bbox 1947 5522 2141 5575; x_wconf 65' lang='lat' dir='ltr'><strong>notae.</strong></span> 
     </span>
    </p>
   </div>
   <div class='ocr_carea' id='block_1_108' title="bbox 258 5667 1769 5756">
    <p class='ocr_par' dir='ltr' id='par_1_108' title="bbox 258 5667 1769 5756">
     <span class='ocr_line' id='line_1_108' title="bbox 258 5667 1769 5756; baseline -0.015 -15"><span class='ocrx_word' id='word_1_784' title='bbox 258 5689 368 5756; x_wconf 82' lang='lat'><strong>(87)</strong></span> <span class='ocrx_word' id='word_1_785' title='bbox 395 5684 654 5756; x_wconf 71' lang='lat' dir='ltr'><strong>Memoria</strong></span> <span class='ocrx_word' id='word_1_786' title='bbox 681 5676 992 5756; x_wconf 18' lang='lat' dir='ltr'><strong>Siluannis</strong></span> <span class='ocrx_word' id='word_1_787' title='bbox 1023 5673 1258 5756; x_wconf 77' lang='lat' dir='ltr'><strong>tlteologi</strong></span> <span class='ocrx_word' id='word_1_788' title='bbox 1287 5687 1380 5756; x_wconf 74' lang='lat' dir='ltr'><strong>seu</strong></span> <span class='ocrx_word' id='word_1_789' title='bbox 1408 5667 1769 5756; x_wconf 48' lang='lat' dir='ltr'><strong>levtmgelistre</strong></span> 
     </span>
    </p>
   </div>
   <div class='ocr_carea' id='block_1_109' title="bbox 185 5740 1768 5816">
    <p class='ocr_par' dir='ltr' id='par_1_109' title="bbox 185 5740 1768 5816">
     <span class='ocr_line' id='line_1_109' title="bbox 185 5740 1768 5816; baseline -0.015 -5"><span class='ocrx_word' id='word_1_790' title='bbox 185 5740 298 5812; x_wconf 65' lang='lat' dir='ltr'><strong>hoc</strong></span> <span class='ocrx_word' id='word_1_791' title='bbox 347 5740 433 5809; x_wconf 77' lang='lat' dir='ltr'><strong>die</strong></span> <span class='ocrx_word' id='word_1_792' title='bbox 476 5755 708 5808; x_wconf 86' lang='lat' dir='ltr'><strong>solemni</strong></span> <span class='ocrx_word' id='word_1_793' title='bbox 742 5751 932 5804; x_wconf 82' lang='lat' dir='ltr'><strong>Ullicio</strong></span> <span class='ocrx_word' id='word_1_794' title='bbox 985 5750 1166 5809; x_wconf 65' lang='lat' dir='ltr'><strong>agitur</strong></span> <span class='ocrx_word' id='word_1_795' title='bbox 1211 5740 1350 5816; x_wconf 72' lang='lat' dir='ltr'><strong>apud</strong></span> <span class='ocrx_word' id='word_1_796' title='bbox 1406 5740 1645 5816; x_wconf 30' lang='lat' dir='ltr'><strong>Crte-eos,</strong></span> <span class='ocrx_word' id='word_1_797' title='bbox 1705 5744 1768 5816; x_wconf 61' lang='grc' dir='ltr'><strong>ιιι</strong></span> 
     </span>
    </p>
   </div>
   <div class='ocr_carea' id='block_1_110' title="bbox 184 5805 1761 5888">
    <p class='ocr_par' dir='ltr' id='par_1_110' title="bbox 184 5805 1761 5888">
     <span class='ocr_line' id='line_1_110' title="bbox 184 5805 1761 5888; baseline -0.017 -5"><span class='ocrx_word' id='word_1_798' title='bbox 184 5805 455 5882; x_wconf 54' lang='lat' dir='ltr'><strong>munitum</strong></span> <span class='ocrx_word' id='word_1_799' title='bbox 478 5805 742 5878; x_wconf 69' lang='lat' dir='ltr'><strong>estinter</strong></span> <span class='ocrx_word' id='word_1_800' title='bbox 773 5805 1170 5888; x_wconf 71' lang='lat' dir='ltr'><strong>prmtermissos</strong></span> <span class='ocrx_word' id='word_1_801' title='bbox 1223 5805 1294 5888; x_wconf 72' lang='lat' dir='ltr'><strong>ad</strong></span> <span class='ocrx_word' id='word_1_802' title='bbox 1328 5809 1669 5888; x_wconf 51' lang='lat' dir='ltr'><strong>hungdicm.</strong></span> <span class='ocrx_word' id='word_1_803' title='bbox 1705 5805 1761 5857; x_wconf 95' lang='lat' dir='ltr'><strong>ln</strong></span> 
     </span>
    </p>
   </div>
   <div class='ocr_carea' id='block_1_111' title="bbox 185 5877 1767 5964">
    <p class='ocr_par' dir='ltr' id='par_1_111' title="bbox 185 5877 1767 5964">
     <span class='ocr_line' id='line_1_111' title="bbox 185 5877 1767 5964; baseline -0.016 -12"><span class='ocrx_word' id='word_1_804' title='bbox 185 5877 518 5964; x_wconf 55' lang='lat' dir='ltr'><strong>Xntlmlogio</strong></span> <span class='ocrx_word' id='word_1_805' title='bbox 556 5877 893 5946; x_wconf 12' lang='lat' dir='ltr'><strong>funereo-rum</strong></span> <span class='ocrx_word' id='word_1_806' title='bbox 949 5886 1330 5941; x_wconf 85' lang='lat' dir='ltr'><strong>recentissimo</strong></span> <span class='ocrx_word' id='word_1_807' title='bbox 1404 5877 1594 5932; x_wconf 81' lang='lat' dir='ltr'><strong>Officio</strong></span> <span class='ocrx_word' id='word_1_808' title='bbox 1645 5887 1767 5928; x_wconf 86' lang='lat' dir='ltr'><strong>mox</strong></span> 
     </span>
    </p>
   </div>
   <div class='ocr_carea' id='block_1_112' title="bbox 1880 5653 3453 5730">
    <p class='ocr_par' dir='ltr' id='par_1_112' title="bbox 1880 5653 3453 5730">
     <span class='ocr_line' id='line_1_112' title="bbox 1880 5653 3453 5730; baseline -0.008 -15"><span class='ocrx_word' id='word_1_809' title='bbox 1880 5674 2183 5720; x_wconf 86' lang='lat' dir='ltr'><strong>memorato</strong></span> <span class='ocrx_word' id='word_1_810' title='bbox 2216 5661 2466 5730; x_wconf 86' lang='lat' dir='ltr'><strong>subjecta</strong></span> <span class='ocrx_word' id='word_1_811' title='bbox 2529 5667 2611 5716; x_wconf 83' lang='lat' dir='ltr'><strong>est</strong></span> <span class='ocrx_word' id='word_1_812' title='bbox 2661 5657 2905 5730; x_wconf 75' lang='lat' dir='ltr'><strong>rubrica,</strong></span> <span class='ocrx_word' id='word_1_813' title='bbox 2955 5670 3074 5723; x_wconf 71' lang='lat' dir='ltr'><strong>quae</strong></span> <span class='ocrx_word' id='word_1_814' title='bbox 3123 5653 3453 5730; x_wconf 40' lang='lat' dir='ltr'><strong>_monet,_&#39;in</strong></span> 
     </span>
    </p>
   </div>
   <div class='ocr_carea' id='block_1_113' title="bbox 1876 5722 3454 5815">
    <p class='ocr_par' dir='ltr' id='par_1_113' title="bbox 1876 5722 3454 5815">
     <span class='ocr_line' id='line_1_113' title="bbox 1876 5722 3454 5815; baseline -0.008 -28"><span class='ocrx_word' id='word_1_815' title='bbox 1876 5735 2098 5815; x_wconf 74' lang='lat' dir='ltr'><strong>abbatia</strong></span> <span class='ocrx_word' id='word_1_816' title='bbox 2122 5722 2686 5802; x_wconf 52' lang='lat' dir='ltr'><strong>Crypté-Ferratensi</strong></span> <span class='ocrx_word' id='word_1_817' title='bbox 2720 5730 2825 5783; x_wconf 87' lang='lat' dir='ltr'><strong>hoc</strong></span> <span class='ocrx_word' id='word_1_818' title='bbox 2841 5727 2928 5780; x_wconf 88' lang='lat' dir='ltr'><strong>die</strong></span> <span class='ocrx_word' id='word_1_819' title='bbox 2960 5725 3225 5795; x_wconf 72' lang='lat' dir='ltr'><strong>agendam</strong></span> <span class='ocrx_word' id='word_1_820' title='bbox 3248 5729 3308 5776; x_wconf 69' lang='grc' dir='ltr'><strong>ὃ.</strong></span> <span class='ocrx_word' id='word_1_821' title='bbox 3348 5722 3454 5776; x_wconf 79' lang='lat' dir='ltr'><strong>Nili</strong></span> 
     </span>
    </p>
   </div>
   <div class='ocr_carea' id='block_1_114' title="bbox 1875 5820 2216 5861">
    <p class='ocr_par' dir='ltr' id='par_1_114' title="bbox 1875 5820 2216 5861">
     <span class='ocr_line' id='line_1_114' title="bbox 1875 5820 2216 5861; baseline 0.003 -3"><span class='ocrx_word' id='word_1_822' title='bbox 1875 5820 2216 5861; x_wconf 81' lang='lat' dir='ltr'><strong>memoriam.</strong></span> 
     </span>
    </p>
   </div>
  </div>
