4196 6430
168 394 268 459 169

1222 393 1397 455 ΠΤᾹ
1442 395 1549 457 SS.
1594 392 1847 454 CIRYCI
1886 393 1984 453 ET
2026 392 2393 456 JULlTTZE.

3335 404 3443 468 170

161 514 389 582 ἔχουσα,
457 509 600 563 πάνυ
632 510 824 578 νήπιον
853 509 983 562 ὄντα
1008 524 1020 538 ·
1055 508 1130 573 ὡς
1171 510 1227 563 δὲ
1261 513 1464 581 ταύτην
1490 512 1537 565 οἱ
1560 511 1746 582 δήμιοι

1864 508 2004 564 illam
2038 510 2265 567 liczores
2312 512 2707 578 detinuisscnt,
2753 512 2966 572 ancilla:
2996 515 3121 586 ejus
3171 531 3291 572 eam
3342 520 3442 577 de-

160 604 520 677 σννέσχον,αἱ
549 605 883 674 θεράπαιναι
915 605 1084 674 αὐτῆς
1111 603 1420 658 καταλιποῦ
1433 622 1522 657 σαι
1557 603 1749 674 αὐτὴν,

160 698 411 767 ἀπῆλθον
447 696 833 767 ὰποδράσασαι
863 712 876 726 ·
908 696 1108 763 ἔξωθεν
1133 696 1190 748 δὲ
1217 697 1528 767 ἱστάμεναι,
1555 696 1753 765 θεωροὶ

158 792 264 843 τῶν
295 791 379 852 είς
403 789 576 857 αὐτὴν
633 791 1033 861 πραττομένων
1081 788 1327 857 ἐγίνοντο
1354 806 1366 819 ·
1427 785 1568 853 εἶτα,
1596 792 1750 860 φησὶ,

162 884 531 954 παραστάσης
588 883 765 951 αὐτῆς
833 884 911 952 τῷ
960 881 1059 936 τοῦ
1098 882 1455 954 Ἀλεξάνδρου
1519 884 1751 954 βήματι,

160 977 403 1046 διηρώτα
470 976 682 1039 ἐκεῖνος
738 974 913 1042 αὐτὴν
982 974 1221 1038 ἐξειπεῖν
1270 976 1650 1046 προσηγορίαν
1695 994 1754 1029 τε

158 1075 251 1123 καὶ
282 1072 461 1137 τύχην
493 1070 588 1121 καὶ
617 1068 716 1138 τὴν
740 1068 1120 1137 ὲνεγκαμένην
1148 1068 1387 1139 πατρίδα
1409 1084 1421 1096 ·
1448 1070 1480 1137 ὴ
1519 1069 1577 1122 δὲ
1612 1071 1755 1140 παῤ-

164 1163 541 1231 ρησιαξομένη
596 1162 735 1229 πρὸς
783 1160 875 1212 τὸν
932 1161 1214 1231 δικαστὴν,
1276 1161 1338 1213 τὸ
1390 1161 1487 1215 τοῦ
1544 1162 1753 1231 Κυρίου

160 1254 401 1323 Χρεστοῦ
433 1254 608 1321 ονομα
630 1254 993 1322 ἐπεγράφετο,
1016 1252 1277 1321 λέγουσα,
1300 1255 1601 1324 Χριστιανή
1618 1256 1753 1323 είμι.

233 1345 311 1408 ς’.
368 1346 785 1416 Θυμομαχήσας
851 1346 906 1398 δὲ
952 1348 979 1397 ὁ
1035 1345 1385 1415 Ἀλέξανδρπ
1465 1348 1756 1401 ἐκέλευσεν

162 1437 537 1506 ἀφαιρεθῆναι
568 1439 667 1507 μὲν
700 1437 795 1491 ἀπ’
819 1438 989 1507 αὐτῆς
1013 1438 1104 1491 τὶν
1138 1440 1303 1492 παῖδα
1336 1440 1616 1509 Κήρνκον,
1662 1444 1759 1495 καὶ

162 1528 545 1595 προσάγεσθαι
567 1529 738 1597 αὐτῷ,
766 1524 863 1582 οἷα
895 1531 951 1582 δὲ
985 1530 1082 1582 καὶ
1107 1533 1324 1585 ἀστεῖον
1346 1532 1496 1597 ὄντα,
1532 1534 1625 1587 καὶ
1656 1553 1761 1605 μη-

156 1619 239 1672 δὲν
261 1619 374 1670 τῶν
424 1619 568 1670 κατᾶ
626 1619 886 1689 πρόθεσιν
936 1620 1156 1674 εἰδότα·
1190 1622 1395 1693 ταύτην
1430 1623 1486 1675 δὲ
1545 1641 1759 1695 σχημα-

158 1711 443 1765 τισθεῖσαν
477 1712 571 1762 καὶ
605 1712 967 1766 τανυσθεῖσαν
994 1713 1168 1783 ὠμοῖς
1212 1714 1532 1786 βουνεύροις
1562 1716 1761 1771 τύπτε-

164 1803 286 1853 σθαι
330 1803 573 1869 ἀφειδῶς
634 1806 964 1875 ἐπέτρεπεν·
1010 1807 1085 1870 ὡς
1124 1807 1180 1860 δὲ
1229 1808 1321 1860 τὸν
1358 1812 1525 1863 παῖδα
1575 1809 1667 1881 βίᾳ
1694 1813 1756 1864 ἐκ

160 1895 266 1945 τῶν
318 1895 422 1963 τῆς
494 1897 703 1967 μητρὸς
755 1898 1018 1965 ἀγκαλῶν
1072 1900 1123 1952 oi
1182 1901 1366 1971 δήμιοι
1412 1902 1752 1970 ἀφείλκυσαν

162 1985 658 2055 κλαυθμυρίζοντα
716 1990 909 2057 ἄγουσι
934 1990 1012 2060 τῷ
1063 1993 1312 2063 ἡγεμόνι,
1357 1993 1491 2063 πρὸς
1518 1994 1618 2064 τὴν
1648 2011 1755 2063 μη-

160 2080 296 2149 τέρα
357 2080 569 2145 ἀτενῶς
618 2084 914 2153 ἐνορῶντα,
944 2088 1040 2138 καὶ
1074 2085 1133 2138 τὸ
1160 2087 1381 2157 ἐκείνης
1425 2087 1596 2158 ὄνομα
1631 2090 1754 2141 ἑπι-

162 2174 565 2243 φθεγγὸμενον,
614 2175 715 2246 τὴν
744 2177 802 2229 δέ
844 2194 908 2244 γε
943 2180 1198 2251 μάρτυρα
1253 2180 1397 2234 κατὰ
1451 2181 1512 2234 τὸ
1570 2183 1757 2247 αὐτοῖς

170 2266 525 2335 προσταχθὲν
572 2267 802 2330 ἀνι).εῶς
844 2268 1076 2323 ἔτυπτον
1098 2273 1211 2333 τοῖς
1244 2270 1582 2342 βουνεύροις,
1614 2274 1757 2327 ἐκεί-

162 2375 255 2426 νης
288 2359 365 2421 ὡς
396 2358 716 2429 ἀνδριάντος
774 2360 919 2424 τινὸς
984 2361 1198 2432 ἀψύχυυ
1225 2365 1344 2426 ταῖς
1375 2365 1614 2435 πληγαῖς
1644 2365 1760 2431 ξαι-

160 2451 421 2520 νομένης,
479 2452 576 2503 καὶ
635 2451 804 2520 μηδὲν
848 2451 1041 2523 ἕτερον
1098 2456 1517 2525 φθεγγομένης,
1584 2457 1760 2528 ἧτὴν

165 2544 370 2611 σεπτῆν
398 2541 619 2613 ἐκείνην
648 2544 832 2615 φωνὴν
861 2546 1161 2612 ἀπαύστως
1188 2547 1422 2620 βοὼσης,
1456 2551 1757 2625 Χριστιανή

163 2636 274 2702 εἰμι
308 2636 407 2685 καὶ
442 2634 695 2702 δαίμοσιν
741 2637 802 2687 οὗ
837 2636 974 2692 θύω.

226 2726 295 2788 ζ’.
378 2725 439 2777 Ὀ
492 2725 587 2778 οὖν
635 2726 862 2798 ἡγεμὼν
924 2734 1047 2794 ταῖς
1116 2735 1275 2803 χερσὶ
1336 2735 1642 2804 λαϐόμενος
1700 2742 1761 2793 τὸ

168 2816 413 2881 παιδίον,
454 2818 721 2882 θωπείαις
762 2823 1026 2892 ἐπειρᾶτο
1056 2824 1330 2879 δυσωπεῖν
1365 2828 1440 2899 μὴ
1475 2831 1767 2885 ἁποκλαίε·

167 2909 310 2971 σθαι,
335 2912 433 2962 καὶ
490 2914 607 2973 τοῖς
642 2914 841 2967 ἑαυτοῦ
866 2915 1126 2983 γούνασιν
1154 2920 1419 2985 ἐπετίθει,
1459 2923 1553 2976 καὶ
1588 2925 1765 2992 φιλεῖν

162 3000 469 3071 ἐπεχείρει.
509 3003 588 3070 ΤὸΔ
605 3003 661 3056 δὲ
695 3006 831 3075 πρὸς
880 3008 980 3078 τὴν
1035 3010 1249 3080 μητέρα
1280 3012 1486 3077 ἀτενῶς
1536 3017 1768 3072 ἀποϐλέ-

164 3110 286 3156 πον,
348 3095 644 3149 ἁπεσείετο
704 3098 805 3167 μὲν
852 3100 945 3152 τὸν
996 3104 1266 3172 ἡγεμόνα,
1300 3106 1394 3160 καὶ
1424 3108 1525 3178 τὴν
1567 3112 1763 3165 ἑαυτοῦ

1856 611 2140 669 serentes,
2178 603 2452 674 fugientes
2478 606 2738 663 abierunt
2767 623 2781 661 :
2819 607 2955 663 foris
2987 618 3171 665 autem
3205 619 3441 675 stantes.

1858 702 2030 749 testes
2063 711 2257 750 eorum
2291 712 2415 767 qua:
2444 698 2497 751 in
2535 699 2682 752 illam
2719 707 2873 769 gesta
2910 708 3039 754 sunt
3084 703 3441 759 exstiterunt.

1857 786 2089 853 Deinde,
2122 788 2349 854 dicitur,
2381 789 2475 843 illa
2513 790 2726 847 sistitur
2751 802 2877 847 ante
2911 793 3208 851 Alexandri
3262 797 3448 853 tribu-

1861 879 1971 940 nal,
2007 879 2312 951 interrogat
2347 882 2451 937 iste
2480 893 2537 935 ut
2566 894 2751 938 narret
2782 884 2873 938 illa
2900 899 3130 949 nomen,
3160 884 3442 942 fortunam

1860 980 1914 1026 et
1947 988 2111 1041 quam
2144 972 2385 1029 obtinuit
2433 975 2690 1045 patriam.
2728 975 2824 1030 Illa
2856 992 2989 1032 vero
3020 993 3149 1033 cum
3185 977 3445 1036 libertate

1860 1076 1989 1122 ante
2029 1068 2274 1135 judicent
2319 1068 2528 1125 Christi
2567 1068 2783 1124 Domini
2820 1086 3017 1127 nomen
3055 1071 3310 1129 confessa
3339 1080 3447 1139 est,

1860 1160 2077 1224 dicens,
2107 1159 2425 1215 Christiana
2475 1178 2618 1217 sum.

1933 1337 1987 1395 6.
2029 1338 2207 1392 Iratus
2262 1347 2446 1393 autem
2478 1338 2793 1395 Alexander
2839 1342 3009 1411 jussit
3039 1344 3106 1397 ab
3144 1346 3233 1398 illa
3264 1346 3446 1415 abripi

1861 1446 2092 1502 puerum
2138 1430 2420 1502 Cirycum,
2469 1440 2524 1485 et
2558 1433 2624 1485 ad
2655 1449 2713 1488 se
2749 1433 2954 1502 afferri,
2987 1446 3247 1506 tanquam
3279 1454 3453 1493 venu-

1865 1531 2033 1587 stum,
2102 1532 2158 1578 et
2213 1523 2350 1577 nihil
2388 1539 2582 1579 eorum
2636 1540 2758 1595 qum
2805 1528 3114 1597 agebantur
3148 1530 3449 1596 scientem;

1864 1616 2011 1670 illam
2041 1623 2222 1671 autem
2257 1617 2528 1673 nudatam
2558 1627 2613 1672 et
2648 1618 2697 1673 ri
2730 1628 3013 1674 extensam
3064 1623 3252 1679 crudis
3283 1624 3449 1679 boum

1864 1708 2053 1764 nervis
2099 1709 2312 1778 percuti
2349 1708 2648 1764 crudeliter
2685 1710 2998 1781 imperavit.
3054 1712 3123 1768 Ut
3155 1730 3287 1770 vero
3318 1732 3451 1783 puc-

1866 1817 1988 1855 rum
2020 1803 2070 1857 vi
2106 1817 2136 1857 e
2168 1802 2362 1858 matris
2387 1802 2532 1857 ulnis
2561 1802 2854 1859 carnifices
2888 1804 3250 1874 abripuerunt
3283 1808 3452 1862 multa

1859 1893 2254 1965 lacrymantem
2286 1894 2573 1949 adducunt
2598 1894 2663 1949 ad
2690 1894 3031 1965 praefectum,
3064 1898 3447 1954 indesinenter

1860 1994 2093 2043 matrem
2143 1988 2472 2051 intuentem,
2545 1995 2601 2043 et
2656 1989 2778 2057 ejus
2826 2004 3025 2043 nomen
3086 1991 3444 2056 voeitantem,

1862 2085 2159 2147 martyrem
2194 2088 2379 2132 autem
2416 2081 2591 2149 ipsam
2636 2080 2940 2136 secundum
2972 2083 3124 2151 quod
3159 2084 3267 2140 sibi
3297 2099 3457 2138 man-

1861 2167 2050 2224 datum
2077 2168 2256 2224 fuerat
2283 2171 2570 2227 carniﬁces
2591 2172 2754 2227 boum
2786 2176 2966 2229 nervis
2998 2175 3116 2231 dire
3139 2178 3447 2242 caedebant,

1862 2274 1985 2329 qua:
2028 2260 2177 2314 velut
2229 2268 2418 2315 statua
2468 2261 2721 2332 quaedam
2772 2264 3112 2322 insensibilis
3145 2268 3318 2337 plagis
3370 2270 3457 2322 la-

1864 2351 2035 2418 niata,
2068 2353 2207 2407 nihil
2261 2353 2411 2409 aliud
2462 2356 2717 2423 sonabat,
2774 2368 2937 2426 quam
2978 2358 3120 2413 hanc
3163 2361 3441 2432 egregiam

1862 2456 2053 2497 vocem
2094 2443 2214 2497 sine
2244 2444 2661 2501 intermissione
2702 2447 2942 2515 edendo,
2977 2450 3295 2507 Christiana
3326 2467 3449 2508 sum

1865 2544 1919 2589 et
1947 2534 2290 2591 daemonibus
2323 2551 2430 2591 non
2460 2537 2737 2595 sacrifico.
3353 2542 3360 2549 ’

1940 2741 1989 2793 7.
2035 2740 2333 2795 Praefectus
2389 2742 2564 2811 igitur
2600 2744 2860 2798 manibus
2906 2760 3135 2814 puerum
3175 2749 3459 2819 aee.piens

1868 2833 2149 2887 blanditiis
2184 2832 2442 2888 tentabat
2497 2834 2776 2890 adducere
2826 2852 2892 2891 ne
2928 2837 3352 2907 lacrymaretur,
3401 2855 3460 2898 et

1868 2926 1986 2981 suis
2039 2926 2275 2995 genibus
2329 2919 2667 2996 imponebat,
2706 2929 3065 2999 oscularique
3111 2938 3457 3003 conabatur;

1870 3018 1959 3071 ille
1981 3029 2160 3073 autem
2193 3027 2426 3075 matrem
2458 3019 2834 3076 indesinenter
2860 3023 3105 3089 intuens,
3132 3028 3453 3096 prmfectum

1868 3112 2091 3180 quidem
2146 3113 2392 3177 arcebat,
2437 3125 2710 3185 caputque
2755 3131 2916 3169 suum
2979 3120 3296 3174 retrahebat
3343 3138 3460 3176 ma-

162 3184 375 3251 ἀφίστα
411 3188 678 3259 κεφαλὴν,
711 3194 835 3253 ταῖς
862 3195 1017 3263 χερσὶ
1051 3194 1106 3247 δὲ
1127 3197 1458 3263 ἁντιῦαῖνιν,
1483 3203 1594 3263 τοῖς
1613 3203 1758 3267 ἰδίοις

1872 3205 2034 3259 nibus
2083 3214 2267 3259 autem
2318 3208 2591 3273 renitens,
2622 3184 2877 3279 iungulis
2922 3210 3168 3265 cmdebat
3217 3215 3459 3280 praefecti

538 3283 560 3315 Ξ

170 3277 356 3344 ὄνυξιν
389 3279 593 3350 ἔπληξε
650 3283 749 3353 τὴν
796 3285 892 3338 τοῦ
926 3288 1196 3357 ἡγεμόνος
1223 3291 1346 3358 ὄψιν
1378 3308 1393 3325 ο
1425 3294 1517 3346 καὶ
1552 3294 1628 3357 ὡς
1655 3298 1755 3367 τῆς

162 3370 451 3443 σώφρονος
508 3378 774 3445 τρυγόνος
830 3381 1051 3444 νεοσσὸς
1108 3382 1373 3453 νηπιώδει
1425 3385 1760 3457 ιξιελλίσματι

167 3465 354 3533 φωνὴν
400 3469 497 3519 καὶ
567 3470 968 3539 αὑτὸςόἆγιος
1024 3475 1284 3543 Κήρυκος
1352 3480 1759 3550 ἁπεφθέγγετο,

164 3557 231 3623 ἣν
256 3559 414 3626 παρὰ
458 3560 556 3627 τῆς
601 3566 810 3633 μητρὸς
868 3564 1177 3621 δεδίδακται
1224 3570 1319 3621 καὶ
1380 3572 1763 3645 ἐπιϐοωμένην

167 3649 336 3715 ἤκουε
363 3688 379 3711 ,
412 3649 583 3717 Κάγὼ
641 3654 971 3722 Χριστιανός
1002 3660 1142 3727 εἶμι·
1191 3660 1365 3724 οὕτως
1395 3662 1452 3715 δὲ
1509 3665 1603 3719 καὶ
1667 3668 1764 3719 αύ-

164 3742 255 3801 τὶς
305 3740 369 3793 τὸ
416 3746 513 3793 τοῦ
572 3744 808 3813 Χριστοῦ
858 3747 1031 3817 ὄνομα
1098 3752 1543 3824 ἀνακαλούμενος
1585 3761 1763 3814 ἀπαύ-

168 3849 308 3895 στως
343 3833 439 3886 καὶ
488 3834 588 3902 λὰξ
630 3836 708 3907 τῷ
764 3839 999 3912 δικαστῇ
1056 3844 1419 3915 ὲναλλὸμενος
1478 3852 1622 3904 κατὰ
1664 3852 1760 3906 τοῦ

168 3924 440 3996 πλευροῦ,
497 3929 648 3997 φιλεῖ
709 3934 817 4000 γὰρ
869 3933 946 3997 ὡς
1009 3936 1077 3988 rit
1120 3938 1290 3991 πολλὰ
1336 3941 1367 4011 ἡ
1420 3945 1762 4013 νηπ;ἀζουσα

171 4019 335 4087 edat;
376 4022 437 4072 ὲν
465 4026 573 4085 τοῖς
592 4024 858 4089 τοιούτοις
890 4030 1138 4099 σχήμασι
1166 4034 1459 4101 κινεῖσθαι,
1482 4040 1561 4099 είς
1592 4041 1762 4109 θυμὸν

169 4112 391 4182 ἐκίνησε
429 4116 521 4166 τὸν
556 4114 749 4185 ἄγριον
798 4118 1006 4172 ἐκεῖνον
1053 4122 1217 4190 θῆραο
1252 4125 1315 4177 οὐ
1340 4128 1448 4196 γὰρ
1472 4129 1761 4198 ἄνθρωπον

169 4204 331 4255 αὐτὸν
366 4209 868 4277 προσαγορευτέον,
905 4211 981 4281 μὴ
1012 4214 1381 4283 συγγνώμονα
1439 4221 1538 4289 τῆς
1566 4222 1763 4287 ἁὸαοῦς

170 4296 426 4363 πράξεως
449 4300 829 4353 καταστάντα·
894 4305 959 4354 ὲκ
998 4304 1094 4356 τοῦ
1124 4305 1281 4370 ποδὸς
1307 4310 1493 4363 τοίνυν
1530 4312 1766 4385 λαϐόμεο

168 4404 256 4449 νος
288 4390 387 4439 τὸν
418 4390 668 4455 ἀοίδιμον
726 4394 919 4457 παῖδα,
970 4395 1197 4466 ἕρριᾦεν
1259 4400 1474 4454 ἄνωθεν
1499 4403 1608 4457 ἀπὸ
1666 4406 1763 4458 τοῦ

170 4476 333 4546 ὕψους
366 4478 461 4532 τοῦ
525 4482 772 4551 βήματος
799 4486 893 4537 ἐπὶ
933 4487 1030 4555 τὴν
1061 4492 1167 4557 γῆν
1190 4490 1363 4544 κάτω.
1401 4493 1506 4545 Τοῦ
1535 4496 1591 4548 δὲ
1627 4514 1764 4567 κραο

1867 3300 2121 3365 vultum;
2160 3305 2217 3352 et
2249 3309 2513 3369 tanquam
2564 3309 2731 3355 casta:
2766 3303 3006 3358 turturis
3043 3304 3231 3373 pullus
3278 3304 3459 3361 infan-

1869 3392 1959 3445 tile
2027 3391 2341 3447 balbutiens
2413 3407 2605 3447 vocem
2661 3404 2714 3447 et
2752 3394 2868 3464 ipse
2938 3407 3165 3453 sanctus
3226 3396 3459 3470 Cirycus

1865 3483 2066 3536 edebat
2094 3497 2259 3553 quam
2284 3496 2314 3537 a
2336 3493 2511 3538 matre
2534 3483 2809 3537 didicerat
2839 3485 3166 3541 clamantem
3198 3489 3454 3550 audiens.

1866 3575 1932 3629 Et
1964 3590 2064 3645 ego
2111 3573 2461 3629 Christianus
2493 3590 2636 3628 sum.
2673 3575 2748 3630 Ita
2786 3577 2903 3645 ipse
2953 3593 3174 3647 quoque
3226 3577 3455 3645 Christi,

1866 3685 2067 3723 nomen
2105 3671 2393 3734 invocans,
2443 3678 2498 3725 et
2531 3670 2683 3725 calce
2713 3671 2923 3740 judieis
2963 3675 3106 3728 latus
3156 3666 3451 3745 impetens,

1865 3771 2015 3815 amat
2058 3761 2204 3814 enim
2244 3776 2408 3830 quam
2442 3762 2749 3831 sapissime
2782 3764 3052 3821 infantilis
3100 3766 3319 3822 indoles
3368 3779 3454 3821 ta-

1864 3847 2011 3907 libus
2045 3853 2289 3909 motibus
2333 3855 2557 3925 agitari,
2591 3858 2656 3908 ad
2696 3857 2836 3911 iram
2889 3857 3142 3913 incitavit
3172 3861 3453 3916 crudelem

1867 3945 2012 4000 hanc
2057 3944 2255 4001 feram.
2305 3944 2424 4001 Non
2476 3948 2625 4019 enim
2659 3948 2828 4003 homo
2875 3951 2981 4005 iste
3016 3953 3298 4008 vocandus
3351 3963 3454 4017 est,

1866 4039 1961 4109 qui
1992 4040 2281 4109 ignoseere
2314 4040 2597 4109 intrepida:
2622 4042 2827 4096 actioni
2858 4043 3058 4098 noluit.
3100 4042 3246 4099 Pede
3282 4046 3453 4115 igitur

1865 4132 2147 4201 egregium
2182 4146 2413 4201 puerum
2440 4133 2883 4203 apprehendens,
2916 4135 3151 4205 projecit
3178 4152 3207 4192 e
3233 4152 3456 4192 summo

1869 4223 2133 4277 tribunali
2168 4222 2223 4277 itt
2263 4233 2516 4279 terram:
2560 4228 2755 4280 eranio
2809 4236 2989 4282 autem
3043 4228 3272 4284 illustris
3308 4246 3455 4284 mar-

1869 4318 2002 4388 tyris
2029 4318 2191 4372 talem
2220 4317 2630 4372 confessionem
2660 4319 2875 4374 edentis
2898 4323 2953 4374 in
2984 4323 3256 4390 graduum
3282 4339 3426 4392 angu
3450 4356 3455 4359 -

1870 4409 1949 4465 los
1986 4408 2252 4478 projecto,
2285 4417 2340 4462 et
2389 4408 2571 4463 acutis
2620 4416 2674 4462 et
2706 4410 2864 4479 duris
2894 4411 3160 4480 gradibus
3192 4417 3455 4475 contrito,

1870 4515 2066 4555 cruore
2098 4499 2396 4567 implentur
2443 4514 2564 4565 qua:
2612 4500 2821 4554 circum
2876 4504 3118 4556 tritmnal
3157 4505 3365 4572 jaceut,
3398 4522 3456 4563 ct

168 4571 277 4621 νίον
308 4571 411 4624 τοῦ
450 4572 774 4629 καλλινίκου
831 4577 1112 4650 μάρτυρος
1147 4583 1242 4635 ἐπὶ
1270 4587 1339 4653 τῇ
1371 4586 1604 4661 τοιαύτῃ
1632 4590 1758 4659 ὀμο-

1872 4592 1925 4645 ἰη
1966 4606 2165 4645 manus
2204 4590 2300 4646 Dei
2354 4590 2615 4655 spiritum
2653 4592 2907 4646 immittit
2952 4594 3066 4649 Deo
3098 4571 3456 4665 acceptahihs

171 4660 325 4733 λογέα
361 4666 508 4718 κατὰ
535 4668 633 4737 τῆς
671 4668 780 4722 τῶν
805 4669 1089 4740 βαθμίδων
1147 4674 1350 4741 γωνίας
1411 4660 1761 4749 προσραγέν-

1875 4684 2095 4749 infans;
2133 4682 2329 4737 anima:
2356 4684 2501 4737 enim
2530 4684 2807 4753 justorum
2849 4686 2903 4738 in
2934 4700 3098 4740 manu
3143 4685 3237 4740 Dei
3268 4697 3417 4743 sunt.

168 4768 277 4818 τος,
334 4758 549 4825 καὶτῷ
609 4758 727 4825 ὀξεῖ
765 4759 865 4831 τῆς
925 4764 1253 4828 ἀντιτυπίας
1313 4770 1761 4842 κατατριϐέντος,
1803 4775 2059 4846 αἱμάτων
2119 4774 2220 4845 μὲν
2280 4773 2593 4845 πληροῦται
2618 4773 2685 4827 τὰ
2722 4775 2829 4846 πρὸ
2896 4776 2991 4829 τοῦ
3045 4777 3313 4849 βήματος,
3374 4785 3454 4843 εἰς

170 4852 363 4920 χεῖρας
396 4848 455 4900 δὲ
481 4850 617 4905 θεοῦ
644 4853 898 4919 ἀπεδίδου
925 4855 987 4907 τὸ
1034 4859 1259 4929 πνεῦμα
1312 4862 1377 4914 τὸ
1446 4864 1772 4923 θεότευκτον
1815 4871 2038 4943 βρέφος*
2070 4870 2243 4939 ψυχαὶ
2263 4868 2371 4939 γὰρ
2394 4867 2618 4921 δικαίων
2641 4868 2698 4921 ὲν
2733 4869 2879 4939 χειρὶ
2926 4869 3086 4924 Θεοῦ.

272 4936 285 4959 Ι

233 4938 306 5007 η’.
380 4939 555 4993 Τοῦτο
620 4938 715 4996 οὖν
753 4943 1290 5019 θεασαμέιιηήὰγία
1340 4952 1605 5010 Ἰουλίττα
1661 4961 1760 5013 καὶ

171 5039 341 5106 χαρᾶς
376 5036 750 5105 πληρωθεῖσα,
806 5042 1131 5113 Εὐχαριστῶ
1156 5061 1259 5110 σοι,
1296 5048 1490 5118 Κύριε,
1528 5051 1743 5119 ἔλεγεν,

169 5129 246 5181 ὅτι
276 5131 641 5199 κατηξίωσας
664 5135 755 5186 τὸν
782 5136 916 5205 ὲμδν
934 5137 1050 5191 υἱὸν
1080 5140 1188 5210 πρὸ
1229 5141 1366 5209 ἐμοῦ
1394 5146 1757 5201 τελειωθέντα

166 5222 261 5275 τοῦ
318 5224 653 5295 ἀμαράντω)
683 5229 866 5297 τυχεῖν
919 5232 1211 5298 στεφάνου.
1250 5235 1677 5303 Σχετλιάσαντος
1701 5241 1759 5294 δὲ

172 5314 265 5366 καὶ
296 5313 439 5384 πρὸς
480 5314 640 5369 τοῦτο
692 5318 788 5371 τοῦ
815 5319 1098 5387 δικαστοῦ,
1163 5325 1378 5380 κελεύει
1404 5330 1758 5401 ἀρμενταρίῳ

169 5403 573 5475 ὰναρτηθεῖσαν
611 5408 789 5479 αὐτὴν
836 5412 1071 5476 ἐντόνως
1130 5414 1376 5485 ξέεσθαι,
1408 5421 1504 5473 καὶ
1530 5422 1639 5474 ἀπὸ
1662 5421 1757 5475 τοῦ

169 5494 398 5565 λέϐητος
428 5498 743 5554 ἁντλεῖσθαι
800 5501 1003 5556 πίσσαν
1051 5506 1452 5575 κοχλαξουσαν,
1506 5514 1600 5566 καὶ
1642 5517 1757 5577 τοῖς

174 5593 329 5643 ποσὶν
353 5591 532 5660 αὐτῆς
564 5592 907 5663 ἐπιχέεσθαιο
970 5600 1279 5668 προσέταξε
1311 5603 1368 5655 δὲ
1408 5606 1504 5657 καὶ
1538 5607 1759 5676 κήρυκα

175 5684 402 5755 ἑπιϐοᾷν
432 5685 579 5757 αὐτῇ
612 5687 707 5739 καὶ
739 5686 923 5755 λέγειν
962 5705 977 5721 ·
1025 5690 1313 5757 Ἰουλίττα,
1345 5695 1571 5766 ἐλέησον
1600 5715 1759 5751 σεαυ-

174 5776 291 5845 τὴν,
328 5779 425 5832 καὶ
450 5777 618 5832 θῦσον
654 5784 761 5845 τοῖς
797 5780 963 5845 θεοῖς,
1016 5787 1112 5839 καὶ
1150 5788 1501 5857 ἀπαλλάγηθι
1522 5790 1632 5844 τῶν
1663 5791 1760 5862 βα-

178 5870 371 5936 σάνων,
416 5873 507 5926 ἵνα
564 5873 643 5943 μὴ
677 5875 773 5929 καὶ
822 5876 888 5929 σὺ
917 5877 1104 5941 κακῶς
1157 5881 1358 5953 ἀπολῇ,
1400 5881 1637 5953 ῶσπερό
1666 5886 1757 5949 σὸς

458 5970 741 6033 Ρηίιοι.
786 5971 908 6033 Gn.
942 5973 1141 6037 CXX.

1940 4963 1991 5017 8.
2039 4960 2095 5017 ld
2136 4976 2273 5033 ergo
2323 4962 2605 5030 aspiciens
2640 4972 2834 5017 saneta
2884 4961 3104 5029 Julitta,
3149 4978 3204 5020 et
3251 4970 3455 5037 gaudio

1868 5055 2197 5108 exsultans:
2240 5051 2461 5108 Gratias
2501 5069 2604 5124 ago
2653 5054 2776 5117 tibi,
2813 5055 3061 5121 Domine,
3113 5058 3275 5123 dixit,
3323 5063 3451 5127 quia

1868 5147 2094 5215 dignum
2129 5146 2433 5216 praestitisti
2469 5148 2640 5201 lilium
2672 5163 2850 5202 meum
2901 5160 3030 5204 ante
3079 5168 3165 5207 me
3212 5157 3452 5209 morien-

1870 5254 1978 5297 tem
2011 5243 2106 5312 qui
2135 5258 2398 5297 coronam
2434 5244 2801 5299 immortalem
2836 5245 3105 5302 obtineat.
3132 5247 3234 5304 Sed
3268 5251 3322 5304 in
3349 5257 3451 5308 hoc

1870 5335 2048 5389 iratus
2090 5335 2256 5404 judex
2308 5335 2467 5403 jubet
2524 5342 2866 5393 armentario
2922 5357 3248 5411 suspensam
3300 5346 3446 5401 illam

1867 5428 1989 5481 dire
2015 5426 2337 5490 dilacerari,
2371 5436 2427 5481 et
2471 5442 2502 5482 e
2533 5428 2712 5495 lebete
2756 5430 2962 5483 hauriri
3012 5433 3189 5500 picem
3221 5434 3449 5503 liquefa-

1868 5526 2041 5582 ctam,
2074 5529 2125 5572 et
2156 5518 2208 5571 in
2240 5517 2407 5588 pedes
2431 5518 2553 5587 ejus
2578 5521 2777 5574 effundi
2804 5521 3005 5591 ;jussit
3028 5527 3207 5578 au'tem
3243 5541 3449 5594 praeco-

1865 5628 1988 5667 nem
2042 5613 2283 5665 elautare
2332 5612 2517 5666 dicere
2578 5628 2684 5681 que
2737 5614 2857 5669 illi:
2919 5614 3131 5683 Julitta,
3186 5618 3448 5674 miserere

1871 5705 1951 5759 tui
1992 5705 2165 5774 ipsius
2202 5712 2256 5759 et
2295 5703 2547 5759 sacriﬁea
2582 5707 2712 5773 diis,
2747 5717 2799 5761 et
2843 5710 3019 5763 exime
3051 5719 3105 5765 te
3137 5712 3444 5781 suppliciis,

1864 5812 1932 5849 ne
1963 5803 2016 5849 te
2050 5796 2190 5848 male
2236 5792 2456 5863 perdas,
2494 5803 2554 5848 ut
2593 5806 2720 5851 tuus
2753 5798 2917 5852 illius.
2950 5797 3230 5853 Generosa
3261 5813 3446 5857 autem

1865 5895 2071 5957 martyr
2128 5884 2343 5941 fortiter
2398 5888 2669 5959 supplicia
2725 5890 3047 5958 perferens.
3105 5892 3446 5950 exclamavit

3041 5980 3073 6046 θ
