4196 6430
187 409 3421 459 mm

1472 592 1505 629 Α
1522 585 1641 628 3Νο
1698 586 1919 630 ΒΟΜΙΝΙ
1986 592 2095 634 ΜΥΙ
2111 624 2120 634 .

658 767 1441 948 LEONIS
1583 775 2966 957 PBESBYTERI

1596 1078 1999 1143 PROLOGUS

536 1258 687 1347 AD
765 1254 1436 1349 PASSIONEM
1522 1255 1681 1346 SS.
1770 1253 2050 1347 RUFI

2206 1257 2352 1342 ET
2479 1259 3048 1354 BESPICII.

1260 1461 1399 1528 (MM,
1424 1462 1663 1526 Spieileg.
1690 1462 1833 1513 Rom.
1858 1466 1979 1514 tom.
2010 1463 2091 1523 IV,
2134 1478 2186 1526 p.
2226 1462 2356 1520 290.)

224 1771 345 1828 Non
379 1775 526 1829 enim
571 1774 649 1846 (I)
684 1776 928 1846 insignes
958 1775 1307 1844 antiquorum
1344 1773 1569 1830 Patrum
1601 1778 1733 1833 titu-
1762 1776 1808 1833 Α
1838 1788 2005 1842 gnum
2054 1775 2119 1828 de
2152 1776 2362 1831 sanctis
2417 1777 2781 1848 quadraginta
2829 1780 3169 1851 martyribus
3222 1795 3434 1836 sermo-

160 1871 237 1923 los
298 1871 588 1924 ittlirmarc
646 1887 939 1937 conamur,
987 1884 1165 1939 neque
1204 1886 1472 1940 generosa
1529 1872 1750 1940 illorum

162 1974 523 2016 monurmnla
560 1964 851 2031 suggillare
892 1966 1162 2027 nitimur;
1219 1964 1356 2033 quin
1413 1966 1601 2034 potius
1637 1966 1754 2019 lau-

160 2055 381 2115 damus,
426 2068 594 2124 atque
650 2058 929 2111 laudando
967 2058 1332 2123 roboramus;
1390 2060 1485 2114 sed
1519 2074 1581 2114 ea
1632 2074 1754 2128 qua:

159 2164 250 2217 per
290 2150 569 2203 incuriam
604 2160 659 2204 et
693 2152 1081 2213 temeritatem,
1118 2158 1176 2204 ut
1228 2152 1562 2221 simplicium
1616 2154 1757 2209 serio

158 2254 395 2311 piorum,
458 2244 756 2312 depravata
792 2244 1069 2309 videntur,
1126 2246 1182 2299 in
1232 2255 1501 2314 quantum
1554 2246 1754 2302 divina!

157 2334 531 2389 Providentia:
563 2351 683 2391 sors
713 2336 944 2401 dederit,
998 2337 1298 2392 emendare
1329 2339 1654 2408 satagimus,
1685 2355 1755 2396 nc

155 2427 295 2496 apud
337 2429 565 2482 sobrios
596 2436 651 2481 et
679 2430 1042 2499 grammatico
1088 2430 1203 2484 sale
1236 2430 1487 2485 conditos
1517 2432 1756 2489 lectores

154 2519 366 2573 reritas
399 2527 682 2584 gestorum
719 2521 835 2589 ipsa
871 2521 1226 2592 corruptione
1262 2523 1507 2589 vilescat,
1541 2539 1603 2577 ac
1632 2524 1756 2595 plus

151 2610 305 2664 labor
341 2612 563 2680 piorum
611 2613 857 2666 omnium
911 2623 1074 2684 sputo
1124 2615 1399 2671 obnoxius
1448 2616 1753 2686 judicctur.

153 2702 247 2757 Est
282 2714 476 2757 autem
514 2714 569 2758 et
604 2706 710 2759 alia
745 2721 911 2760 causa
960 2707 1601 2776 hujusce-renovationis
1640 2725 1751 2764 non

155 2796 407 2860 minima,
441 2813 567 2865 qua:
597 2812 700 2852 nos
733 2807 842 2851 tam
870 2814 1141 2854 annosum
1178 2816 1242 2855 ac
1277 2802 1587 2868 neglectum
1614 2818 1756 2872 opus

152 2891 501 2944 οοιηιιιὶηπθ
560 2893 659 2961 (ita
710 2892 853 2960 cod.)
892 2894 1037 2963 cogit
1094 2894 1147 2946 in
1194 2894 1414 2959 melius,
1452 2896 1582 2962 quia
1637 2898 1757 2951 sine

153 2984 313 3039 titulo
336 2987 591 3041 auctoris
621 2986 1017 3055 amphibolium
1046 2999 1129 3042 est
1156 2989 1336 3042 thema
1368 2990 1755 3060 subsequentis

155 3078 365 3145 operis,
397 3088 457 3131 et
508 3078 629 3132 ideo
653 3080 956 3133 verendum
988 3096 1056 3134 ne
1089 3080 1233 3135 inter
1272 3083 1581 3151 apocrypha
1626 3082 1751 3151 jure

159 3180 481 3223 cenSeatnr.
514 3170 672 3236 Quod
705 3171 875 3241 igitur
902 3175 968 3225 ad
993 3173 1238 3239 publicas
1264 3189 1425 3229 aures
1454 3176 1525 3229 ob
1556 3176 1751 3229 Inulto-

159 3276 275 3314 rum
306 3261 742 3316 ardilicatiouem
797 3264 1077 3332 proficisci
1126 3273 1369 3333 oportet,
1405 3280 1635 3319 necesse
1670 3274 1756 3319 est

160 3363 216 3405 ut
263 3358 650 3423 grammatica:
696 3356 998 3427 diligentia:
1032 3357 1219 3411 cribro
1274 3357 1344 3412 ab
1394 3358 1543 3412 omni
1606 3359 1756 3428 prius

159 3448 424 3501 vitiarum
482 3450 613 3501 lolio
666 3458 954 3520 purgetur.
1004 3448 1149 3503 Dixit
1198 3466 1437 3520 namque
1488 3450 1754 3517 Isidorus,

163 3544 366 3595 abrade
404 3545 631 3595 titulum
669 3555 725 3596 ut
758 3553 907 3596 muta
944 3544 1015 3598 sit
1052 3544 1269 3613 pagina.
1313 3542 1453 3613 Ergo
1485 3561 1554 3599 ne
1591 3555 1758 3601 tanta:

159 3637 452 3689 calumnia:
506 3651 642 3690 ansa
684 3646 931 3691 nostram
980 3638 1305 3706 parvitatem
1352 3636 1540 3707 aliquo
1594 3639 1757 3694 modo

162 3730 437 3785 iunodare
496 3731 770 3792 rideatur,
826 3729 1062 3785 sanandi
1102 3744 1165 3783 ac
1223 3731 1532 3785 medicandi
1574 3734 1755 3802 operis

160 3824 483 3894 prodeudus
513 3832 598 3877 est
654 3823 920 3886 medicus,
954 3831 1013 3875 ut
1048 3838 1172 3877 eum
1231 3825 1456 3892 probata
1519 3840 1755 3895 persona

159 3917 419 3969 omnibus
448 3918 503 3969 in
537 3917 794 3969 notitiam
829 3916 1064 3979 venerit,
1099 3916 1220 3985 ejus
1250 3917 1540 3987 opuscula,
1574 3917 1757 3972 divina

159 4010 392 4062 veri'ate
429 4007 693 4070 subnixa,
723 4023 887 4062 nemo
920 4007 1158 4061 fidelium
1189 4008 1430 4063 refutare
1472 4009 1755 4078 permitta-

157 4113 268 4163 tur,
307 4102 409 4156 Sed
459 4102 643 4170 potius
676 4112 865 4155 contra
913 4117 1105 4155 omnes
1134 4103 1363 4157 :enmlos
1396 4103 1593 4156 divina-
1631 4119 1757 4171 pro-

158 4196 422 4249 tertionis
488 4194 573 4248 vis
621 4194 759 4246 bene
812 4192 1101 4248 defensare
1183 4195 1594 4263 comprobctur.
1659 4194 1756 4249 Est

160 4305 359 4356 nempe
421 4286 805 4341 Theudoricus
862 4288 952 4341 ille
1020 4287 1326 4341 monachus
1378 4302 1442 4342 ac
1495 4287 1756 4343 sacerdos

158 4382 536 4455 gnrgrinus,
593 4392 761 4451 atque
824 4382 1031 4435 diutius
1085 4382 1355 4436 viscerum
1417 4382 1755 4437 cruciatibus

1859 1882 2003 1921 nem.
2056 1868 2371 1938 Compinxit
2445 1879 2708 1940 praztcrea
2772 1873 3089 1942 passionem
3158 1873 3443 1928 beatorum

1858 1973 2161 2032 martyrum
2201 1964 2444 2017 Antbimi
2479 1965 2878 2036 sociorumque
2930 1969 3050 2037 ejus
3107 1967 3445 2025 hexametris

1857 2055 2210 2108 intersertam
2271 2055 2579 2113 versiculis.
2619 2058 2939 2113 Memoriam
2982 2078 3206 2131 quoque
3237 2078 3447 2132 nuper-

1855 2147 1997 2203 rime
2034 2148 2463 2221 haudquaquam
2500 2150 2945 2221 vilipendendam
2984 2152 3176 2216 edidit,
3207 2156 3447 2225 qualiter

1856 2252 2023 2313 caput
2059 2242 2323 2298 eximium
2354 2246 2610 2315 martyris
2643 2243 2889 2300 Damianl
2934 2243 3201 2302 Romanis
3230 2246 3446 2303 illatum

1855 2346 1942 2391 est
1973 2337 2229 2407 septulis.
2270 2336 2366 2393 llis
2401 2336 2714 2392 addendum
2749 2353 2858 2393 non
2910 2338 3249 2409 superﬂuum
3294 2339 3447 2395 vide-

1857 2437 1967 2492 tur,
2003 2428 2150 2499 quod
2181 2437 2235 2484 et
2275 2430 2561 2485 rusticano
2597 2446 2853 2488 sermone
2884 2434 3304 2490 translationem
3353 2449 3450 2503 pa-

1858 2521 2047 2577 tefecit
2114 2530 2439 2578 sanctorum
2498 2522 2706 2579 Christi
2759 2526 3091 2583 athletarum
3146 2527 3445 2595 Basilidis,

1860 2612 2141 2684 Tripodis,
2170 2624 2223 2669 et
2252 2614 2535 2685 Magdalis.
2570 2615 2681 2687 Ego
2705 2633 2924 2688 quoque
2964 2618 3095 2686 Leo,
3129 2636 3447 2694 quanquam

1858 2708 2044 2759 minus
2096 2706 2352 2771 idoneus,
2385 2722 2625 2774 superna
2674 2719 2851 2762 tamen
2894 2712 3108 2767 favente
3156 2714 3450 2769 clementia

1860 2800 2149 2870 presbyter
2202 2808 2259 2854 et
2314 2800 2617 2860 sacerdos.
2679 2814 3045 2861 memoratum
3115 2807 3447 2862 monachum

1859 2895 2001 2963 coepi
2048 2910 2145 2962 pro
2199 2892 2422 2948 Christo
2479 2909 2667 2950 amare
2698 2897 3006 2963 ardentius,
3058 2914 3166 2954 non
3217 2902 3286 2957 ob
3341 2902 3449 2958 hoc

1860 2997 2071 3040 tantum
2099 2987 2244 3056 quod
2280 2987 2569 3042 videbatur
2595 2989 2824 3055 sciolus,
2854 2990 3103 3059 quinimo
3125 2992 3253 3063 quia
3288 2995 3449 3050 testi-

1861 3079 2107 3131 monium
2166 3079 2358 3132 habuit
2410 3080 2611 3133 bonum
2659 3079 2727 3133 ab
2776 3082 3052 3143 omnibus.
3093 3085 3238 3152 quod
3301 3096 3450 3140 esset

1864 3172 2029 3240 hujus
2080 3171 2266 3225 smcnli
2318 3172 2601 3233 inimicus.
2644 3182 2699 3227 et
2734 3174 2975 3229 mundus
3029 3175 3105 3229 illi
3137 3186 3286 3231 esset
3315 3192 3447 3233 cru-

1858 3267 2073 3324 cilixus.
2128 3263 2263 3318 Nam
2313 3264 2436 3334 ejus
2482 3266 2787 3320 infirmitati
2824 3268 3047 3323 assidue
3096 3286 3447 3341 compassus.

1862 3359 2101 3428 hospitio
2151 3358 2306 3411 illiilli
2346 3358 2526 3426 recepi
2579 3359 2825 3411 omnium
2860 3369 3177 3413 nostrorum
3212 3363 3447 3428 primus,

1859 3453 2089 3522 ejusque
2132 3466 2217 3504 me
2252 3450 2521 3505 interesse
2544 3450 3018 3520 disputationibus
3060 3455 3282 3521 gavisus
3321 3470 3446 3509 sum

1859 3544 2070 3599 sedulo.
2096 3543 2345 3610 Cumque
2391 3543 2465 3595 illi
2500 3552 2847 3610 compertum
2885 3543 3045 3605 foret,
3078 3546 3225 3613 quod
3264 3562 3446 3602 essent

1858 3637 2022 3692 etiam
2058 3636 2415 3705 quotidianus
2454 3636 2596 3689 beati
2642 3636 3065 3706 triumphatoris
3097 3638 3302 3693 Christi
3338 3638 3447 3693 Re-

1859 3732 2020 3797 spicii
2059 3731 2364 3793 Iitularius,
2397 3730 2627 3798 ejusque
2678 3731 2912 3784 servitur
2952 3731 3284 3797 indefessus,
3327 3748 3445 3789 ce:-

1859 3824 1939 3891 pit
1971 3836 1998 3873 a
2032 3837 2119 3875 me
2156 3820 2466 3888 disquirere
2501 3828 2815 3873 utrumnam
2869 3823 3067 3876 beatus
3099 3833 3306 3892 martyr
3333 3841 3449 3879 sum

1861 3915 2138 3985 passionis
2171 3922 2318 3969 esset
2357 3914 2654 3982 insignitus
2688 3915 3100 3971 memorialibus
3149 3916 3291 3989 [cod.
3332 3937 3441 3973 me-

1860 4006 2195 4077 morilibus],
2253 4023 2320 4059 au
2388 4006 2696 4061 fzrculentia
2755 4009 2968 4062 ruitura
3029 4024 3138 4077 pra:
3191 4013 3445 4067 manibus

1862 4099 2050 4152 mundi
2108 4098 2359 4157 historia,
2395 4098 2620 4151 omnino
2656 4097 3095 4169 chronographis
3144 4100 3449 4157 deficienti-

1864 4189 1987 4251 bus,
2043 4198 2274 4242 careret.
2328 4189 2461 4241 Cum
2517 4188 2735 4242 beatum
2792 4188 2996 4244 Christi
3062 4192 3445 4261 pugillatorem

1863 4282 2115 4353 proprios
2177 4281 2566 4351 responderem
2628 4282 2827 4336 habere
2869 4283 3097 4343 titulos;
3134 4285 3331 4347 Velim,
3371 4299 3447 4340 a't

1866 4378 1978 4441 ille,
2006 4378 2211 4441 videre,
2248 4378 2374 4446 styli
2410 4376 2680 4446 probandi
2739 4379 2932 4445 grat’a.
2977 4377 3233 4442 Quicum
3278 4381 3446 4432 citius

158 4475 453 4527 t‘Otlrt‘CUIS
489 4474 581 4539 qui
617 4484 742 4527 ante
772 4474 951 4527 varios
989 4470 1129 4542 [cod.
1171 4470 1350 4541 raros]
1380 4488 1554 4525 annos
1586 4476 1751 4525 vitam
1783 4496 1825 4554 ο
1867 4471 2054 4538 prima:
2083 4470 2307 4539 pagellm
2346 4484 2569 4538 campos
2602 4476 2969 4539 percurreret.
3028 4469 3301 4528 Habemus
3351 4489 3449 4526 na-

158 4567 481 4636 enmpOSttit
505 4566 647 4619 beati
684 4565 901 4619 Martini
932 4565 1036 4617 PP.
1068 4566 1390 4633 jucundius.
1456 4580 1669 4619 necnon
1701 4575 1755 4618 et

158 4662 262 4711 alia
291 4659 569 4727 opuscula
614 4659 667 4710 in
702 4659 801 4711 hac
825 4658 958 4711 urbe
991 4655 1236 4712 Romana
1272 4662 1483 4728 positus
1512 4659 1757 4713 conscri-

159 4756 266 4821 psit
296 4752 665 4820 diligentius;
704 4753 795 4820 qui
844 4768 968 4806 cum
1017 4750 1248 4805 fratrum
1304 4760 1497 4821 rogatu
1547 4752 1753 4820 aliquid

158 4844 394 4914 dignum
436 4844 1364 4912 scriptitasset'eommendandum,
1423 4844 1568 4897 haud
1629 4846 1752 4897 fuco

159 4938 348 5006 aliquo
381 4951 518 4989 usus
553 4936 794 4999 dicendi,
828 4951 928 4991 nec
961 4936 1179 5005 phalera
1212 4938 1581 5005 pretiosorum
1622 4955 1745 4991 ver-

158 5028 383 5089 borum,
453 5025 549 5080 sed
604 5026 912 5079 humillimo
960 5027 1293 5081 narrationis
1328 5042 1553 5097 genere,
1599 5027 1745 5097 quod

156 5115 338 5172 δι’διςὶ
364 5118 699 5171 ταπείνωσιν
728 5131 949 5184 vocant,
994 5119 1065 5173 ob
1110 5134 1404 5173 commune
1436 5120 1746 5173 auditorum

157 5221 326 5281 atque
362 5212 631 5264 lectorum
659 5211 1009 5265 commodum
1045 5212 1280 5266 subulco
1311 5222 1639 5281 prosecutus
1670 5220 1753 5264 est

158 5306 327 5373 style.
375 5304 617 5372 Scripsit
662 5319 904 5373 quoque,
959 5314 1017 5357 ut
1058 5305 1359 5359 multorum
1423 5303 1621 5358 fatetur
1657 5319 1752 5355 au-

159 5398 419 5458 ctoritas,
469 5396 941 5465 elegantissimum
988 5404 1042 5451 et
1092 5398 1240 5449 omni
1286 5398 1638 5451 veneratione
1666 5396 1752 5449 di-

240 5580 321 5649 (l)
380 5578 537 5631 Enim
596 5578 741 5648 apud
792 5580 1077 5649 sequiores
1140 5580 1442 5651 praesertim
1502 5588 1757 5651 auctores

166 5652 451 5719 zignilicat
482 5665 629 5711 sane,
680 5654 931 5721 proferto,
971 5650 1169 5723 utique.
1224 5651 1368 5719 Quin
1421 5651 1557 5707 adeo
1610 5650 1751 5720 apud

1864 4573 2029 4624 ctam,
2057 4563 2255 4631 inquit,
2284 4562 2657 4624 occasionem,
2694 4579 2799 4630 qua
2837 4563 2903 4617 de
2938 4575 3140 4631 agresti
3173 4575 3337 4633 atque
3368 4567 3451 4618 iu-

1866 4662 2019 4711 suiso
2055 4657 2335 4725 pulmento
2384 4657 2464 4708 fas
2512 4659 2669 4709 nobis
2704 4657 2771 4710 sit
2809 4657 3107 4710 laceratum
3160 4667 3340 4711 Iacere
3372 4660 3451 4710 ci-

1865 4752 2013 4804 bum.
2060 4750 2191 4803 l\'am
2252 4750 2633 4803 amarissimas
2692 4748 3050 4817 projiciamus
3103 4750 3447 4821 colocynthi-

1866 4840 1987 4905 das,
2045 4853 2099 4894 et
2157 4839 2443 4893 mellilluas
2481 4856 2579 4911 pro
2612 4841 2721 4895 illis
2760 4842 3070 4895 inseramus
3106 4841 3331 4908 herbas,
3388 4853 3450 4897 ut

1866 4934 2011 4987 sicut
2044 4933 2244 4987 indocti
2280 4933 2580 5002 scriptores
2612 4933 2677 4986 de
2722 4933 2864 4987 bono
2913 4932 3159 4988 fecerunt
3216 4937 3445 5006 malum,

1855 5029 1936 5081 sic
1970 5036 2024 5081 et
2060 5042 2160 5081 uos
2206 5027 2274 5081 de
2311 5027 2453 5079 malo
2492 5026 2729 5079 nitamur
2770 5026 2949 5080 facere
2990 5027 3443 5110 bonumhipsius

1856 5121 1975 5174 fulti
2012 5122 2305 5184 levamiuc,
2342 5124 2459 5174 s?ne
2492 5136 2600 5189 quo
2630 5120 2763 5173 nihil
2799 5136 3096 5188 possumus
3129 5119 3331 5175 facere.

2110 5210 2344 5279 Explicit
2372 5212 2641 5280 prologus,
2672 5215 2855 5278 incipit
2885 5215 3085 5281 passio.

1934 5304 2088 5375 Smpc
2111 5306 2293 5359 divina
2322 5306 2607 5360 consuevit
2637 5306 2927 5361 clementia
2958 5307 3008 5360 in
3036 5316 3222 5361 tenera
3265 5307 3443 5361 adhuc

1864 5411 2137 5466 parvaque
2168 5404 2348 5461 a'tatc,
2376 5408 2474 5449 etc.

1872 5579 2078 5635 Julium
2107 5580 2383 5641 Valerium
2414 5585 2641 5654 primam
2672 5598 2888 5653 quoque
2927 5583 3107 5640 sedem
3138 5582 3191 5637 in
3218 5579 3443 5650 periodo

1862 5661 2113 5721 occupat.
