4196 6430
2100 395 2243 454 LEO
2277 390 2711 455 PRESBYTER

822 549 2479 571 “‘W“

2397 548 3895 562 —9W———m
3909 550 4054 569 ὀς-χ

2108 730 2725 822 MONITUM.

1880 928 2016 990 (Mn,
2040 926 2293 990 Spicilege
2318 928 2457 977 Rom.
2492 930 2611 975 tom.
2637 924 2693 982 ν,
2716 938 2769 986 p.
2797 923 2926 985 155.)

888 1240 1086 1295 Leonis
1117 1233 1333 1299 clerici,
1367 1234 1544 1303 patria
1579 1230 1838 1295 Romani,
1872 1231 2145 1302 dignitate
2180 1232 2510 1304 presbyteri,
2546 1232 2835 1301 prologum
2865 1232 3142 1287 eruditum
3182 1234 3233 1286 in
3285 1232 3389 1288 hoc
3423 1231 3714 1305 Spicilrgio
3740 1235 3850 1304 jam
3881 1236 4061 1291 edidi-

813 1346 935 1385 mus
966 1338 1008 1384 t.
1034 1328 1124 1391 IV,
1153 1327 1247 1381 ubi
1285 1327 1426 1393 ipse,
1462 1340 1584 1393 pag.
1612 1324 1716 1378 992
1776 1325 2081 1379 titularium
2130 1341 2188 1378 se
2236 1326 2473 1394 appellat
2496 1324 2554 1378 S.
2594 1324 2828 1392 ltespicii
2868 1325 3146 1395 martyris.
3178 1325 3245 1379 de
3289 1325 3447 1388 cujus
3476 1325 3704 1395 antiqua
3735 1327 3971 1382 ecclesia
4002 1335 4060 1381 et

812 1438 968 1477 sacra
995 1422 1233 1477 statione
1266 1420 1508 1489 loquitur
1533 1417 1769 1472 Carolus
1798 1416 1985 1471 Barth.
2016 1417 2201 1471 Platea
2236 1419 2288 1470 in
2329 1416 2713 1486 llemerologio
2752 1415 3028 1482 Rontano,
3070 1434 3122 1485 p.
3157 1418 3281 1471 672.
3303 1418 3447 1472 Nihil
3474 1427 3654 1473 tamen
3688 1434 3789 1472 nos
3815 1419 4063 1472 diximus

812 1517 866 1569 in
902 1514 1160 1587 prmdicto
1192 1522 1341 1565 torno
1368 1512 1435 1565 de.
1475 1511 1584 1564 Leo
1643 1525 1701 1564 se
1742 1508 2146 1563 TheOdOricum
2199 1511 2532 1565 monachum
2569 1511 2919 1579 peregrinum
2947 1521 2999 1564 et
3028 1512 3306 1563 inﬁrmum
3346 1511 3590 1579 hespitio
3626 1511 3924 1580 recepisse,
3960 1510 4063 1561 ha-

810 1609 1136 1676 bemusjam
1168 1606 1511 1675 exploratum
1545 1601 1743 1656 Leonis
1770 1618 1943 1656 arvum
1980 1618 1994 1655 :
2036 1603 2237 1657 etenizu
2276 1601 2659 1656 Theudoricus
2692 1604 2807 1672 (qui
2845 1604 2946 1657 fuit
2986 1606 3160 1673 patria
3194 1604 3544 1660 Trevirensis
3577 1616 3631 1659 et
3667 1607 3857 1659 morbo
3888 1610 4067 1674 poda-

811 1700 1020 1770 gricus)
1062 1698 1409 1752 monachatui
1458 1712 1517 1751 se
1587 1712 1788 1750 nomen
1818 1696 2038 1751 dedisse
2086 1712 2231 1751 anno
2265 1698 2470 1752 Christi
2508 1699 2665 1762 1006,
2721 1711 2909 1751 narrat
2968 1716 3063 1753 ore
3113 1702 3337 1769 proprio
3385 1702 3529 1769 apud
3571 1700 3953 1754 Maliilloniuut
4002 1701 4063 1752 itt

811 1792 1106 1848 Annalibus
1158 1790 1353 1846 Bened.
1390 1798 1431 1843 t.
1483 1790 1573 1856 IV,
1606 1806 1659 1861 p.
1695 1792 1832 1858 tu;
1884 1806 1996 1860 quo
2052 1792 2172 1845 loco
2224 1793 2391 1845 miror
2474 1790 2785 1846 Mancinum
2836 1794 3220 1848 doctissimum
3269 1798 3357 1848 vix
3406 1810 3570 1847 unam
3618 1808 4066 1848 commemorare

810 1888 1143 1943 Theudorici
1177 1886 1707 1940 lucubratiunculam
1738 1886 1806 1940 de
1838 1887 1946 1939 vita
1975 1895 2028 1940 ct
2050 1886 2335 1941 m'rarulis
2364 1887 2424 1941 S.
2460 1886 2602 1942 Celsi
2627 1888 2871 1957 episcOpi
2900 1930 2913 1952 ,
2946 1905 3069 1943 cum
3098 1893 3237 1957 apud
3263 1904 3362 1943 nos
3398 1890 3518 1943 loco
3546 1890 3808 1959 pricdicto
3842 1899 3923 1942 tot
3947 1890 4062 1942 alia

810 1981 922 2035 Leo
954 1988 1243 2034 enunieret
1302 1977 1632 2033 Theoderici
1683 1980 1931 2047 scripta;
1983 1981 2188 2049 quibus
2241 1979 2380 2032 adde
2439 1982 2531 2033 ilia
2580 1996 2703 2050 quae
2755 1992 3005 2037 recenset
3041 1983 3405 2046 'frithemins,
3458 1982 3701 2050 itemque
3755 1980 4063 2033 Bollandus

811 2088 854 2133 t.
885 2076 977 2141 ιιι,
1016 2074 1200 2128 Martii
1238 2074 1325 2128 die;
1354 2072 1445 2134 2i,
1489 2090 1544 2144 p.
1581 2073 1681 2129 199
1710 2081 1765 2128 et
1790 2072 1917 2137 9.00,
1956 2091 2190 2143 quorum
2232 2074 2492 2129 nonnulla
2529 2077 2582 2129 itt
2619 2075 2895 2129 Vaticanis
2928 2092 3151 2146 quoque
3179 2076 3470 2131 codicibus
3496 2087 3923 2130 conservantur.

880 2170 1037 2224 Nunc
1074 2168 1141 2221 ad
1180 2166 1413 2221 Lmnem
1450 2175 1507 2219 tit
1552 2166 1793 2230 redeam,
1832 2182 2029 2220 novam
2066 2169 2187 2235 ejus
2225 2169 2412 2236 aspexi
2461 2168 2515 2221 in
2563 2169 2765 2238 reginae
2808 2168 2997 2223 Sveca:
3025 2169 3217 2223 codice
3250 2169 3719 2229 lucubratinnem,
3754 2170 3914 2219 \itam
3947 2169 4064 2221 sci-

811 2264 937 2317 licet
971 2260 1027 2314 S.
1069 2258 1299 2314 Joannis
1334 2256 1738 2327 Chrysostomi,
1797 2274 1961 2327 quam
1994 2273 2095 2327 ego
2140 2260 2395 2313 lectitatis
2430 2260 2613 2313 statim
2643 2260 2913 2328 comperi,
2948 2276 3067 2314 eam
3101 2260 3170 2316 de
3215 2259 3409 2315 Graeco
3469 2260 3839 2331 Illa-taphraste
3885 2266 4066 2331 potis-

808 2360 1010 2413 simum
1040 2370 1068 2408 a
1096 2352 1277 2409 Leane
1300 2353 1528 2422 ejusque
1554 2352 1806 2422 adjutore
1849 2353 2246 2423 Christophoro
2284 2352 2457 2408 fuisse
2497 2354 2801 2408 derivatam
2829 2372 2843 2421 ;
2872 2371 2993 2424 qua:
3023 2370 3147 2409 cum
3184 2357 3327 2424 apud
3360 2357 3580 2409 Suriuiu
3628 2365 3807 2411 exstet
3839 2353 4064 2419 Latine,

809 2454 906 2507 etsi
947 2449 1071 2504 aliis
1104 2448 1305 2511 verbis,
1343 2446 1480 2500 nihil
1511 2455 1629 2501 erat
1669 2462 1869 2511 causzc,
1922 2463 2021 2501 cur
2065 2448 2266 2502 Leonis
2312 2448 2755 2517 compilationem
2805 2449 2857 2501 in
2909 2449 3103 2519 vulgus
3138 2450 3469 2502 eiuitte:em.
3498 2446 3651 2501 liune
3689 2448 3825 2500 adeo
3858 2449 4063 2501 verbo-

810 2544 1008 2598 siorem
1045 2557 1264 2611 quoque
1298 2540 1444 2593 illam
1478 2540 1762 2608 multoque
1800 2539 2152 2608 prolixiorem
2189 2539 2570 2611 Chrysostomi
2627 2542 2941 2605 historiam,
3007 2556 3171 2613 quant
3220 2556 3249 2594 a
3300 2541 3701 2610 Clitistophoro
3753 2540 4066 2605 interprete

808 2639 910 2693 sibi
939 2638 1239 2691 exltibitaiu
1271 2635 1404 2690 dicit
1434 2633 1565 2697 Leo,
1604 2634 1658 2687 in
1684 2634 1794 2688 alio
1828 2633 2096 2689 Vaticano
2121 2635 2311 2690 codice
2341 2634 2566 2700 offendi,
2602 2652 2767 2707 quam
2808 2638 2936 2691 item
2974 2638 3231 2690 consulto
3268 2638 3614 2706 praetermisi.
3644 2635 3812 2703 Igitur
3838 2651 3900 2691 ex
3929 2638 4065 2687 uui-

810 2751 966 2791 versa
1018 2734 1218 2788 Leonis
1264 2733 1645 2786 lucubratione
1707 2732 1991 2801 prologum
2035 2732 2421 2785 tantummodo
2461 2732 2754 2795 inedituut,
2800 2750 2895 2788 seu
2920 2734 3101 2802 potius
3129 2734 3381 2801 pra-viam
3412 2733 3478 2786 ad
3516 2734 3801 2801 qiu-ntlam
3842 2729 4065 2798 Lupum

810 2830 1098 2900 epistolam
1142 2828 1368 2893 retinui,
1400 2828 1614 2896 adjecta
1640 2828 1805 2881 etiam
1834 2827 1985 2881 brevi
2025 2829 2211 2894 operis
2255 2828 2525 2881 clausula.
2579 2829 2723 2881 Sane
2762 2830 2890 2898 quia
2926 2829 3111 2883 Romae
3154 2844 3369 2893 versor,
3399 2838 3451 2881 et
3483 2830 3609 2897 quia
3645 2824 3879 2878 Romani
3917 2829 4060 2879 cieri

807 2922 1008 2977 studiis
1041 2920 1291 2989 apprime
1325 2919 1505 2983 faveo,
1540 2918 1685 2972 hanc
1723 2917 1957 2971 Romani
1989 2918 2204 2984 clerici,
2249 2918 2520 2973 hactenus
2560 2929 2617 2971 ut
2654 2930 2785 2988 puto
2812 2920 3101 2988 incogniti,
3136 2927 3190 2972 et
3232 2920 3427 2972 notitia
3475 2930 3525 2972 et
3562 2918 3871 2986 religiosam
3918 2920 4063 2969 scri-

809 3017 1148 3087 ptiunculam
1175 3013 1455 3067 celandam
1492 3026 1600 3065 non
1630 3011 1895 3079 iudicavi.

894 3213 991 3223 4“.-
1008 3210 3913 3225 .-ocnuao_-————_w“m~.ﬂ.—-——_——H——~—_—
3948 3214 3955 3219 .
3978 3213 4033 3222 --

1407 3374 2105 3533 LEONIS
2220 3376 3437 3531 PRESBYTER]

2226 3648 2634 3711 PROLOGUS

1230 3828 1355 3916 IN
1437 3823 1808 3917 VITAM
1956 3822 2049 3913 S.
2141 3819 2656 3913 JOANNIS
2766 3817 3654 3913 CHRYSOSTOMI.

882 4141 1063 4192 Sacrae
1108 4134 1389 4206 dignitatis
1436 4134 1635 4190 summi
1677 4133 2086 4206 presbyteratus
2134 4135 2377 4191 culmine
2406 4144 2451 4199 Α
2480 4139 2654 4193 tullim
2698 4140 3189 4210 interpretaretur;
3244 4150 3298 4195 et
3347 4156 3449 4211 ego
3482 4140 3553 4195 ob
3594 4156 3768 4195 meam
3820 4116 4055 4198 nimiam

808 4233 1108 4286 sublimato
1138 4230 1282 4292 viro,
1316 4228 1599 4298 quondam
1626 4226 1867 4293 Juliano,
1918 4242 2068 4282 nunc
2108 4227 2261 4299 Lupo
2289 4244 2378 4282 no-

810 4326 957 4379 mine
995 4338 1102 4376 non
1146 4322 1342 4389 iniquo
1371 4328 1522 4384 actu,
1553 4320 1665 4374 Leo
1714 4320 1809 4391 qui
1868 4331 1924 4375 et
1986 4318 2228 4374 Joannes
2278 4335 2376 4375 co-

810 4417 1064 4487 gnomine
1088 4414 1275 4468 infelix
1304 4413 1580 4468 exsistx-ns
1604 4413 1866 4478 clericus,
1894 4427 1924 4465 a
1947 4414 2121 4482 prima
2149 4412 2375 4467 infantia

810 4511 1000 4561 divino
1028 4506 1238 4575 judicio
1271 4506 1476 4558 lumine
1510 4504 1708 4559 visibili
1747 4519 1964 4568 carens,
2020 4520 2085 4558 ex
2136 4513 2251 4558 toto
2281 4518 2376 4573 pe-

812 4614 1039 4656 rennem
1067 4606 1220 4665 optat
1250 4596 1304 4649 in
1342 4596 1575 4650 Domino
1597 4597 1856 4651 salutem.

880 4693 1140 4745 Actiones
1195 4687 1595 4757 passionesque
1626 4687 1771 4741 beati
1801 4686 2179 4756 Chrysostomi
2211 4684 2377 4739 Joan-

811 4780 897 4835 nis
934 4780 1001 4832 ab
1024 4778 1251 4833 exordio
1303 4793 1475 4846 usque
1507 4777 1574 4832 ad
1608 4777 1901 4832 terminum
1936 4778 2060 4831 vitm
2093 4778 2235 4846 ejus,
2282 4776 2375 4831 sed

809 4881 864 4927 ct
912 4879 1034 4939 post
1077 4869 1285 4923 obitum
1325 4870 1499 4938 ipsius
1550 4869 1832 4937 aliquanta
1890 4869 1957 4922 de
1990 4884 2055 4922 eo
2094 4868 2260 4929 facta.
2312 4884 2378 4922 ex

812 4963 1004 5016 Gnaeo
1031 4961 1084 5013 in
1116 4959 1364 5013 Latinam
1396 4961 1639 5030 linguam
1668 4959 1983 5024 transferri,
2036 4963 2170 5013 satis
2217 4961 2377 5013 anxie

811 5051 1079 5120 quaesisti,
1115 5066 1237 5119 qua:
1271 5063 1322 5104 et
1354 5066 1455 5119 ego
1492 5065 1656 5106 nosse
1707 5066 1833 5104 cum
1876 5052 2179 5106 innumeris
2226 5052 2377 5106 sitie-

813 5149 957 5198 ham.
1018 5144 1121 5197 Sed
1188 5144 1440 5211 quamvis
1490 5146 1609 5198 haec
1666 5144 1810 5198 scire
1851 5144 2137 5199 vobiscum
2183 5144 2376 5198 avidus

811 5252 1012 5297 essent,
1051 5250 1113 5288 ea
1146 5247 1326 5289 tamen
1360 5234 1661 5290 transferre
1686 5243 1741 5292 te
1776 5239 1973 5291 crebro
2000 5252 2030 5289 a
2064 5253 2152 5291 me
2190 5247 2376 5307 postu-

813 5331 977 5390 lante,
1013 5335 1066 5381 ct
1096 5328 1351 5394 plurimis
1380 5328 1483 5381 hoc
1522 5328 1638 5381 fieri
1670 5343 1700 5381 a
1745 5345 1830 5383 me
1860 5331 2241 5399 poscentibus,
2280 5346 2379 5400 pro

814 5432 929 5471 mea
964 5419 1233 5488 imperitia
1260 5434 1607 5489 nequaquam
1635 5421 1964 5489 gaudebam.
1998 5423 2055 5476 Id
2102 5425 2246 5477 enim
2291 5438 2379 5476 me

813 5524 996 5576 agere,
1060 5511 1314 5564 idoneum
1364 5512 1589 5565 tuiniute
1636 5513 1753 5566 fore
1795 5529 2073 5567 noveram.
2142 5516 2377 5569 Veri-har

815 5616 1028 5681 quoque
1062 5616 1129 5655 ne
1166 5605 1302 5655 forte
1354 5606 1648 5673 interpres,
1704 5621 2018 5674 quanquam
2049 5607 2287 5660 disertus
2321 5618 2375 5662 ct

817 5694 1057 5761 prudens
1090 5709 1152 5745 ac
1189 5696 1385 5763 loquax
1417 5696 1577 5761 foret,
1614 5699 1849 5751 humana
1885 5712 2066 5751 tamen
2100 5701 2373 5753 oblivione

812 5785 1049 5845 quadam
1097 5788 1443 5854 praepeditus.
1513 5790 1625 5842 haec
1662 5789 1897 5843 obscure
1945 5790 2076 5843 mihi
2128 5794 2371 5860 aliquan-

2406 5480 2454 5539 B

2478 4242 2783 4285 exstantem
2836 4232 3189 4301 imperitiam,
3219 4232 3305 4287 his
3351 4234 3557 4287 eriduri
3611 4244 3667 4286 ut
3721 4248 4061 4305 congrueret

2479 4322 2880 4391 nequidquam.
2918 4322 3024 4376 Sed
3056 4325 3273 4378 tandem
3310 4326 3357 4377 vi
3401 4324 3584 4377 divina
3640 4328 4059 4395 quodammodo

2478 4421 2727 4481 cogente,
2784 4421 2837 4466 et
2876 4414 3177 4481 prepriam,
3225 4424 3283 4469 ut
3336 4415 3531 4469 beatus
3580 4418 3921 4486 Augu~tiuus
3954 4425 4059 4485 ait,

2477 4504 2770 4558 exliibcnte
2812 4506 3205 4573 dignationem,
3251 4522 3315 4559 ac
3365 4511 3638 4575 praebente
3697 4516 4053 4567 occasioni):

2477 4606 2685 4665 aptam,
2736 4600 3093 4665 precantibus
3161 4599 3313 4652 vobis
3371 4602 3573 4668 przebui
3638 4620 3923 4658 assensum
4000 4619 4059 4661 et

2479 4698 2639 4757 prout
2665 4690 2817 4757 quivi
2854 4689 3036 4745 verbis
3076 4694 3451 4760 interpretatis
3476 4711 3540 4748 ex
3581 4700 3759 4752 tribus
3804 4702 4055 4753 Volumi-

2478 4782 2642 4835 nibus
2674 4782 2846 4834 multo
2869 4794 3114 4851 tempore
3142 4796 3340 4851 capere
3377 4799 3439 4839 ea
3467 4787 3667 4855 quibus
3710 4789 3906 4843 instruxi
3964 4808 4059 4846 ar-

2480 4873 2675 4926 denter
2705 4868 3088 4943 cupiebamus,
3132 4876 3382 4930 libellum
3434 4894 3495 4932 ex
3531 4880 3610 4933 eis
3656 4886 3907 4950 quamvis
3944 4888 4057 4938 iiii-

2482 4967 2660 5031 perito
2698 4982 2951 5021 sermone
2987 4970 3263 5022 contexui.
3305 4969 3461 5035 Quod
3495 4987 3622 5023 vero
3661 4988 3726 5025 ne
3772 4978 4053 5030 act-ideret

2481 5059 2924 5123 formidaveram,
2954 5060 3156 5114 accidit
3190 5073 3243 5115 te
3278 5064 3609 5130 perlicieute.
3643 5064 3814 5129 Qnau
3842 5068 3911 5119 ob
3939 5086 4054 5121 tem

2482 5150 2691 5221 praefati
2729 5153 3048 5220 interpretis
3086 5152 3474 5222 Christophori
3512 5157 3721 5209 scilicet
3761 5163 4055 5215 reverenli

2481 5243 2792 5296 saeordotis
2824 5258 2921 5311 per
2952 5252 3126 5296 totum
3175 5247 3432 5298 volumen
3482 5264 3605 5301 cum
3645 5251 3772 5303 illuil
3805 5254 4053 5317 ederem,

2480 5333 2661 5386 addidi
2710 5348 2776 5385 ex
2834 5345 3015 5387 incute
3074 5346 3131 5389 et
3192 5339 3406 5392 ratione
3484 5344 3702 5410 propria
3760 5344 4055 5399 innumch

2481 5426 2644 5480 verba
2675 5442 2795 5493 qua:
2832 5442 3073 5497 congrua
3117 5429 3250 5481 mihi
3293 5430 3415 5483 visa
3459 5444 3587 5485 snnt
3640 5434 3705 5485 ad
3756 5451 4055 5491 ornamen-

2482 5526 2595 5570 tum
2630 5515 2833 5570 favoris
2868 5516 2958 5570 Dei
2991 5519 3281 5587 sanctique
3331 5519 3584 5587 Joaunis,
3641 5535 3695 5577 ct
3742 5527 3805 5578 ad
3839 5528 4055 5597 depre-

2481 5607 2713 5660 candum
2748 5611 3018 5673 eumdem,
3083 5626 3144 5663 ac
3195 5615 3606 5681 vituperandam
3646 5618 4051 5684 imp-ratricem

2483 5699 2641 5762 hujus
2688 5701 2989 5753 inimicam.
3026 5702 3266 5755 l’luritna
3296 5714 3475 5757 tamen
3503 5722 3625 5773 qua:
3652 5709 3717 5759 ab
3748 5712 4053 5777 interprete

2481 5793 2545 5843 a.l
2582 5793 2802 5858 plenum
2841 5804 2897 5847 ut
2932 5811 2989 5849 se
3026 5796 3229 5850 habz'ttt
3266 5799 3410 5851 dicta
3445 5807 3591 5863 sunt,
3632 5811 3852 5869 ptoptcr
3892 5803 4047 5855 fasti-
