4196 6430
149 401 242 465 tet
1543 395 2029 458 TESTIMONIA.
3330 392 3429 465 ιδ,

142 530 227 573 tus
258 518 358 575 sit.
396 516 558 574 Nunc
589 523 771 573 autem
808 531 931 571 cum
962 516 1126 572 alicui
1167 515 1526 571 nihilominus
1561 514 1784 570 utilitati
1817 515 1968 571 visus
2005 516 2075 570 sit
2104 529 2226 570 esse
2257 532 2417 586 posse
2449 557 2462 581 ,
2513 518 2558 572 si
2592 515 2876 586 cvulgetur
2905 559 2919 584 ,
2950 531 3076 572 eum
3113 515 3176 572 ad
3210 524 3263 572 te
3296 517 3427 571 mit-

142 617 254 662 tere
281 609 583 671 con5titui,
611 617 671 661 ut
694 616 808 661 tute
844 607 982 676 ipse,
1015 605 1176 674 cujus
1213 603 1433 674 plurimi
1468 602 1734 672 judicium
1767 604 1932 668 duco,
1967 603 2094 673 quid
2125 605 2398 674 agendum
2434 606 2527 670 sit,
2563 605 2774 660 videas.
2811 603 2964 659 Tuus
3002 619 3134 672 ergo
3171 607 3242 660 sit
3275 606 3428 659 arbi-

143 706 321 750 tratus
357 716 371 750 :
411 706 466 750 ut
499 697 675 760 illum,
719 702 879 764 prout
909 692 1148 753 libuerit,
1179 692 1262 746 vel
1289 693 1606 755 comburas,
1641 708 1766 747 cum
1793 693 2010 760 legeris,
2042 694 2125 748 vel
2154 695 2496 765 typographo
2523 695 2754 750 librario
2771 694 3154 749 excudendum
3198 693 3425 749 tradas:

143 786 270 837 mihi
319 800 453 837 vero
487 783 542 837 id
581 799 752 838 unum
779 783 932 837 cordi
963 798 1088 837 esse
1119 783 1298 845 noris,
1339 789 1397 835 ut
1430 782 1567 835 nihil
1601 797 1630 835 a
1663 797 1748 836 me
1777 783 1976 835 edatur
2003 821 2017 843 ,
2055 798 2166 852 quo
2198 783 2466 837 lectorum
2503 783 2554 836 in
2588 783 2878 838 Dominam
2926 791 3172 838 nostram
3207 784 3385 851 pietas
3412 807 3428 828 ο

145 886 230 926 aut
263 874 494 927 debitus
519 874 622 943 ipsi
655 873 833 926 honor
868 871 946 926 vel
986 873 1298 933 minimum,
1327 881 1378 924 te
1413 871 1635 938 quidem
1665 871 1872 941 judice,
1903 871 2157 927 imniinui
2189 885 2378 944 queat.

219 960 421 1014 Libelli
456 979 624 1031 porro
665 973 860 1016 auctor
895 961 996 1015 tibi
1031 961 1340 1014 incredibili
1381 959 1641 1013 memoria
1677 963 1906 1029 praedito
1937 963 2099 1033 plane
2137 965 2354 1032 ignotus
2383 979 2505 1020 esse
2551 980 2659 1019 non
2693 974 2872 1035 potest
2910 984 2922 1019 :
2967 979 3094 1019 nam
3141 963 3250 1019 Leo
3278 964 3426 1017 Alla-

143 1054 246 1104 tius
275 1063 329 1105 et
374 1051 678 1123 fragmenta
708 1068 772 1104 ex
813 1052 914 1104 hoc
949 1053 1068 1118 ipso
1104 1051 1245 1104 haud
1303 1051 1472 1104 semel
1511 1050 1736 1118 protulit
1773 1052 2080 1121 opusculo,
2131 1061 2185 1106 et
2235 1053 2382 1108 aliud
2432 1055 2708 1125 quoddam
2761 1055 3002 1124 ejusdem
3048 1054 3316 1124 scriptum
3377 1054 3428 1105 in

146 1141 472 1209 Symmictis
513 1141 837 1210 divuigavit,
869 1140 1186 1208 hujusmodi
1225 1141 1441 1192 titulum
1473 1141 1523 1192 in
1557 1138 1736 1193 fronte
1768 1141 1974 1196 habens
2013 1160 2025 1195 :
2068 1140 2357 1211 Epipltanii
2401 1145 2644 1200 monachi
2699 1145 3056 1213 Hagiopolita:
3117 1143 3280 1212 Syria
3308 1184 3322 1207 ,
3381 1154 3432 1197 et

144 1232 264 1280 urbs
296 1238 492 1282 sancta
521 1246 538 1289 ;
570 1245 666 1283 nec
695 1231 840 1282 enim
879 1230 1068 1282 dubito
1133 1229 1265 1297 quin
1315 1244 1460 1283 unus
1497 1227 1750 1297 idemque
1782 1229 2125 1300 Epiphanius
2162 1233 2454 1301 utriusque
2485 1234 2648 1287 libelli
2688 1243 2884 1286 auctor
2916 1236 2984 1286 sit
3011 1273 3024 1295 ,
3077 1247 3200 1287 cum
3232 1229 3428 1286 eodem

157 1318 314 1388 plane
350 1321 496 1389 style
532 1330 831 1388 utrumque
872 1319 1248 1387 conscriptqu
1286 1317 1521 1378 videant,
1555 1319 1705 1370 tenui
1740 1320 1977 1380 scilicet.
2017 1329 2181 1388 atque
2213 1319 2373 1384 adeo,
2411 1329 2470 1374 ut
2500 1323 2682 1375 verius
2720 1322 2936 1391 loquar,
2971 1320 3161 1373 humili
3194 1335 3257 1373 ac
3287 1332 3429 1390 pene.

146 1408 380 1473 ahjet-to.
409 1410 554 1474 Quin
608 1409 895 1462 liomiliam
937 1424 1158 1477 qucque
1193 1406 1483 1476 Epiphanii
1523 1405 1776 1460 monachi
1806 1405 1858 1458 in
1884 1417 2135 1463 sanctum
2189 1409 2464 1463 Andream
2508 1409 2811 1477 apostolum
2865 1419 3264 1460 commemorat
3315 1409 3433 1475 ipso

143 1497 382 1552 Allatius
419 1499 472 1550 in
507 1497 747 1552 Diatriba
793 1499 860 1552 de
892 1496 1230 1551 Simeonutn
1267 1498 1536 1564 scriptis:
1575 1495 1674 1550 sed
1722 1510 1784 1549 ea
1822 1503 2006 1548 utrum
2059 1494 2348 1566 Epiphanii
2379 1497 2552 1552 nostri
2585 1497 2652 1551 sit
2684 1537 2698 1560 ,
2742 1498 2864 1564 quis
2903 1505 3023 1567 tuto
3047 1538 3060 1561 ,
3119 1495 3226 1551 nisi
3281 1494 3430 1548 illam

147 1586 195 1638 vi
218 1588 366 1648 ierit,
399 1586 632 1640 delinire
659 1595 850 1653 queat,
889 1601 1013 1640 cum
1049 1585 1282 1639 Allatius
1320 1585 1456 1638 nihil
1490 1594 1690 1654 prteter
1719 1585 1940 1638 titulum
2004 1594 2169 1657 atque
2207 1587 2423 1641 initium
2479 1587 2722 1642 attulerit
2749 1587 2772 1640 ἲ
2797 1587 2850 1640 Si
2886 1587 3014 1656 quid
3047 1595 3226 1640 tamen
3258 1601 3286 1641 e
3319 1595 3428 1639 tam

158 1676 374 1743 exiguis
417 1673 901 1742 lndiciisjudicari
939 1683 1140 1743 potest.
1173 1673 1429 1742 equidem
1460 1688 1578 1727 eam
1616 1689 1839 1742 qquue
1873 1673 2162 1728 homiliam
2197 1675 2298 1745 ipsi
2337 1675 2685 1730 tribuendam
2725 1675 3070 1730 crediderim.
3123 1675 3196 1728 De
3259 1689 3428 1725 Illt‘m-

154 1764 360 1816 braneo
412 1775 595 1815 autem
637 1764 966 1830 exemplari,
1003 1779 1032 1816 e
1067 1779 1177 1832 quo
1213 1764 1458 1816 libellum
1486 1779 1588 1834 ego
1618 1767 1912 1832 exscripsi,
1953 1766 2090 1820 nihil
2129 1766 2313 1820 dicere
2349 1766 2544 1825 attinet
2580 1769 2632 1820 in
2668 1764 2921 1836 prtesenti
2952 1781 2964 1816 :
2999 1764 3135 1819 satis
3162 1762 3305 1817 enim
3338 1762 3433 1816 de~

150 1853 423 1920 scriptum
466 1852 567 1904 fuit
600 1852 669 1906 iis
705 1853 928 1912 litteris,
961 1868 1099 1920 quas
1129 1854 1201 1907 de
1225 1852 1468 1920 quodam
1501 1856 1676 1908 sancti
1713 1853 1962 1922 Gregorii
1998 1853 2391 1924 Thaumaturgi
2427 1868 2682 1909 sermone
2741 1854 2807 1907 ad
2871 1851 3149 1916 [Egidium
3201 1848 3427 1902 fralrem

148 1955 327 1992 meum
369 1939 634 1994 Bononia:
662 1939 783 1993 dedi
821 1958 833 1992 :
870 1957 1013 1996 unus
1047 1941 1217 2005 enim,
1246 1940 1506 2009 idemque
1535 1944 1704 1996 codex
1735 1951 1788 1996 et
1819 1959 1943 1996 eum
1984 1943 2232 2014 Gregorii
2269 1959 2603 2008 sermonem,
2655 1955 2706 1998 et
2733 1943 2878 1997 hunc
2948 1939 3239 2010 Epipitanii
3296 1935 3430 1990 mihi

151 2029 621 2083 subministravit.
669 2027 806 2082 Illud
846 2032 1033 2098 potius
1064 2033 1362 2099 Optandum
1395 2032 1504 2101 jam
1533 2040 1680 2086 esset
1710 2039 1769 2085 ut
1800 2047 1910 2100 quo
1937 2042 2184 2102 tempore
2207 2032 2550 2102 Epiphanius
2584 2041 2772 2087 noster
2799 2029 3102 2095 scripserit,
3137 2035 3416 2083 accol-ate.

151 2133 210 2172 ac
245 2117 461 2186 liquido
506 2119 722 2171 deliniri
759 2129 982 2188 posset;
1015 2137 1136 2173 nam
1169 2119 1408 2174 Joannes
1442 2121 1700 2175 Albertus
1735 2121 2045 2187 Fabricius,
2075 2123 2292 2177 int-erue
2323 2126 2497 2177 a-tatis
2525 2125 2849 2191 scriptorem
2898 2119 3057 2173 dixit.
3096 2120 3163 2172 At
3230 2117 3276 2170 si
3329 2115 3429 2168 ad-

151 2209 424 2262 amussim
465 2209 599 2261 illud
635 2210 1024 2273 determinare,
1057 2225 1118 2263 ac
1145 2210 1308 2264 veluti
1342 2226 1440 2264 acu
1480 2223 1702 2281 tangere
1735 2226 1841 2266 non
1882 2213 2029 2274 licet,
2067 2213 2228 2267 valde
2258 2222 2439 2266 tamen
2473 2213 2723 2280 angustis
2753 2210 2953 2263 liuihus
2993 2207 3227 2275 spatium
3268 2219 3432 2258 omne

153 2298 291 2350 intra
327 2300 478 2365 quod
509 2313 635 2352 eum
672 2301 964 2367 scripsisse
997 2314 1221 2354 necesse
1249 2300 1343 2364 sit,
1383 2299 1763 2354 circumscribi
1798 2317 1959 2370 posse
1980 2316 2126 2369 reor,
2167 2313 2330 2368 atque
2360 2301 2562 2355 includi
2597 2318 2608 2354 :
2638 2312 2694 2354 ut
2719 2314 2895 2368 neque
2932 2307 3055 2350 ante
3073 2295 3428 2349 undecimum

153 2386 353 2440 Christi
386 2389 683 2448 saeculum.
711 2403 812 2442 nec
847 2397 972 2458 post
998 2389 1220 2442 tertium
1250 2389 1524 2443 decimum
1577 2391 1780 2445 vixisse
1809 2394 1916 2446 dici
1991 2393 2208 2449 debeat.
2246 2393 2365 2446 Non
2412 2399 2537 2446 ante
2569 2391 2917 2446 undet-imum
2976 2387 3196 2456 quidem
3227 2404 3238 2440 :
3301 2385 3430 2454 quia

164 2474 522 2547 Hippolytum
558 2475 879 2532 Thebanum
913 2478 1069 2536 citat.
1103 2493 1264 2545 quem
1299 2477 1538 2543 decimo,
1579 2486 1674 2530 aut
1699 2491 1977 2531 summum
2016 2477 2314 2531 undecimo
2337 2475 2590 2530 ﬂoruisse
2614 2475 2968 2529 consentiunt
3019 2471 3239 2525 erttditi.
3303 2469 3432 2522 Pest

157 2565 664 2620 tertiumdecimum
701 2581 831 2620 vero
862 2567 1121 2620 smculum
1158 2566 1324 2620 scribi
1359 2580 1463 2620 non
1502 2567 1678 2636 potuit
1709 2566 2041 2634 Opusculutn
2075 2607 2089 2631 ,
2123 2581 2153 2620 e
2194 2581 2304 2634 quo
2358 2566 2725 2634 tragiuentum
2771 2561 3117 2631 Nicephorus
3167 2557 3429 2611 Callistus

167 2654 402 2723 protulit
437 2653 807 2725 Epiphanium
839 2657 1019 2725 ipsum
1059 2657 1376 2720 nominans,
1417 2663 1474 2710 ut
1515 2672 1636 2710 mox
1672 2653 1982 2709 videbimus
2017 2671 2028 2708 :
2061 2655 2363 2724 prtescrtim
2401 2669 2525 2707 cum
2559 2653 2676 2722 ipse
2729 2651 2924 2713 codex,
2976 2647 3120 2702 unde
3169 2645 3304 2699 illud
3336 2660 3432 2699 ex-

155 2743 381 2808 scripsi,
422 2753 517 2797 aut
549 2745 864 2799 duodecimi
906 2744 1091 2797 saeculi
1121 2745 1212 2810 sit,
1252 2754 1344 2798 aut
1372 2759 1480 2797 non
1520 2745 1694 2796 multo
1728 2758 1861 2798 sane
1896 2741 2191 2798 recentior.
2227 2742 2303 2797 Ex
2336 2745 2538 2813 quibus
2586 2741 2844 2796 omnihtts
2886 2739 3016 2792 illud
3048 2738 3267 2791 tandem
3296 2750 3429 2790 con-

77 2819 82 2822 ’
156 2831 355 2893 lititur,
391 2843 452 2884 ut
485 2834 692 2886 sincqu
729 2833 954 2886 circiter
987 2831 1319 2886 duodecimo
1352 2831 1718 2902 Epiphanium
1748 2840 2001 2885 nostrum
2035 2833 2242 2887 vixisse
2275 2833 2416 2887 haud
2483 2842 2693 2887 temere
2756 2828 2925 2884 statui
2984 2833 3170 2896 queat.
3217 2823 3272 2877 Si
3321 2838 3428 2889 qua

156 2920 317 2988 igitur
350 2922 652 2976 identidem
689 2933 989 2978 occurrent
1027 2922 1170 2976 inter
1212 2922 1524 2989 legendum,
1556 2936 1678 2990 quin
1711 2935 1902 2990 parum
1940 2921 2036 2973 tibi
2070 2920 2392 2984 arrideant,
2427 2921 2614 2973 mirari
2649 2935 2752 2972 non
2778 2917 3002 2972 debebis
3025 2955 3039 2977 ,
3079 2917 3161 2967 vir
3203 2911 3431 2982 ιιι-αντιπ-

163 3010 384 3064 tissime
419 3030 434 3065 :
471 3010 722 3064 Graecum
759 3011 902 3065 enim
929 3010 1049 3078 ejus
1080 3009 1257 3063 aetatis
1296 3011 1507 3070 vinum,
1537 3021 1593 3063 ut
1626 3011 1697 3063 ita
1727 3025 1851 3064 cum
1888 3009 2094 3063 Catone
2124 3011 2336 3080 loquar,
2366 3010 2511 3079 quod
2551 3024 2726 3077 neque
2761 3013 2937 3078 aceat,
2973 3018 3148 3071 neque
3176 3008 3415 3061 ntuceal.

165 3097 252 3149 vix
299 3099 474 3152 ullum
516 3109 620 3164 est,
661 3109 719 3152 ut
758 3101 926 3154 nosti.
959 3098 1172 3152 Mucida
1208 3112 1343 3152 sane
1381 3099 1521 3153 haud
1559 3114 1728 3168 pauca
1759 3100 1845 3154 hic
1871 3098 2134 3166 oiIeudes,
2175 3101 2342 3154 multa
2383 3101 2717 3168 ineleganter
2742 3097 2886 3150 dicta
2918 3135 2933 3157 ,
2995 3093 3225 3147 barbara
3261 3090 3425 3144 etiam
3485 3146 3490 3151 ,

157 3191 441 3251 nmmulla,
475 3201 641 3258 atque
673 3193 879 3246 soloeca
907 3210 918 3254 ;
977 3190 1134 3259 plura
1167 3189 1388 3244 demum
1434 3190 1666 3254 incerta,
1701 3191 1958 3260 nulloque
1992 3191 2172 3246 idonei
2209 3192 2519 3261 scriptoris,
2547 3189 2637 3258 qui
2661 3187 2881 3258 quidem
2917 3194 3117 3243 exstet,
3144 3193 3239 3234 aut
3267 3189 3430 3234 notus

159 3279 248 3336 sit.
285 3282 611 3333 testimonio
634 3279 982 3335 confirmata.
1030 3281 1284 3334 Attamen
1323 3279 1437 3333 haec
1471 3283 1586 3348 ipsa
1624 3287 1811 3348 utpote
1849 3281 2256 3348 quodammodo
2289 3295 2450 3345 nova,
2479 3281 2720 3348 aliquam
2754 3276 2988 3329 fortasse
3011 3270 3241 3326 aﬂ'erent
3271 3268 3428 3324 oble-

156 3369 480 3423 ctationem.
525 3368 675 3432 Vale,
703 3368 902 3439 praesul
939 3367 1280 3432 doctissime,
1315 3383 1376 3423 ac
1406 3378 1496 3422 tua
1525 3384 1611 3424 me
1641 3369 1880 3422 amicitia
1913 3385 2112 3425 ornare
2151 3386 2338 3442 perge.

229 3505 432 3561 Dabam
466 3508 652 3562 Romae
683 3510 736 3564 in
768 3509 982 3565 aedibus
1025 3510 1083 3563 S.
1119 3508 1262 3564 Petri
1292 3508 1361 3564 ad
1393 3509 1646 3572 Vincula,
1680 3508 1942 3564 Kalendis
1975 3507 2206 3573 Martiis,
2239 3522 2385 3562 anno
2422 3506 2580 3560 1⁷η.

184 3721 1271 3739 ut—mw—‘c
1283 3728 1862 3739 Ἣ
1885 3728 1941 3738 ...α
1959 3729 2045 3739 υ-.
2053 3728 2371 3738 ο--ο-ο-ν-ο--δοι-
2383 3728 2470 3737 ο*-
2481 3729 2503 3736 ο
2513 3725 3020 3736 ...α-..οι--ι--ρ-αα-η
3030 3725 3108 3734 -δ
3120 3717 3418 3737 *ει-..α

1233 3893 1743 3983 SELECTA
1829 3894 2365 4001 QUIEDAM

702 4095 798 4155 DE
854 4095 1274 4160 EPIPHANIO
1303 4099 1673 4162 MONACHO
1715 4102 1810 4162 ET
1851 4098 2348 4162 PRESBYTERO
2377 4095 2872 4157 TESTIMONIA.

166 4421 498 4496 .Vicepllorm
529 4423 784 4496 Callistus
820 4424 880 4496 in
908 4421 1052 4476 Hist.
1091 4424 1226 4478 εδει.
1255 4425 1348 4478 lib.
1387 4439 1426 4476 ll
1456 4466 1470 4489 ,
1511 4441 1631 4492 cap.
1663 4423 1735 4477 25

1844 4425 2139 4494 πρόσωπον
2189 4426 2251 4478 οὐ
2308 4425 2664 4496 στρογγύλον,
2725 4423 2841 4477 ἀλλ’
2890 4424 3091 4474 ὡσανεὶ
3149 4421 3423 4488 minque;

223 4510 288 4546 ea:
328 4493 617 4590 Εηὲριιαιιξὶ
649 4493 934 4590 Qpitsculo,
965 4501 1102 4564 quod
1139 4511 1277 4548 nunc
1304 4496 1530 4558 edimus,
1563 4498 1736 4548 locum

1845 4521 2160 4590 κεκτημένη
2201 4536 2214 4551 ⁸
2252 4493 2562 4589 μακρόχειρ
2595 4535 2654 4571 τε
2696 4516 2794 4569 καὶ
2830 4511 3278 4584 μακροδάκτυλος
3302 4507 3369 4582 ἦν
3406 4529 3418 4541 ο

576 4567 586 4576 ο
684 4566 693 4575 .
1848 4566 2160 4590 "mnum-..
2252 4566 2556 4589 Γμ-τνλντ
2607 4566 2650 4571 η
2949 4566 2959 4583 .
3259 4566 3275 4574 τ
3326 4566 3337 4582 .

220 4566 506 4634 ίίιίεηκίωη
541 4581 616 4617 ⁸³⁸
647 4575 797 4617 ma"
1845 4618 2052 4685 ἄτυφος
2079 4634 2137 4668 τε
2168 4616 2262 4668 καὶ
2291 4614 2704 4685 ἀσχημάτιστος
2749 4628 2764 4643 ·
2817 4611 2890 4681 μὴ
2928 4609 3189 4678 βλακείαν
3233 4608 3426 4660 ὲπισυ-

225 4696 334 4751 Ἦν
367 4700 426 4754 δὲ
457 4700 517 4752 τὸ
545 4696 675 4770 ἦθος
718 4701 813 4754 καὶ
857 4703 890 4771 ἡ
926 4702 1076 4763 Οέσις
1099 4702 1200 4772 τῆς
1235 4703 1452 4772 μορφῆς
1480 4703 1573 4756 καὶ
1633 4704 1737 4773 τῆς

159 4792 370 4856 ἡλικίας
397 4794 570 4864 αὐτῆς
602 4793 776 4856 οὕτως
801 4794 1013 4863 ἔχοντα,
1051 4795 1129 4858 ὣς
1173 4813 1340 4864 φησιν
1392 4797 1736 4864 Ἐπιφάνιος.

161 4884 355 4955 Σεμνὴ.
392 4887 578 4954 φησὶν,
625 4881 691 4957 ἦν
719 4887 858 4940 κατὰ
888 4889 1098 4940 πάνταο
1129 4887 1285 4955 ὀλίγα
1337 4905 1394 4940 τε
1441 4889 1533 4940 καὶ
1571 4888 1740 4956 ἀναγ..

160 4983 282 5032 xxi:
310 4979 551 5032 λαλοῦσα
585 4996 599 5010 ·
637 4983 833 5050 ταχεῖα
869 4981 1006 5050 πρὶς
1037 4980 1286 5050 ὑπακοὴν
1330 4985 1423 5034 καὶ
1464 4980 1739 5050 εὐπροσή-

161 5087 316 5139 γορος
348 5086 364 5099 ο
393 5073 611 5139 τιμῶσα
643 5071 857 5136 πάντας
896 5073 994 5125 καὶ
1032 5071 1436 5142 προσκυνοῦσα.
1481 5073 1636 5142 Μέση
1681 5072 1737 5125 δὲ

157 5162 246 5226 τὴν
294 5161 518 5231 ἠλικίαν
547 5157 634 5234 *ἦν
664 5182 673 5191 υ
707 5164 813 5214 εἰσὶ
852 5162 908 5214 δὲ
957 5162 1006 5214 οἳ
1043 5169 1138 5216 καὶ
1174 5165 1336 5215 πλέον
1367 5180 1419 5214 τι
1447 5163 1540 5216 τοῦ
1570 5165 1738 5234 μέσου

159 5255 298 5321 ἔχειν
346 5255 519 5323 αὐτὴν
586 5255 720 5321 φασί
752 5272 764 5283 °
818 5255 879 5307 τὸ
931 5256 1410 5327 εὐπαρῤησίαστον
1477 5257 1534 5310 δὲ
1602 5258 1736 5327 πρὸς

160 5350 336 5401 πάντα.
387 5347 679 5414 ἄνθρωπον
723 5345 838 5418 εἶχε
877 5364 890 5378 '
937 5347 1130 5419 πόρῤω
1184 5348 1424 5416 γέλωτος
1472 5365 1488 5380 ⁶
1541 5347 1644 5412 ἔξω
1678 5365 1738 5400 τε

165 5441 408 5510 ταραχῆς
441 5457 454 5468 ·
492 5442 588 5492 καὶ
623 5441 895 5510 ἀόργητος
930 5441 1168 5511 μάλιστα
1202 5456 1216 5469 ⁸
1253 5442 1530 5510 σιτὸχροος
1581 5441 1626 5494 δ’
1669 5437 1738 5511 ἦν

162 5537 248 5586 καὶ
281 5532 577 5603 ξανοόθριξ
623 5552 635 5564 ’
680 5534 1022 5602 εὐόφθαλμος
1067 5548 1080 5562 '
1125 5533 1590 5600 ὑποξανθιζοὺσας
1644 5537 1737 5587 καὶ

159 5632 313 5681 οἱονεὶ
345 5628 629 5690 ἐλαειέλόεις
660 5629 756 5690 τὰς
788 5628 955 5696 κόρας
986 5629 1096 5680 τῶν
1144 5627 1445 5696 ὀφθαλμῶν
1494 5627 1695 5697 ἔχουσα
1720 5644 1731 5656 ⁸

159 5721 538 5790 περιηγμένας
593 5722 686 5772 καὶ
733 5721 994 5789 μελαίνας
1048 5719 1496 5789 περιϐεϐλημένη
1566 5721 1736 5791 ὀφρῦς

161 5813 524 5884 ἀποχρώντως
552 5829 564 5843 ·
630 5814 848 5884 ὲπίρῤιν
877 5829 891 5843 ο
926 5814 1080 5884 χείλη
1114 5811 1451 5865 ἐπινοοῦντα
1510 5813 1730 5887 ἔχουσα,

168 5908 253 5959 καὶ
308 5907 408 5977 τῆς
479 5909 541 5959 ἐκ
618 5907 724 5962 τῶν
788 5907 961 5974 λόγων
1028 5905 1366 5976 γλυκύτητος
1448 5906 1724 5977 γέμοντα·

680 5534 1022 5602 εὐόφθαλμος
1067 5548 1080 5562 ⁹

1848 4711 2062 4782 ραμένη
2114 4710 2272 4764 τινά’
2309 4708 2646 4761 ταπείνωσιν
2687 4703 3134 4774 ὑπερϐάλλουσαν
3177 4700 3378 4769 ἔχουσα
3407 4716 3419 4727 ·

1848 4804 2041 4871 ἱμάτια
2095 4801 2370 4870 αὐτόχροα
2423 4798 2669 4869 φοροῦσα
2726 4797 2822 4850 καὶ
2876 4794 3158 4863 ἀγαπῶσα
3196 4808 3208 4822 ⁸
3241 4794 3424 4844 ὁποῖον

1845 4891 1940 4944 νῦν
1980 4893 2075 4944 καὶ
2103 4891 2165 4944 τὸ
2219 4891 2374 4958 ἆγιον
2424 4889 2597 4960 αὐτῆς
2650 4888 2920 4957 μαφὸριον
2964 4887 3266 4941 δείκνυται.
3315 4887 3424 4940 Καὶ

1847 4986 2081 5045 συνόλως
2115 4985 2309 5044 εἰπεῖν,
2348 4983 2434 5050 ἐφ’
2487 4982 2656 5035 ἅπασι
2692 4983 2806 5042 τοῖς
2845 4980 3042 5048 αὐτῆς.
3068 4979 3219 5041 θείας
3266 4981 3424 5049 χάρι-

1842 5095 1933 5142 τος
1965 5075 2390 5147 πεπληρωμένη.
2426 5076 2558 5140 ριιίε
2579 5075 2653 5129 sic
2676 5075 3050 5141 interpretatus
3077 5083 3158 5126 cst
3182 5072 3419 5126 Joannes

1841 5170 2094 5241 Longius.

1913 5264 2094 5318 Mores
2126 5272 2304 5315 autem
2336 5260 2713 5331 (sanctissima:
2773 5258 3057 5328 Deipam).
3101 5259 3420 5326 forumque.

1842 5365 1897 5408 et
1935 5365 2160 5408 statura:
2193 5353 2314 5422 ejus
2339 5353 2554 5414 modus,
2591 5351 2734 5413 talis,
2764 5361 2822 5404 ut
2850 5351 3028 5416 inquit
3054 5349 3415 5418 Epiphanius.

1843 5445 1967 5500 fuit.
2004 5447 2154 5507 Erat,
2201 5446 2397 5513 inquit,
2445 5443 2498 5496 iu
2553 5443 2718 5496 rebus
2760 5443 3019 5497 omnibus
3072 5442 3318 5505 honesta,
3365 5453 3421 5494 et

1843 5539 2046 5605 gravis.
2084 5551 2252 5604 pauca
2285 5535 2578 5587 admodum
2613 5549 2789 5601 eaque
2822 5521 3132 5585 necessaria
3166 5531 3418 5598 loquens,

1843 5630 1910 5683 ad
1941 5626 2272 5682 audiendum
2320 5627 2516 5687 facilis,
2549 5635 2600 5677 et
2639 5638 2906 5694 perquam
2942 5622 3202 5686 aﬁabilis,
3236 5623 3415 5677 hono'

1844 5737 1959 5776 rem
1994 5736 2177 5782 suum,
2223 5727 2278 5772 et
2329 5718 2741 5773 venerationem
2795 5715 3055 5770 omnibus
3094 5713 3366 5769 exhibens
3401 5729 3417 5770 :

1844 5824 2053 5869 statura
2089 5811 2377 5876 mediocri,
2410 5811 2664 5880 quamvis
2693 5808 2804 5863 sint
2828 5808 2920 5876 qui
2955 5822 3072 5860 eam
3107 5805 3392 5872 aliquanto

1842 5909 1955 5964 lum
2013 5907 2344 5965 mediocrem
2400 5903 2802 5976 longitudinem
2844 5901 3156 5960 excessisse
3207 5901 3422 5954 dicunt.
