4188 6436
749 368 854 436 183

1969 388 2091 447 ΕΡΙ
2108 389 2373 448 ΡΗᾹΝΙῙ
2418 393 2790 455 ΜΟΝΛΕΙΙῘ.

3915 411 3932 463 1
3950 411 4013 464 85

747 490 966 545 Decenti
1002 490 1215 546 chcnt-li
1252 494 1501 552 libertate
1536 498 1801 556 adversus
1832 503 2083 560 homines
2125 522 2319 563 omnes
2350 513 2393 562 Α
2424 518 2540 564 lout
2570 526 2669 565 son
2699 512 2977 568 cxtéricur
3002 514 3089 585 (ll.
3133 514 3356 587 l‘irgims
3384 519 3606 587 scilicet)
3638 521 3729 591 qui
3755 529 3839 576 est
3869 519 4016 577 belle

746 594 841 632 usa
870 591 975 642 est,
1015 583 1133 636 sine
1177 584 1316 650 risu,
1353 586 1474 641 sine
1504 590 1941 659 perturbatione,
1974 602 2027 649 ct
2055 595 2175 651 sine
2212 598 2319 651 ira-

742 672 941 726 cundia
974 675 1236 732 maxime.
1260 677 1459 732 Colore
1493 677 1599 735 fuit
1635 685 1880 737 triticum
1910 686 2202 754 referente,
2232 706 2316 744 ca-

742 763 874 831 pillo
912 763 1074 833 ﬂavo,
1111 769 1287 824 oculis
1327 771 1576 837 acribus,
1612 774 1907 842 subflavas,
1952 788 2008 833 et
2050 789 2313 851 tanquam

740 858 875 910 oleae
912 858 1100 913 colore
1140 861 1378 931 pupillas
1413 864 1469 919 in
1515 864 1596 920 eis
1632 866 1858 922 habens.
1905 869 2215 940 Supercilia
2264 873 2314 927 ei

737 956 896 1002 erant
940 949 1154 1014 inﬂexa,
1207 962 1260 1007 et
1308 953 1567 1012 decenter
1625 957 1815 1030 nigra;
1872 976 2040 1018 nasus
2077 963 2313 1035 longior,

744 1040 888 1095 labia
929 1041 1143 1110 ﬂorida,
1173 1054 1227 1099 et
1256 1048 1550 1103 verborum
1586 1052 1860 1108 suavitate
1908 1055 2065 1124 plena
2096 1073 2110 1121 ;
2143 1056 2312 1113 facies

740 1146 846 1186 non
885 1136 1140 1201 rotunda,
1170 1146 1223 1190 ct
1252 1146 1431 1202 acuta,
1468 1141 1563 1195 sed
1590 1143 1872 1213 aliquanto
1905 1146 2151 1215 longior;
2195 1163 2315 1201 ma-

740 1238 848 1279 nus
880 1226 1065 1290 simul,
1097 1236 1150 1281 ct
1181 1229 1336 1300 digiti
1375 1232 1675 1302 longiores.
1708 1234 1840 1289 Erat
1873 1237 2112 1309 denique
2141 1238 2316 1295 fastus

737 1317 919 1373 omnis
941 1325 1159 1390 expers,
1191 1323 1443 1394 simplex,
1472 1326 1810 1398 minimeque
1832 1334 2038 1385 Vultum
2066 1332 2312 1402 (ingens;

738 1408 874 1463 nihil
936 1413 1184 1468 mollitici
1238 1431 1424 1470 secum
1482 1420 1742 1485 trahens,
1805 1422 1898 1478 sed
1950 1424 2314 1482 humilitatem

736 1510 1143 1574 prwccllentctn
1175 1512 1366 1568 colens
1400 1531 1414 1580 ;
1446 1518 1813 1585 vestimentis,
1838 1536 1957 1590 qua:
1987 1521 2103 1592 ipsa
2131 1532 2316 1593 gesta-

735 1600 834 1662 vit,
859 1592 1059 1657 coloris
1085 1604 1253 1657 nativi
1280 1616 1541 1662 contenta
1566 1608 1670 1663 fuit
1703 1630 1715 1666 :
1754 1610 1807 1665 id
1836 1614 1983 1682 quod
2012 1592 2312 1672 etiamnum

734 1705 986 1747 sanctum
1025 1697 1223 1766 capitis
1259 1699 1383 1767 ejus
1414 1702 1663 1756 velamen
1690 1706 1959 1763 ostendit.
1993 1708 2074 1772 Et,
2108 1718 2160 1762 ut
2189 1725 2317 1779 pau-

733 1787 817 1842 cis
842 1789 1045 1855 dicam,
1096 1791 1152 1846 in
1191 1793 1353 1849 rebus
1389 1796 1508 1864 ejus
1552 1798 1810 1855 omnibus
1847 1801 2018 1855 multa
2050 1802 2313 1858 divinitus

733 1879 913 1934 inerat
940 1886 1137 1951 gratia.

730 1992 836 2048 Leo
866 1995 1098 2081 Allatius
1138 1999 1192 2051 in
1228 2000 1572 2081 Συμμίκτοις
1605 2004 1742 2081 libro
1784 2022 1822 2069 t,
1862 2023 1987 2081 pag.
2040 2009 2132 2076 48,
2163 2010 2309 2081 Opu-

973 2068 1178 2122 sculum
1210 2068 1398 2135 edidit,
1435 2075 1572 2142 quod
1601 2076 1677 2128 sic
1708 2068 2019 2131 inseribil‘ur
2051 2097 2069 2134 :

815 2159 1134 2229 Ἐπιφανίου
1156 2165 1391 2234 μοναχοῦ
1420 2166 1511 2219 τοῦ
1543 2168 1923 2235 Ἀγιοπολίτου
1946 2171 2039 2224 τοῦ
2064 2190 2308 2244 πνευμα-

729 2251 883 2305 τικοῦ
918 2253 1075 2323 ἡμῶν
1120 2256 1335 2325 Harpe;
1362 2259 1634 2329 διήγησις,
1685 2263 1765 2323 ei;
1814 2262 1983 2316 τύπον
2035 2283 2309 2337 περιηγη·

730 2344 847 2410 τοῦ,
884 2346 1137 2416 περὶτῆς
1167 2352 1393 2421 Συρίας,
1425 2355 1520 2408 καὶ
1561 2358 1659 2425 τῆς
1715 2357 1876 2425 ἁγίας
1925 2360 2153 2425 πόλεως,
2209 2363 2306 2416 καὶ

725 2435 836 2489 τῶν
866 2439 923 2487 ἐν
955 2440 1092 2509 αὐτῇ
1123 2442 1291 2508 ἁγίων
1322 2444 1504 2500 τόπων
1543 2464 1556 2499 :
1597 2447 1882 2517 Epiplmnii
1912 2454 2155 2506 monac/ii
2186 2459 2305 2510 Πα-

723 2524 1009 2590 giopolitte,
1035 2530 1331 2597 spiritualis
1367 2533 1545 2590 Patris
1566 2542 1754 2600 nostri,
1775 2539 1841 2590 ad
1865 2541 2077 2594 modum
2104 2544 2308 2601 descri-

722 2616 919 2681 ptionis
949 2621 1084 2673 situs
1119 2621 1296 2689 Orbis,
1331 2624 1625 2683 Enarratio
1660 2628 1850 2700 Syriw,
1890 2630 2045 2685 L'rbis
2081 2647 2298 2703 sanctae,

721 2716 772 2759 et
805 2724 1079 2764 sacrorum
1119 2715 1190 2767 ibi
1227 2717 1483 2771 luem-um.

721 2799 871 2856 Itlcm
900 2804 1154 2860 'Allatius
1204 2809 1255 2861 in
1314 2810 1672 2939 Diatribagotle
1723 2815 2033 2872 Simeonum
2081 2823 2295 2891 scriptis

1382 2897 1508 2939 part.
1624 2922 1637 2936 .

1382 2897 1508 2951 pag.
1550 2897 1637 2939 au.

794 2966 1086 3036 Epiphanii
1121 2974 1380 3028 monachi
1412 2984 1465 3028 et
1516 2978 1820 3048 presbyteri
1869 2980 2107 3051 (Sermo)
2160 2985 2296 3056 Περὶ

719 3062 815 3116 τοῦ
851 3064 966 3133 βίου
1009 3069 1102 3120 καὶ
1138 3070 1412 3138 πράξεων,
1442 3077 1535 3126 καὶ
1560 3075 1749 3138 τέλους
1806 3077 1901 3130 τοῦ
1946 3079 2101 3145 ἁγίου
2156 3082 2297 3135 ἀπο-

721 3156 910 3209 στόλου
965 3158 1236 3229 Ἀνδρέου.
1270 3162 1370 3227 (De
1398 3166 1507 3218 rita
1537 3176 1586 3219 ct
1623 3169 1803 3236 gestis,
1837 3180 1886 3223 ct
1931 3174 2074 3226 obitu
2120 3176 2297 3229 sancti

719 3250 953 3315 apostoli
981 3251 1249 3317 Andriam.)
1296 3256 1491 3325 Incipit
1528 3275 1542 3308 :
1590 3261 1921 3333 Ἐπειδήπερ
1959 3265 2143 3319 πολλοὶ
2175 3268 2297 3321 ἀνε-

718 3342 1003 3410 γρὰιᾷαντο
1035 3344 1184 3415 βίους
1227 3348 1517 3418 (Quoniam
1556 3353 1706 3405 multi
1748 3356 2070 3423 scripserunt
2112 3359 2293 3429 vitas.)

1314 3441 1380 3494 Et
1407 3460 1527 3513 pag,
1564 3444 1684 3500 106.

794 3526 1079 3596 Epiphanii
1135 3534 1389 3588 monachi
1434 3545 1486 3590 et
1529 3540 1835 3609 presbyteri
1873 3542 2115 3613 (Sermo)
2157 3546 2293 3615 Περὶ

711 3616 808 3669 tto-3
862 3617 980 3687 βίου
1014 3621 1113 3689 τῆς
1163 3623 1325 3691 ἁγίας,-
1377 3625 1665 3693 Eiarinon,
1697 3631 1790 3681 καὶ
1818 3632 1915 3701 τῆς
1943 3633 2091 3702 ζωῆς
2123 3634 2293 3704 αὐτῆς

714 3708 945 3777 χρόνων.
1001 3710 1195 3781 Incipit
1257 3730 1270 3766 :
1334 3716 1467 3786 Περὶ
1520 3718 1621 3787 τῆς
1666 3721 1868 3791 κυρίως
1923 3725 2016 3775 καὶ
2074 3725 2291 3794 ἀληθῶς

713 3799 978 3854 Θεοτὸκου
1008 3804 1101 3855 καὶ
1132 3805 1497 3876 ἀειπαροένου
1543 3812 1763 3881 Μαρίας
1798 3813 1983 3867 πολλοὶ
2008 3815 2290 3887 διεξῆλθον

712 3890 823 3943 τῶν
890 3893 1058 3949 πάλαι
1101 3895 1458 3955 διδασκάλων.
1503 3899 1655 3956 Unde
1695 3920 1793 3958 sua
1847 3907 2111 3974 hauserit,
2171 3911 2290 3980 ipse

714 3983 770 4036 in
817 3987 1082 4055 principio
1132 3989 1412 4047 Orationis
1453 3994 1533 4047 sic
1573 4005 1759 4050 narrat
1802 4014 1815 4049 :
1871 3999 2288 4075 Ἐγκωμιασταὶ

712 4074 769 4127 δὲ
795 4078 967 4148 αὐτῆς
1001 4080 1185 4135 πολλοὶ
1211 4086 1275 4136 ὲκ
1297 4085 1405 4138 τῶν
1440 4088 1609 4155 ἁγίων
1644 4094 1919 4165 πατέρων.
1964 4136 1977 4151 .
2020 4136 2035 4152 .
2083 4136 2097 4151 .
2141 4136 2157 4153 .

714 4171 1084 4248 Tillentontius
1122 4189 1248 4234 toni.
1288 4180 1316 4233 I
1357 4181 1817 4242 Monnmentorum
1865 4193 1933 4243 ad
1985 4190 2285 4248 Historiam

777 4246 1213 4328 ecclesiasticann
1240 4257 1610 4320 spectantium,
1656 4275 1780 4328 pag.
1820 4261 1908 4325 70,
1964 4264 2016 4317 in
2058 4263 2180 4317 Vita

781 4314 979 4371 Maria:
1013 4317 1263 4389 Virginis.

781 4402 1086 4479 Nicéphore
1118 4412 1220 4467 tirc
1246 4413 1374 4470 d'un
1408 4417 1688 4489 npiphane
1716 4439 1823 4479 une
1853 4424 2186 4498 description
2216 4428 2282 4484 de

2295 4146 2298 4155 ’
2388 4153 2504 4208 sive
2553 4152 2900 4208 llontiliw....

2421 611 2476 655 et
2507 614 2874 676 arantageusc
2908 609 2953 661 si
2987 609 3090 664 clle
3123 612 3289 665 estoit
3326 612 3505 667 tnicnx
3551 613 3862 669 autorisée.
3897 616 4013 669 Car

2423 695 2458 748 il
2489 712 2520 766 y
2546 712 2577 750 a
2604 697 2727 751 bien
2758 698 2825 752 de
2852 701 3193 770 l‘appareuce
3243 704 3407 775 qu’ou
3446 705 3515 759 l‘a
3566 705 3822 777 depeinte
3874 708 4009 762 telle

2421 790 2589 859 qn’on
2619 790 2798 861 ajugé
2821 792 3023 863 qu'elle
3055 795 3238 850 devoit
3264 806 3433 853 estre.
3470 798 3616 853 Pour
3654 813 3717 854 ce
3760 800 3887 870 qn‘il
3914 800 4000 854 dit

2421 880 2491 934 de
2525 896 2626 936 son
2659 883 2884 955 visage,
2938 884 2973 939 il
3006 886 3072 939 l‘a
3126 903 3199 957 pu
3254 889 3389 943 tirer
3427 890 3500 945 du
3550 893 3786 963 portrait
3835 894 4009 962 qu‘un

2424 974 2691 1030 historien‘
2727 977 2798 1031 du
2840 994 2890 1031 τι
2921 977 3088 1033 siccle
3126 981 3205 1034 dit
3237 998 3345 1052 que
3377 982 3437 1036 S.
3474 982 3587 1039 an
3617 1001 3683 1038 en
3714 986 3854 1041 avoit
3884 985 4011 1053 fait,

2420 1078 2473 1121 ct
2499 1069 2664 1139 qu'on
2688 1086 2898 1136 cnvoya
2928 1072 2996 1128 de
3028 1071 3339 1131 Jerusalem
3367 1076 3398 1131 ὸ
3426 1074 3748 1147 Pulquerie.

2419 1228 2655 1285 Joannes
2705 1231 2943 1287 Albertns
2996 1231 3282 1306 Fabricius
3324 1236 3380 1289 in
3412 1236 3741 1291 Bibliotheca
3788 1236 4004 1306 (ἲν-(ιτα,

2950 1305 3051 1361 vol.
3085 1305 3140 1372 6,
3169 1323 3293 1377 pag.
3338 1307 3463 1364 705.

2494 1462 2781 1534 Epiphanii
2822 1463 3074 1518 monachi
3132 1480 3197 1520 ac
3245 1465 3551 1538 presbyteri
3606 1468 4000 1539 llagiopolitce,

2419 1556 2535 1613 sive
2590 1555 3108 1629 liierosolymitani,
3155 1561 3377 1616 incertas
3437 1564 3653 1629 aetatis,
3703 1563 3893 1635 Syria,
3946 1573 3999 1619 et

2423 1651 2554 1705 Urbs
2618 1660 2828 1711 sancta.
2861 1652 3050 1707 Graece
3089 1667 3120 1708 e
3163 1654 3356 1710 codice
3398 1656 3683 1723 Vaticano,
3724 1676 3846 1715 cum
3895 1660 4000 1715 Fc-

2419 1742 2589 1798 derici
2624 1743 2835 1799 Morelli
2877 1747 3134 1802 versione
3174 1763 3273 1818 per
3320 1750 3580 1806 Allatium
3636 1754 3821 1807 IIIUiIiS
3862 1754 4002 1808 locis

2347 1858 2391 1912 Β
2420 1835 2766 1906 interpolata.
2796 1837 3052 1908 Ejusdem
3086 1841 3373 1911 scriptoris
3408 1841 3480 1896 De
3521 1842 3636 1898 Vita
3668 1842 3726 1901 S.
3758 1843 4001 1913 Deipara:

2418 1929 2606 1984 laudat
2643 1929 2879 1985 Allatius
2912 1930 2980 1986 de
3006 1930 3325 1986 Simeonum
3353 1934 3577 2005 scriptis
3612 1952 3665 2004 p.
3703 1936 3825 1999 iOG,
3852 1947 3899 1991 et
3928 1938 3997 1991 ad

2416 2018 2687 2075 Eustathii
2718 2020 3095 2077 Hexaemeron
3128 2039 3252 2094 pag.
3284 2024 3391 2079 283
3440 2042 3556 2095 seq.
3605 2025 3897 2082 Humiliam
3930 2030 3997 2084 de

2412 2112 2471 2169 S.
2504 2114 2718 2169 Andrea
2753 2114 3012 2184 apostolo,
3055 2115 3198 2171 idem
3232 2118 3299 2172 de
3338 2117 3715 2184 SimeOnibus,
3747 2137 3866 2191 pag.
3900 2122 3995 2176 90.

2412 2249 2685 2315 Codicem,
2716 2268 2818 2317 quo
2849 2268 2974 2306 usus
3010 2269 3150 2323 sunt.
3182 2254 3373 2322 quique
3404 2255 3500 2308 hoc
3536 2253 3828 2323 Epiphanii
3856 2275 3993 2321 opu.

2480 2323 2687 2397 s_culnnt_
2732 2324 2908 2397 [HIle
2932 2340 3052 2397 pag.
3104 2322 3232 2397 2337.
3267 2328 3345 2378 sic
3385 2322 3649 2392 descripsi
3678 2338 3877 2397 egomet
3932 2332 3991 2383 in

2480 2392 2723 2460 Epistula
2745 2394 2811 2445 ad
2836 2389 3113 2461 .Egjittiunt
3142 2395 3359 2463 fratrem
3383 2389 3575 2459 meum,
3598 2389 3849 2450 Bononitr
3882 2401 3990 2453 im-

2477 2481 2658 2531 pressa
2684 2480 2822 2538 anno
2850 2463 3006 2526 I770,
3031 2481 3147 2538 cum
3179 2467 3435 2538 ineditum
3462 2468 3520 2521 S.
3542 2467 3778 2538 Gregorii
3807 2467 3989 2523 Thau-

2480 2535 2715 2603 maturgi
2748 2532 3057 2589 Sermonem
3084 2536 3137 2588 in
3171 2535 3333 2590 lucem
3366 2532 3679 2608 proferrem.

2478 2671 2683 2727 liorum
2746 2686 2877 2743 ergo
2928 2670 3180 2726 codicum
3240 2672 3552 2741 (.‘l’anianm
3602 2676 3986 2748 Bibliol/tcca‘}

2406 2779 2598 2828 unum,
2640 2763 2731 2832 qui
2770 2779 2917 2817 nunc
2951 2763 3020 2817 22
3059 2774 3169 2828 est,
3200 2765 3329 2820 dum
3369 2769 3681 2824 evolverem
3709 2808 3726 2835 ,
3754 2771 3805 2824 in
3835 2772 3985 2825 illam

2403 2855 2568 2911 incidi
2603 2856 3080 2923 set-iptiuncnlam,
3118 2858 3184 2913 de
3214 2876 3320 2928 qua
3358 2865 3612 2931 superius
3647 2879 3988 2919 commemo-

2402 2948 2613 3001 rabam.
2652 2945 3033 3003 Membrancus
3068 2950 3111 3004 is
3143 2959 3248 3015 est,
3283 2968 3344 3006 ea
3379 2955 3823 3008 membranarum
3858 2973 3980 3010 ma-

2400 3041 2681 3112 gnitudine
2713 3048 2771 3093 ut
2802 3054 3140 3110 unaquaeque
3168 3058 3229 3097 ex
3267 3046 3518 3099 ducentis
3554 3048 3850 3118 nonaginta
3882 3051 3984 3103 tri-

2401 3133 2507 3188 bus
2537 3130 2766 3193 chartis,
2802 3130 3005 3198 quibus
3059 3133 3287 3185 omnino
3317 3146 3571 3201 constat,
3609 3154 3732 3190 cum
3780 3150 3977 3208 quarta

2322 3218 2367 3277 C
2402 3225 2700 3281 mediocris
2737 3223 2852 3279 folii
2899 3236 3055 3296 parte
3109 3228 3377 3282 nostratis
3420 3228 3625 3284 charta:
3672 3247 3738 3286 ex
3791 3233 3979 3298 lineis,

2399 3319 2709 3390 vilibusque
2742 3321 2945 3376 scrutis
2969 3318 3239 3376 confecta:
3261 3330 3599 3390 exaequetur.
3635 3323 3837 3380 llarum
3865 3328 3982 3395 plc~

2400 3428 2607 3483 neque,
2664 3417 2774 3469 imo
2818 3415 2991 3471 ferme
3048 3432 3311 3474 omnes...
3370 3420 3690 3489 quingentis
3752 3423 3979 3479 circiter

2399 3516 2524 3562 ante
2566 3509 2726 3563 annis
2766 3520 3005 3565 exarata:
3039 3519 3185 3575 sunt,
3223 3513 3318 3566 sed
3361 3514 3429 3567 ab
3460 3517 3800 3585 cxscriptore
3832 3516 3973 3571 adeo

2396 3600 2543 3665 rudi,
2580 3610 2635 3654 ut
2665 3602 2798 3655 nihil
2824 3602 3121 3657 admodum
3159 3606 3289 3674 quid
3319 3606 3581 3660 scriberet
3641 3607 3975 3664 intellexisse

2395 3691 2739 3746 videatur....
2769 3692 2940 3748 Toms
2968 3702 3149 3749 autem
3170 3696 3341 3751 codex
3375 3712 3403 3751 e
3440 3697 3615 3761 libris,
3642 3715 3780 3768 quos
3803 3700 3972 3755 ercis-

2393 3786 2639 3840 siasticos
2674 3800 2955 3852 vocamus,
2995 3804 3140 3843 unus
3170 3800 3255 3845 est
3281 3807 3294 3843 :
3322 3807 3487 3861 quem
3528 3790 3709 3846 Latini
3748 3795 3971 3863 quidem

2394 3877 2704 3934 sacerdotes
2732 3878 3115 3934 Homiliarium
3145 3882 3409 3949 dicerent,
3430 3882 3605 3938 Grtcci
3634 3900 3762 3939 vero
3795 3887 3975 3955 Πανη-

2390 3969 2619 4039 γυρικὸν
2652 3970 2946 4040 appellant.
2990 3970 3133 4025 Nihil
3171 3988 3406 4042 namque
3438 3974 3585 4029 aliud
3615 3990 3678 4029 eo
3720 3977 3972 4030 contine-

2391 4071 2516 4128 tur,
2551 4062 2657 4117 nisi
2699 4074 2905 4132 septem
2957 4072 3011 4118 et
3066 4065 3428 4136 quadraginta
3483 4067 3598 4121 sive
3648 4068 3965 4131 Orationes,

2956 4170 3187 4224 quarum
3242 4158 3523 4211 nonnullse
3565 4158 3786 4226 quidem
3838 4168 3969 4213 sunt

2387 4245 3003 4316 avstriypzammmtcrse
3036 4258 3218 4303 autem
3245 4248 3511 4321 Gregorio
3546 4250 3964 4308 Nazianzeno...

2388 4336 2696 4409 Epiphanio
2742 4340 3016 4396 monacho
3063 4356 3128 4396 ac
3179 4343 3544 4414 presbytero,
3598 4354 3651 4399 et
3690 4344 3967 4401 Germano

2385 4432 2642 4500 episcouo
2672 4434 3287 4507 Constantinopolitano
3321 4438 3717 4497 inscribuntur.
