4188 6436
166 431 276 497 m5

1428 415 1519 476 DE
1552 414 1729 476 VITA
1768 413 1829 471 Β.
1855 411 2230 474 VIRGINIS.

3327 421 3433 483 206

170 523 403 592 Χριστός
467 520 650 584 ἐστιν,
716 518 762 570 οἱ
807 516 864 568 δὲ
913 515 993 566 ὅτι
1047 511 1144 564 οὕ·
1207 511 1299 562 καί
1353 509 1412 559 ού
1470 507 1753 575 ζητήσεως

1860 502 1990 557 Cum
2064 503 2295 573 quaestio
2351 517 2545 574 magna
2598 511 2716 559 orla
2769 517 2912 562 esset
2981 509 3121 564 inter
3171 511 3315 581 ipsos
3365 517 3433 569 do

169 613 374 682 ποῖλῆς
399 610 701 680 γενομένης
737 605 1054 676 ἀναμεταξὺ
1080 601 1268 655 αὐτῶν
1292 601 1419 669 περὶ
1443 597 1538 650 τοῦ
1575 599 1748 666 ῥήμα-

166 721 256 764 τος
281 704 496 765 τούτου,
519 700 843 753 ἀπέστειλαν
864 698 1002 768 πρὸς
1025 696 1303 762 Ἰωάννην,
1329 693 1422 744 καὶ
1456 691 1752 760 ἠρώτησαν

174 793 362 846 αὐτόν·
399 793 492 845 καὶ
533 788 684 843 εἶπεν
751 791 954 851 αὐτοῖς,
987 788 1070 839 δτι
1117 786 1230 839 Οὐκ
1265 785 1381 852 εἰμὶ
1430 783 1458 834 ὁ
1493 783 1750 852 Χριστὸς,

169 884 283 936 ἀλλ’
331 885 510 936 ὀπίσω
551 900 652 952 μου
688 883 930 953 ἔρχεται,
979 879 1142 948 μέσος
1195 877 1251 930 δὲ
1285 875 1440 944 ὑμῶν
1492 875 1749 940 ἕστηκεν.

168 974 421 1040 Ἐγένετο
448 973 652 1042 ήμέρα,
672 975 766 1024 καὶ
799 971 1031 1040 ήρχοντο
1062 967 1184 1020 λαοὶ
1217 964 1404 1020 πολλοὶ
1437 963 1532 1016 καὶ
1558 963 1752 1031 ἄρχον-

168 1082 258 1126 τες
290 1066 351 1115 ἐν
375 1069 442 1132 τῇ
466 1065 684 1132 ἐρήμῳ,
735 1064 814 1125 εἰς
864 1062 955 1114 τὸν
984 1060 1260 1129 Ἰορδάνην
1305 1057 1440 1127 πρὸς
1480 1057 1570 1108 τὸν
1640 1055 1755 1106 Ἰω-

170 1158 340 1225 άννην
391 1155 879 1225 ἐξομολογούμενοι
932 1152 1032 1214 τὰς
1078 1150 1354 1220 ἁμαρτίας
1406 1149 1606 1211 αὐτῶν,
1658 1146 1756 1202 καὶ

169 1248 566 1317 βαπτισθέντες
611 1249 703 1300 ὑπ’
738 1245 928 1300 αὑτοῦ.
970 1246 1076 1302 Τοῦ
1116 1244 1172 1296 δὲ
1214 1243 1460 1297 Ἰωάννου
1496 1242 1588 1293 τὸν
1630 1240 1756 1292 λαὸν

171 1341 540 1408 κατηχοῦντος
571 1342 628 1392 ἐν
660 1337 963 1406 Βηθαράκα
992 1335 1191 1406 χωρίον
1217 1335 1390 1404 πέραν
1421 1333 1515 1386 τοῦ
1551 1333 1758 1402 Ἰορδά-

167 1448 278 1495 νου,
317 1428 485 1500 ἦλθεν
531 1434 558 1484 ὁ
589 1428 800 1498 Ἰησοῦς
827 1429 907 1490 είς
940 1428 1148 1498 ἔρημον
1196 1426 1290 1478 τοῦ
1331 1425 1618 1494 Ἰορδάνου,
1663 1425 1756 1476 καὶ

167 1523 426 1591 ἐποίησεν
456 1525 573 1574 ἐκεῖ
604 1522 818 1591 ἡμέρας
846 1521 1282 1590 τεσσαράκοντα,
1306 1517 1402 1569 καὶ
1427 1518 1587 1570 πάλιν
1620 1516 1756 1570 ὑπέ-

173 1615 405 1682 στρεψεν
434 1614 570 1682 πρὸς
594 1614 685 1666 τὸν
742 1613 992 1681 Ἰωάννην
1015 1651 1028 1665 .
1070 1612 1157 1674 Ὠς
1195 1611 1252 1662 δὲ
1283 1605 1423 1663 εἶδεν
1444 1612 1471 1662 ὁ
1509 1610 1760 1681 Ἰωάννης

166 1705 254 1755 τὸν
311 1705 526 1772 Ἰησοῦν
570 1706 874 1775 ἐρχόμενον
928 1703 1063 1772 πρὸς
1121 1703 1305 1768 αὐτὸν,
1382 1703 1569 1770 ἔλεγεν
1629 1702 1758 1772 περὶ

167 1796 329 1848 αὐτοῦ
347 1814 360 1826 ο
393 1797 513 1850 Ἴδε
533 1800 563 1850 ό
581 1799 785 1866 Ἀμνὸς
807 1796 910 1850 τοῦ
928 1795 1096 1860 Θεοῦ,
1121 1800 1152 1850 ό
1179 1797 1364 1863 αἴρων
1410 1795 1524 1860 τὴν
1573 1799 1759 1864 ἀμαρ-

166 1889 298 1940 n'ar
348 1889 457 1942 τοῦ
498 1893 732 1958 κόσμου
759 1906 772 1918 ·
822 1889 930 1942 ἴδον
977 1890 1084 1960 γάρ
1130 1890 1191 1941 τὸ
1234 1888 1457 1957 Πνεῦμα
1496 1889 1557 1940 τὸ
1597 1890 1755 1956 ἆγεον

166 1981 429 2033 κατελθὸν
463 1981 522 2045 ἐξ
549 1981 808 2051 ούρανοῦ,
852 1983 950 2034 καὶ
991 1981 1153 2050 μένον
1185 1981 1271 2032 ἐπ’
1313 1980 1497 2045 αὑτὸν,
1529 1981 1623 2032 καὶ
1643 1998 1757 2048 φω-

167 2073 260 2140 νὴν
283 2073 553 2140 λέγουσαν
588 2074 721 2142 πρὸς
746 2073 912 2126 αὐτόν
934 2087 946 2100 ·
975 2070 1161 2138 Οὗτός
1195 2072 1365 2125 ἐστιν
1400 2075 1431 2124 ό
1474 2072 1603 2137 Υἱός
1639 2090 1758 2140 μου

166 2167 197 2215 d
220 2165 555 2232 ἀγαπητός.
579 2167 688 2219 Καὶ
711 2165 952 2237 ηκουσαν
979 2165 1028 2216 οἱ
1064 2163 1180 2216 λαοὶ
1209 2164 1302 2216 καὶ
1329 2162 1754 2233 ἐξεπλήσσοντο.

1855 595 1957 648 hac
2006 611 2061 650 re
2085 637 2098 658 ,
2137 596 2412 650 miserunt
2446 596 2512 651 ad
2546 598 2835 665 Joannem,
2869 609 2922 654 et
2954 601 3434 673 interrogaverqu

1855 701 2003 739 eum.
2054 686 2120 741 Et
2159 688 2298 741 dixit
2343 688 2461 742 eis:
2503 687 2622 743 Non
2658 706 2775 744 sum
2825 692 3108 758 Christus,
3161 697 3252 749 sed
3309 709 3432 765 post

1856 793 1941 834 me
1973 780 2157 843 venit,
2216 780 2432 836 medius
2483 791 2662 837 autem
2717 785 2861 838 inter
2894 800 2991 838 vos
3040 796 3165 842 stat.
3204 788 3428 842 Factum

1854 881 1938 927 cst
1967 876 2202 942 quadam
2239 875 2350 940 die,
2405 883 2464 930 ut
2495 885 2683 930 essent
2715 879 2867 930 multi
2906 881 3092 946 populi
3132 891 3184 935 et
3225 884 3434 952 princi-

1857 982 1951 1035 pes
1989 968 2040 1020 in
2071 968 2292 1022 deserto
2327 969 2394 1022 ad
2427 967 2730 1022 Jordanem
2781 972 2920 1040 apud
2951 972 3216 1027 Joannem
3257 978 3434 1029 conli-

1858 1068 2037 1115 tentes
2088 1070 2313 1128 peccata
2367 1077 2484 1124 sua,
2536 1068 2590 1115 et
2623 1060 2882 1130 baptizati
2942 1065 3010 1118 ab
3044 1079 3130 1119 eo.
3183 1065 3432 1137 Cumque

1855 1150 2097 1207 Joannes
2133 1154 2392 1221 populum
2451 1153 2678 1208 doceret
2717 1153 2771 1206 in
2805 1153 3106 1210 Betharaca
3143 1156 3282 1227 (59),
3338 1160 3431 1226 qui

1859 1245 2012 1298 locns
2054 1253 2140 1300 cst
2173 1253 2327 1297 trans
2345 1244 2660 1308 Jordanem,
2695 1245 2839 1299 venit
2876 1244 3036 1302 Jesus
3066 1248 3121 1301 in
3151 1250 3430 1304 desertum

1855 1335 2134 1399 Jordanis,
2190 1344 2244 1386 ct
2295 1336 2499 1388 mansit
2529 1336 2602 1388 ibi
2634 1337 2754 1391 dies
2790 1337 2880 1401 40,
2939 1348 2993 1391 et
3028 1354 3220 1394 rursus
3271 1341 3438 1394 rediit

1858 1424 1923 1478 ad
1951 1424 2239 1478 Joannem.
2274 1422 2341 1476 Ut
2369 1434 2551 1477 autem
2588 1426 2720 1479 vidit
2743 1427 2985 1484 Joannes
3014 1428 3201 1484 Jesum
3259 1435 3325 1485 ad
3375 1451 3435 1486 se

1859 1517 2190 1578 venientem,
2239 1515 2317 1567 ait
2363 1516 2431 1570 de
2463 1517 2620 1586 ipso:
2666 1515 2800 1570 Ecce
2827 1535 2992 1588 agnus
3021 1521 3136 1587 Dei,
3174 1524 3263 1592 qui
3297 1524 3436 1577 tollit

1859 1616 2124 1672 peccatum
2165 1608 2448 1660 mundi":
2509 1609 2619 1662 vidi
2669 1610 2814 1664 enim
2871 1611 3133 1680 Spiritum
3185 1628 3435 1671 sanctum

1861 1699 2282 1752 descendentem
2315 1714 2344 1753 e
2373 1698 2534 1764 coelo,
2571 1711 2624 1754 et
2668 1710 2979 1758 manentem
3011 1721 3178 1776 super
3209 1723 3357 1775 eum,
3383 1720 3438 1762 ct

1863 1806 2049 1845 vocem
2102 1792 2284 1844 audiri
2337 1793 2606 1845 dicentem
2643 1794 2728 1847 ei:
2778 1795 2878 1849 Hic
2932 1807 3008 1850 est
3065 1797 3241 1854 Filius
3294 1818 3438 1855 meus

1871 1884 2094 1937 dilectus
2129 1883 2173 1936 ⁸.
2223 1881 2288 1934 Et
2323 1885 2618 1938 audierunt
2668 1886 2876 1955 populi,
2908 1895 2962 1942 et
3007 1889 3438 1959 obsrnpuerunt.

1872 1974 2139 2028 Postridie
2177 1989 2307 2027 vero
2352 1989 2549 2029 rursus
2578 1974 2712 2028 vidit
2757 1974 3002 2033 Joannes
3030 1979 3214 2034 Jesum
3252 1984 3443 2035 ambu-

1867 2068 2092 2132 lantem,
2131 2075 2185 2121 ct
2213 2068 2289 2119 ait
2339 2067 2406 2120 de
2446 2065 2608 2135 ipso:
2665 2064 2800 2120 Ecce
2832 2085 2997 2138 agnus
3023 2070 3141 2134 Dei,
3187 2072 3440 2141 quilollit

1867 2178 2141 2234 peccatum
2173 2167 2357 2219 mundi
2385 2168 2427 2218 ⁹.

166 2220 321 2329 Τῇ
364 2220 633 2331 ἐπαύριον
679 2220 844 2311 πάλιν
899 2230 1011 2312 ίδεν
1043 2260 1069 2312 ὀ
1101 2220 1486 2329 Ἰωάννης-τὸν
1519 2220 1746 2326 ’Ἰησοῦν
1789 2220 2220 2327 περιπατοῦντα,
2285 2261 2378 2312 καὶ
2437 2259 2580 2330 λέγει
2623 2261 2748 2332 περὶ
2773 2257 2936 2312 αὐτοῦ
2966 2273 2977 2285 ’
3008 2258 3120 2313 Ἴδε
3149 2262 3183 2314 ό
3225 2220 3441 2327 Ἀμγὸς

166 2352 268 2406 τοῦ
306 2353 481 2416 Θεοῦ,
518 2354 549 2405 ὁ
590 2353 774 2420 αἴρων
811 2351 924 2420 τὴν
983 2353 1277 2422 ἁμαρτίαν
1327 2352 1434 2405 τοῦ
1479 2353 1734 2420 κόσμου.

235 2446 338 2503 IZ'.
388 2448 502 2499 Καὶ
561 2447 896 2508 ἀκούσαντες
954 2447 1002 2498 οἱ
1034 2446 1274 2516 μαθηταὶ
1305 2445 1468 2498 αὑτοῦ
1505 2445 1757 2513 Ἀνδρέας

168 2542 255 2592 καὶ
295 2541 573 2609 Ἰωάννης,
594 2541 823 2607 ἀφέντες
845 2536 1397 2606 αύτὺνήκολούθησαν
1431 2537 1512 2603 τῷ
1556 2535 1754 2606 Ἰησοῦ,

169 2633 260 2684 καὶ
293 2627 467 2703 ἦλθον
501 2633 618 2700 μετ’
664 2630 830 2684 αὑτοῦ
856 2633 938 2692 εἰς
969 2629 1027 2682 τὸ
1076 2628 1447 2696 καταγώγιον,
1479 2629 1574 2682 καὶ
1607 2629 1755 2698 ἔμει-

170 2743 266 2779 ναν
325 2726 461 2792 παρ’
520 2723 672 2792 αὐτῷ
735 2725 833 2794 τὴν
880 2723 1099 2794 ἡμέραν
1151 2722 1388 2791 ἐκείνην.
1457 2721 1754 2790 Ἑζήτησεν

166 2817 220 2870 δὲ
269 2817 534 2886 Ἀνδρέας
561 2818 649 2869 τὸν
691 2817 825 2868 ἴδιον
853 2816 1084 2884 ἀδελφὸν
1132 2815 1379 2884 Σίμωνα,
1440 2812 1535 2866 καλ⁵
1580 2811 1756 2884 εὑρὼν

1937 2444 2104 2500 XVII.
2155 2446 2221 2501 Et
2265 2446 2453 2500 audito
2499 2444 2602 2499 hoc
2633 2443 2888 2513 discipuli
2932 2443 3053 2513 ejus
3109 2441 3355 2498 Andreas
3385 2451 3439 2492 «ι

1865 2535 2107 2593 Joannes
2137 2537 2334 2591 relicto
2359 2537 2456 2592 illo
2481 2537 2655 2592 secuti
2683 2546 2812 2592 sunt
2837 2536 3049 2599 Jesum,
3086 2546 3141 2591 et
3170 2547 3440 2590 venerunt

1864 2643 1988 2683 cum
2021 2644 2088 2685 eo
2119 2629 2174 2683 in
2209 2629 2604 2694 diversorium,
2664 2639 2718 2684 et
2763 2635 3087 2682 manserunt
3122 2627 3262 2695 apud
3315 2640 3438 2684 cum

1862 2722 1948 2775 die
1973 2722 2084 2776 illa.
2115 2722 2377 2788 Quaesivit
2403 2721 2651 2777 Andreas
2680 2735 2839 2775 suum
2879 2721 3104 2775 fratrem
3131 2718 3438 2780 Simonem,

1866 2821 1919 2866 et
1955 2814 2243 2866 inventum
2278 2813 2439 2865 duxit
2469 2811 2537 2865 ad
2568 2811 2776 2866 Jesum.
2810 2810 2875 2864 Et
2917 2828 3043 2866 eum
3081 2810 3328 2864 audisset
3350 2809 3440 2863 Je-

169 2910 382 2976 ἤγαγεν
446 2908 613 2961 αὑτὸν
668 2908 810 2976 πρὸς
879 2907 972 2960 τὸν
1027 2906 1256 2975 Ἰησοῦν.
1316 2905 1425 2958 Καὶ
1460 2904 1754 2965 ἀκούσαςὸ

1860 2920 1952 2960 sus
1984 2904 2250 2958 Joannem
2289 2904 2550 2957 traditum
2582 2902 2774 2968 fuisse,
2806 2904 3055 2970 sequenti
3086 2901 3174 2956 die
3217 2903 3347 2956 exiit
3377 2902 3430 2954 in

178 2999 419 3069 Ἰησοῦς,
446 2998 529 3051 ὃτι
568 2999 829 3067 Ἰωάννης
870 2997 1166 3069 παρεδόθη,
1198 2999 1264 3066 τῇ
1293 2997 1557 3065 ἐπαύριον
1601 2994 1755 3064 ἐξῆλ-

167 3093 257 3144 θεν
279 3093 480 3159 εἰςτὴν
510 3091 801 3145 Γαλιλαίαν
825 3091 920 3144 σὺν
957 3091 1068 3152 τοῖς
1093 3089 1274 3160 τρισὶν
1305 3088 1577 3158 μαθηταῖς
1598 3103 1610 3115 ·
1651 3088 1749 3139 καὶ

167 3185 342 3255 εὑρὼν
397 3185 490 3236 τὸν
517 3183 812 3248 Φίλιππον,
847 3182 1088 3252 ἧλκυσεν
1137 3182 1320 3245 αὐτὸν,
1369 3181 1621 3241 κάκεῖνος
1663 3178 1755 3230 τὸν

169 3276 516 3344 Ναθαναήλ·
581 3276 679 3328 καὶ
745 3270 909 3344 ἦλθον
964 3275 1044 3337 εἰς
1097 3272 1253 3325 Κανά
1291 3272 1389 3341 τῆς
1446 3271 1753 3332 Γαλιλαίας·

171 3371 264 3423 καὶ
302 3372 370 3438 τῇ
405 3368 566 3438 τρίτῃ
593 3368 781 3437 ἡμέρᾳ
805 3367 1023 3435 ἐγένετο
1052 3365 1255 3434 γάμος,
1287 3363 1383 3416 καὶ
1423 3363 1752 3433 ἐκλήθησαν·

171 3461 265 3512 καὶ
320 3461 585 3528 ἐποίησεν
612 3459 672 3510 τὸ
701 3458 845 3524 ὕδωρ
877 3453 1052 3510 οἶνονο
1087 3457 1147 3508 τὸ
1181 3455 1238 3508 δὲ
1269 3455 1444 3524 ὄνομα
1488 3453 1582 3507 τοῦ
1621 3470 1758 3521 νυμ-

169 3553 315 3618 φίου,
361 3553 571 3620 Σίμων,
621 3551 680 3614 ὃς
715 3550 813 3603 καὶ
846 3549 969 3619 μεθ’
1017 3548 1236 3618 ἡμέρας
1271 3546 1645 3616 ἠκολούθησεν
1680 3543 1758 3615 τῷ

167 3645 347 3712 Ἰησοῦ
383 3684 398 3698 .
429 3643 702 3698 Κάκεῖθεν
719 3645 799 3704 εἰς
821 3641 1099 3710 Βηθσαϊδὰ
1135 3640 1290 3692 πόλιν
1321 3639 1420 3708 τῆς
1442 3638 1755 3700 Γαλιλαίας.

169 3737 260 3786 καὶ
284 3733 541 3802 είσῆλθεν
581 3735 660 3795 εἰς
691 3731 784 3783 τὸν
829 3727 978 3782 οἷκον
1012 3730 1244 3799 Πέτρου,
1291 3729 1385 3780 καὶ
1424 3725 1757 3779 ἀσθενοῦσαν

167 3827 265 3894 τὴν
292 3824 571 3894 πενθερὰν
606 3822 796 3887 αὑτοῦ,
831 3820 1057 3884 ἐπιστάς
1082 3822 1110 3872 ὁ
1144 3818 1352 3887 Ἰησοῦς
1392 3817 1759 3887 ἐθεράπευσεν

171 3916 364 3983 αὐτην.
439 3911 915 3982 ’Υποστρέψαντες
978 3911 1058 3971 εἰς
1116 3907 1408 3977 Ναζαρὲτ,
1471 3906 1670 3975 Ἰωσὴφ
1731 3908 1761 3958 ὁ

175 4010 440 4075 μνῄστωρ
468 4004 566 4072 τῆς
597 4002 868 4055 Θεοτόκου
899 3999 1256 4069 ἐτελεύτησεν
1306 3997 1624 4067 πρεσϐύτης
1669 3996 1762 4050 καὶ

171 4101 387 4166 πλήρης
431 4094 674 4165 ἡμερῶν,
725 4094 798 4156 ὥς
856 4109 1021 4160 φασιν
1070 4097 1156 4160 ρι’.
1196 4091 1259 4144 Οἱ
1291 4089 1346 4141 δὲ
1386 4091 1492 4141 υἱοὶ
1537 4089 1757 4158 Ἰωσὴφ,

1855 2996 2134 3051 ϐδιίιειλειω
2167 3010 2289 3050 cum
2328 2995 2508 3050 tribus
2544 2994 2854 3064 discipulis.
2887 2993 2951 3048 Et
2982 2994 3272 3048 inveniens
3304 2993 3400 3048 Phi

1857 3088 2062 3156 lippum
2095 3089 2429 3151 traxiteum,
2458 3098 2512 3142 et
2546 3087 2593 3142 is
2617 3087 3044 3141 Nathanaclem:
3085 3097 3139 3141 et
3170 3097 3439 3140 venerunt

1860 3181 1915 3233 in
1950 3180 2156 3234 Canam
2189 3180 2448 3234 Galilaaaa.
2502 3179 2568 3233 Et
2607 3187 2726 3250 post
2766 3190 2876 3235 tres
2929 3179 3045 3234 dies
3103 3179 3259 3233 factm
3315 3189 3440 3232 sunt

1861 3273 2087 3344 nuptim,
2119 3284 2171 3328 et
2208 3274 2387 3327 vocati
2425 3281 2584 3327 sunt:
2628 3283 2680 3327 et
2710 3273 2872 3328 Jesus
2910 3289 2974 3328 ex
3010 3287 3151 3342 aqua
3186 3271 3316 3326 fecit
3349 3273 3429 3324 ri-

1862 3380 1989 3418 num
2024 3365 2245 3435 (nomen
2278 3374 2462 3420 autem
2497 3365 2680 3433 sponsi
2715 3374 2833 3419 erat
2885 3365 3073 3418 Simon
3099 3406 3112 3429 ,
3147 3364 3241 3434 qui
3272 3365 3438 3417 etiam

1862 3464 1986 3525 post
2022 3457 2232 3526 aliquot
2266 3456 2385 3512 dies
2434 3467 2658 3512 secutus
2702 3467 2785 3511 est
2816 3456 3047 3526 Jesum).
3099 3457 3228 3510 Inde
3279 3458 3440 3526 petiit

1860 3547 2022 3603 Jesus
2057 3548 2410 3602 Bethsaidam
2450 3550 2726 3604 civitatem
2754 3547 3013 3612 Galil-.eac,
3063 3556 3117 3602 et
3159 3549 3439 3619 ingressus

1862 3649 1945 3692 est
1996 3641 2050 3694 in
2105 3640 2328 3694 domum
2382 3641 2554 3704 Petri,
2595 3649 2648 3694 et
2699 3651 2958 3711 argrotam
3003 3640 3168 3708 hujus
3218 3655 3438 3694 socrum

1862 3731 2263 3800 superveniens
2295 3732 2534 3785 sanavit.
2569 3729 2707 3785 Cum
2755 3731 3052 3786 rediissent
3084 3731 3206 3802 (60)
3252 3732 3303 3784 in
3335 3729 3441 3784 Na-

1862 3823 2074 3884 zareth,
2123 3822 2401 3891 Josephus
2443 3838 2684 3894 sponsus
2742 3823 2990 3892 Deipara:
3039 3833 3292 3879 mortuus
3355 3834 3444 3878 est

1864 3930 2054 3980 senex,
2085 3923 2138 3969 et
2189 3915 2384 3985 plenus
2415 3915 2650 3980 dierum,
2706 3929 2882 3970 annos
2924 3928 3108 3979 natus,
3155 3924 3214 3971 ut
3267 3917 3436 3978 aiunt,

1863 4017 2081 4061 centum
2122 4015 2178 4062 et
2248 4007 2460 4062 decem.
2508 4007 2732 4077 Josephi
2777 4023 2909 4062 vero
2959 4009 3053 4062 lilii
3107 4008 3346 4063 Jacobns
3383 4020 3438 4061 et

1863 4095 2032 4150 Judas
2064 4098 2239 4152 secuti
2277 4103 2404 4152 sunt
2441 4098 2654 4152 Jesum.
2705 4097 2811 4152 Sed
2845 4113 3038 4154 omnes
3076 4099 3236 4152 simul
3289 4101 3440 4153 ibant

181 4189 443 4250 Ἰάκωὸος
468 4187 563 4239 καὶ
628 4185 828 4246 Ἰούδας
857 4183 1236 4253 ἠκολούθησαν
1273 4181 1351 4248 τῷ
1385 4180 1584 4252 Ἰησοῦ.
1613 4180 1755 4249 Πλὴν

1864 4203 1960 4257 per
2012 4190 2202 4253 urbes,
2257 4199 2310 4243 et
2363 4191 2638 4259 regiones,
2691 4199 2744 4244 et
2796 4190 3157 4260 prmdicantes
3209 4207 3436 4261 regnum

173 4282 221 4332 οἱ
276 4283 486 4340 πάντες
540 4275 994 4344 συνεπορεύοντο,
1049 4273 1196 4327 κατά
1249 4271 1402 4324 πόλιν
1435 4273 1529 4324 καὶ
1574 4269 1755 4340 χώραν

1869 4280 1988 4345 Dei,
2018 4291 2072 4336 et
2102 4292 2364 4336 sanantes
2397 4297 2616 4338 omnem
2651 4283 2931 4346 morbum,
2975 4293 3029 4338 et
3063 4299 3279 4338 omnem
3320 4287 3437 4338 lan-

173 4372 563 4440 πορευόμενοι,
615 4368 711 4421 καὶ
763 4366 1136 4437 κηρύσσοντες
1179 4365 1280 4434 τὴν
1330 4363 1628 4432 βασιλείαν,
1663 4362 1759 4416 καὶ

175 4464 400 4533 ἰώμενοι
447 4463 630 4513 πᾶσαν
682 4461 838 4513 νόσον
878 4459 972 4512 καὶ
1021 4461 1203 4511 πᾶσαν
1257 4456 1550 4526 μαλακίαν.
1582 4455 1754 4524 Καλή

171 4557 414 4626 πενθερὰ
438 4555 532 4606 τοῦ
561 4555 768 4624 Πέτρου
801 4551 1014 4605 ἰαθεῖσα
1040 4552 1136 4603 σὺν
1173 4552 1238 4619 τῇ
1264 4549 1499 4616 θυγατρὶ
1534 4547 1756 4615 γυναικὶ

172 4651 382 4718 Πέτρου
411 4646 780 4716 ἠκολούθησεν
803 4645 984 4704 αὐτοῖς
1009 4643 1104 4695 καὶ
1135 4643 1298 4711 συνῆν
1319 4643 1384 4710 τῇ
1413 4639 1682 4708 Θεοτόκιρ.

237 4738 344 4793 ιη’.
399 4738 736 4806 Ἀτάραντες
769 4737 827 4789 δὲ
859 4733 1090 4798 ἐκεῖθεν,
1119 4728 1281 4803 ἦλθον
1307 4733 1386 4792 εἰς
1418 4729 1611 4798 κώμην
1653 4729 1749 4798 τῆς

170 4830 448 4899 Βηθσαϊδὰ
475 4828 629 4880 πόλιν
660 4829 753 4899 τῆς
785 4825 1096 4888 Γαλιλαίας,
1130 4826 1187 4875 ἐν
1281 4824 1430 4875 ἐστιν
1526 4822 1687 4890 λίμνη
1717 4822 1750 4890 ἡ

171 4924 485 4993 καλουμένη
529 4919 890 4988 Γεννησαρὲτ,
926 4918 1017 4969 xui.
1048 4917 1237 4984 φιάλη,
1275 4913 1362 4968 διά
1397 4913 1458 4967 τὸ
1491 4915 1603 4966 ἴσον
1657 4911 1751 4965 τοῦ

172 5017 343 5086 γύρου
364 5031 377 5044 °
414 5017 508 5067 καὶ
538 5014 600 5066 τὸ
627 5012 772 5081 ὕδωρ
801 5010 941 5063 πάνυ
965 5009 1184 5075 διαυγὲς
1214 5009 1306 5060 καὶ
1335 5007 1592 5078 καθάριον
1616 5021 1630 5038 ο
1661 5005 1754 5058 καὶ

173 5108 310 5158 ἐπτά
338 5106 491 5174 μίλια
524 5099 884 5156 κυκλεύεσθαι
911 5116 926 5130 ο
957 5099 1134 5150 ἔλαιον
1156 5098 1211 5149 δὲ
1241 5097 1383 5151 πάνυ
1419 5095 1752 5166 θαυμαστὸν,

247 5223 265 5252 ⁷
297 5217 474 5276 Joan.
512 5235 550 5282 ι,
581 5218 670 5272 53.
749 5213 986 5268 'Matth.
1026 5229 1104 5276 ιιι,
1141 5211 1224 5264 I7.
1303 5212 1323 5243 '
1348 5208 1513 5265 Joan.
1551 5227 1589 5275 ι,
1619 5209 1706 5264 '56.

1864 4387 2112 4442 guorem.
2151 4373 2216 4426 Et
2263 4388 2459 4427 socrus
2512 4373 2656 4428 Petri
2692 4381 2879 4428 sanata
2927 4375 3093 4429 simul
3130 4391 3254 4429 cum
3307 4375 3437 4437 filia,

1866 4476 2042 4515 uxore
2096 4462 2265 4527 Petri,
2302 4470 2491 4518 secuta
2540 4471 2626 4516 est
2652 4478 2771 4532 eos,
2827 4473 2880 4518 et
2936 4464 3262 4519 convivebat
3313 4479 3436 4520 cum

1860 4553 2118 4623 Deipara.

1925 4730 2116 4784 XVIII.
2141 4729 2206 4783 Et
2233 4729 2361 4786 inde
2389 4729 2756 4795 discedentes,
2781 4737 3051 4786 venerunt
3072 4729 3126 4785 in
3154 4732 3434 4786 castellum

1856 4824 2161 4881 Bethsaidae
2191 4825 2430 4880 civitatis
2461 4823 2711 4887 Galilzeze,
2747 4824 2836 4877 ubi
2869 4833 2954 4878 est
2983 4825 3134 4880 lacus
3160 4825 3254 4895 qui
3294 4825 3437 4880 Gen-

1855 4918 2130 4981 nesareth,
2167 4931 2230 4970 ac
2263 4915 2449 4970 Phiala
2496 4924 2723 4970 vocatur
2747 4915 2818 4970 ob
2845 4916 3212 4986 aequalitatem
3255 4917 3436 4970 ambi-

1856 5016 1968 5073 tus,
2007 5017 2062 5064 et
2087 5024 2286 5079 aquam
2321 5008 2548 5064 omnino
2579 5008 2904 5077 pellucidam
2957 5023 3020 5060 ac
3072 5008 3349 5062 mundam.
3383 5009 3434 5063 ls

1860 5099 2023 5156 habet
2050 5111 2256 5171 septem
2287 5101 2539 5155 milliaria
2566 5100 2621 5154 in
2651 5101 2887 5155 circuitu
2915 5097 3027 5169 (61)
3059 5117 3072 5152 :
3099 5099 3278 5154 oleum
3306 5115 3437 5155 vero

1512 5302 1885 5378 Mingarellii
1933 5309 2122 5365 noue.

245 5417 359 5483 (59)
395 5412 709 5483 Legendum
733 5411 964 5483 forsitan
992 5408 1085 5463 τεν
1117 5404 1408 5483 βηθαράὸα
1435 5403 1549 5472 (aut
1582 5403 1751 5483 βηθα-

178 5473 354 5558 εὰρα)’
393 5473 1192 5558 χωρίῳ.’ΒειΑΙιεινεὶιε-ριιρηὶιρ
1227 5473 1624 5558 litJosue'xvl,
1657 5473 1749 5537 61,

179 5544 274 5612 ubi
317 5544 518 5624 I'eg'itu'r
551 5544 566 5607 Ξ
599 5551 668 5605 In
699 5552 906 5604 deserto
940 5544 1456 5624 Betharabrt._Apud
1477 5544 1746 5624 Joannem

179 5611 307 5682 vero
361 5611 758 5690 Evangelistam
814 5635 935 5688 cap.
974 5635 1012 5682 ι,
1043 5632 1184 5690 νοτε.
1215 5615 1308 5690 27,
1339 5611 1585 5690 [εςίιιιιξε⁸
1618 5611 1749 5666 Herc

182 5700 237 5750 in
269 5685 534 5751 Bethania;
585 5694 729 5760 facta
778 5685 916 5761 sunt
951 5698 1098 5761 tr_ans
1146 5685 1459 5761 Iordanem,
1481 5685 1585 5761 .ubi
1619 5690 1748 5761 erat

177 5767 410 5821 Joannes
440 5753 740 5830 baptisma.
772 5761 875 5834 Sed
909 5760 963 5811 in
997 5758 1109 5810 hac
1138 5755 1319 5834 verba“
1337 5753 1592 5834 mendum
1619 5754 1754 5804 irre-

182 5839 356 5907 psisse
398 5825 852 5907 multi_suspicati
885 5835 1037 5907 sunt,
1063 5835 1251 5907 etnpro
1277 5825 1756 5907 Bethaniallegenf

183 5894 311 5960 Ilum
363 5921 489 5960 esse
541 5894 864 5958 Bethribara.
910 5899 1053 5967 Lege
1109 5894 1482 5958 Bonfrerium,
1513 5895 1758 5961 aliosque

186 5977 541 6047 Interpretes.

1931 5408 2044 5477 (60)
2079 5405 2262 5461 Codex
2297 5444 2311 5457 .
2345 5401 2774 5477 ὑποτρλέψαντες.
2829 5399 2883 5477 Si
2931 5408 3122 5477 auctor
3155 5398 3434 5467 eleganter

1861 5469 2148 5537 scriberet.
2222 5473 2666 5536 emendandum,
2729 5485 2792 5524 ac
2849 5469 3137 5539 legendum
3211 5479 3358 5524 esset
3417 5488 3430 5523 :

1859 5546 2287 5615 ὑποτρεψάντων
2324 5543 2523 5615 αὐτῶν.

1933 5609 2046 5686 (6f)
2080 5609 2219 5685 Lege
2245 5629 2364 5686 qtiaa
2399 5614 2466 5686 de
2495 5613 2598 5686 hoc
2624 5616 2746 5667 lacu
2772 5609 2903 5686 fuse
2931 5610 3123 5665 scribit
3159 5609 3434 5686 Josephus

1860 5679 1955 5740 lihl
1992 5679 2070 5740 ιιι.
2108 5679 2182 5739 οξ
2234 5679 2370 5737 bello
2404 5682 2534 5736 Jud.
2591 5697 2710 5751 cap.
2765 5683 2853 5744 10,
2890 5693 2941 5733 et
2981 5696 3043 5733 ea
3079 5679 3432 5751 conferricum

1865 5757 1972 5810 his.
2012 5755 2241 5809 Videtur
2273 5755 2416 5808 enim
2465 5749 2754 5821 Epiphanii
2791 5751 2958 5805 liOsll‘i
2999 5761 3201 5821 tenus,
3229 5749 3433 5803 alicubi

1865 5827 1950 5879 hic
1993 5836 2286 5895 corruptus
2322 5840 2350 5876 a
2390 5820 2638 5884 librario,
2664 5823 2754 5890 qui
2791 5831 2844 5874 et
2871 5821 3054 5895 aliqua
3089 5820 3264 5877 verba
3292 5822 3440 5875 omi-

1867 5898 1939 5952 sit
1969 5892 2224 5963 fortasse,
2261 5905 2314 5950 et
2353 5896 2455 5949 alia
2494 5907 2776 5964 perperam
2809 5892 3074 5946 exaravit.
