4188 6436
727 392 822 454 211

1974 395 2378 458 ΕΡΙΡΠΛΝΗ
2423 396 2770 458 MUNACIH

3903 400 4006 462 (Ζῐὲ

729 484 973 538 eitationi
1022 485 1306 549 virtutum,
1363 496 1415 540 et
1470 487 1984 555 genuﬂexionibns;
2038 504 2185 553 nam,
2245 501 2303 542 ut

2411 488 2611 555 ἑαυτὴν
2637 491 2701 558 τῇ
2740 490 2975 557 ασκήσει
3007 490 3098 541 καὶ
3126 490 3243 552 ταῖς
3277 491 3676 558 γονυκλισῖαις·
3713 492 3787 554 ὥς
3831 509 4005 560 φησιν

730 575 806 630 ait
889 579 1137 633 Andreas
1236 580 1772 647 Hierosolymitanus
1860 582 2311 652 archiepiscopus

630 739 647 751 '
730 670 1064 740 Crettc(68),
1129 689 1302 743 usque
1343 673 1409 725 ad
1466 673 1791 729 hodiernum
1846 674 1989 729 diem
2047 678 2310 733 cavitatcs

730 778 968 832 genuum
1002 764 1174 835 ipsius
1222 766 1274 818 in
1325 768 1692 821 marmoribus
1724 778 1925 824 sanctae
1960 770 2092 824 Sion
2128 780 2309 826 osten-

730 856 935 909 duntur
968 874 980 911 ε
1014 865 1068 911 et
1097 858 1259 910 silum
1291 859 1738 915 reclinationisin
1768 860 1964 930 lapide,
1997 863 2086 918 ubi
2116 879 2307 933 parum

731 947 1000 1001 naturalis
1028 947 1207 1001 somni
1236 950 1508 1018 capiebat,
1564 954 2044 1021 prosequebantur
2102 954 2309 1010 honore

728 1050 781 1093 ct
827 1040 1024 1094 timore
1071 1055 1265 1096 omnes
1318 1043 1593 1108 homines,
1640 1054 1693 1098 et
1744 1046 2161 1113 glorificabatur
2201 1065 2307 1103 non

729 1130 905 1183 solum
930 1145 957 1182 a
984 1128 1256 1195 fidelibus,
1279 1131 1371 1186 sed
1394 1147 1421 1183 a
1448 1133 1654 1189 Indicis
1681 1154 1693 1189 :
1719 1137 1974 1192 ctnullus
1993 1136 2305 1192 Iudaeorum

728 1225 1001 1295 princeps.
1040 1236 1132 1278 aut
1164 1225 1479 1280 GrazeOrum
1510 1228 1743 1282 audebat
1780 1230 1909 1297 quid
1955 1246 2197 1299 unquam
2242 1231 2307 1285 de

726 1320 815 1374 illa
840 1320 1047 1385 dicere,
1079 1329 1173 1374 aut
1205 1322 1649 1391 appropinquare
1705 1324 1914 1387 domui,
1964 1326 2017 1379 in
2050 1340 2157 1395 qua
2190 1326 2304 1395 ipsa

726 1421 1023 1467 manserat.
1095 1413 1226 1467 Sion
1289 1429 1437 1476 vero,
1485 1423 1538 1469 et
1594 1413 1949 1471 Getbsemani
2010 1416 2147 1471 idem
2200 1425 2303 1472 est.

724 1504 928 1578 Multos
980 1514 1161 1561 autem
1213 1507 1460 1560 inlirmos
1521 1506 1775 1571 sanabat,
1838 1516 1892 1561 et
1956 1509 2217 1563 olsessos
2277 1524 2307 1563 a

723 1597 1067 1652 dzemonibus
1114 1598 1417 1653 immundis
1469 1598 1741 1653 liberabat
1771 1619 1784 1654 :
1818 1601 2221 1672 eleemosynas,
2255 1611 2308 1656 et

723 1705 914 1744 curam
960 1690 1012 1743 in
1046 1706 1345 1760 pauperes,
1395 1702 1449 1747 et
1485 1692 1677 1746 viduas
1718 1692 2064 1748 conferebat.
2110 1694 2306 1749 Nullus

720 1799 852 1838 vero
876 1802 906 1839 e
940 1784 1232 1838 duodecim
1264 1786 1532 1853 aposmlis
1569 1786 1770 1840 missus
1793 1796 1898 1853 est,
1950 1798 2045 1842 aut
2078 1790 2307 1844 recessit

722 1876 791 1928 ab
815 1891 878 1929 ea
910 1876 1154 1944 quandiu
1195 1876 1309 1943 ipsa
1352 1877 1507 1930 vixit.
1552 1877 1695 1943 Quin
1750 1885 1807 1931 et
1858 1880 1909 1931 in
1970 1880 2306 1949 lapidatione

723 1970 1152 2038 protomartyris
1191 1968 1480 2038 Stephani,
1512 1986 1633 2038 qua:
1658 1971 1889 2039 contigit
1917 1985 2123 2041 septem
2151 1974 2308 2028 annis

724 2068 848 2127 post
905 2059 1108 2115 Christi
1157 2061 1591 2127 Ascensionem,
1628 2063 1818 2115 cuncti
1876 2062 2109 2133 dispersi
2179 2074 2307 2120 sunt

724 2160 920 2215 praeter
945 2153 1066 2206 illos
1101 2152 1412 2207 duodecim.
1459 2152 1527 2206 Et
1567 2153 1840 2208 habebant
1893 2154 2155 2209 Jaeohum
2201 2157 2307 2211 fra-

722 2258 857 2301 trem
914 2248 1128 2301 Domini
1173 2258 1232 2303 ut
1284 2250 1517 2317 primum
1549 2250 1685 2319 (69).
1721 2259 1775 2304 et
1831 2252 1950 2304 sine
2004 2253 2122 2320 ipso
2171 2252 2306 2305 nihil

724 2340 1021 2394 faciebant.
1048 2339 1302 2396 Mulieres
1335 2356 1464 2395 vero
1492 2357 1556 2396 ex
1594 2342 1827 2398 diversis
1864 2343 2165 2412 provinciis
2207 2359 2304 2398 no-

721 2428 859 2482 biles
895 2444 1019 2482 cum
1050 2427 1280 2499 Deipara
1329 2441 1509 2497 erant,
1548 2431 1667 2485 alia:
1697 2431 1918 2500 quidem
1952 2447 1980 2484 a
2018 2433 2305 2502 spiritibus

724 2521 1021 2577 immundis
1053 2521 1315 2582 liberatre,
1347 2522 1466 2576 alia:
1510 2538 1637 2577 vero
1676 2524 1833 2578 Iidem
1872 2526 2132 2590 amplexa}
2164 2526 2300 2596 (70),

718 2614 867 2669 Inter
897 2615 994 2667 has
1024 2624 1141 2667 erat
1173 2614 1335 2668 etiam
1373 2631 1508 2669 uxor
1540 2614 1714 2681 Pauli,
1755 2628 1809 2670 ut
1838 2618 2057 2686 quidam
2089 2618 2299 2677 dicunt.

793 2705 983 2760 XXIII.
1023 2705 1345 2777 Hippolytus
1374 2718 1554 2762 autem
1596 2708 1890 2765 Thebanus
1928 2710 2043 2780 (7i)
2091 2720 2303 2777 narrat,

716 2812 838 2849 eam
865 2798 1070 2853 vixisse
1110 2815 1285 2853 annos
1316 2801 1543 2853 omnino
1566 2801 1667 2866 59;
1708 2817 1806 2856 nos
1833 2818 1960 2856 vero
1990 2802 2302 2859 invenimus

722 2904 844 2943 eam
908 2889 1117 2943 diutius
1172 2891 1400 2945 vixisse.
1460 2891 1648 2961 Itaque
1702 2894 1997 2962 praedictus
2055 2895 2303 2949 Andreas

720 2976 1013 3044 episc0pus
1071 2977 1248 3032 Creta:
1298 2994 1365 3033 ex
1436 2980 1736 3035 traditione
1803 2982 1903 3045 ait,
1948 2983 2120 3051 ipsam
2182 3000 2304 3053 per-

718 3068 935 3122 venisse
967 3069 1029 3122 ad
1066 3085 1319 3140 magnam
1364 3080 1705 3126 senectutem
1746 3089 1758 3126 :
1797 3081 1851 3125 at
1900 3074 2298 3143 quinquaginta

2428 581 2683 652 Ἀνδρέας
2717 584 2824 635 ἀπὸ
2864 582 3261 653 Ἱεροσολύμων
3288 584 3725 654 ἀρχιεπίσκοπος
3750 585 3998 652 Κρήτης.

2412 674 2495 726 ὅτι
2532 675 2692 744 μέχρι
2731 676 2823 728 καὶ
2855 674 2950 725 νῦν
2978 676 3048 727 τὰ
3081 675 3398 744 κοιλώματα
3427 676 3536 728 τῶν
3559 678 3804 741 γονάτων
3830 675 4005 744 αὐτῆς

2413 768 2471 820 ἐν
2504 768 2616 830 τοῖς
2641 784 2791 836 μαρμ
2807 767 2979 836 αρίοις
3010 768 3109 837 τῆς
3128 768 3293 834 ἀγὶας
3320 768 3459 822 Σιὼν
3475 770 3614 820 εἰσιν
3639 766 3997 835 δεικνύμενα·
4034 793 4038 795 λ

2412 860 2504 912 καὶ
2532 860 2563 929 ή
2591 860 2879 923 ἀνάκλισις
2936 860 3030 912 ἐπὶ
3069 860 3162 913 τοῦ
3215 860 3389 925 λίθου,
3450 861 3586 914 ὅπου
3624 859 3717 913 τὸν
3768 859 4002 927 gstian

2413 953 2583 1008 ὕπνον
2635 955 2831 1024 μικρὸν
2891 954 3323 1025 μετελάμϐανεν,
3376 956 3552 1025 τιμήν
3583 971 3645 1007 τε
3681 957 3776 1007 καὶ
3832 952 3999 1020 φόσον

2411 1042 2557 1118 εἶχεν
2595 1048 2748 1117 παρὰ
2786 1050 2993 1112 πάντας
3046 1048 3392 1119 ἀνθρώπους,
3418 1050 3513 1103 καὶ
3543 1048 3725 1114 δόξαν,
3746 1048 3807 1101 οὐ
3839 1048 4002 1115 μόνον

2410 1141 2564 1210 παρὰ
2598 1141 2830 1202 πιστῶν,
2862 1142 2999 1195 ἀλλά
3028 1143 3121 1196 καὶ
3170 1141 3644 1211 παραΊουδαῖων·
3686 1142 3781 1194 καὶ
3814 1141 3994 1202 οὐδεὶς

2411 1236 2615 1305 ἐτόλμα
2670 1237 2777 1289 τῶν
2810 1236 3083 1290 Ἰουδαίων
3123 1237 3308 1307 ἄρχων
3359 1237 3392 1305 ἦ
3429 1236 3705 1305 Ἑλλήνων
3764 1234 3999 1304 λαλῆσαι

2414 1330 2545 1395 περὶ
2601 1330 2773 1400 αὐτῆς
2821 1331 2875 1383 τί
2908 1348 3055 1391 ποτε,
3097 1331 3132 1401 ἡ
3163 1330 3527 1399 προσεγγίσαι
3556 1333 3621 1399 τῇ
3664 1329 3817 1401 οἰκία
3867 1328 4000 1382 ἔνθα

2410 1423 2713 1492 κατέμενεν
2741 1441 2754 1454 ·
2793 1424 2931 1476 Σιὼν
2958 1424 3013 1477 δὲ
3065 1424 3161 1476 καὶ
3193 1422 3524 1492 Γεθσημανῆ
3560 1423 3619 1476 τὸ
3650 1422 3786 1476 αὐτό
3824 1425 3996 1475 ἐστιν·

2414 1513 2585 1575 ίάσεις
2612 1513 2669 1566 δὲ
2706 1512 2909 1575 πολλὰς
2963 1513 3294 1566 ἐπιτελοῦσα
3341 1516 3457 1577 τοῖς
3504 1512 3850 1576 ἀσθενοῦσιν,
3903 1513 4001 1565 καὶ

2409 1605 2808 1674 δαιμονιῶντας
2864 1606 3229 1676 ἐλευθεροῦσα.
3282 1605 3394 1659 τῶν
3453 1604 3806 1675 ἀκαθάρτων,
3844 1605 3999 1674 ἐλεη-

2415 1699 2655 1767 μοσύνας
2688 1717 2744 1751 τε
2778 1700 2874 1753 καὶ
2912 1699 3255 1769 ἐπιμελείας,
3299 1702 3380 1763 είς
3422 1699 3548 1762 τοὺς
3608 1700 3861 1767 πτωχοὺς
3908 1699 4001 1752 καὶ

2338 1827 2385 1886 Β
2412 1793 2506 1856 τάς
2543 1793 2737 1862 χήρας.
2790 1792 2982 1853 Οὐδεὶς
3012 1791 3067 1844 δὲ
3133 1792 3244 1843 τῶν
3277 1790 3490 1846 δώδεκα
3538 1790 3861 1843 ἀποστόλων
3884 1790 3998 1842 ἀττ-

2412 1885 2612 1954 εστάλη
2648 1885 2679 1953 ἢ
2718 1885 2993 1955 ἐχωρίσθη
3029 1885 3199 1955 αὐτῆς
3237 1887 3294 1938 ὲν
3322 1887 3388 1955 τῇ
3428 1886 3540 1954 ζωῇ
3576 1886 3748 1954 αὐτῆς
3785 1901 3798 1913 ·
3857 1884 3999 1937 ἀλλὰ

2410 1979 2505 2031 καὶ
2535 1980 2591 2031 ἐν
2624 1981 2690 2047 τῇ
2717 1977 2995 2047 λιθοόολὶα
3032 1976 3127 2030 τοῦ
3162 1978 3639 2047 πρωτομάρτυρος
3689 1978 3997 2044 Στεφάνου,

2409 2069 2533 2139 ἥτις
2565 2070 2794 2136 γέγονεν
2854 2071 2995 2137 μετά
3048 2068 3189 2120 ἐτττᾶ
3219 2067 3313 2137 ἔτη
3366 2069 3468 2137 τῆς
3508 2068 3832 2137 ἀναλήψεως
3862 2068 3985 2133 Χριο

2412 2159 2561 2221 στοῦ,
2614 2159 2819 2221 πάντες
2882 2160 3260 2228 διεσπάρησαν
3307 2158 3447 2229 πλὴν
3494 2160 3602 2212 τῶν
3629 2160 3859 2211 δώδεκα·
3903 2160 3997 2212 καῬ

2410 2247 2556 2320 εἶχον
2577 2250 2669 2304 τὸν
2693 2251 2954 2305 Ἰάκωόον
2984 2251 3074 2305 τὸν
3107 2251 3336 2319 ἀδελφὸν
3361 2251 3455 2304 τοῦ
3510 2252 3715 2322 Κυρίου
3750 2253 3993 2323 πρῶτον,

2410 2345 2506 2396 καὶ
2568 2342 2736 2413 χωρὶς
2794 2341 2962 2395 αὐτοῦ
3022 2342 3245 2395 ἐποίουν
3297 2343 3470 2396 οὐδέν.
3519 2343 3785 2406 Γυναῖκες
3843 2343 3902 2396 δὲ
3933 2344 4001 2396 ἐγ

2409 2436 2686 2505 διαφόρων
2717 2434 2995 2503 ἐπαρχιῶν
3023 2430 3164 2505 ἦσαν
3204 2436 3304 2489 σὺν
3343 2438 3403 2506 τῇ
3436 2437 3687 2508 Θεοτόκῳ
3719 2439 3988 2505 εὐγενεῖς·

2410 2529 2466 2581 αἱ
2503 2528 2624 2597 μὲν,
2660 2528 2723 2579 ἐκ
2756 2527 3085 2596 πνευμάτων
3116 2527 3470 2598 ἀκαθάρτων·
3504 2530 3659 2582 ἄλλαι
3690 2530 3746 2583 δὲ
3791 2530 3995 2583 πίστει·

2407 2620 2468 2672 ἐν
2527 2615 2615 2679 αἷς
2639 2613 2707 2687 ἦν
2742 2618 2895 2687 καὶὴ
2930 2618 3067 2689 γυνὴ
3126 2620 3367 2681 Παυλου,
3428 2619 3503 2683 ὦς
3538 2639 3683 2684 τινες
3716 2622 3996 2689 λέγουσιν.

2480 2712 2606 2765 Kl".
2628 2711 2957 2775 Ἱππόλυτος
2984 2712 3039 2765 δὲ
3072 2715 3097 2764 ὀ
3123 2713 3362 2782 θηὸαῖος
3390 2714 3615 2784 ἱστορεῖ.
3652 2717 3994 2784 πεντήκοντα

2407 2805 2563 2858 ἐννέα
2594 2805 2689 2874 ἔτη
2720 2804 2787 2857 τα
2847 2804 3027 2857 πάντα
3091 2806 3262 2873 αὐτὴν
3312 2806 3477 2875 σαρκὶ
3517 2805 3700 2876 βιοῦν·
3756 2809 3921 2875 ἡμεῖς
3940 2807 3997 2859 δὲ

2405 2898 2741 2967 εὑρίσκομεν
2833 2896 3041 2952 πλεῖον.
3102 2896 3363 2967 ’Δνδρέας
3428 2893 3520 2952 οὗν
3570 2899 3599 2950 ὁ
3656 2898 3996 2970 προρρηθεὶς

2405 2990 2702 3053 ἐπίσκοπος
2754 2990 3003 3060 Κρήτης,
3035 2990 3098 3041 ἐκ
3143 2989 3495 3059 παραδόσεως
3546 2990 3696 3058 λέγει
3748 2992 3827 3054 εἰς
3858 2990 3996 3059 βαθὺ

2406 3081 2585 3150 γῆρας
2633 3080 2807 3149 αὐτὴν
2863 3080 3243 3149 καταντῆσαι·
3313 3080 3585 3135 ’ἐνεκενδέ
3651 3084 3998 3152 πεντήκοντα

722 3174 913 3212 novem
948 3161 1075 3213 anni
1108 3176 1216 3214 non
1253 3161 1465 3215 faciunt
1511 3177 1761 3230 magnam
1795 3174 2152 3219 senectutem.
2193 3164 2296 3220 Sed

2408 3174 2563 3228 ἐννέα
2590 3172 2727 3225 ἐτῶν
2784 3172 2921 3239 βαθὺ
2980 3172 3159 3243 γῆρας
3221 3173 3320 3226 οὐκ
3351 3175 3521 3228 ἐστιν.
3559 3176 3657 3229 Διά
3690 3176 3749 3228 δέ
3772 3179 3872 3239 τὰς
3901 3194 3997 3231 τα-

720 3260 940 3320 prOpter
1002 3253 1444 3321 perturbationes
1500 3270 1658 3307 nemo
1704 3256 1923 3324 scripsit
1974 3268 2060 3312 res
2124 3259 2299 3325 illius;

719 3343 932 3397 Scilicet
965 3344 1034 3398 ob
1064 3345 1425 3414 direptionem
1470 3345 1887 3415 Hierosolyma,
1925 3362 2045 3414 qua:
2073 3348 2304 3419 contigit

719 3438 910 3506 viginti
964 3448 1089 3491 octo
1143 3439 1303 3491 annis
1350 3444 1475 3507 post
1522 3436 1727 3492 Christi
1787 3438 2213 3505 Ascensionem;
2251 3449 2305 3496 et

721 3531 1133 3598 apostolijuxta
1162 3530 1341 3598 angeli
1392 3530 1712 3584 mandatum
1759 3542 2028 3585 venerunt
2060 3532 2114 3586 in
2167 3533 2305 3587 civi-

721 3634 887 3677 tatem
919 3624 1144 3678 nomine
1184 3622 1426 3686 Pellam;
1461 3623 1540 3677 sic
1577 3624 1723 3677 enim
1765 3640 1827 3677 ea
1870 3634 2120 3679 vocatur.
2173 3625 2301 3680 Dio-

719 3718 909 3789 nysius
964 3731 1093 3770 vero
1148 3717 1478 3785 AreOpagita
1512 3715 1632 3783 (72)
1683 3716 1817 3770 dicit
1872 3732 1929 3771 se
1983 3718 2301 3775 interfuisse

718 3807 1039 3862 dormitioni
1080 3807 1323 3875 Dcipara:
1356 3822 1462 3862 una
1504 3823 1626 3862 cum
1661 3806 1969 3872 Timotheo,
2016 3818 2069 3864 et
2104 3809 2298 3864 Iliero-

721 3899 866 3959 theo,
906 3906 960 3953 et
994 3899 1141 3953 aliis.
1178 3898 1243 3953 Ili
1275 3908 1455 3953 autem
1490 3908 1648 3953 erant
1681 3899 1936 3968 discipuli
1983 3901 2130 3955 Pauli
2163 3920 2176 3956 :
2206 3904 2297 3973 qui

720 4001 841 4057 post
873 4006 965 4044 sex
1023 4006 1219 4055 annos,
1280 4000 1333 4045 ct
1392 3991 1681 4045 dimidium
1730 3992 2043 4063 baptizatus
2091 4005 2201 4057 est,
2247 4007 2301 4051 et

722 4093 846 4150 post
879 4090 991 4137 tres
1021 4099 1194 4137 annos
1238 4084 1403 4153 coepit
1456 4085 1777 4155 praedicare,
1830 4095 1883 4139 ct
1931 4094 2059 4155 post
2106 4103 2297 4143 novem

723 4192 896 4231 annos
953 4178 1284 4247 discipulum
1343 4180 1532 4233 habuit
1584 4179 1925 4249 Dionysium.
1982 4181 2070 4233 Ait
2119 4192 2297 4235 autem

724 4271 913 4323 beatus
947 4268 1174 4335 Paulus,
1211 4285 1270 4325 se
1303 4285 1425 4340 p05t
1458 4271 1646 4339 viginti
1695 4286 1867 4325 annos
1898 4270 2217 4325 ascendisse
2247 4274 2300 4325 in

719 4364 1019 4418 Jerusalem
1059 4363 1349 4417 secundum
1392 4364 1759 4418 revelationem
1788 4364 1830 4393 ³³
1877 4361 2028 4433 (73);
2063 4372 2117 4415 ct
2151 4364 2304 4418 inve-

2407 3268 2579 3337 ραχάς
2604 3266 2786 3328 οὐδεὶς
2816 3265 3202 3335 συνεγράψατο
3239 3266 3307 3318 τὰ
3336 3266 3465 3338 περὶ
3492 3267 3666 3336 αὐτῆς
3698 3284 3715 3301 ·
3775 3271 3996 3333 πάντως

2402 3359 2492 3412 δια
2526 3358 2621 3428 τὴν
2672 3360 2944 3413 ἀνάλωσιν
3006 3359 3106 3428 τῆς
3153 3360 3536 3430 Ἰερουσαλὴμ,
3583 3360 3708 3430 ἥτις
3769 3362 3996 3430 γέγονεν

2407 3450 2548 3518 μετά
2580 3450 2758 3502 εἴκοσι
2808 3446 2954 3501 ὀκτὼ
2982 3447 3078 3517 ἔτη
3107 3448 3204 3517 τῆς
3236 3446 3476 3517 Χριστοῦ
3505 3448 3830 3517 ἀναλήψεως
3853 3466 3867 3479 ·
3900 3451 3997 3501 κατ.

2404 3544 2454 3595 οἱ
2488 3542 2776 3596 ἀπόστολοι
2810 3540 3105 3606 ἐξάραντες
3140 3540 3248 3593 ἀπὸ
3296 3538 3658 3609 Ἰερουσαλὴμ
3685 3542 3806 3592 κατ’
3851 3543 3979 3593 ἐπι-

2407 3633 2579 3701 ταγὴν
2614 3632 2848 3699 ἀγγέλου
2878 3627 3043 3701 ἦλθον
3071 3631 3150 3692 είς
3173 3631 3325 3683 πόλιν
3361 3630 3587 3699 ὀνόματι
3609 3631 3820 3683 Πέλλαν
3851 3632 3999 3684 οὕτω

2409 3724 2990 3796 προσαγορευομένην.
3062 3722 3340 3781 Διονύσιος
3397 3721 3452 3774 δὲ
3501 3724 3528 3773 ὁ
3593 3722 3996 3793 ’Δρεοπαγίτης

2406 3816 2556 3882 λέγει
2582 3816 2839 3884 παρεῖναι
2866 3815 2947 3875 εἰς
2986 3812 3084 3883 τὴν
3121 3812 3387 3881 κοίμησιν
3436 3812 3609 3879 αὐτῆς
3651 3813 3791 3881 μετὰ
3824 3813 3997 3882 Τιμο-

2410 3905 2562 3967 θέου,
2607 3904 2703 3957 καὶ
2731 3901 3021 3973 ’1εροθέου,
3056 3900 3151 3953 καὶ
3183 3900 3388 3969 ἐτέρων
3410 3915 3423 3929 ·
3462 3897 3687 3961 τούτους
3709 3899 3763 3951 δὲ
3786 3900 3997 3969 ἐμαθή-

2409 4014 2598 4049 τευσεν
2629 3998 2656 4049 ὁ
2687 3996 2841 4063 ἆγιος
2908 3992 3141 4057 Παῦλος,
3208 3992 3357 4053 ὅστις
3417 3990 3554 4057 μετᾶ
3581 3990 3640 4054 ἒξ
3694 3990 3868 4060 ἥμισυ
3898 3990 3995 4060 ἔτη

2410 4087 2737 4157 ἐϐαπτίσθη,
2776 4088 2871 4141 καὶ
2899 4088 3036 4155 μετά
3065 4086 3191 4157 τρία
3219 4084 3311 4154 ἐτη
3343 4083 3549 4155 ἡρξατο
3576 4082 3669 4136 τοῦ
3701 4083 3995 4153 κηρύγμα-

2411 4196 2522 4242 τος·
2550 4181 2644 4233 καὶ
2679 4180 2819 4249 μετά
2842 4179 2999 4232 ἐννέα
3033 4180 3126 4249 ἔτη
3162 4177 3544 4246 ἐμαθήτευσεν
3572 4176 3660 4228 τὸν
3694 4177 4000 4231 Διονύσιον.

2413 4271 2679 4340 Λέγειδέ
2746 4273 2774 4324 ὁ
2830 4271 3101 4341 μακάριος
3161 4269 3396 4331 Παῦλος,
3464 4269 3603 4336 μετὰ
3658 4270 3833 4321 εἴκοσι
3901 4268 4003 4328 ἐτη

2410 4365 2658 4419 ἀνελθεῖν
2689 4367 2769 4428 είς
2802 4364 3156 4436 Ἱεροσόλυμα
3189 4361 3340 4416 κατὰ
3364 4360 3781 4429 ἀποκάλυψιν.
3825 4363 4000 4431 Εὖρο-

722 4452 905 4510 nimus
936 4455 991 4510 in
1022 4453 1246 4511 scboliis
1275 4454 1412 4525 (74),
1446 4470 1569 4509 cum
1607 4457 1675 4510 ab
1745 4454 1960 4525 Epheso
2006 4463 2196 4523 raptus
2228 4466 2303 4512 est

2426 4477 2527 4531 μεν
2554 4460 2610 4512 ἐν
2645 4459 2901 4529 σχολίοις·
2938 4459 2999 4512 τὸ
3024 4458 3116 4512 οὖν
3139 4456 3248 4510 ἀπὸ
3268 4455 3498 4525 Ἐφέσου
3525 4454 3750 4526 ἡρπάγη
3783 4455 3813 4508 ὸ
3851 4453 3996 4507 Παῦε

2077 4623 2456 4704 Mingarellii
2524 4637 2710 4688 noue.

795 4770 907 4839 (68)
945 4771 1248 4840 Desumpta
1304 4773 1421 4826 hac
1482 4779 1612 4825 sunt
1658 4787 1722 4825 ex
1758 4770 1987 4840 Andreae
2018 4768 2303 4825 Cretensis

725 4844 968 4895 oratione
1004 4838 1180 4911 prima
1216 4844 1270 4896 in
1318 4841 1737 4895 Dormitionem.
1772 4838 2016 4911 Dciparaz
2048 4856 2169 4909 pag.
2200 4842 2302 4896 I22

723 4921 775 4965 et
814 4914 937 4966 I26.
966 4909 1208 4983 O'perum
1246 4912 1420 4983 ipsius
1445 4927 1590 4966 anno
1622 4911 1781 4965 1634.
1812 4909 2040 4964 Parisiis
2071 4913 2306 4980 impres-

725 4997 934 5037 SOI'IIIII.

800 5054 911 5117 (69)
954 5054 1262 5123 Nugaretur
1297 5061 1510 5116 auctor,
1545 5052 1651 5123 nisi
1681 5056 1747 5105 de
1778 5054 1943 5108 meris
1972 5052 2299 5108 urbanitatis

726 5125 919 5176 olliciis
958 5128 1502 5190 accipiendnsesset.
1544 5122 1677 5177 Nam
1718 5130 2008 5189 potestate,
2053 5124 2297 5177 auctori-

727 5205 860 5255 tate,
889 5194 1276 5260 juristlictione
1298 5235 1310 5254 .
1345 5196 1576 5263 claviuﬁm
1616 5192 1922 5247 caelestium
1958 5193 2302 5263 possessione

728 5265 944 5330 primus
984 5269 1103 5319 sine
1148 5267 1316 5319 dubio
1353 5276 1473 5317 erat
1512 5262 1735 5321 Petrus.
1772 5262 2029 5330 princeps
2075 5272 2295 5330 apostoo

728 5334 909 5386 lorum
935 5350 963 5387 a
1002 5336 1230 5387 Domino
1256 5336 1379 5403 ipso
1399 5335 1753 5403 constitutu_s.
1782 5330 1861 5403 Ne
1892 5330 2149 5387 Febronii
2180 5331 2302 5398 qui-

729 5404 849 5455 dem
911 5405 1140 5457 audacia
1190 5420 1253 5457 eo
1283 5399 1539 5468 devenit,
1592 5412 1652 5455 ut
1687 5399 1950 5455 Jacobum
2002 5402 2299 5473 principem

731 5477 1106 5540 apostolorum
1142 5474 1368 5528 diceret.

809 5543 918 5610 (70)
962 5545 1353 5597 Emendatione
1407 5542 1650 5608 indigent
1701 5542 1864 5596 verba
1908 5544 2039 5594 εκαί
2104 5542 2201 5611 μὲν
2235 5542 2300 5594 ἐκ

733 5615 1067 5679 πνευμάτων
1109 5612 1634 5683 ἀκαθάρτων,άλλαι.
1665 5611 1721 5665 δὲ
1770 5611 1968 5665 πίστει.
2012 5612 2298 5678 Quomodo

734 5682 851 5748 ipse
889 5685 1133 5752 legerim,
1167 5682 1316 5737 vides
1355 5685 1406 5735 in
1442 5697 1555 5736 mea
1586 5683 2055 5753 interpretatione.

806 5753 924 5821 ('II)
961 5755 1232 5824 Hippolyti
1260 5754 1500 5807 Thebani
1535 5753 1706 5816 locus,
1739 5768 1900 5824 quem
1944 5754 2076 5807 citat
2095 5767 2301 5824 _mo_na-

735 5822 868 5875 thus
895 5822 1094 5890 noster,
1121 5822 1439 5893 eitstat'pag.
1471 5824 1558 5891 47,
1578 5831 1709 5880 tom.
1734 5823 1776 5878 II
1832 5826 2065 5892 Operum
2089 5822 2143 5888 S,
2174 5822 2301 5892 Hip-

2414 4771 2581 4842 polyti
2602 4771 2884 4844 editorum
2928 4767 3268 4844 a‘rFabricio.
3295 4766 3567 4844 Caeterum
3594 4763 3999 4844 Evodinsquo-

2414 4835 2573 4910 quea
2602 4840 2911 4909 Nicephoro
2934 4840 3029 4894 lib.
3070 4855 3106 4892 ιι
3139 4837 3517 4910 IIist.__ecc_les.
3551 4850 3669 4902 cap.
3707 4835 3761 4910 ξ’),
3784 4835 4001 4910 citatus

2418 4902 2656 4979 idipsum
2721 4902 2953 4964 aﬂirmat
3012 4911 3078 4964 de
3142 4908 3203 4961 Β.
3270 4905 3518 4976 Virgine,
3575 4905 3723 4976 quod
3782 4902 4002 4973 Hippo-

2418 4984 2578 5035 Ivtus.

2436 4999 2598 5120 yl(tisi)
2626 5052 2748 5119 Ipsa
2786 5049 3055 5119 Dionysii,
3101 5056 3195 5120 aut
3226 5045 3683 5120 Pseudodionysii
3732 5042 4001 5120 vel-bac:

2414 5114 2553 5174 libro
2582 5114 2667 5173 ’θα
2712 5114 3308 5174 ῡίνίιιίεἰι‹ηιιὶιιὶι)ιιε.
3336 5133 3454 5184 cup.
3504 5114 3558 5174 5.
3590 5114 3755 5184 θίγω
3787 5114 3845 5165 S.
3884 5114 4003 5165 An-

2410 5192 2578 5245 dreas
2610 5190 2891 5244 Cretensis
2920 5197 3063 5242 orat.
3118 5191 3170 5252 I,
3202 5190 3253 5242 in
3290 5183 3686 5240 Dormitionem
3716 5183 3992 5250 beiparae.

2445 5260 2684 5313 ae.125.

2410 5278 2530 5331 pag.
2565 5278 2684 5313 ιιι.

2484 5332 2597 5394 (75)
2659 5332 2715 5382 In
2776 5330 2939 5392 epist.
2977 5330 3043 5382 ad
3079 5327 3259 5381 Galat.
3295 5342 3351 5389 ιι,
3399 5340 3452 5377 v.
3512 5324 3562 5384 I,
3607 5322 3682 5375 ait
3738 5319 3998 5394 Paulus:

2411 5392 2614 5455 Deinde
2634 5411 2751 5467 post
2779 5417 2945 5454 annos
2968 5397 3370 5467 quatuordecim
3393 5396 3584 5448 iterum
3610 5394 3829 5446 ascendi
3861 5392 4001 5447 Hie-

2420 5472 3998 5539 roaolymam..........3,.........

2418 5536 2643 5596 ascc‘ndi
2673 5550 2854 5593 autem
2885 5539 3186 5593 secundum
3218 5536 3631 5590 revelationem.

2483 5611 2594 5679 (74)
2627 5614 2685 5665 In
2716 5610 2904 5664 codice
2926 5612 3089 5679 locus,
3107 5608 3193 5660 hic
3224 5607 3448 5679 vitiatus
3472 5613 3578 5679 est,
3608 5612 3665 5656 ut
3700 5618 3845 5679 re_or.
3882 5602 3996 5679 Le-

2412 5671 2647 5750 gendqu
2702 5681 2928 5736 forsitan
2975 5699 2985 5733 :
3025 5678 3269 5749 Εὖρομεν
3317 5678 3375 5730 ἐν
3418 5675 3653 5747 σχολίοις
3691 5692 3705 5704 ·
3749 5674 3841 5727 ὅτε
3904 5671 3999 5725 uin

2413 5752 2783 5821 ἀπδἚφέσου.
