4188 6436
732 349 835 414 215

1974 359 2376 422 EPIPHANII
2425 362 2768 424 MONACIII

3883 367 3987 432 216

734 472 862 517 runt
909 475 1031 516 eam
1082 477 1136 516 .n
1167 471 1524 519 monumento
1561 482 1572 517 :
1605 479 1804 535 nempe
1837 468 1891 522 in
1925 468 2302 525 Gethseumui.

2414 474 2507 526 καὶ
2539 477 2677 543 μετά
2723 476 2824 541 τὴν
2875 475 3107 544 ὕμνησιν
3145 477 3512 546 κηδεύσαντες
3552 479 3743 549 αὐτὴν,
3781 481 3988 552 ἔθηκαν

733 555 798 607 Et
825 564 947 623 post
973 569 1203 621 parvum
1242 564 1482 623 tempus,
1518 559 1900 626 spectantibus
1925 562 2182 616 omnibus
2207 565 2301 632 qui

732 645 985 707 aderant,
1033 659 1235 713 corpus
1284 645 1488 701 factum
1542 657 1624 704 est
1683 650 1960 706 invisibile
2012 652 2080 708 ab
2126 655 2304 709 oculis

733 751 946 790 eorum.
974 736 1038 790 Et
1073 753 1266 794 rursus
1305 750 1566 796 canentes
1619 745 1846 817 hymnos
1885 748 2138 802 abierunt
2185 750 2303 804 siu-

732 830 842 899 guli
875 836 938 883 ad
978 832 1227 899 proprias
1257 833 1468 887 domos.

805 921 994 976 XXVI.
1016 925 1156 977 Anni
1182 939 1310 978 vero
1330 925 1448 993 ejus
1474 939 1828 981 numerantur
1849 931 1948 984 sic.
1977 931 2302 1001 Septenuem

735 1025 992 1083 parentes
1041 1033 1159 1072 eam
1211 1017 1442 1074 Domino
1486 1021 1805 1076 obtulerunt
1862 1023 1915 1077 in
1977 1023 2301 1080 Jerusalem.

735 1105 934 1161 Mansit
965 1108 1016 1161 in
1045 1110 1249 1180 templo
1297 1126 1390 1166 sex
1439 1128 1650 1180 annos,
1684 1123 1738 1170 et
1785 1116 2066 1171 dimidium
2107 1130 2208 1173 :et
2252 1120 2305 1174 in

736 1198 898 1253 domo
921 1199 1143 1270 Josephi
1182 1217 1275 1257 sex
1324 1218 1541 1259 menses
1586 1222 1599 1258 :
1632 1214 1764 1262 tunc
1802 1209 2185 1263 annuntiatum
2225 1219 2307 1264 est

735 1290 785 1343 ei
830 1292 1083 1360 gaudium
1117 1294 1284 1349 totius
1319 1297 1528 1350 mundi.
1560 1296 1762 1363 Quinto
1798 1299 2011 1353 decimo
2043 1315 2187 1354 anno
2217 1315 2308 1369 pe-

733 1386 895 1454 perit.
940 1386 1003 1439 Et
1040 1401 1164 1440 cum
1212 1386 1352 1443 Filio
1393 1388 1493 1442 fuit
1522 1389 1738 1458 triginta
1780 1400 1891 1445 tres
1931 1407 2128 1447 annos.
2168 1391 2307 1447 Sunt

735 1475 898 1530 simul
937 1478 1064 1532 anni
1107 1478 1198 1532 48.
1236 1478 1367 1533 Post
1411 1482 1791 1534 ascensionem
1826 1480 1948 1534 Filii
1997 1484 2202 1537 mansit
2252 1485 2306 1538 in

738 1565 903 1623 domo
937 1571 1162 1625 Joannis
1194 1568 1459 1641 Theologi
1515 1573 1566 1625 in
1600 1582 1790 1628 sancta
1823 1573 1949 1629 Sion
1985 1576 2145 1630 simul
2181 1593 2306 1632 cum

736 1662 880 1730 ipso,
909 1670 960 1714 et
994 1662 1115 1715 aliis
1143 1665 1238 1733 qui
1283 1665 1355 1718 ibi
1385 1673 1542 1719 erant
1566 1705 1580 1728 ,
1620 1680 1798 1720 annos
1835 1666 1925 1720 24.
1965 1666 2188 1721 Summa
2224 1677 2308 1723 est

735 1768 1007 1808 annorum
1043 1754 1126 1809 72.
1157 1755 1286 1808 Post
1330 1756 1717 1812 dortnitionem
1758 1773 1882 1813 vero
1929 1769 2136 1814 sanclzn
2178 1759 2306 1816 Dci~

737 1860 882 1914 para!
907 1861 1096 1900 omnes
1126 1847 1357 1916 apostoli
1391 1848 1626 1919 dispersi
1658 1863 1814 1914 sunt;
1843 1861 1892 1905 et
1917 1850 2157 1908 Joannes
2182 1869 2307 1921 pro-

735 1937 910 1992 fectus
936 1945 1019 1992 est
1058 1937 1353 2007 Ephesum.
1407 1940 1690 1996 Matthmus
1735 1953 1916 1997 autem
1971 1947 2304 2016 evangelista

731 2027 860 2082 dicit
900 2045 913 2081 :
948 2045 1120 2098 usque
1151 2031 1217 2085 ad
1255 2035 1715 2102 expugnationem
1756 2035 2116 2108 Jerosolymae
2146 2055 2306 2093 nemo

731 2135 855 2174 tneo
892 2129 1136 2192 tempore
1179 2122 1292 2194 (87)
1340 2126 1540 2180 missus
1594 2126 1713 2181 fuit.
1774 2127 2127 2196 Evangelium
2177 2147 2304 2185 vero

731 2214 874 2282 quod
922 2215 1220 2270 secundum
1257 2219 1431 2287 ipsum
1463 2228 1567 2285 est,
1603 2229 1725 2289 post
1767 2222 1838 2276 50
1868 2236 2043 2276 annos
2075 2223 2300 2292 scripsit

731 2322 796 2360 ex
835 2309 1090 2362 mandato
1131 2307 1320 2364 Jacobi
1377 2310 1567 2367 fratris
1619 2313 1860 2377 Domini,
1901 2316 1993 2383 qui
2044 2316 2196 2379 vixit,
2250 2327 2307 2371 ut

729 2401 886 2464 dicit,
919 2409 1039 2472 post
1074 2403 1462 2458 Ascensionem
1503 2406 1714 2459 Domini
1745 2421 1916 2460 annos
1940 2406 2030 2460 28.
2071 2405 2308 2462 Jacohus

731 2503 912 2548 autem
943 2497 1043 2552 istc
1092 2498 1325 2568 partitus
1356 2509 1442 2553 est
1481 2499 1615 2569 ipsis
1662 2499 1932 2568 regiones,
1981 2512 2034 2554 et
2085 2501 2307 2556 mittens

729 2602 848 2654 eos,
877 2592 1134 2659 praecepit
1167 2590 1490 2660 unicuique,
1525 2600 1583 2645 ut
1619 2593 1850 2661 singulis
1884 2593 2051 2648 annis
2084 2595 2132 2648 ei
2169 2595 2305 2649 scri-

731 2683 921 2736 berent
960 2683 1068 2752 (79}
1112 2684 1240 2753 quid
1271 2686 1531 2739 docerent
1573 2701 1585 2737 :
1632 2686 1776 2756 quod
1818 2693 1873 2741 et
1918 2687 2185 2753 fecerunt,
2246 2696 2304 2741 ut

731 2790 924 2830 eorum
991 2777 1242 2831 doctrina
1297 2787 1667 2833 consentanea
1725 2790 1869 2834 esset
1927 2781 2303 2850 prmdicationi

732 2867 962 2934 Christi,
1010 2869 1098 2924 Cui
1138 2870 1309 2938 gloria
1349 2880 1402 2925 et
1461 2872 1706 2940 potentia
1745 2873 1796 2925 iu
1847 2873 2069 2927 saecula.
2107 2875 2301 2952 Amen.

2409 568 2466 619 ἐν
2501 570 2749 638 μνημείῳ
2775 585 2786 594 ·
2818 568 2975 636 δῆλον
3005 568 3060 620 δὲ
3085 569 3161 630 είς
3193 569 3539 639 Γεθσημανή.
3571 573 3680 624 Καὶ
3715 575 3834 640 μετ’
3875 573 3990 625 ὀλί-

2408 677 2504 728 γον
2552 662 2772 714 πάντων
2817 661 3172 730 θεωρούντων
3218 661 3328 714 τῶν
3377 663 3683 732 παρόντων,
3737 665 3796 716 τὸ
3828 664 3988 733 σῶμα

2407 753 2637 822 γέγονεν
2689 753 2928 821 ἄφαντον
2981 754 3090 807 ἀπὸ
3133 754 3242 806 τῶν
3290 755 3591 824 ὀφθαλμῶν
3648 757 3859 808 αὑτῶν·
3895 760 3989 808 καὶ

2409 847 2574 900 πάλιν
2597 847 2963 915 ὑμνήσαντες,
2995 846 3238 915 ἀπῆλθεν
3265 847 3494 910 ἕκαστος
3515 849 3592 909 είς
3616 847 3684 899 τὰ
3711 848 3838 899 ἴδια.

2479 932 2624 1000 Κατ’.
2679 934 3065 1004 Ἀριθμοῦνται
3090 935 3145 988 δέ
3190 935 3257 988 τὰ
3285 936 3378 1004 ἔτη
3405 935 3573 1004 αὐτῆς
3594 935 3770 998 οὕτως
3794 952 3808 966 ’
3847 935 3985 987 ἐπτά

2409 1027 2547 1080 ἐτῶν
2585 1027 2925 1098 προσέφερον
2987 1029 3035 1079 ol
3066 1030 3245 1096 γονεῖς
3286 1028 3363 1098 τῷ
3403 1029 3593 1098 Κυρίῳ
3639 1029 3722 1104 είς
3759 1028 3987 1097 Ἰεροσό-

2409 1121 2578 1190 λυμα,
2613 1123 2710 1174 καὶ
2739 1122 2795 1173 ἐν
2826 1121 2902 1190 τῷ
2942 1121 3054 1189 ναῷ
3105 1121 3164 1186 ἐξ
3212 1122 3410 1192 ἥμισυ,
3452 1121 3548 1174 καὶ
3576 1124 3654 1183 είς
3685 1121 3776 1172 τὸν
3835 1119 3987 1173 οἷκον

2422 1212 2620 1284 Ἰωσὴφ
2645 1213 2822 1281 μῆνας
2846 1212 2908 1277 ἐξ
2927 1231 2938 1244 ·
2991 1214 3084 1266 καὶ
3113 1213 3476 1284 εὐηγγελίσθη
3499 1214 3597 1282 τὴν
3641 1213 3988 1282 παγκόσμιον

2410 1308 2606 1379 χαρὰν,
2640 1309 2734 1360 καὶ
2757 1308 2836 1377 τῷ
2861 1307 3341 1377 πεντεκαιδεκάτῳ
3370 1309 3478 1361 ἔτει
3503 1308 3691 1361 ἔτεκεν
3717 1325 3730 1338 ·
3763 1308 3854 1359 καὶ
3890 1308 3989 1359 σὺν

2409 1401 2488 1467 τῷ
2543 1401 2658 1470 Υἱῷ
2684 1400 2780 1469 ἐτη
2809 1399 2888 1466 λγ¹
2909 1416 2923 1430 ’
2966 1397 3102 1469 ὁμοῦ
3154 1399 3391 1467 γίνονται
3427 1399 3522 1466 ἐτη
3567 1396 3676 1468 μη’.
3705 1398 3814 1449 Καὶ
3846 1396 3986 1464 μετὰ

2409 1493 2505 1548 τοῦ
2539 1491 2669 1545 Υίοῦ
2715 1492 2815 1558 τὴν
2870 1491 3139 1562 ἀνάληψιν
3193 1494 3274 1554 εἰς
3302 1492 3394 1544 τὸν
3421 1490 3569 1543 οἶκον
3616 1490 3863 1542 Ἰωάννου
3893 1489 3986 1540 τοῦ

2410 1585 2675 1652 Θεολόγου
2705 1586 2786 1646 είς
2810 1584 2907 1652 τὴν
2937 1585 3099 1650 ἁγίαν
3129 1582 3266 1634 Σιὼν
3295 1583 3392 1634 σὺν
3431 1581 3578 1649 αὐτῷ
3611 1582 3704 1632 καὶ
3734 1583 3846 1641 τοῖς
3892 1581 3988 1630 σὺν

2413 1679 2620 1739 αὐτοῖς,
2647 1677 2742 1747 ἔτη
2773 1676 2881 1728 κδ’·
2906 1674 3042 1744 ὁμοῦ
3077 1675 3172 1744 ἐτη
3199 1673 3296 1744 οβ’.
3323 1676 3477 1727 Μετὰ
3507 1675 3562 1727 δὲ
3595 1673 3692 1743 τὴν
3731 1672 3990 1740 κοίμησιν

2411 1770 2511 1839 τῆς
2542 1768 2703 1834 ἁγίας
2759 1767 3026 1820 Θεοτόχου
3059 1765 3258 1827 πάντες
3287 1767 3334 1816 οἱ
3366 1763 3651 1817 ἀπόστολοι
3691 1762 3993 1830 διεσπάρη-

2414 1879 2536 1927 σαν,
2571 1863 2663 1915 xui.
2705 1862 2956 1929 Ἰωάννης
3003 1859 3272 1929 κατῆλθεν
3300 1859 3378 1921 είς
3421 1859 3676 1925 Ἔφεσον.
3711 1855 3989 1909 Museum:

2413 1953 2470 2006 δὲ
2526 1956 2554 2006 ὁ
2605 1952 3002 2020 εὐαγγελιστὴς
3056 1950 3223 2017 λέγει,
3261 1951 3343 2003 ὅτι
3398 1949 3543 2010 Ἕως
3584 1947 3683 2015 τῆς
3734 1944 3990 2003 ἁλώσεως

2425 2044 2802 2115 Ἰερουσαλὴςι,
2859 2043 3036 2100 οὐδεὶς
3083 2041 3325 2110 οὐδαμοῦ
3396 2041 3490 2092 ἐπὶ
3540 2038 3674 2106 ἐμοῦ
3699 2035 3986 2103 ἐπέμφθη.

2411 2139 2484 2192 Τὸ
2530 2138 2585 2189 δὲ
2627 2137 2747 2189 κατ’
2785 2136 2947 2187 αὑτὸν
2980 2133 3311 2202 Εὐαγγέλιον
3348 2131 3486 2201 μετά
3542 2131 3842 2200 τριάκοντα
3892 2126 3991 2190 ἐτη

2412 2231 2672 2301 ἔγραψεν,
2697 2230 2818 2281 κατ’
2849 2227 3152 2297 ἐπιτροπὴν
3181 2225 3442 2279 Ίακὼσου
3480 2222 3574 2276 τοῦ
3611 2219 3839 2288 ἀδελφοῦ
3894 2221 3989 2269 to)

2411 2324 2642 2392 Κυρίου,
2680 2321 2740 2382 ὃς
2759 2319 2973 2388 ἔζησεν,
3001 2319 3075 2381 ὡς
3099 2318 3270 2385 λέγει,
3306 2316 3442 2385 μετὰ
3476 2315 3572 2386 τὴν
3601 2311 3867 2379 ἀνάληψιν
3892 2309 3990 2361 τοῦ

2412 2414 2616 2483 Κυρίου
2652 2414 2745 2482 ἔτη
2794 2418 2901 2480 κη’.
2959 2408 3125 2472 Οὗτος
3195 2411 3251 2462 δὲ
3297 2407 3549 2469 Ἰάκωϐος
3589 2404 3845 2475 ἐμέρισεν
3891 2401 3991 2461 τὰς

2408 2506 2594 2578 χώρας
2626 2507 2812 2568 αὐτοῖς
2833 2521 2846 2533 ’
2879 2505 2976 2558 καὶ
3009 2503 3355 2557 ἀποστέλλων
3397 2500 3619 2562 αὐτοὺς,
3662 2498 3742 2549 ἑνὶ
3771 2494 3994 2560 ἑκάστῳ

2410 2597 2806 2668 παρήγγειλεν,
2846 2598 2934 2650 ἵνα
2983 2593 3166 2658 καθὼς
3211 2594 3477 2654 διδάσκει,
3500 2589 3805 2657 ἀποστέλλῃ
3836 2586 3995 2654 αὑτῴ

2412 2693 2533 2745 κατ’
2563 2690 2833 2751 ἐνιαυτὸν,
2867 2689 2894 2741 ὃ
2923 2689 3018 2741 καὶ
3065 2687 3308 2746 ἐποίουν,
3364 2686 3450 2737 ἵνα
3485 2683 3740 2752 ὸμοφωνῇ
3776 2679 3853 2748 τῷ
3897 2695 3997 2747 κη.

2414 2782 2656 2852 ρύγματι
2713 2780 2804 2833 τοῦ
2849 2779 3088 2851 Χριστοῦ
3115 2795 3127 2808 ο
3156 2772 3200 2846 ᾧ
3245 2776 3428 2846 ήδόξα
3465 2776 3560 2828 καὶ
3594 2775 3654 2827 τὸ
3683 2773 3884 2842 κράτος
3913 2773 3996 2832 είς

2411 2875 2539 2937 τοὺς
2572 2873 2796 2936 αἰῶνας.
2846 2873 3042 2942 Ἀμήν.

2078 2983 2451 3061 Mingarellii
2483 2992 2671 3047 noue.

806 3105 918 3176 (78)
953 3102 1148 3166 Voces.
1183 3106 1276 3176 ἐπὶ
1302 3105 1460 3175 ἐμοῦ,
1497 3106 1533 3160 i.
1564 3107 1759 3176 ersub
1789 3123 1894 3173 me,
1930 3121 2125 3176 nempe
2175 3122 2296 3160 meo

738 3175 1007 3247 tempore,
1039 3175 1325 3231 mendosus
1350 3191 1471 3232 esse
1498 3175 1767 3244 suspicor.

2482 3111 2594 3180 (79)
2623 3110 2804 3166 Codex
2835 3129 2848 3164 :
2885 3109 3216 3179 ἀποστέλλῃ.
3261 3106 3466 3167 Malim,
3503 3105 3815 3175 ἐπιστέλλῃ,

735 3371 3970 3413 W

1180 3550 1809 3639 ΕΠΙΦΑΝΙΟΥ
1877 3553 2440 3642 ΜΟΝΑΧΟΥ
2522 3551 2717 3635 ΚΑΙ
2758 3546 3552 3635 ΠΡΕΣΒΥΤΕΡΟΥ

908 3733 1067 3787 ΠΕΡΙ
1098 3735 1234 3790 ΤΟΥ
1260 3735 1419 3791 ΒΙΟΥ
1449 3740 1570 3793 ΚΑΙ
1601 3739 1738 3791 ΤΩΝ
1768 3738 2084 3793 ΠΡΑΞΕΩΝ
2116 3739 2235 3792 ΚΑΙ
2267 3737 2536 3790 ΤΕΛΟΥΣ
2583 3737 2723 3791 ΤΟΥ
2753 3736 2960 3790 ΑΠοΥ
2993 3735 3116 3789 ΚΑΙ
3148 3733 3635 3789 ΠΛΝΕΥΦΗΜΟΥ
3690 3729 3815 3784 ΚΑΙ

1567 3854 2084 3909 ΠΡΩΤΟΚΛΗΤΟΥ
2143 3853 2278 3906 ΤΩΝ
2333 3852 2750 3908 ΔΠΟΣΤΟΛΩΝ
2794 3851 3136 3907 ΔΝΔΡΕΟΥ.

1113 4181 1744 4273 EPIPHANII
1901 4183 2444 4274 MONACHI
2574 4187 2720 4274 ET
2854 4182 3603 4274 PRESBYTEBI

740 4387 840 4451 DE
877 4386 1059 4451 VITA
1091 4385 1188 4449 ET
1231 4385 1552 4447 ACTIBUS
1590 4386 1685 4448 ET
1721 4386 1989 4447 MORTE
2031 4388 2324 4460 SANCTI,
2365 4388 2463 4447 ET
2502 4385 2754 4447 PLANE
2796 4376 3218 4454 LAUDANDI,
3259 4382 3358 4443 ET
3425 4380 3653 4442 PRIMI
3716 4379 3998 4442 VOCATI

1807 4507 2050 4566 INTER
2092 4505 2530 4567 APOSTOLOS
2567 4503 2921 4566 ANDRElﬁ.

812 4819 1082 4888 Quoniam
1115 4819 1268 4873 multi
1304 4819 1641 4886 scripserunt
1667 4818 1806 4872 vitas
1838 4828 1889 4871 et
1918 4826 2035 4873 acta
2065 4818 2154 4871 Del
2179 4818 2313 4871 ami-
2342 4821 2386 4880 C

745 4931 934 4970 corum
970 4915 1212 4966 virorum
1247 4927 1310 4966 ac
1344 4912 1657 4975 mulierum,
1703 4913 1769 4966 ad
1815 4911 2212 4965 aemulationem
2261 4919 2314 4964 et

2493 4820 2824 4888 Ἐπειδήπερ
2850 4815 3037 4870 πολλοὶ
3066 4815 3446 4886 ἀνεγράψαντο
3472 4815 3621 4883 βίους
3643 4813 3737 4868 καὶ
3761 4815 4004 4884 πράξεις

2419 4911 2682 4979 θεοφιλῶν
2710 4910 2919 4978 ἀνδρῶν
2956 4926 3014 4961 τε
3044 4909 3137 4962 καὶ
3186 4908 3459 4976 γυναικῶν
3508 4907 3644 4976 πρὸς
3691 4907 3850 4974 ζῆλον
3903 4912 4005 4961 καὶ

746 5004 1107 5060 imitationem
1145 5017 1332 5057 eorum
1373 5002 1462 5064 qui
1499 5003 1776 5056 cmlestem
1825 5002 2077 5055 semitam
2122 5001 2313 5054 ambu-

744 5097 857 5151 lare
892 5098 1118 5158 volunt,
1148 5104 1200 5149 et
1233 5109 1384 5163 spem
1433 5095 1635 5148 habent
1676 5109 1843 5163 regna
1892 5093 2156 5148 malorum
2198 5093 2313 5144 mli-

745 5189 989 5256 piscendi
1023 5202 1120 5256 per
1166 5185 1446 5254 angustias
1476 5196 1530 5240 et
1577 5186 1790 5241 labores
1820 5187 2056 5250 multos;
2087 5187 2230 5240 sicut
2263 5196 2316 5239 et

744 5287 1046 5348 martyrum
1100 5280 1277 5332 luctas
1331 5285 1386 5331 et
1432 5277 1612 5344 praelia
1665 5287 1854 5331 contra
1910 5277 2212 5338 diabolum,
2262 5289 2316 5331 et

742 5372 1038 5444 prmclaras
1076 5373 1304 5427 virtutes
1337 5383 1393 5426 et
1424 5372 1710 5435 miracula;
1742 5387 1848 5425 non
1887 5373 2061 5426 solum
2105 5382 2312 5437 autem,

745 5463 840 5517 sed
877 5472 930 5515 et
961 5472 1274 5517 sanctorum
1305 5460 1661 5516 eremitarum
1693 5461 1802 5515 otia
1829 5469 1880 5515 et
1911 5461 2095 5516 mundi
2137 5462 2314 5530 fugas.

746 5564 804 5607 et
828 5568 1116 5625 corporum
1149 5555 1543 5616 ordinationes,
1581 5553 1860 5607 beatorum
1891 5565 2071 5607 autem
2102 5566 2316 5624 aposto-

745 5646 926 5700 lorum
965 5645 1105 5698 vitas
1140 5660 1301 5700 nemo
1332 5644 1589 5698 decenter
1628 5645 1848 5714 scripsnt
1881 5660 1893 5695 :
1926 5645 2104 5699 visum
2138 5657 2222 5701 est
2260 5656 2315 5701 et

746 5736 875 5791 mihi
905 5735 1162 5804 cupienti,
1192 5745 1245 5790 et
1272 5737 1374 5789 hac
1404 5746 1457 5790 et
1485 5736 1607 5790 illac
1633 5737 1920 5806 quaerenti,
1956 5738 2306 5807 investigare,

745 5835 799 5884 et
822 5826 1074 5899 excipere
1095 5842 1158 5884 ex
1186 5827 1418 5885 oculati:
1451 5827 1681 5884 testibus
1711 5839 1764 5885 et
1795 5830 2004 5886 sanctis
2029 5830 2158 5887 viris
2189 5846 2308 5903 ρυλε

2423 5003 2658 5072 μίμησιν
2681 4999 2790 5052 τῶν
2822 5002 2901 5061 είς
2942 5000 3191 5070 οὐράνιον
3245 4999 3432 5067 τρίϐον
3480 4997 3687 5050 ὁδεύειν
3731 4999 4006 5051 θελόντων

2420 5095 2513 5146 καὶ
2546 5093 2765 5151 ἐλπίδας
2805 5092 3038 5160 ἐχόντων
3077 5091 3352 5160 βασιλείας
3394 5091 3640 5159 οὐρανῶν
3701 5092 4008 5144 ἀπολαύειν

2419 5184 2506 5236 διὰ
2533 5184 2766 5252 θλίψεων
2789 5186 2881 5235 καὶ
2915 5185 3096 5235 πόνων
3133 5183 3365 5243 πολλῶν,
3399 5179 3512 5234 οἷον
3553 5188 3652 5244 τὰς
3696 5183 3804 5234 τῶν
3857 5201 4004 5254 μαρ.

2418 5275 2599 5343 τύρων
2632 5274 2977 5341 παλαίστρας
3006 5275 3100 5326 καὶ
3141 5273 3358 5338 ἀγῶνας
3408 5275 3547 5326 κατᾶ
3597 5273 3691 5326 τοῦ
3746 5275 4008 5331 δάὗὸλου

2419 5368 2517 5422 καὶ
2549 5367 3018 5435 ἀνδραγαθήματα
3056 5366 3149 5420 καὶ
3190 5365 3662 5436 θαυματουργίας,
3717 5369 3777 5420 οὐ
3839 5371 4008 5436 μένον

2418 5460 2500 5523 δέ,
2554 5458 2691 5512 ἀλλὰ
2730 5458 2822 5510 καὶ
2879 5458 3043 5509 ὁσίων
3091 5458 3347 5526 ἀσκητῶν
3378 5460 3613 5529 ἡσυχίας
3673 5461 3766 5513 καὶ
3824 5465 4007 5528 quid;

2420 5550 2692 5620 κοσμικὰς
2727 5551 2818 5600 καὶ
2853 5549 3038 5613 τάξεις
3086 5551 3390 5616 σωμάτων
3432 5552 3541 5604 τῶν
3599 5553 3654 5605 δὲ
3708 5558 4009 5623 μακαρίων

2422 5643 2738 5698 ἀποστόλων
2766 5644 2942 5703 οὐδεὶς
2984 5645 3132 5714 βίους
3167 5645 3524 5715 ἀνεγράψατο
3571 5647 3789 5708 αἰσίως·
3853 5649 4008 5714 ἔδοξε

2426 5736 2594 5804 κάμοὶ
2629 5733 2883 5786 ποθοῦντι
2921 5737 3013 5788 καὶ
3049 5735 3299 5806 ζητοῦντι
3339 5732 3440 5792 ὦδε
3479 5741 3727 5798 κάκεῖσε,
3771 5743 4011 5810 ἐρευνῆ-

2428 5829 2636 5886 σαικαὶ
2664 5827 2986 5896 ἐκλέξασθαι
3037 5832 3183 5902 παρὰ
3234 5833 3524 5886 αὐτοπτῶν
3569 5835 3666 5886 καὶ
3725 5833 4012 5902 Cameris-mu
