4188 6436
165 429 263 492 2ιῖ

1454 425 1634 484 VlTA
1679 420 1740 482 S.
1788 421 2144 485 ANDRE/E.

3336 417 3442 482 218

163 538 372 608 ἀνδρῶν
397 537 466 591 τὰ
498 537 624 607 περὶ
658 537 883 600 τούτων,
916 537 1023 592 ἀπό
1057 553 1114 588 τε
1146 535 1466 604 Κλήμεντος
1526 535 1746 608 Ῥώμης

1866 537 1918 592 le
1950 538 2030 592 eis
2065 543 2218 602 sunt,
2259 550 2288 590 a
2337 533 2618 591 Clemente
2655 533 2937 600 Romano,
2979 543 3034 590 et
3065 531 3301 602 Evagrio
3351 531 3442 586 Si-

167 633 256 683 καὶ
290 630 566 700 Εὐαγρίου
615 629 837 682 Σικελοῦ
870 631 962 682 καὶ
1005 629 1325 696 Ἐπιφανίου
1357 629 1455 700 τῆς
1492 628 1744 698 Κύπρου.

168 724 328 791 Λέγει
357 724 469 794 γὰρ
498 725 554 775 ἐν
589 727 654 792 τῇ
683 726 976 792 ἀναγραφῇ
1002 723 1109 775 τῶν
1145 722 1522 792 ὲδδομήκοντα
1573 722 1746 792 μαθηο

166 816 291 873 τῶν,
325 817 410 866 ὅτι
442 815 519 876 ὠς
543 817 592 866 οἱ
636 816 743 884 πρὸ
788 814 920 882 ἐμοῦ
978 813 1336 881 παρέδωκαν
1371 813 1554 882 ἡμῖν’
1591 812 1749 881 δῆλον

169 910 249 960 ὅτι
279 909 552 977 ἀγράφως
584 909 678 959 καὶ
703 907 764 970 ἐξ
798 907 1238 975 ἱστοριογράφων
1267 907 1606 975 ἁποκρὺφων
1655 905 1750 957 καὶ

167 1001 572 1069 ἑγκωμιαστῶν
602 999 829 1067 ἀνδρῶν,
859 999 993 1052 ἀλλὰ
1027 1000 1118 1051 καὶ
1162 999 1218 1063 ἐξ
1260 999 1437 1052 ἄλλων
1473 997 1748 1068 παρόδων.

231 1093 492 1159 Ἐγένετο
524 1093 581 1144 ἐν
605 1094 725 1154 ταῖς
765 1091 1002 1161 ἡμέραις
1069 1089 1337 1160 Ὗρκάνου
1397 1090 1586 1160 ἰερέως
1656 1091 1752 1142 καὶ

169 1184 441 1253 ΙΞασιλέως
467 1183 578 1235 τῶν
624 1183 896 1253 Ἐϐραίων
939 1185 1126 1246 Ἰωνᾶς
1162 1201 1244 1244 τις
1285 1185 1350 1236 ὲκ
1416 1182 1588 1251 φυλῆς
1655 1180 1750 1234 τοῦ

167 1275 386 1345 Σεμεὼν
420 1277 529 1330 ἀπὸ
583 1276 778 1347 κώμης
805 1276 1077 1346 Βηθσαϊδὰ
1142 1276 1230 1346 (ἣν
1280 1275 1507 1345 ὕστερον
1569 1275 1750 1327 ἔκτισε

165 1369 480 1431 Φίλιπποςὸ
501 1370 831 1440 τετράρχης,
869 1369 896 1420 6
925 1368 1038 1430 υἱὸς
1070 1366 1311 1435 Ἡρώδου
1343 1366 1750 1434 Ἀντιπάτρου),

165 1464 221 1524 ὃς
267 1463 400 1532 ἔσχε
465 1462 560 1515 δύο
612 1463 781 1523 υἱοὺς,
829 1461 1050 1531 Σίμωνα
1093 1464 1189 1513 καὶ
1251 1460 1528 1531 Ἀνδρέαν.
1575 1459 1754 1529 nam;

165 1553 218 1603 δὲ
259 1547 332 1623 ἦν
373 1554 520 1603 πάνυ
552 1552 647 1603 καὶ
688 1551 916 1620 ἄπορος.
962 1549 1261 1620 Ἐπιζήσας
1291 1550 1347 1602 δέ
1383 1550 1608 1619 χρόνους
1636 1549 1754 1602 ἱκα-

163 1648 288 1708 νοῖλς
325 1643 707 1714 ἐτελεύτησεν,
747 1643 1064 1696 καταλιπὼν
1094 1645 1222 1706 τοὺς
1262 1645 1456 1705 παῖδας
1501 1645 1558 1694 ἐν
1607 1660 1747 1694 πτω-

163 1737 287 1804 χεία
325 1737 521 1806 πολ-λῇ.
557 1737 620 1788 0!
649 1737 708 1788 δὲ
750 1736 1064 1805 ἐμίσθωσαν
1121 1737 1368 1799 ἑαυτούς.
1419 1736 1529 1790 Καὶ
1576 1739 1603 1789 6
1655 1735 1755 1806 μὲν

163 1831 352 1897 Σίμων
383 1830 559 1897 ἔγημε
591 1829 690 1897 τὴν
724 1829 1000 1898 θυγατέρα
1041 1828 1478 1898 Ἀριστοϐούλου,
1521 1827 1755 1897 ἁδελφοῦ

163 1923 458 1994 Βαρνὰὗου
485 1922 578 1974 τοῦ
603 1923 929 1984 ἀποστόλου,
964 1924 1078 1981 καὶ,
1107 1923 1180 1985 ὥς
1211 1924 1344 1992 φασί
1375 1940 1541 1987 τινες,
1567 1922 1756 1992 ἐποίη-

165 2037 254 2070 σεν
292 2021 416 2070 υἱὸν
462 2021 556 2070 καὶ
589 2018 862 2087 θυγατέρα
897 2033 910 2047 ⁸
958 2020 984 2070 6
1039 2017 1095 2070 δὲ
1168 2017 1425 2086 Ἀνδρέας
1484 2016 1759 2068 ἐπέδωκεν

165 2111 362 2164 ἑαυτὸν
388 2114 454 2179 τῇ
489 2111 709 2180 ἁγνεέᾳ·
747 2109 921 2172 οὐδεὶς
970 2109 1026 2162 δὲ
1063 2109 1246 2162 αὐτῶν
1287 2110 1363 2176 (1)
1412 2109 1758 2178 ἐμεμαθήκει

166 2223 183 2264 ἡ
207 2204 506 2273 ραμματα,
549 2202 666 2254 ἀλλ’
697 2202 946 2268 ἐγένοντο
976 2202 1147 2262 ἁλιεῖς
1175 2203 1238 2271 τῇ
1271 2201 1457 2272 τέχνῃ.
1515 2202 1624 2254 Καὶ
1665 2199 1757 2254 τοῦ

179 2298 436 2349 Ἰωάννου
493 2294 862 2364 κηρύττοντος
924 2295 984 2347 τὸ
1052 2293 1357 2364 βάπτισμα,
1418 2297 1444 2346 6
1504 2294 1761 2360 ’Δνδρέας

168 2389 395 2458 fiat.)va
415 2389 581 2441 αὑτοῦ
603 2389 702 2458 τὴν
728 2387 1014 2457 ἰσάγγελον
1055 2388 1355 2450 πολιτείαν,
1399 2389 1489 2440 καὶ
1518 2389 1579 2440 τὸ
1608 2387 1763 2455 εὖγε·

170 2485 254 2543 νές
300 2480 562 2550 ζηλώσας
609 2479 826 2549 ἐγένετο
875 2481 1037 2536 αὐτοῦ
1069 2483 1350 2553 μαθητής·
1378 2482 1472 2535 τοῦ
1501 2482 1556 2535 δέ
1578 2482 1762 2535 Ἰωάνα

171 2596 262 2628 νου
284 2576 871 2638 δακτυλ.οδεικτοῦντος
898 2575 973 2646 (2)
1005 2575 1096 2628 τὸν
1151 2575 1388 2645 Χριστὸν
1422 2576 1518 2627 καὶ
1572 2575 1759 2628 εἰπόνο

172 2689 292 2734 τος·
331 2673 461 2726 Ἴδε
497 2675 529 2725 ό
567 2672 756 2737 ἀμνὸς
789 2669 895 2724 τοῦ
949 2670 1097 2723 Θεοῦ
1130 2673 1161 2722 ὀ
1191 2670 1377 2733 αἴρων
1425 2667 1540 2732 τὴν
1580 2668 1764 2736 ἁμαρ-

173 2769 308 2817 τίαν
348 2765 456 2818 τοῦ
488 2765 746 2830 κόσμου,
783 2765 811 2816 6
842 2762 1123 2832 Ἀνδρέας,
1185 2761 1427 2823 ἀκούσας
1473 2761 1566 2812 καὶ
1618 2759 1762 2826 ἰδὼν,

175 2856 497 2908 καταλιπὼν
527 2855 620 2906 τὸν
661 2853 918 2920 Ἰωάννην
946 2852 1283 2921 ἠκολούθησε
1307 2851 1385 2920 τῷ
1416 2850 1614 2919 Ἰησοῦ.
1653 2852 1764 2902 Καὶ

177 2951 412 3014 ἐνέγκας
444 2950 536 3000 τὸν
559 2949 692 3000 ἴδιον
721 2947 951 3014 ἀδελφὺν
982 2947 1184 3011 ἔδειξεν
1214 2944 1362 3012 αὐτῷ
1387 2945 1476 2996 τὸν
1503 2944 1760 3013 Χριστὸν,

173 3044 234 3102 ὃς
274 3042 664 3110 μετωνόμασεν
691 3039 852 3091 αὑτὸν
882 3039 1107 3107 Πέτρον.
1145 3037 1253 3088 Τοῦ
1282 3037 1336 3088 δέ
1389 3036 1564 3104 Ἰησοῦ
1613 3036 1764 3100 ἐξελ·-

174 3139 364 3196 telvm;
408 3138 485 3195 εἰς
525 3133 624 3200 τὴν
660 3131 870 3200 ἔρημον
917 3130 1285 3197 πειρασθῆναι
1327 3128 1434 3181 ὑπὸ
1464 3128 1558 3180 τοῦ
1585 3128 1766 3180 διαδό-

1850 631 1978 686 culo
2027 639 2080 683 et
2109 628 2418 698 Epiphanio
2451 626 2670 697 Cyprio.
2721 628 2808 681 Ait
2857 625 3000 680 enim
3063 627 3116 680 in
3177 625 3442 680 historica

1853 724 2157 791 scriptione
2195 723 2262 776 de
2290 721 2640 791 septuaginta
2671 719 2957 790 discipulis
2986 718 3134 788 quod
3175 718 3318 772 sicut
3343 717 3437 787 qui

1850 825 1979 872 ante
2007 833 2093 871 me
2125 816 2350 870 fuerint.
2384 814 2737 869 Tradiderunt
2775 814 2918 868 nobis
2946 815 2988 864 ί.
3027 810 3183 865 Haud
3215 810 3439 864 dubium

1851 911 1982 984 quin
2023 911 2140 964 sine
2186 909 2422 977 scripto,
2464 916 2518 963 et
2552 923 2615 960 ex
2650 907 2969 959 auctoribus
3029 903 3358 974 apocryphis
3389 911 3443 956 et

1853 1005 2197 1078 panegyricis
2231 1004 2385 1067 viris,
2405 1001 2498 1057 sed
2516 1010 2648 1056 etex
2670 999 2790 1053 aliis
2808 998 3112 1052 viatoribus
3138 988 3441 1066 (audierit).

1925 1099 2050 1154 Fuit
2087 1102 2139 1154 in
2168 1098 2362 1154 diebus
2413 1095 2648 1167 Hyrcani
2696 1092 2998 1149 sacerdotis
3047 1105 3101 1147 et
3143 1093 3287 1162 regis
3336 1091 3443 1144 lle-

1853 1197 2148 1256 bratorum,
2177 1190 2347 1248 Jonas
2375 1190 2594 1260 quidem
2625 1203 2691 1242 ex
2734 1187 2878 1241 tribu
2913 1185 3134 1240 Simeon
3156 1193 3210 1240 et
3240 1185 3442 1256 oppido

1857 1286 2152 1343 Bethsaida
2189 1285 2353 1354 (quod
2387 1283 2583 1337 ultimo
2616 1281 2864 1335 condidit
2893 1279 3186 1349 Philippus
3237 1287 3442 1333 tetrar-

1855 1382 1956 1437 cha
1985 1421 2000 1442 .
2043 1380 2186 1433 [ilius
2239 1377 2468 1432 Herodis
2520 1373 2872 1444 Antipatris),
2923 1373 3019 1443 qui
3062 1371 3256 1426 habuit
3301 1371 3443 1426 duos

1859 1475 1998 1530 lllios
2047 1473 2328 1527 Simonem
2378 1480 2432 1526 et
2473 1468 2774 1524 Andream.
2827 1465 3039 1536 Pauper
3085 1474 3264 1519 autem
3326 1473 3444 1519 erat

1855 1567 2013 1622 valde
2047 1575 2101 1620 et
2131 1579 2318 1635 egens.
2352 1562 2489 1616 Cum
2519 1562 2746 1615 vixisset
2798 1567 2979 1613 autem
3026 1558 3215 1612 multis
3258 1556 3441 1617 annis,

1857 1657 2013 1721 obiit,
2049 1656 2322 1727 puerosin
2347 1660 2588 1724 egestate
2619 1665 2813 1721 magna
2852 1650 3188 1719 relinquens.
3220 1646 3325 1714 Qui
3364 1646 3445 1701 lo-

1858 1756 2122 1803 caverunt
2155 1747 2389 1816 seipsos.
2427 1745 2489 1799 Et
2519 1743 2707 1797 Simon
2747 1742 2966 1808 quidem
3015 1757 3241 1795 uxorein
3289 1741 3447 1795 duxit

1864 1841 2028 1894 tiliam
2074 1838 2398 1902 Aristobuli,
2454 1836 2637 1890 fratris
2668 1835 2931 1888 Barnnha:
2970 1833 3251 1903 apostoli,
3285 1844 3339 1886 et
3387 1840 3448 1884 ut

1867 1934 2048 1987 ferunt
2091 1930 2338 2001 quidam,
2396 1929 2560 1986 [ilium
2623 1928 2815 1981 hahuit
2863 1937 2916 1981 ct
2964 1928 3152 1979 tiliam.
3199 1924 3449 1978 Andreas

1867 2032 2052 2079 autem
2095 2022 2334 2078 castitati
2362 2036 2421 2076 se
2455 2018 2640 2084 dedit,
2681 2021 2862 2074 nullus
2891 2034 3020 2072 vero
3063 2031 3253 2072 eorum
3296 2016 3448 2069 dedi-

1865 2125 2016 2172 cerat
2051 2115 2284 2178 litteras,
2328 2113 2422 2169 sed
2467 2113 2597 2167 facti
2651 2123 2783 2165 sunt
2834 2119 2950 2164 arte
3006 2110 3328 2179 piscatores.
3387 2107 3451 2161 Et

1864 2207 2074 2264 Joanne
2105 2207 2437 2277 baptismum
2468 2204 2822 2276 praedicante,
2853 2202 3103 2257 Andreas
3133 2202 3326 2256 videns
3350 2215 3450 2255 an-

1871 2303 2098 2371 gelicam
2159 2301 2280 2369 ejus
2315 2299 2506 2370 agendi
2541 2300 2804 2352 rationem
2864 2305 2918 2352 et
2963 2297 3097 2350 recti
3145 2296 3447 2357 aeumlator,

1867 2393 2045 2447 factus
2077 2401 2164 2447 est
2197 2392 2317 2461 ejus
2350 2389 2679 2459 discipulus,
2710 2405 2834 2443 cum
2869 2398 3050 2442 autem
3083 2385 3324 2442 Joannes
3361 2385 3450 2439 di-

1864 2487 1982 2558 gito
2043 2487 2338 2541 indicasset
2386 2484 2670 2539 Christum
2706 2494 2759 2537 et
2792 2483 3018 2537 dixisset
3051 2498 3066 2536 :
3100 2481 3238 2535 Ecce
3285 2497 3449 2549 agnus

1867 2581 1982 2645 Dei,
2013 2581 2103 2650 qui
2140 2581 2280 2634 tollit
2315 2586 2589 2648 peccatum
2620 2577 2826 2641 mundi,
2864 2577 3116 2630 Andreas
3147 2574 3379 2628 audiens
3399 2582 3453 2627 et

1867 2675 2080 2737 videns,
2119 2673 2342 2742 reliquit
2371 2672 2662 2737 Joannem,
2695 2681 2747 2725 et
2781 2679 3007 2726 secutus
3035 2677 3120 2724 est
3148 2667 3360 2723 Jesum.
3388 2667 3452 2720 Et

1866 2781 1988 2822 eum
2017 2765 2338 2820 adduxisset
2378 2763 2604 2818 fratrem
2656 2778 2854 2827 suum,
2903 2762 3145 2816 ostendit
3192 2762 3240 2814 ei
3291 2760 3453 2814 Chri-

1868 2867 2012 2916 stum
2045 2858 2136 2926 qui
2183 2855 2588 2926 cognominavit
2628 2870 2752 2911 eum
2805 2855 3048 2908 Petrum.
3085 2853 3221 2907 Cum
3268 2861 3452 2904 autem

1867 2947 2089 3002 exiisset
2130 2944 2293 3000 Jesus
2326 2945 2378 2998 in
2411 2945 2690 2998 desertum
2724 2954 2784 2997 ut
2807 2951 3109 2997 tentaretur
3141 2957 3170 2994 a
3213 2941 3453 3003 diabolo,

1868 3038 2064 3094 Petrus
2096 3046 2149 3093 et
2181 3037 2428 3091 Andreas
2460 3037 2660 3090 reversi
2698 3045 2824 3090 sunt
2851 3038 2915 3088 ad
2942 3035 3183 3104 propria,
3220 3042 3271 3087 et
3296 3047 3452 3087 exer-

1875 3131 2074 3187 cebant
2117 3130 2508 3199 piscationem;
2542 3143 2796 3182 reversus
2827 3137 3008 3181 autem
3041 3123 3204 3179 Jesus
3248 3125 3313 3179 de
3359 3125 3454 3177 de-

172 3226 292 3284 λον,
321 3224 534 3290 Πέτρος
559 3221 652 3272 καὶ
705 3220 967 3286 Ἀνδρέας
1015 3217 1365 3286 ὑπέστρεψαν
1398 3219 1478 3279 εἰς
1540 3218 1610 3270 τὰ
1660 3219 1760 3272 ῐδια

1882 3231 2029 3278 serto
2062 3223 2278 3278 vocavit
2301 3236 2419 3288 eos,
2447 3221 2540 3290 qui
2571 3220 2778 3275 relictis
2816 3218 3071 3273 omnibus
3101 3217 3272 3272 secuti
3321 3224 3454 3271 sunt

175 3319 272 3368 κπὶ
302 3315 633 3384 εἰργάζοντο
672 3313 770 3380 τὴν
809 3312 1030 3365 ἁλείαν·
1078 3311 1520 3380 ὑποστρέψαντος
1570 3311 1626 3364 δὲ
1665 3313 1758 3364 τοῦ

187 3409 363 3475 Ἰησοῦ
416 3407 525 3459 ἀπὸ
568 3407 664 3471 τῆς
717 3406 947 3475 ἐρήμου,
996 3404 1252 3457 ἐκάλεσεν
1299 3403 1499 3465 αὐτούς
1537 3420 1553 3436 ⁶
1604 3407 1651 3457 οἱ
1703 3405 1759 3458 δὲ

177 3498 577 3552 καταλιπόντες
611 3496 827 3548 ἅπαντα
852 3495 1230 3563 ἠκολούθησαν
1259 3495 1427 3562 αὐτῷ.

254 3591 360 3642 Ka‘a
392 3592 421 3642 6
456 3588 556 3657 μὲν
579 3587 784 3656 Πέτρος
825 3586 1024 3656 θερμὸς
1053 3585 1131 3654 τῷ
1184 3585 1458 3654 πνεύματι
1497 3581 1566 3654 ἦν
1620 3587 1762 3641 πάνυ

174 3684 275 3736 καὶ
307 3684 386 3743 εἰς
423 3680 706 3748 κοσμικῶν
735 3678 933 3748 χρειῶν
968 3678 1237 3747 μέριμναν
1268 3679 1592 3746 ἐπιτήδειος,
1628 3681 1655 3731 6
1707 3679 1764 3732 δὲ

187 3775 446 3843 Ἀνδρέας
478 3771 661 3841 πραῢς
688 3773 784 3824 καὶ
811 3770 1143 3837 ὀλιγολάλος.
1191 3769 1300 3822 Καὶ
1348 3773 1447 3835 τῆς
1498 3769 1767 3840 πενθερᾶς

181 3861 396 3930 Πέτρου
437 3860 847 3928 τελευτησάσης
877 3859 978 3929 τὴν
1007 3860 1244 3927 γυναῖκα
1275 3860 1302 3912 6
1346 3859 1553 3929 Πέτρος
1595 3859 1766 3929 παρέι

178 3954 319 4005 δωκε
346 3954 412 4021 τῇ
457 3950 730 4024 eeo-mo,

249 4044 359 4096 Τοῦ
409 4042 469 4094 δὲ
525 4041 765 4112 Χριστοῦ
803 4041 1089 4106 παθόντος,
1120 4043 1216 4094 καὶ
1256 4041 1617 4111 ἀναστάντος,
1673 4042 1768 4097 καὶ

181 4133 588 4203 ἀναληφθέντος
632 4135 714 4196 εἰς
759 4133 1045 4204 οὐρανοὺς,
1098 4134 1194 4187 καὶ
1246 4133 1466 4187 Ματθία
1526 4135 1605 4202 (5)
1649 4135 1770 4188 ἀντὶ

181 4225 353 4277 Ἰούδα
409 4222 911 4294 συναριθμηθέντος
971 4225 1084 4285 τοῖς
1160 4223 1356 4278 ἕνδεκα
1426 4225 1767 4289 ἀποστόλοις,

184 4317 325 4385 μετὰ
358 4316 456 4369 τοῦ
487 4317 551 4368 ἐκ
580 4316 806 4385 γενετῆς
841 4315 1014 4385 χωλοῦ
1045 4317 1189 4369 ἴασιν
1207 4315 1467 4385 δαρέντες
1493 4319 1588 4370 καὶ
1620 4319 1758 4371 ἀπο-

182 4408 438 4468 λυθέντες
471 4408 519 4458 ot
546 4407 857 4470 ἀπόστολοι,
889 4407 1028 4460 κατὰ
1061 4408 1158 4476 τὴν
1189 4407 1439 4462 κέλευσιν
1472 4407 1565 4461 τοῦ
1616 4409 1774 4461 Διδα-

185 4499 389 4550 σκὰλου
415 4497 512 4550 δύο
534 4496 629 4549 δύο
664 4495 1015 4565 πορεύεσθαι,
1069 4497 1328 4560 λαϐόντες
1383 4497 1501 4568 μεθ’
1558 4499 1771 4552 ἑαυτῶν

1867 3334 2014 3376 eum.

1941 3584 2006 3638 Et
2033 3581 2230 3636 Petrus
2259 3578 2476 3643 quidem
2505 3583 2620 3631 erat
2648 3573 3067 3628 ardentissimus
3087 3570 3299 3636 spiritu,
3323 3568 3448 3623 etin

1869 3675 2266 3728 mundanarum
2300 3668 2692 3724 necessitatum
2721 3681 2853 3720 cura
2883 3664 3176 3727 sollicitus;
3211 3663 3453 3714 Andreas

1844 3771 2049 3817 “autem
2115 3761 2265 3814 mitis
2318 3769 2374 3813 et
2421 3757 2830 3826 parviloquens.
2883 3754 2946 3808 Et
2996 3754 3252 3808 defuncta
3307 3753 3452 3807 Petri

1870 3868 2053 3916 socru,
2091 3865 2315 3905 uxorem
2351 3847 2582 3902 tradidit
2612 3847 2802 3901 Petrus
2841 3846 2933 3900 Dei
2967 3844 3254 3899 Genitrici.

1942 4032 2164 4088 Christo
2189 4039 2372 4083 autem
2406 4043 2569 4097 passo
2620 4034 2676 4082 et
2720 4026 2986 4090 redivivo,
3044 4034 3097 4079 et
3145 4028 3363 4081 sublato
3400 4028 3454 4080 in

1870 4126 2060 4186 caelos,
2086 4131 2141 4178 et
2166 4120 2392 4174 Matthia
2420 4124 2539 4172 loco
2582 4114 2734 4172 Juda:
2766 4125 3150 4179 annumerato,
3200 4119 3453 4171 undecim

1872 4213 2104 4285 apostoli
2151 4221 2273 4282 post
2331 4208 2672 4264 curationem
2701 4207 2881 4262 claudi
2919 4221 2948 4259 a
2992 4207 3302 4268 nativitate,
3347 4208 3458 4260 vir.

1870 4305 1954 4375 gis
1991 4303 2117 4359 caesi
2149 4309 2201 4356 et
2232 4300 2448 4356 liberati
2490 4299 2746 4368 apostoli,
2785 4299 3088 4354 secundum
3121 4309 3456 4368 praeceptum

1872 4395 2088 4451 Domini
2137 4403 2196 4447 ut
2249 4392 2362 4446 bini
2420 4390 2806 4454 ambularent,
2868 4391 3208 4460 accipientes
3258 4406 3448 4444 secum

1873 4488 2158 4543 Matthiam
2213 4495 2268 4540 et
2320 4484 2515 4537 Caium
2562 4489 2616 4536 et
2661 4482 2798 4538 alios
2834 4482 3157 4553 discipulos,
3202 4484 3457 4538 abierunt

182 4592 439 4645 Ματθίαν
469 4592 562 4645 καὶ
599 4591 761 4644 Γαῖον
784 4592 876 4643 καὶ
905 4592 1127 4660 ἐτέρους
1161 4591 1435 4662 μαθητὰς,
1475 4586 1639 4660 ἦλθον
1689 4591 1760 4654 εἰς

1875 4580 2220 4636 Antiochiam
2255 4577 2448 4647 Syrize.
2494 4574 2559 4628 Et
2607 4573 2968 4644 praedicantes
3009 4576 3234 4628 verbum
3281 4587 3334 4628 et
3378 4575 3459 4626 fa-

183 4683 528 4750 Ἀντιόχειαν
559 4681 658 4750 τῆς
692 4681 914 4750 Συρίας.
945 4683 1054 4736 Καὶ
1075 4682 1415 4753 κηρύξαντες
1463 4682 1552 4733 τὸν
1589 4680 1769 4748 λόγον,

184 4775 277 4826 καὶ
308 4773 642 4841 ποιήσαντες
683 4771 942 4841 θαύματα
970 4773 1166 4838 πολλὰ,
1202 4774 1294 4826 καὶ
1337 4772 1648 4836 διδάξαντες
1682 4774 1775 4825 καὶ

188 4864 638 4934 μαθητεύσαντες
671 4865 921 4928 πολλοὺς,
951 4859 1113 4933 ἦλθον
1137 4865 1217 4926 εἰς
1256 4863 1463 4929 Τύανα,
1490 4863 1645 4915 πόλιν
1675 4864 1775 4930 τῆς

185 4955 616 5018 Καππαδοκίας.
691 4957 803 5008 Καὶ
853 4956 1232 5026 ὐπεδέχθησαν
1296 4957 1444 5026 παρά
1525 4953 1771 5023 Ἰουδαίῳ

183 5049 414 5116 δνόματι
448 5047 814 5116 Ὀνησιφόριρ.
842 5044 972 5101 Εἶτα
1003 5049 1195 5114 νεκρὸν
1240 5048 1645 5118 ἀναστήσαντες
1675 5050 1766 5100 καὶ

185 5141 422 5202 πολλοὺς
458 5140 928 5208 μαθητεύσαντες,
963 5143 1218 5194 κάκεῖθεν
1273 5141 1612 5210 διερχόμενοι
1668 5140 1766 5200 τὰς

191 5234 404 5294 πόλεις,
441 5234 754 5302 ἡρμήνευον
775 5233 1082 5294 διαλύοντες
1109 5233 1207 5293 τὰς
1233 5232 1476 5301 Γραφὰς.
1512 5231 1606 5282 καὶ
1640 5229 1769 5280 θαυ-

189 5324 663 5394 ματοξδργοῦντες,
697 5325 793 5377 καὶ
826 5324 1056 5386 πολλοὺς
1088 5323 1374 5385 πείθοντες
1422 5322 1518 5374 καὶ
1569 5319 1766 5390 βαπτίο

186 5416 398 5478 ζοντες,
436 5417 530 5467 καὶ
559 5414 626 5466 τὰ
659 5413 779 5467 θεῖα
833 5418 1106 5486 μυστήρια
1137 5415 1547 5485 παραδιδόντες,
1580 5410 1776 5478 κατῆλο

261 5600 276 5629 ³
314 5596 445 5651 Luc.
492 5614 531 5662 ι,
560 5596 616 5648 2.

1879 4674 2088 4728 cientes
2133 4668 2383 4739 prodigia
2421 4666 2627 4729 multa,
2664 4677 2718 4720 et
2749 4666 3036 4729 docentes,
3062 4674 3116 4718 et
3153 4665 3458 4732 discipulos

1877 4764 2156 4818 lucrantes
2179 4760 2407 4823 multos,
2432 4767 2701 4812 venerunt
2719 4756 2982 4827 Tyanam,
3012 4757 3286 4809 civitatem
3313 4756 3460 4824 Cap.

1879 4855 2145 4928 padociae.
2201 4852 2268 4906 Et
2313 4851 2574 4922 hospitali
2610 4860 2740 4904 sunt
2765 4850 2907 4920 apud
2949 4848 3197 4904 Judaeum
3234 4851 3458 4903 nomine

1875 4948 2303 5017 Onesiphorum.
2347 4943 2551 4999 Deinde
2604 4953 2893 5011 postquam
2945 4951 3222 4995 mortuum
3279 4940 3458 4994 susci-

1879 5051 2110 5104 tassent,
2157 5047 2211 5094 et
2254 5036 2559 5105 discipulos
2609 5037 2811 5089 multos
2865 5035 3225 5093 ascivissent,
3259 5033 3459 5085 exinde-

1880 5137 2182 5190 lnstrantcs
2244 5131 2496 5184 civitates
2533 5169 2546 5190 ,
2617 5127 3126 5196 interpretabantur
3178 5126 3459 5179 solventes

1882 5229 2218 5296 Scripturas;
2253 5231 2305 5276 et
2339 5219 2582 5290 prodigia
2615 5219 2898 5278 facientes,
2920 5228 2972 5270 rt
3001 5217 3202 5270 inultos
3224 5230 3457 5283 persua-

1879 5314 2563 5381 dentes,cthaptiz:intcs.
2605 5319 2657 5364 ct
2692 5310 2874 5363 divina
2919 5309 3179 5379 mysteria
3233 5310 3456 5360 traden-

1883 5421 1987 5474 tcs,
2019 5414 2287 5464 venerunt
2322 5403 2580 5472 Sinopcni
2618 5403 2891 5456 civitatem
2919 5399 3079 5454 Ponti
3109 5399 3248 5454 inter
3293 5413 3457 5454 voca-

1511 5685 1707 5745 Varire
1741 5684 2070 5745 lectiones.

262 5819 338 5878 ‘11
363 5817 557 5871 Αὐτόν.
598 5815 741 5881 νςιι..

261 5891 340 5960 (Ξ)
369 5888 631 5943 Ausim
664 5883 1019 5950 δεικτοῦντυς.
1058 5884 1175 5939 Vat.

1953 5813 2027 5883 (ἦ)
2051 5811 2311 5865 Ματθίαν.
2346 5807 2464 5867 Vat,
