4188 6436
684 379 790 439 ΞΒ

1919 367 2321 429 EPlPliANIl
2365 370 2713 431 MONACHI

3833 366 3948 433 Ξῖιι

684 503 960 543 carcerem
995 503 1156 556 quem
1188 488 1326 542 ultro
1352 486 1566 556 aperuit
1591 485 1855 548 Andreas,
1882 484 2106 553 signans
2138 500 2260 538 cum

2390 484 2652 554 ῐιατριϐάς
2681 484 2955 538 ἐδείκνυον
2980 485 3108 554 ἡμῖν
3144 486 3237 539 καὶ
3290 486 3388 549 τὰς
3419 488 3690 558 καθέδρας
3720 493 3815 541 καὶ
3848 511 3950 558 την

685 598 843 652 stgno
877 582 1081 646 crucis,
1111 590 1163 635 et
1204 581 1443 635 educcns
1472 580 1755 634 Matthiain
1801 590 1852 635 et
1902 581 2118 635 vinctos
2161 582 2255 651 qui

687 674 949 741 postridie
982 674 1233 727 morituri
1264 680 1442 735 erant,
1476 681 1530 725 et
1556 674 1817 726 ﬁcalneas
1847 675 1937 727 ubi
1969 674 2257 729 abscoiidit

684 782 801 822 eos.
835 777 888 819 et
920 766 1070 820 littus
1105 767 1156 817 in
1188 781 1297 834 quo
1335 764 1631 833 baptizavit
1680 780 1812 831 eos;
1848 775 2005 821 erant
2051 775 2253 828 autem,

686 865 739 907 ut
775 856 945 919 aiunt,
976 870 1204 908 numeio
1245 855 1432 909 decem
1470 863 1522 907 et
1565 862 1815 923 septem;
1847 864 1900 909 et
1930 856 1996 909 de
2046 865 2255 922 septem

686 947 1062 1009 (ίςιιιιιοιιίαοίε,
1096 948 1373 1015 quomodo
1408 948 1580 1000 curati
1610 958 1773 1011 sunt;
1802 956 1856 999 et
1887 948 1951 999 de
1982 946 2111 1001 feris
2145 963 2260 999 nio-

686 1039 839 1091 ribus
875 1054 1065 1092 eorum
1104 1040 1198 1109 qui
1231 1051 1359 1092 tunc
1384 1049 1563 1097 erant.
1589 1040 1823 1092 maxime
1856 1049 2033 1092 autem
2067 1054 2256 1091 eorum

685 1131 775 1197 qui
824 1146 968 1184 nunc
1022 1140 1237 1185 exstant
1292 1132 1558 1186 virorum.
1602 1130 1867 1186 Amisiani
1920 1139 2104 1184 autem
2155 1131 2258 1183 alia

697 1220 854 1273 nobis
898 1224 1231 1288 narrabant.
1282 1220 1553 1275 Caeterum
1614 1222 1927 1276 invenimus
1981 1223 2259 1291 quomodo

684 1310 794 1364 duo
827 1310 1023 1367 fratres
1069 1315 1250 1383 partiti
1285 1314 1394 1368 sint
1418 1315 1613 1369 urbem
1643 1315 1983 1375 iinirersum,
2020 1324 2075 1367 et
2098 1314 2259 1367 Petro

685 1403 908 1471 quidem
946 1406 1207 1474 obtigerit
1246 1417 1303 1460 ut
1367 1407 1731 1459 occidentales
1764 1406 1950 1474 plagas
1982 1405 2256 1460 illumina-

689 1508 793 1558 ret.
829 1498 1057 1552 Andreae
1085 1509 1262 1551 autem
1293 1499 1615 1552 orientales.

2365 578 2551 630 εἰκόνα
2592 576 2686 629 τοῦ
2723 577 3026 630 ἀποστόλου
3059 578 3203 631 πάνυ
3237 578 3562 651 θαυμαστὴν
3590 576 3777 642 οὖσαν.
3823 584 3949 652 ἥτις

2371 670 2651 739 περιόντος
2674 669 2836 722 αὐτοῦ
2870 670 3085 739 ἐγράφη
3111 687 3126 703 ·
3163 673 3258 723 καὶ
3300 673 3370 725 τά
3402 674 3627 740 σημεῖα,
3662 672 3697 725 ἃ
3752 674 3945 738 ἐποίη-

2366 780 2479 825 σεν,
2519 764 2611 815 καὶ
2632 763 2729 833 τὴν
2752 762 3019 832 φυλακὴν,
3057 763 3125 831 ἢν
3164 763 3378 834 ἤνοιξεν
3408 766 3436 817 ὁ
3475 764 3729 833 Ἀνδρέας
3782 766 3947 816 αὖτο-

2370 855 2577 923 μάτως,
2607 854 2917 923 σφραγίσας
2958 853 3128 922 αὐτὴν
3176 855 3271 908 καὶ
3322 855 3610 923 ἐξαγαγὼν
3654 855 3748 907 τὸν
3798 857 3952 908 Maz-

2367 942 2492 997 θίαν
2526 944 2776 1008 καὶτοὺς
2817 943 3232 1012 συνδεδεμένους
3272 944 3569 1014 μέλλοντας
3613 945 3706 996 ἐπὶ
3739 944 3799 995 τὸ
3849 944 3949 996 a5-

2372 1051 2487 1103 ριον
2547 1032 2951 1103 άποθνήσκειν’
3010 1033 3104 1084 καὶ
3151 1033 3251 1093 τὰς
3315 1032 3508 1094 συκᾶς,
3554 1032 3688 1083 ὅπου
3744 1029 3946 1091 αὐτοὺς

2367 1125 2605 1195 ἔκρυψεν
2629 1141 2641 1154 ·
2669 1126 2762 1178 καὶ
2791 1125 2892 1196 τὴν
2938 1123 3105 1193 ὄχθην
3127 1163 3143 1187 ,
3192 1126 3327 1178 ὅπου
3356 1123 3554 1183 αὐτοὺς
3604 1120 3900 1175 ἐϐάπτισεν
3928 1137 3941 1150 ’

2359 1215 2497 1290 ἦσαν
2542 1217 2621 1278 δὲ,
2680 1218 2870 1286 φασιν,
2929 1219 2979 1269 οἱ
3051 1216 3254 1278 πάντες
3316 1213 3633 1269 δεκαεπτάο
3683 1213 3955 1281 καὶπερὶ

2357 1312 2464 1364 τῶν
2488 1310 2626 1364 ἐπτᾶ
2668 1310 3153 1379 δαιμονιζομένων,
3210 1309 3326 1372 πῶς
3370 1309 3601 1373 ἱάθησαν
3628 1325 3643 1340 ·
3678 1306 3774 1359 καὶ
3820 1305 3955 1374 περὶ

2355 1404 2448 1456 τοῦ
2502 1401 2691 1470 ἀγρίου
2750 1402 2917 1470 ῆθους
2971 1401 3081 1453 τῶν
3127 1400 3274 1466 τότε,
3343 1399 3546 1468 μᾶλλον
3590 1398 3646 1451 δὲ
3697 1398 3792 1449 καὶ
3856 1394 3955 1448 νῦν

2357 1491 2678 1563 ἀνθρώπων.
2744 1491 3051 1561 Ἀμισιανοὶ
3113 1493 3169 1544 δὲ
3223 1492 3388 1560 ἔτερα
3447 1492 3578 1559 ἡμῖν
3629 1486 3949 1558 ἐξηγοῦντο·

690 1578 889 1645 Λοιπὸν
952 1591 1205 1661 εὕρομεν,
1255 1590 1329 1651 ὡς
1382 1591 1431 1643 οἱ
1480 1590 1573 1643 δύο
1629 1591 1848 1657 ἀδελφοὶ
1900 1590 2222 1657 ἐμερίσαντο
2275 1587 2367 1639 τὸν
2435 1586 2635 1655 κόσμον
2660 1584 2818 1637 ὅλον·
2853 1585 2947 1638 καὶ
3008 1586 3098 1636 τὸν
3168 1584 3267 1655 μὲν
3328 1584 3534 1651 Πέτρον
3577 1582 3809 1650 λαχόντα
3858 1580 3963 1649 τῆς

690 1686 904 1748 Δύσεως
964 1685 1035 1738 τά
1083 1686 1322 1755 κλίματα
1377 1686 1631 1754 φωτίσαι,
1686 1686 1776 1736 τὸν
1821 1685 1877 1737 δὲ
1950 1684 2208 1753 Ἀνδρέαν
2254 1683 2353 1750 τῆς
2399 1680 2695 1748 Ανατολῆς.

763 1778 1060 1845 Postquam
1094 1780 1258 1846 igitur
1290 1779 1356 1830 ab
1385 1779 1620 1843 invicem
1658 1778 1923 1846 disjuncli
1970 1786 2121 1839 sunt,
2157 1779 2267 1828 An-

2444 1774 2602 1827 Μετὶι
2632 1771 2726 1826 οὖν
2747 1772 2808 1826 τὸ
2831 1772 3259 1844 διαχωρισθῆναι
3280 1773 3479 1836 αὐτοὺς
3513 1770 3607 1825 ἀπ’
3633 1767 3882 1837 ἀλλήλων
3930 1749 3960 1800 δ

692 1871 857 1923 dreas
890 1888 918 1921 a
951 1870 1152 1939 Sinope
1170 1869 1460 1924 disi'eilcns
1478 1870 1909 1937 cumdiscipulis
1934 1880 1987 1923 et
2022 1869 2274 1929 Matthia,

694 1980 714 2009 κ
729 1962 1127 2024 cnitAmisum,
1145 1963 1419 2015 civitatem
1446 1962 1799 2027 maritimam,
1813 1971 1866 2014 et
1885 1962 2103 2014 divertit
2132 1960 2275 2029 apud

698 2053 1065 2106 Domitianum
1098 2052 1386 2120 quemdam
1418 2050 1683 2105 Judaeum.
1715 2051 1779 2103 Et
1817 2051 2051 2104 Sabbato
2080 2052 2283 2119 ingres-

696 2159 792 2197 sus
827 2154 909 2197 est
938 2158 1289 2215 synagogam.
1321 2143 1431 2198 Viri
1467 2154 1646 2198 autem
1672 2144 1775 2199 loci
1797 2145 1955 2212 hujus
1982 2144 2282 2198 bonierant

699 2244 754 2285 rt
783 2235 1011 2302 optimi;
1066 2236 1221 2289 locus
1255 2244 1436 2289 autem
1474 2236 1530 2289 in
1583 2237 1815 2291 veritate
1862 2238 2101 2304 Amysus
2133 2236 2275 2303 (non

696 2320 981 2388 odiosus),
1017 2320 1165 2375 feras
1204 2323 1503 2386 olivarum,
1557 2330 1611 2377 et
1658 2324 1841 2379 omnis
1890 2325 2109 2393 generis
2157 2326 2276 2378 l'rn-

698 2420 909 2467 rtuum.
934 2413 1205 2469 Andream
1239 2424 1421 2470 autem
1450 2418 1753 2487 ingressum
1783 2433 2114 2487 synagogani
2148 2433 2271 2471 cum

699 2507 1012 2575 discipulis.
1047 2508 1527 2577 interrogaverunt
1579 2510 1727 2563 unde
1786 2521 1997 2575 essent,
2049 2518 2104 2566 et.
2148 2515 2275 2580 quis

703 2615 909 2652 sermo.
962 2598 1065 2665 Qui
1100 2599 1179 2653 ait
1216 2618 1227 2653 :
1261 2599 1393 2655 Ji-su
1455 2600 1664 2655 ΟτιΙίΙωί
1722 2602 1975 2670 discipuli
2040 2618 2276 2657 smnus:

704 2689 939 2743 audistis
979 2690 1140 2759 plane
1172 2691 1393 2745 verbum
1428 2692 1571 2758 quod
1615 2707 1898 2757 egressum
1928 2701 2005 2746 est
2031 2692 2100 2745 ab
2117 2690 2277 2745 Jeru-

704 2783 893 2835 salem.
919 2783 1157 2836 Aderant
1176 2791 1355 2839 autem
1380 2784 1695 2848 llero-liani,
1714 2793 1765 2837 et
1787 2785 2072 2837 dixerunt:
2094 2783 2277 2838 Jesum

704 2876 920 2939 quidem
951 2876 1291 2935 audivimus;
1315 2878 1418 2948 sed
1442 2876 1720 2930 llerodem
1746 2876 1977 2929 dicimus
2000 2876 2277 2931 Christum

704 2982 849 3028 cSSt‘,
882 2966 973 3034 qui
1019 2966 1267 3035 deposito
1316 2966 1586 3037 llyreano,
1632 2968 1997 3023 sacerdotium
2046 2970 2287 3036 suscepit

706 3068 754 3109 rt
786 3056 1058 3121 diadema,
1098 3056 1189 3125 qui
1215 3064 1268 3110 et
1296 3059 1536 3125 tr0phma
1565 3057 1733 3111 multa
1759 3059 1949 3110 erexit.
1976 3056 2280 3126 Respondit

2396 1866 2655 1934 Ἀνδρέας
2688 1866 2794 1918 ἀπὸ
2826 1865 3080 1930 Σινώπης
3109 1867 3329 1935 ἀπάρας
3373 1865 3471 1918 σὺν
3523 1866 3637 1926 τοῖς
3685 1860 3966 1930 μαθηταῖς

2386 1959 2481 2010 καὶ
2511 1956 2733 2029 Ματθίᾳ
2772 1953 2937 2027 ἦλθεν
2970 1958 3051 2021 εἰς
3095 1957 3342 2027 Ἀμισὸν,
3410 1956 3567 2009 πόλιν
3608 1952 3970 2018 παραθαλασ-

2389 2050 2511 2105 σίαν
2544 2068 2557 2084 °
2591 2052 2684 2104 καὶ
2734 2052 2949 2121 εἰσῆλθε
2982 2053 3117 2121 πρὸς
3163 2050 3488 2121 Δομετιανόν
3516 2066 3637 2103 τινα
3688 2047 3968 2100 Ἰουδαῖον.

2388 2144 2495 2197 Καὶ
2560 2144 2639 2213 τῷ
2701 2146 2967 2213 massa},
3031 2143 3283 2213 εἰσῆλθεν
3336 2145 3418 2205 εἰς
3462 2141 3561 2211 τὴν
3613 2140 3965 2206 συναγωγήν.

2383 2234 2445 2283 Οἱ
2506 2233 2561 2284 δὲ
2609 2234 2845 2285 ἐντόπιοι
2896 2233 3172 2303 ἄνθρωποι
3235 2233 3391 2285 καλοὶ
3456 2232 3551 2285 καὶ
3628 2229 3823 2298 ἀγαθοί
3857 2244 3873 2259 ·
3940 2230 3969 2279 ὁ

2383 2322 2438 2374 δὲ
2460 2321 2625 2385 τόπος
2653 2323 2794 2376 κατὰ
2823 2323 3084 2392 ἀλήθειαν
3131 2324 3352 2393 άμισος,
3404 2323 3712 2392 ᾳυτοκόμος
3768 2319 3970 2374 ἐλαιῶν

2386 2415 2479 2466 καὶ
2504 2415 2773 2467 παντοίων
2809 2416 3057 2486 καρπῶν.
3082 2415 3194 2469 Τοῦ
3240 2416 3295 2470 δὲ
3321 2415 3574 2486 Ἀνδρέου
3620 2413 3970 2473 συνελθόντος

2388 2508 2484 2558 σὺν
2514 2509 2625 2568 τοῖς
2671 2507 2946 2578 μαθηταῖς
2996 2512 3074 2572 είς
3135 2508 3231 2579 τὴν
3277 2510 3623 2577 συναγωγὴν,
3682 2506 3970 2576 διηρὼτων

2383 2598 2548 2651 πόθεν
2577 2600 2672 2652 καὶ
2717 2601 2799 2663 τίς
2830 2602 2858 2653 ὁ
2886 2600 3041 2667 λόγος
3080 2601 3279 2653 αὐτῶν.
3318 2601 3377 2654 Ὀ
3424 2600 3481 2654 δὲ
3535 2596 3689 2654 εἶπεν
3721 2615 3737 2632 ⁹
3785 2599 3967 2668 Ἰησοῦ

2384 2690 2478 2743 τοῦ
2523 2691 2808 2743 Γαλιλαίου
2842 2690 3082 2761 μαθηταί
3147 2693 3315 2761 ἐσμεν
3350 2706 3365 2722 ·
3420 2692 3640 2754 πάντως
3694 2690 3756 2742 τὸ
3813 2690 3970 2758 ῥῆμα

2385 2781 2659 2850 ἠκούσατε
2712 2783 2774 2835 τὸ
2808 2783 3020 2846 ἐξελθὸν
3067 2784 3177 2837 άπὸ
3252 2783 3637 2854 Ἰερουσαλήμ.
3699 2782 3969 2850 Παρῆσαν

2386 2874 2443 2927 δὲ
2480 2875 2807 2944 Ἢρωδιανολ
2837 2878 2934 2929 καὶ
2969 2872 3122 2929 εἶπον
3151 2894 3167 2909 ·
3193 2877 3297 2928 Τὸν
3336 2876 3436 2945 μὲν
3482 2873 3693 2943 Ἰησοῦν
3723 2875 3970 2943 ﬂectis:-

2391 2984 2509 3035 μεν,
2538 2969 2630 3020 τὸν
2657 2969 2715 3021 δὲ
2754 2968 3005 3038 Ἡρώδην
3035 2968 3271 3037 λέγομεν
3314 2965 3455 3022 εἶναι
3502 2968 3757 3037 Χριστὸν,
3789 2967 3849 3029 ὃς
3877 2966 3971 3020 τὸν

2391 3061 2666 3128 ’Υρκανον
2727 3061 2974 3113 καθελὼν
3042 3061 3326 3130 περιέθετο
3391 3060 3488 3129 τὴν
3545 3058 3968 3129 ἀρχιερωσύνην

710 3148 953 3201 Andreas
984 3165 998 3202 :
1030 3146 1271 3201 llerodes
1295 3148 1604 3217 alienigena
1635 3157 1753 3202 erat
1783 3147 1926 3201 ﬁlius
1956 3147 2278 3217 Antipatris,

2390 3150 2477 3203 καὶ
2508 3150 2568 3203 τὸ
2603 3151 2867 3221 διάδημα,
2896 3151 2955 3215 ὃς
2990 3153 3086 3204 καὶ
3110 3152 3351 3224 τρόπαια
3382 3151 3553 3204 πολλὰ
3592 3152 3963 3220 ἀνεστήσατο.

708 3239 852 3292 Servi
916 3239 1219 3293 sacerdotis
1279 3238 1650 3303 Ascalonita;
1712 3237 1957 3294 Herodes
2008 3239 2281 3294 homicida

708 3341 849 3391 erat,
892 3344 1184 3399 puerorum
1214 3329 1565 3393 interfector,
1610 3339 1663 3385 et
1708 3330 1761 3384 in
1816 3330 2076 3384 mulieres
2136 3332 2285 3386 insa-

713 3425 895 3477 niens.
932 3421 1053 3478 Non
1085 3434 1202 3477 erat
1231 3424 1491 3487 Judmus;
1530 3423 1597 3478 de
1633 3424 1780 3477 tribu
1812 3422 1953 3477 Juda
1980 3424 2285 3493 loquuntur

714 3515 1019 3583 prephctae.
1092 3514 1521 3583 Responderunt
1577 3514 1668 3567 alii
1732 3522 1787 3569 et
1848 3514 2110 3569 dixerunt
2157 3516 2285 3584 quia

713 3607 980 3660 Joannem
1022 3622 1087 3659 ex
1126 3608 1273 3660 tribu
1310 3605 1450 3659 Juda
1484 3615 1539 3659 et
1580 3606 1864 3661 Zacharias
1886 3606 2190 3661 sacerdotis
2223 3606 2288 3659 ii-

718 3699 823 3751 tius
858 3706 1025 3754 esset.
1051 3698 1113 3750 Et
1138 3701 1211 3749 ait
1236 3698 1483 3753 Andreas
1511 3715 1525 3752 :
1554 3696 1794 3761 Fratres,
1826 3698 2011 3751 audite
2036 3713 2142 3752 me.
2176 3696 2289 3767 Ego

715 3789 943 3843 Joannis
978 3790 1189 3858 primus
1230 3790 1540 3859 discipulus
1600 3790 1820 3855 exstiti;
1879 3805 1981 3859 ego
2014 3803 2044 3842 a
2079 3787 2292 3843 Joanne

724 3883 958 3950 primum
1026 3883 1253 3937 edoctus
1308 3898 1427 3935 sum
1471 3897 1595 3935 eum
1647 3881 1791 3935 aliis.
1862 3882 1928 3934 Et
1986 3880 2290 3950 prmdicaus

721 3975 965 4030 Joannes
1016 3976 1347 4044 baptismum
1391 3976 1747 4044 prnuitentiae,
1778 3974 1918 4027 vidit
1972 3972 2159 4028 Jesum
2196 3988 2293 4027 ve-

723 4070 959 4121 nicntem
1012 4067 1079 4121 ad
1124 4082 1205 4130 se,
1249 4074 1304 4119 et
1348 4066 1517 4136 digito
1577 4065 1829 4120 indicans
1887 4066 2037 4119 illum
2101 4064 2178 4119 ait
2228 4063 2297 4120 de

721 4155 849 4209 Je-su
881 4175 894 4209 :
933 4154 1064 4210 Erae
1106 4157 1284 4225 Agnus
1314 4155 1411 4209 Dei
1438 4158 1528 4225 qui
1554 4156 1692 4208 tollit
1737 4164 2010 4224 peccatum
2044 4153 2228 4208 mundi
2254 4156 2295 4209 '.

725 4247 789 4307 Et
829 4247 966 4303 dixit
994 4248 1058 4301 ad
1087 4247 1274 4302 Jesnm
1305 4266 1318 4300 :
1354 4245 1463 4316 Ego
1492 4248 1650 4301 debeo
1681 4265 1711 4301 a
1738 4257 1785 4301 te
1829 4248 2121 4317 baptizari,
2148 4256 2199 4301 et
2241 4256 2297 4301 tu

725 4340 867 4392 umis
895 4339 966 4391 ad
1000 4355 1080 4392 me
1106 4341 1126 4370 ¹
1148 4339 1174 4391 2
1204 4340 1265 4391 Et
1289 4340 1612 4393 testiﬁcatus
1637 4347 1721 4393 est
1745 4336 1984 4393 Joannes
2009 4338 2077 4393 de.
2109 4337 2240 4393 Jesu
2280 4356 2294 4393 :

727 4428 865 4494 Quia
892 4430 995 4484 vidi
1033 4429 1287 4497 Spiritum
1341 4430 1732 4484 descendentem
1771 4440 1819 4485 et
1854 4438 2083 4484 stantem
2139 4446 2296 4499 super

728 4534 882 4582 eum;
921 4535 1012 4589 ego
1064 4522 1269 4588 quidem
1322 4523 1613 4574 nesciebam
1652 4537 1808 4586 eum;
1857 4522 1946 4575 sed
1992 4523 2081 4591 qui
2156 4524 2298 4576 misit

730 4633 812 4669 me
845 4618 1121 4684 baptizare
1166 4619 1249 4670 hic
1294 4618 1423 4668 mihi
1489 4616 1647 4671 dixit.
1705 4616 1875 4685 Super
1914 4634 2065 4688 quem
2110 4619 2301 4674 videris

732 4707 993 4776 Spiritum
1020 4708 1113 4762 Dei
1141 4709 1535 4762 descendentem
1575 4711 1709 4761 sicut
1758 4710 2069 4763 columbam
2110 4718 2160 4763 et
2188 4728 2307 4764 ma-

734 4809 935 4854 nentem
991 4816 1146 4866 surer
1182 4817 1322 4864 eum,
1355 4802 1440 4852 hic
1469 4809 1545 4853 est
1578 4800 1754 4854 Filius
1816 4800 1911 4853 Dei
1958 4802 2058 4854 vivi
2085 4803 2126 4854 ³.
2182 4802 2305 4857 Ηςιιο

735 4891 963 4945 audiens
997 4908 1097 4960 ego
1121 4893 1368 4946 Andreas
1400 4908 1426 4944 a
1454 4891 1692 4954 Joanne,
1726 4892 2047 4962 relinquens
2072 4907 2196 4948 eum
2218 4908 2306 4949 ses

736 4995 897 5039 cutus
967 5001 1085 5039 sum
1125 4985 1308 5041 Jesum
1371 4986 1530 5040 annis
1585 4986 1784 5039 tribus.
1840 4986 1899 5038 Et
1963 4987 2085 5055 plus
2140 5001 2303 5055 quam

739 5078 983 5147 prodigia
1012 5078 1207 5148 lloysis
1234 5092 1419 5132 coram
1452 5079 1610 5132 nobis
1628 5078 1757 5132 fecit
1778 5077 1960 5133 Jesus.
1991 5077 2056 5131 Et
2087 5086 2208 5148 post
2240 5091 2305 5131 ea

741 5187 861 5237 qua:
882 5174 1197 5239 prmscripta
1221 5181 1376 5224 erant
1401 5187 1428 5224 a
1457 5172 1737 5241 prophetis
1774 5172 1841 5226 de
1869 5186 1957 5236 eo,
1989 5170 2307 5226 sacerdotes

738 5262 868 5316 odio
900 5261 1164 5317 habentes
1192 5278 1317 5316 eum
1352 5263 1697 5319 tradiderunt
1740 5263 1918 5316 Pilato
1959 5261 2183 5332 prtesidi
2208 5260 2308 5315 Ju-

741 5351 891 5415 duear,
921 5352 1391 5408 etcrucilixerunt
1432 5369 1579 5421 eum,
1630 5353 1808 5408 Pilato
1846 5356 2064 5408 lavante
2110 5367 2308 5422 manus

743 5445 900 5511 quasi
939 5445 1261 5499 innocente.
1316 5444 1380 5499 Et
1431 5447 1687 5515 deposito
1740 5463 1805 5501 eo
1849 5448 1902 5501 in
1958 5455 2315 5501 monumento

750 5550 911 5597 novo,
945 5538 1108 5589 tertia
1136 5536 1225 5591 die
1260 5546 1386 5592 ante
1417 5550 1670 5591 auroram
1715 5539 1975 5600 surrexit,
2000 5546 2054 5591 et
2080 5552 2173 5605 per
2198 5536 2317 5591 dies

750 5628 1113 5698 quadraginta
1167 5630 1319 5683 visus
1380 5641 1465 5683 est
1512 5632 1698 5695 nobis,
1738 5640 1789 5684 et.
1827 5631 1995 5700 jussit
2048 5628 2210 5683 nobis
2253 5638 2313 5682 ut

830 5810 1056 5867 "Joan.
1102 5818 1256 5884 t,':.’9.
1338 5812 1565 5870 ’Matth.
1634 5832 1711 5882 ut,
1771 5817 1855 5870 Η.

2384 3242 2687 3312 Ἀπεκρίθη
2732 3244 2761 3295 ὁ
2833 3243 3131 3312 Ἀνδρέαςο
3218 3242 3469 3314 Ἡρώδης
3539 3243 3845 3311 ἀλλόφυλος
3902 3237 3972 3311 ἦν

2386 3334 2503 3396 υἱὸς
2574 3333 2960 3406 Ἀντιπάτρου,
3018 3336 3207 3389 δούλου
3275 3336 3468 3406 ἱερέως
3535 3336 3972 3390 Ἀσκαλωνὶτου·

2402 3426 2652 3498 Ἡρώδης
2716 3430 3005 3498 μιαιφόνος
3056 3425 3146 3500 ἦν,
3181 3431 3538 3491 τεκνοκτόνος
3587 3429 3683 3481 καὶ
3714 3444 3977 3494 γυναικο-

2393 3520 2586 3589 μανὴς.
2622 3520 2735 3572 Οὐκ
2795 3516 2864 3591 ἦν
2914 3521 3166 3583 Ἰουδαῖος
3196 3537 3211 3551 ·
3262 3521 3388 3589 περῖ
3409 3522 3509 3588 τῆς
3560 3520 3734 3587 φυλῆς
3804 3518 3976 3570 Ἰούόι

2391 3606 2546 3663 εἷπον
2574 3613 2619 3663 οἱ
2652 3614 2957 3680 προφῆται.
2978 3611 3385 3682 Ἀπεκρίθησαν
3418 3611 3594 3681 ἕτεροι
3654 3610 3752 3663 καὶ
3796 3605 3976 3672 εἷπον,

2392 3702 2477 3754 ὅτι
2523 3700 2779 3771 Ἰωάννης
2822 3704 2887 3754 ὲκ
2941 3701 3118 3769 φυλῆς
3176 3701 3370 3765 Ἰούδα,
3418 3702 3513 3753 καὶ
3582 3701 3607 3753 ό
3674 3700 3979 3766 ἀρχιερέως

2394 3793 2669 3862 Ζαχαρίου
2723 3793 2855 3855 υἱός.
2912 3792 3025 3846 καλ⁵
3080 3790 3235 3846 εἶπεν
3296 3793 3326 3844 ό
3378 3790 3979 3862 Ἀνδρέας-Ἀδελφοτ,

2396 3882 2671 3937 ἀκούσατέ
2722 3900 2846 3949 μου.
2917 3881 3060 3949 Ἐγὼ
3129 3882 3379 3936 Ἰωάννου
3437 3880 3683 3951 μαθητὴς
3710 3881 3929 3951 πρῶτος
3964 3899 3978 3911 ·

2396 3972 2508 4042 ἐγὼ
2542 3972 2789 4026 Ἰωάννου
2829 3973 3052 4044 πρῶτον
3081 3973 3466 4043 ὲμαθητεύθην
3513 3973 3651 4041 μετά
3704 3973 3799 4024 καὶ
3860 3974 3982 4024 ἑτέ-

2401 4083 2531 4137 ρων.
2575 4066 2685 4118 Καὶ
2710 4065 3003 4137 κηρύσσων
3032 4068 3061 4119 ό
3082 4064 3338 4137 Ἰωάννης
3369 4065 3657 4135 βάπτισμα
3685 4064 3983 4134 μετανοίας

2400 4154 2541 4212 εἶδεν
2563 4160 2655 4212 τὸν
2703 4157 2909 4228 Ἰησοῦν
2936 4158 3229 4227 ἐρχόμενον
3255 4157 3393 4227 πρὸς
3427 4156 3619 4221 αὐτὸν,
3646 4158 3738 4209 καὶ
3764 4156 3983 4208 δακτυ-

2400 4249 2691 4302 λοδεικτῶν
2720 4245 2874 4301 εἶπεν
2908 4249 3035 4318 περὶ
3060 4248 3155 4301 τοῦ
3187 4248 3360 4320 Ἰησοῦ
3391 4264 3406 4279 ο
3448 4248 3559 4302 Ἴδε
3586 4251 3619 4302 ό
3655 4248 3845 4316 ἀμνὸς
3871 4247 3984 4300 τοῦ

2406 4342 2554 4396 Θεοῦ
2578 4346 2610 4397 ό
2637 4342 2823 4409 αἴρων
2856 4340 2971 4408 τὴν
2996 4342 3291 4410 ἁμαρτίαν
3313 4343 3421 4396 τοῦ
3454 4342 3710 4409 κόσμου.
3761 4342 3870 4392 Καὶ
3907 4336 3989 4391 εἷ-

2404 4453 2505 4488 πεν
2526 4436 2604 4503 τῷ
2631 4432 2809 4503 Ἰησοῦ
2834 4454 2843 4466 ι
2890 4435 3032 4502 Ἐγὼ
3062 4434 3273 4502 χρείαν
3300 4434 3418 4501 ἔχω
3449 4435 3569 4488 ὑπὸ
3623 4432 3739 4485 σοῦ
3764 4433 3995 4495 ,ϐαπτι-

2404 4525 2647 4593 σθῆναι,
2675 4526 2771 4579 καὶ
2798 4526 2880 4579 σὺ
2906 4527 3054 4594 ἔρχῃ
3084 4526 3235 4593 πρὸς
3267 4525 3370 4593 ἑ]ιέ
3394 4543 3412 4589 ,'
3438 4527 3549 4578 Καὶ
3598 4524 3990 4594 ἐμαρτύρησε-ι

2406 4622 2436 4675 ό
2463 4620 2719 4689 Ἰωάννης
2762 4623 2890 4689 περὶ
2925 4620 3019 4672 τοῦ
3057 4619 3256 4688 Ἰησοῦ,
3280 4621 3363 4672 ὅτι
3408 4619 3685 4687 Τεθέαμαι
3714 4619 3780 4671 τό
3805 4620 3995 4672 Πνεῦ-

2403 4733 2489 4784 μα
2527 4713 2890 4768 καταϐαῖνον
2920 4712 3017 4766 καὶ
3045 4712 3235 4781 μένον
3264 4711 3356 4765 ἐπ’
3402 4712 3621 4765 αὐτόν’
3668 4710 3829 4779 κάγὼ
3877 4712 3994 4763 οὐκ

2413 4805 2582 4874 ᾔδειν
2600 4806 2818 4859 αὐτόν’
2847 4805 2988 4859 ἀλλ’
3025 4807 3061 4858 ὸ
3088 4806 3332 4873 πέμψας
3365 4820 3441 4871 με
3474 4802 3809 4867 βαπτίζειν,
3838 4803 3997 4855 ἐκεῖ·

2410 4899 2518 4962 νός
2539 4915 2641 4966 μοι
2666 4895 2839 4951 εἶπεν
2864 4914 2878 4928 ·
2913 4896 3041 4964 Ἐφ’
3072 4896 3143 4949 ὃν
3168 4895 3245 4949 ἂν
3292 4895 3427 4962 ἴδῃς
3484 4896 3551 4949 τὸ
3600 4893 3843 4961 Πνεῦμα
3886 4894 3996 4946 τοῦ

2410 4989 2561 5044 Θεοῦ
2590 4989 2952 5043 καταϐαῖνον
2976 4988 3121 5042 ὡσεὶ
3153 4986 3516 5055 περιστερὰν
3557 4988 3653 5040 καὶ
3680 4986 3875 5054 μένον
3897 4987 3993 5037 ἐπ’

2409 5080 2616 5141 αὑτὸν,
2641 5076 2746 5135 οὗτ
2772 5081 2822 5143 ές
2839 5080 3011 5132 ἐστιν
3039 5083 3071 5133 ὁ
3103 5080 3235 5145 Υἱὸς
3269 5078 3375 5132 τοῦ
3420 5077 3571 5131 Θεοῦ
3600 5074 3708 5129 τοῦ
3750 5076 3992 5141 ζῶντος.

2411 5168 2595 5222 Ταῦτα
2615 5169 2853 5232 ἀκούσας
2892 5168 3003 5236 ἐγὼ
3025 5168 3285 5239 Ἀνδρέας
3312 5168 3467 5237 παρά
3507 5168 3784 5229 Ἰωάννου,
3821 5183 3996 5219 κατα-

2410 5261 2583 5317 λιπὼν
2605 5261 2768 5314 αὑτὸν
2789 5261 3132 5330 ἠκολούθησα
3173 5261 3250 5331 τῷ
3294 5260 3469 5331 Ἰησοῦ
3526 5259 3623 5330 ἔτη
3661 5260 3814 5330 τρία.
3883 5261 3996 5313 Καὶ

2419 5353 2560 5422 ὑπὲρ
2590 5352 2656 5405 τὲ
2686 5352 2942 5421 θαύματα
2969 5352 3212 5415 Μωσέως
3252 5353 3485 5406 ἐνώπιον
3525 5351 3684 5421 ἡμῶν
3732 5352 3999 5422 ἐποίησεν

2410 5448 2438 5499 ὁ
2477 5444 2712 5513 Ἰησοῦς.
2775 5446 2930 5498 Μετὰ
2977 5446 3032 5497 δὲ
3088 5448 3158 5500 τά
3205 5445 3682 5516 προγεγραμμένα
3724 5444 3832 5496 ὑπὸ
3884 5444 3999 5497 τῶν

2416 5538 2712 5608 προφητῶν
2742 5538 2869 5606 περὶ
2896 5535 3063 5589 αὐτοῦ
3095 5539 3143 5589 oi
3182 5539 3463 5607 ἀρχιερεῖς
3494 5536 3867 5606 φθονήσαντες
3897 5536 3998 5588 αὖ·

2417 5631 2509 5684 τὸν
2539 5628 2863 5699 παρέδωκαν
2902 5628 3240 5700 Πιλάτῳ,τῷ
3287 5628 3520 5699 ἡγεμόνι
3555 5631 3652 5696 τῆς
3726 5628 4001 5689 εου“αἷας,

1934 5814 1950 5842 ³
1988 5813 2147 5868 Joau.
2174 5830 2211 5882 ι,
2239 5812 2326 5877 53,
2355 5808 2444 5863 55.
