4188 6436
723 402 827 463 227

1958 393 2080 450 ΕΡΙ
2094 388 2327 449 ΡΠΑΝΙ
2343 389 2364 446 1
2403 384 2508 445 ΜΟ
2522 384 2749 445 NACH]

3873 382 3977 444 228

723 510 1001 580 paululum
1056 519 1240 565 autem
1293 509 1615 573 inclinatus,
1679 517 1938 573 nasutus,
1988 504 2287 575 supercilia

2423 498 2529 552 ,λλὰ
2583 499 2676 551 καὶ
2734 497 2927 566 μέγας,
2973 496 3173 568 μικρὸν
3229 496 3285 549 δὲ
3348 498 3627 567 κεκυφζιις,
3673 498 3975 567 {niger/0;,

726 606 933 659 habens
971 618 1188 674 magna.
1224 603 1287 656 Et
1340 602 1419 656 ait
1466 619 1479 655 :
1521 601 1821 671 Segregate
1866 609 2097 654 Vexatos
2130 612 2159 652 a
2192 599 2304 652 dze-

729 694 988 749 monibus
1018 694 1073 748 in
1123 708 1284 747 unam
1325 702 1558 763 partem.
1618 691 1740 758 Quo
1798 690 1945 743 facto
2002 688 2304 744 tumultua.

723 786 927 839 bantur
972 785 1287 851 timiiiones;
1324 784 1569 838 Andreas
1621 792 1798 836 autem
1834 797 2136 836 conversus
2170 778 2305 833 dixit

724 880 808 931 eis
844 896 857 932 :
895 876 1295 941 Obmutescite,
1334 885 1389 929 et
1439 875 1731 929 confestim
1790 882 2086 928 steterunt.
2138 871 2204 926 Et
2230 873 2307 925 ait

727 971 942 1038 populis
975 969 1115 1022 ενοι
1143 969 1312 1031 vobis,
1347 968 1544 1022 fratres
1578 968 1718 1036 :ipsi
1752 976 1934 1021 autem
1964 981 1979 1020 :
2004 965 2069 1019 Et
2102 975 2305 1020 tecum.

732 1061 796 1112 Et
839 1061 1035 1114 leniter
1060 1061 1225 1128 carpit
1279 1062 1463 1115 dicere
1496 1078 1510 1115 ε
1544 1059 1599 1113 Si
1651 1059 1992 1115 recesseritis
2042 1059 2112 1112 ab
2146 1058 2306 1112 idolis

732 1154 931 1207 vestris
959 1161 1012 1205 et
1045 1152 1429 1206 abominandis
1475 1153 1749 1206 conviviis
1796 1160 1849 1206 et
1894 1150 2114 1219 injustis
2171 1152 2305 1204 acti-

733 1245 834 1296 bus
866 1244 1081 1306 vestris,
1131 1242 1481 1297 credideritis
1532 1253 1715 1297 autem
1778 1244 1831 1295 in
1866 1254 2168 1298 creatorem
2215 1259 2305 1297 ve-

730 1346 905 1388 strum
954 1333 1143 1399 Deum,
1178 1343 1232 1388 et
1259 1350 1288 1387 a
1325 1335 1531 1389 morbis
1593 1336 1865 1389 immunes
1922 1336 2097 1400 eritis,
2137 1346 2191 1389 et
2222 1337 2306 1390 fu-

729 1429 876 1495 gicnt
898 1444 925 1479 a
957 1430 1107 1481 vobis
1134 1425 1447 1488 daemones;
1480 1437 1533 1481 et
1563 1428 1607 1481 si
1656 1442 1798 1496 aqua
1834 1428 2008 1482 sancti
2063 1428 2306 1497 Spiritus

738 1519 1029 1574 abluet-itis
1083 1531 1321 1575 veterem
1384 1530 1617 1573 vestram
1673 1521 2088 1589 turpitudinem.
2155 1523 2307 1576 eritis

731 1615 1030 1683 participes
1064 1615 1370 1669 cmlestium
1424 1615 1763 1684 angelorum.
1807 1613 1932 1669 Haec
1966 1616 2152 1668 dicens
2197 1616 2308 1667 An-

732 1703 1095 1771 drcasjussit
1125 1702 1325 1756 adduci
1375 1701 1441 1755 ad
1496 1719 1554 1757 se
1605 1705 1816 1767 turbas,
1884 1713 1937 1757 et
2004 1704 2304 1772 unicuique

732 1809 954 1847 manum
989 1795 1283 1863 imponi-ns
1316 1796 1530 1848 sanavit
1578 1802 1845 1858 cunctos;
1877 1794 2155 1848 daemones
2209 1810 2305 1847 ιλιι-

740 1896 847 1939 tem
877 1898 1033 1942 torvo
1090 1888 1249 1939 oculo
1295 1896 1503 1939 tantum
1552 1888 1894 1941 comminans
1922 1887 2122 1956 ejecit;
2161 1897 2212 1941 et
2237 1888 2312 1941 le-

736 1994 930 2047 prosos
995 1993 1136 2045 aqua
1218 1980 1434 2047 tiugens
1486 1993 1653 2033 sanos
1732 1979 1858 2033 fecit
1918 1988 1971 2033 et
2028 1982 2306 2049 puerulos.

733 2068 970 2124 Claudos
994 2080 1176 2123 autem
1204 2081 1255 2124 et
1279 2072 1535 2139 gibbusos
1558 2083 1611 2123 ct
1636 2072 1984 2139 paralyticos,
2018 2084 2071 2124 et
2101 2073 2310 2127 debiles

735 2168 789 2211 et
821 2175 993 2214 caecos
1019 2162 1273 2212 manibus
1312 2159 1585 2228 impositis
1637 2176 1827 2213 omnes
1862 2160 1932 2215 ab
1984 2162 2310 2230 aegritudine

736 2246 1008 2303 liberavit.

810 2426 1069 2482 Videntes
1102 2438 1286 2482 autem
1319 2429 1573 2484 homines
1603 2430 1885 2498 apostolos
1939 2428 2082 2485 fastu
2116 2446 2314 2486 caren-

740 2527 846 2580 tes,
881 2522 1091 2589 absque
1126 2521 1249 2573 cibo
1284 2521 1564 2589 degentes,
1601 2523 1851 2591 pallidos,
1881 2525 2039 2577 nudis
2084 2522 2313 2593 pedibus

739 2626 865 2664 cum
891 2613 1160 2665 sandaliis
1210 2612 1571 2677 ainbulautcs,
1600 2624 1654 2666 et
1718 2628 1824 2666 una
1851 2622 2061 2668 tantqu
2095 2616 2315 2668 indutos

741 2704 1025 2763 tunica,ct
1054 2702 1297 2756 divinum
1339 2705 1565 2757 verbum
1618 2704 1986 2769 eﬂundentes,
2020 2715 2075 2761 et
2121 2707 2309 2764 laudes

742 2792 854 2847 Deo
898 2795 1112 2863 vesperi
1146 2806 1201 2848 et
1269 2811 1433 2849 mane
1485 2803 1539 2848 et
1578 2797 1805 2849 meridie
1839 2800 2232 2865 per-solventes,
2264 2807 2318 2853 et

745 2883 1039 2937 sanitatem
1072 2883 1364 2948 donantes,
1402 2884 1846 2949 admirabantur,
1905 2904 2005 2941 nec
2058 2890 2312 2942 volebant

744 2975 1006 3029 recedere
1046 2976 1116 3030 ab
1167 2978 1270 3030 eis.
1328 2976 1432 3030 Per
1492 2976 1609 3031 dies
1661 2989 1852 3038 autem
1901 2982 2317 3054 apponebautur

745 3068 1084 3121 credentium
1120 3068 1353 3122 Domino
1390 3072 1561 3124 turbae
1598 3070 1842 3125 virorum
1889 3087 1956 3125 au
2002 3074 2314 3127 mulierum.

746 3158 809 3211 Et
833 3158 1001 3228 jussit
1031 3162 1282 3214 Andreas
1316 3171 1374 3214 ut
1413 3161 1667 3230 discipuli
1719 3164 1979 3216 docerent
2016 3179 2147 3229 eos;
2200 3165 2316 3233 ipse

745 3263 929 3305 autem
985 3268 1109 3306 eum
1169 3253 1464 3323 discipulis
1517 3254 1730 3310 duobus
1777 3255 2047 3310 circuibat
2103 3259 2316 3313 vicinos

748 3358 937 3412 pagos,
981 3346 1033 3397 in
1067 3344 1298 3412 gratiam
1321 3360 1514 3399 eorum
1557 3347 1651 3416 qui
1679 3346 1747 3399 ad
1774 3362 1833 3402 se
1860 3349 2046 3402 venire
2077 3366 2182 3403 non
2221 3365 2317 3419 po-

748 3445 947 3490 terant.
979 3437 1044 3489 Ει
1075 3452 1198 3490 cum
1240 3438 1562 3491 docuissent
1604 3453 1699 3493 eos
1734 3439 1927 3494 diebus
1976 3443 2178 3504 multis,
2226 3443 2321 3497 ba-

750 3527 1101 3594 ptisaverunt
1126 3526 1318 3581 turbas
1356 3528 1587 3594 multas;
1619 3530 1714 3583 sed
1742 3537 1797 3584 et
1826 3531 2135 3600 principum
2160 3533 2320 3587 multi

760 3617 1117 3671 crediderunt
1158 3628 1211 3672 et
1234 3620 1696 3689 baptizabantur:
1728 3620 1881 3676 Tunc
1915 3624 2057 3676 enim
2090 3625 2325 3694 impera-

750 3718 901 3763 tores
936 3706 1191 3763 Tiberius
1240 3718 1294 3763 et
1342 3709 1509 3764 Caius
1548 3720 1602 3764 ct
1630 3710 1890 3765 Claudius
1922 3728 2031 3767 non
2070 3717 2324 3782 prohibe-

753 3799 919 3864 bant;
944 3801 1035 3853 sed
1060 3810 1113 3854 et
1142 3816 1541 3870 generosarum
1573 3801 1899 3857 feminarum
1931 3812 1986 3859 et
2014 3806 2321 3861 Judaearum

751 3894 935 3947 multa:
960 3893 1337 3947 crediderunt.
1371 3893 1506 3947 Cum
1540 3895 1873 3964 baptizasset
1896 3912 1993 3953 eos
2019 3899 2076 3951 in
2108 3899 2326 3955 nomine

750 3983 931 4040 Patris
962 3992 1016 4039 et
1059 3983 1184 4038 Filii
1225 3997 1278 4039 et
1310 3983 1549 4055 Spiritus
1591 3989 1792 4052 sancti,
1846 3990 2123 4045 dedicavit
2154 3995 2327 4049 altare

753 4088 808 4133 et
844 4079 1105 4147 templum
1154 4078 1328 4131 beatae
1372 4076 1467 4132 Dei
1505 4078 1803 4144 Genitrici;
1839 4089 1893 4135 et
1927 4098 2102 4152 usque
2162 4085 2326 4139 hodie

752 4172 969 4225 cunctis
1016 4179 1100 4225 est
1152 4170 1532 4226 inauifestum.
1566 4172 1855 4227 Ordinavit
1894 4184 2076 4231 autem
2134 4192 2198 4231 ex
2248 4178 2329 4233 eis

755 4264 1076 4317 sacerdotes
1114 4273 1167 4317 et
1199 4264 1500 4319 diaconos.
1562 4262 1728 4319 Facta
1769 4276 1856 4319 est
1908 4278 2089 4322 autem
2148 4271 2329 4325 laetitia

759 4356 1030 4420 nmgnaiu
1063 4356 1284 4407 civitate.
1324 4354 1448 4419 illa;
1482 4355 1778 4424 participes
1830 4358 1978 4411 enim
2022 4360 2146 4415 illos
2204 4361 2332 4414 fecit

758 4448 1070 4501 divinorqu
1106 4448 1313 4503 Christi
1375 4452 1788 4520 mysteriorum,
1830 4463 1879 4505 et
1915 4453 2134 4506 tradidit
2173 4455 2331 4507 litur-

2411 591 2706 659 κάτοφρυς.
2741 587 2849 641 Ka't
2886 584 3039 640 εἶπεν
3074 606 3085 616 ·
3120 588 3442 655 Ἀφορίσατε
3484 588 3612 652 τοὺς
3656 589 3976 657 δαιμονιῶντ

2404 700 2501 744 τας
2529 682 2622 733 ἑπὶ
2651 680 2708 732 ἓν
2738 680 2923 749 μέρος.
2971 682 3081 733 Καὶ
3109 680 3298 733 τούτου
3333 681 3627 750 γενομένου
3682 680 3977 750 ἐθορύϐουν

2405 775 2455 827 οἱ
2483 774 2741 844 δαίμονες
2771 786 2785 801 ⁸
2815 775 2843 825 6
2868 772 2924 825 δὲ
2955 772 3217 841 ’Δνδρέας
3254 774 3625 843 ἑπιστραφεὶς
3685 772 3834 839 λέγει
3881 774 3981 825 αῦ-

2406 868 2520 927 τοῖς
2552 880 2566 897 ’
2600 863 2891 934 Φιμώθητε
2913 879 2926 893 ⁸
2968 864 3062 916 καὶ
3093 864 3300 926 εὐθέως
3336 863 3592 932 ἔστησαν.
3661 865 3770 917 Ka't
3828 859 3983 916 εἶπεν

2405 958 2482 1027 τῷ
2506 958 2618 1025 λαῷ
2640 973 2652 987 ⁸
2709 957 2914 1025 Εἰρήνη
2963 957 3115 1023 ὑμῖν,
3142 955 3363 1025 ἀδελφοί
3388 970 3404 986 ο
3469 956 3517 1008 οἱ
3573 955 3631 1007 δέ
3661 970 3673 983 ’
3703 955 3812 1009 Καὶ
3847 953 3987 1024 μετὰ

2408 1051 2527 1107 σοῦ.
2562 1051 2673 1104 Καὶ
2712 1048 2934 1121 πραέως
2968 1046 3173 1117 ἠρξατο
3227 1046 3407 1114 λέγειν
3438 1061 3452 1077 ⁸
3531 1047 3659 1099 Ἐὰν
3707 1046 3986 1114 ἀποστῆτε

2406 1146 2513 1196 τῶν
2553 1142 2793 1196 εἰδώλων
2849 1140 3085 1193 καὶτῶν
3146 1140 3413 1209 μυσαρῶν
3466 1140 3703 1193 δείπνων
3761 1131 3989 1192 καὶτῶν

2405 1237 2717 1305 ἀθεμίστων
2757 1235 2870 1305 (Η)
2901 1234 3156 1303 πράξεων
3184 1233 3361 1303 ὑμῶν,
3415 1232 3749 1303 πιστεύσητε
3798 1233 3854 1284 δὲ
3907 1232 3989 1293 εἰς

2405 1329 2497 1382 τὸν
2533 1329 2841 1395 ποιήσαντα
2874 1327 3017 1395 ὑμᾶς
3038 1326 3193 1390 Θεὸν,
3230 1328 3323 1381 καὶ
3367 1326 3474 1380 τῶν
3517 1328 3690 1381 νόσων
3738 1325 3989 1379 ἀπαλλαδ

2405 1422 2667 1490 γήσεσθε,
2695 1422 2789 1473 καὶ
2815 1422 2863 1474 oi
2895 1420 3151 1490 δαίμονες
3177 1420 3465 1487 φεύξονται
3509 1419 3604 1481 ἀφ’
3654 1419 3804 1487 ὑμῶν
3826 1435 3842 1449 ο
3891 1418 3992 1469 καὶ

2407 1515 2505 1566 ἑὰν
2534 1512 2647 1581 (15)
2691 1512 2768 1580 τῷ
2817 1511 2971 1564 ὕδατι
3028 1511 3121 1563 τοῦ
3173 1510 3321 1562 θείου
3382 1509 3701 1579 Πνεύματος
3749 1508 3991 1561 ἀπολού-

2408 1604 2573 1673 σησθε
2602 1604 2695 1656 τὸν
2726 1604 2960 1656 παλαιὸν
2990 1602 3267 1671 μολυσμὸν
3302 1600 3477 1670 ὑμῶν,
3513 1602 3848 1669 συμμέτοχοι
3877 1599 3991 1650 τῶν

2406 1694 2679 1761 οὐρανίων
2709 1693 2962 1760 ἀγγέλων
2994 1690 3315 1761 γενήσεσθε.
3337 1690 3524 1743 Ταῦτα
3550 1688 3723 1742 εἰπὼν
3781 1691 3810 1742 6
3861 1689 3989 1740 ’Λν-

2410 1785 2569 1855 δρέας
2606 1784 2861 1837 ἐκέλευσε
2898 1782 3273 1854 προσάγεσθαι
3308 1783 3457 1851 αὐτῷ
3491 1783 3617 1844 τοὺς
3650 1782 3839 1852 ὄχλους
3888 1780 3992 1832 καὶ

2412 1876 2584 1938 τιθεὶς
2631 1875 2847 1944 ἑκάστῳ
2872 1875 2969 1945 τήν
2999 1877 3156 1944 χεῖρα
3208 1875 3416 1935 πάντας
3466 1873 3682 1926 ἰάσατο·
3751 1872 3877 1932 τοὺς
3934 1870 3996 1921 δι

2414 1969 2677 2036 δαίμονας
2702 1967 2946 2037 βλοσυρῷ
2980 1966 3055 2036 τῷ
3086 1966 3297 2036 ὄμματι
3339 1963 3783 2034 ἑμϐριμούμενος
3834 1963 3999 2028 μόκον

2416 2062 2691 2126 ἑξέϐαλεν,
2750 2062 2875 2123 τοὺς
2916 2060 2972 2113 δι
3008 2058 3419 2128 λελωϐημένους
3475 2057 3628 2110 ῦδατι
3678 2056 3996 2108 ἀπονίπτων

2418 2154 2593 2222 ὑγιεῖς
2614 2154 2789 2207 ἐποίει
2823 2153 2899 2215 ὡς
2927 2152 3119 2208 παιδία
3150 2150 3343 2221 μικρά.
3378 2150 3603 2211 Χωλοὺς
3630 2149 3707 2212 δὲ,
3743 2148 3832 2201 καὶ
3860 2164 4000 2217 κυρ-

2415 2247 2560 2309 τοὺς,
2594 2246 2685 2298 καὶ
2718 2244 2938 2314 ξηροὺς,
2972 2242 3067 2296 καὶ
3111 2242 3362 2307 κυλλοὺς,
3415 2242 3511 2295 καὶ
3550 2242 3866 2310 ἀναπήρους
3897 2259 4000 2301 τας

2417 2339 2606 2407 χεῖρας
2644 2336 2854 2399 ἑπιθεὶς
2886 2336 3093 2397 πάντας
3131 2335 3241 2388 τῶν
3275 2334 3467 2387 παθῶν
3483 2333 3851 2404 ἀπήλλαττεν.

2490 2430 2555 2481 Οί
2617 2428 2674 2481 δὲ
2726 2426 3005 2497 ἀνθρωττοι
3064 2423 3398 2497 θεωροῦντες
3463 2426 3589 2487 τοὺς
3665 2424 4006 2484 ἀποστόλους

2420 2520 2682 2589 ἀτύφους,
2709 2519 3003 2589 ἀτρόφους,
3036 2517 3274 2587 ὠχροὺς,
3306 2517 3677 2586 ἀνυποδήτους
3707 2518 3844 2584 μετὰ
3874 2532 4003 2568 σαν·

2419 2612 2618 2665 δαλίων
2643 2611 2737 2664 καὶ⁵
2768 2610 2929 2680 μόνον
2962 2612 3351 2680 μονοχίτωνας,
3375 2610 3471 2662 καὶ
3514 2608 3604 2661 τὸν
3642 2608 4005 2660 θεόπνευστον

2421 2704 2579 2772 λόγον
2613 2702 2858 2773 ῥέοντας,
2896 2702 2991 2755 καὶ
3020 2702 3119 2771 τὴν
3144 2701 3380 2772 ῦμνησιν
3410 2700 3504 2753 τοῦ
3561 2701 3697 2753 Θεοῦ
3757 2700 4007 2769 ἑσπέρας

2426 2798 2521 2848 καὶ
2546 2795 2693 2867 πρωῒ
2727 2796 2823 2848 καὶ
2862 2794 3212 2866 μεσημϐρίας
3246 2792 3728 2863 ἀποπληροῦντας,
3762 2793 3856 2845 καὶ
3902 2794 4008 2853 τὰς

2426 2891 2598 2947 licet:
2626 2889 2892 2951 διδόντας,
2929 2886 3342 2956 ἐξεπλήττοντο,
3388 2886 3481 2938 καὶ
3516 2885 3613 2937 οὐκ
3657 2884 3851 2953 ἤθελον
3896 2886 4007 2951 ἀφ-

2426 2980 2676 3033 ίστασθαι
2710 2980 2911 3034 αὐτῶν.
2941 2979 3077 3033 Καθ’
3120 2979 3335 3048 ἡμέραν
3382 2977 3441 3029 δὲ
3485 2978 3869 3047 προσετίθεντο
3914 2996 4009 3029 πι-

2428 3073 2712 3135 στεύοντες
2746 3074 2824 3141 τῷ
2856 3072 3049 3143 Κυρίῳ
3079 3071 3258 3142 πλήθη
3298 3071 3509 3142 ἀνδρῶν
3550 3088 3608 3123 τε
3660 3070 3757 3123 καὶ
3811 3086 4009 3136 γυναι-

2427 3164 2562 3221 κῶν.
2622 3166 2730 3217 Ka‘t
2796 3164 3088 3217 ἐκέλευσεν
3145 3164 3173 3215 6
3245 3162 3500 3231 ’Δνδρέας
3563 3164 3675 3223 τοῖς
3728 3161 4010 3230 μαθηταῖς

2422 3259 2684 3325 κατηχείν
2708 3255 2934 3318 αὐτούς·
2967 3255 3131 3318 αὐτὸς
3170 3256 3226 3308 δὲ
3267 3257 3406 3324 μετά
3451 3254 3545 3306 δύο
3589 3253 3848 3322 μαθητῶν
3890 3252 4010 3321 (ιῦ)

2423 3349 2756 3418 περιήρχετο
2790 3347 2887 3409 τὰς
2920 3345 3105 3415 κύκλῳ
3138 3345 3332 3414 κώμας
3365 3345 3499 3415 πρὸς
3538 3345 3666 3406 τοὺς
3717 3342 3792 3412 μὴ
3836 3342 4010 3394 δυνα-

2428 3442 2621 3510 μένους
2655 3440 2743 3492 ἑπ’
2774 3438 2937 3491 αὐτὸν
2973 3439 3170 3491 ἑλθεῖν.
3202 3438 3309 3490 Καὶ
3352 3438 3761 3506 κατηχήσαντες
3803 3434 4013 3497 αὐτοὺς

2423 3532 2637 3600 ἡμέρας
2668 3530 2866 3591 πολλὰς
2924 3529 3223 3583 ἑϐἀπτισαν
3282 3530 3459 3598 πλήθη
3491 3526 3691 3579 πολλά·
3730 3528 3866 3580 ἀλλὰ
3912 3526 4013 3580 καὶ⁵

2423 3623 2489 3675 ἑκ
2512 3622 2621 3675 τῶν
2650 3623 2931 3691 ἀρχόντων
2958 3622 3143 3673 πολλοὶ
3180 3620 3512 3673 ἐπίστευσαν
3554 3620 3646 3671 καὶ
3690 3620 4016 3682 ἑϐαπτίζον-

2423 3729 2515 3766 τοο
2548 3714 2597 3765 oi
2627 3716 2731 3781 γὰρ
2768 3713 2889 3765 τότε
2928 3711 3190 3781 βασιλεῖς,
3240 3710 3514 3781 Τιϐέριος,
3554 3714 3647 3764 καὶ
3696 3712 3880 3774 Γάϊος,
3912 3712 4016 3763 καὶ

2434 3805 2726 3868 Κλαύδιος,
2751 3805 2851 3856 ούκ
2873 3802 3112 3855 ἐκώλυον
3145 3819 3158 3832 ·
3208 3803 3341 3856 ἀλλὰ
3374 3804 3467 3854 καὶ
3497 3804 3559 3854 ἑκ
3588 3802 3697 3855 τῶν
3722 3803 4019 3869 εὐγενίδων

2428 3896 2704 3962 γυναικῶν
2733 3896 2827 3947 καὶ
2869 3894 3143 3948 Ἰουδαίων
3178 3893 3375 3946 πολλαὶ
3404 3894 3753 3948 ἐπίστευσαν.
3804 3894 4021 3945 Banti-

2431 4005 2527 4049 σας
2559 3988 2758 4049 αὐτοὺς
2799 3990 2878 4051 εἰς
2902 3988 2963 4040 τὸ
2996 3988 3168 4057 ὄνομα
3203 3988 3295 4040 τοῦ
3335 3988 3573 4058 Πατρδς,
3610 3989 3703 4041 καὶ
3752 3987 3844 4040 τοῦ
3882 3988 4021 4041 Υίοῦ

2432 4078 2653 4132 καὶτοῦ
2704 4079 2861 4145 ἀγίου
2918 4080 3238 4150 Πνεύματος
3270 4081 3573 4149 καθιέρωσε
3623 4082 4021 4152 θυσιαστήριον

2430 4172 2527 4223 καί⁵
2550 4172 2677 4225 ναὸν
2710 4172 2809 4240 τῆς
2836 4172 2995 4239 ἁγίας
3032 4171 3297 4224 Θεοτόκου
3328 4189 3343 4204 ο
3379 4174 3478 4225 καὶ
3500 4173 3604 4234 ἑως
3625 4173 3723 4244 τὴν
3770 4174 4023 4241 σήμερον

2432 4263 2601 4315 πᾶσίν
2624 4264 2743 4316 ἑστι
2765 4263 2999 4332 φανερόν
3030 4262 3165 4332 (i7).
3202 4262 3616 4333 Ἐχειροτόνησε
3644 4264 3701 4316 δὲ
3743 4264 3801 4327 ἐξ
3831 4264 4025 4315 αὐτῶν

2434 4355 2841 4425 πρεσϐυτέρους
2881 4356 2975 4407 καὶ
3011 4355 3313 4417 διακόνους.
3356 4356 3607 4422 Ἐγένετο
3651 4356 3708 4407 δὲ
3736 4356 3880 4424 χαρᾶ
3919 4371 4028 4423 με-

2436 4447 2576 4516 γάλη
2629 4448 2687 4499 ἑν
2712 4451 2778 4516 τῇ
2814 4446 2967 4499 πόλει
2993 4447 3178 4519 ἑκείνῃ
3208 4463 3221 4477 ο
3262 4448 3532 4517 μετέδωκε
3564 4448 3672 4517 γὰρ
3700 4448 3883 4510 αὐτοῖς
3918 4446 4025 4501 τοῦ

758 4537 925 4605 giam,
960 4545 1016 4590 et
1044 4552 1309 4593 canonem
1356 4541 1697 4609 psalmodia:,
1736 4549 1793 4593 ut
1823 4556 2047 4609 vespere
2074 4554 2129 4597 et
2176 4560 2316 4598 mam

2440 4540 2678 4610 Χριστοῦ
2704 4542 2811 4592 τῶν
2859 4541 3020 4592 θείων
3053 4541 3388 4609 μυστηρίων,
3437 4541 3532 4592 καὶ
3586 4539 3871 4609 παρέδωκε
3920 4545 4032 4609 τὴν

758 4643 1245 4700 congregarentur,
1281 4634 1350 4687 ad
1379 4635 1653 4689 orientem
1714 4650 1858 4704 genu
1914 4635 2219 4701 ﬂecterent,
2276 4645 2330 4691 et

761 4720 841 4774 sic
866 4730 1079 4776 stantes
1112 4733 1359 4787 orarent,
1413 4724 1737 4793 psalterium
1791 4726 2016 4781 Davidis
2073 4727 2335 4796 praecine-

762 4821 905 4876 rent,
936 4824 989 4867 et
1023 4822 1253 4869 caeteros
1291 4816 1609 4885 prophetas,
1649 4831 1749 4870 nec
1780 4816 1985 4871 fabulis
2009 4816 2327 4872 Graecorum

762 4906 1126 4971 adlia‘rerent,
1169 4908 1267 4962 sed
1299 4910 1645 4963 ambularent
1669 4908 1723 4962 in
1748 4909 1865 4979 lege
1894 4907 2123 4977 Moysis,
2148 4921 2201 4964 et
2222 4920 2337 4964 sta-

766 5006 880 5052 tuta
910 5000 978 5053 ab
1008 5002 1277 5068 apostolis
1315 5000 1682 5055 custodirent.
1726 5000 1817 5055 Sic
1845 5001 2096 5057 Andreas
2125 5001 2334 5058 faciens

764 5100 822 5143 et
856 5089 1061 5145 docens
1096 5093 1296 5147 multas
1317 5094 1570 5148 civitates
1612 5103 1881 5164 etpagos,
1936 5096 2207 5149 convertit
2257 5099 2331 5148 ad

768 5181 1069 5236 Christum.

843 5451 1140 5507 Discedens
1164 5463 1346 5507 autem
1376 5454 1444 5508 ab
1472 5454 1695 5525 Amyso,
1736 5454 1886 5509 venit
1917 5453 2340 5524 Trapezuntem,

770 5545 1050 5601 civitatem
1103 5545 1313 5602 Laaieae
1346 5556 1528 5603 terrae.
1576 5546 1688 5601 Viri
1722 5557 1904 5604 autem
1958 5550 2035 5602 illi
2100 5550 2251 5603 stulti
2289 5556 2343 5603 et

2435 4631 2783 4699 λειτουργίαν
2816 4632 2911 4683 καὶ
2940 4631 3032 4683 τὸν
3063 4634 3267 4684 κανόνα
3290 4631 3388 4700 τῆς
3410 4631 3752 4701 ψαλμιρδίας,
3779 4630 4030 4701 ἑσπέρας

2440 4720 2535 4773 καὶ
2564 4719 2710 4790 πρωῒ
2734 4719 3119 4790 συνέρχεσθαι,
3164 4722 3304 4775 κατά
3358 4722 3625 4784 ἀνατολὰς
3683 4722 4031 4789 γονυκλινεῖν

2440 4812 2537 4864 καὶ
2574 4811 2745 4874 οὕτως
2778 4812 3021 4874 ἑστῶτας
3051 4812 3480 4882 προσεύχεσθαι,
3511 4816 3571 4865 τι
3595 4813 3899 4883 ψαλτήριον
3928 4814 4032 4867 τοῦ

2441 4902 2665 4963 Δαϐίδος
2698 4902 2922 4970 ψάλλειν
2955 4902 3198 4963 καὶτοὺς
3229 4904 3452 4967 λοιποὺς
3478 4907 3786 4974 προφήτας,
3821 4908 3909 4957 καὶ
3951 4906 4031 4977 μὴ

2440 4996 2551 5056 τοῖς
2584 4994 2775 5062 μύθοις
2802 4994 2911 5048 τῶν
2952 4994 3229 5065 Ἐλλήνων
3253 4997 3563 5067 προσέχειν,
3614 4997 3751 5049 ἀλλά
3797 5001 4035 5067 στοιχεῖα

2445 5086 2571 5136 σθαι
2616 5084 2691 5154 τῷ
2721 5087 2870 5155 νόμῳ
2896 5086 3165 5149 Μωσέως,
3202 5089 3297 5140 καὶ
3342 5088 3407 5140 τὰ
3439 5089 3746 5157 κεκριμένα
3776 5089 3885 5141 ὑπὸ
3914 5090 4029 5141 τῶν

2447 5177 2769 5229 ἀποστόλων
2796 5176 3108 5245 φυλάττειν.
3138 5179 3326 5241 Οῦτως
3350 5182 3377 5231 6
3430 5180 3685 5251 Ἀνδρέας
3736 5182 3911 5234 ποιῶν
3971 5200 4033 5234 τε

2454 5271 2548 5321 καὶ
2577 5269 2845 5323 διδάσκων
2879 5270 3086 5333 πολλάς
3118 5271 3303 5334 πόλεις
3335 5272 3431 5323 καὶ
3465 5271 3656 5341 κώμας
3702 5278 4035 5343 προσήγαγε

2451 5360 2529 5431 τῷ
2557 5361 2800 5431 Χριστῷ.

2536 5454 2783 5524 ’Δπάρας
2814 5453 2870 5507 δὲ
2900 5453 3007 5507 ἀπὸ
3033 5453 3265 5522 Ἀμισοῦ
3310 5450 3473 5523 ἦλθεν
3507 5457 3585 5519 εἰς
3612 5455 4037 5527 Τραπεζοῦντα,

2452 5547 2610 5600 πόλιν
2639 5547 2737 5616 τῆς
2776 5546 3042 5615 Δαζικῆς.
3093 5546 3157 5600 Oi
3190 5547 3244 5600 δὲ
3288 5548 3564 5619 ἄνθρωποι
3620 5544 3767 5602 οὗτοι
3813 5548 4037 5621 ἀνόητοι

2076 5667 2273 5729 Variae
2304 5667 2640 5730 lectiones.

874 5765 958 5836 Η)
1001 5766 1337 5836 Ἀθεμήτων.
1368 5766 1484 5823 γει.

874 5834 959 5905 t5)
990 5836 1073 5891 Et.
1109 5834 1229 5893 Vat.

2525 5766 2638 5833 (Hi)
2672 5764 2963 5833 Μαθητὰς.
2998 5763 3117 5818 Vat.

2526 5836 2643 5907 tt?)
2695 5836 2928 5903 Scripsit
2972 5836 3205 5890 fortasse
3245 5835 3497 5903 φανερός.
