4188 6436
140 418 254 489 133

1446 419 1632 481 V’ITA
1668 419 1733 480 S.
1772 417 2124 479 ΑΝΒΒΕᾹῖ.

3300 421 3415 491 234

146 529 500 592 παραδόσεως
526 527 803 596 λέγουσιν,
851 529 945 584 καὶ
986 528 1154 599 ἕτερὰ
1210 545 1352 584 τινα.
1421 529 1720 585 Κατελθὼν

1828 528 1987 585 dreas
2015 529 2081 583 de
2108 534 2318 591 monte,
2358 527 2551 583 abiens
2593 525 2745 582 stetit
2791 527 2846 583 in
2881 530 3063 585 medio
3096 546 3311 601 eorum,
3351 548 3406 594 et

144 623 231 675 οὖν
273 624 304 674 ό
362 621 621 691 ’Δνδρέας
669 621 780 674 ἀπὸ
813 619 907 674 τοῦ
952 620 1135 693 ὅρους,
1180 619 1432 674 ἀπελθὼν
1482 621 1612 690 ἔστη
1663 623 1721 676 ἐν

149 716 298 785 μέσῳ
357 714 564 775 αὐτῶν,
611 711 709 765 καὶ
770 712 1020 776 ἐκτείνας
1050 713 1150 780 τὴν
1174 713 1335 784 χεῖρα
1385 714 1723 782 ἐσφράγισεν

146 804 362 869 αὐτούς.
398 804 511 858 Καὶ
541 805 852 858 ἐπαύσαντο
875 805 1149 869 ἐσθίοντες
1172 804 1272 868 τὰς
1324 805 1537 859 ἑαυτῶν
1588 806 1724 876 adp-

144 916 244 960 κας
266 915 280 928 ·
312 899 413 951 καὶ
444 896 687 951 ἀνελθὼν
718 896 812 951 ἐπὶ
844 896 1047 969 βάθρου
1083 896 1286 969 ἧρξατο
1314 897 1494 967 λέγειν
1522 914 1535 927 ο
1600 898 1723 961 Πῶς

145 993 288 1062 ὑμᾶς
318 991 439 1061 ἔχει
477 990 701 1060 ἐλεῆσαι
740 992 768 1043 ό
806 989 944 1053 Θεὸς
1008 990 1102 1043 καὶ
1144 987 1359 1043 παῦσαι
1407 989 1506 1059 τὴν
1552 988 1725 1059 ὀργὴν

144 1084 347 1154 ταύτην
376 1082 473 1151 ἀφ’
500 1081 676 1152 ὑμῶν,
708 1080 769 1134 ὃν
799 1081 859 1135 ού
898 1081 1085 1135 θέλετε
1115 1080 1397 1147 δέξασθαι,
1425 1082 1459 1152 ἢ
1491 1081 1585 1135 καὶ
1625 1081 1725 1153 ἐμὲ

146 1176 261 1239 πῶς
310 1174 622 1229 ὑπακούσει
696 1174 835 1245 ὑπὲρ
890 1172 1044 1243 ὑμῶν
1112 1173 1226 1244 (27)
1272 1173 1723 1245 παρακαλοῦντα,

142 1268 292 1334 ὑμῶν
326 1267 407 1337 μὴ
439 1266 867 1321 συνευδοκοῦντα
896 1269 963 1337 τῇ
989 1265 1207 1332 πίστεις
1258 1266 1368 1322 Καὶ
1420 1267 1725 1336 ἀποστῆναι

141 1359 605 1431 προαιρουμένων
660 1360 726 1412 ἐκ
760 1359 868 1413 τῶν
901 1360 1157 1430 πονηρῶν
1181 1359 1336 1429 ὑμῶν
1375 1359 1556 1429 ἔργων
1588 1360 1729 1415 διδάο

143 1470 255 1505 σκω
291 1452 440 1521 ὑμᾶς
472 1451 591 1505 ὁδὸν
631 1452 913 1522 σωτηρίας
945 1468 961 1483 ο
1005 1451 1103 1505 καὶ
1152 1451 1312 1521 ὑμεῖς
1355 1452 1728 1524 μυκτηρίζετέ

144 1563 231 1613 με.
260 1544 448 1598 Πολλὰ
480 1539 633 1598 εἶπον
663 1544 795 1614 ὑμῖν
826 1560 842 1576 ·
890 1543 1195 1614 Ἀπόστητε
1248 1544 1360 1599 ἀπὸ
1398 1545 1510 1600 τῶν
1573 1543 1729 1599 είδὼ-

140 1638 245 1691 ὶων
278 1655 294 1670 ο
329 1639 430 1691 καὶ
445 1639 510 1691 οὐ
524 1639 662 1708 χρῆν
677 1636 936 1708 εὔχεσθαι
961 1635 1213 1707 (28),ηοῦς
1231 1636 1527 1708 λατρεύετε
1544 1637 1726 1707 θεοὺς,

142 1728 343 1796 μᾶλλον
373 1729 432 1781 δὲ
448 1728 736 1798 δαίμονας.
770 1720 935 1783 Οὗτοι
970 1728 1046 1791 ὡς
1072 1729 1297 1791 οἰκείοις
1322 1727 1530 1793 δούλοις
1563 1730 1730 1783 είσοι-

139 1821 424 1884 κισθὲντες
487 1823 545 1874 ὲν
600 1822 732 1889 ὑμῖν
766 1821 869 1890 τὴν
910 1820 1049 1873 ἰδίαν
1106 1821 1308 1875 κακίαν
1330 1821 1678 1888 ἐπεδείξαντο
1706 1838 1721 1855 ·

139 1913 342 1978 ἀγαθὸν
370 1912 482 1982 γὰρ
516 1912 747 1982 ποιῆσαι
772 1912 831 1965 οὐ
861 1911 1143 1965 δύνανται.
1176 1911 1389 1982 Νίψατε
1420 1912 1516 1966 καὶ
1549 1929 1724 1984 προσ-

138 2004 322 2057 ἐλθετε
351 2004 476 2075 Θεῷ
513 2005 680 2068 ζῶντι
719 2005 814 2058 καὶ
848 2004 1119 2075 ἀληθινῷ,
1156 2006 1253 2060 καὶ
1276 2006 1621 2076 σφραγίσατε
1647 2007 1726 2077 τῷ

140 2096 355 2166 σημείῳ
384 2096 481 2149 τοῦ
535 2096 793 2167 σταυροῦ,
842 2100 938 2151 καὶ
991 2097 1280 2167 φεύξονται
1324 2098 1419 2167 ἀφ’
1476 2099 1634 2170 ὑμῶν
1676 2100 1727 2153 οἱ

134 2186 393 2255 δαίμονες
433 2201 449 2214 ·
479 2184 831 2252 ἀποτάξασθε
852 2186 1036 2241 αὐτῶν
1062 2189 1175 2251 τοῖς
1207 2187 1386 2254 λόγοις
1443 2186 1516 2241 τὰ
1561 2187 1726 2259 ἔργα,

137 2278 236 2339 τὰς
269 2277 555 2348 λατρείας,
604 2279 984 2334 ὃτισκοτειναί
1019 2281 1182 2345 είσιν,
1232 2280 1329 2333 καὶ
1385 2278 1729 2336 ἁναλάθεσθε

134 2371 275 2424 ὅπλα
307 2372 513 2439 φωτὸς,
555 2374 643 2426 ἵνα
672 2373 770 2427 καὶ
796 2374 892 2427 νῦν
922 2375 981 2427 ἐν
1010 2372 1207 2446 εἰρήνῃ
1229 2372 1323 2426 καὶ
1372 2373 1534 2445 ὑγεία
1591 2371 1723 2443 pub.

139 2480 268 2531 σητε
297 2464 399 2516 καὶ
427 2463 537 2518 τῶν
558 2464 865 2535 μελλόντων
885 2464 1111 2534 ἀγαθῶν
1132 2464 1507 2535 ἁπολαύσητε.
1536 2466 1726 2521 Ταῦτα

137 2554 468 2625 ἐνθυμεῖσθε
500 2557 597 2612 καὶ
631 2558 972 2624 κατανοεῖτε,
1037 2556 1134 2612 καὶ
1175 2557 1269 2611 τὸν
1314 2556 1529 2612 τούτων
1586 2558 1724 2612 Θεὸν

1825 620 2128 678 extendens
2178 634 2403 676 manum
2456 621 2616 692 signo
2664 620 2847 677 crucis
2899 622 3137 693 signavit
3182 639 3303 682 eos.
3351 630 3415 683 Et

1826 713 2111 769 desierunt
2153 712 2495 768 manducare
2541 727 2739 769 carnes
2786 727 2955 779 suas;
2998 725 3055 770 et
3107 718 3414 773 ascendens

1828 818 1993 876 super
2016 817 2301 860 scamnum
2333 803 2502 873 coepit
2532 804 2715 860 dicere
2741 823 2755 860 :
2786 804 3075 872 Quomodo
3108 817 3289 877 potest
3314 812 3415 865 mi-

1828 895 2002 953 sereri
2025 894 2198 951 vestri
2227 894 2396 961 Deus,
2424 901 2481 951 et
2511 896 2799 952 continere
2823 897 2962 951 iram
2995 897 3138 952 hanc
3170 913 3201 953 a
3235 901 3413 965 vobis,

1826 1004 1991 1060 quem
2022 1003 2136 1044 non
2172 988 2343 1042 vultis
2381 986 2677 1059 accipere?
2713 989 2801 1043 vel
2830 988 3111 1060 quomodo
3158 992 3416 1048 exaudiet

1835 1096 1923 1136 me
1949 1081 2338 1151 deprecantem
2360 1093 2459 1150 pro
2483 1078 2641 1135 vobis
2664 1077 2789 1135 fidei
2812 1094 2923 1134 non
2943 1081 3418 1139 assentientibus?

1830 1174 1898 1227 Et
1926 1173 2307 1229 desiderantes
2344 1186 2445 1228 vos
2476 1172 2733 1229 recedere
2768 1185 2799 1226 a
2832 1173 3019 1242 pravis
3044 1176 3247 1232 vestris
3280 1190 3417 1246 ope-

1830 1266 1984 1321 ribus
2014 1266 2197 1322 -doceo
2244 1264 2389 1319 viam
2443 1263 2663 1330 salutis,
2686 1273 2747 1321 et
2800 1264 3047 1321 irridetis
3086 1280 3199 1322 me.
3248 1266 3417 1324 Multa

1831 1359 1945 1412 dixi
1983 1356 2137 1411 vobis
2166 1375 2179 1411 :
2225 1354 2488 1412 Recedite
2518 1356 2588 1410 ab
2615 1354 2819 1419 idolis;
2855 1365 2907 1410 ct
2937 1371 3047 1409 non
3084 1366 3303 1428 oportet
3330 1361 3421 1413 dc-

1829 1463 2044 1520 p-‘ecart
2068 1462 2208 1518 quos
2235 1448 2479 1503 adoratis
2508 1446 2666 1513 deos,
2692 1447 2880 1518 potius
2905 1457 3089 1505 autem
3112 1449 3414 1506 daemones.

1832 1541 1958 1611 Ipsi,
1989 1541 2049 1595 in
2092 1540 2247 1597 vobis
2292 1550 2351 1594 ut
2398 1541 2455 1595 in
2492 1540 2670 1597 servis
2696 1540 2817 1597 suis
2851 1538 3246 1609 inhabitantes,
3287 1560 3418 1614 pro-

1831 1633 2007 1705 priam
2070 1632 2431 1688 ostenderunt
2481 1631 2939 1703 improbitatem;
3000 1634 3206 1690 bonum
3270 1637 3415 1691 enim

1831 1726 2011 1783 facere
2058 1742 2169 1781 non
2220 1733 2479 1797 possunt.
2540 1724 2880 1782 Mundemini
2944 1734 3000 1784 et
3044 1727 3293 1786 accedite
3348 1731 3415 1783 ad

1836 1820 2005 1874 Deum
2063 1820 2246 1873 vivum
2298 1826 2355 1873 et
2412 1832 2628 1885 verum,
2703 1818 2996 1888 signenrini
3040 1820 3198 1888 signo
3234 1820 3418 1876 crucis

1829 1918 1884 1966 et
1932 1908 2143 1975 fugient
2195 1925 2226 1964 a
2279 1910 2435 1965 vobis
2488 1910 2804 1975 daemones;
2857 1911 3152 1968 valedicite
3208 1912 3415 1979 verbis,

1828 2018 2020 2059 eorum
2051 2000 2312 2073 operibus
2343 2007 2398 2057 et
2430 2002 2736 2074 obsequiis,
2758 2002 2887 2073 quia
2916 2006 3155 2062 tenebra:
3180 2015 3334 2069 sunt.
3361 2015 3418 2061 ct

1829 2094 2063 2165 accipite
2086 2108 2242 2149 arma
2281 2093 2444 2161 lucis,
2481 2105 2537 2150 ut
2565 2103 2620 2150 et
2653 2110 2801 2151 nunc
2838 2098 2894 2151 in
2925 2111 3059 2166 pace
3103 2108 3159 2154 et
3202 2100 3417 2155 valetu—

1828 2188 1958 2244 dine
1988 2188 2146 2243 firma
2171 2187 2394 2253 vivatis,
2414 2197 2469 2243 et
2505 2187 2689 2245 futura
2729 2189 2871 2245 bona
2900 2192 3252 2261 possideatis.
3290 2191 3417 2248 Ha-c

1830 2281 2017 2338 animo
2050 2280 2271 2335 condite
2299 2287 2356 2336 ct
2384 2281 2647 2351 cogitate,
2670 2289 2725 2336 et
2751 2297 2942 2338 eorum
2971 2284 3139 2339 Deum
3168 2284 3417 2349 adorato,

1830 2373 1966 2429 etin
1995 2370 2257 2427 omnibus
2289 2372 2497 2442 gratias
2542 2372 2689 2443 agite
2732 2374 2844 2430 Deo
2894 2383 2949 2431 et
2993 2372 3149 2429 Patri
3199 2374 3415 2430 Domini

1833 2464 2011 2518 nostri
2064 2461 2201 2519 'iesu
2247 2462 2480 2526 Christi,
2526 2474 2584 2520 et
2631 2475 2826 2521 sancto
2872 2466 2992 2536 ejus
3050 2465 3323 2538 Spiritui;
3363 2477 3419 2525 ct

1833 2555 2047 2627 fugient
2072 2571 2104 2611 a
2135 2556 2296 2612 vobis
2325 2555 2605 2615 daemones
2629 2566 2684 2614 et
2710 2559 2893 2615 omnis
2916 2560 3203 2631 agritudo.

136 2656 524 2723 προσκυνεῖτε,
551 2655 648 2708 καὶ
671 2655 1048 2727 εὐχαριστεῖτε
1069 2654 1165 2710 διὰ
1198 2654 1403 2719 παντὸς
1436 2655 1530 2709 τὸν
1577 2654 1713 2710 Θεὸν
1753 2654 1849 2708 καὶ
1878 2655 2103 2726 Πατέρα
2123 2653 2220 2708 τοῦ
2247 2653 2459 2725 Κυρίου
2520 2654 2680 2727 ἡμῶν
2736 2654 2914 2727 Ἰησοῦ
2984 2657 3253 2727 Χριστοῦ,
3319 2657 3416 2713 καὶ

136 2751 194 2802 τό
216 2749 377 2819 ἅγιον
407 2750 577 2805 αὐτοῦ
606 2751 866 2823 Πνεῦμαο
904 2754 999 2807 καὶ
1032 2752 1325 2821 φεύξονται
1364 2754 1459 2821 ἀφ’
1482 2751 1638 2823 ὑμῶν
1666 2753 1716 2807 οἱ
1749 2753 2013 2823 δαίμονες
2045 2751 2140 2806 καὶ
2171 2754 2323 2833 πᾶσα
2355 2754 2539 2816 νόσος.

204 2840 573 2910 Συνθεμένων
598 2838 696 2896 οῦν
733 2842 915 2897 αὐτῶν
957 2842 1057 2896 καὶ
1103 2842 1576 2913 παρακαλούντων
1624 2842 1723 2897 ἐπὶ

136 2931 195 2982 τὸ
240 2932 569 3003 προσελθεῖν
631 2934 815 2996 αὐτοῖς
868 2932 1005 3004 (‘29),
1060 2934 1271 2997 πάντας
1314 2935 1456 2989 tato.
1508 2934 1620 2987 Καὶ
1649 2935 1719 3003 τῇ

136 3021 404 3092 ἐπαύριον
433 3023 682 3093 συνήχθη
715 3025 828 3087 πᾶς
853 3027 882 3078 ό
910 3024 1055 3089 λαὸς,
1097 3025 1287 3098 μικροί
1310 3042 1372 3079 τε
1402 3024 1500 3079 καὶ
1552 3023 1725 3095 μεγάο

136 3117 237 3180 λοι,
266 3116 470 3187 ἄνδρες
494 3117 593 3170 καὶ
621 3121 899 3184 γυναῖκες,
932 3119 1180 3173 Ἰουδαῖοί
1217 3136 1277 3173 τε
1302 3120 1400 3172 καὶ
1422 3118 1686 3188 Ἓλληνες
1706 3133 1722 3149 °

1906 2847 2357 2903 Assentientibus
2397 2856 2575 2903 autem
2612 2847 2694 2904 eis
2720 2855 2775 2903 et
2804 2845 3174 2919 ﬂagitantibus
3218 2864 3277 2907 ut
3322 2867 3416 2910 ac-

1834 2946 2091 2991 currerct
2138 2936 2250 3001 eis,
2280 2938 2498 2991 sanavit
2532 2951 2748 2991 omnes.
2772 2934 2839 2991 Et
2879 2939 3144 3010 postridie
3185 2957 3417 3014 congre-

1830 3036 1990 3097 gatus
2028 3035 2114 3083 est
2153 3027 2337 3082 omnis
2372 3027 2633 3098 populus,
2666 3028 2875 3098 parvuli
2903 3037 2962 3085 et
2991 3032 3195 3102 magni,
3233 3034 3334 3089 viri
3364 3045 3418 3090 et

1828 3118 2106 3184 mulieres,
2144 3117 2323 3174 Judaei
2372 3127 2429 3175 et
2466 3119 2681 3185 Graeci;
2721 3136 2913 3176 omnes
2964 3123 3110 3177 cnim
3140 3139 3419 3182 convene-

134 3208 336 3271 πάντες
368 3214 485 3280 γὰρ
541 3211 895 3280 συνήρχοντο.
946 3211 1007 3264 '0
1055 3211 1111 3264 δὲ
1170 3209 1423 3280 Ἀνδρέας
1487 3206 1723 3273 ἐξελθὼν

1829 3223 1976 3266 rant.
2009 3212 2260 3267 Andreas
2312 3223 2497 3267 autem
2550 3213 2747 3268 exiens
2797 3216 2863 3268 ad
2915 3229 3033 3282 eos,
3076 3224 3130 3272 et
3173 3224 3326 3275 stans
3361 3220 3418 3274 in

135 3302 270 3371 πρὸς
297 3270 509 3364 αὐτοῦς
544 3304 639 3356 καὶ
853 3303 934 3367 είς
976 3303 1069 3356 τὸν
1109 3303 1236 3374 χθὲς
1295 3270 1460 3357 τόπον
1520 3270 1718 3356 εἶπεν·

1828 3302 2087 3359 hcsterno
2118 3303 2240 3359 loco
2279 3304 2391 3359 ait:
2422 3305 2535 3360 Pax
2562 3306 2861 3372 omnibus;
2904 3307 2997 3378 qui
3034 3308 3247 3366 viribus
3278 3326 3418 3381 pm:-

134 3394 347 3465 Είρήνη
384 3395 554 3447 πᾶσιν
579 3409 590 3422 ⁸
614 3393 666 3447 οἱ
694 3393 752 3447 δὲ
788 3395 1090 3466 ρωσθέντες
1113 3397 1213 3467 μιᾷ
1243 3397 1394 3467 φωνῇ
1442 3394 1683 3464 ἔκραξαν
1702 3408 1719 3425 ο

134 3484 246 3539 Καὶ
267 3486 349 3553 τῷ
379 3484 659 3555 πνεύματί
690 3502 809 3542 σου.
835 3487 944 3541 Καὶ
983 3488 1014 3540 ό
1045 3487 1306 3557 ’Δνδρέας
1371 3486 1577 3557 ἡρξατο
1633 3485 1724 3538 λέ-

134 3594 254 3643 γειν
275 3594 289 3609 ·
322 3577 438 3631 Τοῦ
478 3578 687 3647 ἀγαθοῦ
715 3582 811 3633 καὶ
841 3580 1005 3650 μόνου
1031 3578 1170 3632 Θεοῦ
1210 3578 1305 3632 καὶ
1346 3577 1580 3649 Ποιητοῦ
1609 3579 1721 3631 τῶν

132 3670 394 3725 ἁπάντων
426 3672 769 3743 τιμήσαντος
810 3673 903 3725 τὸν
936 3672 1223 3743 ἄνθρωπον
1266 3673 1333 3741 τῇ
1393 3670 1501 3742 ἰδίᾳ
1550 3670 1722 3723 εἰκόνι

136 3763 407 3831 ἐφύτευσε
445 3763 777 3833 παράδεισον
802 3763 944 3818 κατὰ
973 3764 1261 3826 ἀνατολὰς,
1289 3764 1387 3817 καὶ
1423 3762 1579 3815 ἔθετο
1607 3761 1724 3814 ὲκεῖ

137 3855 227 3907 τὸν
252 3854 554 3926 ἄνθρωπον
583 3854 711 3919 δοὺς
742 3855 892 3925 αὑτῷ
921 3854 1145 3925 ἐντολὴν
1171 3852 1493 3916 ἀθανασίας.
1533 3852 1593 3905 ὐ
1624 3847 1722 3905 οῦν

140 3947 381 4018 πον-πλοὸς
433 3946 682 4011 διάϐολος
737 3946 1015 4018 φθονήσας
1072 3946 1299 4017 ἐποίησε
1332 3945 1400 3998 δι’
1427 3945 1721 4016 ὑπερηφαο

137 4039 286 4102 veta;
322 4040 422 4093 καὶ
454 4038 906 4110 ὐιῖιηλοφροσύνης
938 4038 1291 4109 παρακοῦσαι
1312 4039 1408 4091 τὴν
1433 4038 1722 4108 ἄνθρωπον

137 4130 272 4183 Θεοῦ
314 4130 416 4184 τοῦ
460 4130 847 4201 πεποιηκότος.
878 4132 1015 4184 Eius
1051 4130 1183 4199 γὰρ,
1218 4131 1303 4184 ὅτι
1349 4131 1611 4183 Ἕσεσθε
1639 4129 1723 4194 ὡς

138 4224 299 4277 θεοί·
339 4224 467 4278 ὅθεν
494 4225 709 4296 ἐτράπη
734 4226 813 4288 είς
844 4222 1053 4295 φθορὰν
1098 4223 1161 4289 ἐξ
1212 4221 1547 4294 ἀφθαρσίας.
1611 4220 1725 4275 Καὶ

136 4315 335 4369 ἔτεκεν
365 4316 483 4371 υἱὸν
505 4316 820 4388 παρακοῆς,
862 4316 954 4370 τὸν
998 4315 1164 4381 Κάἶν,
1220 4314 1281 4378 ὃς
1318 4315 1724 4385 ὲχαρακτήρισε

136 4411 226 4463 τὸν
249 4410 525 4466 ὃιὰὅολον.
548 4409 799 4476 Ἐγένετο
830 4408 939 4476 γὰρ
966 4409 1106 4461 Κάῖν
1148 4408 1447 4477 ἐφευρετὴς
1503 4408 1726 4460 πάντων

137 4503 356 4557 κακῶν.
404 4503 516 4555 Καὶ
568 4502 834 4570 φονεύσας
885 4500 976 4553 τὸν
1023 4500 1158 4553 ῖδιον
1217 4500 1467 4568 ἀδελφὸν,
1516 4498 1725 4551 δίκαιον

1824 3394 2090 3461 valentes,
2127 3409 2238 3448 una
2268 3409 2405 3450 voce
2446 3396 2832 3451 clamaverunt
2856 3414 2875 3452 ι
2910 3396 2977 3451 Ει
3025 3400 3246 3470 spiritui
3295 3409 3410 3456 tuo.

1826 3482 1891 3536 Et
1944 3483 2198 3538 Andreas
2253 3484 2423 3554 carpit
2464 3483 2867 3540 dicere:Cum
2926 3488 3103 3543 bonus
3153 3499 3210 3545 et
3262 3493 3417 3547 solus

1825 3574 1966 3631 Deus
2004 3583 2062 3629 et
2086 3574 2316 3630 Creator
2369 3576 2616 3631 omnium
2660 3576 2941 3633 hominem
2981 3580 3227 3638 auxisset
3275 3583 3417 3637 ima-

1821 3668 1951 3740 gine
2007 3683 2147 3733 sua,
2193 3668 2461 3740 plantavit
2509 3668 2825 3740 paradisum
2874 3672 2942 3727 ad
2997 3671 3313 3743 Orientem;
3362 3685 3417 3731 et

1824 3757 1900 3813 ibi
1928 3758 2113 3828 posuit
2140 3758 2442 3824 hominem,
2471 3759 2609 3815 dans
2643 3763 2693 3815 ei
2725 3772 3059 3834 praeceptum
3090 3765 3418 3822 immortali-

1825 3851 1977 3907 tatis.
2026 3850 2523 3916 Perversusigitur
2564 3854 2852 3924 diabolus,
2898 3857 3106 3912 invidia
3149 3857 3414 3931 ﬂagrans,

1825 3946 1957 4000 fecit
1981 3960 2078 4016 per
2106 3945 2425 4016 superbiam
2456 3956 2514 4003 et
2550 3950 2928 4021 arrogantiam
2962 3959 3022 4005 ut
3066 3966 3177 4007 non
3201 3962 3418 4024 pareret

1825 4039 1991 4095 homo
2038 4038 2149 4095 Deo
2188 4038 2465 4096 Creatori.
2518 4040 2667 4098 Dixit
2712 4043 2860 4100 enim
2901 4044 3035 4115 quia
3067 4043 3243 4113 Eritis
3274 4048 3413 4101 sicut

1824 4133 1902 4187 dii
1932 4132 1991 4198 ις
2022 4132 2167 4189 unde
2201 4148 2510 4190 conversus
2550 4144 2637 4192 est
2679 4135 2737 4191 in
2778 4137 3195 4206 corruptionem
3227 4152 3295 4192 ex
3336 4139 3420 4191 in-

1826 4227 2206 4297 corruptione.
2260 4227 2327 4282 Et
2370 4228 2561 4300 genuit
2610 4228 2781 4284 filium
2824 4230 3215 4287 inobedientia:
3253 4232 3415 4293 Cain.

1825 4319 1919 4389 qui
1962 4320 2257 4389 imaginem
2306 4321 2586 4391 expressit
2613 4320 2842 4377 diaboli.
2887 4322 3093 4380 Factus
3140 4334 3232 4382 est
3265 4328 3415 4381 enim

1827 4411 1961 4465 Cain
1992 4411 2246 4466 inventor
2271 4414 2516 4466 omnium
2562 4413 2860 4470 malorum.
2900 4416 2964 4470 Et
3000 4424 3293 4487 postquam
3327 4419 3417 4473 in-

1830 4501 2047 4556 terfecit
2083 4503 2309 4557 fratrem
2340 4518 2503 4558 suum
2546 4505 2641 4574 qui
2667 4506 2857 4575 justus
2908 4515 3026 4562 erat
3069 4518 3127 4563 et
3158 4518 3416 4571 sanctus.
3530 4576 3531 4579 η

136 4595 270 4649 όντα
293 4595 393 4648 καὶ
426 4594 604 4661 ἅγιον,
632 4592 824 4648 ἐλαϐεν
856 4594 998 4649 ἑπτὰ
1046 4593 1367 4656 καταδίκας,
1407 4590 1597 4661 ἐπειδὴ
1625 4590 1721 4644 καὶ

1830 4602 2036 4664 septem
2065 4608 2255 4664 poenas
2275 4595 2446 4659 dedit,
2469 4596 2728 4665 quoniam
2763 4608 2819 4653 et
2850 4598 2989 4652 mala
3022 4610 3233 4669 septem
3265 4599 3416 4657 fece-

136 4685 281 4738 ἑπτα
310 4683 469 4737 κακὰ
498 4683 817 4755 εἰργάσατο.
847 4683 977 4736 Ὅτε
1008 4684 1115 4753 γὰρ
1144 4684 1243 4746 τὰς
1274 4682 1526 4751 ἀπαρχὰς
1556 4698 1725 4751 προς-

137 4775 306 4843 ἐξερε
328 4774 408 4843 τῷ
437 4774 561 4841 Θεῷ
579 4774 691 4825 τῶν
712 4774 966 4844 καρπῶν,
998 4773 1161 4837 αὐτὸς
1194 4773 1263 4825 τὰ
1285 4771 1546 4827 κάλλιστα
1568 4771 1721 4841 λιτρῶ-

137 4883 228 4928 τος
254 4866 474 4938 ἢσθιεν,
501 4866 597 4917 καὶ
618 4864 897 4933 οὖτωςτῷ
923 4864 1045 4933 Θεῷ
1082 4864 1426 4934 προσέφερεν
1447 4879 1461 4892 ·
1487 4862 1597 4916 ἰδοὺ
1616 4860 1725 4934 γὰρ

138 4960 364 5027 πρῶτον
392 4959 585 5010 κακόν.
608 4957 876 5026 Δεύτερον
896 4955 982 5021 δὲ,
1014 4954 1230 5024 φθόνον·
1257 4954 1473 5022 ἐφθόνει
1492 4954 1613 5026 ,γὰρ
1633 4954 1727 5007 τὸν

138 5048 373 5116 ἀδελφόν
395 5064 409 5077 ο
449 5047 659 5117 τρίτον,
683 5046 858 5111 δόλον,
890 5048 972 5100 ὅτι
996 5046 1090 5100 καὶ
1126 5045 1205 5115 τῷ
1225 5045 1345 5115 Θεῷ
1376 5046 1470 5099 καὶ
1496 5046 1606 5108 τοῖς
1632 5060 1729 5113 γο-

136 5140 327 5195 νεῦσιν
364 5140 745 5195 ὲδολιεύσατο·
793 5141 1079 5211 τέταρτον,
1119 5142 1279 5212 μῖσος
1306 5156 1320 5171 ⁶
1385 5139 1560 5211 μισῶν
1614 5139 1726 5208 γὰρ

137 5235 399 5303 ἐμελέτα,
434 5235 556 5298 πῶς
585 5234 751 5288 αὑτὸν
771 5234 1083 5289 ἀποκτενεῖ·
1117 5234 1391 5304 πέμπτον,
1412 5233 1514 5303 τὴν
1546 5248 1728 5304 παρα.-

137 5326 272 5395 κοὴν
294 5326 395 5378 τοῦ
418 5326 557 5380 Θεοῦ
592 5328 689 5380 καὶ
729 5327 837 5380 τῶν
893 5329 1099 5396 γονέων
1126 5341 1141 5358 ο
1188 5324 1360 5379 πολλά
1414 5324 1524 5395 γὰρ
1572 5323 1725 5394 αὐτῷ

137 5418 388 5483 ιλάλουν,
426 5418 502 5488 μὴ
534 5420 707 5472 ποιεῖν
731 5419 882 5473 δόλον
908 5419 987 5488 τῷ
1009 5418 1129 5490 Θεῷ
1155 5433 1170 5448 ·
1205 5418 1389 5485 ἓκτον,
1431 5418 1530 5489 τὴν
1584 5417 1720 5473 πλά-

209 5597 404 5653 ‘Gen.
453 5614 540 5663 III,
595 5597 651 5652 5.
726 5595 909 5651 ‘Gen.
968 5612 1043 5661 tv,
1100 5593 1155 5649 8.

1824 4690 1911 4737 rat
1964 4686 2102 4737 Cum
2133 4699 2277 4739 enim
2302 4687 2580 4755 primitias
2605 4685 2825 4757 frugum
2859 4686 2969 4743 Deo
3006 4690 3228 4755 obtulit,
3260 4695 3408 4763 opti-

1823 4790 1908 4829 "id
1939 4776 2053 4845 ipsi:
2084 4776 2298 4846 pﬁmus
2351 4776 2613 4841 comedit,
2648 4787 2704 4833 et
2742 4792 2874 4834 ecce
2897 4780 3137 4850 primum
3170 4781 3414 4851 malum;

1822 4867 2135 4923 secundum
2174 4867 2410 4933 invidia,
2472 4868 2759 4925 invidebat
2792 4872 2939 4927 enim
2968 4871 3157 4941 fratri;
3193 4877 3417 4929 tertium

1827 4961 2012 5030 dolus,
2085 4964 2253 5019 Deum
2294 4965 2438 5018 enim
2482 4963 2681 5020 fefellit
2723 4972 2779 5021 et
2825 4974 3120 5040 parentes;
3154 4977 3416 5039 quartum

1831 5053 2045 5121 odium,
2094 5056 2403 5111 abhorrens
2435 5056 2582 5111 enim
2628 5057 2907 5128 cogitabat
2951 5058 3228 5129 quomodo
3263 5059 3416 5115 illum

1830 5146 2207 5215 interﬁceret;
2257 5149 2514 5218 quintum
2562 5148 2935 5205 inobedientia
2978 5165 3110 5222 erga
3150 5149 3319 5206 Deum
3358 5160 3417 5205 ct

1830 5244 2116 5305 parentes,
2172 5238 2345 5293 multa
2376 5241 2523 5296 enim
2560 5238 2638 5294 illi
2674 5239 2933 5296 dicebant
2971 5248 3031 5295 ut
3060 5255 3131 5296 ne
3162 5240 3415 5297 fraudem

1830 5327 2037 5384 faceret
2090 5344 2222 5401 erga
2275 5332 2483 5402 Deum;
2533 5342 2748 5390 sextum
2813 5334 3115 5402 simulatio,
3200 5332 3417 5405 decepit

1828 5420 1975 5477 cnim
2013 5419 2236 5479 fratrem
2271 5440 2435 5481 suum
2466 5426 2685 5495 dicens,
2752 5424 3019 5483 Exeamua
3057 5428 3114 5481 in
3159 5441 3346 5497 campo
3366 5428 3409 5494 ',

1489 5683 1689 5748 Variae
1724 5683 2055 5748 lectiones.

211 5798 331 5866 (‘27)
385 5796 581 5868 Ἠμῶν
607 5792 736 5851 Vat.

213 5861 335 5935 (28')
366 5861 734 5940 Sic'explico,
760 5880 883 5937 qua:
923 5863 1047 5921 Vat.
1084 5862 1291 5933 prabet
1324 5881 1340 5921 :
1372 5863 1467 5918 καὶ
1520 5861 1621 5917 οὐκ
1666 5876 1735 5916 iw

620 5966 890 6027 PATROL.
924 5962 1041 6026 Gtt.
1072 5961 1266 6025 CXX.

1838 5788 2281 5935 “$33632;
2308 5863 2628 5936 προσελθεῖν
2657 5862 2807 5936 αὐτῷ
2835 5865 2957 5923 νει·

2903 5960 2937 6021 8
