4188 6436
198 374 301 440 241

1497 390 1680 451 νιΤΑ
1708 390 1769 450 S.
1804 391 2154 457 ANDREzE.

3332 408 3440 473 242

192 491 291 559 τῆς
352 491 585 555 πόλεως.
648 495 760 547 Καὶ
820 496 1023 561 εὐθέως
1079 496 1255 569 ἐφάνη
1310 500 1458 571 αὐτῷ
1491 505 1518 556 6
1560 504 1765 573 Κύριος

1872 521 1923 564 et
1958 510 2247 580 ingredere
2281 516 2347 569 ad
2384 531 2501 579 eos,
2537 524 2591 571 ct
2621 533 2689 573 ne
2723 518 2973 575 timueris
3003 536 3127 589 eos;
3168 536 3268 594 ego
3295 525 3439 578 enim

194 581 389 649 λέγων·
428 584 684 649 ’Δνάστα,
730 587 949 658 μαθητά
980 606 1106 659 μου,
1152 590 1249 643 καὶ
1272 590 1479 644 εἴσελθε
1505 594 1643 666 πρὸς
1673 596 1769 648 αύ-

193 674 337 738 τοὺς,
371 674 469 726 καὶ
510 676 587 745 μὴ
636 677 879 749 φοϐηθῇς
937 681 1169 743 αὐτούς·
1198 682 1308 751 ἐγὼ
1339 685 1448 755 γάρ
1482 688 1597 755 εἰμι
1631 687 1769 756 μετά

198 764 317 817 σοῦ.
354 767 470 818 Καὶ
495 766 585 821 τὸν
615 768 881 823 δάκτυλον
912 771 1361 847 ἀποκατέστησεν
1389 777 1560 847 αὐτῷ.
1606 778 1768 833 Ἀνα-

195 853 326 916 στάς
367 850 465 907 οὖν
501 857 528 907 6
580 857 841 929 Ἀνδρέας
891 861 1144 932 εἰσῆλθεν
1175 866 1255 929 είς
1306 866 1405 937 τὴν
1443 868 1621 922 πόλιν.
1656 870 1770 923 Καὶ

198 942 399 1007 ἰδόντες
430 946 530 1017 τὴν
584 948 871 1020 ὑπομονὴν
910 954 1076 1007 αὐτοῦ
1115 957 1209 1009 καὶ
1239 957 1301 1010 τὸ
1328 961 1505 1028 πρᾶον
1530 961 1622 1013 καὶ
1654 963 1767 1026 πῶς

192 1035 496 1102 παρεκάλει
517 1038 762 1103 αὐτοὺς,⁸
779 1043 1155 1113 κατενύγησαν
1177 1048 1271 1099 καὶ
1288 1048 1522 1118 ῆρξαντο
1550 1051 1768 1105 ἀκούειν

192 1125 377 1179 αὐτοῦ.
415 1129 530 1181 Καὶ
583 1129 916 1196 ἀκούσαντες
942 1136 1042 1205 τῆς
1081 1136 1430 1202 διδασκαλίας
1461 1140 1767 1212 ἐξεπλάγη-

293 1258 306 1271 .
360 1218 677 1291 Ἥρμήνευε
718 1223 826 1292 γὰρ
856 1224 955 1288 τὰς
983 1227 1230 1299 Γραφάς,
1261 1229 1356 1283 καὶ
1399 1232 1649 1297 ἐδέξαντο
1676 1236 1767 1289 τὸν

192 1310 349 1373 λόγον
384 1312 479 1365 τοῦ
505 1314 769 1382 Χριστοῦ,
797 1315 967 1369 ’ἐωθεν
1002 1319 1484 1391 ὲπισωρευόμενοι,
1514 1327 1768 1394 φέροντες

191 1399 466 1466 ἀσθενεῖς,
496 1400 590 1464 οὓς
624 1405 653 1455 6
697 1404 953 1476 Ἀνδρέας
978 1409 1043 1478 τῇ
1082 1408 1369 1482 ἐπικλήσει
1405 1413 1498 1465 τοῦ
1528 1416 1766 1485 Χριστοῦ

192 1490 329 1544 lito.
363 1490 699 1561 Εὗρεθέντος
727 1498 785 1550 δὲ
834 1502 1241 1570 πεφονευμένου
1285 1506 1575 1578 ἀνθρώπου
1604 1510 1768 1580 μέσον

192 1583 285 1651 τῆς
328 1584 565 1649 πόλεως,
620 1590 714 1642 καὶ
763 1588 1104 1662 ζητουμένου
1140 1595 1236 1648 τοῦ
1276 1598 1502 1665 φονέως,
1542 1601 1639 1671 τῆς
1667 1619 1768 1670 γυ-

196 1677 380 1738 ναικξς
408 1678 577 1731 αὑτοῦ
605 1679 942 1754 ὀδυρομένης
969 1687 1064 1738 καὶ
1083 1685 1178 1739 τοῦ
1206 1687 1336 1741 λαοῦ
1360 1692 1764 1762 περιρρέοντος,

191 1767 573 1838 παρακληθεὶς
600 1772 627 1824 6
669 1770 925 1843 Ἀνδρέας
954 1778 1309 1846 παρεγένετο,
1337 1783 1430 1834 καὶ
1462 1785 1765 1854 προσευξάο

194 1873 380 1924 μενος,
414 1864 483 1930 τῇ
516 1861 805 1933 ἐπικλήσει
835 1865 927 1919 τοῦ
959 1869 1196 1937 Χριστοῦ
1224 1871 1410 1942 ῆγειρε
1435 1875 1525 1926 τὸν
1552 1878 1765 1946 νεκρόνο

192 1949 279 2001 καὶ
332 1950 525 2005 πολλοὶ
575 1954 907 2009 ἐπίστευσαν
961 1959 1055 2011 ἐπὶ
1105 1960 1197 2015 τὸν
1249 1962 1478 2033 Κύριον.
1512 1965 1699 2029 Οὕτως
1737 1970 1766 2022 ὁ

191 2038 343 2108 λόγος
375 2041 474 2095 τοῦ
530 2044 739 2113 Κυρίου
784 2048 994 2120 ηὐξήθη
1047 2051 1142 2104 καὶ
1171 2051 1766 2129 ὲπλατύνθη.Ἐχειρο-

193 2130 385 2200 τὲνησε
425 2133 482 2185 δὲ
533 2136 592 2200 ἐξ
645 2137 826 2193 αὐτῶν
882 2141 1293 2213 πρεσϐυτέρους
1332 2146 1423 2199 καὶ
1454 2147 1761 2217 διακόνους,

1874 610 2049 658 tecum
2092 621 2232 661 sum.
2269 607 2332 661 Et
2360 609 2586 678 digitum
2620 610 2862 666 restituit
2892 612 2963 667 ei.
2995 611 3238 683 Surgens
3277 614 3443 685 igitur

1869 696 2117 755 Andreas
2149 701 2431 770 ingressus
2486 711 2568 758 est
2615 704 2915 759 civitatem.
2958 706 3021 759 Et
3056 705 3302 763 videntes
3346 723 3444 777 pa-

1871 787 2119 844 tientiam
2149 792 2269 861 ejus
2298 801 2353 847 et
2390 795 2885 861 mansuetudinem,
2924 804 2980 849 et
3030 796 3306 866 quomodo
3344 812 3441 851 vo-

1870 880 2025 935 cabat
2066 898 2183 948 eos,
2233 888 2546 954 compuncti
2593 895 2769 952 sunt,
2816 896 2871 942 et
2919 898 3207 958 cmperunt
3248 888 3443 943 audire

1869 985 2014 1026 eum.
2039 973 2102 1027 Et
2131 974 2419 1032 audientes
2447 977 2755 1033 doctrinam
2785 980 3045 1035 commoti
3082 990 3234 1036 sunt.
3270 980 3445 1036 Inter-

1869 1064 2183 1132 pretahatur
2208 1069 2354 1123 enim
2384 1067 2733 1139 Scripturas;
2765 1079 2819 1128 et
2848 1084 3181 1141 acceperunt
3216 1072 3441 1127 verbum

1868 1150 2097 1219 Christi,
2134 1157 2201 1209 ab
2243 1173 2440 1213 aurora
2486 1162 2817 1225 coacervati,
2860 1169 3146 1232 portantes
3197 1162 3446 1217 infirmos

1869 1257 2006 1311 quos
2037 1243 2284 1300 Andreas
2323 1247 2670 1305 invocatione
2698 1249 2904 1306 Christi
2939 1252 3171 1307 sanavit.
3219 1250 3445 1305 lnvento

1870 1342 2050 1388 autem
2104 1335 2397 1391 interfecto
2447 1340 2668 1396 homine
2725 1341 2781 1397 in
2842 1344 3020 1399 medio
3066 1343 3336 1409 civitatis,
3388 1350 3444 1397 et

1871 1426 2101 1491 quaesito
2133 1427 2495 1485 interfectore
2537 1434 2678 1502 ejus,
2722 1442 2776 1489 et
2834 1449 3001 1490 uxore
3039 1436 3186 1492 illius
3235 1436 3445 1490 lamen-

1870 1521 2040 1581 tante,
2082 1528 2137 1572 et
2176 1522 2375 1590 populo
2420 1523 2781 1591 circumfuso,
2818 1526 2974 1581 venit
3005 1526 3305 1581 advocatus
3336 1526 3445 1580 An-

1869 1606 2049 1674 dreas,
2067 1616 2263 1665 etcum
2297 1620 2532 1679 Orasset,
2560 1613 2908 1672 invocatione
2938 1616 3144 1673 Christi
3170 1626 3446 1671 mortuum

1868 1699 2153 1767 excitavit,
2216 1711 2270 1757 et
2316 1704 2470 1758 multi
2518 1705 2873 1763 crediderunt
2908 1709 2965 1762 in
3005 1708 3319 1762 Dominum.
3358 1706 3451 1762 Sic

1871 1804 2052 1845 sermo
2098 1791 2191 1846 Dei
2240 1794 2523 1851 crescebat
2570 1804 2626 1852 et
2680 1797 3090 1867 divulgabatur.
3145 1797 3438 1854 Ordinavit

1874 1889 2057 1937 autem
2099 1896 2164 1936 ex
2198 1884 2279 1938 eis
2324 1886 2676 1956 presbyteros
2715 1896 2770 1944 et
2820 1889 3082 1946 diaconos
3116 1898 3172 1946 et
3207 1891 3287 1945 sic
3315 1889 3453 1946 abiit

1873 1972 2176 2030 Zalichum.
2229 1975 2297 2031 Et
2350 1977 2637 2035 audientes
2690 1978 2935 2036 Amiseni
2994 1982 3354 2036 obviavernnt
3402 1984 3452 2037 ei

1871 2064 2195 2133 gaudentes,
2237 2074 2291 2122 et
2333 2069 2742 2137 adgratulantes
2783 2070 3130 2127 adduxerunt
3161 2074 3219 2127 in
3255 2071 3447 2143 hospi-

1872 2158 2028 2214 tium.

198 2223 289 2327 καὶ
317 2222 495 2327 οῦτως
521 2227 763 2327 ἐξῆλθεν
785 2230 865 2293 είς
912 2230 1264 2327 τὸνᾹΖάλιχον
1295 2236 1433 2307 (ﬂ).
1467 2239 1579 2293 Kal
1647 2241 1978 2313 ἀκούσαντες
2016 2251 2068 2304 oi
2104 2250 2389 2323 ’Δμισηνοὶ
2450 2254 2876 2325 προῦπήντησαν
2937 2254 3085 2327 αύτῷ
3147 2256 3451 2327 χαίροντες,
3538 2228 3541 2229 ν

191 2317 279 2368 καὶ
318 2316 703 2387 εὐφημοῦντες
736 2321 943 2391 ἤγαγον
976 2325 1053 2388 είς
1079 2326 1178 2396 τὴν
1210 2326 1413 2393 ξενίαν.

270 2412 411 2464 Ἀπὸ
432 2413 489 2465 δὲ
527 2414 754 2484 Ἀμισοῦ
784 2416 897 2488 (42)
926 2423 1390 2494 προπεμπόμενος
1416 2426 1659 2499 ἀπῆλθεν
1689 2433 1769 2497 είς

195 2503 615 2573 Τραπεζοῦντα.
672 2506 983 2578 ’Ἄνθρωποι
1027 2512 1085 2565 δὲ
1148 2514 1268 2567 ἐκεῖ
1315 2516 1570 2588 ἀνόητοιο
1628 2522 1769 2595 πλήν

192 2612 331 2656 τινες
369 2595 623 2660 ἐδέξαντο
674 2598 768 2652 τὸν
822 2600 1002 2669 λόγον.
1051 2604 1161 2657 Καὶ
1195 2602 1357 2678 ἦλθεν
1409 2612 1489 2673 είς
1538 2612 1772 2668 Νεοκαιο

198 2688 442 2757 σάρειαν.
502 2690 611 2743 Καὶ
648 2692 988 2762 κηρύξαντος
1042 2698 1224 2761 αὐτοῖς
1266 2700 1360 2753 τὸν
1411 2702 1570 2771 λόγον
1620 2707 1771 2771 τινες

196 2778 364 2847 ὀλίγοι
409 2782 681 2847 ἐδέξαντο.
730 2788 971 2843 Ἐκεῖθεν
1001 2790 1236 2861 ἀνῆλθεν
1274 2796 1355 2858 είς
1418 2797 1771 2868 ’Δμουσάτον,

194 2872 347 2965 πόλιν
375 2875 477 2945 τῆς
502 2876 951 2947 παραθαλασσίας
983 2885 1452 2955 μεγάλην.”οντες
1473 2891 1529 2944 δὲ
1552 2893 1610 2945 ἐν
1634 2894 1771 2965 αὐτῇ

200 2963 462 3035 Ἕλληνες
491 2967 681 3021 πολλοὶ
735 2973 831 3025 καὶ
872 2972 1151 3045 φιλόσοφοι
1197 2979 1490 3048 ἀντέλεγον
1534 2982 1612 3053 τῷ
1648 2963 1773 3037 Ἀνέ

194 3053 343 3124 δρέςι.
397 3055 460 3109 ’0
504 3057 562 3111 δὲ
616 3058 801 3127 ἔλεγεν
861 3063 1082 3126 αὐτοῖς·
1159 3067 1326 3121 Αὐτοὶ
1380 3070 1540 3138 ὑμεῖς
1600 3089 1775 3127 κατα·

196 3145 429 3216 νοήσατε
495 3148 556 3201 τὸ
611 3150 913 3206 ἀσύστατον
972 3154 1082 3208 τῶν
1134 3155 1271 3210 θεῶν
1320 3158 1498 3227 ὑμῶν,
1543 3161 1627 3214 ὅτι
1693 3163 1774 3226 είς

196 3236 463 3306 ἀλλήλους
529 3241 816 3311 μάχονται.
885 3242 964 3297 Τά
1024 3245 1081 3297 δὲ
1165 3249 1453 3319 μαχόμενα
1497 3251 1763 3323 ἀλλήλων,
1793 3235 1835 3293 C

198 3325 406 3397 φθορά·
461 3332 489 3382 6
540 3331 596 3384 δὲ
633 3328 712 3396 εἷς
740 3334 874 3398 Θεὸς
906 3336 1112 3404 ἀγαθὸς
1168 3338 1243 3392 ὢν
1278 3341 1459 3409 ἀγαθά
1510 3346 1767 3415 παράγει.

198 3416 619 3489 Κατανοήσατε,
668 3424 756 3486 τίς
804 3427 831 3477 6
861 3430 1103 3496 στοιχεῖα
1153 3432 1390 3502 ποιήσας
1440 3435 1532 3488 καὶ
1563 3435 1770 3500 ὲνώσας

199 3509 293 3561 καὶ
346 3510 405 3576 ἐξ
462 3512 643 3567 αὐτῶν
686 3516 1100 3587 συστησάμενος
1146 3521 1246 3591 τὴν
1296 3520 1537 3593 ἐπίγειον
1570 3529 1769 3587 κτίσιν,

205 3603 590 3675 Κατανοήσατε
633 3609 725 3662 τὸν
777 3611 978 3681 δρόμον
1024 3614 1133 3666 τῶν
1184 3618 1493 3687 φωστήρων
1533 3619 1769 3673 καὶτῶν

202 3694 471 3780 ἀστέρων,
513 3699 609 3751 καὶ
656 3698 741 3763 τίς
789 3702 818 3753 6
861 3702 1029 3769 τάξας
1057 3706 1241 3770 αὐτοῖς
1268 3707 1360 3762 τὸν
1397 3708 1637 3780 ἄληκτον
1670 3713 1771 3765 καὶ

198 3778 317 3837 ἴσον
347 3786 573 3856 δρόμον,
619 3790 703 3842 ὅτι
749 3790 935 3862 ἄψυχά
980 3794 1087 3847 εισι
1136 3798 1231 3851 καὶ
1281 3798 1383 3851 οὐκ
1419 3778 1527 3869 ἀφ’
1562 3802 1771 3855 ἑαυτῶν

199 3875 502 3943 κινοῦνται,
546 3881 642 3932 καὶ⁵
691 3880 775 3934 ὅτι
817 3882 878 3937 τὸ
933 3884 1241 3957 πολύαρχον
1298 3890 1394 3943 καὶ
1443 3891 1768 3948 ἀσύστατον.

210 3964 573 4021 Ἐπιλάὄεσθε
622 3969 742 4024 ὀδοῦ
784 3972 998 4045 ἀγαθῆς
1052 3977 1129 4047 τῷ
1184 3980 1334 4051 νόμῳ
1382 3982 1659 4050 Μωσέως,
1689 3986 1771 4039 ὅτι

201 4056 425 4127 εἰρήνην
458 4059 691 4129 παρέχει
728 4061 805 4131 τῷ
855 4065 1200 4135 στοιχοῦντι·
1255 4070 1587 4126 πιστεύσατε
1655 4078 1771 4138 τοῖς

204 4150 540 4225 προφήταις,
570 4151 931 4223 ὃτιάλήθειαν
966 4157 1333 4226 διδάσκουσιν,
1365 4162 1461 4216 καὶ
1498 4164 1641 4236 ζωὴν
1670 4168 1763 4219 καὶ

202 4241 424 4309 εἰρήνην
480 4242 720 4297 αἰώνιον.
770 4247 1075 4317 Θεωρεῖτε,
1108 4251 1188 4303 ὅτι
1246 4252 1325 4322 τῷ
1393 4255 1613 4326 ὀνόματι
1676 4258 1770 4310 τοῦ

200 4330 443 4400 Χριστοῦ
475 4336 664 4403 νεκροὶ
711 4337 1039 4407 ἐγείρονται,
1075 4343 1169 4395 καὶ
1204 4344 1459 4413 δαίμονες
1499 4349 1591 4402 καὶ
1621 4349 1767 4419 πάθη

200 4425 620 4491 ςυγαδεύονται.
655 4429 951 4498 Διατρίψας
981 4432 1038 4484 δὲ
1088 4435 1146 4485 ὲν
1180 4435 1363 4497 αὐτοῖς
1396 4438 1612 4509 ἡμέρας
1645 4441 1771 4493 πολ-

199 4512 291 4579 λὰς
320 4518 418 4568 καὶ
448 4517 806 4587 μαθητεύσας
832 4522 1087 4589 πολλοὺς,
1126 4524 1286 4594 ἀφεὶς
1309 4528 1506 4593 αὐτοὺς
1535 4530 1765 4600 ἀνῆλθεν
1793 4564 1848 4625 D

199 4607 274 4669 εἰς
319 4609 702 4679 Ἱεροσόλυμα.

263 4697 378 4751 Καὶ
416 4702 561 4768 μετά
594 4698 690 4770 τὴν
730 4701 1113 4774 Πεντηκοστὴν
1166 4706 1423 4778 Ἀνδρέας
1453 4714 1546 4763 καὶ
1584 4713 1769 4781 Σίμων

202 4789 229 4839 6
273 4788 594 4858 Χανανίτης
654 4790 747 4842 καὶ
796 4792 1043 4857 Ματθίας
1096 4796 1188 4849 καὶ
1241 4797 1501 4863 Θαδδαῖος
1540 4801 1771 4871 ἔμειναν

198 4879 311 4931 ἐκεῖ
336 4879 478 4950 πρὸς
521 4878 809 4952 Αὕγαροψ
844 4885 892 4936 ot
942 4884 1000 4938 δὲ
1058 4888 1237 4941 λοιποὶ
1295 4890 1637 4962 διερχόμενοι
1674 4896 1769 4961 τὰς

202 4970 385 5032 πόλεις
416 4971 767 5037 διδάσκοντες
799 4975 895 5028 καὶ
928 4975 1473 5051 θαυματουργοῦντες
1502 4986 1769 5056 κατῆλθον

198 5061 275 5119 είς
312 5060 559 5129 Ἰϐηρίαν
598 5063 694 5116 καὶ
740 5065 822 5125 εἰς
854 5066 946 5117 τὸν
992 5067 1184 5136 Φᾶσιν,
1240 5071 1336 5123 καὶ
1392 5073 1524 5142 μεθ’
1556 5076 1793 5153 ἡμέρας

196 5152 268 5213 είς
297 5152 625 5206 Σουσανίαν.
664 5156 727 5207 Ol
760 5155 818 5208 δὲ
849 5156 1041 5228 ἀνδρες
1065 5159 1159 5213 τοῦ
1187 5161 1373 5227 ἔθνους
1402 5168 1613 5221 ἐκείνου
1647 5170 1751 5223 ὑπὸ

194 5241 298 5297 τῶν
334 5244 620 5311 γυναικῶν
647 5244 1001 5314 ἐκρατοῦντο.
1032 5250 1307 5321 Εὑπειθὴς
1337 5254 1448 5327 δὲή
1477 5259 1766 5325 γυναικεία

199 5338 380 5405 φύσις,
414 5340 514 5393 καὶ
537 5339 674 5408 ταχὺ
707 5341 1023 5411 ὑπήκουσαν
1043 5344 1179 5417 (45).
1214 5350 1437 5419 Ἔμεινε
1468 5352 1525 5405 δὲ
1552 5355 1579 5406 6
1610 5356 1763 5409 Ματ-

196 5431 311 5493 θίας
339 5432 440 5484 σὺν
487 5432 760 5501 μαθηταῖς
787 5434 868 5496 είς
909 5435 1007 5503 τάς
1039 5439 1221 5511 χώρας
1254 5441 1477 5509 ὲκείνας
1500 5444 1765 5502 διδάσκων

1958 2435 2041 2491 Ah
2084 2435 2277 2492 Amiso
2324 2442 2506 2491 autem
2551 2451 2679 2492 cum
2723 2437 2930 2493 honore
2981 2436 3246 2495 deductus
3297 2441 3446 2497 venit

1874 2528 2291 2599 Trapezuntem.
2342 2526 2457 2584 Viri
2503 2538 2685 2585 autem
2750 2529 2838 2585 hic
2894 2529 3047 2586 stulti
3087 2537 3290 2599 erant;
3364 2532 3455 2588 vix

1872 2622 2094 2692 quidam
2119 2630 2453 2692 acceperunt
2482 2622 2730 2676 verbum.
2754 2621 2818 2677 Et
2840 2623 2990 2679 venit
3010 2623 3448 2681 Neocaesaream.

1874 2713 1940 2768 Et
1975 2728 2096 2768 cum
2124 2714 2485 2783 praedicasset
2510 2715 2592 2768 eis
2632 2713 2880 2777 verbum.
2918 2715 3074 2785 pauci
3112 2715 3337 2785 quidam
3366 2732 3455 2771 re-

1878 2812 2165 2873 ceperunt.
2188 2803 2318 2861 Inde
2349 2806 2485 2861 abiit
2513 2805 2841 2861 Amusatum
2870 2807 3147 2862 civitatem
3190 2808 3245 2860 in
3272 2807 3454 2863 littore

1877 2898 2045 2952 maris
2070 2896 2354 2966 grandem.
2388 2896 2612 2952 Stantes
2639 2904 2819 2951 autem
2850 2898 2905 2952 in
2934 2912 2997 2952 ea
3021 2897 3193 2952 Graeci
3222 2898 3379 2953 multi
3400 2906 3455 2953 et

1876 2987 2188 3057 philosophi
2241 2988 2700 3043 contradixerunt
2735 2988 2986 3044 Andreae.
3014 2987 3121 3054 Qui
3156 2989 3295 3044 dixit
3328 2988 3450 3045 eis:

1877 3077 1988 3134 Vos
2017 3080 2118 3147 ipsi
2148 3080 2493 3136 considerate
2523 3081 2953 3135 inconstantiam
2979 3081 3207 3136 deorum
3241 3088 3454 3137 vestro-

1877 3185 2018 3235 rum,
2039 3170 2162 3240 quia
2196 3172 2341 3228 inter
2366 3187 2425 3227 se
2447 3173 2765 3238 decertant;
2800 3172 2947 3243 quod
2976 3181 3156 3227 autem
3182 3180 3456 3243 pugnetur

1875 3264 2018 3319 inter
2046 3280 2164 3328 eos.
2209 3266 2412 3322 invidia
2457 3266 2621 3331 facit;
2673 3265 2817 3321 Deus
2859 3274 3039 3321 autem
3083 3266 3264 3321 bonus
3302 3266 3454 3321 exsi-

1877 3365 2049 3421 stens,
2088 3357 2230 3412 bona
2261 3357 2454 3428 gignit.
2498 3356 2747 3425 Cogitate
2778 3355 2905 3426 quis
2933 3356 3201 3412 elementa
3245 3356 3453 3411 creavit

1875 3456 1930 3504 et
1964 3450 2157 3515 univit,
2195 3457 2249 3503 et
2286 3466 2354 3504 ex
2400 3450 2480 3505 eis
2527 3450 2816 3505 constituit
2850 3458 3096 3504 terrenas
3140 3457 3448 3503 creaturas.

1878 3538 2054 3595 Mente
2088 3549 2318 3597 tractate
2366 3556 2587 3596 cursum
2629 3541 2981 3595 luminarinm
3015 3548 3069 3595 et
3095 3541 3362 3603 siderum,
3396 3535 3451 3595 εί

1876 3634 2002 3702 quis
2026 3634 2299 3689 ordinavit
2323 3633 2805 3690 eisincessabilem
2837 3640 2893 3688 et
2914 3632 3175 3702 aequalem
3200 3645 3451 3693 cursum,

1874 3724 2001 3792 quia
2054 3724 2293 3779 inanima
2345 3733 2496 3791 sunt,
2560 3740 2661 3781 nec
2710 3740 2741 3780 a
2782 3724 3089 3793 semetipsis
3129 3722 3444 3787 volvuntur,

1874 3824 1927 3870 et
1954 3816 2081 3886 quia
2110 3830 2140 3871 a
2171 3817 2421 3887 plurimis
2459 3826 2740 3887 reguntur,
2771 3830 2871 3872 nec
2896 3817 3039 3871 inter
3071 3830 3129 3871 se
3149 3816 3446 3871 cohaerent.

1876 3903 2031 3960 Viam
2066 3905 2264 3961 bonam
2298 3906 2541 3977 carpatis
2581 3922 2678 3977 per
2710 3907 2882 3977 legem
2926 3904 3154 3977 Moysis,
3185 3907 3313 3975 quia
3345 3918 3447 3976 pa.-

1876 4009 1992 4050 cem
2043 3995 2253 4065 prabet
2301 3996 2605 4053 ambulanti
2655 3999 2707 4051 in
2757 4011 2858 4063 ea;
2913 3996 3117 4051 credite
3164 3993 3451 4065 prophetis

1873 4086 2001 4156 quia
2021 4088 2299 4142 veritatem
2326 4088 2613 4153 docent,et
2638 4086 2837 4150 vitam,
2867 4095 2919 4142 et
2950 4102 3137 4155 pacem
3162 4096 3449 4143 aternam.

1874 4176 2232 4234 Considerate
2267 4178 2394 4247 quia
2442 4179 2497 4232 in
2534 4178 2756 4233 nomine
2784 4175 2991 4233 Christi
3038 4178 3240 4231 mortui
3293 4176 3449 4231 exci-

1877 4280 2079 4335 tantur,
2108 4281 2162 4324 et
2196 4270 2476 4326 daemones
2500 4277 2556 4325 et
2588 4269 2806 4325 dolores
2839 4268 2891 4323 in
2926 4268 3108 4338 fugam
3135 4277 3448 4323 vertuntur.

1872 4359 2009 4417 Cum
2058 4361 2351 4416 mansisset
2394 4360 2537 4415 inter
2565 4374 2660 4416 eos
2694 4360 2887 4415 diebus
2920 4360 3131 4425 multis,
3163 4369 3218 4414 et
3250 4359 3451 4416 multos

1874 4450 2172 4519 docuisset,
2205 4452 2523 4521 relinquens
2562 4464 2658 4508 eos
2692 4451 2824 4506 abiit
2858 4449 3311 4520 Hierosolymam.

1937 4714 2007 4767 Et
2030 4720 2154 4783 post
2178 4711 2558 4775 Pentecosten,
2600 4712 2851 4769 Andreas
2919 4722 2974 4767 et
3051 4711 3237 4767 Simon
3275 4711 3450 4769 Cana»

1868 4802 2030 4869 nites,
2084 4810 2139 4858 et
2196 4802 2451 4858 Matthiae
2516 4813 2569 4859 et
2620 4803 2930 4860 Thaddasus
2983 4812 3307 4859 manserunt
3370 4805 3448 4865 ibi

1872 4892 2132 4966 (Edessa!)
2166 4895 2307 4961 apud
2348 4895 2661 4964 Augarum;
2720 4897 2903 4952 caeteri
2949 4904 3338 4966 percurrentes
3368 4897 3449 4951 ci-

1871 4986 2071 5042 vitales
2110 4994 2165 5041 et
2212 4985 2462 5057 prodigia
2515 4986 2784 5042 facientes
2829 4994 3201 5057 pervenerunt
3240 4987 3296 5041 in
3329 4987 3447 5042 lbet-

1874 5078 2015 5134 riam
2046 5088 2100 5133 et
2126 5078 2181 5132 in
2207 5077 2434 5143 Phasin,
2492 5087 2545 5134 et
2582 5088 2705 5149 post
2734 5079 2849 5134 dies
2900 5079 2955 5133 in
2987 5077 3275 5134 Susaniam
3333 5078 3446 5134 Viri

1873 5178 2058 5226 autem
2119 5171 2298 5241 gentis
2331 5170 2497 5240 hujus
2525 5171 2849 5226 mulieribus
2878 5171 3283 5240 mancipantur.
3314 5168 3447 5225 Per-

1872 5280 2042 5322 suasu
2098 5262 2277 5318 facilis
2307 5273 2393 5319 est
2435 5262 2671 5318 feminea
2718 5272 2939 5327 natura,
2968 5269 3022 5315 et
3066 5262 3181 5315 cito
3222 5260 3443 5330 acquie-

1871 5363 2087 5410 verunt.
2128 5353 2331 5409 Mansit
2363 5361 2548 5410 autem
2586 5352 2844 5409 Matthias
2901 5366 3025 5407 cum
3068 5350 3352 5421 discipulis
3388 5351 3445 5406 in

1873 5445 2191 5518 regionibus
2226 5445 2351 5514 illis
2402 5444 2628 5523 docens,
2672 5451 2727 5501 et
2772 5444 2927 5516 signa
2981 5441 3192 5499 faciens
3251 5441 3444 5498 multa.

1528 5622 1729 5683 Varia:
1757 5624 2086 5686 lectiones.

259 5733 377 5810 (ﬁt)
402 5737 498 5810 Ap.
536 5736 891 5810 Ptolemaaum
919 5741 984 5798 de
1016 5745 1122 5800 situ
1155 5743 1377 5800 Galatia:
1402 5745 1688 5810 Ζκλίσκος.

264 5803 382 5868 (~52)
424 5807 686 5873 ’Δμινσοῦ
721 5807 845 5864 ναι.

1949 5746 2060 5818 (ίῦ)
2101 5747 2443 5818 ’Υπήκουσεν
2471 5742 2590 5801 νει.
