4188 6436
207 395 315 460 245

1516 404 1691 464 VITA
1728 405 1786 462 S.
1829 404 1926 464 AN
1938 406 2179 470 υιιΕιΕ.

3346 424 3452 490 ειδ

207 518 383 584 αὐτῆς
442 515 771 587 Ἐφιδαμίαν
821 517 974 587 (ιε),
1037 520 1230 589 ἱκανὴν
1284 536 1451 572 ουσαν
1506 522 1633 574 ἰδεῖν
1685 524 1777 574 καὶ

1885 522 2175 579 videndum
2233 536 2286 580 et
2323 527 2652 596 loquendum
2688 541 2743 588 et
2782 534 3111 591 audiendum
3143 537 3438 593 Andream.

205 609 442 676 λαλῆσαι
485 609 580 661 καὶ
630 609 865 663 ἀκοῦσαι
909 608 1003 663 τοῦ
1042 610 1313 680 Ἀνδρέου.
1362 610 1624 665 Ἰθᾷλθοῦσα
1658 613 1717 665 δὲ
1744 616 1777 682 ἡ

218 700 522 767 Ἐφιδαμὲα
575 702 884 769 κατήντησε
937 701 1028 753 τὸν
1096 703 1321 769 Σῶσιον,
1378 702 1628 773 μαθητὴν
1683 706 1778 756 τοῦ

219 790 506 859 Ἀνδρέου,
533 793 667 859 πρὸς
697 792 755 844 ὃν
788 791 1075 859 ἐξενίζετο.
1098 794 1153 848 Ὀ
1186 794 1242 847 δὲ
1275 796 1587 865 κατήχησεν
1610 796 1782 867 αὐτὴν

203 884 299 934 τὸν
324 883 489 948 λόγον
513 884 607 936 τοῦ
637 883 775 936 Θεοῦ
805 885 902 937 καὶ
938 886 1038 955 τὴν
1067 886 1204 938 ἰδίαν
1237 887 1402 949 ἴασιν,
1434 888 1528 939 καὶ
1558 888 1783 957 εἰσήγα-

204 990 302 1037 γεν
327 977 503 1046 αὐτὴν
537 977 677 1047 πρὸς
708 977 799 1030 τὸν
841 978 1118 1049 Ἀνδρέαν.
1149 979 1257 1032 Kal
1284 980 1521 1033 πεσοῦσα
1555 983 1632 1043 εἰς
1657 982 1783 1045 τοὺς

206 1065 376 1126 πᾶδας
417 1066 585 1118 αὑτοῦ
638 1068 839 1137 ἢκουσε
876 1067 983 1121 τῶν
1029 1069 1205 1135 λόγων
1230 1070 1394 1125 αὑτοῦ
1419 1089 1431 1101 ⁸
1463 1074 1553 1124 καὶ
1598 1074 1780 1143 ἀπήγ-

205 1157 358 1218 γειλε
395 1157 532 1226 πρὸς
571 1160 683 1227 (66)
713 1159 814 1229 τὴν
845 1161 1043 1231 κυρίαν
1074 1162 1272 1230 αὐτῆς.
1310 1164 1456 1217 Μεθ’
1488 1165 1700 1235 ἡμέρας
1722 1166 1778 1217 δέ

204 1264 359 1311 τινας
405 1250 675 1320 ἠσθένησε
718 1253 1063 1321 Μαξιμίλλα,
1098 1258 1131 1323 ἡ
1163 1255 1300 1326 γυνὴ
1327 1256 1422 1309 τοῦ
1447 1259 1778 1313 ἀνθυπάτου.

208 1341 319 1391 Καὶ
345 1342 459 1394 τῶν
512 1343 715 1413 ίατρῶν
760 1347 1159 1416 ἀποκαμὸντων
1191 1350 1609 1414 ἁπογνωσθεῖσα
1642 1352 1749 1404 ἀπὲ
1773 1384 1784 1398 ι

210 1436 389 1485 ετειλε
436 1435 538 1504 τὴν
595 1437 920 1506 Ἐφιδαμίαν
950 1440 1042 1492 καὶ
1088 1440 1478 1509 προσκαλεῖται
1507 1443 1599 1495 τὸν
1666 1443 1782 1497 Ἀν-

204 1519 392 1585 δρέαν.
460 1522 520 1575 '0
572 1525 630 1577 δὲ
678 1526 943 1594 συνῆλθεν
978 1528 1114 1598 αὐτῇ
1172 1530 1312 1600 μετὰ
1353 1531 1462 1584 τῶν
1521 1534 1781 1602 μαθητῶν

209 1612 399 1664 αὑτοῦ.
437 1615 548 1666 Καὶ
581 1618 839 1671 εἰσελθὼν
865 1621 944 1680 εἰς
969 1620 1067 1689 τὴν
1117 1622 1293 1675 οὶκίαν
1333 1622 1458 1693 εὗρε
1486 1625 1578 1678 τὸν
1613 1627 1779 1682 ἀνθύ-

207 1718 380 1756 πατον
435 1706 746 1773 κρατοῦντα
807 1710 1080 1779 μάχαιραν
1141 1716 1233 1765 καὶ
1294 1716 1646 1787 ἐκδεχόμενον
1691 1720 1782 1771 τὸν

1884 613 2087 669 Abiens
2120 627 2299 673 autem
2327 617 2643 688 pridamia
2697 627 2939 681 occurrit
2996 627 3177 690 Sosio,
3223 630 3451 684 Andrem

1885 709 2176 778 discipulo,
2213 716 2355 781 apud
2380 728 2541 782 quem
2566 716 2968 786 liospitaliatur.
2993 720 3096 787 Qui
3130 720 3451 776 docuiteam

1887 801 2107 855 verbum
2145 800 2260 866 Dei,
2298 812 2352 859 et
2395 806 2670 874 propriam
2716 810 3079 874 curationem,
3134 821 3189 866 et
3224 812 3452 864 adduxit

1883 909 2001 951 eam
2031 894 2097 948 ad
2130 896 2419 951 Andream.
2442 898 2505 952 Et
2537 901 2822 970 procidens
2855 903 2923 957 ad
2956 904 3119 971 pedes
3174 904 3314 972 eius.
3345 919 3456 957 au-

1884 987 2019 1043 divit
2057 990 2213 1044 verba
2250 989 2418 1054 illius,
2471 1003 2525 1047 et
2572 994 2845 1048 nuntiavit
2883 996 3115 1050 dominae
3146 1012 3276 1050 suae.
3323 996 3453 1050 Post

1882 1082 2001 1135 dies
2034 1084 2263 1151 aliquot,
2300 1085 2574 1141 infirmata
2603 1099 2685 1141 est
2715 1087 3008 1142 Maximilla
3043 1105 3179 1144 uxor
3226 1106 3456 1155 procon-

1885 1174 2045 1231 sulis.
2075 1173 2137 1226 Et
2170 1176 2397 1232 medicis
2432 1177 2671 1232 laborem
2712 1181 3116 1242 recusantibus,
3153 1182 3332 1234 sciens
3365 1182 3452 1232 illa

1887 1266 2039 1320 misit
2104 1266 2501 1338 Ephidamiam,
2565 1277 2620 1324 et
2664 1270 2946 1327 advocavit
2999 1272 3290 1327 Andream.
3350 1272 3454 1339 Qui

1889 1356 2036 1410 venit
2064 1357 2129 1411 ad
2162 1372 2280 1411 cam
2327 1362 2452 1414 cum'
2482 1360 2772 1430 discipulis
2824 1361 2961 1416 suis.
3018 1361 3084 1415 Et
3147 1361 3457 1430 ingrediens

1887 1446 2131 1510 domum,
2193 1449 2394 1505 invenit
2440 1454 2823 1520 proconsulem
2872 1461 3143 1508 tenentem
3191 1453 3452 1522 gladium,

1886 1547 1939 1591 et
1998 1548 2402 1608 exspectantem
2461 1543 2645 1598 uxoris
2701 1558 2815 1599 suae
2873 1544 3123 1608 obitum,
3186 1545 3455 1598 volentem
3502 1590 3508 1599 .

1888 1630 2125 1699 seipsum
2192 1632 2519 1695 inlerﬁcere,
2574 1620 3025 1691 commoriturum
3074 1635 3147 1690 ei.
3205 1636 3451 1690 Andreas

1886 1731 2067 1776 autem
2126 1726 2357 1793 ben'gna
2410 1739 2542 1780 voce
2582 1724 2719 1780 dixit
2750 1731 2798 1781 ei
2836 1745 2850 1781 :
2887 1727 3159 1783 Converte
3189 1726 3451 1797 gladium,

213 1796 448 1850 θάνατον
466 1804 562 1869 τῆς
589 1802 786 1855 ἑαυτοῦ
805 1806 1082 1870 γυναικὸς,
1115 1806 1436 1875 βουλόμενον
1458 1812 1569 1875 (47)
1590 1814 1783 1865 ἑαυτὸν

1889 1812 1983 1876 illi,
2023 1814 2074 1866 in
2101 1814 2276 1866 locum
2310 1824 2566 1879 suum,et
2598 1817 2789 1873 invoca
2821 1817 2989 1872 Deum
3037 1818 3161 1872 εωιί
3193 1828 3247 1871 et
3291 1825 3455 1871 terra:

206 1890 452 1955 ἀνελεῖν,
535 1890 962 1966 συνθνηξόμενον
1044 1900 1219 1971 αὐτῇ.
1279 1902 1335 1955 ὐ
1399 1903 1456 1956 δὲ
1525 1905 1780 1975 Ἀνδρέας

208 1980 411 2049 πραείᾳ
461 1984 527 2050 τῇ
579 1989 729 2053 φωνῇ
789 1982 909 2040 εἶπε
971 1990 1106 2057 πρὸς
1163 1992 1362 2045 αὐτόν·
1410 1994 1780 2066 Ἀπόστρεψον

205 2072 303 2138 τὴν
357 2073 666 2142 μάχαιραν.
701 2078 913 2142 τέκνον,
969 2083 1048 2144 εἰς
1105 2083 1199 2136 τὸν
1254 2087 1421 2138 τόπον
1463 2086 1653 2157 αὐτῆς,
1686 2090 1781 2142 καὶ

204 2163 537 2217 ἐπικάλεσαι
575 2168 781 2237 Κύριον
831 2171 923 2223 τὸν
953 2173 1085 2225 Θεὸν
1130 2174 1223 2227 τοῦ
1272 2177 1505 2245 οὐρανοῦ
1538 2180 1629 2233 καὶ
1678 2181 1779 2249 τῆς

203 2252 304 2345 γῆς
345 2257 647 2320 πιστεύσας
696 2261 867 2330 αὐτῷ.
929 2262 1264 2334 Ἐπετίμησε
1322 2268 1378 2321 δὲ
1432 2270 1511 2338 τῷ
1559 2274 1781 2345 πυρετῷ

205 2342 379 2409 λέγων
400 2359 417 2375 ⁸
462 2347 756 2419 Ἀπόστηθι
781 2352 875 2404 ἀπ’
894 2354 1091 2424 αὐτῆς,
1116 2357 1143 2409 6
1167 2359 1420 2426 πυρετός.
1446 2361 1555 2415 Kal
1579 2342 1779 2434 triton;

207 2451 301 2487 κεν
336 2439 444 2488 ἐπ’
471 2440 609 2509 αὐτῇ
644 2444 743 2504 τὰς
781 2446 993 2514 χεῖρας,
1028 2449 1119 2501 καὶ
1149 2451 1355 2515 εὐθέως
1390 2454 1652 2524 ἵδρωσενο
1686 2461 1781 2513 xal

209 2543 313 2622 μετ
325 2530 340 2545 ‘
356 2529 539 2622 ὀλίγον
565 2533 798 2605 ἐζήτησε
820 2543 1037 2608 φαγεῖν,
1065 2543 1159 2595 καὶ
1179 2547 1524 2617 παραχρῆμα
1546 2549 1777 2622 ἠγέρθη.

210 2618 383 2671 Τοῦτο
462 2621 849 2694 θεωρήσαντες
922 2630 1108 2685 πολλοὶ
1183 2634 1534 2694 ἐπίστευσαν.
1600 2618 1663 2692 Ό-
1725 2618 1782 2695 δὲ

208 2709 489 2806 ipsa“);
534 2714 607 2778 ὡς
643 2717 816 2788 ἰατρῷ
864 2725 1124 2793 προσεῖχε
1161 2724 1240 2795 τῷ
1284 2728 1545 2801 Ἀνδρέᾳο
1575 2728 1642 2803 ἦν
1674 2735 1782 2806 γὰρ

213 2802 439 2873 Ἕλλην,
475 2810 570 2859 καὶ
606 2812 705 2862 οὐκ
736 2812 894 2882 ἤθελε
923 2816 1015 2868 τὸν
1055 2817 1213 2884 λόγον
1242 2821 1337 2874 τοῦ
1363 2824 1499 2878 Θεοῦ
1540 2828 1778 2883 ἀκούειν.

222 2893 435 2949 Ἕδίδου
465 2898 522 2951 δὲ
563 2902 711 2972 αύτῴ
747 2903 823 2965 ῶς
868 2906 1073 2975 χιλίους
1126 2913 1361 2978 χρυσοῦς
1384 2914 1555 2969 εἰπών
1586 2934 1600 2947 °
1636 2920 1781 2975 Λάϐε

154 3004 155 3007 η
209 2986 301 3039 τὸν
353 2991 550 3057 μισθόν
595 3011 711 3050 σου.
761 2996 819 3050 '0
846 2998 903 3051 δὲ
938 3000 1037 3054 οὐκ
1074 3002 1374 3066 ἀπεδέξατο
1417 3006 1530 3079 (48)
1569 3012 1740 3065 εἰπών
1764 3029 1781 3046 ’

220 3079 421 3149 Ἡμεῖς
465 3084 675 3155 δωρεὰν
720 3088 1027 3160 ὲλάῦομεν,
1086 3094 1296 3167 δωρεὰν
1328 3099 1565 3170 δίδομεν.
1599 3105 1778 3174 Προσ-

1885 1902 2113 1956 credens
2165 1903 2239 1957 ei.
2269 1901 2645 1961 Comminatus
2676 1914 2761 1961 est
2811 1915 2994 1962 autem
3041 1906 3176 1962 febri
3216 1906 3406 1962 dlcens
3439 1922 3453 1959 :

1883 1991 2094 2047 Recede
2124 1992 2192 2047 ab
2226 2007 2312 2058 ea,
2359 1994 2544 2050 febris.
2602 1995 2669 2051 Et
2718 1997 2976 2067 imposuit
3010 1997 3084 2051 illi
3135 2013 3352 2060 manus.
3404 2008 3459 2052 et

1884 2084 2068 2137 statim
2119 2085 2369 2149 sudavit,
2431 2095 2485 2141 et
2538 2096 2663 2157 post
2717 2088 3113 2158 aliquantulum
3162 2090 3458 2159 postulavit

1884 2176 2087 2239 cibum,
2115 2185 2166 2231 et
2198 2175 2488 2233 confestim
2516 2180 2777 2234 surrexit.
2816 2178 2974 2246 Quod
3010 2180 3256 2235 videntes
3302 2180 3457 2233 multi

1883 2268 2258 2324 crediderunt.
2293 2268 2550 2341 Egeates
2577 2281 2757 2327 autem
2802 2272 3037 2327 accessit
3083 2272 3147 2325 ad
3186 2271 3457 2326 Andream

1883 2364 2030 2417 velut
2055 2361 2122 2416 ad
2154 2361 2461 2426 medicum;
2493 2374 2612 2417 erat
2654 2363 2796 2417 enim
2846 2362 3090 2428 Graecus,
3143 2372 3197 2417 et
3239 2361 3461 2417 nolebat

1886 2452 2075 2508 audire
2103 2452 2328 2508 verbum
2386 2453 2502 2509 Dei.
2565 2454 2735 2509 Dabat
2763 2464 2944 2509 autem
2993 2454 3045 2509 ei
3099 2456 3260 2524 quasi
3313 2453 3461 2508 mille

1886 2556 2084 2598 aureos
2124 2540 2358 2598 dicens:
2396 2542 2599 2611 Accipe
2629 2542 2938 2599 mercedem
2976 2552 3152 2598 tuam.
3199 2542 3303 2610 Qui
3353 2559 3459 2597 non

1886 2636 2097 2707 accepit
2149 2638 2340 2693 dicens
2388 2654 2400 2690 :
2452 2634 2561 2692 Nos
2609 2637 2810 2691 donum
2865 2637 3204 2707 accepimus,
3257 2637 3459 2691 donum

1884 2716 2113 2798 damus;
2147 2729 2244 2784 sed
2281 2730 2462 2797 potius
2500 2727 2636 2784 oll‘er
2670 2729 2904 2798 teipsum
2939 2728 3071 2793 Dro,
3105 2728 3151 2782 si
3189 2737 3363 2798 potes.
3396 2726 3464 2780 Et

1884 2821 2014 2876 inde
2071 2829 2362 2883 exeuntes.
2418 2820 2708 2889 portabant
2765 2821 3080 2886 Andream,
3141 2828 3260 2875 crat
3317 2821 3458 2876 enim

1887 2929 2076 2970 senex.
2104 2910 2174 2966 Et
2204 2911 2337 2966 vidit
2379 2911 2670 2982 quemdam
2715 2912 2770 2965 in
2813 2912 3022 2981 porticu
3071 2912 3366 2982 jacentem.
3407 2919 3465 2967 et

1886 3006 2289 3076 eleemosynam
2319 3009 2619 3074 petentem,
2652 3012 2705 3060 et
2746 3016 2989 3074 tempora
3042 3004 3213 3059 multa
3262 3004 3462 3061 baben-

1892 3109 1999 3154 tem
2058 3098 2111 3152 in
2173 3095 2429 3168 paralysi.
2470 3094 2535 3150 Et
2589 3095 2666 3150 ait
2719 3095 2795 3150 illi
2843 3095 3091 3152 Andreas
3124 3115 3148 3162 :V
3180 3096 3345 3151 Sanat
3407 3107 3460 3151 te

211 3174 408 3241 ἐνεγκε
474 3179 533 3230 δὲ
570 3182 795 3250 μᾶλλον,
854 3187 902 3238 εί
955 3186 1209 3253 δύνασαι,
1254 3196 1481 3248 σεαυτὸν
1523 3196 1603 3266 τῷ
1642 3198 1783 3268 Θεῷ.

1891 3189 2048 3244 Jesus
2079 3187 2355 3244 Christus.
2384 3186 2451 3242 Et
2472 3187 2703 3256 praebuit
2727 3188 2802 3241 illi
2852 3202 3114 3254 manum;
3167 3186 3461 3244 confestim

223 3265 476 3355 Ἐκεῖθεν
507 3286 563 3321 τε
594 3270 902 3336 ἐξελθόντες
938 3276 1325 3344 ὐπεὸἀσταζον
1353 3282 1446 3334 τὸν
1483 3265 1744 3355 Ἀνδρέαν
1768 3302 1781 3316 ⁸

211 3353 282 3427 ἦν
316 3360 431 3429 γὰρ
480 3364 817 3434 πρεσϐύτης.
856 3369 967 3420 Καὶ
1019 3371 1124 3441 ὁρᾷ
1156 3388 1277 3425 τινα
1314 3376 1394 3437 εις
1426 3375 1520 3430 τὸν
1554 3353 1786 3446 ἔμϐολον

212 3449 618 3519 κατακείμενον
653 3453 750 3505 καὶ
776 3457 1204 3524 προσαιτοῦντα,
1231 3461 1381 3525 ὅστις
1405 3458 1519 3533 εἶχε
1560 3466 1786 3537 χρόνους

213 3538 448 3601 πολλοὺς
487 3541 887 3611 παραλυτικῶς
921 3546 1056 3615 (49).
1093 3550 1203 3602 Kal
1243 3550 1392 3620 λέγει
1423 3554 1573 3623 αὑτῷ
1597 3559 1625 3609 ὁ
1666 3557 1783 3612 ’Δνο

213 3628 377 3696 ὂρὲας
405 3648 419 3660 ·
467 3632 639 3686 Ἰἄταί
672 3650 731 3687 σε
773 3637 979 3702 Ἰησοῦς
1029 3641 1058 3693 6
1110 3642 1367 3709 Χριστός.
1436 3646 1545 3699 Καὶ
1583 3647 1788 3704 ἔδωκεν

212 3719 366 3790 αύτῷ
408 3724 567 3792 χεῖρα
588 3740 604 3755 ο
640 3725 845 3790 εὐθέως
874 3728 929 3782 δὲ
978 3729 1200 3799 ἐγένετο
1238 3734 1401 3803 ὑγιὴς
1424 3737 1451 3789 6
1477 3735 1784 3806 ἄνθρωπος,

212 3814 309 3865 καὶ
331 3814 527 3885 ἔτρεχε
562 3817 650 3870 διὰ
698 3820 870 3888 μέσης
908 3822 1006 3892 τῆς
1029 3823 1261 3889 πόλεως,
1286 3826 1555 3881 δεικνύων
1590 3831 1786 3884 ἑαυτὸν

212 3906 309 3955 καὶ
362 3905 605 3970 δοξάζων
656 3908 748 3961 τὸν
795 3909 948 3966 Θέον.
980 3913 1093 3967 Kal
1147 3916 1357 3985 προῦἀς
1405 3918 1613 3973 ἐκεῖθεν
1651 3916 1786 3973 εἶδεν

209 3997 379 4066 ἄνδρα
438 4000 577 4066 μετά
633 4001 894 4067 γυναικὸς
962 4006 1057 4058 καὶ
1102 4007 1316 4061 παιδίου
1372 4009 1627 4076 τυφλούς.
1681 4013 1787 4065 Kal

214 4089 393 4157 ἥψατο
423 4091 533 4142 τῶν
554 4091 857 4163 ὀφθαλμῶν
882 4096 1087 4163 αὐτῶν,
1118 4100 1210 4151 καὶ
1237 4098 1439 4164 εὐθέως
1464 4101 1785 4171 ἀνέϐλεψαν,

212 4184 309 4234 καὶ
342 4182 679 4253 ἠκολούθουν
707 4186 856 4256 αὐτῷ
875 4187 1190 4255 δοξάζοντες
1217 4192 1313 4244 καὶ
1340 4192 1787 4265 εὐχαριστοῦντες

213 4272 305 4323 τὶν
363 4274 523 4327 θεόν.
566 4276 916 4345 Θεωροῦντες
981 4280 1040 4333 δὲ
1087 4284 1135 4333 oi
1193 4283 1340 4352 ὄχλοι
1392 4286 1790 4357 ἐξεπλήσσοντο

209 4365 622 4434 θαυμάζοντες,
680 4372 772 4423 καὶ
807 4372 995 4426 πολλοὶ⁵
1031 4374 1340 4432 ἐπίστευον.
1384 4379 1495 4431 Kal
1533 4396 1785 4449 παρακαο

209 4457 392 4510 λοῦσιν
449 4460 611 4512 αὐτὸν
646 4463 900 4515 ἀπελθεῖν
942 4468 1020 4528 είς
1047 4466 1144 4518 τὸν
1185 4467 1399 4537 λιμένα,
1430 4470 1511 4522 ὅτι
1543 4488 1624 4533 τις
1665 4472 1774 4525 τῶν

209 4550 461 4618 ἀρχαίων
494 4552 726 4622 εὐγενὴς
772 4554 1058 4625 ὲλεπρῶθη
1082 4573 1095 4587 ·
1126 4560 1219 4611 καὶ
1262 4561 1338 4630 μή
1392 4562 1654 4631 φέροντες
1685 4563 1784 4633 τὴν

1892 3290 2073 3335 autem
2105 3295 2272 3336 sanus
2303 3278 2479 3334 factus
2507 3291 2592 3335 est
2623 3282 2725 3343 vir,
2746 3287 2803 3334 et
2828 3279 3085 3335 currebat
3104 3295 3201 3351 per
3228 3280 3461 3335 mediam

1890 3371 2186 3438 civitatem,
2249 3369 2547 3427 ostendens
2607 3369 2849 3439 seipsum
2893 3377 2948 3424 et
2990 3370 3225 3426 laudans
3266 3369 3460 3426 Deum.

1891 3464 1957 3519 Et
1994 3463 2295 3534 procedens
2320 3462 2467 3528 inde,
2494 3462 2633 3517 vidit
2665 3461 2941 3516 hominem
2968 3476 3092 3517 cum
3128 3463 3359 3518 muliere
3404 3473 3460 3519 et

1890 3571 2061 3627 puero
2086 3570 2278 3611 caecos.
2309 3554 2377 3610 Et
2411 3553 2583 3625 tetigit
2605 3554 2796 3613 oculos
2821 3568 3034 3619 eorum,
3068 3563 3121 3610 et
3155 3555 3264 3610 cito
3313 3555 3465 3611 vidc-

1892 3654 2050 3711 runt,
2101 3655 2157 3701 et
2213 3646 2581 3717 sequebantur
2631 3660 2753 3702 eum
2817 3645 3105 3703 laudantes
3152 3647 3365 3714 Deum,
3409 3660 3465 3703 et

1890 3738 2097 3812 gratias
2127 3737 2205 3794 illi
2257 3747 2502 3809 agentes.
2539 3735 2796 3794 Videntes
2849 3746 3030 3793 autem
3082 3740 3258 3795 turbae
3303 3754 3458 3795 com-

1890 3841 2051 3885 mota:
2094 3838 2227 3885 sunt
2268 3827 2625 3895 admirantes,
2679 3835 2736 3884 et
2783 3828 2939 3882 multi
2974 3828 3346 3885 crediderunt.
3393 3831 3462 3886 Et

1892 3927 2054 3976 orant
2085 3934 2212 3977 eum
2245 3928 2304 3975 ut
2335 3919 2404 3975 ad
2437 3927 2653 3990 portum
2705 3919 2908 3982 veniat,
2934 3919 3061 3989 quia
3108 3935 3253 3976 unus
3296 3936 3465 3976 senex

1893 4012 2093 4068 nobilis
2126 4012 2277 4083 lepra
2309 4010 2668 4075 afﬁciebatur.
2698 4020 2754 4067 et
2791 4027 2903 4068 non
2935 4013 3180 4070 ferentes
3206 4012 3459 4068 faetorem

1889 4104 2033 4174 ejus,
2061 4113 2364 4173 posuerunt
2400 4119 2523 4158 eum
2563 4117 2731 4174 super
2766 4111 2982 4160 stercus
3014 4123 3029 4163 :
3057 4112 3113 4161 et
3163 4119 3322 4159 nemo
3367 4120 3463 4175 po-

1891 4203 1999 4250 test
2052 4194 2491 4264 appropinquare
2543 4192 2621 4257 ei,
2682 4193 2778 4251 sed
2838 4194 3059 4266 quando
3122 4195 3354 4252 afferunt
3412 4199 3461 4251 ci

1892 4287 2100 4349 cibum,
2128 4299 2324 4341 nasum
2364 4291 2635 4351 tenentes,
2693 4286 2858 4343 citius
2902 4287 3177 4343 recedent.
3225 4290 3464 4343 Audiens

1893 4377 2008 4431 haec
2038 4374 2310 4438 Andreas,
2332 4382 2387 4429 et
2418 4374 2795 4431 misericordia
2820 4385 3021 4440 motus,
3041 4379 3176 4432 abiit
3204 4378 3270 4433 ad
3295 4394 3417 4434 eum
3446 4396 3459 4443 ;

1894 4468 2068 4525 secuti
2099 4477 2229 4524 sunt
2257 4474 2438 4522 autem
2472 4476 2528 4522 et
2557 4468 2647 4523 alii
2690 4468 2847 4524 multi
2883 4484 2950 4524 ex
2988 4470 3165 4539 plebe.
3217 4471 3462 4526 Andreas

1892 4559 2161 4617 accedens
2198 4560 2264 4615 ad
2300 4574 2425 4615 eum
2461 4558 2640 4617 dixit:
2673 4562 2843 4616 Sanat
2883 4571 2935 4617 te
2985 4562 3148 4619 Jesus
3185 4562 3458 4619 Christus.

210 4641 478 4695 δυσωδίαν
504 4644 670 4697 αὑτοῦ
697 4646 902 4716 ἔθηκαν
928 4648 1089 4700 αὑτὸν
1124 4650 1216 4703 ὲπί
1249 4651 1347 4719 τῆς
1375 4653 1609 4723 κοπρίας
1637 4670 1649 4683 ·
1691 4656 1788 4709 καὶ

1885 4668 2072 4725 surge.
2105 4652 2172 4707 Et
2222 4652 2517 4709 confestim
2574 4655 2813 4710 surrexit
2841 4669 3030 4711 sanus.
3065 4654 3131 4709 Et
3184 4656 3463 4726 accipiens

208 4732 385 4795 οὐδεὶς
427 4734 582 4804 αὐτῷ
616 4734 913 4805 πλησιάσαι
955 4737 1202 4805 δύναται,
1228 4739 1360 4793 ἀλλ’
1388 4742 1517 4795 ὅταν
1543 4746 1786 4815 προσφέ-

210 4840 382 4891 ρωσιν
414 4824 568 4893 αὐτῷ
595 4825 695 4894 τὴν
735 4829 967 4896 τροφὴν,
1005 4829 1103 4891 τὰς
1135 4832 1287 4899 ῥῖνας
1318 4831 1498 4884 αὐτῶν
1526 4836 1790 4903 κρατοῦν-

210 4934 325 4981 τες,
395 4919 613 4988 ταχέως
662 4919 1064 4991 ἀναχωροῦσιν.
1122 4922 1389 4987 Ἀκούσας
1450 4924 1507 4977 δὲ
1552 4925 1727 4979 ταῦτα
1760 4930 1787 4980 6

222 5009 482 5081 Ἀνδρέας
532 5014 630 5064 καὶ
675 5013 1097 5083 σπλαγχνισθεὶς
1156 5014 1370 5083 ἀπῆλθε
1413 5018 1547 5085 πρὸς
1579 5018 1775 5071 αὐτόν·

216 5105 486 5172 συνῆλθον
543 5105 603 5158 δὲ
663 5107 756 5159 καὶ
797 5107 946 5160 ἄλλοι
1004 5110 1068 5162 ὲκ
1117 5107 1214 5162 τοῦ
1256 5108 1386 5162 λαοῦ
1440 5109 1647 5165 πολλοί.
1719 5112 1776 5164 Ὀ

1889 4760 2011 4801 eum
2040 4746 2173 4801 lavit
2200 4745 2256 4800 in
2286 4746 2463 4811 mari;
2496 4756 2548 4802 et
2574 4745 2716 4800 facta
2743 4756 2826 4803 est
2848 4762 2978 4803 caro
2996 4748 3114 4817 ejus
3153 4749 3300 4803 sicut
3326 4763 3455 4803 caro

1889 4838 2101 4909 parvuli
2132 4846 2187 4894 et
2217 4839 2510 4895 mundatus
2555 4847 2658 4894 est.
2711 4839 2960 4895 Andreas
3008 4849 3188 4895 autem
3241 4841 3318 4895 ait
3360 4840 3409 4895 ei
3446 4859 3459 4894 :

1890 4930 2183 4985 Circumda
2212 4930 2311 4985 tibi
2355 4930 2737 4987 vestimentum
2762 4939 2942 4999 tuum,
2976 4940 3031 4987 et
3065 4932 3224 4987 ablue
3271 4932 3462 5003 culpas

1892 5027 2017 5074 tuas
2044 5019 2273 5075 credens
2299 5018 2540 5075 Christo.
2582 5019 2647 5075 Et
2672 5021 3000 5092 baptizatus,
3030 5024 3236 5093 gratias
3269 5035 3458 5091 agens,

1888 5121 2114 5167 Secutus
2146 5119 2231 5166 εει
2268 5126 2417 5166 eum.

207 5196 266 5249 δι
317 5198 579 5267 ’Δνδρέας
623 5201 853 5267 ἐγγίσας
901 5203 1052 5274 αύτῷ
1085 5206 1252 5275 λέγει’
1308 5210 1478 5262 ’ἰᾶταί
1541 5229 1600 5264 σε
1640 5210 1850 5281 Ἰησοῦς
1912 5213 1940 5265 ὁ
1978 5211 2217 5282 Χριστός
2247 5227 2260 5241 ’
2316 5212 2548 5267 ἀνάστα.
2596 5213 2706 5266 Kal
2776 5213 2979 5276 εὐθέως
3034 5212 3235 5280 ἀνέστη
3277 5211 3457 5281 ὑγιής.

210 5290 321 5346 Kal
408 5294 692 5362 κρατήσας
763 5297 929 5351 αὐτὸν
1000 5299 1221 5355 ἔλουσεν
1286 5304 1366 5365 είς
1432 5306 1531 5372 τὴν
1606 5306 1883 5359 θάλασσαν
1924 5322 1938 5337 ·

214 5387 438 5458 μικροῦ,
472 5388 567 5441 καὶ
589 5388 950 5461 ἐκαθαρίσθη.
970 5392 1027 5443 '0
1054 5393 1111 5446 δὲ
1140 5395 1394 5466 ’Λνδρέας
1421 5392 1578 5451 εἶπεν
1600 5400 1750 5467 αὐτῷ
1800 5417 1811 5428 ·

1998 5306 2095 5359 καὶ
2151 5307 2367 5374 ἐγένετο
2422 5307 2456 5375 ἡ
2513 5305 2655 5375 σὰρξ
2715 5306 2882 5361 αὑτοῦ
2952 5307 3088 5360 ὡσεὶ
3164 5303 3456 5373 παιδαρίου

1861 5396 2164 5468 Περιϐαλοῦ
2196 5396 2258 5450 τὸ
2289 5396 2505 5466 ἱμάτιόν
2534 5414 2630 5450 σου
2664 5399 2757 5451 καὶ
2784 5397 3081 5453 ἀπόλουσαι
3110 5396 3210 5462 τὰς
3274 5396 3454 5467 ἀμαρ-

208 5480 332 5545 τίας
358 5498 477 5546 σου,
517 5481 897 5546 πεπιστευκὼς
923 5484 1001 5555 τῷ
1044 5487 1291 5558 Χριστῷ.
1322 5490 1431 5542 Kal
1458 5490 1778 5559 βαπτισθεὶς
1818 5489 2162 5560 εὐχαριστῶν
2197 5487 2512 5559 ἠκολούθει.

1557 5606 1754 5667 Varia:
1785 5605 2113 5669 lectiones.

283 5726 398 5791 (45)
442 5723 508 5777 Et
536 5721 814 5790 Ἐφιδάμα
865 5732 918 5776 et
956 5719 1246 5793 Ἐφιδαμία
1281 5726 1333 5780 in
1397 5728 1516 5782 ('od.
1582 5742 1786 5782 llllflCll-

435 5864 579 5935 Πρὸς
603 5864 916 5922 addendum
953 5879 1092 5927 erat.
1119 5868 1236 5925 Non
1276 5876 1359 5925 cst
1394 5868 1450 5924 in
1481 5868 1603 5925 cod.

1966 5724 2077 5796 (4³7)
2108 5724 2433 5791 Βουλόμενος
2465 5725 2587 5781 ναι.

1967 5794 2079 5863 (48)
2115 5797 2173 5847 '0
2200 5796 2253 5847 δὲ
2282 5796 2342 5847 οὐ
2376 5797 2700 5862 κατεδέξατο
2738 5794 2864 5853 Vat.

1967 5866 2079 5937 (i9)
2114 5866 2490 5935 Παραλυτικὸς
2523 5865 2644 5923 Vat.
