4188 6436
781 363 886 435 263

854 476 1016 531 Extra
1045 477 1240 531 urbem
1267 489 1399 530 vero
1437 474 1786 530 dextrorsum
1815 487 1983 544 prope
2007 489 2222 529 murum
2260 483 2345 530 est
2374 485 2421 540 Α

781 569 1032 630 ecclesia,
1067 568 1158 621 ubi
1199 581 1459 637 egressus
1510 565 1706 621 Petrus
1759 565 1908 620 ﬂevit
1957 579 2184 619 amare:
2219 574 2272 620 et
2317 581 2347 620 a

781 662 968 716 dextra
991 659 1264 725 ecclesias,
1288 655 1468 714 tribus
1496 657 1707 728 sagitta:
1735 656 1998 725 iactibus.
2026 665 2111 714 est
2140 656 2346 712 Siloam

781 752 1013 820 piscina,
1045 750 1140 805 ubi
1171 750 1457 805 abstersus
1487 763 1666 803 caecus
1697 749 1940 815 respexit
1966 764 1979 800 :
2007 756 2061 803 et
2095 763 2125 802 a
2158 750 2346 805 dextra

781 843 902 912 ejus
961 857 1092 912 ager
1144 843 1290 911 ﬁguli
1330 848 1438 906 est,
1499 843 1554 895 in
1601 855 1713 910 quo
1750 841 1866 895 dati
1919 849 2052 895 sunt
2107 841 2346 911 argentei

781 932 992 987 nummi
1019 932 1253 1002 pretium
1284 930 1489 986 Christi
1520 945 1534 982 :
1568 930 1752 1000 ibique
1779 929 2119 999 sepeliuntur
2137 930 2348 984 “mortui

777 1022 849 1077 ad
897 1024 1040 1077 hanc
1069 1039 1242 1092 usque
1284 1022 1451 1077 diem.
1497 1019 1695 1084 Porro,
1731 1021 1798 1074 ad
1838 1021 2082 1077 dextram
2126 1021 2348 1076 arbores

781 1122 932 1181 sunt,
966 1113 1169 1182 quibus
1191 1112 1362 1168 Judas
1397 1125 1701 1181 suspensus
1731 1122 1834 1165 est.

848 1314 907 1367 In
934 1312 1279 1368 meridionali
1327 1319 1480 1382 parte
1515 1313 1666 1368 urbis
1702 1321 1929 1376 sanetze,
1982 1311 2198 1366 duobus
2232 1310 2348 1365 fere

770 1403 1109 1457 milliaribus
1155 1411 1309 1456 extra
1341 1403 1510 1467 viam,
1554 1402 1807 1456 Rachelis
1838 1402 2085 1455 tumulus
2128 1409 2230 1456 est.
2285 1401 2351 1454 Et

772 1510 992 1557 rursus,
1027 1494 1185 1564 quasi
1216 1509 1311 1549 sex
1335 1495 1563 1547 millium
1595 1494 1880 1558 distantia,
1909 1493 2186 1547 Bethleem
2219 1509 2346 1548 san-

770 1593 864 1640 cta
899 1585 1002 1641 sita
1029 1594 1152 1649 est,
1218 1587 1272 1640 in
1312 1601 1422 1655 quo
1475 1585 1676 1655 oppido
1720 1597 1885 1640 natus
1940 1593 2022 1639 est
2065 1584 2346 1638 Christus.

773 1676 1024 1732 Ecclesia
1084 1677 1324 1742 ibidem,
1379 1692 1572 1746 magna
1633 1677 1963 1741 admodum,
2017 1674 2349 1729 beatissium

2002 361 2334 423 EPIPHAN
2341 363 2403 423 II
2443 363 2793 426 MONACHI

3920 366 4036 432 εει

2527 481 2768 548 Ἐξωθεν
2797 479 2855 534 δὲ
2888 480 2987 551 τῆς
3045 480 3253 544 πόλεως
3309 480 3501 548 δεξιὸν,
3541 481 3765 551 πλησίον
3793 482 3889 534 τοῦ
3916 485 4033 537 τεί-

2449 590 2579 644 χους
2626 572 2776 624 ἐστὶν
2847 572 2882 640 ἠ
2932 569 3219 639 ἐκκλησία,
3280 569 3409 623 ἔνθα
3457 569 3692 636 ἐξελθὼν
3733 572 3760 622 6
3821 571 4034 640 Πέτρος

2447 663 2681 717 ἐκλαυσε
2721 661 2956 732 πικρῶς·
3022 662 3117 715 καὶ
3143 660 3317 728 δεξιὸν
3345 661 3447 731 τῆς
3479 660 3775 730 ἐκκλησίας
3802 660 3879 724 ὡς
3919 661 4035 714 ἀπὸ

2453 755 2822 824 σαγιτοὸόλων
2882 755 3050 823 τριῶν
3108 757 3257 807 ἐστιν
3296 753 3392 806 τοῦ
3431 752 3704 823 Σιλωάμή
3748 753 4039 822 κολυμσήο

2451 849 2576 918 θρα,
2611 846 2740 901 ἔνθα
2779 847 3074 917 νιψάμενος
3102 847 3130 898 6
3159 845 3361 915 τυφλὸς
3416 845 3682 914 ἀνέϐλεψε
3723 846 3817 899 καὶ
3848 844 4034 908 δεξιὸν

2450 938 2621 1011 αὐτῆς
2653 943 2800 995 ἐστιν
2835 941 2864 994 6
2889 939 3055 1011 ἀγρὸς
3099 937 3192 991 τοῦ
3246 938 3572 1008 Κεραμέως,
3598 939 3655 990 ὲν
3759 936 4033 1006 ἐδόθησαν

2450 1037 2521 1091 τὰ
2547 1035 2789 1106 ἀργύρια
2820 1037 2853 1105 ή
2880 1035 3013 1105 τιμὴ
3058 1032 3154 1088 τοῦ
3216 1031 3476 1104 Χριστοῦ,
3513 1031 3608 1085 καὶ
3647 1032 3943 1084 θάπτονται
3977 1031 4037 1081 οί

2450 1129 2635 1198 νεκροὶ
2656 1129 2761 1188 ἕως
2787 1127 2885 1198 τῆς
2934 1127 3204 1196 σήμερον·
3248 1127 3342 1178 καὶ
3388 1124 3563 1188 δεξιὸν
3614 1125 3778 1177 αὑτοῦ
3813 1122 4034 1175 εἰσινοὶ

2448 1219 2700 1290 μοιρίχες
2729 1221 2804 1281 είς
2837 1217 2930 1282 οὓς
2965 1216 3165 1279 Ἰούδας
3199 1214 3502 1286 ἀπήγξατο.
4037 1281 4046 1288 ε

2521 1311 2632 1362 Kal
2686 1309 2892 1362 νοτινὸν
2956 1308 3122 1378 μέρος
3164 1308 3264 1375 τῆς
3326 1306 3489 1373 ἁγίας
3523 1305 3730 1365 πόλεως
3782 1302 3858 1365 ὡς
3915 1301 4033 1355 ἀπὸ

2447 1400 2648 1472 μιλίων
2741 1398 2836 1453 δύο
2904 1397 3268 1470 παράετρατά
3346 1399 3464 1449 ἐστι
3550 1395 3650 1464 τῆς
3744 1391 3952 1463 Ῥαχὴλ
4003 1394 4034 1444 6

2451 1495 2643 1561 τάφος.
2679 1491 2790 1545 Kal
2849 1491 3012 1543 πάλιν
3043 1493 3118 1553 ὡς
3151 1491 3258 1543 ἀπὸ
3322 1490 3509 1558 μιλίων
3547 1487 3605 1549 ἓξ
3641 1490 3787 1537 ἐστιν
3825 1488 3855 1552 ἡ
3887 1484 4030 1552 ἁγία

2452 1583 2720 1651 Βηθλεὲμ,
2763 1580 2896 1634 ἔνθα
2951 1581 3555 1653 ἐγεννήθηὸΧριστδς,
3606 1578 3870 1647 ἐκκλησία
3930 1593 4035 1646 με·

2450 1675 2590 1745 γάλη
2641 1674 2886 1745 σφόδρα,
2942 1675 2977 1742 ἡ
3032 1667 3317 1744 ὑπεραγία
3365 1673 3646 1735 (ῠεοτόκος.
3708 1671 3818 1724 Kal
3885 1671 4031 1722 ὑπο-

781 1767 1053 1836 Deiparae;
1107 1774 1161 1820 et
1217 1766 1362 1820 infra
1408 1781 1621 1821 sacram
1668 1780 1916 1819 mensam
1957 1774 2041 1819 est
2088 1765 2346 1834 spelunca

2456 1766 2603 1820 γάτω
2644 1770 2744 1836 τῆς
2790 1763 3071 1836 τραπέζης
3140 1766 3254 1817 ἐστὶ
3283 1766 3342 1818 τὸ
3380 1765 3640 1836 σπήλαιον
3673 1763 3733 1816 τὸ
3781 1760 4031 1824 διπλοῦν,

777 1829 974 1928 duplex
1001 1875 1016 1924 ;
1039 1829 1216 1928 atque
1257 1859 1309 1911 in
1348 1857 1598 1911 orientali
1630 1859 1850 1927 quidem
1883 1867 2037 1927 parte
2074 1829 2236 1910 natus
2264 1863 2349 1911 est

2456 1859 2547 1913 καὶ
2598 1858 2677 1921 είς
2700 1829 2837 1927 ’μὲν
2857 1858 2917 1911 τὸ
2939 1829 3255 1912 ἀνατολικὸν
3303 1829 3486 1927 μέρος·
3510 1856 3772 1925 ἐγεννήθη
3800 1854 3830 1907 6
3853 1855 4033 1924 Χρισ-

775 1947 1076 2006 Christus:
1112 1951 1168 2004 in
1222 1949 1552 2004 occidentali
1607 1958 1692 2004 est
1749 1958 2004 2004 sanctum
2058 1962 2343 2016 praesepe:

778 2042 892 2097 duo
922 2042 1082 2096 simul
1136 2048 1316 2106 antra,
1360 2057 1484 2109 qua:
1538 2050 1667 2096 sunt
1719 2043 1968 2095 inaurata
2011 2048 2067 2094 et
2111 2041 2347 2109 depicta,

777 2131 1234 2202 quemadmodum
1268 2132 1446 2201 reipsa
1477 2130 1710 2185 fuerant.
1737 2131 1818 2186 Ad
1852 2132 1969 2186 hac
2000 2145 2029 2185 a
2065 2131 2218 2201 plaga
2248 2131 2348 2185 bo-

778 2219 912 2275 reaii
940 2221 1216 2292 speluncae
1243 2229 1437 2289 puteus
1470 2230 1587 2283 est,
1643 2217 1873 2273 lundum
1937 2234 2045 2274 non
2093 2220 2305 2274 habens
2333 2233 2346 2270 :

778 2324 945 2381 atque
1001 2311 1070 2365 ad
1107 2326 1301 2380 aquam
1334 2311 1481 2380 putei
1510 2316 1594 2366 est
1648 2311 1826 2375 stella,
1875 2325 1996 2379 quae
2022 2324 2208 2363 comes
2233 2316 2353 2380 erat

778 2403 994 2458 itineris
1026 2403 1306 2470 Magorum
1334 2420 1348 2468 ;
1375 2410 1428 2457 et
1451 2401 1517 2455 ad
1551 2402 1831 2456 sinistram
1867 2412 2073 2469 partem
2105 2400 2351 2469 ejusdem

777 2496 1020 2567 ecclesia:
1045 2499 1191 2564 {sunt
1224 2495 1604 2565 possessiones
1663 2504 1906 2564 paterna:
1940 2493 2182 2548 Davidis.
2215 2493 2352 2546 Item

776 2591 844 2641 ad
889 2590 1156 2642 orientem
1195 2587 1490 2653 Bethleem,
1522 2597 1607 2643 est
1651 2587 1930 2642 conditum
1956 2586 2349 2643 monasterium

777 2681 922 2750 quod
965 2681 1168 2736 dicitur
1216 2678 1551 2747 Pmtnnium,
1627 2681 1720 2734 ubi
1778 2681 1930 2736 visus
1986 2688 2072 2735 est
2127 2678 2354 2750 angelus

778 2773 1110 2844 pastoribus,
1140 2773 1382 2842 dixitque
1417 2773 1582 2843 ipsis:
1622 2771 1835 2827 Cessate
1893 2790 1925 2825 α
1984 2772 2224 2842 gregibus
2263 2787 2355 2824 cu-

778 2862 1104 2927 stodiendis;
1137 2862 1386 2928 clamate,
1423 2862 1762 2915 celebrantes.
1800 2860 1880 2916 Ad
1911 2860 2194 2916 meridiem
2225 2875 2355 2914 vero

777 2955 1090 3020 Bethleem,
1147 2956 1257 3009 duo
1302 2962 1434 3009 sunt
1481 2956 1840 3018 monasteria,
1889 2955 1948 3008 5.
1989 2953 2145 3009 Saba:
2188 2962 2242 3008 et
2291 2952 2350 3006 S.

779 3046 1114 3101 Charitonis.
1174 3045 1282 3100 Sed
1343 3044 1409 3099 ad
1465 3055 1673 3115 partem
1712 3045 1883 3114 magis
1931 3045 2224 3099 australem
2253 3060 2349 3100 eo-

780 3137 1067 3204 rumdem,
1140 3138 1573 3200 monasterium,
1653 3136 1868 3192 duobus
1927 3136 2161 3198 Icirciter
2219 3137 2422 3232 ,mil-C

779 3227 965 3293 libus,
1009 3228 1257 3283 incolunt
1299 3225 1492 3283 Patres
1538 3226 1647 3282 duo
1674 3266 1689 3293 ,
1742 3225 2036 3298 Dionysius
2079 3234 2132 3281 et
2166 3224 2350 3283 Theo-

779 3318 988 3373 dosius.

847 3408 916 3462 Et
957 3409 1282 3464 occidentali
1345 3417 1551 3464 saneta:
1627 3409 1782 3464 urbis
1835 3412 1976 3478 parti
2033 3412 2349 3483 prOpinqua:

778 3507 908 3556 sunt
949 3501 1222 3571 spelunca:
1271 3501 1412 3564 duae,
1464 3516 1586 3570 quae
1639 3501 1899 3570 reliquias
1933 3503 2215 3556 continent
2247 3503 2350 3557 SS.

781 3593 1185 3659 Innocentium,
1215 3592 1307 3662 qui
1335 3593 1404 3647 ab
1431 3591 1645 3648 Herode
1673 3603 1801 3648 sunt
1832 3592 2130 3656 interfecti,
2159 3605 2351 3663 estque

777 3686 847 3738 ad
899 3685 1243 3740 occidentem
1297 3684 1515 3740 circiter
1544 3701 1642 3741 sex
1671 3686 1860 3739 millia.
1902 3686 2105 3740 Ibidem
2133 3686 2355 3741 Carme-

781 3777 869 3831 lus
921 3792 1098 3842 mons,
1152 3777 1529 3846 possessiones
1584 3787 1825 3846 paterna!
1862 3777 2266 3834 Przecursoris:
2303 3788 2355 3832 et

781 3867 848 3921 ad
910 3866 1195 3920 occiduam
1262 3867 1497 3922 Carmeli
1553 3868 1756 3922 montis
1817 3876 2066 3936 partem,
2133 3869 2354 3924 circiter

779 3977 912 4014 xvm
953 3963 1086 4014 mill.
1129 3961 1408 4016 Emmaus.
1453 3961 1566 4017 Hoc
1593 3962 1696 4017 iter
1719 3963 2189 4034 peregitClcOpas
2225 3980 2352 4019 cum

781 4053 1041 4120 Christo;
1093 4055 1188 4109 sed
1243 4056 1547 4123 ignorabat,
1587 4057 1733 4133 quod
1783 4057 1830 4111 is
1880 4057 2133 4113 Christus
2189 4069 2351 4114 esset.

781 4143 1131 4213 Rursumque
1171 4140 1239 4200 ab
1266 4147 1456 4200 eodem
1482 4147 1602 4202 loco‘
1628 4147 1740 4202 fere
1765 4149 1898 4202 mill.
1924 4157 2070 4215 octo,
2105 4149 2351 4217 Ramble,

781 4243 835 4288 et
871 4249 1038 4302 prope
1060 4233 1285 4288 Rambie
1315 4244 1399 4290 est
1428 4237 1684 4305 oppidum
1711 4235 1976 4307 Diapolis.
2003 4238 2101 4294 Est
2131 4251 2355 4298 sanctus

782 4324 1072 4393 Georgius,
1124 4325 1214 4379 ubi
1257 4327 1494 4382 condita:
1547 4340 1679 4382 sunt
1738 4328 1799 4382 Β.
1845 4330 2087 4402 Georgii,
2123 4335 2355 4401 insignis

784 4415 1092 4483 martyris,
1143 4416 1408 4484 reliquiae,
1470 4418 1704 4472 ecclesia
1759 4434 1953 4489 magna
2029 4423 2205 4476 valde.
2271 4424 2352 4476 Ad

2453 1951 2565 2014 τός·
2602 1951 2685 2013 είς
2718 1949 2778 2001 δέ
2815 1949 2876 2001 τὺ
2904 1948 3120 2001 δυτικόν
3179 1948 3327 2001 ἐστιν
3361 1949 3394 2018 ἡ
3424 1947 3551 2016 ἁγία
3579 1947 3776 2015 φάτνη,
3809 1945 3875 1997 τὰ
3933 1945 4030 1996 δύο

2455 2042 2697 2112 σπήλαια
2747 2040 2880 2108 ὁμοῦ
2927 2057 2942 2072 ·
2994 2041 3104 2092 είσὶ
3138 2040 3195 2093 δὲ
3227 2040 3713 2110 περιχρυσωμένα,
3747 2036 3842 2090 καὶ
3878 2039 4032 2090 εἰκο-

2453 2129 2683 2200 νισμένα
2711 2129 2894 2193 καθὼς
2933 2128 3199 2195 ἐγένοντο.
3232 2131 3342 2182 Kal
3362 2131 3498 2199 πρὸς
3537 2129 3597 2182 τὸ
3626 2127 3834 2197 βόρειον
3857 2129 4031 2197 μέρςς

2451 2222 2546 2274 τοῦ
2588 2221 2856 2293 σπηλαίου
2913 2223 3031 2275 ἐστὶ
3058 2222 3118 2274 τὸ
3151 2222 3330 2292 φρέαρ
3358 2223 3415 2274 τὸ
3452 2221 3789 2292 ἁνώρυκτον,
3823 2221 3918 2273 καὶ
3950 2221 4033 2281 εἰς

2453 2313 2513 2366 τὸ
2545 2313 2689 2384 ὕδωρ
2716 2311 2810 2366 τοῦ
2841 2313 3076 2384 φρέατός
3108 2313 3258 2365 ἐστιν
3286 2313 3317 2364 δ
3349 2312 3525 2383 ἀστὴρ
3558 2315 3585 2365 ὁ
3627 2311 4032 2380 συνοδοιπορών

2454 2407 2564 2460 τῶν
2598 2407 2826 2476 Μάγων.
2882 2405 2995 2460 Kal
3015 2406 3094 2470 είς
3122 2406 3182 2458 τὸ
3209 2406 3503 2477 ἀριστερὸν
3535 2407 3701 2476 μέρος
3731 2406 3827 2473 τῆς
3854 2405 4033 2473 αὐτῆς

2455 2500 2751 2570 ἐκκλησίας
2779 2500 2889 2553 είσὶ
2922 2499 2989 2552 τὰ
3036 2500 3231 2567 γονικὰ
3259 2498 3353 2551 τοῦ
3385 2499 3566 2562 Δαυτδ,
3596 2498 3690 2550 καὶ
3720 2497 3856 2568 πρὸς
3892 2501 4031 2549 άναι

2454 2587 2613 2656 στολὴν
2644 2587 2743 2654 τῆς
2765 2586 3014 2656 Βηθλεέμ
3041 2588 3155 2639 ἐστι
3186 2586 3247 2639 τὸ
3296 2587 3661 2656 μοναστήριον
3690 2587 3752 2638 τὸ
3791 2585 4032 2654 λεγόμε-

2456 2695 2545 2731 νον
2578 2678 2859 2747 Ποίμνιον,
2891 2677 3020 2732 ἔνθα
3067 2679 3244 2748 ἐφάνη
3279 2681 3306 2731 6
3336 2679 3570 2746 ἄγγελος
3627 2679 3742 2739 τοῖς
3773 2676 4028 2747 ποιμέσι,

2457 2771 2550 2825 καὶ
2580 2766 2733 2824 εἷπεν
2765 2770 2952 2834 αὐτοῖς
2979 2788 2995 2804 ο
3023 2771 3349 2827 Παύσασθε
3394 2770 3863 2840 ἁπραυλοῦντες,
3889 2768 4033 2836 κρά-

2456 2863 2599 2928 εατε
2627 2863 3062 2930 ἀνυμνοῦντες.
3107 2864 3218 2918 Kal
3268 2864 3404 2934 πρὸς
3461 2863 3612 2916 νότον
3642 2863 3738 2932 τῆς
3777 2860 3981 2931 Βηθλεέ
3992 2877 4032 2928 μ

2456 2957 2562 3007 εἱσι
2590 2954 2658 3007 τὰ
2679 2954 2773 3007 δύο
2809 2957 3150 3025 μοναστήρια
3198 2955 3292 3008 τοῦ
3357 2956 3511 3024 ἁγίου
3569 2955 3739 3019 Σάόα,
3798 2955 3894 3007 καὶ
3933 2952 4030 3005 τοῦ

2457 3048 2614 3117 ἁγίου
2638 3047 2976 3118 Χαρίτωνος.
3009 3049 3120 3101 Kal
3141 3047 3497 3119 νοτινὼτερον
3544 3048 3652 3101 τῶν
3679 3046 3860 3100 αὐτῶν
3930 3063 4034 3114 p.0-

2456 3141 2790 3211 ναστηρίων,
2831 3140 2908 3203 ὡς
2938 3140 3048 3193 ἀπὸ
3078 3140 3272 3210 μιλίων
3300 3138 3415 3204 δύο,
3441 3139 3788 3194 κατοικοῦσιν
3850 3138 4033 3206 ἕτεροι

2454 3233 2547 3285 δύο
2577 3233 2841 3303 Πατέρες,
2902 3231 3179 3295 Aron/63:0;
3234 3233 3328 3284 καὶ
3355 3230 3662 3292 Θεοδόσιος.

2524 3411 2634 3465 Kal
2660 3410 2795 3480 πρὸς
2832 3409 2987 3462 δύσιν
3022 3410 3122 3478 τῆς
3172 3410 3336 3477 ἁγίας
3399 3411 3609 3472 πόλεως
3663 3411 3893 3480 πλησίον
3924 3413 4036 3465 εἱσι

2457 3500 2698 3570 σπήλαια.
2721 3500 2836 3563 δύο,
2872 3501 3067 3570 ἔχοντα
3083 3500 3312 3572 λείψανα
3342 3501 3447 3553 τῶν
3474 3503 3645 3569 ἁγίων
3670 3503 3902 3570 Νηπίων
3927 3502 4037 3554 τῶν

2457 3591 2858 3660 ἀναιρεθέντων
2892 3591 2996 3644 ὑπὸ
3059 3592 3323 3661 Ἡρώδου.
3385 3594 3497 3646 Kal
3547 3593 3665 3647 ἐστι
3712 3596 3848 3664 πρὸς
3877 3595 4034 3647 δύσιν

2457 3683 2636 3736 αὐτῶν
2663 3683 2740 3745 ὡς
2761 3683 2870 3736 ἀπὸ
2930 3684 3122 3752 μιλίων
3161 3682 3240 3748 ἓξ.
3315 3685 3423 3737 Kal
3470 3684 3673 3738 ἔστιτὸ
3711 3687 4036 3755 Καρμήλιον

2456 3775 2583 3845 ὅρος
2623 3774 2693 3827 τὰ
2722 3775 2917 3842 γονικὰ
2941 3775 3035 3827 τοῦ
3065 3776 3384 3844 Προδρόμου
3411 3794 3422 3804 ι
3455 3777 3548 3828 καὶ
3580 3777 3714 3846 πρὸς
3745 3776 3900 3829 δύσιν
3937 3777 4036 3829 τοῦ

2456 3866 2782 3937 Καρμηλίου
2833 3867 2992 3937 ὅρους
3018 3867 3093 3929 ὡς
3117 3867 3226 3920 άπὸ
3265 3868 3459 3935 μιλίων
3510 3869 3600 3934 ιη’,
3638 3868 3840 3938 ἐστὶνὴ
3899 3869 4032 3940 Ἔμο

2461 3958 2656 4029 μαούς.
2686 3957 2856 4010 Ἔνθα
2882 3959 3233 4028 όδοιπόρησεν
3263 3960 3291 4010 6
3318 3959 3568 4022 Κλεόπας
3623 3959 3760 4029 μετὰ
3778 3959 3873 4012 τοῦ
3899 3961 4032 4030 Χρι-

2457 4047 2608 4114 στοῦ,
2635 4047 2730 4100 xal
2748 4047 2851 4100 οὐκ
2885 4047 2998 4118 ᾔδει
3036 4049 3116 4100 ὅτι
3150 4049 3178 4100 6
3215 4047 3449 4117 Χριστός
3476 4049 3611 4101 ἐστι.
3644 4049 3753 4101 Kal
3775 4049 3936 4101 πάλιν
3955 4050 4032 4111 ὡς

2457 4139 2666 4192 ἁπδτου
2681 4137 2842 4190 αὑτοῦ
2856 4139 3021 4191 τόπου
3033 4140 3123 4202 ,ὡς
3138 4139 3265 4208 ἄχρι
3286 4139 3476 4209 μιλίων
3491 4138 3776 4204 6κτὼ,ἐστὶ
3797 4133 3857 4190 t-‘J
3870 4139 4038 4209 Ῥἁμι

2458 4230 2550 4283 6λε
2588 4230 2683 4283 καὶ
2708 4229 2933 4298 πλησίον
2962 4231 3055 4283 τοῦ
3092 4230 3322 4300 Ῥάμδλε
3349 4230 3467 4283 ἐστὶ
3487 4232 3683 4302 χωρίον
3707 4233 3736 4298 ἡ
3756 4231 4033 4293 Διάπολις.

2461 4322 2653 4374 Ἔστιν
2679 4324 2706 4375 6
2736 4321 2888 4389 ἅγιος
2916 4321 3212 4392 Γεὼργιος,
3239 4322 3366 4376 ἔνθα
3404 4323 3727 4375 κατάκειται
3757 4325 3814 4375 τὸ
3843 4324 4035 4392 λείψεις

2460 4431 2548 4466 νον
2581 4413 2674 4466 τοῦ
2716 4413 3210 4484 μεγαλομάρτυρος
3240 4414 3398 4482 ἁγίου
3421 4415 3717 4484 Γεωργίου,
3769 4415 4037 4484 ἐκκλησία

782 4516 999 4557 sacram
1037 4519 1281 4561 mensam
1345 4508 1608 4562 collocata
1675 4519 1759 4563 est
1816 4509 1993 4577 liota;
2055 4514 2109 4566 in
2164 4513 2353 4567 dextra

2465 4506 2677 4575 μεγάλη
2709 4505 2874 4560 πάνυ.
2942 4508 3052 4558 Kal
3083 4507 3162 4568 είς
3199 4507 3266 4560 τὰ
3295 4506 3607 4577 τραπεζαῖα
3646 4506 3813 4575 αὐτῆς
3853 4510 4037 4559 κεῖται

783 4601 963 4648 autem
997 4597 1184 4664 templi
1237 4608 1392 4666 parte
1418 4608 1505 4653 est
1541 4601 1818 4665 columna,
1875 4601 1928 4654 in
1974 4619 2078 4671 qua
2131 4605 2351 4673 alligata

785 4682 1160 4748 fueraLRota,
1198 4695 1384 4754 atque,
1432 4689 1498 4742 ad
1542 4691 1717 4743 sancti
1752 4691 2068 4745 memoriam
2115 4710 2209 4762 per
2242 4703 2354 4750 tres

785 4773 950 4828 horas
996 4774 1224 4843 sanguis
1262 4775 1495 4829 scaturit
1527 4791 1541 4828 τ
1578 4779 1632 4830 in
1670 4779 1855 4832 eadem
1891 4782 2149 4835 columna
2205 4799 2350 4838 mar-

785 4879 905 4917 mor
929 4873 1012 4918 est
1044 4872 1351 4934 pertusum,
1381 4868 1545 4921 edens
1585 4869 1720 4922 mira
1751 4871 1944 4940 signa;
1989 4881 2067 4937 ut,
2118 4875 2159 4928 si
2217 4889 2353 4929 con-

785 4953 964 5008 fessus
998 4963 1224 5022 peccata
1271 4954 1484 5022 fueris,
1541 4962 1879 5028 pertransire
1917 4963 2097 5031 possis
2148 4966 2353 5035 absque

785 5045 1178 5114 impedimento
1204 5064 1220 5113 ;
1255 5047 1343 5102 sin
1367 5050 1769 5106 confessionem
1801 5069 1905 5108 non
1922 5070 2214 5125 peregerts,
2235 5073 2361 5126 per-

785 5136 1022 5202 ;ransire
1053 5153 1315 5207 nequeas.
1337 5139 1457 5195 Jam
1492 5157 1618 5196 vero
1641 5145 1710 5198 ad
1741 5146 2074 5202 occidentale
2096 5150 2155 5204 Β.
2189 5149 2361 5204 Geor-

786 5228 860 5295 gii
930 5228 1096 5292 latus,
1143 5232 1367 5286 circiter
1398 5246 1454 5289 Iv
1517 5236 1671 5303 mill.,
1707 5245 1789 5290 est
1828 5253 1967 5304 aqua
1999 5240 2362 5309 probationis,

785 5326 836 5370 et
869 5317 1078 5386 lapides
1103 5323 1430 5389 sterilitatis,
1481 5328 1682 5395 probro
1709 5331 2019 5396 obstantes,
2051 5332 2118 5386 de
2155 5333 2356 5402 quibus

789 5409 948 5462 aiunt
973 5412 1256 5479 propheta:
1293 5429 1307 5466 :
1331 5415 1558 5481 Quando
1587 5435 1680 5472 nos
1710 5424 2053 5490 tacuerimus,
2081 5424 2132 5476 In'
2159 5424 2358 5492 lapides

785 5500 1264 5568 vociferabunlur‘.
1316 5508 1398 5562 Ab
1425 5524 1630 5565 occasu
1689 5514 1879 5568 horum
1930 5517 1998 5570 ad
2053 5518 2216 5572 unius
2252 5519 2359 5573 diei

787 5593 1132 5648 intervallum
1181 5606 1266 5652 est
1313 5611 1549 5659 castrum
1603 5604 1957 5676 Ascalorum,
2014 5610 2106 5665 ubi
2151 5609 2357 5667 conditi

862 5772 876 5803 ¹
916 5769 1050 5828 Luc.
1081 5790 1191 5838 χιι,
1225 5776 1311 5832 40.

2461 4596 2488 4646 6
2526 4593 2737 4664 τροχός.
2775 4593 2870 4657 Είς
2900 4595 2956 4647 δὲ
2997 4594 3066 4647 τὰ
3095 4593 3246 4657 δεξιὰ
3314 4594 3457 4664 μέρη
3511 4593 3604 4645 τοῦ
3646 4591 3774 4646 ναοῦ
3815 4592 4035 4646 ἵσταται

2463 4687 2622 4750 κίων,
2659 4688 2740 4747 είς
2780 4685 2838 4738 ὃν
2866 4685 3023 4754 ἐδέθη
3080 4689 3108 4738 6
3133 4685 3347 4755 τροχὸς,
3397 4687 3491 4737 καὶ
3521 4686 3599 4747 είς
3658 4686 3754 4755 τὴν
3812 4686 4036 4754 μνήμην

2461 4778 2554 4830 τοῦ
2585 4776 2751 4830 αὑτοῦ
2783 4780 2931 4846 τρεῖς
2961 4777 3110 4847 ὥρας
3155 4777 3308 4846 βρύει
3348 4777 3407 4829 τὸ
3435 4771 3596 4846 αἷμα.
3636 4776 3725 4838 Εἰς
3749 4777 3840 4828 τὸν
3869 4776 4036 4829 αὐτὸν

2462 4869 2616 4923 κίονά
2642 4872 2756 4920 ἐστι
2795 4871 3088 4939 μάρμαρον
3121 4872 3556 4939 τετρυπημένον,
3593 4869 3781 4921 ποιοῦν
3808 4871 4034 4938 σημεῖα,

2460 4962 2974 5031 ἐὰνέξαγορεὺσῃς,
3015 4958 3238 5013 δύνασαι
3286 4961 3513 5013 διελθεῖν
3569 4959 3870 5021 ἀκωλύτως
3942 4960 4040 5012 καὶ

2463 5053 2738 5117 εὐκόλως,
2770 5053 2817 5104 εί
2869 5051 2927 5104 δὲ
2959 5051 3060 5104 οὐκ
3107 5051 3496 5124 ἐξαγορεύσῃς,
3525 5050 3756 5104 διελθεῖν
3789 5052 3849 5102 οὐ
3874 5051 4040 5103 adva-

2466 5162 2585 5207 σας.
2634 5143 2747 5197 Kal
2782 5143 2918 5209 πρὸς
2951 5144 3101 5195 δύσιν
3131 5143 3224 5194 τοῦ
3261 5143 3416 5210 ἁγίου
3471 5144 3766 5214 Γεωργίου,
3796 5143 3873 5205 ὡς
3928 5143 4041 5195 ἀπὸ

2468 5237 2659 5308 μιλίων
2697 5237 3000 5305 τεσσάρων,
3045 5237 3162 5289 ἐστί
3193 5236 3253 5288 τὸ
3282 5236 3426 5306 ’ὕδωρ
3455 5237 3554 5306 τῆς
3615 5235 3904 5303 ἐλέγξεως,
3941 5235 4040 5287 καὶ

2465 5334 2513 5384 οί
2565 5330 2771 5385 ἀτόκιοι
2821 5330 2978 5390 λίθοι,
3039 5325 3121 5390 οἷς
3165 5329 3414 5396 λέγουσιν
3453 5329 3502 5381 οί
3561 5329 3859 5400 προφῆται·
3893 5329 4038 5382 Ὀτε

2465 5423 2640 5493 ἡμεῖς
2688 5420 3106 5488 σιωπήσομεν,
3168 5423 3222 5473 ot
3274 5421 3432 5476 ⁸ιιίθοι
3485 5414 3651 5475 οὗτοι
3690 5420 4038 5486 κράξονται.

2465 5514 2816 5571 Καὶδυτικδν
2871 5512 3053 5567 αὐτῶν
3091 5512 3166 5576 ὠς
3223 5512 3550 5583 ήμερούσιον
3615 5511 3894 5582 διάστημά
3924 5514 4039 5564 ἐστι

2465 5609 2527 5662 τὸ
2580 5609 2818 5677 κάστρον
2892 5608 2920 5660 6
2970 5605 3278 5673 Ἀσκάλων,
3333 5605 3460 5659 ἔνθα
3521 5605 3726 5660 κεῖνται
3775 5604 3825 5659 οἱ
3891 5602 4038 5673 ᾰγιοι
