4188 6436
143 412 248 479 265

1416 408 1867 472 ENARRATIO
1908 407 2177 469 SYRIE.

3296 412 3405 480 266

153 529 482 598 ’Δνὰρτοροι
517 523 749 594 Κοσμᾶς
800 522 892 575 καὶ
933 520 1227 592 Διμιανός.
1274 521 1463 575 Ἔστιν
1493 522 1522 574 6
1555 523 1721 585 τόπος

1827 535 1951 578 sunt
1976 521 2305 578 sanctissimi
2354 520 2479 586 viri,
2514 522 2805 595 Anargyri,
2844 524 3072 583 Cosmas
3099 536 3154 582 et
3186 528 3403 583 Damia-

140 622 278 675 ὅπου
344 618 664 688 ὴπήντησεν
708 615 914 686 Ἰωσὴφ
963 614 1056 668 τὸν
1114 614 1328 683 πατέρα
1364 614 1553 679 αὐτοῦ,
1627 616 1724 668 καὶ

141 709 557 781 προσεκύνησεν
583 707 674 761 ἐπὶ
707 706 769 760 τδ
807 706 979 783 ἀκρον.
1002 706 1097 774 τῆς
1127 705 1328 776 ῥάϐδου
1384 706 1575 770 αὑτοῦ,
1624 708 1723 759 καὶ

140 802 369 872 Eminus
420 800 514 853 τὸν
560 799 879 869 ἀσπασμόν.
933 798 1045 852 Kal
1076 799 1157 862 είς
1212 798 1306 850 τὸν
1337 797 1503 851 αὑτὸν
1554 800 1723 853 τόπον

140 895 410 963 ἐγεύσατο
447 896 482 963 ἡ
515 893 791 964 ὑπεραγία
822 893 1083 957 Θεοτόκος
1116 893 1254 963 μετά
1276 890 1370 944 τοῦ
1407 890 1603 962 Ἰωσὴφ
1636 893 1728 944 καὶ

139 987 232 1041 τοῦ
259 986 396 1040 Υἱοῦ
426 986 596 1057 αὐτῆς
625 988 710 1049 είς
737 987 795 1038 τὶ
817 986 1053 1057 κάστρον
1071 984 1134 1038 τὸ
1164 984 1550 1055 ἐπιλεγόμενον
1577 986 1726 1056 Φαρι-

142 1076 236 1143 μά.
281 1077 317 1144 ἡ
352 1076 497 1146 ἀρχὴ
520 1076 620 1144 τῆς
646 1075 946 1144 Αἰγύπτουο

205 1168 323 1219 Kal
387 1170 527 1237 πρὸς
585 1168 741 1221 δύσιν
774 1166 851 1230 ὡς
902 1168 1033 1237 ἄχρι
1083 1164 1309 1239 ἡμερῶν
1360 1166 1453 1220 δύο
1508 1166 1629 1218 ἐστὶ
1665 1164 1726 1218 τὸ

140 1260 442 1329 Ταμιὰθιν,
481 1261 514 1329 ἡ
551 1258 739 1328 ἐξορία
783 1259 879 1312 τοῦ
938 1259 1205 1330 Χριστοῦ,
1257 1258 1495 1329 κάστρον
1557 1257 1722 1328 μέγα.

140 1353 249 1405 Ral
305 1353 447 1420 πρὸς
504 1351 657 1404 δύσιν
716 1351 884 1407 αὐτοῦ
930 1351 1159 1422 ⁴ἡμερῶν
1193 1353 1479 1421 τεσσάρων
1510 1351 1723 1419 ἐστὶ.νὴ

140 1445 296 1506 πόλις
333 1442 730 1514 Ἀλεξάνδρεια,
781 1443 910 1496 ἔνθα
966 1443 1290 1497 κατάκειται
1320 1446 1349 1495 6
1383 1442 1538 1510 ἅγιος
1564 1440 1724 1509 Μάρ-

141 1554 232 1599 κος
253 1538 285 1589 6
320 1537 621 1601 ἀπόστολος
660 1537 758 1591 καὶ
790 1536 1227 1609 ,εὐαγγελιστὴῇ
1260 1536 1356 1589 καὶ
1404 1533 1725 1595 ’Δθανὰσιος

139 1631 166 1681 ὁ
197 1628 405 1699 μέγας,
466 1632 557 1683 καὶ
600 1629 845 1699 Τρώῖλος
874 1631 1045 1692 ὅσιος,
1086 1630 1235 1682 καὶὸ
1282 1629 1439 1696 ἆγιος
1474 1626 1725 1695 Ἰωάννης

138 1722 166 1771 ὁ
201 1720 518 1789 Ἑλεήμων,
547 1720 645 1772 καί⁵
672 1720 703 1771 6
732 1718 886 1788 ἆγιος
920 1720 1146 1791 Πέτρος,
1175 1718 1236 1772 τὸ
1273 1717 1424 1779 τέλος
1445 1716 1557 1769 τῶν
1583 1732 1725 1786 μαρ-

139 1812 342 1881 τύρων,
373 1812 469 1863 καὶ
493 1813 522 1863 6
572 1809 949 1881 Ἀπολινάριος
979 1813 1007 1864 6
1053 1809 1355 1881 ὀρθόδοξος,
1397 1809 1491 1861 καὶ
1522 1807 1550 1859 6
1576 1808 1723 1870 ὅσιος

1836 630 1959 669 nus.
1989 615 2085 669 Est
2115 614 2278 669 etiam
2332 614 2511 678 locus,
2564 614 2657 669 ubi
2704 616 2979 687 Josepltus
3014 624 3155 689 patri
3186 620 3400 676 obviam

1832 707 2001 772 venit,
2024 716 2080 761 et
2117 707 2168 759 in
2196 705 2361 774 virgae
2387 707 2561 775 ipsius
2596 707 2911 763 summitate
2942 709 3212 775 adoravit,
3233 725 3297 767 ac
3316 726 3405 766 sa-

1831 798 2148 853 lutationem
2196 799 2618 869 amplexumque
2644 800 2874 869 peregit.
2909 800 3024 857 Hoc
3055 803 3245 857 eodem
3280 803 3403 858 loco

1832 887 2147 943 beatissima
2186 888 2411 958 Deipara
2467 890 2650 943 cibum
2705 892 2943 961 sumpsit
2991 908 3118 947 cum
3162 892 3403 965 Josepho

1828 991 1880 1035 et
1911 978 2046 1033 Filio
2076 980 2142 1034 ad
2172 980 2484 1046 castellum,
2514 992 2888 1053 nuncupatum
2919 982 3154 1040 Pbarma
3193 1003 3209 1042 :
3237 989 3404 1058 atque

1830 1074 1933 1126 ltoc
1966 1071 2185 1141 [Egypti
2221 1072 2434 1125 ittitinm
2464 1082 2570 1126 est.
3239 1066 3245 1069 ’

1899 1164 2036 1219 Hinc
2069 1164 2137 1218 ad
2168 1179 2458 1229 occasum,
2488 1164 2666 1235 spatio
2696 1182 2867 1239 prope
2896 1167 3128 1223 duorum
3168 1170 3401 1239 dierum,

1826 1264 1910 1310 est
1947 1252 2283 1321 Tamiatbin,
2315 1255 2572 1310 exsilium
2607 1256 2831 1323 Christi,
2865 1261 3148 1316 castellum
3184 1263 3400 1334 ingens.

1826 1346 1966 1401 Tum
2015 1347 2083 1402 ad
2123 1348 2407 1403 occiduam
2449 1350 2571 1419 ejus
2622 1361 2857 1417 partem,
2909 1361 3145 1421 quatuor
3180 1356 3403 1412 circiter

1827 1438 2041 1492 dierum
2066 1438 2373 1499 intervallo,
2410 1441 2512 1494 sita
2548 1442 2784 1497 esturbs
2806 1443 3159 1510 Alexandria,
3189 1449 3281 1505 ubi
3320 1449 3402 1520 ja-

1825 1537 1952 1585 cent
1983 1531 2043 1584 Β.
2071 1529 2288 1586 Marcus
2303 1534 2585 1601 apostolus
2606 1543 2661 1587 et
2684 1537 3047 1605 evangelista,
3078 1540 3398 1595 etAtbana-

1827 1624 1942 1679 sius
1998 1622 2264 1695 Magnus,
2331 1639 2396 1678 ac
2458 1627 2789 1682 venerabilis
2869 1629 3111 1697 Troilus,
3186 1649 3400 1689 necnon

1827 1726 2051 1771 sanctus
2083 1714 2323 1773 JOatnies
2358 1716 2640 1785 Eleemon,
2682 1733 2734 1774 et
2763 1718 2824 1774 B.
2869 1722 3064 1778 Petrus
3098 1734 3399 1796 martyrum

1830 1808 2115 1871 terminus,
2157 1818 2211 1862 et
2254 1809 2629 1879 Apollinarius
2693 1813 3053 1881 orthodoxus,
3100 1826 3155 1871 et
3184 1818 3406 1873 confes-

140 1900 395 1963 Βιτὰλιος
429 1915 445 1931 δ
476 1900 572 1952 καὶ
599 1902 656 1953 al
682 1900 846 1952 πέντε
873 1899 1136 1969 παρθένοι
1176 1899 1383 1961 αἵτινες
1433 1898 1721 1967 γεγόνασιν

1831 1913 1924 1954 sor
1961 1897 2216 1964 Vitalius,
2250 1909 2307 1953 et
2344 1900 2591 1969 quinque
2620 1900 2855 1970 virgines
2912 1920 3035 1975 quze
3090 1909 3402 1963 conforma-

141 1997 218 2060 τίς
243 1994 423 2048 τύπον
449 1992 559 2047 τῶν
597 1995 761 2047 πέντε
785 1992 1074 2064 παρθένων
1118 1992 1229 2047 τῶν
1261 1991 1567 2063 φρονίμων.
1612 1992 1725 2045 Kal

139 2092 215 2151 sl;
244 2087 345 2142 τὸν
373 2086 571 2156 λιμένα
615 2086 716 2155 τῆς
757 2084 1169 2156 ’Δλεξανδρείας
1232 2085 1448 2138 ἵσταται
1502 2083 1718 2154 πύργος

140 2181 167 2231 6
196 2178 496 2248 λεγόμενος
545 2176 748 2247 Φάρας,
798 2176 860 2230 τὸ
929 2176 1148 2248 πρῶτον
1212 2176 1426 2245 θαῦμα.
1477 2176 1635 2228 Ἔστι
1665 2176 1725 2229 δὲ

141 2269 487 2340 κεκτημένον
558 2268 667 2322 ἀπὸ
741 2267 899 2320 ὑέλου
986 2268 1082 2321 καὶ
1136 2266 1412 2337 μολίϐδου,
1474 2266 1615 2336 ἔχων
1663 2266 1725 2320 τὸ

140 2363 274 2432 ὕψος
349 2363 674 2434 τριακοσίας
744 2360 805 2428 ἐξ
861 2360 1113 2430 ὀργυιάς.
1192 2362 1305 2414 Καὶ
1378 2361 1515 2430 πρὸς
1571 2358 1725 2431 δύσειν

139 2459 239 2528 τῆς
307 2456 772 2525 ’Δλεξανδρείας,
837 2454 915 2518 ὡς
974 2455 1086 2507 ἀπὸ
1146 2452 1340 2523 μιλίων
1396 2452 1555 2505 ἐννέα
1606 2454 1724 2504 κετ-

140 2568 231 2604 ται
261 2550 471 2617 όᾶγιος
530 2550 744 2617 Μηνᾶς.
807 2547 922 2601 Kal
969 2546 1091 2615 μεθ’
1145 2546 1309 2614 ἕτερα
1384 2544 1517 2597 ἄλλα
1568 2543 1725 2597 ἐννέα

144 2643 300 2714 μελισ.
353 2645 535 2695 κεῖται
583 2642 618 2711 ἡ
652 2642 784 2709 ἁγία
838 2638 1115 2708 Θεοδώρα.
1152 2638 1186 2706 ὴ
1247 2636 1722 2707 μετονομασθείσα

137 2734 445 2802 Θεόδωρος,
485 2733 609 2801 ἥτις
637 2731 734 2783 καὶ
760 2729 1226 2799 κατηγορηθεῖσα.
1265 2728 1372 2781 Καὶ
1410 2728 1545 2797 πρὶς
1572 2726 1724 2779 νότον

144 2829 242 2895 τῆς
277 2824 696 2897 ’Δλεξανδρείας
727 2824 954 2893 ἡμερῶν
977 2821 1038 2886 ἒξ
1068 2822 1248 2874 κεῖται
1280 2825 1308 2872 6
1341 2821 1493 2887 ἅγιος
1522 2817 1724 2873 Μακά-

147 2935 259 2987 ριος
282 2918 314 2969 6
341 2916 543 2986 μέγας,
566 2917 596 2968 6
641 2913 947 2982 πλησιάσας
975 2913 1067 2964 τὸν
1095 2912 1447 2981 παράδεισον.
1477 2910 1632 2980 Ἔχει
1666 2909 1724 2963 δὲ

143 3012 175 3077 ἡ
212 3006 386 3062 αὐτοῦ
439 3007 576 3077 μονὴ
624 3004 867 3067 aesaes;
915 3002 1123 3073 χιλίους
1177 3003 1271 3055 καὶ
1339 3002 1483 3071 χίλια
1510 3000 1721 3054 κελλία.

149 3102 309 3155 Ἐστι
340 3099 396 3150 δὲ
429 3098 785 3168 ίδιὸκαστρον.
816 3097 925 3149 Kal
964 3096 1071 3149 ἀπὸ
1093 3094 1187 3148 τοῦ
1220 3094 1374 3163 ἁγίου
1407 3094 1718 3164 Μακαρίου,

144 3193 219 3255 ὡς
249 3192 362 3245 ἀπὸ
404 3188 630 3259 ἡμερῶν
669 3188 976 3257 τεσσάρων,
1021 3188 1159 3241 εἰσὶν
1189 3188 1243 3239 al
1294 3185 1571 3254 ἁποθῆκαι
1626 3183 1720 3237 τοῦ

161 3283 362 3352 Ἰωσὴφ
396 3283 455 3334 al
481 3281 777 3350 τριάκοντα
821 3278 881 3344 ἒξ
904 3295 917 3307 ·
951 3281 1047 3333 καὶ
1077 3280 1141 3332 ἐκ
1171 3279 1280 3332 τῶν
1308 3280 1488 3331 ἐκεῖσε
1518 3278 1723 3347 περνᾷς

146 3378 239 3427 τὸν
270 3374 527 3441 ποταμὸν
552 3371 645 3424 τὸν
668 3367 850 3423 Φισὼν
910 3371 989 3431 εἰς
1021 3369 1268 3438 γέφυραν
1311 3366 1724 3438 βασταζομένην

149 3467 250 3518 ὑπὸ
280 3466 620 3532 ὀγδοήκοντα
641 3462 920 3531 καράϐων.

214 3558 331 3610 Καὶ
367 3554 582 3609 ἐκεῖθεν
642 3554 957 3624 εἰσέρχεσαι
1005 3553 1104 3621 τὴν
1137 3552 1381 3620 μεγάλην
1410 3550 1723 3612 Βαϐυλῶνα,

147 3652 225 3709 είς
260 3649 323 3700 τὸ
353 3647 625 3717 βασίλειον
647 3645 740 3697 τοῦ
772 3643 990 3713 Φαραώ.
1042 3644 1150 3695 Καὶ
1180 3643 1315 3713 πρὸς
1338 3641 1603 3709 ἀνατολὴν
1630 3640 1727 3709 τῆς

150 3740 496 3804 Βαϐυλῶνος,
524 3738 600 3799 ὡς
632 3736 742 3790 ἀπὸ
800 3735 990 3805 μιλίων
1010 3733 1089 3799 ἒξ,
1139 3737 1313 3787 κεῖται
1352 3735 1381 3785 6
1412 3732 1567 3796 ἅγιος
1626 3731 1725 3797 μὲ-

150 3851 247 3899 γας
281 3832 584 3901 ’Δρσένιος·
620 3830 717 3881 καί
751 3828 858 3880 απὸ
889 3827 1351 3895 ἀνατολικώτερον
1398 3824 1562 3877 αὐτοῦ
1594 3824 1728 3892 ἡμες

152 3926 258 3994 ρῶν
295 3924 591 3990 τεσσάρων
650 3923 829 3973 κεῖται
858 3921 887 3972 6
914 3920 1066 3985 άγιος
1112 3915 1421 3978 Ἀντώνιος.
1474 3913 1609 3967 'An6
1666 3913 1725 3967 δὲ

148 4017 239 4069 τοῦ
273 4016 437 4081 ἁγίου
488 4013 781 4065 Ἀντωνίου
813 4012 890 4074 ὡς
940 4010 1047 4063 ἀπὸ
1113 4007 1339 4079 ἡμερῶν
1369 4006 1482 4059 δύο·
1504 4006 1657 4057 ἐστὶν
1691 4007 1726 4075 ἡ

160 4108 401 4179 Ἐρυθρά
425 4104 694 4165 θάλασσα,
732 4103 826 4155 καί
855 4104 883 4154 6
907 4102 1049 4161 λίθος
1070 4101 1199 4154 ἔνθα
1235 4098 1366 4167 ἔστη
1399 4101 1425 4149 ὸ
1460 4094 1724 4164 Μωῦσῆς,

150 4203 241 4253 καὶ
296 4196 625 4267 σφραγίζων
669 4192 767 4263 τὴν
820 4191 1119 4255 θάλασσαν,
1168 4190 1245 4251 ὡς
1304 4189 1586 4259 σχισθεῖσά
1647 4186 1727 4247 εἰς

148 4293 420 4363 τμήματα
486 4286 694 4339 δωδεκα
758 4284 901 4337 κατά
934 4284 1127 4353 φυλὴν,
1175 4283 1273 4334 καὶ
1306 4280 1555 4348 περάσας
1590 4278 1728 4346 μετὰ

150 4383 239 4435 τοῦ
260 4378 396 4433 λαοῦ
432 4376 619 4430 αὑτοῦ.
652 4371 759 4427 Ἦν
783 4375 839 4427 δὲ
870 4374 930 4425 τὸ
958 4375 1185 4445 πέραμα
1209 4371 1364 4441 μίλια
1402 4369 1534 4421 δέκα
1561 4367 1726 4422 ὀκτώ.

163 4473 366 4539 Ἐγγὺς
404 4469 463 4520 δὲ
501 4468 599 4535 τῆς
622 4466 793 4532 αὐτῆς
844 4463 1053 4534 πέτρας
1084 4463 1211 4514 ἔνθα
1236 4464 1264 4513 6
1301 4460 1542 4528 Μωῡσῆς
1572 4460 1725 4525 ἔστη,

156 4566 234 4631 psi
266 4561 330 4612 τὸ
376 4557 720 4625 πετρέλαιον.
786 4553 1048 4617 Ἐξελθὼν
1077 4553 1133 4605 δὲ
1166 4554 1342 4605 ἐκεῖσε
1380 4553 1725 4620 κατήντησαν

1834 4570 1930 4609 sus
1967 4555 2033 4606 ad
2078 4552 2279 4605 llaitliu
2321 4551 2540 4606 devenit
2587 4570 2600 4605 :

153 4658 228 4713 εις
273 4650 357 4702 Ῥ-
378 4648 527 4704 ῑθοὺ.
568 4645 701 4699 ἔνθα
755 4644 1109 4718 ἀνῃρήοηοαν
1132 4644 1182 4696 οἱ
1208 4643 1522 4696 ἑπτακόσιοι
1551 4643 1729 4696 Πα.ἐ-

156 4759 241 4813 ρες
273 4741 388 4792 ὑπὸ
444 4737 551 4789 τῶν
610 4735 932 4807 Βαρϐάρων.
986 4736 1076 4787 Ἐν
1106 4733 1298 4804 ἐκείνῳ
1344 4733 1401 4786 δὲ
1457 4732 1533 4802 τῷ
1578 4732 1731 4801 τόπῳ

153 4836 267 4886 ἐστὶ
318 4834 421 4883 καὶ
451 4832 485 4897 ὴ
519 4829 820 4897 άκρότομος
867 4827 1063 4896 πέτρα,
1098 4828 1167 4897 ἢν
1190 4826 1463 4890 ἐπάταξεν
1493 4829 1521 4879 6
1544 4826 1728 4894 [Μωῡ-

157 4927 277 4994 σῆς.
315 4921 415 4974 καὶ
478 4918 754 4989 ὶρῤύησαν
788 4917 981 4970 ὓδατά.
1023 4918 1131 4971 Kal
1153 4919 1215 4969 ἐκ
1242 4914 1336 4969 τοῦ
1364 4915 1528 4968 αὑτοῦ
1561 4918 1728 4968 τόπου

154 5018 225 5079 ὡς
261 5014 377 5070 ἀπὸ
408 5010 636 5081 ἡμερῶν
664 5010 824 5065 πέντε
856 5010 974 5061 ἐστὶ
998 5009 1059 5061 τὸ
1084 5009 1217 5062 Σινᾶ
1240 5009 1387 5078 ὅρος,
1444 5009 1577 5061 ὅπου
1608 5007 1731 5059 ἐλά-

156 5111 323 5179 λησεν
350 5110 381 5159 6
420 5104 555 5167 Θεὸς
580 5103 659 5171 τῷ
688 5104 919 5173 Μωῦσῇ,
942 5102 1040 5155 καὶ
1064 5096 1171 5154 εἶδε
1194 5102 1261 5153 τά
1291 5100 1516 5153 ὀπίσθια
1539 5099 1727 5152 αὐτοῦ.

155 5202 264 5253 Καὶ
307 5196 543 5267 πλησίον
597 5195 765 5247 αὑτοῦ
827 5197 944 5247 ἐστι
970 5194 1032 5247 τὸ
1070 5194 1458 5264 μοναστήριον,
1501 5194 1529 5244 6
1578 5192 1731 5259 ἆγιος

156 5290 352 5354 Βάθος,
416 5287 512 5339 xal
555 5289 583 5339 6
642 5286 787 5349 λίθος
834 5285 961 5338 ἔνθα
1008 5285 1139 5356 ἔστη
1193 5284 1457 5354 Μωῦσῆς,
1512 5283 1733 5354 θεωρῶν

157 5385 250 5453 τὴν
283 5381 451 5451 βάτον
480 5378 798 5447 καιομένην,
828 5378 921 5429 καὶ
962 5377 1037 5447 μὴ
1078 5375 1590 5444 καταφλεγομένην.
1624 5373 1732 5425 Kal

159 5473 392 5543 πλησίον
455 5469 548 5521 τοῦ
610 5469 979 5539 μοναστηρίον
1033 5470 1247 5539 ἐστὶνή
1302 5468 1554 5537 κάμινος,
1602 5464 1733 5517 ἔνθα

161 5566 475 5635 ἐχώνευσαν
513 5560 575 5613 τὸ
604 5562 825 5630 χρνσίον
854 5562 947 5613 καὶ
982 5560 1041 5613 τὸ
1073 5560 1361 5631 ἀργύριον,
1415 5561 1509 5611 καὶ
1541 5556 1731 5627 ἐξῆλθε

159 5660 218 5711 τὸ
242 5656 567 5725 βούκρανον,
591 5656 669 5717 είς
698 5652 726 5705 ὃ
758 5656 1083 5709 ἐπίστευσαν
1128 5654 1204 5717 ὡς
1233 5654 1361 5723 θεῷ.
1396 5655 1502 5706 Kal
1534 5654 1612 5715 είς
1643 5652 1735 5704 τὸν

166 5752 327 5805 αὑτὸν
357 5750 527 5802 τόπον
556 5749 695 5800 εἰσὶν
716 5749 766 5800 ol
795 5750 955 5816 τάφοι
983 5749 1092 5801 τῶν
1109 5746 1379 5815 Ἐϐραίων
1403 5747 1509 5799 τῶν
1543 5745 1732 5809 ἐξακοο

166 5843 293 5896 σίων
318 5840 662 5909 ὀγδοήκοντα
692 5838 966 5909 χιλιάδων.
1010 5841 1118 5893 Kal
1165 5839 1394 5906 πλησίον
1447 5838 1540 5891 τοῦ
1571 5855 1734 5909 μονα·

442 5932 716 5992 Pn'not.
749 5935 864 5993 Gn.
894 5932 1079 5992 CXX.

1826 2003 1954 2047 runt
1985 2008 2045 2047 se
2074 1993 2140 2047 ad
2177 2007 2357 2048 mores
2394 1993 2663 2062 virginum
2699 1995 3079 2065 prudentium.
3122 2002 3303 2071 Atque
3334 2004 3401 2059 ad

1826 2092 2046 2153 portum
2078 2082 2424 2139 Alexandria:
2455 2093 2666 2139 structa
2695 2088 2865 2142 turris
2905 2097 3009 2155 est,
3055 2105 3178 2160 qua:
3198 2093 3402 2148 dicitur

1824 2170 2053 2237 Pharas,
2074 2172 2309 2241 primum
2333 2172 2476 2228 inter
2497 2175 2782 2230 miracula.
2806 2177 3090 2232 Estautem
3111 2194 3403 2251 coagmen-

1825 2274 1932 2320 tata
1970 2266 2107 2321 vitro
2141 2274 2195 2321 et
2249 2267 2510 2337 plumbo,
2546 2270 2601 2321 in
2644 2268 2985 2323 altitudinem
3026 2279 3399 2329 trecentarum

1823 2371 1920 2413 sex
1949 2357 2223 2410 ulnarum.
2266 2354 2474 2410 Deinde
2529 2355 2594 2411 ad
2646 2355 2983 2412 occidentem
3032 2358 3400 2423 Alexandriae,

1823 2460 2083 2517 tanquam
2128 2446 2318 2500 millib.
2361 2462 2582 2512 novem,
2642 2448 2781 2504 situs
2832 2457 2918 2505 est
2962 2447 3018 2503 S.
3052 2448 3260 2506 Menas.
3312 2452 3403 2508 Ul-

1825 2538 1997 2592 terius
2052 2536 2178 2591 aliis
2210 2552 2264 2591 tx
2296 2536 2427 2591 mill.
2478 2538 2715 2607 peractis
2751 2540 2975 2594 condita
3004 2550 3087 2595 est
3120 2539 3178 2595 S.
3222 2540 3403 2598 Theo-

1825 2632 1980 2693 dore,
2024 2645 2143 2699 qua:
2206 2640 2414 2685 mutato
2466 2630 2686 2684 nomine
2718 2630 2863 2684 dicta
2914 2642 2995 2686 est
3038 2631 3400 2698 Theodorus,

1822 2735 1876 2779 et
1966 2733 2247 2780 accusata.
2320 2724 2458 2779 llinc
2531 2722 2601 2777 ad
2654 2722 2937 2777 meridiem
3013 2723 3401 2789 Alexandriae,

1824 2815 2069 2884 quinque
2118 2815 2329 2869 dierum
2373 2814 2574 2883 spatio,
2622 2823 2868 2868 remotus
2904 2825 2987 2870 est
3027 2815 3084 2870 S.
3131 2815 3402 2871 Macarius

1823 2905 2076 2976 Magnus,
2102 2907 2194 2975 qui
2222 2905 2479 2974 paradiso
2502 2906 2992 2974 appropinquavit.
3012 2907 3184 2975 Lujus
3208 2924 3401 2963 mona-

1825 2998 2056 3053 sterium
2101 2998 2329 3051 abbatcs
2375 2998 2523 3051 mille
2579 2998 2828 3051 continet
2856 3005 2924 3071 et
2974 2999 3123 3053 mille
3150 3000 3401 3055 cellulas.

1825 3086 1921 3141 Est
1952 3098 2134 3142 autem
2182 3093 2278 3156 per
2335 3101 2394 3141 se
2439 3086 2748 3140 castellum.
2796 3088 2929 3141 Item
2981 3105 3008 3141 a
3055 3088 3112 3143 S.
3163 3089 3444 3146 MacuriO‘

1824 3179 2049 3240 distant,
2090 3179 2279 3232 itinere
2303 3178 2516 3232 dierum
2573 3187 2831 3247 quatuor,
2885 3180 3211 3248 repositoria
3240 3197 3401 3237 xxxvt

1828 3272 2048 3341 Joseplti
2071 3289 2083 3323 :
2108 3286 2173 3325 ex
2202 3271 2379 3338 iisque
2404 3268 2536 3324 locis
2570 3270 3136 3340 praeterveherepotes
3175 3272 3399 3328 ﬂuvium

1829 3362 2056 3425 Phison.
2110 3365 2177 3416 ad
2229 3371 2447 3430 pontem
2495 3361 2588 3429 qui
2644 3362 2952 3417 sustinetur
3005 3363 3071 3415 ad
3124 3366 3401 3435 octoginta

1830 3454 2085 3525 navigiis.

1898 3548 2078 3615 Atque
2111 3544 2235 3599 inde
2264 3544 2565 3613 ingrederis
2596 3543 2925 3614 Babylonem
2956 3562 3230 3615 magnam,
3259 3549 3401 3604 Plia-

1830 3638 2013 3690 raonis
2058 3635 2283 3704 regiam.
2332 3634 2413 3687 Ad
2468 3635 2734 3689 orientem
2770 3650 2898 3689 vero
2932 3634 3251 3708 Babylonis,
3284 3639 3399 3693 cir-

1830 3728 1965 3781 citer
1996 3742 2047 3780 vt
2075 3727 2269 3780 millib.
2298 3725 2558 3781 conditus
2584 3735 2669 3780 est
2694 3728 3081 3783 sanctissimus
3101 3732 3398 3786 Arsenius:

1831 3831 1887 3875 et
1922 3836 1951 3873 a
1982 3820 2231 3890 partibus
2262 3819 2383 3889 ejus
2414 3822 2587 3889 magis
2623 3822 2984 3875 orientalibus
3019 3836 3255 3892 quatuor
3286 3826 3404 3880 die-

1830 3926 1953 3965 rum
1981 3908 2268 3965 intervallo
2299 3913 2437 3966 situs
2464 3921 2548 3966 est
2586 3912 2776 3966 beatus
2808 3914 3099 3969 Antonius.
3136 3917 3178 3967 A
3211 3927 3402 3973 sancto

1829 4005 2067 4059 Antonio
2089 4004 2236 4057 bidui
2260 4001 2430 4056 ferme
2466 4004 2658 4057 itinere
2680 4008 2925 4058 occurrit
2954 4023 3101 4057 mare
3130 4004 3399 4073 Rubrum,

1832 4110 1895 4151 ac
1919 4112 2111 4150 saxum
2144 4095 2233 4147 ubi
2260 4094 2409 4149 stetit
2442 4094 2655 4166 Moysi-5
2691 4104 2744 4149 et
2777 4098 2922 4167 virga
2960 4100 3194 4167 signavit
3229 4116 3401 4163 mare;

1830 4189 1977 4257 quod
2040 4199 2251 4241 sectum
2293 4197 2375 4241 est
2429 4188 2482 4239 in
2520 4203 2593 4240 χιι
2640 4197 2846 4256 partes,
2905 4206 3002 4259 pro
3045 4192 3257 4245 ratione
3307 4192 3405 4245 tri-

1834 4283 2043 4335 buunt:
2080 4279 2309 4349 proinde
2351 4278 2567 4347 trajecit
2610 4294 2803 4349 aequor
2859 4297 2980 4334 cum
3023 4283 3224 4351 pepulo
3275 4298 3399 4339 suo.

1832 4370 1955 4426 Fuit
1980 4372 2243 4440 trajectus
2277 4370 2367 4426 ille
2407 4387 2541 4424 xvm
2576 4371 2712 4425 mill.
2741 4370 2906 4426 Juxta
2930 4390 3121 4427 saxum
3164 4376 3320 4439 illud,
3348 4378 3400 4432 in

1831 4476 1943 4531 quo
1967 4463 2231 4530 propheta
2264 4461 2532 4525 constitit,
2568 4462 2868 4529 petroleum
2890 4463 3029 4516 ﬂuit.
3058 4464 3190 4520 lnile
3216 4482 3403 4537 egres-

2660 4554 2752 4607 ubi
2798 4553 3108 4624 interempti
3139 4569 3269 4611 sunt
3319 4575 3407 4614 se-

1834 4644 2099 4714 ptingenti
2146 4644 2337 4699 Patres
2391 4659 2422 4697 a
2470 4643 2750 4699 Barbaris.
2797 4646 2851 4698 In
2889 4647 3078 4700 codem
3132 4650 3225 4702 illo
3284 4650 3404 4706 loco

1834 4747 2013 4792 exetat
2065 4752 2230 4805 rupes
2284 4746 2586 4805 peracuta,
2642 4753 2747 4806 qua
2797 4753 3060 4806 percussa
3108 4755 3137 4793 a
3196 4740 3399 4813 Moyse,

1834 4842 1990 4896 aquae
2025 4826 2210 4880 eﬂusze
2244 4835 2394 4881 sunt.
2437 4827 2519 4880 Ab
2551 4827 2653 4882 hac
2690 4829 2911 4895 regione
2944 4830 3187 4901 quinque
3212 4831 3405 4887 diebus

1835 4918 2065 4975 dissidet
2101 4933 2260 4973 mons
2308 4916 2484 4984 Sinai,
2524 4920 2615 4972 ubi
2666 4918 2807 4974 Deus
2841 4921 3113 4975 allocutus
3139 4931 3223 4978 est
3256 4923 3404 4994 Moy-

1835 5030 1973 5075 sem,
2006 5012 2097 5083 qui
2131 5011 2265 5066 vidit
2291 5012 2598 5082 posteriora
2631 5012 2772 5082 ejus.
2803 5012 2884 5067 Illi
2917 5030 3085 5084 prope
3102 5025 3188 5069 est
3218 5032 3406 5072 mona-

1834 5104 2059 5159 sterium
2096 5102 2153 5157 S.
2188 5104 2345 5168 Bati;
2403 5102 2469 5156 ad
2520 5118 2735 5166 saxum,
2778 5103 2834 5157 in
2875 5119 2986 5173 quo
3027 5114 3181 5160 stans
3208 5104 3405 5171 Moses

1834 5194 1973 5249 vidit
2030 5194 2226 5247 rubum
2262 5194 2544 5247 ardentem
2583 5199 2637 5247 et
2668 5208 2779 5247 non
2818 5194 3185 5250 combustum.
3232 5195 3410 5268 Prope

1835 5288 1941 5339 hoc
1980 5286 2375 5339 monasterium
2413 5282 2607 5338 fornax
2658 5294 2764 5350 est,
2808 5285 2863 5337 in
2904 5301 3013 5355 qua
3061 5287 3186 5342 fuso
3231 5288 3407 5357 lique-

1836 5377 2089 5447 lactoque
2156 5390 2292 5431 auro
2349 5387 2402 5430 et
2466 5384 2727 5446 argento,
2776 5376 3070 5432 ediderunt
3137 5380 3403 5436 bubulum

1836 5479 2041 5541 caput;
2067 5471 2121 5523 in
2156 5468 2322 5538 quod,
2352 5468 2515 5522 veluti
2545 5484 2769 5535 numen,
2799 5469 3173 5525 crediderunt.
3202 5471 3402 5526 Eadem

1837 5564 1894 5618 in
1940 5564 2166 5636 regione
2222 5570 2349 5617 sunt
2376 5561 2729 5617 Hebraeorum
2773 5565 2969 5616 tumuli
3012 5574 3401 5619 sexcentarum

1835 5656 2111 5725 octoginta
2132 5653 2449 5706 cltiliadnm.
2486 5651 2716 5720 Propius
2745 5650 2813 5705 ad
2851 5654 3243 5707 monasterium
3276 5668 3405 5723 spe-

1838 5754 2021 5801 ctatur
2064 5745 2210 5800 scala
2262 5744 2464 5799 montis
2504 5742 2689 5809 Sinai,
2740 5757 2861 5811 quae
2916 5744 3120 5814 gradus
3197 5755 3404 5815 septeni

1837 5841 2022 5895 habet.
2076 5838 2265 5908 Ibique
2323 5838 2520 5893 visitur
2562 5845 2803 5899 antrum,
2862 5836 2915 5889 itt
2976 5851 3083 5905 quo
3139 5834 3399 5904 jejunavit

2960 5924 2994 5984 9
