4188 6436
159 390 267 448 ‘11".
1032 400 1129 458 DE
1188 400 1615 460 IlELlGIONE
1652 403 1803 462 Cllll

1784 405 2010 463 l'tS'l'l.-‘
2034 407 2129 465 ζέΑ
2166 411 2568 474 LEDELLVS.
3328 421 3434 483 27¢

2604 564 3411 595 —————*—————-I~

838 741 1019 852 DE
1086 742 1850 862 RELlGlONE
1930 752 2810 874 CHRIS’I‘IANA

1525 1010 2109 1102 LIBELLUS

685 1242 772 1303 Ex
849 1243 1209 1325 Epiphanio
1280 1244 1346 1306 in
1411 1245 1701 1309 Latinum
1769 1266 1805 1311 a
1885 1253 2070 1313 Petro
2108 1253 2211 1316 -de
2302 1257 2512 1318 Monte
2572 1259 2916 1323 traductus.

386 1434 584 1490 (Latine
617 1441 806 1486 tantum
836 1441 964 1501 apud
995 1441 1055 1494 D.
1090 1441 1309 1492 Emman.
1349 1458 1377 1492 a
1411 1443 1749 1493 Schelestrate
1773 1442 1823 1491 in
1850 1443 1987 1493 Actis
2005 1446 2274 1496 Orientalis
2299 1449 2542 1511 Ecclesiae,
2584 1464 2635 1513 p.
2671 1451 2753 1502 52.
2780 1454 2946 1502 Romae
2985 1453 3102 1503 1759
3130 1457 3235 1517 fol.)

227 1783 566 1843 Christianae
602 1788 878 1859 religionis
924 1806 1110 1846 veram
1153 1800 1406 1846 sanctam
1442 1810 1751 1864 puramque
1781 1794 1825 1853 A
1856 1807 1963 1863 est,
1994 1813 2159 1868 quam
2204 1811 2405 1856 nostrae
2433 1801 2737 1858 infirmitati
2764 1804 3156 1860 ascrihentlum
3187 1816 3292 1871 est,
3322 1822 3441 1875 quae

160 1892 287 1934 esse
341 1878 679 1943 doctrinam,
714 1897 879 1949 quam
924 1881 1161 1951 plurima
1208 1882 1370 1938 nobis
1418 1885 1749 1941 documenta
1858 1904 1982 1945 cum
2010 1907 2074 1946 ex
2127 1892 2373 1959 peccatis
2406 1895 2683 1963 praecipue
2720 1901 3033 1964 proveniat,
3068 1912 3167 1953 nos
3196 1900 3445 1969 profecto

162 1980 317 2035 sunt,
356 1986 481 2040 quae
512 1971 556 2027 si
586 1982 758 2035 recte,
783 1973 828 2027 si
862 1975 950 2043 pie
981 1975 1344 2031 considerare
1383 1978 1747 2046 voluerimus,
1856 1983 2033 2037 reddit
2059 1983 2124 2036 ad
2159 1985 2301 2039 hanc
2332 1985 2622 2039 sublimem
2649 1988 2938 2042 veritatem
2976 1991 3441 2047 considerandam

162 2062 527 2134 intelligimus
568 2064 814 2133 profecto
850 2080 1044 2122 omnes
1068 2068 1206 2121 alias
1231 2070 1527 2140 religiones
1558 2071 1749 2138 falsas,
1858 2076 2169 2132 inferiores.
2205 2078 2473 2146 Quisquis
2502 2079 2670 2146 igitur
2700 2080 2817 2134 vult
2850 2080 3186 2138 Christiana:
3216 2085 3442 2153 religio-

165 2155 351 2219 (ictas,
402 2157 598 2212 inanes
632 2173 695 2213 ac
717 2160 1163 2228 superstitiosas,
1198 2164 1342 2218 hanc
1365 2180 1498 2221 vero
1532 2168 1748 2222 unicam
1855 2169 1943 2223 nis
1971 2170 2296 2238 dignitatem
2327 2180 2493 2240 atque
2537 2171 2925 2227 excellentiam
2955 2175 3204 2244 apprime
3237 2175 3446 2228 intelli‘

162 2251 416 2305 veritatis
464 2250 886 2322 intlagatriccm,
950 2256 1427 2328 iuventricemque
1487 2260 1661 2317 fuisse
1732 2279 1745 2315 :
1854 2276 2001 2324 gere,
2032 2262 2264 2331 ejusque
2303 2263 2622 2320 reconditos
2670 2265 2969 2321 thesauros
3023 2267 3254 2334 intueri,
3290 2269 3446 2337 prius

159 2345 436 2412 reliquas,
474 2361 595 2415 quae
636 2354 893 2412 terrena,
941 2352 1267 2419 temporalia
1321 2361 1487 2423 atque
1533 2354 1747 2423 fragilia
1855 2354 2071 2409 studeat
2102 2371 2259 2409 suam
2293 2372 2533 2426 purgare
2583 2358 3032 2425 conscientiam;
3086 2368 3142 2415 et
3202 2360 3446 2415 latebras

165 2446 323 2501 sunt,
351 2440 470 2493 suis
504 2440 961 2501 obscrratoribus
994 2446 1240 2515 polliceri
1278 2465 1293 2502 :
1331 2448 1473 2505 hanc
1502 2452 1749 2506 cmlesti-
1856 2446 2051 2502 anima:
2087 2463 2201 2503 suae
2231 2449 2524 2518 diligenter
2558 2450 2871 2519 inquirens.
2909 2452 2954 2506 si
2986 2453 3113 2523 quid
3146 2452 3439 2517 ini'cncl'il.

162 2530 267 2585 bus
298 2535 531 2589 mternis
569 2548 634 2589 ac
670 2535 1227 2596 incommutabilibus
1264 2541 1448 2607 bonis,
1482 2552 1747 2614 perpetua
1856 2538 2003 2607 quod
2058 2538 2227 2595 Deum
2284 2542 2486 2595 merito
2548 2543 2725 2612 possit
2784 2542 3085 2607 oﬂendt-rc,
3138 2544 3190 2599 id
3251 2544 3445 2613 procul

161 2628 405 2697 denique
434 2630 700 2685 felicitate
730 2632 977 2687 cultores
1012 2647 1143 2687 suos
1173 2635 1533 2691 ornatissime
1583 2637 1749 2692 deco-
1856 2632 2100 2700 abjiciat,
2131 2647 2300 2701 seque
2337 2636 2603 2689 mundum
2666 2652 2730 2690 ac
2775 2652 2974 2705 purum
3032 2638 3442 2707 receptaculum

164 2733 310 2772 rare.
350 2721 549 2775 \‘erum
586 2723 651 2776 ad
681 2722 850 2791 hujus
886 2734 1088 2778 nostra
1125 2725 1409 2793 religionis
1458 2728 1747 2783 veritatem
1859 2723 1967 2779 Deo
2022 2732 2318 2795 prmparct.
2382 2725 2448 2780 Ει
2487 2741 2807 2798 quanquam
2852 2743 2955 2784 nos
3001 2729 3151 2783 velut
3195 2728 3444 2783 homines

164 2813 489 2880 pertingere
517 2816 793 2884 cupienti,
844 2818 1331 2886 pernecessarium
1388 2828 1473 2874 est
1511 2821 1748 2874 attimam
1856 2816 2099 2886 peccatis
2161 2816 2382 2872 obnoxii
2438 2818 2639 2888 (nemo
2693 2821 2885 2885 enim,
2947 2829 3005 2875 ut
3067 2821 3245 2890 inquit
3295 2821 3448 2875 Scri-

163 2903 312 2957 vitiis
345 2922 574 2970 exuere,
616 2908 821 2964 vestire
861 2910 1182 2970 virtutibus.
1218 2922 1272 2964 et
1328 2923 1545 2975 sancte,
1599 2912 1753 2979 jttste
1855 2918 2013 2979 ptttra
2050 2911 2090 2972 ',
2120 2910 2345 2980 gloriari
2374 2920 2557 2981 potest
2606 2913 2872 2968 mundum
2924 2929 2983 2969 se
3039 2914 3243 2969 habere
3301 2917 3443 2984 cor).

164 3010 329 3065 atque
372 3002 696 3056 innocenter
729 3004 891 3057 vitam
917 3005 1141 3059 ducere.
1172 3004 1331 3059 Sicut
1369 3007 1519 3059 enim
1559 3006 1749 3075 lingua
1856 3017 2115 3057 curamus
2145 3014 2323 3056 tamen
2357 3018 2519 3073 quam
2554 3006 2791 3060 maxime
2823 3013 2988 3074 atque
3030 3006 3095 3059 ad
3138 3007 3186 3059 id
3221 3021 3441 3060 onmem

165 3091 407 3146 febrium
445 3093 745 3151 ardoribus
780 3097 1079 3166 pmpctjita
1109 3097 1221 3153 vini
1258 3097 1608 3153 dulcedinem
1648 3115 1751 3168 δυ.
1788 3143 1828 3196 Β
1858 3093 2230 3164 impendimus
2258 3111 2479 3163 operam
2518 3104 2576 3150 ut
2601 3097 2655 3150 in
2691 3098 2886 3151 semita
2937 3098 3249 3154 divinorum
3288 3116 3441 3189 matr

163 3196 310 3241 stare
336 3204 448 3241 nan
478 3198 700 3258 potest;
728 3199 822 3246 aut
852 3191 1053 3247 oculus
1089 3192 1250 3247 malis
1288 3192 1619 3262 quibusdam
1652 3194 1753 3249 hu-
1788 3188 1825 3196 "
1857 3190 2111 3242 datorum
2150 3188 2525 3252 ambulantes,
2584 3190 2836 3244 devotam
2879 3192 3074 3244 saltem
3100 3199 3153 3245 et
3183 3191 3443 3246 humilem

166 3280 418 3333 moribus
451 3290 759 3350 occupatus
788 3282 1100 3337 claritatem
1142 3283 1369 3338 luminis
1415 3286 1609 3354 nequit
1652 3287 1752 3340 in—

1860 3280 2197 3334 voluntatem
2243 3278 2478 3335 Domino
2512 3281 2899 3338 exhibeamus.
2958 3283 3035 3339 Ac
3062 3294 3350 3354 propterea
3376 3282 3446 3338 de

165 3373 343 3439 tueri;
376 3372 460 3425 sic
497 3374 715 3428 animus
756 3382 1113 3443 peccatorum
1145 3376 1392 3431 tenebris
1424 3376 1750 3444 oll‘useatus,
1860 3372 2035 3441 ipsius
2062 3372 2313 3426 bonitate
2354 3371 2854 3441 misericordiaque
2903 3374 3124 3437 conlisa,
3162 3373 3340 3444 quiin
3385 3394 3445 3430 se

164 3476 216 3517 et
247 3464 517 3517 vitiorum
552 3465 695 3518 mole
726 3480 1029 3536 oppressus
1088 3468 1156 3522 ad
1192 3470 1617 3539 contemplanda
1667 3473 1754 3525 tli-
1861 3465 2201 3535 spt-ratttittm
2236 3480 2425 3535 preces
2452 3466 2704 3532 exaudit,
2752 3475 2808 3519 et
2870 3482 2970 3536 pro
3028 3468 3241 3523 vitibus
3309 3469 3446 3523 bene

166 3559 289 3610 vina
343 3560 606 3628 mysteria
665 3561 979 3630 pertingere
1026 3562 1348 3617 nullatenus
1378 3572 1578 3632 potest.
1617 3563 1751 3616 Pro-
1858 3574 2022 3629 agere
2057 3566 2353 3623 conantes,
2385 3574 2495 3611 non
2538 3558 2821 3627 despicit;
2877 3560 3084 3628 aliquid
3130 3573 3199 3616 oe
3257 3572 3443 3616 nostra

167 3662 358 3719 pterea
423 3651 568 3704 labia
624 3651 778 3705 Isaiae
851 3654 1133 3721 propheta:
1196 3655 1412 3708 calculo
1475 3654 1542 3709 de
1593 3655 1753 3709 altari
1860 3648 1988 3704 ﬁdei
2019 3648 2345 3703 excellentia
2372 3648 2619 3703 scribere
2652 3651 3132 3720 prmsumpsimus,
3170 3669 3279 3721 quo
3320 3652 3446 3707 iuli-

167 3753 392 3811 sumpto
419 3743 775 3806 ntumlantur,
804 3754 859 3798 et
890 3745 971 3798 sic
991 3748 1055 3798 ad
1077 3746 1482 3814 praedicandum
1526 3748 1755 3804 idoneus
1860 3742 2010 3796 delos
2040 3742 2082 3795 Si
2124 3742 2240 3794 fieri
2273 3750 2458 3810 Ροιοει
2485 3743 2839 3806 οιίιιίίειηῑιιτο
2886 3744 3204 3814 eruditione
3260 3746 3446 3800 ﬁdeles

170 3835 441 3892 redditur.
502 3834 640 3889 Hinc
680 3836 885 3890 factum
922 3854 1043 3891 esse
1071 3838 1479 3899 existimamus,
1534 3847 1594 3892 ttt
1628 3840 1756 3894 reli-

1534 3847 1594 3892 ιιι
1628 3840 1756 3894 re“-
1865 3847 1991 3887 vero
2028 3832 2286 3887 fortiores
2322 3833 2787 3903 robustioresque
2823 3834 3156 3889 elliciantur.

170 3927 350 3987 gionis
405 3938 615 3981 nostra:
678 3928 1005 3982 traditiones
1056 3930 1336 3999 plerisque
1389 3932 1754 3987 deliramenta

1936 3924 2267 3995 Dignitatem
2330 3926 2659 3981 Christiana:
2711 3929 2999 3996 t'e'ttgionis
3050 3945 3115 3983 ex
3160 3929 3279 3998 ipso
3332 3934 3447 3997 pri-

178 4020 502 4085 tideantur,
566 4020 659 4089 qui
706 4035 829 4074 cutn
894 4021 1105 4075 aditum
1172 4024 1320 4077 vitiis
1373 4026 1752 4092 patefeceriut,
1863 4032 2012 4071 mum
2052 4017 2377 4072 lnstitntore
2423 4028 2591 4087 atque
2619 4020 2863 4074 Auctore
2919 4021 3049 4074 licet
3104 4023 3332 4076 intueri.
3390 4031 3445 4074 et

170 4110 479 4165 virtutibus
512 4112 924 4180 praecluserint,
955 4116 1183 4167 stultam
1232 4123 1429 4181 putant
1480 4132 1601 4171 esse
1653 4117 1755 4171 do-
1863 4128 1987 4167 cum
2022 4127 2118 4167 ore
2144 4113 2331 4166 divino
2356 4112 2611 4167 instituta
2654 4116 2747 4177 sit,
2789 4113 3080 4182 solumque
3113 4112 3283 4167 Deum
3345 4115 3447 4167 ha-

169 4202 430 4265 tztrinam,
463 4218 587 4271 quae
617 4212 768 4257 arcet
800 4205 1138 4273 voluptates,
1177 4207 1399 4260 cohibet
1437 4208 1753 4273 illecebras,

1860 4207 1989 4259 heat
2022 4214 2303 4259 auctOretn
2342 4222 2355 4257 :
2400 4205 2532 4273 quid
2568 4205 2765 4258 tnirttm
2818 4204 2865 4259 si
2926 4220 3123 4261 omnes
3154 4207 3292 4259 alias
3350 4206 3440 4259 do-

173 4296 634 4349 iucontinentiam
693 4296 956 4362 damnat,
1018 4299 1294 4353 luxuriam
1356 4300 1645 4368 prohibet,
1704 4311 1759 4356 et
1864 4297 2097 4359 ctrinas,
2133 4296 2464 4364 disciplinas
2504 4305 2558 4349 et
2594 4296 2892 4366 religiones
2923 4296 3084 4365 longe
3119 4298 3447 4352 antecedit?

170 4401 368 4443 sensus
402 4398 628 4441 nostros
677 4391 915 4452 ratione,
983 4391 1187 4445 virtute
1270 4406 1333 4445 ac
1382 4394 1753 4447 sanctimonia

1864 4388 2018 4453 Quod
2049 4387 2194 4440 enim
2226 4401 2254 4439 a
2279 4386 2536 4453 digniori,
2571 4387 2897 4453 sapientiori
2935 4395 3105 4457 atque
3165 4389 3443 4444 excellen-

176 4480 449 4548 regendos
478 4493 603 4532 esse
632 4487 891 4533 testatur.
922 4480 1061 4534 Cum
1098 4482 1246 4535 enim
1304 4482 1628 4538 hominibus
1661 4502 1753 4539 ve-
1784 4495 1831 4557 ρ
1865 4481 1992 4535 tiori
2048 4479 2362 4533 institutum
2413 4487 2498 4532 cst
2528 4495 2542 4543 ;
2607 4479 2740 4543 illis,
2792 4493 2913 4549 qua:
2976 4480 3048 4534 ab
3091 4479 3450 4535 inferioribus

175 4572 305 4623 ritas
341 4570 536 4624 divino
570 4586 794 4626 munere
831 4573 1165 4637 innotescat,
1195 4584 1247 4627 et
1279 4574 1463 4628 omnis
1498 4577 1699 4630 veritas
1725 4591 1755 4630 a
1868 4571 2167 4625 cmlslilllia
2198 4580 2346 4634 sunt.
2379 4569 2543 4623 debel
2576 4568 2703 4638 iure
2760 4570 3050 4627 anteferri.
3124 4570 3215 4626 Sic
3260 4588 3447 4643 regunt

174 4662 383 4731 Spiritu
422 4670 621 4717 sancto
645 4666 759 4729 sit;
791 4665 918 4719 mali
949 4675 1131 4719 autem
1169 4672 1222 4719 et
1253 4667 1402 4721 vitiis
1426 4667 1596 4721 dediti
1629 4666 1757 4737 Spi-
1869 4666 2007 4718 scita
2042 4663 2246 4715 ducunt
2291 4670 2458 4729 atque
2513 4664 2778 4714 comitum
2815 4662 3198 4717 sanctionibus
3251 4663 3451 4733 praefe-

176 4754 309 4808 titus
344 4754 527 4808 sancti
569 4755 800 4823 gratiam
834 4755 1037 4809 habere
1073 4772 1185 4810 non
1242 4758 1476 4825 possint,
1538 4757 1760 4814 dicente
1868 4766 2105 4821 runtur;
2148 4767 2202 4809 ct
2233 4771 2353 4823 quae
2413 4770 2442 4809 a
2504 4753 2812 4822 IlitthliiitIS
2858 4755 3452 4825 excellentiorihusque

172 4846 408 4899 Domino
466 4862 480 4898 :
524 4844 696 4913 Super
751 4863 903 4916 quem
959 4848 1243 4916 requiescet
1294 4847 1527 4913 Spiritus
1588 4866 1755 4909 tuens.
1870 4848 2282 4917 magistratibus
2318 4846 2737 4916 praecipiuntur,
2774 4846 2937 4900 veluti
2972 4845 3227 4915 digniora
3257 4844 3451 4913 majort

172 4939 272 4992 nisi
305 4955 470 5005 super
507 4938 759 4992 humilem
788 4947 836 4993 et
886 4940 1121 5009 quietum
1157 4956 1222 4992 ac
1260 4950 1564 4993 trementem
1601 4942 1757 4994 verba
1869 4949 1997 4995 sunt
2032 4939 2383 4994 observantia
2409 4937 2786 5007 exsequanda.
2813 4937 2955 5003 Quid
2980 4944 3161 4992 autem
3186 4937 3403 5006 dignius
3426 4936 3454 4989 Ρ

174 5045 287 5082 mea
316 5029 384 5080 ‘2'
416 5028 563 5094 Quid
598 5029 823 5093 mirum,
869 5032 913 5083 si
948 5038 1207 5095 peccator
1240 5032 1498 5101 indignus
1529 5043 1634 5092 est,
1670 5034 1755 5086 cui
1867 5032 1997 5099 quid
2027 5030 2246 5099 majus?
2278 5029 2408 5097 quid
2460 5027 2819 5081 excellentius
2840 5068 2853 5089 ,
2894 5042 3058 5097 quam
3090 5026 3441 5096 professionix

175 5120 463 5190 religionis
505 5118 837 5175 Christiana:
866 5122 1183 5177 sublimitas
1234 5124 1514 5192 aperiatur
1541 5126 1562 5177 ?
1623 5123 1757 5177 Nam
1868 5142 1979 5179 suae
2004 5138 2280 5179 summum
2310 5121 2462 5173 illutn
2493 5135 2557 5173 ac
2585 5120 3056 5188 sapientissimum
3114 5134 3298 5170 rerum
3335 5133 3420 5171 om

174 5215 264 5282 qui
296 5229 362 5268 se
394 5221 575 5266 totum
612 5215 667 5267 in
716 5227 878 5267 emno
928 5215 1271 5286 voluptatum
1329 5218 1757 5283 ntundanarum,
1867 5217 2015 5269 nium
2049 5213 2300 5283 opiﬁcem
2351 5212 2521 5266 Deum
2586 5211 2791 5264 habere
2839 5211 3166 5263 auctorem?
3224 5208 3449 5307 Accedit

176 5304 325 5357 velut
367 5303 543 5357 susin
570 5302 688 5357 luto
714 5302 1007 5357 involverit
1094 5319 1159 5358 ac
1210 5305 1570 5373 demerserit;
1621 5325 1759 5377 quo-
1870 5306 2001 5359 huic
2032 5304 2109 5359 rei
2145 5302 2380 5372 amplior
2422 5300 2696 5368 dignitas;
2755 5298 2881 5366 quia
2949 5314 3056 5352 non
3117 5313 3238 5352 eam
3292 5298 3450 5352 nobis

177 5395 342 5449 modo
376 5394 581 5464 poterit
615 5402 725 5449 tam
758 5395 1090 5465 profundam
1142 5398 1427 5453 veritatem
1487 5409 1595 5453 tam
1627 5402 1762 5465 alta,

1875 5399 2020 5452 Deus
2054 5412 2150 5468 per
2185 5394 2432 5464 angelos,
2468 5407 2574 5445 non
2600 5407 2697 5460 per
2756 5391 3031 5456 homines,
3096 5406 3202 5443 non
3240 5404 3338 5458 per
3370 5388 3448 5441 le-

178 5499 403 5557 tamque
434 5498 652 5542 secreta
689 5490 957 5559 mysteria
1015 5490 1344 5559 speculari?
1383 5491 1515 5557 Qure
1566 5494 1610 5547 si
1652 5494 1761 5561 ple-

1874 5499 2047 5560 gatos,
2087 5496 2180 5542 aut
2215 5486 2459 5547 nuntios,
2510 5481 2605 5538 sed
2632 5496 2726 5551 per
2764 5480 3042 5552 proprium
3088 5480 3284 5533 Filittm
3346 5476 3448 5532 sibi

178 5591 414 5648 rumque
453 5578 640 5633 minus
670 5578 925 5634 homines
955 5579 1269 5651 intelligant
1304 5600 1469 5652 quam
1533 5585 1757 5648 Vellent,
1872 5592 2228 5642 coarternutn,
2258 5589 2312 5631 et
2345 5574 2887 5631 consubstantialem
2933 5571 3154 5672 tradere
3189 5570 3470 5672 dignatus.

180 5685 285 5725 non
317 5680 431 5725 tam
457 5671 679 5725 illorum
712 5671 1100 5742 profunditati,
1125 5691 1245 5743 qum
1280 5683 1462 5731 tamen
1521 5678 1758 5731 maxima
1872 5683 1975 5739 t'st,
2006 5687 2163 5744 quem
2206 5686 2269 5727 ex
2307 5670 2426 5725 sinu
2454 5682 2558 5723 suo
2584 5666 2731 5721 misit
2758 5680 2811 5718 tn
2845 5673 3055 5720 uterum
3094 5663 3354 5732 Virginis,
3390 5668 3445 5713 ul

256 5850 407 5906 'isa.
454 5868 602 5921 Lm,
640 5856 694 5909 "l.
779 5860 792 5883 ί
822 5855 983 5911 Prov
1022 5872 1083 5907 λλ
1148 5855 1182 5905 9
