4188 6436
763 365 866 424 275

2024 381 2422 443 EPIPHANH
2453 385 2796 446 MONACHI

3911 388 4018 446 276

761 494 824 530 ex
855 481 1060 547 Spiritu
1101 495 1293 541 saut'to
1333 505 1565 548 nascens
1602 493 1789 560 homo,
1825 507 1878 551 et
1908 498 2050 553 inter
2082 500 2331 554 homines
2361 503 2409 560 Α
2437 501 2635 570 dignas
2669 517 2794 558 esse
2824 502 3116 570 judicavit.
3178 500 3316 552 lliuc
3356 501 3650 554 sioiolacra
3695 507 3745 552 et
3783 500 4015 557 simula-

764 580 1121 638 90"""v’53“5.
1159 575 1398 633 humano
1429 587 1612 650 generi
1649 588 2012 641 maximorum
2063 589 2329 658 plurimo-

765 674 995 728 I'umquc
1018 679 1263 721 errorum
1293 676 1533 729 tenebris
1564 679 1906 735 circumfuso
1944 682 2043 736 hac
2081 685 2330 736 veritatis

758 755 1122 814 saluberrima
1168 763 1283 831 lege
1345 769 1450 822 lata
1514 773 1743 828 mirilit-e
1805 777 2146 832 subveniret.
2212 778 2330 842 Quo

757 851 887 918 qttid
919 863 1098 922 potest
1130 873 1252 912 esse
1277 864 1636 923 praeclarius?
1674 870 1801 937 quid
1834 871 2232 936 praestantius?
2272 873 2326 925 Si

758 943 882 1009 quis
934 961 1117 1015 regum
1152 966 1213 1003 ac
1246 954 1552 1022 print-ipntn
1608 961 1813 1014 civitati
1862 971 1918 1015 ttt
1974 965 2171 1030 popqu
2223 964 2328 1016 sibi

758 1034 1008 1102 subjeCIo
1063 1055 1264 1094 munus
1297 1045 1519 1111 aliquod
1563 1065 1817 1119 magnum
1848 1063 2010 1121 atque
2039 1053 2168 1106 utile
2201 1057 2327 1107 mit-

757 1131 926 1188 “3"”.
965 1127 1131 1194 idque
1174 1135 1392 1188 nemine
1435 1149 1717 1205 poscente,
1765 1143 1861 1195 Sed
1908 1160 1970 1196 ex
2018 1144 2100 1197 sui
2161 1146 2327 1198 animi

755 1215 1090 1298 liberalitate
1146 1226 1389 1287 laceret;
1443 1229 1668 1284 deberet
1732 1233 1781 1286 id
1837 1236 2055 1302 quidem
2109 1249 2328 1305 propter

752 1309 1023 1366 “liuentis
1055 1321 1468 1386 amplitudinem
1499 1327 1779 1381 excellens
1801 1327 2064 1395 jndicari.
2097 1332 2251 1395 Quod
2279 1333 2325 1386 si

753 1408 965 1456 tantum
1005 1411 1316 1476 splendoris
1345 1423 1399 1466 et
1427 1419 1737 1472 ornamenti
1793 1421 1867 1474 illi
1918 1423 2062 1477 dooo
2092 1426 2326 1479 addere-

753 1505 867 1561 tur,
903 1508 962 1553 ttt
997 1503 1090 1566 qui
1137 1505 1267 1559 illud
1301 1508 1561 1573 deferret,
1592 1512 1861 1582 principis
1900 1515 2044 1570 lilius
2073 1527 2238 1581 esset,
2271 1527 2327 1573 et

750 1593 971 1653 quidem
1028 1599 1427 1665 primogenitus
1477 1607 1663 1671 :quid
1718 1609 1811 1662 tali
1860 1627 2089 1664 munere
2143 1624 2328 1678 posset

748 1680 856 1735 dici
888 1685 1157 1754 dignius?
1183 1691 1314 1759 qttid
1348 1694 1573 1759 majus?
1601 1699 1730 1764 quid
1765 1700 2102 1765 pretiosius?
2138 1705 2193 1756 In
2223 1706 2325 1758 hoc

751 1773 922 1842 igitur
979 1779 1139 1847 longe
1196 1785 1559 1840 excellentior
1599 1799 1684 1843 est
1727 1790 1844 1846 haec
1898 1806 2079 1848 nosrra
2133 1797 2325 1864 religio

749 1869 874 1937 lege
905 1869 997 1922 illa
1033 1874 1226 1937 veteri,
1271 1891 1394 1944 qua:
1430 1876 1786 1935 Hebraeorum
1825 1887 2027 1953 populo
2058 1887 2184 1940 data
2217 1898 2321 1944 est.

749 1960 883 2014 Nam
917 1965 1019 2018 etsi
1057 1965 1167 2028 illa,
1213 1979 1265 2022 et
1304 1970 1417 2025 haec
1462 1985 1652 2028 nostra
1696 1975 1862 2029 Deum
1913 1990 2192 2032 auctorem
2229 1983 2326 2035 ha-

747 2052 953 2116 buerit,
989 2071 1098 2110 non
1135 2067 1317 2114 tamen
1353 2078 1449 2130 per
1485 2066 1830 2135 unigenitum
1873 2068 1962 2123 Dei
1997 2070 2193 2125 Filium
2229 2074 2326 2125 ho-

748 2145 987 2201 minibus
1038 2152 1237 2205 tradita
1285 2162 1392 2217 est,
1456 2159 1550 2211 sed
1604 2175 1699 2224 per
1758 2160 1996 2230 Moysem
2061 2167 2322 2233 primum,

748 2237 1001 2306 aliosque
1037 2240 1235 2297 deinde
1265 2249 1332 2298 ab
1367 2247 1487 2316 ipso
1517 2247 1748 2305 Domino
1772 2256 1978 2309 electos
2010 2258 2229 2312 nuntios
2261 2274 2325 2311 ac

749 2332 1044 2397 prophetas
1077 2351 1092 2399 ;
1125 2336 1216 2404 qui
1251 2353 1378 2391 cum
1412 2342 1534 2408 pttri
1566 2343 1816 2400 homines
1839 2359 2051 2412 essent,
2084 2361 2137 2404 et
2176 2367 2326 2405 eom-

748 2425 901 2476 mnoi
944 2425 1282 2483 infirmitatis
1327 2432 1576 2488 humatur
1630 2437 1732 2503 legi
1777 2441 2009 2506 Subjeeti
2037 2481 2051 2500 ,
2113 2445 2322 2498 nullum

745 2528 810 2566 ex
848 2530 1035 2570 eorum
1067 2535 1301 2587 persona
1333 2525 1684 2592 splendorem
1725 2531 1826 2594 illi,
1855 2549 2019 2601 quam
2058 2538 2323 2601 praedira-

751 2613 900 2673 baut,
938 2613 1198 2669 docti-inte
1230 2619 1429 2673 alferre
1464 2632 1785 2689 potucrant.
1827 2626 1931 2680 Sed
1965 2637 2017 2680 et
2049 2643 2203 2684 vetus
2232 2633 2320 2684 illa

749 2703 838 2753 ιιιιὶ
872 2711 1082 2758 tantum
1109 2711 1328 2774 populo,
1367 2713 1459 2765 uni
1495 2718 1642 2782 genti
1672 2716 1793 2769 data
1827 2728 1907 2770 est
1940 2737 1954 2772 :
1992 2720 2105 2774 haec
2138 2738 2316 2775 autem

745 2807 938 2847 omnes
975 2798 1205 2850 omnino
1267 2801 1522 2856 homines
1591 2809 1994 2876 complectitur,
2066 2817 2323 2870 omnibus

745 2887 996 2951 providet
1037 2907 1052 2943 :
1087 2894 1311 2947 cunctis
1351 2907 1563 2950 rectum
1596 2899 1700 2950 iter
1746 2903 2001 2955 veritatis
2058 2905 2321 2968 ostendit,

747 2981 1023 3034 neminem
1078 2985 1304 3052 excipit,
1363 2989 1574 3041 nullam
1640 3006 1820 3059 neque
1883 2997 2083 3059 anatis,
2149 3013 2326 3065 neque

745 3071 1079 3127 conditionis
1123 3075 1491 3131 diﬂerentiam
1554 3079 1782 3148 faciens,
1847 3085 1941 3137 sed
2002 3101 2194 3140 omnes
2254 3089 2320 3141 ad

742 3176 1000 3220 :l-teruam
1039 3168 1432 3224 beatitudinem
1469 3191 1564 3241 per
1599 3177 1867 3231 virtutum
1926 3183 2175 3234 semitam
2214 3182 2316 3236 be-
2347 3207 2391 3266 ρ

743 3258 904 3326 nigne
956 3274 1019 3313 ac
1045 3263 1478 3318 misericorditer
1504 3268 1763 3322 inritans.
1786 3271 1916 3323 Cum
1939 3271 2082 3324 enim
2107 3288 2319 3337 omnes,

742 3359 800 3402 ut
844 3350 1020 3418 inquit
1081 3354 1381 3421 Apostolus
1414 3355 1454 3420 ⁸,
1492 3374 1520 3410 a
1561 3361 1794 3415 veritate
1828 3363 2228 3425 tleclinassent,
2270 3377 2323 3420 et

743 3462 771 3495 ει
796 3445 946 3498 cultu
985 3454 1038 3499 et
1066 3448 1378 3516 cognitione
1409 3453 1518 3504 veri
1552 3451 1643 3506 Dei
1673 3454 2048 3518 aberrassent.
2073 3459 2326 3512 morbus-

741 3555 850 3608 que
883 3542 987 3596 iste
1019 3559 1214 3597 omnes
1248 3555 1461 3600 teneret
1490 3547 1760 3602 obuoxios
1788 3566 1801 3611 ;
1840 3551 2100 3606 omnibus
2133 3568 2326 3606 neces-

741 3637 886 3688 saria
935 3634 1037 3689 luit
1099 3639 1363 3691 salutaris
1401 3641 1695 3693 medicina.
1765 3639 2023 3696 Homines
2087 3660 2323 3713 namque

743 3741 867 3778 cum
901 3742 994 3796 per
1025 3741 1313 3796 peccatum
1364 3745 1392 3783 a
1457 3730 1551 3784 Dei
1614 3733 2081 3802 contemplatione
2134 3739 2321 3802 procul

743 3816 1157 3882 discessissent,
1202 3837 1378 3889 neque
1411 3831 1596 3892 posset
1635 3839 1791 3878 mens
1841 3834 2025 3878 nostra
2059 3828 2175 3879 otio
2207 3837 2322 3881 tor-

749 3926 1001 3976 pesrere,
1030 3912 1097 3964 ad
1135 3914 1638 3968 considerationem
1678 3925 2026 3970 terrenorum
2046 3928 2098 3972 et
2130 3935 2212 3972 cor
2230 3935 2324 3988 po-

745 4005 940 4057 ralium
976 4020 1036 4059 se
1079 4008 1354 4060 convertit
1406 4026 1420 4062 :
1471 4009 1664 4075 sicque
1725 4011 1986 4077 paulatim
2047 4014 2327 4068 oblivione

745 4111 929 4149 rerum
988 4097 1299 4153 divinarum
1371 4103 1654 4170 corporeis
1723 4104 1998 4159 illecebris
2066 4108 2321 4176 alligata,

744 4189 1033 4252 praesentia
1060 4191 1410 4246 solummodo
1441 4204 1494 4246 et.
1529 4198 1837 4263 corporalia
1871 4198 2094 4252 intuens
2125 4202 2322 4254 existi-

745 4298 895 4336 mare
942 4283 1129 4351 σωρίι,
1191 4285 1326 4338 nihil
1385 4287 1506 4354 plus
1563 4303 1708 4352 esse,
1761 4305 1926 4357 quam
1964 4291 2319 4348 intueretur:

741 4375 993 4440 quinimo
1029 4375 1144 4431 haec
1187 4378 1426 4431 humana
1454 4386 1508 4432 et
1536 4395 1800 4446 corporea
1830 4382 1946 4435 sola
1984 4399 2110 4437 esse
2136 4384 2276 4438 bona
2305 4403 2320 4452 ;

741 4470 1024 4538 oblitaque
1054 4485 1281 4536 prorSns
1313 4487 1372 4526 se
1409 4474 1474 4526 ad
1511 4476 1803 4544 imaginem
1842 4478 1952 4528 veri
1987 4477 2079 4530 Dei
2111 4482 2322 4531 consti-

2434 610 2652 647 crot-um
2707 596 2831 647 vani
2886 604 2940 648 ct
3006 593 3318 648 stultissimi
3365 594 3548 647 cultus
3598 593 3664 646 ab
3718 593 4010 646 hominum

2435 684 2722 738 erroribus
2772 684 3089 748 adiuventi;
3148 683 3242 752 qui
3292 699 3415 736 cum
3487 683 3757 736 hominem
3814 699 4014 751 quern-

2435 781 2577 844 piam
2643 777 2932 845 plusquam
2992 777 3157 828 Deum
3214 777 3546 841 diligerent,
3615 792 3736 828 eum
3801 786 3855 828 et
3929 778 4011 828 vi-

2433 880 2647 923 ventem
2685 878 2736 923 ct
2786 878 3062 922 mortuum
3111 868 3384 925 colebant.
3433 867 3797 931 honorabant,
3843 884 4017 920 vene-

2435 962 2722 1023 rabantur,
2760 962 2922 1022 eique
2971 963 3023 1014 in
3077 963 3292 1027 signum
3355 962 3647 1029 praecipuae
3697 961 4017 1015 dileetionis

2431 1051 2616 1104 divina
2647 1051 2916 1106 sacriﬁcia
2967 1051 3324 1113 exhibebant,
3371 1061 3728 1115 erectumque
3761 1051 3884 1117 ejus
3938 1051 4016 1104 si-

2432 1146 2740 1198 mulacrum
2778 1160 2876 1211 pro
2921 1143 3030 1197 Deo
3063 1145 3394 1206 adorabant,
3456 1144 3791 1196 derlicahaut
3835 1144 4008 1206 miles,

2433 1238 2633 1305 templa
2669 1235 3035 1296 a‘dtlieabant,
3068 1243 3122 1289 et
3171 1246 3292 1287 vota
3332 1235 3479 1288 velut
3518 1235 3625 1287 Deo
3677 1234 4010 1288 oll'erebattt.

2431 1327 2823 1381 Crescentibus
2861 1343 2989 1380 vero
3020 1327 3071 1378 in
3110 1327 3226 1379 dies
3268 1326 3564 1386 illeeebris.
3629 1325 4014 1391 demersisan

2431 1422 2606 1488 magis
2653 1436 2717 1475 ac
2749 1422 2925 1491 magis
2959 1421 3274 1474 hominibus
3312 1421 3364 1472 in
3426 1434 3588 1472 curuo
3643 1420 4013 1488 voluptatum,

2431 1515 2558 1584 quid
2610 1513 2725 1566 ﬁeri
2768 1527 2997 1567 necesse
3049 1512 3216 1566 erat?
3272 1512 3569 1579 Postquam
3617 1522 3797 1563 autem
3832 1525 3860 1561 a
3899 1509 4016 1560 veri

2431 1608 2524 1661 Dei
2567 1607 2882 1676 cognitione
2912 1607 3238 1673 semetipsos
3290 1606 3695 1663 alienaverunt,
3735 1603 3850 1655 hmc
3909 1603 4016 1655 im-

2432 1702 2602 1770 pietas
2629 1714 2792 1768 quam
2825 1698 3060 1750 maxime
3093 1707 3252 1749 aurta
3286 1705 3394 1757 est,
3433 1695 3646 1748 dicente
3682 1693 4010 1763 Scriptura:

2435 1794 2569 1846 Dum
2613 1793 2813 1845 venerit
2857 1792 3050 1853 impius
3079 1792 3132 1842 in
3185 1788 3512 1858 profundum
3567 1788 3851 1848 malorum,
3887 1803 4019 1838 ron-

2430 1882 2614 1935 temnit
2637 1881 2677 1933 ⁸.
2711 1880 2766 1934 ln
2794 1888 3007 1932 tantum
3044 1880 3231 1945 itaque
3262 1879 3410 1946 lapsa
3443 1891 3526 1930 est
3565 1880 3803 1930 humana
3835 1878 4012 1930 latui-

2431 1990 2534 2040 tas,
2567 1987 2626 2031 ιιι
2661 1977 2859 2030 nedum
2891 1975 3166 2036 homines,
3211 1975 3305 2026 sed
3347 1972 3578 2040 lapides,
3631 1983 3682 2024 et
3735 1972 3904 2040 ligna,
3959 1979 4015 2024 et

2427 2072 2641 2140 reptilia
2701 2078 2810 2122 tam
2862 2067 3146 2134 aquatilia.
3202 2081 3364 2131 quam
3421 2065 3732 2126 terrestria,
3793 2079 4014 2116 net-non

2429 2164 2826 2216 immanissima
2860 2160 3106 2228 quaedam
3142 2158 3326 2223 bruta,
3366 2158 3459 2210 sed
3493 2170 3546 2209 et
3583 2167 3827 2209 monstra
3856 2173 4016 2224 φιλε-

2427 2259 2552 2310 dam
2612 2254 2895 2308 teterrima
2957 2253 3312 2307 ornatissima
3373 2253 3459 2304 illa
3518 2249 3608 2304 Dei
3644 2252 4016 2318 appellatione

2427 2349 2717 2403 nominare
2771 2363 2878 2400 non
2934 2345 3336 2398 l'ortnidaverit.
3409 2344 3512 2397 Sed
3575 2360 3672 2397 nec
3726 2345 4016 2411 hucusque

2428 2439 2724 2491 stultorum
2762 2437 3000 2503 perstitit
3054 2435 3310 2486 audacia.
3347 2435 3452 2487 Alii
3482 2435 3626 2489 enim
3671 2435 4011 2502 voluptatem

2427 2545 2489 2583 ac
2532 2529 2840 2587 libidinem,
2872 2527 3190 2597 turpissima
3227 2529 3354 2578 vitia
3382 2538 3780 2581 consecrarunt
3813 2546 3826 2580 :
3864 2528 4014 2581 sient

2425 2623 2568 2687 apud
2604 2623 2836 2693 Lybieos
2891 2621 3240 2687 Cupidinem,
3303 2628 3357 2673 et
3407 2622 3458 2672 in
3497 2621 3681 2687 Papho
3743 2620 4013 2672 Venerem

2427 2719 2576 2770 illam
2614 2714 3112 2782 impudicissimatn
3163 2714 3452 2767 mulierem
3493 2727 3806 2766 veneratam
3862 2728 4014 2774 esse,

2427 2819 2601 2880 poetze
2650 2809 2810 2862 nobis
2846 2807 3217 2860 tradiderunt.
3275 2805 3413 2858 llinc
3470 2804 3712 2858 nefandi
3751 2806 4012 2857 sacriﬁcii

2427 2907 2589 2964 ritus,
2623 2904 2751 2957 hinc
2784 2903 3007 2956 obsceni
3036 2903 3240 2956 cultus.
3276 2910 3330 2953 et
3371 2900 3480 2953 lttdi
3514 2898 3846 2966 turpissimi,
3885 2896 4013 2964 qui-

2425 3001 2529 3053 bus
2561 3000 2797 3050 humana
2832 2996 3067 3050 stultitia
3091 2995 3225 3048 deos
3254 3009 3386 3048 snos
3413 2993 3711 3061 placandos
3739 3005 3863 3042 esse
3903 2990 4017 3040 ραι-

2426 3100 2516 3143 cto
2566 3088 2995 3147 constituebant,
3028 3101 3262 3153 quorum
3287 3085 3534 3137 l'tntoren't
3569 3096 3631 3134 ac
3678 3079 4013 3143 spurcitiam

2425 3191 2478 3235 et
2502 3183 2904 3233 obsrenitatem
2937 3180 3224 3244 quisquis'
3257 3176 3467 3243 legerit,
3514 3174 3696 3227 colere
3761 3171 4016 3236 profecto

2430 3283 2589 3339 atque
2619 3273 2687 3324 iia
2718 3270 2966 3324 venerari
3005 3269 3292 3320 veritatem
3327 3266 3512 3328 debet,
3543 3281 3568 3314 a
3603 3279 3709 3328 qua
3748 3262 4012 3314 homines

2429 3364 2751 3418 reretlcutes
2789 3365 2839 3415 iu
2874 3370 3078 3414 tantam
3114 3362 3448 3412 devenerunt.
3475 3357 3794 3417 amentiam,
3833 3365 3892 3407 ιιι
3917 3354 4010 3420 qui

2429 3457 2656 3510 hoooris
2695 3456 2952 3522 indignus
2984 3454 3143 3507 bonis
3176 3451 3494 3505 hominibus
3526 3449 3828 3508 videretur,
3856 3461 4010 3507 eum,

2427 3550 2598 3604 veluti
2628 3565 2690 3602 ex
2727 3548 3013 3615 religione,
3065 3546 3184 3598 suis
3220 3543 3326 3596 diis
3357 3558 3454 3608 pro
3499 3541 3690 3607 majori
3729 3538 4010 3592 sacrilieio

2427 3643 2771 3698 exhiberent.
2807 3640 3052 3706 Longum
3087 3637 3333 3706 profecto
3373 3635 3534 3688 nimis
3566 3646 3736 3692 esset,
3772 3641 3942 3697 atque
3979 3645 4011 3682 ι

2426 3744 2620 3789 nostro
2651 3749 2880 3804 prorsus
2921 3730 3180 3784 instituto
3217 3730 3482 3789 alienum,
3518 3741 3710 3779 omnes
3755 3726 3878 3778 illos
3916 3740 4012 3776 ει·-

2427 3843 2585 3881 rores
2623 3840 2933 3884 recensere,
2966 3825 3017 3876 in
3053 3837 3194 3890 quos
3237 3821 3371 3888 lapsi
3421 3828 3551 3872 sunt
3587 3817 3864 3875 homines,
3917 3816 4010 3884 qui

2427 3935 2454 3973 a
2511 3919 2622 3971 veri
2683 3917 2773 3970 Dei
2826 3915 3145 3984 cognitione
3170 3921 3332 3982 atque
3362 3911 3666 3963 dilectione
3699 3925 3757 3961 se
3790 3917 4014 3959 averte-

2427 4020 2576 4064 runt.
2609 4010 2747 4063 Cum
2793 4010 2938 4062 enim
2974 4009 3091 4072 ipse
3124 4005 3267 4060 Deus
3317 4014 3555 4057 testante
3614 4002 3903 4066 Scriptura
3941 3999 4016 4052 sit

2426 4104 2532 4169 via,
2593 4103 2795 4156 veritas
2843 4110 2897 4155 et
2939 4102 3046 4153 vita
3077 4102 3138 4153 'z
3180 4098 3306 4166 quid
3350 4098 3569 4157 mirum,
3617 4095 3661 4147 si
3727 4094 3804 4149 hi.
3849 4093 3942 4156 qui
3981 4107 4011 4143 a

2427 4205 2576 4249 recta
2605 4195 2687 4247 via
2720 4192 3071 4249 aberrarunt.
3107 4190 3160 4242 in
3199 4189 3384 4241 varios
3425 4185 3707 4239 anfractus
3763 4199 4019 4236 errores-

2425 4298 2533 4352 que
2561 4281 2926 4334 deciderunt?
2957 4279 3066 4332 lter
3091 4279 3236 4331 enim
3268 4288 3475 4330 rectum
3508 4291 3674 4327 unum
3707 4284 3814 4335 est,
3846 4291 3872 4324 a
3907 4288 4017 4339 quo

2425 4375 2469 4428 si
2503 4375 2631 4441 quis
2668 4372 2978 4434 deﬂexerit,
3017 4387 3239 4424 necesse
3290 4379 3373 4422 est
3410 4370 3554 4420 hunc
3607 4369 3772 4419 etiam
3816 4368 4016 4418 nolen-

2426 4476 2532 4518 tem
2569 4466 2778 4535 magnis
2812 4465 3104 4527 del'atigari
3141 4465 3445 4518 laboribus.
3479 4470 3533 4512 et
3562 4475 3656 4528 per
3679 4458 3834 4509 devia
3861 4472 4016 4526 que-

742 4570 938 4626 tulam,
973 4560 1116 4614 haud
1146 4563 1385 4630 amplius
1427 4564 1480 4616 in
1516 4565 1688 4616 Deum
1719 4567 1919 4632 ipsum,
1944 4583 1972 4620 a
1998 4584 2109 4635 quo
2133 4580 2317 4623 creata
2355 4555 2397 4609 ί)
2428 4572 2533 4625 (Ille
2566 4566 2850 4626 vagantem
2891 4557 3274 4623 ιιιιιιιίριίι·ίιυι·
3309 4569 3521 4608 errat"?-

743 4661 882 4713 .-rat,
922 4668 981 4707 se
1022 4653 1287 4708 intuendo
1327 4665 1421 4708 aut
1470 4657 1804 4724 sper-olanrlo
1835 4662 2130 4714 convertit.
2173 4661 2320 4714 Solis

747 4747 912 4812 igitur
958 4747 1320 4800 sensibilibus
1377 4750 1767 4817 circnmsepta,
1813 4767 1876 4804 ac
1925 4753 2081 4804 vanis
2131 4754 2317 4806 xzeetili

743 4837 968 4890 delinita
1000 4837 1278 4891 illecebris
1307 4837 1476 4890 Deum
1516 4840 1568 4892 in
1612 4843 1896 4908 corporeis
1930 4843 2187 4896 sensibus
2219 4846 2320 4898 lin-

745 4945 900 4992 gens,
945 4928 1108 4984 rebus
1135 4929 1427 4984 mundanis
1459 4945 1521 4984 ac
1578 4934 1962 4998 corporalibus
1995 4934 2084 4987 Dei
2121 4951 2317 5007 nomen

749 5023 952 5088 posuit,
976 5030 1142 5092 atque
1174 5039 1235 5077 ea
1260 5025 1374 5078 sola
1404 5025 1586 5077 colere
1615 5026 1803 5092 coepit,
1825 5027 1877 5078 in
1902 5029 2102 5091 quibus
2129 5006 2318 5081 errore

746 5115 974 5167 seducta
1030 5130 1216 5168 veram
1289 5116 1502 5182 putavit
1569 5131 1695 5170 esse
1764 5115 2106 5171 felicitatem.
2179 5119 2321 5174 llinc

744 5209 948 5259 trtbera
992 5217 1045 5260 et
1103 5221 1250 5272 aera,
1308 5223 1542 5275 quotque
1605 5209 1657 5261 in
1709 5210 1788 5261 eis
1841 5221 1988 5273 sunt,
2048 5211 2317 5265 elementa

742 5317 963 5370 quoque
988 5309 1041 5355 et
1076 5300 1372 5369 qualitates
1404 5315 1587 5353 rerum
1617 5301 2011 5368 corporalium,
2066 5304 2322 5358 calidita«

747 5405 853 5448 tem
877 5394 1086 5447 scilicet
1114 5402 1167 5446 et
1195 5392 1574 5462 l'rigiditatem,
1597 5394 1980 5448 humiditatetn
2001 5410 2064 5450 ac
2097 5396 2321 5450 siccita-

750 5498 856 5540 tem
889 5486 1024 5540 deos
1060 5486 1387 5554 appellavit;
1427 5501 1492 5540 ac
1528 5489 1607 5539 sic
1641 5488 1901 5556 paulatim
1933 5504 1996 5542 ex
2035 5489 2322 5544 erroribus

748 5593 966 5632 errores
1019 5578 1310 5634 inveniens
1350 5577 1637 5633 hominum
1675 5579 1945 5648 imagines
2001 5581 2201 5650 partim
2235 5583 2320 5635 vi-

747 5670 1012 5736 ventium,
1035 5671 1234 5739 partim
1253 5670 1367 5742 jam
1392 5671 1777 5728 defunctorum
1801 5671 2000 5728 divinis
2023 5673 2320 5729 honoribus

826 5854 840 5880 ³
866 5850 1019 5908 limat.
1049 5869 1083 5917 ι,
1117 5852 1185 5905 Ξῖ)
1211 5869 1362 5923 seqq.
1444 5853 1463 5882 ⁸
1503 5854 1663 5910 Prov.
1695 5870 1847 5922 xvm,
1873 5855 1924 5909 ὅ.

2504 4649 2602 4702 His
2634 4658 2711 4702 tot
2733 4651 3010 4717 tantisque
3031 4665 3282 4703 errorum
3306 4664 3366 4699 :tc
3391 4645 3714 4699 delictorum
3745 4645 4015 4708 tenebris,

2431 4744 2633 4810 quibus
2669 4752 2840 4801 totum
2893 4744 3196 4795 humanum
3226 4756 3401 4809 genus
3451 4740 3825 4796 detioeltatnr.
3892 4749 4018 4789 tan-

2429 4835 2552 4890 dem
2590 4851 2918 4902 compassus
2957 4836 3250 4888 miserator
3280 4842 3334 4885 et
3371 4832 3688 4884 misericors
3725 4829 4016 4891 Dominus,

2428 4943 2494 4982 eo
2527 4939 2796 4998 tempore,
2833 4943 2942 4996 quo
2967 4926 3137 4994 ipsius
3169 4924 3549 4978 inscrotabilis
3584 4923 3862 4990 sapientia
3897 4922 4017 4973 rlis-

2428 5022 2651 5089 posuit,
2706 5020 2864 5073 nobis
2920 5019 3137 5072 tandem
3209 5032 3539 5070 succurrere
3591 5031 3653 5067 ac
3714 5016 4019 5067 subvenire

2427 5114 2686 5183 dignatus
2721 5123 2827 5166 est.
2865 5111 2931 5165 Et
2968 5122 3026 5164 ut
3062 5126 3127 5164 eo
3159 5111 3377 5180 dignior
3430 5117 3598 5176 atque
3652 5107 4018 5160 excellentior

2426 5217 2575 5259 esset
2631 5204 3020 5259 subventionis
3076 5203 3308 5262 modus,
3377 5215 3489 5268 quo
3545 5213 3642 5266 per
3700 5198 4014 5264 digniorem

2428 5299 2781 5353 Mcdiatorem
2813 5299 2989 5356 ﬁeret.
3021 5312 3126 5349 non
3171 5295 3449 5362 angelum,
3481 5307 3587 5346 non
3629 5291 3931 5350 hominem,
3958 5301 4020 5342 ut

2427 5393 2691 5455 diximus,
2726 5393 2790 5443 ad
2825 5406 2923 5445 nos
2959 5391 3132 5452 misit,
3169 5398 3227 5441 ut
3255 5389 3339 5441 his
3373 5403 3470 5440 nos
3495 5386 3781 5439 erroribus
3810 5385 4017 5437 libera-

2430 5493 2532 5549 ret,
2564 5484 2658 5540 sed
2694 5482 2891 5536 Filium
2925 5499 3084 5536 suum
3120 5483 3486 5550 unigenitum,
3523 5495 3686 5547 quem
3731 5489 3791 5530 ut
3824 5477 4019 5529 nobis-

2427 5593 2550 5632 cum
2579 5586 2748 5642 esset,
2785 5587 2840 5630 ιιι
2868 5577 3160 5630 nobiscum
3193 5575 3426 5634 viveret,
3464 5572 3625 5626 nobis
3660 5571 4012 5639 loqueretur,

2428 5681 2482 5726 et
2517 5671 2658 5726 hanc
2694 5670 3100 5726 sanctissimam
3134 5669 3308 5737 legem
3335 5674 3390 5721 et
3413 5664 3723 5721 doctrinam
3758 5661 4012 5716 veritatis

2004 5853 2022 5884 '
2057 5852 2214 5908 Joau.
2247 5869 2358 5917 xtr,
2391 5854 2443 5906 6.
