4188 6436
157 384 261 452 ΥΠ

1044 389 1143 450 DE
1188 388 1617 451 RELIGIONE
1647 387 2125 450 CHRISTIANA
2166 387 2569 449 LlBELLUS.

3326 380 3447 446 278-

161 498 433 561 traderet,
466 511 697 567 eamque
737 499 902 553 verbo
954 506 1010 553 et
1059 499 1315 568 exemplo
1367 499 1747 559 conﬁrmaret.
1786 502 1826 554 Α
1860 516 1967 568 pne
2000 499 2302 571 fragilitate
2344 507 2561 561 nostra,
2585 505 2639 552 et
2672 497 2923 552 humanae
2971 502 3182 549 natura
3235 506 3451 547 corrur

162 604 335 643 carne
390 588 571 643 induit
612 588 853 642 humana
903 591 957 643 in
995 597 1154 645 ntero
1212 590 1492 661 virginali,
1549 603 1609 647 ut
1670 598 1751 653 sic

164 692 374 747 novus,
410 692 465 736 et
501 680 856 747 miracttlose,
886 696 950 736 ac
996 689 1195 750 praeter
1227 683 1476 737 ordinem
1540 694 1754 741 natura:

165 781 355 839 natus,
376 788 486 827 non
510 774 922 835 homotantum,
945 790 1044 829 nec
1064 777 1206 829 Deus
1228 784 1468 841 tantum,
1489 778 1585 833 sed
1611 778 1753 834 Dens

164 874 224 919 et
254 865 448 928 homo,
480 879 681 919 novam
723 865 887 929 hanc,
917 866 1135 932 miram,
1156 874 1211 921 et
1232 868 1390 937 quasi
1422 880 1757 939 supernatu-

166 959 337 1013 ralem
388 960 562 1027 legem
593 957 857 1013 omnibus
888 957 1203 1014 hominibus
1240 960 1596 1029 praedicaret,
1620 962 1753 1017 illit—

166 1050 518 1126 minaretque
561 1050 876 1104 mortalium
916 1061 1152 1115 mentes,
1192 1066 1399 1120 eosque
1433 1054 1758 1120 doceret,et

166 1141 380 1197 relictis
406 1158 656 1197 errorum
688 1142 933 1198 tenebris
983 1157 1048 1197 ac
1094 1153 1453 1214 peccatorum
1480 1140 1757 1204 illecebris

166 1236 440 1304 falsisque
476 1236 893 1302 blandimentis,
926 1237 1160 1293 virtutes
1183 1239 1673 1306 amplecterentur,
1702 1248 1757 1294 et

166 1327 579 1380 deducerentur
606 1343 830 1397 quoque
878 1328 945 1381 ad
994 1329 1106 1382 veri
1155 1322 1247 1383 Dei
1301 1326 1694 1400 cognitionem,
1727 1350 1754 1384 a

168 1435 303 1488 quo,
339 1429 395 1473 et
423 1421 583 1487 cujus
615 1435 781 1475 causa
815 1420 1022 1476 conditi
1066 1431 1290 1487 essent;
1330 1440 1490 1492 quem
1532 1424 1754 1479 tandem

168 1507 457 1577 cognitum
513 1517 628 1562 toto
665 1510 854 1572 corde,
916 1517 1029 1564 tota
1084 1519 1265 1566 mente
1325 1512 1640 1581 diligerent,
1703 1525 1759 1569 et

170 1612 367 1654 sancto
398 1616 462 1653 ac
498 1594 698 1654 devoto
728 1602 1004 1656 sacritieio
1034 1603 1407 1670 houorarent;
1447 1605 1498 1660 ei
1535 1605 1756 1661 demum

165 1692 375 1760 jugitct‘
417 1680 748 1758 servientes,
780 1696 1127 1751 ambulantes
1172 1713 1395 1766 quoque
1450 1699 1504 1753 in
1545 1700 1760 1755 semitis

172 1770 561 1835 mandatorum
594 1785 735 1848 eius,
763 1783 829 1837 ad
858 1794 1121 1839 aeternam
1161 1786 1306 1839 illam
1338 1787 1756 1846 beatitudinem.

171 1874 485 1929 ccelestinm
536 1890 760 1944 quoque
809 1879 1097 1947 spirituum
1159 1881 1499 1934 consortium
1549 1881 1757 1949 dignis~

173 1968 313 2021 sitne
336 1979 674 2021 vocarentur
704 1985 718 2023 :
764 1970 853 2022 ubi
888 1971 1192 2025 secundum
1247 1972 1570 2040 Apostolutn
1597 1975 1616 2006 ⁸
1649 1988 1758 2027 non

174 2075 272 2129 per
302 2060 590 2129 speculum
621 2061 673 2114 in
714 2063 1021 2131 aenigmate.
1062 2064 1227 2119 veluti
1275 2065 1330 2119 in
1387 2065 1489 2119 hoc
1535 2065 1757 2129 sarculo,

176 2154 270 2209 sed
314 2155 558 2207 revelata
594 2154 734 2210 facie
769 2156 1012 2209 divinam
1060 2157 1208 2211 illam
1250 2159 1591 2228 majestatem
1635 2175 1765 2215 con-

173 2244 616 2314 templahiinur;
661 2247 713 2300 in
747 2262 856 2317 quo
887 2264 1157 2303 summam
1204 2264 1327 2304 esse
1361 2250 1604 2305 hominis
1638 2250 1761 2305 feli-

174 2342 402 2396 citatem
436 2342 879 2413 immensamque
920 2346 1272 2410 voluptatem,
1317 2363 1476 2401 nemo
1511 2347 1614 2401 nisi
1648 2365 1764 2402 ma—

176 2431 323 2483 xime
357 2430 593 2486 demens
626 2434 990 2489 inliciabitur.
1045 2432 1171 2490 Haec
1202 2445 1285 2491 est
1338 2436 1502 2506 hujus
1558 2447 1764 2494 nostra:

175 2526 508 2595 evangelicae
537 2527 852 2583 traditionis
884 2544 1139 2597 summa;
1183 2530 1236 2585 iit
1282 2531 1382 2585 hoc
1427 2532 1543 2586 sola
1589 2534 1763 2602 ipsius

178 2619 262 2673 vis
294 2621 535 2689 pendet;
590 2620 655 2673 ad
690 2623 791 2674 hoc
822 2623 941 2687 ejus
971 2632 1099 2676 sunt
1136 2633 1244 2677 tam
1277 2634 1565 2693 pra'cepta.
1597 2642 1761 2696 quam

177 2712 412 2764 consilia
465 2713 765 2764 instituta:
803 2713 893 2767 hic
956 2714 1188 2782 piissimi
1241 2722 1294 2768 et
1351 2717 1766 2779 clementissimi

178 2801 523 2870 legislatOris
563 2804 737 2856 nostri
772 2803 936 2871 linis;
976 2805 1090 2860 haec
1123 2806 1357 2860 intentio
1386 2825 1397 2865 ;
1451 2807 1552 2863 hoc
1587 2808 1702 2874 ipso
1737 2824 1765 2861 a

179 2893 341 2945 nobis
376 2910 474 2959 per
506 2891 858 2961 Uuigenituiu
896 2912 1083 2960 situm,
1138 2915 1299 2965 quen
1362 2900 1428 2953 ad
1486 2899 1764 2954 ferendam

182 2984 325 3036 bane
357 2986 536 3055 lrgem
568 2988 739 3043 misit.
797 2989 1072 3042 instanter
1111 3002 1318 3055 monet,
1355 2992 1632 3053 Imitatur,
1668 3008 1766 3054 no-

179 3075 354 3128 suilat
408 3087 461 3129 et
495 3077 766 3146 requirit;
801 3089 855 3130 ut
882 3080 971 3147 qui
1006 3081 1247 3133 creando
1276 3092 1473 3135 cuncta
1505 3099 1567 3138 ex
1597 3085 1769 3137 nihilo

1856 596 1998 664 ptela
2032 596 2452 659 amitteremus,
2501 594 2555 649 in
2586 602 2773 649 nostra
2805 602 2952 648 esset
2978 598 3255 662 potestate
3281 591 3441 643 illaut-

1852 702 1952 759 per
1975 690 2088 742 ha-c
2113 688 2378 743 salutaria
2411 687 2723 756 adiumenta
2762 700 3105 753 recuperare.
3145 684 3219 737 Ea
3251 691 3437 737 autem

1854 790 1985 836 sunt
2026 780 2195 833 lucc:
2254 778 2586 848 baptistnus,
2648 776 2995 849 penitentia,
3064 775 3438 840 conﬁrmatio,

1853 873 2215 934 eucharistia.
2259 871 2693 931 matrimonium.
2736 871 2893 935 ordo,
2936 877 2995 924 et
3039 878 3282 922 extrema
3329 884 3438 921 tin-

1855 966 1991 1022 ctio.
2026 962 2233 1019 [lorum
2294 974 2446 1019 tanta
2483 973 2569 1019 est
2623 963 2727 1026 vis,
2776 972 2924 1018 tanta
2964 970 3235 1031 potestas,
3276 968 3335 1015 ut
3388 960 3436 1013 si

1860 1058 1963 1113 rite
2017 1071 2083 1111 ac
2145 1055 2391 1126 legitime
2463 1054 2943 1116 administrentur,
3013 1053 3082 1105 ab
3133 1051 3285 1106 omni
3335 1065 3436 1104 nos

1858 1151 2081 1207 valeant
2158 1150 2417 1219 quamvis
2468 1147 2660 1202 lethali
2726 1146 2956 1202 vulnere
3009 1160 3072 1200 ac
3126 1143 3439 1214 pernicioso

1861 1245 2056 1300 morbo
2084 1259 2305 1310 curare,
2354 1252 2410 1298 et
2466 1242 2853 1311 pulcherrime
2908 1240 3206 1296 valetudini
3273 1238 3439 1294 resti-

1859 1348 2031 1393 tuere.
2063 1335 2187 1391 Haec
2213 1346 2397 1391 autem
2429 1335 2612 1388 omnia
2636 1334 3006 1390 consideranti
3041 1332 3192 1394 mihi,
3230 1347 3293 1386 ac
3318 1347 3443 1399 per-

1861 1447 2003 1500 saepe
2044 1432 2128 1500 pie
2158 1440 2327 1499 atque
2362 1427 2617 1497 religiose
2650 1430 2835 1481 animo
2866 1418 3191 1487 revolventi,
3226 1424 3440 1478 nullum

1862 1524 2078 1580 videtur
2110 1523 2313 1588 majus,
2350 1521 2561 1573 nullum
2608 1517 3137 1585 mirabilius,,quam
3187 1515 3463 1582 corporis-

1861 1625 1920 1672 et
1955 1614 2243 1684 sanguinis
2280 1612 2490 1669 Domini
2528 1618 2957 1671 saerameutnm,
2984 1608 3136 1678 quod
3182 1604 3442 1661 euchari-

1863 1707 2023 1762 stiam
2078 1720 2339 1759 vocamus
2384 1702 2596 1769 :cujns
2660 1699 3024 1769 speculatioui
3083 1698 3301 1767 quoties
3356 1695 3444 1751 in-

1865 1799 2049 1859 tendo,
2091 1796 2253 1849 toties
2287 1795 2481 1847 mirum
2519 1795 2570 1846 in
2613 1792 2835 1846 modum
2871 1791 3225 1857 obstupesco,
3279 1796 3451 1859 atque

1867 1905 1975 1959 pra!
2004 1896 2170 1942 tanta:
2201 1888 2277 1939 rei
2321 1885 2620 1947 suavitate,
2666 1884 2913 1938 animum
2980 1892 3133 1937 extra
3199 1897 3259 1936 se
3312 1878 3447 1935 ferri

1864 1996 2181 2050 cognosco:
2219 1979 2364 2047 quod
2415 1978 2729 2044 cuicunque
2788 1983 2994 2029 attente
3054 1972 3439 2028 consideranti

1864 2074 2088 2131 evenire
2124 2088 2290 2141 posse
2323 2085 2432 2126 non
2467 2068 2687 2124 dubito.
2715 2067 2853 2134 Quis
2882 2066 3046 2121 enim
3092 2080 3199 2120 non
3231 2078 3446 2119 summe

1864 2164 2251 2227 adinirabitur,
2287 2177 2410 2218 eum
2446 2160 2598 2215 audit
2625 2160 2997 2215 substantiam
3025 2154 3443 2224 corruptibilem

1866 2256 2023 2327 panis
2050 2265 2105 2308 et
2137 2253 2247 2306 vini
2280 2253 2333 2305 in
2366 2266 2556 2305 verum
2611 2249 2823 2304 Domini
2861 2248 3035 2303 nostri
3071 2246 3202 2301 Jesu
3234 2243 3446 2299 Christi

1867 2363 2093 2417 corpus,
2127 2354 2182 2402 et
2215 2345 2542 2414 sanguinem
2578 2342 2887 2398 sacerdotis
2920 2338 3228 2393 ministerio
3259 2344 3447 2390 trans-

1868 2440 2112 2498 mutari?
2145 2453 2271 2495 ctttn
2320 2437 2487 2491 lectio
2526 2434 2617 2487 illa
2671 2431 2990 2499 evangelica
3051 2429 3168 2483 suis
3222 2427 3467 2481 auribus»

1868 2536 2082 2589 intonat
2120 2548 2133 2585 :
2167 2529 2294 2584 Nisi
2326 2526 2657 2581 comederitis
2694 2541 2904 2578 carnem
2944 2522 3073 2577 I'ilii
3114 2521 3343 2574 hominis
3393 2528 3445 2573 et

1868 2624 2180 2693 sanguinem
2211 2622 2327 2689 ejus
2360 2618 2623 2680 biberitis,
2651 2633 2757 2669 non
2780 2615 3042 2668 habebitis
3072 2615 3232 2667 vitam
3276 2612 3329 2664 in
3357 2628 3447 2665 vo-

1871 2719 1947 2771 bis
1980 2718 2021 2770 '.
2053 2716 2117 2769 Et
2146 2714 2275 2768 alibi
2314 2732 2327 2767 :
2367 2712 2535 2774 Caro,
2572 2711 2770 2779 inquit,
2799 2725 2909 2761 mea
2941 2723 3051 2760 vere
3080 2718 3155 2758 est
3201 2705 3375 2765 cibus,
3400 2714 3448 2756 et

1870 2809 2088 2877 sanguis
2117 2823 2261 2860 uicus
2294 2821 2408 2859 vere
2442 2814 2519 2857 est
2552 2812 2747 2871 potus;
2790 2802 2881 2871 qui
2930 2799 3219 2853 manduca:
3279 2811 3451 2849 meam

1871 2917 2106 2961 carnem,
2140 2908 2190 2951 et
2240 2898 2368 2951 bibit
2405 2912 2575 2950 meum
2606 2895 2945 2964 sanguinem,
2980 2894 3032 2946 in
3071 2908 3150 2944 me
3177 2898 3352 2944 manet
3400 2901 3452 2943 et

1869 3010 1963 3064 ego
1988 2996 2041 3047 in
2067 3010 2127 3047 eo
2153 2992 2199 3045 ⁸.
2232 2991 2431 3058 Stupet
2468 2988 2726 3058 profeCIo
2764 2989 3041 3040 humanus
3081 2984 3335 3046 animus,
3367 2989 3453 3042 at-

1872 3103 1980 3158 que
2002 3087 2066 3140 ad
2096 3086 2232 3138 tales
2262 3098 2546 3137 sermones
2573 3092 2716 3136 totus
2741 3079 3146 3138 contremiscit,
3175 3085 3457 3145 tantaeque

179 3181 341 3221 suam
377 3169 619 3223 maxime
659 3171 1115 3241 omnipotentiam
1145 3176 1407 3235 ostendit,
1443 3166 1765 3243 sapientiam
1795 3184 1840 3246 (ζ
1876 3181 1950 3235 rei
1981 3179 2343 3234 admiratione.
2372 3178 2697 3247 plerumque
2746 3184 2904 3227 extra
2956 3187 3013 3227 se
3048 3171 3242 3224 fertur.
3278 3168 3455 3223 Cum—

181 3272 315 3311 vero
348 3268 539 3312 creata
600 3270 757 3314 tanto
813 3264 1009 3315 ordine
1074 3264 1311 3333 regendo
1361 3277 1528 3335 atque
1572 3268 1771 3335 guber-

183 3352 412 3415 nando;
477 3367 581 3406 nos
628 3353 846 3406 tandem
878 3374 906 3407 a
941 3356 1180 3423 peccatis
1236 3365 1290 3411 et
1351 3358 1635 3413 erroribus
1671 3359 1772 3413 hoc

185 3442 431 3495 mirabili
462 3445 621 3497 modo
641 3445 926 3500 liberando
948 3448 1217 3502 iuliuitain
1243 3466 1397 3504 suam
1423 3453 1770 3507 clementiam

185 3545 352 3602 atque
388 3537 833 3594 misericordiam
863 3540 1294 3597 demonstraret.
1559 3526 1564 3533 ’

258 3628 410 3683 Nihil
463 3630 633 3693 igitur
675 3632 776 3685 hac
807 3643 998 3687 nostra
1052 3635 1366 3689 Christiana
1431 3637 1774 3705 professione

188 3730 373 3790 potest
402 3722 635 3792 reperiri
678 3724 917 3794 dignius.
949 3726 1083 3779 nihil
1114 3728 1452 3797 praeclarius.
1494 3729 1626 3783 nihil
1664 3729 1776 3783 fru-

185 3814 481 3877 ctuosius;
510 3815 624 3868 sive
656 3814 995 3886 legislatoris
1029 3819 1376 3889 dignitatem,
1413 3823 1528 3876 sive
1555 3822 1777 3877 institu-

187 3906 421 3969 tionem,
449 3908 693 3975 ipsaruui
715 3920 769 3962 et
803 3912 1164 3966 traditiOnum
1184 3914 1627 3977 sanctimoniam,
1662 3915 1777 3969 sive

186 4010 413 4052 aeterna:
451 3999 735 4055 felicitatis
766 4001 1023 4069 gloriam,
1058 4005 1124 4058 ad
1156 4021 1319 4073 quam
1360 4022 1649 4072 vocamur,
1688 4008 1771 4062 di-

190 4092 425 4160 ligenter
455 4092 898 4149 animadvertere
923 4095 1287 4153 voluerimus.
1319 4096 1383 4152 Ut
1406 4110 1585 4154 autem
1618 4101 1775 4167 nihil,

190 4183 335 4251 quod
367 4183 437 4237 ad
466 4184 696 4238 Salutem
728 4194 973 4240 nostram
1010 4188 1287 4256 pertinere
1325 4201 1527 4264 posset,
1556 4192 1778 4260 sapien-

194 4276 448 4329 tissimus
513 4277 793 4345 legislator
858 4282 1340 4348 praetermitteret,
1404 4285 1777 4338 sacratissima

191 4367 449 4433 quaedam
484 4378 834 4422 sacramenta
895 4368 1139 4423 instituit
1189 4379 1394 4424 nostra
1460 4370 1778 4438 fragilitatis

195 4458 439 4512 remedia
493 4459 893 4525 saluberrima,
961 4462 1163 4530 quibus
1211 4463 1375 4516 veluti
1445 4463 1774 4532 quibusdam

1876 3290 1981 3343 que
2010 3282 2118 3328 tam
2158 3272 2433 3327 mirabilis
2490 3269 2822 3325 sacramenti
2873 3267 3193 3334 cognitione
3233 3263 3458 3318 intelle-

1874 3373 2000 3419 ctus
2064 3364 2491 3431 profunditatem
2547 3376 2782 3423 eorum,
2852 3373 2971 3425 qum
3032 3358 3084 3409 iii
3131 3369 3197 3409 eo
3258 3355 3452 3417 latent,

1876 3457 2269 3527 mysteriorum
2294 3455 2532 3510 scrutari
2558 3453 2713 3506 avide
2743 3451 2915 3519 rupit,
2937 3458 3210 3503 tantorum
3233 3459 3457 3500 arcano-

1878 3561 1998 3600 rum
2024 3545 2404 3611 magnitudine
2436 3558 2662 3612 prcssus
2692 3543 2745 3595 iu
2778 3543 2901 3610 ipso
2935 3549 3134 3593 conatu
3193 3551 3455 3592 succum-

1879 3637 2039 3698 bens.
2073 3637 2218 3703 quod
2249 3636 2435 3689 minus
2466 3634 2705 3703 perfecte.
2736 3632 3014 3703 intelligit.
3047 3628 3455 3699 quummaxime

1878 3729 2208 3795 admiratur,
2250 3728 2443 3783 dicens
2468 3744 2590 3781 cum
2622 3726 2896 3795 Pmpheta
2938 3743 2950 3778 :
2989 3722 3304 3778 Memoriam
3333 3720 3458 3787 fecit

1881 3821 2210 3875 mirabilium
2256 3837 2475 3874 suorum
2508 3821 2789 3873 miseratur
2815 3828 2862 3872 et
2915 3817 3214 3871 misericors
3273 3813 3459 3868 Domi-

1882 3928 2004 3977 nus,
2045 3928 2214 3964 escam
2245 3911 2389 3965 dedit
2423 3911 2733 3964 timentibus
2765 3927 2819 3963 se
2848 3911 2890 3962 '.
2942 3907 3004 3961 Et
3057 3905 3307 3975 profecto
3340 3918 3459 3958 om-

1882 4018 2009 4057 nem
2044 4003 2465 4056 admirationem
2502 4001 2745 4061 excedit,
2776 4003 2957 4054 omnia
2991 3999 3265 4053 mirabilia
3294 4012 3460 4066 supe-

1880 4105 1989 4158 rat,
2018 4098 2146 4163 quia
2177 4094 2281 4147 sub
2333 4094 2526 4147 modici
2565 4094 2721 4161 panis
2760 4100 2815 4146 et
2848 4092 2953 4144 vini
3010 4092 3214 4160 specie.
3266 4104 3456 4142 verum

1882 4187 2092 4242 Christi
2130 4203 2339 4256 corpus
2385 4193 2441 4240 et
2490 4188 2716 4265 sanguis
2761 4200 2791 4238 a
2835 4184 3091 4238 ﬁdelibus
3150 4184 3459 4237 communi-

1884 4278 2063 4333 cando
2136 4278 2391 4331 sumitur.
2464 4274 2619 4331 Unde
2681 4290 2810 4330 cum
2856 4275 3166 4327 tliiinorum
3230 4286 3457 4339 operum

1886 4371 2320 4439 magnitudinem
2349 4368 2665 4428 considero.
2692 4369 2794 4421 hoc
2816 4382 3028 4421 summe
3053 4364 3457 4426 admirandum,

1888 4462 2282 4527 venerandum,
2322 4471 2485 4527 atque
2514 4476 2711 4528 magno
2758 4476 2882 4514 cum
2935 4472 3170 4512 tremore
3212 4465 3457 4510 tractan-

195 4550 643 4615 medieamentis,
667 4551 869 4607 nostris
907 4564 1093 4621 posset
1121 4554 1532 4608 inlirmitatibus
1568 4555 1770 4609 Subve-
1805 4531 1859 4590 Ῑ)
1889 4555 2016 4608 dum
2047 4568 2266 4606 censeo.
2306 4551 2642 4605 Adtnirabile
2693 4550 2966 4618 siquidem
3027 4557 3083 4601 et
3130 4549 3457 4618 praeclarum

196 4644 339 4697 nire.
378 4640 536 4695 Sicut
574 4643 718 4695 enim
770 4659 877 4697 non
933 4645 1134 4699 Sul'licit
1186 4646 1398 4700 medico
1432 4648 1658 4716 depulsa
1678 4649 1780 4701 nd-

200 4749 361 4788 rersa
419 4735 734 4787 valetudine
770 4736 967 4788 bonam
1024 4736 1310 4799 inducere,
1372 4739 1474 4792 nisi
1535 4738 1779 4792 remedia

197 4842 425 4897 quoque
478 4826 568 4880 illa
600 4827 884 4890 adhibeat,
942 4829 1145 4895 quibus
1205 4837 1259 4881 ct
1317 4829 1570 4882 valetudo
1638 4829 1777 4883 bona

197 4930 583 4981 conservetur,
624 4928 679 4972 et
704 4920 748 4974 si
781 4918 1001 4989 quando
1034 4922 1257 4973 morbus
1286 4920 1562 4985 inciderit,
1589 4920 1782 4973 adver-

197 5029 296 5068 sus
330 5013 489 5067 illum
547 5011 750 5066 debitis
790 5012 1208 5066 medicamentis
1259 5012 1658 5082 provideatur:
1701 5012 1783 5067 sic

196 5120 455 5163 summus
488 5105 578 5159 ille
634 5114 690 5159 et
740 5105 1086 5172 omnipotens
1131 5104 1293 5168 Deus,
1338 5120 1511 5173 neque
1563 5104 1786 5159 infinitae

198 5194 492 5264 sapientiae
512 5209 647 5255 suae,
690 5209 866 5261 neque
896 5194 1057 5249 saluti
1089 5206 1290 5249 nostra:
1315 5196 1532 5249 abunde
1561 5195 1787 5250 satisfa-

198 5295 351 5342 ctum
383 5301 509 5340 esse
542 5284 896 5348 existimavit,
930 5287 975 5340 si
1011 5301 1111 5340 uos
1144 5294 1354 5339 tantum
1409 5302 1504 5355 per
1552 5288 1783 5355 gratiam

200 5393 361 5433 suam
401 5392 431 5429 a
468 5376 619 5431 vitiis
647 5377 712 5429 ad
754 5378 1038 5437 virtutem,
1085 5377 1156 5432 ab
1188 5376 1472 5431 erroribus
1532 5378 1598 5432 ad
1641 5377 1782 5431 viain

200 5470 459 5526 veritatis
487 5478 757 5532 vocasset,
788 5468 894 5522 nisi
925 5479 976 5522 et
1012 5468 1253 5523 remedia
1289 5468 1625 5533 invenisset,
1662 5469 1789 5538 qui-

203 5567 307 5619 bus
342 5562 513 5618 veluti
556 5560 885 5630 quibusdam
923 5560 1275 5615 adminiculis
1332 5558 1476 5615 hanc
1532 5575 1686 5614 suam
1731 5562 1788 5617 in

204 5656 369 5712 nobis
393 5654 631 5728 gratiam
662 5668 1013 5711 servaremus
1045 5671 1058 5708 :
1093 5662 1147 5709 et
1178 5653 1362 5721 euasi,
1396 5652 1615 5711 uuandc
1642 5652 1786 5708 illam

1892 4644 1993 4699 fitit
2024 4644 2165 4697 hanc
2197 4643 2384 4696 mundi
2420 4644 2725 4696 machinatu
2754 4651 2830 4696 tot
2858 4638 3120 4696 cteloruin
3154 4642 3461 4694 elemento-

1890 4749 2121 4802 rumque
2154 4733 2407 4802 sphmris,
2460 4743 2539 4785 tot
2571 4733 2912 4786 diversarum
2968 4748 3152 4785 rerum
3197 4731 3463 4784 varietate

1890 4838 2140 4880 ornatum
2174 4840 2385 4889 creare,
2438 4840 2546 4878 non
2589 4825 2760 4879 solem
2789 4825 2920 4886 diei,
2955 4825 3137 4878 lunam
3171 4838 3234 4876 ac
3270 4824 3463 4895 stellas

1894 4917 2039 4970 nocti
2082 4917 2383 4984 praeﬁcere,
2413 4915 2756 4981 distinguere
2803 4922 3072 4983 tempora,
3100 4914 3365 4967 ccelorum
3400 4928 3466 4967 ac

1891 5008 2137 5062 siderum
2178 5022 2377 5060 cursus
2405 5015 2691 5075 motusque
2730 5006 3050 5073 disponere,
3089 5004 3466 5058 ἰιηιιιιηθηιιίέ

1892 5098 1961 5151 lia
2000 5096 2197 5151 deinde
2232 5095 2436 5159 avium,
2476 5097 2737 5164 piscium,
2772 5096 3228 5163 terrestriumque
3256 5096 3463 5149 anima-

1891 5186 2044 5252 lium,
2083 5187 2342 5240 arborum
2367 5199 2585 5254 queque
2614 5201 2677 5239 ac
2697 5185 2996 5249 fructuum,
3034 5196 3466 5255 ceterarumque

1893 5294 2073 5332 rerum
2099 5293 2299 5347 genera
2324 5276 2393 5332 ad
2416 5278 2699 5332 hominum
2733 5291 2916 5339 usum,
2944 5276 3089 5329 hunc
3120 5278 3169 5328 in
3201 5275 3465 5330 mundqu

1894 5371 2215 5436 producere,
2252 5370 2525 5423 hominem
2567 5369 2748 5436 ipsum
2778 5370 2993 5422 demum
3028 5384 3055 5421 a
3094 5370 3314 5424 caeteris
3344 5368 3467 5421 ani-

1899 5463 2185 5516 mantibus
2204 5462 2435 5517 rationis
2463 5470 2516 5516 et
2547 5461 2822 5517 sermonis
2860 5460 3124 5539 dignitate
3154 5476 3466 5515 secernere.

1898 5556 2004 5611 Sed
2026 5571 2149 5610 cum
2181 5571 2266 5611 me
2282 5555 2350 5610 ad
2380 5555 2542 5623 huius
2568 5556 2816 5626 corporis
2868 5563 2924 5610 et
2958 5555 3243 5624 sanguinis
3276 5568 3467 5608 sacra-

1905 5656 2148 5704 mentum
2202 5656 2493 5711 converto,
2530 5647 2665 5701 nihil
2700 5648 2833 5703 milii
2864 5645 3083 5704 videtur
3135 5645 3465 5706 mirabilius,

282 5830 348 5887 οι
377 5830 508 5889 Cor.
534 5847 651 5898 xm,
683 5827 779 5896 is;
818 5829 857 5887 ll
890 5828 1014 5887 Cor.
1041 5843 1125 5895 ιιι,
1154 5827 1236 5885 l8.
1318 5826 1522 5885 'Joao.
1563 5845 1633 5895 vr,
1676 5798 1767 5882 si;

1900 5827 2032 5882 Ibid.
2066 5825 2157 5892 56,
2188 5822 2275 5881 57.
2360 5828 2379 5857 ’
2404 5824 2547 5880 Psal.
2582 5838 2674 5890 cx,
2710 5824 2763 5878 4.
