4188 6436
714 364 819 427 279

1944 370 2059 426 Ειί
2080 369 2167 425 l’ll
2186 366 2342 423 .-\.\'ll
2398 362 2745 423 .‘lONACHl

3878 353 3991 419 2&0

714 481 847 531 mhil
888 479 1236 533 veneratione
1270 478 1511 549 dignius,
1545 481 1677 533 nihil
1711 483 1963 535 sanctius
1998 493 2157 550 atque
2185 484 2283 535 dc-
2318 490 2357 540 Α
2396 480 2606 533 homini
2640 478 2924 533 visitantes
2944 471 3154 529 caelesti
3192 471 3395 541 pabulo
3430 470 3659 524 recreati
3697 470 3986 524 ﬁdeliores

718 572 895 624 \GllllS
928 572 1402 638 pertractandum.
1462 574 1655 639 inquo
1718 572 1949 626 Creator
2016 584 2288 628 creatura:

715 664 1089 733 conjungitnr,
1124 666 1503 735 corruptibilis
1542 666 1855 720 substantia
1880 669 1930 720 in
1957 668 2293 735 incorrupti-

714 754 879 807 bilem
932 755 1361 818 transfunditur,
1410 767 1464 809 et
1514 761 1619 813 sub
1657 775 1821 828 parva
1866 760 2023 828 panis
2090 770 2144 814 et
2182 760 2290 812 vini

714 848 895 914 specie
928 863 1115 902 rerum
1169 856 1414 903 omnium
1472 852 1736 905 Conditor
1790 854 1928 908 inira
1997 854 2288 907 verborum

714 940 1022 1006 prolatione
1054 943 1401 1009 soppouitnr.
1426 943 1483 997 lit
1508 945 1611 997 hoc
1634 945 1906 1014 siquidem
1942 954 2292 1000 sacramento

715 1030 797 1084 vis
838 1046 902 1083 ac
946 1032 1185 1100 potentia
1250 1042 1458 1087 naturae.
1499 1046 1811 1104 superatur,
1859 1036 2167 1091 communis
2207 1038 2288 1090 lex

716 1123 974 1186 vincitur,
1002 1124 1185 1178 (litina
1221 1129 1455 1181 maxime
1490 1128 1664 1182 virtu;
1695 1129 2021 1194 ostenditur,
2060 1139 2113 1185 et
2143 1131 2289 1185 aliud

712 1230 877 1268 sensu
904 1219 1273 1298 percipimus.
1306 1220 1454 1273 aliud
1488 1220 1590 1274 ﬁde
1631 1230 1853 1275 credere
1883 1224 2285 1292 compellimur.

711 1306 853 1372 Quid
886 1312 1055 1374 enim,
1084 1326 1293 1375 unmso,
1318 1320 1424 1366 tam
1455 1324 1666 1368 natura:
1715 1316 2084 1377 eunti-arium,
2119 1331 2286 1384 quam

714 1401 1016 1456 accidentia
1048 1418 1140 1468 per
1170 1406 1352 1474 seipsa
1383 1409 1501 1459 sine
1534 1408 1787 1477 subjecto
1823 1409 1910 1459 illa
1946 1416 2291 1462 sustentante

711 1495 1032 1563 exsistere?
1068 1496 1205 1550 Cum
1268 1498 1411 1551 enim
1460 1507 1671 1553 natura:
1729 1502 2099 1555 accidentium
2164 1518 2291 1571 pro-

714 1585 894 1654 prium
925 1584 1016 1648 sit,
1054 1592 1114 1638 ut
1148 1585 1306 1639 alteri
1334 1585 1532 1647 insint,
1573 1603 1672 1641 nec
1705 1604 1798 1656 per
1831 1604 1889 1643 se
1923 1589 2141 1658 possint
2177 1588 2286 1641 ulla

712 1675 923 1729 ratione
952 1676 1295 1743 subsistere;
1329 1679 1457 1747 quis
1500 1680 1605 1732 hoc
1647 1681 1981 1748 praecipuum
2041 1680 2289 1750 singula.

711 1783 878 1837 reque
916 1769 1244 1824 miraculum
1282 1786 1391 1824 non
1423 1772 1803 1837 admirabitur,
1829 1758 1920 1826 ubi
1957 1781 2075 1842 post
2105 1788 2291 1826 sacer-

710 1862 857 1916 dotis
887 1864 1365 1919 consecrationem
1391 1874 1476 1919 est
1494 1867 1778 1934 quantitas
1806 1867 1938 1920 nihil
1961 1867 2291 1928 extendens,

702 1948 1021 2010 rotunditas
1074 1956 1211 2010 nihil
1267 1958 1539 2012 circulare
1600 1958 1833 2020 faciens,
1905 1959 2099 2012 albedo
2158 1960 2293 2012 nihil

712 2049 939 2101 omnino
994 2038 1328 2105 albiﬁcans?
1362 2050 1915 2104 Transsubstantiala
1955 2052 2099 2104 enim
2136 2050 2295 2103 mini-

714 2140 883 2194 sterio
909 2141 1214 2196 sacerdotis
1237 2142 1395 2212 panis
1424 2152 1475 2196 et
1508 2142 1618 2195 vini
1650 2143 1958 2195 substantia
1996 2145 2047 2195 in
2078 2141 2285 2197 Christi

712 2246 915 2299 corpus
943 2242 999 2285 et
1031 2232 1383 2300 sanguinem,
1438 2241 1497 2286 nt
1548 2245 1754 2289 nostrae
1815 2236 2100 2305 religionis
2166 2247 2292 2289 vera

713 2332 880 2391 atque
930 2324 1139 2379 illibata
1189 2325 1322 2380 ﬁdes
1382 2325 1645 2394 praedicat
1707 2336 1756 2381 et
1828 2327 2102 2393 afﬁrmat;
2159 2327 2293 2397 quid

710 2425 987 2484 superest,
1021 2417 1168 2487 quod
1209 2418 1576 2486 quantitatem
1620 2430 1714 2472 aut
1769 2419 2109 2487 qualitatem,
2153 2432 2293 2485 quas

711 2507 969 2561 sensibus
1015 2507 1367 2574 percipimus,
1432 2509 1485 2562 in
1547 2524 1605 2562 se
1666 2511 1845 2564 valeat
1900 2511 2183 2578 suscipere
2228 2525 2293 2566 ac

710 2602 1031 2656 sustinere?
1071 2599 1176 2656 Sed
1224 2610 1278 2655 ct
1307 2602 1411 2657 sub
1456 2603 1706 2672 qualibet
1761 2605 1895 2657 tanti
1956 2604 2291 2658 sacramenti

712 2694 985 2760 particula
1040 2696 1273 2765 integer,
1337 2704 1390 2750 et
1434 2705 1582 2751 totus
1638 2706 1721 2750 est
1779 2696 2034 2751 Christus
2099 2716 2112 2751 :
2179 2698 2291 2761 ille,

713 2789 983 2858 inquam,
1041 2796 1095 2843 et
1140 2805 1248 2842 non
1313 2790 1479 2853 alius,
1535 2790 1625 2859 qui
1678 2791 1728 2843 in
1780 2799 1934 2844 utero
1995 2801 2153 2843 natus
2213 2798 2295 2844 est

711 2880 994 2950 virginali,
1053 2882 1147 2951 qui
1180 2882 1326 2935 inter
1363 2882 1616 2937 homines
1654 2884 1802 2936 visus
1836 2891 1889 2937 et
1924 2894 2293 2937 conversatus

711 2982 815 3036 est,
847 2976 937 3045 qui
991 2977 1046 3029 in
1101 2991 1269 3030 cruce
1304 2976 1582 3045 pependit,
1635 2977 1724 3045 qui
1758 2976 1979 3029 demum
2019 2976 2085 3027 ad
2123 2977 2294 3031 cmlos

713 3066 989 3134 gloriOSus
1012 3068 1281 3131 ascendit,
1301 3069 1413 3131 ille,
1430 3068 1676 3139 inquam,
1699 3067 1763 3121 ad
1789 3067 2090 3122 sacerdotis
2103 3083 2293 3122 vocem

2399 572 2821 638 devutiOrcsque
2890 574 3266 621 revertuntur.
3331 564 3412 616 Ad
3478 564 3620 616 hanc
3677 564 3980 618 ecclesiam

2397 663 2644 720 nonnulli
2679 660 3125 715 Christianorum
3161 662 3559 726 persecutores
3614 657 3982 714 accedebant,

2396 767 2582 812 nostra
2611 752 2883 807 sacriﬁcia
2916 750 3237 808 irridentes,
3272 755 3365 800 aut
3392 745 3737 801 Christianos
3772 746 3982 799 ibidem

2395 850 2633 905 orationi
2669 848 2912 902 intentos
2947 842 3369 904 nertnrbantes,
3412 855 3555 910 quos
3591 839 3719 893 inde
3762 839 3988 892 abstra-

2394 953 2515 998 ctos
2566 941 2780 1010 magnis
2838 937 3138 1008 aliquando
3199 935 3422 1003 injuriis
3479 933 3985 1001 peracqnehantur.

2393 1037 2638 1106 Contigit
2663 1044 2872 1099 autem,
2901 1033 3049 1086 inter
3085 1037 3319 1084 caeteros
3343 1027 3538 1081 ducem
3577 1024 3875 1095 quemdam
3916 1039 3983 1077 ac

2393 1128 2700 1198 principem
2765 1125 3066 1180 inﬁdelium
3107 1122 3414 1179 Christiani
3467 1120 3708 1174 nominis
3770 1120 3986 1171 acerri-

2396 1237 2546 1275 ninm
2590 1222 3035 1290 impugnatorcm
3071 1216 3217 1270 hunc
3264 1217 3317 1268 in
3358 1215 3538 1268 locum
3583 1211 3887 1273 divertere,
3923 1224 3986 1263 ut

2395 1313 2577 1369 omnia
2621 1322 2826 1368 nostra:
2863 1311 2998 1380 legis
3044 1308 3314 1362 sacriﬁcia
3365 1322 3431 1361 ac
3484 1305 3847 1359 cmremonias
3880 1319 3982 1353 ex-

2397 1409 2679 1479 ploraret;
2724 1403 2869 1475 quod
2912 1418 3036 1456 cum
3072 1404 3209 1455 alias
3253 1416 3418 1469 smpe,
3470 1408 3587 1453 tum
3632 1412 3699 1451 eo
3742 1397 3987 1449 maxime.

2395 1501 2506 1561 dic,
2563 1514 2727 1568 quem
2796 1496 2868 1551 ob
2932 1493 3240 1549 Salvatoris
3293 1491 3468 1547 nostri
3535 1488 3980 1545 saeratissimam

2397 1608 2523 1646 eum
2552 1590 2844 1659 discipulis
2874 1588 2992 1644 suis
3021 1600 3235 1641 cmuam
3264 1585 3395 1639 colit
3446 1592 3502 1638 et
3541 1590 3839 1637 veneratur
3879 1577 3987 1631 Ec-

2396 1686 2583 1747 clesia,
2618 1685 2673 1738 in
2725 1682 2887 1752 cujus
2938 1680 3259 1735 memoriam
3318 1693 3507 1733 verum
3593 1676 3716 1743 ejus
3771 1686 3980 1742 corpus

2399 1780 2839 1849 sanguinemque
2902 1772 3274 1843 suscipimus,
3334 1771 3401 1825 ab
3461 1770 3583 1840 ipso
3628 1764 3831 1826 edocti,
3884 1761 3981 1830 qui

2400 1890 2525 1929 cum
2564 1874 2618 1926 in
2644 1886 2800 1926 coena
2825 1877 2995 1933 esset,
3036 1880 3341 1934 omnesque
3374 1861 3677 1931 discipulos
3707 1857 3983 1926 corporis.

2400 1975 2454 2023 et
2494 1963 2783 2033 sanguinis
2824 1961 2908 2015 sui
2951 1958 3342 2013 communione
3394 1954 3804 2022 participas-et,
3837 1948 3989 1999 illico

2399 2058 2900 2124 snbjnnxitdicens
2940 2070 2953 2106 :
2992 2051 3108 2106 Hoc
3139 2052 3297 2120 facile
3333 2051 3384 2102 in
3410 2064 3577 2100 meum
3600 2055 3987 2098 commmnom—

2402 2155 2597 2207 tionem
2650 2152 2715 2204 ³ο.
2754 2150 2981 2203 Astabat
3014 2156 3141 2198 ante
3195 2159 3346 2196 aram
3412 2139 3673 2195 sacerdos
3734 2136 3987 2201 singulos

2400 2262 2653 2309 malens,
2694 2251 2752 2297 ιιι
2777 2241 2841 2294 de
2878 2237 3125 2307 peccatis
3158 2234 3543 2305 paenitentiam
3588 2236 3773 2293 agant,
3809 2238 3990 2292 eique

2401 2340 2550 2401 ﬁetu,
2580 2336 2769 2391 dolore
2834 2342 2999 2401 atque
3033 2330 3236 2399 gemitu
3283 2324 3583 2383 redimant,
3630 2331 3680 2373 et
3730 2317 3794 2369 ad
3842 2316 3986 2368 tanti

2399 2429 2731 2489 sacramenti
2759 2425 3167 2493 susceptionem
3202 2420 3415 2488 seipsos
3456 2412 3807 2469 devotissime
3842 2423 3986 2476 prai-

2399 2534 2617 2596 pari-nl,
2664 2531 3048 2586 memorceqne
3080 2516 3191 2567 sint
3234 2511 3533 2564 verborum
3569 2501 3842 2574 Apostnli,
3887 2502 3985 2561 qui

2399 2621 2464 2676 ad
2498 2616 2816 2672 Corinthios
2850 2611 3127 2672 scribens,
3168 2620 3295 2660 cum
3325 2602 3574 2657 excitare
3609 2597 3763 2648 vi-llet
3804 2591 3987 2645 homi-

2401 2730 2529 2768 num
2557 2710 2724 2763 coula
2763 2717 2821 2760 nt
2851 2716 2960 2758 tam
3000 2699 3320 2755 admirabile
3370 2696 3782 2749 Sat-ramentum
3821 2685 3989 2753 digne

2401 2805 2745 2872 susciperent
2794 2819 2805 2853 :
2855 2798 3042 2852 Probe!
3082 2804 3283 2851 mitem,
3315 2786 3517 2856 inquit,
3546 2785 3771 2847 reinsum
3806 2778 3987 2828 homo.

2398 2910 2446 2953 et
2485 2867 2569 2951 sic.
2588 2898 2649 2947 de
2676 2910 2811 2958 parte
2843 2891 2933 2943 illo
2956 2889 3099 2946 edat,
3125 2896 3172 2939 et
3206 2884 3268 2935 de
3299 2881 3461 2934 mlicc
3499 2876 3688 2936 bibat;
3726 2870 3815 2939 qui
3846 2867 3986 2920 enim

2401 2992 2687 3044 manduca!
2731 2994 2777 3037 et
2817 2983 2944 3035 bibit
2980 2973 3504 3047 indigumjttdiciitm
3539 2967 3637 3019 sibi
3692 2961 3986 3016 mandarat

2398 3095 2446 3140 et
2493 3083 2643 3143 bibit,
2699 3096 2797 3131 non
2858 3075 3170 3143 dijudicans
3201 3083 3391 3125 CGT,‘U8
3432 3062 3645 3116 Dontini
3675 3060 3741 3111 ¹¹.
3786 3054 3988 3107 Audie-

713 3157 896 3214 l’atris
946 3159 1227 3213 dexteram
1266 3175 1379 3214 non
1412 3161 1699 3223 deserens,
1755 3160 1859 3215 sub
1893 3159 2055 3230 panis
2087 3168 2290 3221 tamen,
2322 3187 2365 3244 α
2403 3180 2605 3232 1mm“-
2632 3175 2843 3226 ίιιιθτεει
2888 3169 3194 3221 innumera:
3227 3159 3508 3215 orantium
3561 3166 3749 3212 voces,
3800 3154 3991 3217 pecto-

713 3264 777 3304 ac
811 3250 921 3305 vini
950 3254 1134 3321 specie
1174 3253 1513 3307 continetur.
1561 3251 1686 3307 [Lee
1744 3262 1851 3307 tam
1909 3254 2016 3305 alia
2072 3260 2295 3319 tamque

713 3344 896 3398 divina
928 3346 1212 3416 mysteria,
1238 3362 1360 3416 qum
1384 3362 1600 3400 omnem
1628 3355 1836 3400 naturae
1864 3347 1971 3399 vim
2006 3353 2291 3415 superant,

713 3454 936 3495 omnem
974 3440 1209 3496 humani
1236 3441 1441 3512 ingenii
1475 3442 1776 3512 potentiam
1814 3441 2089 3496 excedunt
2119 3458 2132 3493 :
2168 3454 2293 3494 cum

715 3548 823 3588 non
858 3532 965 3588 nisi
995 3532 1079 3602 pia
1119 3544 1171 3596 et
1197 3535 1457 3604 religiosa
1487 3551 1642 3589 mens
1675 3549 1704 3587 a
1730 3535 1966 3589 terrenis
2003 3532 2294 3587 all‘cetibus

712 3634 1018 3694 cxpurgata
1093 3628 1267 3694 possit
1338 3627 1831 3695 comprehendere,
1888 3627 2145 3695 dignatus
2186 3634 2296 3676 .est

715 3718 1036 3787 plerumque
1075 3717 1342 3785 benignus
1401 3726 1451 3770 et
1481 3718 1796 3770 misericors
1832 3716 2096 3770 Dominus
2144 3714 2291 3768 omni

715 3812 837 3864 loco
858 3820 909 3862 et
937 3809 1087 3861 omni
1118 3814 1365 3876 tempore
1410 3819 1610 3861 nostra:
1632 3808 1936 3860 inﬁrmitati
1960 3806 2294 3862 subveniens

717 3901 1028 3956 visibilihus
1063 3899 1392 3970 quihusdam
1459 3901 1745 3953 miraculis
1801 3900 2121 3968 dignitatem
2160 3901 2290 3955 tanti

714 3993 1046 4047 sacramenti
1082 3994 1413 4056 osmndcrc;
1453 4003 1505 4045 et
1546 3994 1692 4062 quod
1753 3994 1870 4047 solo
1916 3993 2194 4047 intellectu
2233 4010 2293 4047 ac

717 4087 821 4138 tide
874 4084 1205 4154 percipitur,
1270 4084 1321 4137 id
1380 4085 1752 4137 exzeriorihus
1811 4101 1873 4136 ac
1933 4085 2293 4139 sensitilillus

717 4177 882 4228 relns
920 4176 1248 4244 patefacere,
1279 4184 1332 4228 et
1367 4191 1463 4243 per
1492 4176 1604 4228 haec.
1638 4190 1758 4243 qua:
1808 4191 1974 4229 sensu
2004 4177 2295 4243 cognosci-

719 4280 864 4330 mus,
903 4264 1062 4333 quasi
1130 4263 1330 4317 hacqu
1386 4266 1621 4333 quodam
1679 4267 1784 4318 iter
1841 4267 2168 4319 ostendente
2227 4266 2292 4318 ad

718 4359 1125 4414 insensibilium
1198 4358 1447 4411 notitiam
1514 4342 1731 4412 facilius
1785 4360 2172 4428 perducantur.
2220 4361 2293 4413 Ex

719 4452 909 4506 multis
941 4460 1124 4505 autem
1154 4450 1456 4515 miraculis,
1492 4467 1612 4519 qua)
1655 4452 1720 4505 ad
1754 4453 2078 4505 relationem
2134 4454 2296 4523 hujus

716 4544 1050 4598 sacramenti
1089 4542 1293 4610 ubique
1326 4552 1588 4612 operatus
1635 4552 1717 4598 est
1770 4543 2059 4608 Dominus,
2124 4563 2290 4600 unum
2329 4538 2371 4594 D

716 4638 896 4692 solum
933 4636 1140 4690 inferre
1192 4634 1433 4701 institui,
1498 4636 1643 4703 quod
1682 4646 1999 4689 sant-terum
2052 4637 2295 4690 \‘ll’t'l'lllll

721 4730 863 4783 ﬁdeli
895 4728 1163 4783 relatione
1191 4742 1378 4780 verum
1412 4742 1534 4781 esse
1574 4727 1831 4793 cognovi.

783 4820 883 4874 Est
908 4819 1049 4887 apud
1078 4817 1506 4887 Hierosolymam
1534 4820 1686 4872 locus
1710 4818 1956 4886 quidam.
1986 4834 2143 4884 quem
2172 4819 2298 4872 ﬁde-

718 4911 796 4965 les
825 4924 1019 4979 magna
1076 4909 1374 4963 devotione
1416 4924 1478 4962 ac
1528 4908 1839 4978 frequentia
1899 4910 2141 4971 visitant,
2206 4911 2296 4965 ubi

720 5017 906 5056 verum
978 4999 1364 5070 Redemptoris
1422 5004 1593 5055 nostri
1654 5017 1859 5071 corpus
1925 5018 1990 5055 cx
2068 5001 2296 5073 Virgine

718 5101 1062 5161 assumptum
1090 5100 1213 5159 post
1245 5092 1507 5160 plurimas
1539 5092 1797 5159 injurias,
1830 5093 2066 5147 acerbas
2100 5102 2298 5146 contu-

720 5182 934 5247 melias,
967 5183 1214 5236 crudelia
1247 5184 1494 5249 vulnera,
1532 5185 1715 5237 (l'thiS
1764 5186 2012 5251 patibulo
2066 5201 2168 5254 pro
2198 5200 2294 5239 no-

717 5289 829 5331 stra
866 5276 1244 5346 redemptione
1301 5276 1575 5341 Sufﬁxum,
1636 5294 1698 5331 ac
1750 5288 2029 5332 tnortuum
2089 5279 2291 5349 luscph

718 5370 971 5425 manibus
1028 5370 1298 5438 sepultum
1339 5388 1481 5434 esse,
1538 5375 1847 5443 evangelica
1916 5372 2075 5428 nobis
2130 5373 2295 5426 tradit

721 5464 974 5519 historia.
1012 5462 1130 5518 Hoc
1163 5466 1217 5519 in
1252 5465 1374 5519 loco
1408 5465 1733 5522 Christiano
1786 5481 1940 5521 more
1972 5474 2294 5520 constructa

716 5565 803 5612 est
830 5557 1085 5624 ecclesia,
1127 5557 1306 5627 inqua
1347 5574 1376 5613 a
1411 5570 1615 5614 nostra:
1646 5559 1926 5628 religionis
1963 5559 2298 5629 professori-

716 5650 822 5705 bus
857 5648 1047 5704 divina
1070 5650 1423 5705 celebrantur
1455 5653 1655 5717 ollieia,
1683 5654 1777 5723 qui
1809 5654 2124 5723 sepulcrum
2164 5653 2295 5707 illtid

790 5827 827 5858 '°
868 5826 999 5882 Luc.
1045 5843 1186 5898 uti,
1232 5831 1307 5885 19.
1393 5834 1428 5863 ι’
1470 5831 1555 5886 lC
1598 5849 1644 5889 r.
1710 5835 1898 5899 “.28,
1942 5836 2029 5891 ΞΟ.

2402 3286 2521 3326 rum
2561 3266 2814 3331 verbera,
2847 3261 3104 3332 planctus
3164 3270 3225 3308 ac
3267 3253 3427 3306 ﬂetus
3460 3247 3810 3319 geminisque
3865 3254 3992 3306 per-

2401 3359 2652 3423 maximi,
2693 3357 2785 3427 qui
2818 3369 2928 3408 non
2961 3351 3304 3405 mediocrem
3340 3344 3666 3397 deliCIOrttin
3718 3334 3986 3392 dolorem,

2404 3467 2703 3521 veramque
2757 3447 2942 3502 cordis
2989 3440 3381 3498 contritioucm
3443 3430 3773 3506 przesel'crre
3832 3423 3988 3478 vide-

2404 3519 2632 3600 bantur.
2666 3541 2714 3597 ls
2743 3541 2914 3599 enitn,
2950 3551 3114 3605 quem
3168 3530 3378 3603 peccati
3432 3526 3683 3596 pcenitet,
3744 3519 3991 3573 declarat

2401 3638 2670 3707 proiecto,
2708 3633 2973 3688 maluisse
3003 3646 3060 3682 se
3085 3643 3194 3682 non
3220 3637 3473 3695 peccare,
3504 3634 3668 3686 quam
3693 3614 3987 3684 pmnitere.

2401 3703 2517 3783 lloc
2560 3742 2682 3781 cum
2719 3723 2955 3778 inﬁdelis
2981 3720 3071 3775 ille
3110 3724 3321 3771 attente
3369 3712 3734 3781 consp’ceret.
3773 3720 3837 3757 ac
3865 3703 3991 3756 dili-

2402 3828 2594 3890 genter
2619 3815 3104 3874 animadverteret,
3130 3810 3187 3861 in
3216 3820 3468 3874 magnam
3488 3800 3683 3855 incidit
3705 3805 3983 3849 tantorum

2400 3914 2623 3968 ﬂetuum
2642 3904 3282 3978 tamquedcvotissiniain
3299 3908 3520 3952 actuum
3543 3891 3987 3949 admirationem,

2402 4005 2702 4072 omniaque
2730 4014 2915 4055 secum
2950 4006 3205 4065 repetens
3241 3991 3409 4059 cmpit
3463 3986 3738 4057 judicare,
3787 3984 3984 4033 harum

2399 4109 2582 4148 rerum
2623 4089 3026 4146 institutiOuem
3059 4102 3164 4138 non
3198 4093 3306 4135 tant
3348 4081 3414 4133 ab
3441 4076 3784 4133 hominibus,
3821 4088 3985 4139 quam

2403 4190 2471 4241 ab
2520 4187 2643 4256 ipso
2673 4186 2782 4237 Deo
2818 4181 3113 4250 prodiisse,
3160 4178 3254 4247 qui
3293 4174 3531 4228 maxime
3592 4170 3819 4239 gaudet,
3857 4183 3987 4219 tuin

2402 4280 2652 4334 homines
2677 4278 2777 4332 sihi
2808 4290 2947 4345 puro
2973 4273 3160 4335 corde,
3195 4281 3248 4324 et
3279 4267 3479 4323 munda
3518 4275 3698 4318 tuente
3729 4262 3987 4315 devotum

2404 4370 2668 4424 exhibent
2738 4366 3091 4421 famulatum.
3156 4362 3453 4429 Postquam
3524 4372 3656 4411 vero
3726 4352 3989 4407 sacerdm

2401 4463 2830 4516 circumstantes
2861 4459 2924 4510 ad
2956 4455 3440 4524 conipnnelionem
3478 4450 3684 4513 cordis,
3712 4448 3991 4501 dolorem-

2406 4571 2534 4625 que,
2604 4568 2668 4605 ac
2737 4550 3119 4620 pmnilcntiam
3175 4546 3245 4599 i‘e.
3296 4542 3564 4614 peccatis,
3626 4551 3683 4592 ut
3728 4540 3992 4597 diximus,

2406 4646 2643 4703 monuit,
2679 4657 2984 4696 conversus
3006 4639 3071 4691 ad
3104 4639 3275 4690 altare
3303 4636 3507 4703 reliqua
3535 4637 3635 4687 rite
3665 4641 3994 4701 prosecutus

2409 4751 2515 4801 est,
2551 4752 2613 4790 ac
2655 4736 2761 4788 sub
2804 4733 2961 4803 panis
3012 4742 3065 4784 et
3100 4732 3209 4783 vini
3278 4731 3461 4796 specie
3511 4742 3731 4779 sacrum
3788 4723 3991 4777 Christi

2408 4847 2613 4900 corpus
2645 4839 2699 4882 ct
2737 4826 3063 4894 sanguinein
3107 4823 3404 4875 verborum
3441 4818 3752 4872 ministerio
3794 4832 3996 4868 conse-

2407 4923 2603 4977 cravit.
2642 4921 2763 4985 Quo
2810 4928 3036 4987 peracto
3082 4917 3131 4968 id
3190 4915 3366 4983 ipsum
3409 4913 3679 4971 ﬁdelibus,
3728 4911 3820 4978 qui
3862 4909 3993 4960 illius

2410 5013 2529 5081 ejus
2570 5012 2643 5065 rei
2680 5025 2845 5063 causa
2869 5014 3262 5069 convenerant,
3294 5003 3623 5057 distribuere
3661 5014 3902 5054 tremens
3931 5016 3995 5053 ac

2412 5120 2637 5176 gemens
2700 5118 2867 5172 quam
2931 5099 3285 5153 devotissiine
3352 5096 3538 5167 erepit.
3605 5094 3740 5148 Cum
3806 5104 3994 5145 autem

2408 5197 2589 5268 ipsunt
2625 5200 3036 5249 sacramentum
3072 5192 3384 5245 sacerdotis
3426 5189 3687 5243 manibus
3724 5192 3995 5238 attrecta-

2409 5300 2586 5355 retur,
2623 5288 2919 5356 omniaque
2952 5285 3188 5339 inﬁdelis
3228 5285 3317 5338 ille
3340 5289 3600 5337 accurate
3636 5280 3995 5332 animadver-

2411 5386 2573 5441 teret,
2613 5380 2759 5431 sicut
2805 5376 3085 5430 Conditori
3140 5374 3386 5427 omnium
3441 5372 3649 5443 placuit
3684 5389 3695 5422 :
3728 5370 3883 5421 visus
3912 5378 3993 5420 est

2406 5474 2455 5525 ci
2490 5471 2679 5524 videre
2714 5468 3026 5538 agniculum
3065 5465 3360 5536 quemdam
3424 5465 3549 5518 nive
3610 5462 3993 5516 candidiore-nt

2407 5560 2463 5614 in
2501 5560 2656 5615 altari
2688 5561 2981 5615 exsistere.
3012 5561 3143 5625 Qua:
3190 5574 3276 5612 res
3304 5574 3429 5612 cuin
3463 5570 3627 5626 Supra
3675 5568 3843 5624 quam
3887 5552 3994 5604 dici

2411 5664 2503 5709 aut
2533 5654 2696 5708 condi
2728 5663 2938 5723 posset,
2983 5652 3035 5706 in
3087 5661 3376 5722 stuporem
3432 5646 3705 5704 convertit
3741 5663 3755 5698 :
3789 5660 3856 5699 ex
3887 5660 3997 5713 quo
