4188 6436
174 421 273 484 281

166 640 510 697 exspectare.
564 627 703 682 Cum
746 638 928 683 autem
996 645 1094 699 pro
1147 645 1299 685 more
1349 645 1543 685 omnes
1595 629 1749 685 flexis

168 722 414 790 genibus
482 730 612 776 ante
681 721 855 774 altare
911 721 1326 787 consisterent,
1382 724 1751 790 cmpissettpte

166 813 433 868 sacerdos
459 815 695 883 singulis
755 815 857 869 hoc
902 825 1307 870 sacramentum
1366 814 1696 868 distribuere
1733 830 1747 867 :

166 921 295 960 ecce
324 907 501 977 priori
549 906 821 962 miraculo
847 908 993 962 aliud
1038 923 1144 961 non
1179 908 1361 961 minus
1411 906 1749 975 adiungitur.

166 999 410 1053 intuenti
463 1001 611 1054 enim
677 999 909 1063 inﬁdeli,
969 1000 1101 1071 quid
1152 1016 1181 1054 a
1230 1000 1515 1054 sacerdote
1572 1001 1748 1060 fieret,

168 1093 348 1146 visunt
388 1101 495 1156 est,
533 1094 808 1161 quosdam
851 1108 1042 1147 eorum
1075 1093 1172 1162 qui
1207 1092 1374 1162 hujus
1414 1089 1747 1146 sacramenti

169 1184 510 1254 suscipiendi
565 1198 734 1238 causa
790 1194 1187 1250 convenerant,
1241 1185 1502 1252 quoniam
1574 1197 1750 1252 neque

167 1290 293 1328 vere
335 1276 578 1344 purgati,
600 1291 779 1345 neque
817 1274 1060 1346 perfecte
1092 1275 1337 1329 mundati
1371 1282 1747 1338 accesserunt,

166 1380 269 1420 non
296 1368 406 1421 sub
432 1368 613 1437 specie
641 1369 797 1437 panis
820 1378 873 1422 ct
900 1368 1036 1432 vini,
1068 1368 1163 1423 sed
1185 1368 1287 1422 sub
1311 1368 1544 1421 aliarum
1566 1382 1746 1420 rerum

165 1460 332 1514 variis
363 1461 767 1530 horrendisque
810 1461 1099 1532 speciebus
1129 1462 1262 1516 illud
1292 1461 1563 1529 accipere.
1590 1461 1748 1516 Unus

167 1552 359 1619 itaque
389 1552 546 1607 visus
611 1562 698 1608 est
742 1554 790 1607 ei
853 1554 1121 1607 corticem
1160 1570 1468 1617 assumere,
1500 1554 1649 1630 ~quia
1701 1554 1748 1607 is

168 1638 430 1703 l'ositan,
486 1650 755 1711 quantum
810 1644 1051 1697 humano
1113 1643 1335 1711 ingenio
1397 1644 1746 1711 interpretari

168 1748 495 1799 possumus,
556 1751 664 1790 non
706 1744 817 1790 tam
884 1736 1140 1791 medullae
1196 1753 1259 1792 ac
1315 1738 1522 1801 sensui,
1581 1751 1746 1807 quam

162 1826 364 1880 cortici
403 1836 459 1881 et
500 1828 682 1885 verbis
720 1828 1136 1898 Scripturarum
1166 1829 1482 1885 divinarum
1512 1831 1748 1884 inhaese-

164 1926 268 1983 rat,
306 1934 490 1989 neque
526 1929 635 1974 tam
663 1936 806 1985 esse,
846 1937 1011 1992 quam
1050 1922 1225 1977 videri
1266 1935 1320 1977 et
1361 1924 1603 1993 judicari
1633 1925 1745 1979 bo-
1778 1900 1827 1959 Β

164 2027 264 2067 nus
306 2023 623 2067 curaverat.
693 2014 854 2068 Alius
892 2015 1034 2084 pilos
1093 2030 1156 2068 ac
1209 2017 1440 2084 capillos
1491 2017 1746 2071 dentibus

162 2116 457 2161 conterere
498 2106 809 2172 videbatur,
867 2108 996 2177 quia
1038 2108 1223 2162 διετειιί
1264 2108 1423 2176 hujus
1476 2108 1747 2165 illecebris

160 2213 220 2253 ac
247 2198 656 2267 voluptatibus,
694 2200 1090 2271 superiluaque
1136 2201 1444 2272 cupiditate
1490 2204 1745 2258 detentus

160 2292 223 2346 ad
262 2300 377 2346 tam
416 2294 615 2349 divina:
646 2294 723 2349 rei
759 2298 1208 2351 communionem
1244 2298 1509 2367 indignus
1553 2312 1746 2353 acces-

161 2393 327 2439 serat.
368 2384 439 2440 Ut
458 2387 603 2441 enim
644 2402 711 2443 ex
742 2388 1041 2460 sitpcrﬁuis
1071 2391 1296 2443 humani
1337 2394 1590 2460 corporis
1642 2391 1745 2444 hu-

162 2478 413 2535 moribus
454 2479 689 2550 capillos
720 2496 921 2537 natnra
953 2483 1216 2553 producit
1242 2500 1306 2539 ac
1336 2484 1477 2554 pilos
1513 2505 1526 2538 :
1567 2485 1647 2539 sic
1677 2499 1745 2539 cx

162 2571 333 2625 nimia
375 2588 565 2627 rerum
619 2575 1079 2647 voluptatumque
1132 2580 1535 2632 mundanorum
1580 2594 1746 2647 appe-

162 2662 331 2715 tentia
371 2661 429 2716 in
483 2662 734 2721 diversas
784 2667 1043 2723 vitiorum
1113 2671 1305 2725 sordes
1368 2670 1747 2737 maximasque

159 2752 476 2809 divinorum
557 2758 949 2814 mandatorum
1033 2763 1515 2831 transgressiones
1589 2777 1747 2815 litt‘ltS

160 2858 349 2900 nostra
397 2848 740 2915 prolabitur,
800 2851 1015 2907 dicente
1069 2854 1189 2920 ipso
1245 2853 1485 2908 Domino
1544 2872 1558 2909 :
1624 2852 1745 2906 Non

160 2940 376 3001 potestis
407 2941 607 2995 servire
634 2941 741 2997 Deo
767 2955 816 2997 et
844 2962 1160 2999 mammona:
1186 2948 1252 3000 η.
1285 2945 1580 3001 Videbatur
1609 2963 1745 3017 prtev

162 3040 305 3083 terea
342 3032 543 3086 tertius
576 3034 797 3103 quidam
828 3036 1156 3104 nigerrimos
1179 3039 1449 3093 carbones
1473 3039 1744 3106 accipere,

163 3123 318 3183 quasi
360 3123 408 3175 is
440 3125 683 3179 animam
736 3127 1067 3182 delictorum
1104 3130 1344 3184 tenebris
1379 3130 1746 3200 dcnigratam,

161 3227 285 3265 vero
320 3227 386 3266 ac
412 3213 707 3269 salutifero
732 3214 1075 3285 poenitentia:
1100 3216 1346 3271 remedio
1371 3233 1546 3287 neque
1567 3218 1745 3270 albam

163 3318 338 3372 neque
386 3304 654 3360 mundam
689 3305 868 3362 facere
892 3316 1171 3366 curasset.
1204 3310 1359 3364 Sicut
1388 3310 1534 3363 enim
1568 3309 1746 3363 sancti

160 3406 213 3450 et
241 3396 384 3464 justi
431 3397 487 3452 in
531 3397 673 3464 luce,
700 3399 780 3455 sic
814 3410 1137 3469 peccatores
1160 3410 1213 3455 et
1243 3401 1394 3471 impii
1424 3401 1479 3455 in
1505 3400 1748 3456 tenebris

160 3489 452 3545 ambulare
486 3489 774 3546 dicuntur.
814 3489 1048 3547 Virtutis
1091 3491 1362 3561 siquidem
1401 3506 1464 3547 ac
1494 3491 1746 3548 veritatis

158 3583 447 3652 proprium
480 3592 585 3645 est.
614 3598 675 3639 se
706 3584 1074 3654 sequentibus
1124 3584 1308 3639 lumen
1335 3584 1628 3639 ostendere
1658 3602 1673 3639 :
1716 3599 1748 3640 c

158 3685 344 3728 contra
390 3690 525 3729 vero
553 3676 810 3729 vitiorum
836 3684 1001 3745 atque
1035 3691 1289 3730 errorum
1314 3677 1567 3732 homines
1594 3688 1747 3731 tene-

160 3766 269 3822 bris
307 3768 811 3835 eirenmfonderc;
868 3785 994 3824 cum
1052 3770 1323 3826 Dominus
1382 3770 1533 3825 dicat
1576 3793 1589 3824 :
1630 3770 1743 3837 Ego

156 3875 270 3910 sum
298 3859 395 3911 tuac
430 3861 619 3913 mundi
646 3876 665 3922 ;
695 3862 785 3930 qui
814 3863 1060 3931 sequitur
1094 3880 1176 3917 me
1238 3880 1337 3916 non
1401 3864 1642 3917 ambulat
1690 3866 1743 3916 in

158 3952 382 4004 tenebris
427 3953 494 4005 υ.
558 3951 740 4021 lgnem
805 3968 869 4007 ex
924 3953 1017 4008 his
1072 3954 1212 4008 alter
1268 3970 1362 4007 ore
1403 3955 1741 4018 assumehat,

158 4045 311 4111 quasi
349 4044 503 4097 illico
541 4058 644 4111 per
679 4053 855 4096 totum
911 4045 1033 4113 ejus
1072 4059 1278 4113 corpus
1312 4045 1544 4099 diffundi
1590 4045 1741 4098 vide-

160 4139 336 4191 halttr.
380 4136 483 4191 llic
513 4136 744 4191 forsitan
779 4137 966 4190 carnis
998 4138 1247 4190 molliore
1305 4154 1369 4192 ac
1423 4137 1744 4206 turpissimo

157 4229 391 4282 luxnria:
428 4228 567 4281 vitio
626 4242 735 4280 non
781 4227 958 4281 solum
1021 4229 1283 4294 auinam,
1343 4246 1529 4282 verum
1578 4231 1742 4283 (tiam

158 4337 357 4391 corpus
387 4319 878 4383 dehonestaverat,
923 4322 1085 4390 cujus
1119 4323 1453 4377 atrocissimi
1490 4324 1744 4377 criminis

158 4427 317 4466 cauSu
357 4411 534 4469 venit.
573 4421 633 4464 ut
688 4411 867 4478 inquit
894 4414 1193 4480 Apostolus
1230 4412 1365 4465 :Iru
1404 4412 1496 4465 Dei
1520 4414 1573 4465 in
1602 4413 1742 4476 [alios

156 4505 463 4572 difﬁdentia:
501 4503 590 4568 ";
649 4512 704 4557 et
761 4511 819 4556 ιιι
883 4519 1059 4558 sacra!
1099 4504 1356 4558 lectionis
1411 4520 1509 4558 nos
1561 4514 1743 4557 tuonet

1038 428 1130 485 DE
1174 427 1604 488 llELlGlONE
1637 426 2107 485 ClilllSTlANA
2147 429 2550 491 LIBELLUS.

165 540 330 603 capit
384 546 493 588 tam
528 535 863 589 admn'andze
915 538 990 591 rei
1064 538 1224 592 ﬁnem
1289 539 1465 592 Inulto
1532 537 1751 591 avidius
1781 541 1826 596 Λ
1860 537 1965 590 Inis
2002 535 2259 592 faucibus
2292 548 2520 607 gustato
2562 539 2856 595 videbatur
2912 556 2926 592 :

3335 433 3439 495 282

2985 547 3104 594 erat
3164 541 3435 609 siquidem

1857 629 1976 681 auri
2019 630 2343 697 cupiditate,
2382 642 2546 697 atque
2582 630 2945 685 immoderato
2976 635 3221 700 pecunia:
3248 649 3437 690 amore

1858 719 1932 774 ita
1968 721 2241 787 alligatus,
2304 732 2358 775 ut
2399 723 2530 776 nihil
2568 733 2762 792 przcter
2803 739 2995 778 aurum
3039 725 3218 779 sitiret
3245 743 3308 781 ac
3338 728 3438 781 dc-

1859 813 2155 879 sideraret,
2192 821 2334 883 quod
2375 816 2493 869 vitii
2543 831 2720 886 genus
2758 816 3122 871 idololatriam
3175 834 3280 872 non
3327 820 3437 873 im-

1857 904 2056 959 merito
2082 904 2268 959 dicere
2298 922 2619 974 possumus,
2652 909 2899 977 Apostoli
2939 910 3256 964 testimonio
3301 926 3439 964 con-

1861 996 2099 1061 ﬁrmati,
2155 999 2245 1068 qui
2310 1002 2593 1055 avaritiam
2668 1003 2940 1057 idolorum
3023 1004 3325 1057 servitutem
3388 1005 3434 1037 ¹⁹

1858 1090 2118 1158 appellat.
2182 1090 2503 1146 Postremus
2551 1109 2684 1149 vero
2744 1096 2833 1149 ille
2890 1096 3012 1158 fuit,
3067 1095 3157 1164 qui
3223 1109 3438 1149 saeram

1860 1181 2254 1234 eucharistiam
2299 1184 2648 1239 asacerdote
2706 1188 2983 1255 recipiens
3044 1202 3243 1253 magno
3298 1186 3438 1241 locis

1859 1272 2153 1341 splendore
2213 1284 2325 1329 toto
2382 1292 2616 1346 corpore
2677 1278 2940 1333 illustrari
2996 1278 3327 1332 videbatur:
3370 1293 3435 1330 ex

1856 1381 1968 1433 quo
2010 1366 2312 1435 intelligere
2345 1384 2666 1437 possumus.
2728 1371 2875 1423 hunc
2934 1372 3182 1441 purgatis
3242 1370 3437 1423 anima:

1857 1473 1972 1511 sua:
2020 1458 2251 1513 latebris
2300 1475 2364 1513 ac
2408 1462 2669 1515 tumulata
2721 1462 3064 1515 conscientia
3118 1462 3342 1531 dignum
3376 1475 3435 1515 se

1857 1550 2182 1615 reddidisse,
2214 1552 2307 1621 qui
2340 1568 2527 1607 verum
2557 1554 2757 1609 Christi
2786 1569 2989 1622 corpus
3025 1564 3079 1608 et
3108 1556 3430 1623 sanguinem

1858 1652 2143 1711 sumeret;
2194 1654 2427 1699 czcteros
2463 1654 2646 1699 autem
2704 1648 2769 1698 ad
2833 1662 3059 1702 suarum
3128 1646 3438 1701 animarum

1854 1735 2121 1803 judicium
2156 1744 2210 1791 et
2245 1734 2767 1792 condemnationem
2813 1747 2923 1793 tam
2981 1738 3437 1793 excellentissimi

1858 1829 2192 1882 sacramenti
2251 1832 2602 1899 ‘susreptioni
2665 1847 2725 1885 se
2778 1831 3171 1885 immiscuisse.
3220 1828 3265 1884 0
3318 1846 3432 1884 rem

1856 1928 2081 1987 stupore
2117 1934 2285 1992 atquc
2314 1923 2684 1978 admiratione
2736 1924 3122 1993 dignissimam
3154 1925 3166 1976 !
3205 1922 3442 1976 Cllllll‘e-

1857 2015 2030 2071 misco
2063 2019 2179 2086 ipse
2227 2031 2334 2072 non
2381 2034 2596 2087 parum,
2653 2034 2778 2073 cum
2834 2018 3076 2073 divinam
3135 2017 3436 2087 potentiam

1858 2108 2261 2176 animadverto,
2294 2128 2416 2182 qua:
2461 2127 2679 2165 omnem
2718 2121 2929 2165 natura:
2958 2111 3067 2164 vim
3101 2123 3164 2165 ac
3193 2118 3439 2179 potesta-

1857 2208 1964 2255 tem
2018 2202 2071 2255 iu
2125 2203 2660 2259 hiscemirahilibns
2725 2203 2896 2257 rebus
2961 2203 3197 2267 excedit,
3241 2216 3440 2257 sensus

1856 2302 2080 2362 superat
2107 2305 2161 2348 ct
2201 2296 2556 2355 sensibilium
2597 2311 2781 2349 rerum
2812 2294 3209 2350 similitudines
3236 2295 3437 2348 immu-

1855 2391 1953 2438 tat.
1991 2385 2114 2439 l'ltec
2144 2396 2195 2441 et
2231 2388 2315 2441 his
2352 2389 2553 2442 similia
2583 2389 2803 2457 quoties
2837 2387 3095 2451 audiunt,
3134 2386 3226 2454 qui
3257 2385 3440 2455 genti-

1855 2477 1984 2530 lium
2020 2479 2420 2548 philosophiam
2451 2491 2765 2541 seetantnr.
2802 2494 3039 2547 eamque
3087 2481 3260 2533 solam
3298 2493 3436 2532 cnn-

1854 2570 1961 2624 ctis
2002 2570 2299 2638 praeferunt
2327 2572 2661 2641 disciplinis,
2692 2588 2795 2628 nos
2833 2573 3090 2630 irrident.
3147 2573 3433 2637 damnant,

1855 2672 1908 2715 et
1946 2662 2249 2719 maledictis
2271 2674 2436 2735 atque
2461 2667 2770 2735 opprobriis
2790 2667 3155 2729 insectantur,
3188 2672 3440 2719 nostros-

1857 2770 1964 2825 que
1996 2772 2280 2812 sermones
2331 2760 2503 2813 veluti
2554 2760 2917 2813 deliramenta
2974 2761 3223 2827 quanlam
3271 2769 3437 2827 atque

1857 2848 2041 2903 inania
2100 2851 2315 2905 ludicra
2377 2836 2762 2916 contemnunt,
2820 2868 2883 2906 ac
2938 2853 3088 2922 parvi
3148 2852 3435 2920 pendunt;

1855 2940 2119 3008 quoniam
2169 2950 2368 3010 prmter
2398 2944 2705 2997 naturalem
2741 2947 3039 3013 potentiam
3079 2946 3212 2999 nihil
3246 2946 3432 3008 altius,

1857 3032 1989 3085 nihil
2028 3031 2228 3101 majus,
2291 3044 2387 3088 aut
2431 3035 2799 3092 excellentius
2850 3038 3283 3100 considerantes,
3332 3038 3435 3089 im-

1859 3139 2104 3179 mensam
2150 3126 2240 3180 Dci
2298 3128 2624 3196 potentiam,
2662 3145 2788 3199 quae
2828 3139 3081 3185 naturam
3136 3130 3308 3199 ipsam
3340 3144 3437 3182 na-

1858 3217 2173 3283 turaliaque
2204 3216 2388 3269 omnia
2436 3217 2651 3271 creavit
2711 3233 2774 3272 ex
2832 3219 3029 3282 nihilo,
3083 3234 3432 3289 nequaquam

1857 3307 2328 3362 animadvertunt.
2391 3306 2502 3363 Nos
2543 3324 2673 3364 vero
2727 3311 2820 3379 qui
2873 3310 3082 3366 Christi
3125 3310 3431 3366 doctrinam

1853 3399 2161 3467 sequimur,
2200 3400 2292 3469 qui
2329 3399 2433 3455 ﬁde
2463 3402 2705 3457 vivimus
2729 3412 2783 3457 et
2808 3403 3154 3471 evangelicas
3188 3402 3436 3456 traditio-

1851 3504 1951 3544 nes
1984 3498 2100 3544 toto
2124 3491 2289 3545 corde
2327 3492 2738 3562 amplectimur,
2772 3494 2908 3547 nihil
2948 3494 3058 3549 Deo
3087 3494 3434 3563 impossibile

1847 3579 2166 3647 iudicamus
2203 3599 2216 3635 :
2250 3582 2385 3647 quin
2417 3582 2527 3635 imo
2572 3591 2627 3637 et
2682 3584 2767 3638 his
2814 3582 3044 3652 majora,
3089 3584 3179 3654 pia
3228 3584 3332 3640 ﬁde
3380 3596 3434 3643 et

1851 3686 1989 3741 puro
2024 3673 2211 3726 cordis
2244 3671 2443 3727 affectu
2483 3672 2814 3728 conﬁtemur
2844 3684 2900 3729 et
2935 3676 3235 3730 credimus.
3285 3675 3431 3741 Qtttr

1850 3762 1956 3816 ties
1980 3764 2126 3817 enim
2163 3766 2366 3818 mentis
2401 3775 2608 3820 nostrae
2660 3766 2835 3819 aciem
2899 3766 2967 3820 ad
3022 3767 3223 3821 divina:
3284 3768 3431 3822 illius

1850 3854 2110 3924 potentim
2139 3854 2393 3924 abyssum
2416 3856 2704 3925 erigimus,
2738 3857 2903 3911 toties
2935 3858 3145 3920 omnia,
3173 3874 3433 3927 qnaccnn.

1850 3963 1957 4017 que
1993 3948 2067 4000 illi
2099 3948 2449 4017 placuerunt,
2505 3947 2619 4002 ﬁeri
2659 3962 2822 4016 posse
2862 3959 3182 4004 constanter
3229 3953 3433 4003 asseri-

1849 4055 1991 4096 mus.
2039 4039 2266 4093 Discant
2292 4040 2460 4107 igitur
2496 4040 2684 4095 ﬁdeles
2717 4045 2928 4106 enncti,
2956 4044 3055 4097 hoc
3081 4054 3187 4097 tam
3227 4045 3428 4097 celebri

1849 4133 2116 4186 miraculo
2145 4131 2436 4195 admoniti,
2484 4147 2592 4186 non
2639 4142 2844 4187 temere
2892 4150 3071 4203 neque
3119 4136 3433 4189 inconsulte

1849 4223 1916 4276 ad
1950 4232 2060 4275 tam
2093 4224 2371 4292 purissimi
2412 4227 2743 4279 sacramenti
2779 4227 3231 4281 communionem
3277 4243 3433 4281 accc-

1849 4314 1998 4377 dere,
2043 4314 2137 4367 sed
2174 4315 2412 4383 quisque
2454 4316 2609 4385 prius
2653 4316 2898 4386 seipsum
2932 4318 3221 4387 dijudicct.
3259 4328 3313 4372 et
3341 4336 3428 4373 se-

1848 4415 1996 4458 creta
2024 4407 2209 4460 cordis
2241 4407 2323 4459 sui
2358 4406 2651 4475 diligenter
2680 4408 2923 4477 inquirat
2967 4427 2982 4463 :
3019 4426 3141 4480 quae
3179 4426 3302 4464 cum
3340 4426 3431 4463 sa-

1850 4499 2017 4551 lutari
2055 4499 2391 4568 poenitentia:
2425 4501 2673 4553 remedio
2702 4501 3039 4569 purgaverit,
3077 4517 3269 4559 inagna
3302 4517 3427 4555 cum

165 4599 420 4658 historia,
493 4607 703 4664 septem
770 4596 873 4649 illre
939 4597 1196 4653 civitates
1246 4598 1314 4652 de
1371 4600 1510 4652 coelo
1572 4600 1741 4653 misso
1774 4592 1818 4647 D
1852 4591 2159 4645 lnnnilitate
2186 4600 2240 4645 ct
2271 4592 2578 4644 reverentia
2633 4591 2927 4645 Dominum
2991 4594 3274 4646 interioris
3309 4608 3432 4645 cor-

157 4688 493 4741 uscet-abin
552 4687 809 4740 incendio
851 4689 1157 4756 perierunt.
1193 4690 1336 4741 inter
1376 4690 1475 4742 hos
1531 4690 1741 4743 exstitit

157 4784 401 4850 qui-lam,
435 4780 529 4848 qui
554 4778 769 4833 cineres
803 4794 899 4832 ore
926 4780 1208 4848 suscipere
1235 4780 1520 4835 \idcbatnr
1552 4798 1565 4835 ε
1594 4781 1741 4835 hunc

160 4875 409 4944 corporis
474 4872 709 4935 segnitie
775 4874 1087 4942 mentisque
1139 4872 1348 4927 desidia
1385 4885 1740 4943 occupatum,

159 4970 311 5022 bonis
334 4966 713 5029 virtnosisque
731 4964 990 5031 operibus
1038 4964 1459 5032 haudtptaquam
1493 4982 1738 5030 vacasse,

159 5069 448 5124 possumus
482 5051 858 5119 interpretari.
893 5050 1121 5105 Sextum
1159 5068 1381 5106 carnem
1432 5065 1485 5108 et
1518 5057 1737 5125 quidem

159 5147 504 5202 immundam
540 5143 844 5214 deglulisse
875 5143 1213 5213 accepimus,
1245 5154 1432 5214 utpote
1459 5148 1549 5216 qui
1583 5148 1746 5201 illici-

157 5243 223 5294 tis
274 5239 611 5293 feminarum
674 5234 1054 5302 voluptatibus
1095 5236 1405 5301 detucrsus,
1460 5253 1738 5308 numquam

158 5347 248 5398 per
282 5328 679 5383 abstinentiam
709 5335 764 5378 ct
800 5326 1201 5380 continentiam
1246 5330 1634 5399 salubremque
1675 5330 1741 5383 de

158 5422 474 5476 commissis
506 5420 895 5489 paenitentiam
954 5420 1058 5474 sibi
1116 5432 1475 5489 prospexerat
1505 5442 1518 5477 :
1550 5423 1741 5491 siCque

160 5510 439 5563 immunda
476 5516 660 5561 mente
690 5522 757 5561 ac
792 5508 1003 5577 polluto
1034 5524 1130 5563 ore
1161 5510 1227 5564 ad
1254 5521 1363 5565 tam
1391 5513 1735 5569 mundissimi

157 5602 491 5655 saeuunenti
528 5600 1015 5670 participationem
1069 5603 1334 5657 accedere
1370 5620 1743 5675 praesumpse-

158 5710 258 5750 rat.
292 5692 427 5749 Post
465 5693 568 5749 hos
600 5691 703 5746 fuit
740 5701 790 5747 ct
830 5693 993 5758 alius,
1028 5695 1119 5764 qni
1178 5710 1375 5751 anrmn
1426 5697 1740 5767 impurissi-

253 5908 295 5937 η
327 5904 521 5962 Matth.
552 5904 733 5965 “,1”.
819 5907 859 5937 ”
885 5906 1043 5963 Joan.
1068 5924 1177 5974 vnt,
1213 5909 1293 5963 l2.

1378 5911 1417 5941 “
1449 5912 1646 5981 Ῐῖυἷῖυὸ.
1694 5928 1744 5978 γ,
1776 5913 1802 5963 ᾗ

1848 4687 1933 4740 dis
1964 4684 2201 4753 hospitio
2226 4684 2423 4737 timens
2454 4692 2816 4754 tremensque
2845 4686 3142 4755 suscipiat;
3168 4686 3231 4738 de
3254 4687 3430 4752 ipsius

1846 4779 2017 4845 gratia
2054 4786 2108 4831 et
2137 4778 2381 4830 bonitate
2416 4776 2680 4839 conﬁsus,
2712 4777 2806 4843 qui
2836 4778 2988 4831 solus
3020 4793 3082 4829 ex
3121 4778 3429 4845 peccatori-

1848 4870 1949 4924 bus
1977 4879 2199 4922 sanctos
2236 4867 2361 4921 facit
2396 4874 2449 4920 et
2476 4867 2679 4936 jnstos.
2715 4877 2769 4922 et
2801 4884 2896 4937 per
2938 4869 3260 4936 prophetam
3305 4884 3430 4938 pec-

1846 4973 2065 5015 calores
2122 4962 2439 5013 consolatus
2467 4968 2553 5014 est
2598 4960 2785 5014 dicens
2821 4978 2832 5013 :
2870 4960 2935 5013 In
2969 4978 3275 5030 quacunque
3299 4963 3431 5016 Itoru

1848 5069 2127 5107 com-orsus
2162 5053 2475 5121 ingemuerit
2513 5062 2785 5120 peccator,
2819 5054 3053 5105 onmium
3084 5054 3428 5121 iniquitatum

1848 5146 1963 5213 ejus
1994 5161 2095 5197 non
2138 5143 2460 5197 recordabar
2503 5144 2567 5196 “.
2608 5143 2838 5197 Summa
2898 5144 3071 5214 igitur
3130 5146 3330 5198 mentis
3376 5153 3429 5197 et

1847 5238 2099 5306 corporis
2144 5236 2385 5304 puritate
2421 5244 2587 5304 atque
2642 5234 2912 5289 munditia
2954 5236 3281 5289 sumendum
3342 5245 3428 5289 est

1848 5330 1953 5383 hoc
1980 5335 2411 5392 sacramentum,
2466 5341 2592 5382 cum
2637 5327 2789 5379 illum
2827 5327 3190 5396 enmdemqne
3240 5327 3430 5380 Domi-

1851 5437 1981 5476 num
2017 5434 2392 5482 assumamus,
2435 5418 2527 5487 qui
2564 5432 2663 5487 pro
2695 5426 2883 5474 nostra
2908 5419 3086 5474 salute
3112 5434 3178 5473 ex
3200 5417 3424 5488 Virgine

1850 5513 2023 5575 nasci,
2060 5512 2382 5581 versarique
2414 5511 2556 5564 inter
2587 5510 2865 5575 homines,
2903 5511 2994 5580 qui
3026 5509 3188 5564 caecis
3220 5510 3421 5571 visum,

1848 5606 2060 5660 claudis
2085 5618 2356 5672 gressum,
2390 5601 2636 5657 auditum
2668 5602 2870 5664 surdis,
2930 5600 3204 5670 loquelam
3235 5601 3420 5661 mutis.

1848 5696 2126 5753 debilibus
2195 5694 2385 5757 robur,
2438 5692 2673 5750 inﬁrmis
2726 5692 3121 5755 valetudinem,
3190 5690 3424 5747 nvortuis

1912 5910 2177 5980 '“l‘phes.
2225 5925 2271 5969 ν,
2330 5905 2380 5960 5.
2465 5902 2507 5935 ¹⁶
2557 5900 2752 5957 Bacch.
2798 5915 2990 5965 χχχιιι,
3045 5900 3127 5956 ιξδ..
