4188 6436
2082 384 2385 446 SYMEON
2447 384 2761 449 JUNIOR.

776 508 875 579 μὲν
908 499 1003 560 ούν
1037 502 1499 576 ἀπολογήσασθαι
1548 502 1645 558 καὶ
1690 502 1871 556 εἰπεῖν
1924 500 2033 555 εδει
2067 501 2205 573 πρὸς
2240 504 2355 565 τοῖς
2386 508 2430 563 Α
2462 522 2567 559 που
2596 506 2698 561 οὐκ
2723 502 2929 572 ἀνέθης
2958 504 3055 568 Τίς
3089 505 3147 559 δὲ
3180 504 3275 560 καὶ
3322 506 3440 571 πῶς
3472 507 3647 575 ἔσται,
3696 509 3794 565 καὶ
3830 511 3976 564 ἔστιν
4006 514 4034 581 ἡ

773 596 1296 668 ἀντιδιατιθεμένοις
1329 597 1486 668 ήμῖν.

844 687 1111 745 XXXVII.
1156 691 1292 759 Περὶ
1332 689 1433 759 τῆς
1487 687 1864 759 παραϐάσεως
1889 685 1984 740 καὶ
2012 685 2232 758 ἑξορίας
2258 685 2354 739 τοῦ

780 784 976 851 Ἀδάμ.
1007 783 1073 836 Ρ.
1108 781 1266 836 Ἐπεὶ
1304 782 1361 836 δὲ
1410 783 1505 835 καὶ
1540 782 1708 852 νόμον
1754 782 1939 844 αὐτοῖς
1973 780 2229 844 δέδωκεν,
2276 782 2359 832 ἐν·

769 877 1095 945 στειλάμενος
1122 875 1199 946 μὴ
1228 876 1426 943 φαγεῖν
1460 874 1627 945 μόνου
1656 874 1752 927 τοῦ
1787 872 1973 939 ξύλου.

840 964 1135 1025 XXXVIII.
1182 969 1317 1037 Περὶ
1357 969 1457 1039 τῆς
1486 968 1581 1021 τοῦ
1628 968 1803 1035 Λόγου
1849 965 2185 1036 σαρκώσεως
2210 1005 2226 1030 ,
2259 964 2355 1018 καὶ⁵

768 1061 892 1115 τίνα
914 1062 1118 1132 τρόπον
1147 1061 1216 1113 δι’
1242 1061 1390 1131 ήμάς
1418 1058 1951 1131 ὲσαρκώθη.Ρ.Ὅτε
1979 1058 2035 1113 δὲ
2061 1060 2090 1113 6
2112 1054 2355 1125 κολοφὼν

769 1153 1067 1224 ἐπληρώθη
1095 1151 1198 1221 τῆς
1227 1153 1369 1221 ἀγαν
1396 1152 1618 1215 κακίας.

840 1243 1088 1300 XXXIX.
1131 1246 1257 1306 Πῶς
1301 1240 1537 1314 αὖθιςή
1585 1245 1765 1308 κτίσις
1793 1247 1947 1300 πᾶσα
1986 1243 2172 1315 μέλλει
2220 1244 2355 1297 ἀνα-

768 1338 1144 1407 καινισθῆναι,
1179 1338 1274 1388 καὶ
1299 1322 1562 1404 γενέσθαι
1603 1336 1790 1390 καινὸν
1820 1336 2052 1406 οὐρανὸν
2090 1336 2184 1388 καὶ
2224 1352 2354 1389 και-

771 1430 866 1501 νὴν
900 1430 1008 1499 γῆν
1038 1431 1180 1483 κατὰ
1226 1430 1318 1483 τὸν
1353 1419 1497 1483 θεῖον
1524 1429 1877 1483 Ἀπόττολον.
1923 1422 1984 1483 Ρ.
2012 1429 2178 1483 Ἀλλά
2224 1445 2353 1482 σκο-

768 1521 1055 1590 πήσωμεν,
1087 1520 1205 1583 πῶς
1239 1522 1273 1592 ή
1307 1520 1486 1583 κτίσις
1519 1519 2068 1589 ἀνακαινισθήσεται.

838 1613 956 1668 XL.
986 1613 1124 1667 Ποία
1147 1614 1304 1667 ἔσται
1331 1616 1364 1684 ή
1392 1612 1596 1683 ἐσχάτη
1618 1612 1949 1683 λαμπρότης
1978 1612 2080 1682 τῆς
2097 1611 2351 1674 κτίσεωςο

765 1708 822 1760 ὲν
921 1709 1016 1760 καὶ
1050 1707 1181 1776 *περί⁵
1211 1705 1463 1775 ἀγγέλων
1528 1705 1627 1759 καὶ
1666 1705 1869 1776 ψυχῆς.
1902 1702 1965 1761 Ρ.
1995 1704 2354 1774 Καθαρθεῖσα

765 1801 820 1854 δὲ
848 1804 929 1864 εἰς
989 1800 1203 1869 φθοράν
1223 1801 1321 1851 καὶ
1342 1798 1591 1852 δουλείαν
1630 1797 1876 1868 μετήχθη
1905 1801 1970 1868 τῇ
2003 1796 2351 1867 ματαιότητι.

2462 597 2544 659 είς
2580 598 2729 667 ήμᾶς
2774 595 2867 649 τοῦ
2918 596 3056 650 Θεοῦ
3120 596 3391 666 βασιλεία,
3447 600 3543 653 καὶ
3571 602 3656 664 τίς
3700 603 3732 673 ή
3788 603 3847 657 ἐν
3911 604 4037 673 ημῖν

2455 688 2663 758 ταύτης
2707 688 2991 759 ὲνέργειας
3047 690 3109 743 Ρ.
3151 688 3489 762 Ἐπειδήπερ
3529 691 3832 763 διαρρήδην
3871 697 3902 748 6
3936 694 4036 746 τῶν

2457 779 2717 834 ἁπάντων
2745 781 3052 849 Δεσπότης,
3101 783 3199 834 καὶ
3229 782 3586 854 καθεκάστην
3635 783 3725 838 διά
3775 784 3887 839 τῶν
3936 786 4007 839 Εὐ

2456 874 2730 943 αγγελίων
2765 873 2886 945 βοᾷ.

2532 964 2596 1019 L.
2641 966 2776 1035 Περὶ
2803 966 3103 1035 ἀπαθείας,
3136 970 3376 1023 καὶτῶν
3424 972 3483 1024 ὲν
3530 972 3668 1041 αὐτῇ
3716 970 3857 1024 κατά
3908 985 4040 1042 προ-

2459 1058 3026 1142 κοπὴνλίαρισμάτων
3053 1062 3147 1113 καὶ
3169 1059 3393 1129 δωρεῶν
3420 1078 3434 1092 ⁸
3467 1063 3560 1115 καὶ
3586 1063 3669 1125 τίς
3700 1063 3733 1130 ή
3759 1061 4039 1124 τελείωσις

2457 1151 2556 1223 τῆς
2591 1152 2736 1205 κατά
2767 1153 3006 1221 Χριστὸν
3040 1156 3429 1225 πνευματικῆς
3459 1155 3699 1224 ἡλικίας.
3737 1155 3798 1210 Ρ.
3826 1156 4039 1222 Ὠσπερ

2458 1245 2488 1296 6
2549 1244 2629 1314 τῷ
2693 1243 3073 1315 λαμπροτάτῳ
3116 1246 3254 1315 ήλίῳ
3316 1247 3653 1312 ἔνατενίςειν
3714 1246 4042 1317 βουλόμε·.ος

2457 1336 2737 1406 καθαροὺς
2763 1338 2971 1406 ὀφείλει
4038 1346 4061 1399 γ’

2532 1427 2618 1480 LI.
2646 1428 2783 1497 Περὶ
2806 1430 2918 1483 τῶν
2940 1429 3210 1501 οἰομένων
3241 1432 3541 1501 ἀγνώστως
3571 1434 3717 1504 ἔχειν
3745 1434 3803 1486 ὲν
3827 1433 4043 1493 ἑαυτοῖς

2455 1516 2517 1571 16
2565 1520 2794 1591 Πνεῦμα
2844 1522 2905 1575 τὸ
2937 1521 3114 1594 ἅγιον,
3172 1523 3247 1593 μὴ
3288 1525 3774 1595 ὲπαισθανομένων
3816 1525 3875 1579 δὲ
3911 1523 4044 1579 me-

2455 1610 2579 1664 όλου
2623 1613 2719 1681 τῆς
2770 1614 3053 1685 ἐνεργείας
3082 1616 3280 1669 αὐτοῦ·
3312 1618 3408 1671 καὶ
3455 1617 3586 1688 περὶ
3627 1616 3737 1671 τῶν
3769 1616 4041 1685 λεγόντων

2462 1702 2537 1773 μὴ
2565 1702 2831 1757 δύνασθαί
2852 1721 2977 1757 τινα
3001 1705 3110 1758 τῶν
3132 1706 3444 1778 ἀνθρώπων
3468 1708 3612 1762 κατά
3630 1708 3730 1776 τὴν
3752 1707 4039 1779 παεροῦσαν

2458 1794 2605 1866 ζωὴν
2662 1798 2798 1867 όρᾷν
2846 1798 2947 1869 τὴν
2998 1797 3160 1864 δόξαν
3209 1799 3416 1854 αὐτοῦ·
3477 1803 3572 1855 καὶ
3629 1799 3912 1865 ἀπόδειξις
3956 1800 4045 1854 διὰ

838 1890 976 1945 XLI.
1023 1891 1150 1955 Πῶς
1187 1890 1440 1947 ὲνοῦνται
1466 1890 1547 1961 τῷ
1594 1888 1821 1960 Χριστῷ
1856 1892 1952 1944 καὶ
1980 1889 2126 1961 Θεῷ.
2167 1890 2263 1943 καὶ
2296 1888 2354 1941 ἓν
2387 1888 2431 1912 ⁸³
2458 1890 2711 1957 χρήσεων
2740 1889 2870 1959 περὶ
2902 1888 3097 1943 τούτου
3119 1905 3134 1920 ·
3174 1889 3273 1944 καὶ
3302 1893 3386 1944 ὅτι
3417 1892 3615 1961 φθόνος
3642 1893 3821 1955 οὐδεὶς
3847 1894 3907 1946 ἐν
3932 1894 4044 1955 τοῖς

766 1984 1009 2053 γίνονται
1035 1985 1156 2052 μετ’
1188 1984 1355 2039 αὑτοῦ
1390 1986 1597 2048 πάντες
1625 1985 1675 2037 οί
1705 1985 1874 2053 ἅγιοι.
1919 1985 1980 2041 Ρ.
2009 1984 2353 2057 ’Δρκούντως

765 2072 861 2130 οὖν
896 2076 990 2127 καὶ
1018 2076 1227 2139 ίκανῶς
1252 2077 1384 2147 περὶ
1418 2076 1627 2131 τούτων
1656 2077 1925 2141 εἰπόντες.

835 2167 999 2222 XLII.
1046 2167 1170 2230 Πῶς
1208 2168 1290 2222 δεῖ
1332 2169 1689 2240 πληρωθῆναι
1718 2170 1811 2223 16v
1838 2170 1951 2225 ἀνω
1996 2170 2225 2241 κόσμον,
2259 2167 2352 2222 καί⁵

764 2260 949 2323 ὁποῖός
987 2260 1073 2324 τίς
1117 2262 1274 2326 ἐστι,
1339 2262 1435 2316 καὶ
1481 2264 1603 2315 τίνα
1652 2262 2078 2334 πληρωθήσεται
2126 2263 2351 2333 τρόπον.

764 2347 828 2403 Ρ.
861 2348 1026 2403 Ἀλλά
1052 2350 1331 2406 πετάσατέ
1369 2369 1461 2422 μοι
1502 2352 1602 2415 τάς
1630 2353 1800 2416 ἀκοάς
1845 2352 1941 2407 καὶ
1979 2353 2072 2406 τὸν
2104 2352 2355 2425 ἡγεμόνα

763 2458 910 2497 νουν.

836 2532 1028 2593 XLIII.
1073 2535 1201 2589 Ὅτι
1242 2536 1295 2590 οἱ
1340 2537 1441 2607 μὶν
1495 2538 1698 2601 πάντες
1745 2538 1796 2591 οἱ
1848 2536 2259 2609 προωρισμένοι
2302 2540 2350 2591 οί

767 2627 1143 2695 κατάχγενεάν
1187 2630 1280 2681 καὶ
1309 2628 1504 2697 γενεὰν
1548 2628 1917 2700 τεχθήσονται
1965 2629 2072 2693 ἕως
2113 2629 2351 2698 ἐσχάτης

767 2719 1004 2787 ἡμέρας,
1038 2718 1131 2772 καὶ
1189 2716 1620 2790 πληρωθήσεται
1670 2722 1699 2773 6
1731 2720 1845 2773 ἀνω
1894 2720 2121 2791 κόσμος.
2156 2720 2220 2775 Ρ.
2250 2720 2353 2773 Τε-

766 2808 967 2881 χθῆναι
991 2809 1074 2863 δεῖ
1096 2810 1307 2874 πάντας
1330 2812 1457 2875 τοὺς
1484 2815 2007 2883 προεγνωσμένους.

838 2900 1023 2955 XLIV.
1066 2902 1159 2965 Εἰς
1190 2902 1250 2955 τὸ
1308 2903 1473 2974 ῥητὸν
1508 2903 1604 2956 τοῦ
1652 2904 1986 2973 Εὑαγγελίου
2015 2922 2030 2937 ’
2076 2906 2349 2980 Ὡμοιώθη

764 2996 799 3064 ή
848 2993 1099 3065 βασιλεία
1144 2994 1254 3047 τῶν
1286 2995 1535 3065 οὐρανῶν
1567 2995 1805 3065 βασιλεῖ.
1852 2996 1915 3053 Ρ.
1961 2999 2084 3070 Χρὴ
2111 2996 2207 3053 οὖν
2238 3002 2349 3056 ἀπὸ

762 3086 874 3139 τῶν
902 3084 1276 3154 εύαγγελικῶν
1309 3088 1573 3158 ῥημάτων
1602 3089 1748 3159 ήμᾶς
1779 3090 2132 3162 ἐνάρξασθαι.

839 3177 1001 3233 XLV.
1047 3180 1170 3232 Ὀτι
1221 3181 1316 3233 καὶ
1367 3181 1573 3245 πάντες
1615 3183 1665 3233 οί
1718 3182 1867 3251 ἆγιοι
1908 3185 2001 3237 τὸν
2050 3185 2224 3255 Λόγον
2250 3186 2345 3240 τοῦ

765 3271 902 3325 Θεοῦ
940 3273 997 3324 ὲν
1040 3272 1256 3335 ἑαυτοῖς
1288 3273 1733 3341 συλλαμϐάνουσι
1767 3278 1838 3347 τῇ
1870 3274 2123 3347 Θεοτόκῳ
2168 3295 2349 3348 παρα-

767 3366 1032 3437 πλησίως,
1075 3366 1171 3419 καὶ
1219 3367 1485 3434 γεννῶσιν
1538 3368 1725 3435 αὐτὸν,
1776 3370 1872 3423 καὶ
1922 3371 2222 3437 γεννῶνται
2256 3373 2349 3425 ὑπ’

764 3456 954 3521 αὑτοῦ,
985 3457 1077 3510 καὶ
1106 3459 1365 3525 γεννᾶται
1421 3460 1478 3511 ἐν
1524 3459 1709 3522 αὐτοῖς
1733 3474 1748 3490 °
1798 3460 1894 3513 καὶ
1931 3460 2049 3523 πῶς
2083 3461 2210 3526 υἱοὶ,
2259 3463 2349 3513 καὶ

764 3548 1011 3617 ἀδελφοὶ,
1066 3549 1163 3603 καὶ
1202 3549 1443 3619 μητέρες
1476 3549 1645 3602 αὑτοῦ
1676 3550 2099 3620 χρηματίζουσι.
2139 3550 2202 3605 Ρ.
2230 3551 2349 3605 Ἐν·

763 3640 944 3694 ταῦθά
975 3657 1064 3709 μοι
1093 3639 1156 3693 16
1180 3641 1367 3695 καινὸν
1390 3642 1485 3694 τοῦ
1516 3643 1797 3713 νοήματος
1822 3661 1837 3675 ·
1866 3643 2009 3697 διατὶ
2036 3661 2051 3710 ;

834 3731 1020 3788 XLVI.
1064 3734 1157 3797 Εἰς
1194 3736 1256 3787 16
1290 3735 1455 3805 ῥητὸν
1488 3736 1583 3788 τοῦ
1638 3738 1975 3806 Εὐαγγελίου
2001 3779 2016 3804 ,
2079 3740 2188 3793 Καὶ
2242 3740 2352 3794 ἀπ-

644 3848 647 3851 ·
762 3824 969 3878 ἐττειλε
1025 3826 1153 3888 τοὺς
1183 3824 1403 3890 δούλους
1430 3826 1596 3880 αὑτοῦ
1650 3829 1879 3880 καλέσαι
1913 3830 2042 3890 τοὺς
2078 3830 2352 3901 κεκλημέ-

764 3934 887 3980 νους
908 3920 987 3980 είς
1004 3918 1130 3980 τοὺς
1151 3918 1390 3987 γάμους,
1416 3920 1513 3973 καὶ
1538 3921 1639 3973 οὐκ
1664 3919 1858 3990 ήθελον
1877 3918 2071 3973 ἐλθεῖν.
2095 3921 2154 3976 Ρ.
2178 3921 2350 3976 Τοῦτο

764 4008 948 4062 τοίνυν
980 4008 1043 4060 16
1070 4008 1181 4062 τῶν
1212 4009 1411 4080 γάμων
1454 4012 1780 4083 μυστήριον,
1844 4011 1871 4064 ὃ
1927 4010 2004 4082 τῷ
2053 4013 2352 4083 Μονογενεί

764 4116 952 4153 αυτου.

836 4190 1046 4247 XLVII.
1080 4192 1213 4253 Δ’Ότι
1248 4188 1309 4247 ὀύ
1354 4194 1463 4266 χρὴ
1528 4195 1637 4267 πρὸ
1666 4196 1767 4266 τῆς
1815 4197 2079 4268 ἐργασίας
2116 4197 2226 4250 τῶν
2265 4198 2351 4251 ὲν-

760 4270 953 4346 τολῶν,
984 4284 1215 4353 καὶτῆς
1269 4276 1347 4347 είς
1390 4278 1597 4357 ἀρετὴν
1640 4280 1953 4357 προκοπῆς,
2006 4288 2348 4357 τελειότητος

762 4374 832 4428 τά
854 4377 1224 4446 κεκρυμμένα
1249 4378 1531 4449 μυστήρια
1556 4378 1654 4449 τῆς
1681 4378 1958 4447 βασιλείας
1977 4379 2085 4431 τῶν
2101 4380 2350 4449 οὐρανῶν

765 4469 989 4536 ἑρευνᾷν
1012 4468 1120 4519 τῶν
1148 4469 1411 4538 ἀμυήτων
1448 4469 1594 4531 τινὰ,
1631 4473 1728 4522 καὶ
1760 4471 1843 4523 ὅτι
1893 4471 1953 4528 ἐν
1985 4471 2051 4539 τῇ
2114 4469 2349 4542 δευτέρᾳ

2456 1979 2659 2047 ἁγίοις,
2691 1981 2822 2033 ὅταν
2869 1980 2962 2035 διὰ
2990 1982 3175 2052 πάσης
3212 1982 3456 2053 σπουδῆς
3503 1984 3768 2056 ἐναρέτου
3827 1985 4044 2047 τούτοις

2456 2069 2871 2142 συνεξισώμεθα
2892 2090 2907 2104 ο
2958 2075 3052 2127 καὶ
3081 2076 3223 2146 ποίῳ
3246 2075 3432 2147 τρόπῳ
3488 2076 3594 2147 ὁρᾷ
3645 2092 3732 2139 τις
3764 2076 3858 2128 τὸν
3887 2076 4041 2139 Θεὸν,

2454 2162 2610 2217 ἔνθεν
2635 2165 2737 2235 ήδη
2777 2168 2995 2237 μυεῖται
3026 2168 3124 2221 καὶ
3169 2169 3271 2240 τὴν
3295 2169 3599 2239 μέλλουσαν
3630 2169 3853 2240 δοθῆναι
3877 2171 3939 2224 ἑν
3967 2170 4043 2239 τῷ

2458 2256 2709 2328 μέλλοντι
2738 2260 2854 2320 τοῖς
2892 2258 3073 2327 ἁγίοις
3128 2260 3459 2324 ἀπόλαυσιν,
3521 2261 3617 2315 καὶ
3649 2261 3732 2314 ὅτι
3784 2262 3887 2313 ὅσα
3921 2260 3986 2314 ἂν
4018 2262 4046 2314 6

2452 2351 2698 2415 τοιοῦτος
2729 2351 2883 2425 λέγῃ.
2915 2353 2948 2424 ἢ
3000 2355 3153 2424 ποιῇ,
3201 2353 3236 2424 ἢ
3288 2354 3504 2427 γράφῃ,
3539 2354 3643 2409 οὐκ
3672 2355 3856 2419 αὐτὸς,
3900 2354 4039 2407 ἀλλά

2452 2441 2515 2495 16
2545 2442 2772 2510 Πνεῦμα
2799 2442 2861 2494 16
2890 2441 3046 2510 ἀγιον
3082 2443 3143 2496 16
3176 2441 3374 2497 λαλοῦν
3396 2445 3455 2498 ὲν
3488 2443 3641 2515 αὐτῷ
3665 2442 3843 2497 ταῦτα
3867 2442 4041 2510 λέγει,

2453 2534 2551 2586 καὶ
2603 2534 2845 2604 γράφει·
2906 2536 3003 2588 καὶ
3057 2537 3086 2589 6
3140 2536 3274 2598 τοὺς
3329 2536 3523 2604 λόγους
3555 2535 3721 2590 αὑτοῦ
3770 2536 4041 2605 ἀθετῶνή

2453 2625 2964 2696 παραλογιζόμενος
3005 2628 3085 2691 είς
3126 2627 3189 2681 16
3218 2628 3444 2698 Πνεῦμα
3483 2628 3578 2682 τοῦ
3606 2628 3745 2682 Θεοῦ
3791 2628 3853 2681 16
3885 2629 4041 2697 ὲνερ·

2453 2718 2586 2786 γοῦν
2618 2722 2713 2772 καὶ
2735 2718 2934 2772 λαλοῦν
2960 2721 3019 2773 ἂν
3042 2719 3195 2788 αὐτῷ
3230 2720 3676 2790 ἀμαρτάνει,καὶ
3699 2720 4039 2790 βλασφημεῖ.

2452 2812 2515 2867 Ρ.
2546 2812 2680 2867 Ἰδοὺ
2731 2812 2827 2865 καὶ
2887 2812 3048 2866 πάλιν
3102 2811 3217 2881 ἐγὼ
3268 2813 3405 2883 πρὸς
3436 2813 3562 2876 τοὺς
3594 2812 3859 2880 λέγοντας
3891 2812 4044 2882 ἔχειν

2453 2900 2750 2969 ἀγνώστως
2775 2901 2999 2971 Πνεῦμα
3022 2900 3178 2956 Θεοῦ.

2526 2995 2637 3050 LII.
2681 2996 2815 3063 Περὶ
2834 2994 3105 3059 ἀπαθείας
3137 2995 3231 3048 καὶ
3261 2993 3523 3064 ἐναρέτου
3553 2991 3734 3063 ζωῆς·
3761 2992 3855 3045 κιὶ
3887 2993 4040 3053 ὅπως

2452 3087 2560 3157 χρὴ
2605 3086 2667 3138 16
2699 3086 2903 3138 οἰκεῖον
2934 3084 3228 3140 ἐκκόπτειν
3261 3085 3499 3155 θέλημα,
3528 3086 3624 3138 καὶ
3660 3086 3741 3147 είς
3768 3082 3905 3153 ῦιιος
3943 3085 4041 3137 άν-

2454 3180 2710 3250 έρχεσθαι
2736 3178 3094 3248 τελειότητος,
3116 3180 3211 3232 καὶ
3236 3180 3368 3249 περὶ
3410 3179 3711 3246 συναφείας
3741 3177 3879 3230 Θεοῦ
3906 3178 4047 3247 πρὸς

2452 3272 2631 3343 ψυχὴν
2694 3271 2790 3325 καὶ
2834 3271 3013 3341 ψυχῆς
3070 3271 3208 3342 πρὸς
3243 3270 3426 3341 πῶμα,
3479 3272 3577 3325 καὶ
3628 3270 3878 3332 ένώσεως
3928 3270 4044 3322 τῶν

2454 3363 2623 3435 τριῶν
2666 3363 2973 3435 παραδόξου
3000 3378 3015 3395 ο
3069 3364 3166 3416 καὶ
3221 3367 3360 3434 πρὸς
3393 3365 3606 3427 τούτοις
3654 3364 4045 3434 πνευματικῆς

2458 3455 2736 3523 ἰατρείας·
2783 3454 2878 3506 καὶ
2903 3455 3051 3515 ὅπως
3095 3455 3205 3524 χρὴ
3244 3454 3580 3524 θεραπεύειν
3625 3455 3750 3517 τοὺς
3789 3453 4047 3522 ψυχικῶς

2452 3546 2839 3608 ἀσθενοῦντας.
2882 3543 2943 3597 Ρ.
3003 3545 3232 3608 Πολλοῖς
3282 3548 3397 3609 τοῖς
3455 3546 3513 3598 ὲν
3548 3546 3741 3615 κόσμῳ
3774 3544 4045 3607 πολλάκις

2453 3640 2890 3711 προσομιλήσας,
2916 3639 3008 3693 καί
3040 3656 3203 3692 τινων
3239 3640 3595 3710 συζητήσεων
3623 3638 3967 3708 ἀναμετσξύ.

2526 3732 2658 3787 LIII.
2701 3734 2838 3803 Περὶ
2868 3732 2978 3785 τῶν
3004 3733 3370 3786 δουλευόντων
3389 3732 3469 3803 τῷ
3494 3733 3639 3802 Θεῷ,
3667 3733 3813 3795 τίνες
3838 3750 3899 3786 τε
3930 3728 4047 3785 εἷεν

2452 3825 2547 3880 καὶ
2580 3825 2755 3878 ὁποῖοι
2793 3826 2887 3878 καὶ
2917 3826 3157 3880 ποταποί
3182 3842 3195 3858 ο
3223 3828 3319 3878 καὶ
3358 3826 3440 3889 τίς
3490 3826 3640 3878 ἐστιν
3664 3826 3692 3877 6
3735 3826 4047 3894 μετανοῶν,

2454 3920 2547 3971 καὶ
2581 3920 2615 3989 ή
2641 3920 2879 3988 ἐργασία
2921 3919 3089 3972 αὐτοῦ
3112 3935 3124 3948 ·
3160 3920 3257 3971 καὶ
3302 3919 3390 3981 τίς
3432 3919 3581 3970 ἐστιν
3618 3920 3647 3971 6
3673 3919 3773 3987 τὴν
3804 3922 4046 3989 ἀσκητι-

2455 4010 2558 4081 κὴν
2595 4009 2740 4079 ζωὴν
2769 4010 3198 4081 μετερχόμενος,
3234 4009 3332 4063 καὶ
3358 4012 3392 4081 ή
3433 4010 3669 4077 ἐργασία
3703 4009 3904 4063 αὐτοῦ’
3949 4012 4051 4062 καὶ

2453 4102 2539 4164 τίς
2571 4100 2846 4154 δουλεύων
2881 4101 3026 4171 Θεῷ,
3063 4102 3158 4153 καὶ
3187 4100 3246 4153 16
3284 4101 3445 4170 ἔργον
3476 4100 3645 4153 αὐτοῦ
3668 4117 3682 4131 ·
3718 4101 3813 4153 καὶ
3843 4101 3942 4154 ἐὰν
3968 4103 4051 4171 μὴ

2450 4194 2551 4257 τὰς
2587 4196 2789 4263 ἀρετὰς
2820 4193 3175 4265 κτησώμεθα,
3236 4194 3393 4248 οὐδὲν
3446 4195 3599 4263 ἡμᾶς
3660 4196 3693 4265 ή
3731 4194 4045 4265 ἀπαλλαγὴ

2456 4288 2593 4357 μόνη
2656 4287 2764 4340 τῶν
2816 4286 3007 4339 παθῶν
3059 4286 3361 4355 ὠφελήσει.
3413 4288 3475 4341 Ρ.
3520 4287 3861 4357 Ἐπειδήτιερ
3914 4288 4051 4341 ὅσον

2451 4380 2562 4433 ἀπὸ
2596 4380 2690 4432 τοῦ
2728 4379 2873 4433 θείου
2912 4380 3297 4451 βαπτίσματος
3347 4380 3722 4452 Χριστιανοὺς
3750 4381 3901 4451 ήμᾶς
3944 4382 4053 4433 αὑ-

2452 4472 2578 4534 τοὺς
2604 4471 2729 4540 δίχα
2759 4472 2868 4524 τῶν
2901 4472 3107 4540 ἔργων.

761 4558 856 4612 τοῦ
888 4558 1100 4630 Κυρίου
1134 4561 1352 4614 ἐλεύσει
1381 4564 1585 4625 πάντες
1610 4562 1877 4632 ἀλλήλους
1910 4564 2272 4633 γνωρίζουσιν
2297 4567 2344 4616 οί
2379 4595 2423 4649 D
2527 4561 2663 4617 LIV.
2703 4563 2839 4634 Περὶ
2870 4564 3095 4633 ἀγάπης
3143 4566 3238 4617 καὶ
3279 4563 3517 4628 πίστεως
3540 4580 3555 4596 ·
3597 4563 3693 4616 καὶ
3750 4564 3900 4626 ὅπως
3954 4582 4051 4627 τις

762 4652 931 4718 ἅγιοι.
991 4652 1051 4707 Ρ.
1123 4653 1432 4725 Τοιγαροῦν
1492 4654 1748 4724 ἐάσωμεν
1806 4655 1906 4719 τὰς
1966 4658 2203 4726 ματαίας
2250 4657 2344 4709 καὶ

760 4742 1063 4811 ἀνωφελεῖς
1096 4746 1447 4817 συζητήςεις.

834 4834 1070 4891 XLVIII.
1116 4839 1533 4909 Προτρεπτικὸς
1577 4842 1642 4894 ὲκ
1675 4841 1987 4911 προοιμίων
2048 4841 2131 4905 είς
2176 4841 2343 4911 μετά-

761 4944 934 4994 νοιαν,
964 4930 1060 4981 καὶ
1116 4931 1193 4993 είς
1223 4933 1284 4983 16
1312 4932 1475 5001 ῥητὸν
1516 4931 1614 4985 τοῦ
1649 4931 2001 4999 Ἀποστόλου,
2069 4932 2175 4997 Οῦς
2206 4948 2343 5003 προ-

763 5020 927 5085 έγνω,
966 5019 1188 5083 τούτους
1221 5023 1315 5075 καὶ
1348 5022 1652 5092 προώρισε,
1687 5025 1783 5077 καὶ
1817 5026 1896 5087 είς
1945 5026 2014 5077 τά
2044 5026 2173 5094 ἑξῆς
2196 5042 2211 5059 ο
2251 5027 2346 5079 καὶ

763 5110 907 5161 κατά
964 5112 1071 5163 τῶν
1129 5114 1538 5183 στρεϐλούντων
1572 5117 1707 5170 αὐτό
1759 5135 1818 5171 τε
1881 5118 1978 5171 καὶ
2028 5120 2211 5173 πᾶσαν
2245 5118 2346 5189 τὴν

761 5202 912 5255 θείαν
972 5202 1216 5275 Γραφήν.
1278 5205 1341 5260 Ρ.
1398 5208 1637 5271 Πολλοὺς
1671 5212 1888 5281 ἀκήκοα
1935 5210 2196 5279 λέγοντας
2238 5210 2346 5264 τῶν

761 5293 1084 5364 ἀνθρώπων,
1117 5298 1446 5373 Ἐπειδήπερ
1472 5303 1658 5371 φασὶν,
1695 5301 1803 5366 Οὒς
1835 5304 2087 5373 προέγ.ω
2122 5306 2149 5357 ὀ
2190 5305 2342 5367 Θεός.

835 5381 1026 5440 XLIX.
1068 5388 1161 5452 EI;
1194 5391 1253 5445 16
1284 5395 1448 5463 ῥητὸν
1479 5395 1573 5448 τοῦ
1607 5396 1963 5461 Ἀποστὸλου,
1994 5401 2051 5449 ἐν
2076 5391 2119 5464 ᾧ
2145 5398 2293 5466 λέγει
2326 5413 2342 5428 ⁸

764 5479 875 5530 Καὶ
923 5477 1064 5534 εἶδον
1097 5484 1189 5534 16v
1224 5485 1469 5538 τοιοῦτον
1522 5489 1601 5549 είς
1661 5488 1848 5558 τρίτον
1898 5488 2130 5557 οὐρανὸν
2167 5490 2346 5557 ἁρπα-

761 5571 948 5638 γέντα,
968 5575 1065 5626 καὶ
1092 5575 1408 5633 ἀκούσαντα
1432 5580 1649 5651 ἀρῤητα
1677 5583 1925 5651 ῥήματα,
1949 5581 1983 5634 ἂ
2006 5582 2107 5634 οὐκ
2134 5580 2345 5646 ἔξεστιν

761 5661 1036 5736 ἀνθρώπῳ
1064 5666 1310 5723 ἀκούειν.
1340 5670 1404 5723 Τί
1446 5668 1542 5725 οῦν
1580 5672 1717 5724 είσιν
1739 5672 1774 5726 ἀ
1799 5673 2042 5742 ἀκήκοεν
2072 5675 2101 5725 ὁ
2133 5672 2344 5734 Παῦλος

764 5758 977 5830 ἀῤῥητα
1011 5763 1269 5833 ρήματας
1303 5763 1439 5817 Τίνα
1470 5766 1526 5819 δὲ
1556 5766 1628 5819 τά
1656 5767 1838 5836 ἀγαθά
1872 5767 1909 5822 ἃ
1937 5765 2217 5837 ὀφθαλμὸς
2243 5767 2345 5819 οὐκ

764 5850 927 5920 εἶδεν,
973 5859 1067 5909 καὶ
1097 5856 1189 5921 οῦς
1218 5858 1319 5912 οὐκ
1360 5858 1585 5929 ήκουσε,
1622 5862 1715 5916 καὶ
1743 5861 1836 5914 ἐπὶ
1869 5861 2099 5932 καρδίας
2128 5858 2343 5929 ἀνθρώ-

2451 4654 2716 4725 ὲγκύμων
2753 4658 2969 4724 γίνεται
3010 4656 3112 4725 τῆς
3141 4654 3236 4707 τοῦ
3282 4655 3419 4708 Θεοῦ
3468 4656 3693 4725 ἀγάπης
3721 4698 3735 4720 ,
3767 4656 3863 4707 καὶ
3907 4661 4051 4725 περὶ

2451 4745 2779 4816 ἐλλάμψεως
2806 4750 2901 4799 καὶ
2953 4748 3189 4817 θεωρίας
3225 4746 3423 4816 φωτὸς,
3455 4748 3550 4799 καὶ
3607 4749 3878 4815 μυστικῆς
3911 4750 4053 4816 ὁμι-

2450 4843 2573 4904 λίας
2609 4841 2703 4895 τοῦ
2731 4840 3072 4910 Πνεύματος.
3105 4839 3165 4893 Ρ.
3207 4840 3268 4891 Εί
3298 4839 3447 4891 δοκεῖ
3476 4836 4052 4906 τοίνυνμάκούσωμεν

2447 4938 2544 4989 τοῦ
2580 4936 2838 5005 Σωτῆρος
2877 4932 3039 5003 ήμῶν
3076 4930 3215 4984 Θεοῦ
3255 4930 3557 5002 διαρρήδην
3618 4928 3876 4999 βοῶντος,
3941 4932 4051 4982 καὶ

2449 5024 2720 5093 λέγοντος.

2524 5117 2636 5172 LV.
2677 5116 2816 5187 Περὶ
2840 5113 3099 5184 γνώσεως
3129 5112 3394 5185 ἀληθινῆς
3418 5129 3434 5147 ⁸
3468 5115 3564 5167 x11
3604 5114 3741 5185 ὃτιή
3780 5114 3873 5167 τοῦ
3898 5115 4047 5168 Θεοῦ

2449 5210 2654 5281 γνῶσις
2705 5210 2808 5261 οὐκ
2842 5209 2907 5260 ὲκ
2949 5206 3315 5276 μαθημάτων,
3369 5206 3487 5259 ἀλλ’
3540 5209 3604 5259 ὲκ
3653 5207 4051 5278 καθαρότητος

2449 5306 2545 5361 καὶ
2571 5303 2671 5372 τῆς
2713 5301 2922 5354 ἄνωθεν
2958 5299 3184 5371 χάριτος
3239 5299 3545 5367 ἐπιγίνεται
3595 5297 3673 5368 τῷ
3733 5301 4022 5371 σπουδαίῳ

2452 5397 2562 5451 Καὶ
2601 5397 2686 5449 ὅτι
2734 5392 2973 5464 χαλεπὸν
3002 5393 3061 5444 16
3089 5391 3299 5462 κρίνειν
3325 5407 3340 5421 ·
3376 5390 3473 5443 καὶ
3513 5391 3739 5461 ἔλεγχος
3768 5394 3881 5444 τῶν
3926 5395 4052 5446 616-

2453 5486 2631 5557 μένων
2659 5486 2863 5538 εἰδέναι
2888 5484 2957 5536 τά
2988 5481 3080 5537 τοῦ
3116 5481 3438 5552 Πνεύματος
3468 5485 3638 5553 χωρὶς
3672 5484 4001 5554 Πνεύματος
4031 5506 4046 5517 ·

2450 5583 2508 5634 ὲν
2532 5574 2575 5648 ᾧ
2605 5580 2703 5633 καὶ⁵
2739 5578 2871 5649 περὶ
2901 5576 3001 5647 τῆς
3033 5577 3132 5629 τοῦ
3176 5575 3501 5645 Πνεύματος
3556 5577 3898 5647 ἁγιωσύνης.
3935 5580 4053 5632 Καὶ

2450 5669 2562 5728 οἷον
2592 5673 2799 5741 ἀγαθόν
2824 5674 2974 5725 ἐστιν
3002 5673 3035 5741 ή
3064 5670 3271 5734 πίστις,
3334 5671 3431 5724 καὶ
3462 5672 3546 5735 τίς
3601 5673 3630 5725 6
3669 5673 3882 5744 ταύτης
3908 5692 4055 5745 καρ-

2452 5770 2579 5831 πὸς,
2614 5770 2708 5821 καὶ
2738 5768 2892 5829 ὅπως
2940 5766 3232 5833 αὐξάνεται
3258 5780 3273 5796 ο
3314 5769 3408 5818 καὶ
3440 5766 3526 5819 ὅτι
3555 5768 3605 5819 οί
3630 5767 3724 5821 16v
3757 5770 4050 5840 θησαυρὸν

2452 5864 2509 5913 ὲν
2538 5861 2753 5923 ἑαυτοῖς
2779 5860 3077 5930 ἐσχηκότες
3112 5858 3207 5912 τοῦ
3246 5859 3590 5932 Πνεύματος,
3626 5860 3721 5912 καὶ
3755 5861 3819 5911 ὲν
3858 5862 4051 5926 ἄλλοις
