4188 6436
741 393 854 460 303

2053 388 2354 452 SYMEON
2426 387 2732 451 IUNIOR.

3906 391 4016 458 304

745 524 879 567 κονα
908 506 1245 581 φυλάξαντες
1276 508 1373 572 τὰς
1416 508 1661 578 πονηράς
1708 509 1969 579 δυνάμεις
1998 510 2095 563 τοῦ
2124 511 2323 583 άρχον-
2352 528 2401 586 Α
2430 512 2741 582 ριζόμενος,
2774 508 2885 571 τοῖς
2910 506 3013 561 ὐπὸ
3037 506 3132 562 τοῦ
3158 507 3316 577 άγίου
3342 508 3664 581 Πνεύματος
3682 510 4017 585 ἐνεργουμέ-

745 618 836 664 τος
866 598 962 653 τοῦ
1000 599 1224 661 σκότους
1250 599 1562 652 καταπατοῦ
1574 615 1676 652 σιν·
1707 601 1755 652 οί
1779 600 1834 651 δὲ
1858 598 2015 653 ἄλλοι
2037 596 2121 663 οἷς
2148 603 2328 671 ὲμπαι

747 692 846 763 θὴς
874 694 902 746 6
948 692 1083 762 βίος,
1114 692 1205 744 ὐπ’
1230 690 1395 744 αὐτοῦ
1426 690 1757 762 κρατοῦνται
1802 693 1899 747 καὶ
1920 692 2324 763 βασιλεύονται.

741 782 809 836 Ρ.
843 781 964 844 Φῶς
990 782 1018 832 6
1063 778 1403 851 Πατὴρ,φῶς
1427 780 1455 831 6
1488 778 1636 847 Υἱὸς,
1665 777 1778 848 φῶς
1804 780 1866 833 τὸ
1889 780 2045 850 ἆγιον
2079 780 2324 851 Πνεῦμα.

819 876 836 895 '
856 869 1096 926 XXXIV.
1124 871 1249 924 ὀτι
1278 872 1312 940 η
1341 870 1434 924 τοῦ
1471 868 1741 938 παναγίου
1785 872 2104 943 Πνεύματος
2134 871 2328 935 ἓνωσις

748 965 886 1035 πρὸς
908 962 1337 1033 κεκαθαρμένας
1368 962 1545 1033 ψυχὰς
1571 963 1629 1015 ὲν
1660 963 1909 1035 αἰσθήσει
1939 966 2133 1034 τρανῇ,
2162 964 2329 1035 ἡγουν

746 1058 808 1111 ἓν
834 1054 1128 1125 ἐπιγνώσει
1157 1054 1393 1123 γίνεται,
1442 1054 1536 1108 καὶ
1553 1055 1611 1107 ὲν
1628 1049 1713 1117 αἷς
1741 1055 1808 1108 ἂν
1834 1054 2081 1125 γένηται,
2102 1071 2332 1122 φωτοει-

746 1149 856 1213 δεῖς
878 1148 1075 1219 ὁμοίας
1107 1149 1303 1202 ἑαυτοῦ
1340 1148 1436 1202 καὶ
1486 1146 1600 1217 φῶς
1631 1148 1803 1211 αὐτάς
1834 1149 2233 1219 ἀπεργάζεται.
2267 1148 2329 1201 Ρ.

746 1240 1028 1315 Διίσταται
1072 1240 1183 1295 τῶν
1252 1239 1512 1313 ὁρατῶνὸ
1561 1239 1791 1311 ἀόρατος
1837 1240 2056 1303 πάντως
2082 1239 2176 1293 καὶ
2222 1238 2331 1292 τῶν

749 1335 1089 1405 κτισμάτων.

820 1422 1038 1481 XXXV.
1073 1424 1196 1477 Ὅτι
1228 1421 1428 1486 πάντες
1450 1422 1671 1491 ἄγγελοι
1703 1419 2112 1491 ὲλλαμπόμενοι
2157 1417 2329 1486 αὐγά-

747 1519 956 1583 ζονται,
987 1518 1082 1571 καὶ
1108 1516 1208 1588 την
1229 1514 1389 1582 δόξαν
1417 1515 1509 1568 τοῦ
1536 1513 1670 1567 Θεοῦ
1703 1513 2040 1584 καθορῶσιν,
2068 1511 2143 1573 ὡς
2171 1511 2330 1577 θεμι-

746 1605 840 1659 16v
868 1604 1187 1677 ἀνθρωπίνη
1221 1604 1384 1674 φύσει
1416 1604 1549 1676 ὁρᾷν
1578 1603 1734 1658 Θεόν.
1768 1604 1833 1658 Ρ.
1862 1602 2065 1672 Βλέψον
2096 1600 2329 1667 ἄνωθεν,

746 1698 849 1751 Θεέ
882 1715 1009 1768 μου,
1033 1698 1129 1751 καὶ
1153 1696 1448 1768 εὐδόκησον
1474 1696 1734 1767 φανῆναι.

819 1787 1062 1843 XXXVI.
1123 1789 1463 1860 Εὐχαριστία
1492 1787 1632 1857 ὑπὲρ
1683 1786 1781 1857 τῆς
1831 1785 2046 1857 ἑξορίας
2091 1786 2330 1841 καὶτῶν

2432 619 2564 667 νοις.
2593 603 2658 655 Ρ.
2692 600 2851 667 Δόξα,
2889 597 3060 667 αἶνος,
3092 602 3251 673 χάρις
3272 600 3351 671 τῷ
3383 603 3674 672 ποιήσαντι
3704 603 3803 675 τὴν
3832 607 4017 658 κτίσιν

2431 695 2492 760 ἐξ
2520 696 2619 748 οὐκ
2641 694 2836 750 όντων.

2502 786 2665 842 XLV.
2720 788 2857 859 Περὶ
2902 787 3183 857 θεολογίας
3234 788 3662 860 ἀκριϐεστάτης,
3715 790 3812 845 καὶ
3871 792 3955 844 ὅτι
3989 790 4019 842 6

2433 882 2509 952 μὴ
2535 882 2679 953 δρῶν
2695 880 2757 935 16
2784 880 2899 950 φῶς
2933 880 3034 948 τῆς
3061 879 3155 933 τοῦ
3180 879 3318 933 Θεοῦ
3342 881 3503 952 δόξης
3566 885 3763 952 χείρων
3808 884 4022 951 τυγχά-

2430 991 2514 1027 νει
2550 972 2793 1043 τυφλῶν.
2825 973 2894 1028 Ρ.
2921 968 2994 1026 Ὠ
3033 972 3428 1043 φιλοικτίρμων
3474 973 3575 1026 Θεέ
3624 991 3749 1045 μου,
3806 976 4021 1045 Ποιητά

2433 1080 2561 1132 μου,
2591 1062 2806 1133 λάμψον
2827 1062 3014 1116 πλεῖόν
3049 1080 3163 1132 μοι.

2505 1152 2693 1207 XLVI.
2746 1154 3171 1224 Ἐξομολόγησις
3198 1155 3332 1226 εὐχῇ
3364 1159 3686 1227 συνημμένη
3708 1172 3720 1185 ·
3758 1168 3853 1209 και
3884 1173 3952 1209 πε
3966 1159 4021 1225 ρί

2434 1245 2735 1313 συναφείας
2767 1246 3086 1317 Πνεύματος
3106 1247 3291 1314 ἁγίου,
3316 1250 3409 1301 καὶ
3437 1248 3727 1312 ἀπαθείας.
3752 1247 3815 1303 Ρ.
3846 1248 4019 1319 Ἐμά-

2434 1354 2630 1409 κρυνα,
2663 1336 3044 1408 φιλάνθρωπε,
3076 1337 3346 1405 ηὐλίσθην
3374 1340 3431 1391 ὲν
3460 1340 3671 1410 ἐρήμῳ.

2501 1428 2716 1485 XLVII.
2758 1432 2898 1501 Περὶ
2949 1431 3046 1485 τοῦ
3096 1430 3290 1496 νοητοῦ
3350 1432 3683 1502 παραδείσου
3728 1431 4018 1502 τηλαυγὴς

2433 1522 2642 1593 θεωρία
2675 1540 2690 1554 ·
2721 1523 2817 1577 καὶ
2844 1524 2976 1595 περὶ
2998 1523 3094 1577 τοῦ
3122 1524 3181 1575 ὲν
3210 1522 3361 1593 αὐτῷ
3394 1522 3555 1586 ξύλου
3594 1523 3763 1595 ζωῆς.
3802 1525 3865 1580 Ρ.
3915 1525 4020 1576 Εἰ-

2432 1614 2660 1685 λογητὸς
2688 1608 2740 1668 εἴ
2766 1615 2970 1686 Κύριος
3002 1631 3019 1648 ο
3053 1618 3347 1687 εὐλογητὸς
3384 1614 3435 1672 εἴ
3464 1620 3651 1689 μόνος.

2503 1705 2738 1761 XLVIII.
2787 1709 2909 1762 Ὀτι
2937 1707 3065 1774 δόξα
3094 1710 3187 1763 καὶ
3215 1712 3351 1781 τιμή
3386 1713 3505 1765 ἐστι
3537 1713 3705 1766 παντὶ
3735 1713 4019 1785 ἀνθρώπῳ

2432 1796 2806 1868 ὑϐριζομένῳ,
2838 1800 2938 1854 καὶ
2960 1800 3228 1872 πάσχοντί
3257 1802 3446 1866 κακῶς
3487 1804 3575 1857 διὰ
3605 1804 3741 1858 Θεοῦ
3766 1806 4015 1877 ἐντολὴν,

745 1880 1003 1948 θλίψεων,
1057 1872 1133 1931 ὦν
1168 1879 1381 1947 ὑπέστη
1415 1877 1474 1930 ὲν
1505 1876 1585 1945 τῷ
1614 1875 1733 1927 κατ’
1764 1875 1927 1929 αὐτὸν
1976 1875 2222 1946 διωγμῷ.
2262 1875 2326 1929 Po
2362 1869 2406 1925 Β
2434 1888 2468 1953 ἧ
2500 1889 2640 1960 ὑπὲρ
2675 1891 2850 1960 αὐτῆς
2892 1892 2997 1961 τῆς
3029 1869 3249 1963 ἐντολῆς
3301 1893 3398 1948 τοῦ
3444 1894 3581 1947 Θεοῦ
3629 1897 3824 1965 ἀτιμία
3856 1916 3869 1928 υ
3920 1869 4018 1952 καὶ

744 1972 1071 2043 Εὐχαριστῶ
1102 1988 1206 2039 σοι,
1233 1970 1429 2040 Κύριε,
1472 1967 1783 2038 εὐχαριστῶ
1817 1984 1922 2031 σοι,
1958 1967 2111 2037 μόνε.

813 2066 1087 2122 XXXVII.
1142 2068 1333 2135 Δέησις
1389 2065 1485 2117 καλ⁵
1520 2061 1801 2133 προσευχὴ
1850 2059 1946 2113 τοῦ
1988 2059 2153 2113 αὐτοῦ
2189 2059 2325 2130 πρὸς

744 2160 901 2227 Θεὸν,
971 2160 1072 2228 τῆς
1132 2157 1342 2211 ἐκείνου
1394 2156 1561 2208 ἕνεκα
1631 2154 1907 2224 βοηθείας.
1967 2154 2033 2206 Ρ.
2077 2152 2326 2206 Δέσποτα

744 2254 949 2325 Χριστέ
972 2268 983 2280 ·
1018 2250 1265 2303 Δέσποτα
1294 2247 1641 2319 ψυχοσῶστα,
1669 2247 1918 2303 Δέσποτα
1944 2244 2047 2298 Θεὲ
2079 2245 2319 2299 πάντων.

818 2343 1107 2402 XXXVIII.
1157 2342 1294 2413 Περί
1324 2340 1603 2409 θεολογίας
1630 2353 1645 2370 ο
1708 2338 1802 2391 καὶ
1857 2338 1939 2391 ὃτι
1985 2338 2013 2389 6
2052 2336 2177 2401 νοῦς
2222 2337 2324 2407 τῆς

743 2442 876 2512 ὕλης
931 2439 1039 2491 τῶν
1087 2435 1279 2489 παθῶν
1317 2432 1614 2503 καθαρθεὶς
1659 2430 1839 2494 άΰλως
1871 2432 1965 2483 16v
2004 2430 2169 2485 άύλον
2229 2430 2323 2483 καὶ

741 2534 977 2604 ἀόρατον
1036 2527 1263 2599 καθορᾷ.
1310 2528 1377 2583 Ρ.
1432 2524 1598 2577 Ποίαν
1652 2523 1769 2577 666v
1795 2522 2115 2593 ὀδεύσαιμις
2154 2522 2317 2576 ποίαν

742 2624 987 2679 ἐκκλίνω
1010 2622 1229 2693 τρίὸον;

810 2714 1054 2772 XXXIX.
1116 2714 1239 2767 Ὀτι
1271 2714 1298 2766 6
1330 2710 1494 2774 πόθος
1553 2708 1650 2764 καὶ
1699 2710 1732 2779 ἡ
1797 2708 1934 2778 πρὸς
1967 2707 2100 2761 Θεὸν
2128 2706 2323 2780 ἀγάπη

746 2807 1072 2879 ὑπερϐαίνει
1098 2807 1282 2859 πᾶσαν
1311 2805 1556 2873 ἀγάπην,
1582 2804 1678 2856 καλ.
1705 2801 1885 2854 πάντα
1914 2800 2078 2853 πόθον
2110 2800 2323 2871 ἀνθρώ-

743 2918 921 2956 πινον.
976 2886 1179 2967 Βοφεὶς
1228 2896 1284 2949 δὲ
1317 2897 1346 2949 6
1396 2894 1520 2959 νοῦς
1568 2894 1677 2947 τῶν
1718 2894 2135 2964 καθαιρομένων
2164 2895 2221 2945 ὲν
2247 2892 2325 2963 τῷ

746 2993 891 3064 φωτὶ
915 2991 1010 3045 τοῦ
1038 2990 1197 3053 Θεοῦ,
1226 2987 1343 3052 ὅλος
1384 2986 1624 3052 θεοῦται,
1652 2987 1745 3038 καὶ
1776 2987 1900 3048 νοῦς
1933 2986 2142 3039 ἐκεῖθεν
2186 3001 2324 3056 χρη-

747 3085 965 3155 ματεζει
996 3080 1251 3153 Χριστοῦ.
1280 3080 1344 3134 Ρ.
1364 3078 1673 3150 ’Δμήχανον
1696 3079 1757 3130 16
1790 3078 1985 3142 κάλλος
2013 3094 2132 3143 σου,
2151 3078 2324 3146 ἀσύγ-

743 3196 932 3250 κριτον
962 3177 1021 3231 16
1050 3172 1209 3240 εἰδος.

2432 1980 2682 2048 διάλογος
2711 1982 2849 2052 πρὸς
2877 1981 2976 2054 τὴν
3011 1984 3152 2038 ἰδίαν
3190 1984 3391 2054 ψυχήν,
3445 1985 3715 2041 διδάσκων
3757 1987 3848 2041 τὸν
3880 1988 4019 2042 ἀκέ-

2432 2090 2604 2128 νωτον
2630 2073 2863 2128 πλοῦτον
2891 2074 2987 2129 τοῦ
3012 2077 3357 2147 Πνεύματος.
3394 2079 3455 2133 Ρ.
3508 2080 3608 2143 Δός
3644 2097 3733 2147 μοι
3774 2079 3875 2150 τὴν
3922 2080 4016 2133 αἵ-

2434 2165 2648 2234 σθησιν,
2673 2167 2897 2238 Χριστὲ,
2919 2168 2987 2239 ἢν
3021 2168 3174 2232 ἅπαξ
3202 2169 3484 2241 ἐδωρήσω.

2506 2251 2714 2307 'XLIX.
2749 2256 2876 2309 Ὅτι
2904 2256 3053 2309 ἔστιν
3091 2257 3182 2310 ὅτε
3220 2260 3314 2311 καὶ
3348 2258 3439 2312 διά
3466 2258 3566 2330 τῆς
3609 2260 3838 2330 πλησίον
3888 2264 4017 2316 ἐπι-

2433 2345 2658 2416 μελείας
2722 2348 2818 2401 καὶ
2864 2349 3207 2419 διορθώσεως
3264 2353 3762 2419 συγκατασπᾶσθαι
3812 2355 3906 2405 τὸν
3937 2356 4004 2406 6-.-

2429 2435 2703 2491 δάσκαλον
2746 2438 2827 2502 εἰς
2860 2440 2962 2510 τὴν
2994 2440 3226 2494 ἐνοῦσαν
3261 2442 3460 2512 ἐκείνῳ
3480 2442 3575 2495 τοῦ
3610 2443 3819 2507 πάθους
3850 2445 4017 2497 ἀσθε-

2430 2542 2605 2581 νειαν.
2634 2526 2695 2581 Ρ.
2726 2527 2979 2597 Ἐλέησόν
3010 2547 3102 2599 με,
3128 2530 3325 2602 Κύριε,
3357 2532 3579 2603 ἐλέησόν
3610 2551 3701 2604 με,
3746 2536 3902 2604 μένε.

2510 2620 2593 2675 ‘L.
2634 2622 2771 2691 Περί
2800 2621 3037 2694 θεωρίας
3085 2624 3246 2689 Θεοῦ,
3294 2627 3390 2679 καὶ
3430 2627 3592 2679 θείων
3639 2630 4012 2698 πραγμάτων,

2430 2715 2526 2767 καὶ
2557 2714 2878 2785 Πνεύματος
2913 2716 3070 2784 ἁγίου
3095 2718 3402 2786 παραδόξου
3426 2721 3731 2791 ἐνεργείας,
3758 2722 3853 2772 καὶ
3880 2740 3950 2774 πε
3962 2727 4017 2791 ρί

2431 2807 2541 2859 τῶν
2578 2806 2726 2860 ἰδίων
2764 2808 2864 2876 τῆς
2911 2810 3075 2877 άγίας
3117 2813 3212 2864 καί⁵
3266 2813 3559 2882 ὀμοουσίου
3588 2813 3819 2883 Τριάδος
3860 2832 3872 2848 ·
3917 2817 4017 2866 καὶ

2430 2898 2513 2951 ὅτι
2560 2899 2588 2950 6
2638 2898 2714 2969 μὴ
2765 2899 2975 2967 φθάσας
3022 2902 3288 2956 εἰσελθεῖν
3326 2905 3407 2966 είς
3443 2904 3541 2975 τὴν
3577 2903 3856 2973 βασιλείαν
3902 2908 4017 2957 τῶν

2430 2989 2703 3057 οὐρανῶν,
2735 2990 2889 3044 οὐδὲν
2918 2990 3364 3064 ὠφεληθήσεται,
3411 2995 3515 3048 κᾶν
3571 2996 3729 3059 ἐκτὸς
3780 2997 4016 3067 γένηται

2431 3080 2540 3133 τῶν
2571 3080 2667 3132 τοῦ
2693 3081 2822 3152 ᾅδου
2851 3083 3154 3137 κολάσεων.
3189 3084 3253 3139 Ρ.
3294 3084 3360 3137 Τί
3383 3086 3445 3138 16
3474 3087 3531 3138 ὲν
3558 3088 3681 3155 ἐμοὶ
3710 3088 3861 3157 παρὰ
3916 3088 4015 3139 σοῦ

2430 3172 2815 3242 εἰργασμένον.

972 3226 1273 3338 ἱὁμολογία
1292 3266 1389 3337 τῆς
1415 3268 1634 3339 χάριτος
1655 3265 1765 3319 τῶν
1794 3264 1889 3318 τοῦ
1914 3263 2049 3319 Θεοῦ
2079 3264 2322 3334 δωρεῶν,
2351 3226 2396 3286 c
2636 3226 2782 3316 ⁸’Ὀτι
2850 3263 2947 3317 τοῦ
2990 3264 3317 3335 Πνεύματος
3366 3266 3675 3336 λάμποντος
3725 3270 3857 3338 ἡμῖν
3916 3271 4013 3322 10-3

744 3364 840 3418 καί
864 3364 1011 3425 ὅπως
1041 3363 1069 3415 6
1092 3357 1269 3413 ταῦτα
1298 3358 1525 3430 γράφων
1558 3356 1748 3427 Πατὴρ
1779 3357 2067 3426 ἐνηργεῖτο
2088 3354 2194 3408 ὑπὸ
2229 3354 2324 3409 τοῦ

748 3459 907 3526 ἁγίου
938 3454 1277 3525 Ιινεύματος,
1299 3455 1394 3507 καὶ
1413 3453 1736 3510 διδασκαλία
1770 3452 2003 3522 ρηθείσα
2029 3451 2134 3504 ὐπὸ
2164 3450 2322 3516 Θεοῦ,

744 3552 806 3604 16
835 3551 887 3603 τί
908 3550 989 3601 δεῖ
1013 3546 1274 3600 ποιοῦντά
1296 3562 1417 3599 τινα
1434 3545 1533 3614 τῆς
1551 3545 1660 3597 τῶν
1683 3544 2009 3614 σωζομένων
2046 3542 2325 3613 σωτηρίας

720 3645 951 3711 τυχεῖν.
988 3639 1050 3694 Ρ.
1094 3638 1265 3693 Πάλιν
1292 3637 1565 3707 ἐκλάμπει
1598 3652 1689 3707 μοι
1719 3637 1783 3688 τὸ
1805 3637 1922 3704 φῶς
1943 3650 1956 3663 ·
2000 3634 2161 3687 πάλιν
2189 3651 2322 3705 τρα-

745 3734 851 3796 νῶς
886 3733 1106 3803 ὁρᾶται.

821 3823 955 3880 XLI.
992 3822 1328 3894 Εὑχαριστία
1370 3820 1504 3891 πρὸς
1537 3821 1670 3873 Θεὸν
1703 3820 1844 3889 ὑπὲρ
1864 3820 1970 3872 τῶν
1992 3820 2116 3889 παρ’
2156 3817 2321 3871 αὐτοῦ

749 3915 1045 3986 γεγονυιῶν
1070 3912 1424 3984 εὐεργεσιῶν,
1448 3912 1543 3964 καὶ
1580 3912 1793 3981 αἴτησις
1820 3910 1916 3964 τοῦ
1942 3910 2157 3978 μαθεῖν,
2182 3911 2325 3972 τίνος

746 4013 907 4081 χάριν
936 4010 987 4062 οἰ
1042 4006 1240 4059 τέλειοι
1265 4002 1551 4073 γεγονότες
1576 4002 1683 4054 ὐπὸ
1710 4001 1820 4054 τῶν
1846 4002 2117 4071 δαιμόνων
2146 4017 2326 4071 παρα-

747 4100 1055 4174 χωροῦνται
1078 4094 1439 4169 πειράζεσθαι
1461 4111 1474 4126 ο
1518 4095 1614 4148 καὶ
1646 4093 1775 4163 περὶ
1804 4092 1913 4146 τῶν
1938 4094 2322 4162 άποτασσομέ.

746 4210 855 4245 νων
879 4189 959 4258 τῷ
988 4188 1179 4257 κόσμῳ
1212 4183 1555 4250 διδασκαλία,
1591 4184 1685 4236 καὶ
1716 4181 2065 4245 ὐποτύπωσις
2098 4185 2324 4253 ῥηθεῖσα

749 4282 899 4351 παρὰ
924 4278 1081 4333 Θεοῦ.
1113 4279 1172 4332 Ρ.
1236 4277 1534 4339 Γινώσκεις
1597 4275 1695 4343 τὴν
1751 4274 2030 4343 πτωχείαν
2074 4293 2201 4346 μου,
2249 4275 2323 4328 ῖδε

747 4374 845 4445 τὴν
868 4371 1158 4443 ὀρφανίαν.

808 4463 983 4519 'XLII.
1014 4463 1135 4516 Ὀτι
1171 4460 1222 4512 οί
1254 4458 1333 4529 τῷ
1352 4457 1473 4527 Θεῷ
1502 4455 1840 4511 άπεντεῦθεν
1861 4458 1961 4529 ἤδη
1985 4457 2075 4511 διά
2093 4456 2194 4527 τῆς
2227 4456 2323 4509 τοῦ

2426 3353 2588 3422 άγίου
2617 3355 2797 3410 πάντα
2835 3355 2943 3409 τῶν
2986 3356 3174 3411 παθῶν
3201 3359 3589 3427 φυγαδεύεται,
3640 3362 3717 3422 ὼς
3768 3362 3872 3414 ὑπὸ
3913 3364 4008 3415 10-2-

2428 3448 2606 3514 φωτὸς
2632 3448 2694 3501 16
2731 3448 2923 3511 σκότος
2954 3465 2967 3477 ⁸
3010 3450 3400 3513 συστέλλοντος
3436 3452 3494 3504 δὲ
3529 3453 3698 3504 αὐτοῦ
3723 3453 3821 3514 τὰς
3849 3455 4014 3506 ἀκτῖ-

2427 3556 2548 3603 νας,
2578 3538 2683 3591 ὐπὸ
2732 3539 2940 3592 τούτων
2964 3539 3056 3592 καὶ
3107 3540 3216 3594 τῶν
3251 3541 3506 3612 πονηρῶν
3556 3542 3864 3611 βαλλόμεθα
3921 3545 4014 3598 λο-

2427 3629 2667 3697 γισμῶν.
2698 3629 2759 3684 Ρ.
2815 3628 2889 3682 Τὸ
2932 3629 3045 3699 φῶς
3089 3647 3183 3684 σου
3218 3632 3562 3702 περιλάμπον
3617 3651 3684 3703 με
3724 3633 4016 3702 ζωογονεῖ,

2427 3722 2631 3791 Χριστέ
2665 3740 2790 3792 μου.

2505 3815 2619 3870 LII.
2650 3817 2784 3887 Περὶ
2816 3816 3102 3885 θεολογίας
3129 3834 3142 3847 ·
3182 3818 3275 3870 καὶ
3314 3819 3397 3870 ὅτι
3429 3817 3505 3888 τῷ
3549 3817 3622 3887 μὴ
3658 3818 4017 3873 ἀλλοιωθέιιτι

2426 3909 2493 3977 τῇ
2509 3908 2607 3961 τοῦ
2623 3909 2784 3977 ἁγίου
2807 3909 3130 3979 Πνεύματος
3156 3911 3444 3981 μετουσίᾳ,
3477 3912 3572 3963 καὶ
3589 3915 3839 3978 γεγονότι
3860 3914 4016 3966 θέσει

2428 4000 2488 4051 ὲν
2510 3998 2713 4067 γνώσει
2769 3999 2911 4069 Θεῷ,
2959 4000 3230 4053 διδάσκειν
3260 4001 3329 4054 τὰ
3354 4001 3473 4055 θεῖα
3518 4006 3643 4064 τοὺς
3687 4003 4019 4071 ἀνθρώπους

2426 4089 2529 4143 οὐκ
2586 4089 2815 4153 ἔξεστιν.
2847 4089 2907 4143 Ρ.
2940 4090 3038 4153 Τίς
3071 4106 3175 4159 μου
3205 4090 3671 4161 παραμυθήσεται
3706 4090 3798 4142 τὸν
3848 4093 4017 4144 πόνον

2427 4183 2528 4250 τῆς
2558 4182 2791 4253 καρδίας
2817 4197 2832 4247 ;

2498 4270 2828 4325 ’Llll.Ka16
2851 4269 3128 4326 διάλεκτον
3154 4270 3314 4335 Θεοῦ,
3338 4268 3543 4324 καὶτοῦ
3561 4272 3775 4340 Πατρὸς
3801 4272 3911 4324 τῶν
3929 4271 4019 4326 λό-

2428 4380 2540 4431 γων
2575 4365 2605 4415 6
2633 4363 2824 4430 Λόγος,
2856 4363 2950 4414 καὶ
2970 4363 3116 4424 ὅπως
3146 4361 3250 4413 ὐπὸ
3274 4360 3367 4413 τοῦ
3398 4361 3553 4426 άγίου
3582 4362 3899 4430 Πνεύματο;
3929 4364 4019 4413 ἐλ-

2427 4452 2779 4521 λαμπόμενος
2801 4454 2828 4503 ὁ
2851 4451 2992 4515 θεῖος
3025 4444 3178 4513 οὗτος
3202 4450 3391 4520 Πατὴρ
3404 4450 3600 4519 ὡμίλει
3626 4449 3768 4520 Θεῷ,
3792 4453 3887 4504 καὶ
3922 4452 4018 4504 ὐπ’

753 4558 913 4626 ἁγίου
946 4553 1264 4623 Πνεύματος
1296 4550 1609 4620 μετουσίας,
1635 4548 1932 4610 ἑνωθέντες
1962 4549 2324 4618 ἐκδημοῦντες
2355 4567 2403 4625 υ
2429 4543 2641 4595 ἐκείνου
2673 4544 3123 4610 ἑμυσταγωγείτο
3157 4540 3223 4593 τά
3263 4540 3382 4593 θεῖά
3413 4558 3471 4592 τε
3524 4542 3617 4593 καί
3666 4540 4015 4611 ἀνθρώπινα.

753 4648 847 4700 106
872 4646 1009 4717 βίου,
1032 4644 1115 4701 είς
1146 4641 1317 4695 αίῶνα
1357 4638 1506 4709 αὐτῴ
1532 4638 1745 4690 ἐκεῖθεν
1797 4636 2135 4692 συνέσονται.
2171 4638 2235 4691 Εἰ
2276 4640 2321 4691 δ’

757 4738 851 4794 οὖν
902 4737 1038 4791 ἀλλὰ
1073 4734 1133 4787 16
1166 4732 1436 4786 ἀνάπαλιν
1465 4732 1577 4793 τοῖς
1616 4729 1796 4793 άλλως
1827 4729 2048 4800 ἔχουσιν
2088 4730 2328 4784 ἐνταῦθα

756 4833 1068 4901 γενήσεται.
1093 4826 1155 4882 I'.
1191 4826 1361 4897 Ἀρχὴ
1381 4824 1475 4878 τοῦ
1504 4824 1621 4893 βίου
1644 4824 1797 4888 τέλος
1816 4841 1930 4894 μοι,
1968 4825 2064 4877 καὶ
2092 4825 2152 4877 16
2173 4824 2327 4888 τέλος

756 4924 899 4995 ἀρχή
929 4939 1039 4991 μοι.

832 5012 1018 5067 XLIII.
1069 5013 1191 5064 Ὅτι
1242 5011 1494 5079 κρεῖσσον
1523 5014 1580 5062 16
1627 5009 1811 5072 καλῶς
1854 5010 2247 5077 ποιμαίνεσθαι
2293 5010 2325 5081 ἢ

757 5107 883 5166 τούς
929 5106 1002 5173 μὴ
1058 5100 1418 5172 βουλομένους
1454 5099 1785 5168 ποιμαίνειν.
1809 5097 1987 5151 ῡύδὲν
2021 5098 2133 5169 γὰρ
2176 5101 2327 5153 ἔσται

758 5197 947 5265 κέρδος
985 5195 1063 5263 τῷ
1115 5193 1306 5254 ἄλλους
1375 5192 1472 5259 μὲν
1503 5190 1856 5252 σπουδάζοντι
1906 5188 2103 5251 σῶσαι,
2137 5188 2329 5241 ἑαυτὸν

756 5290 812 5342 δὲ
833 5288 920 5341 διὰ
951 5287 1049 5352 τῆς
1096 5286 1316 5338 ἐκείνων
1339 5282 1665 5336 άπολέσαντι
1691 5282 2048 5351 προστασίας.
2073 5283 2135 5337 Ρ.
2166 5281 2323 5343 Εἰπὲ,

759 5380 982 5447 Χριστὲ,
1011 5377 1088 5445 τῷ
1119 5376 1287 5443 δούλῳ
1322 5392 1438 5438 σου,
1468 5373 1588 5425 εἰπὲ
1616 5373 1677 5424 16
1705 5373 1821 5447 φῶς
1853 5358 1950 5424 τοῦ
1992 5373 2220 5441 κόσμου.

834 5467 1015 5522 XLII.
1072 5468 1135 5519 Τί
1169 5471 1282 5518 ἐστι
1334 5466 1394 5517 16
1429 5467 1546 5516 κατ’
1576 5465 1782 5527 εἰκόνα,
1817 5465 1913 5516 καὶ
1951 5464 2066 5527 πῶς
2101 5466 2329 5525 εἰκότως

757 5569 956 5615 νοεῖται
1008 5562 1080 5622 ὡς
1109 5560 1196 5611 τυῦ
1230 5558 1365 5613 Θεοῦ
1421 5560 1581 5610 εἰκὼν
1616 5561 1641 5609 ὁ
1677 5558 1962 5627 ἄνθρωπος
1985 5576 2000 5590 ν
2044 5561 2139 5610 καὶ
2194 5559 2275 5610 ὅτι
2300 5560 2329 5611 6

760 5657 883 5714 τους
916 5651 1143 5718 ἐχθροὺς
1171 5651 1240 5710 ὡς
1280 5651 1569 5716 εὐεργέτας
1594 5650 1765 5717 φιλῶν
1798 5651 2043 5718 μιμητής
2069 5651 2183 5700 ἐστι
2232 5650 2324 5701 τοῦ

756 5745 915 5797 Θεοῦ.
941 5743 1251 5809 Ηνεύματος
1280 5741 1331 5792 δὲ
1362 5741 1516 5807 άγίου
1546 5740 1794 5793 ἐντευθεν
1833 5742 2058 5810 μέτοχος
2086 5738 2326 5807 γεγονὼς

756 5838 900 5891 θέσει
933 5834 1081 5897 Θίδςί
1118 5837 1208 5887 καὶ
1242 5832 1419 5903 Χάριτε
1456 5834 1683 5901 γίνεται.
1712 5834 1897 5903 μένοις
1919 5835 2148 5897 ἐκείνοις
2181 5850 2327 5902 Υνω’

2431 4633 2490 4687 Ρ.
2526 4634 2708 4688 Deest.

2504 4725 2666 4780 'LIV.
2701 4727 2823 4778 Ὀτι
2857 4726 2965 4778 τῶν
2992 4724 3296 4796 ἀνθρώπων
3317 4725 3536 4795 ἑκάστῳ
3565 4726 3797 4780 δέδωκεν
3826 4728 3853 4781 ὁ
3874 4728 4015 4791 Θεὸς

2433 4816 2753 4885 προσφυῶς,
2799 4818 2893 4870 καὶ
2943 4817 3080 4886 πρὸς
3115 4817 3174 4869 16
3220 4818 3501 4886 συμφέρον
3550 4818 3612 4869 16
3635 4819 3880 4888 χάρισμα
3923 4821 4016 4874 δια

2433 4912 2752 4980 Πνεύματος
2780 4911 2939 4978 άγίου
2964 4912 3043 4973 είς
3069 4910 3129 4962 16
3158 4910 3425 4979 ἐνεργεῖν,
3472 4910 3570 4978 οὐχ
3614 4909 3805 4980 ὥσπερ
3843 4912 4014 4971 αὐτὸς

2434 5000 2598 5066 θέλει,
2631 5000 2748 5052 ἀλλ’
2780 5000 2854 5062 ὡς
2888 5000 2980 5052 ὐπ’
3011 4998 3177 5053 αὐτοῦ
3207 4999 3544 5070 προωρίσθη.
3598 5002 3676 5062 εἰς
3709 4999 3769 5051 16
3808 5000 3883 5069 μὴ
3920 5018 4017 5054 κε⁹

2432 5094 2521 5145 νὺν
2574 5088 2717 5145 εῖναι
2778 5094 2946 5160 μέσον
2999 5090 3102 5159 τῆς
3163 5089 3491 5159 Ἐκκλησίας
3541 5089 3729 5143 αὐτοῦ.
3784 5092 4015 5161 Absque

2432 5182 2721 5253 principio.
2761 5181 2954 5250 Incipit
2997 5196 3123 5235 vero
3158 5180 3364 5235 abillis
3416 5180 3782 5235 carminibus.
3844 5181 3988 5233 Ἕκα

2434 5289 2557 5324 στον
2589 5274 2688 5340 τὴν
2728 5270 3017 5341 ἐνέργειαν
3045 5270 3311 5340 κέκτηται
3354 5270 3454 5341 τὴν
3488 5269 3646 5325 ἰδίαν.
3720 5270 3861 5322 Ἀλλ’
3909 5274 4013 5323 οὐκ

2430 5367 2523 5433 ἀφ’
2558 5364 2757 5417 ἑαυτοῦ
2781 5363 2984 5428 λαόὼν,
3013 5363 3074 5427 ὲξ
3096 5364 3253 5432 ἡμῶν
3291 5361 3347 5414 δέ
3388 5378 3450 5429 γε
3480 5363 3719 5424 πάντως.

2505 5457 2639 5511 ‘LV.
2674 5458 2799 5509 Ὀτι
2833 5459 2947 5519 τοῖς
2980 5457 3039 5508 16
3066 5456 3220 5523 ἆγιον
3248 5456 3535 5525 βάπτισμα
3584 5457 3854 5523 φυλάξαει
3907 5476 4009 5510 και

2434 5552 2624 5619 cum,
2661 5549 2971 5618 παραμένει
3001 5548 3061 5599 τὸ
3092 5547 3318 5614 Πνεῦμα
3352 5548 3412 5598 16
3454 5547 3609 5613 ἆγιον
3637 5563 3649 5576 °
3675 5547 3782 5601 ἀπὸ
3816 5548 3873 5600 δὲ
3902 5550 4013 5601 τῶν

2437 5642 2784 5711 μολυνάντων
2819 5638 3361 5693 αὐτὸάπανίσταται.
3385 5637 3443 5691 Ρ.
3486 5638 3555 5688 Σύ
3591 5655 3657 5707 με
3689 5638 4011 5705 γινώσκεις,

2430 5730 2475 5790 ὦ
2505 5734 2730 5804 Χριστῖε,
2769 5734 2948 5802 πάσης
2980 5730 3330 5800 παρανομίας
3354 5732 3614 5800 ἐργάτην.

2502 5828 2637 5883 LVI.
2671 5828 2819 5899 Εὐχὴ
2851 5827 2987 5898 πρὸς
3019 5827 3107 5882 τὸν
3136 5828 3292 5895 Θεὸν,
3328 5826 3418 5878 ἐπὶ
3464 5826 3743 5895 γεγονόσιν
3786 5828 3867 5892 εἰς
3916 5828 4013 5882 αὐ-
