4188 6436
163 400 269 461 δοδ

162 617 266 669 ριε,
296 597 389 657 δός
427 609 516 661 μοι
548 590 786 648 σύνεσιν,
812 584 1008 654 Κύριε,
1035 583 1124 645 δός
1154 598 1245 650 μοι
1277 579 1500 647 γνῶσιν.

224 688 396 745 LVII.
429 687 554 738 Ὀτι
590 683 684 735 τὸν
711 680 845 734 Θεὸν
875 677 937 744 ἐξ
968 677 1097 741 ὅλης
1126 674 1371 743 ποθήσας
1398 669 1599 739 ψυχῆς,
1646 682 1736 735 μι-

164 784 243 833 σεῖ
269 781 363 832 τὸν
400 776 623 846 κόσμον.
658 774 719 828 P.
747 771 884 840 Σκιᾷ
932 765 1268 839 κρατοῦμαι,
1323 761 1419 816 καὶ
1475 757 1736 828 ἀλήθειαν

163 876 371 942 βλέπω.

230 964 437 1019 'LVlll.
467 959 795 1015 Διδασκαλια
824 956 977 1023 κοινῇ
1015 953 1111 1005 σὺν
1139 950 1347 1018 ἐλέγχῳ
1367 947 1502 1015 πρὸς
1530 944 1737 1004 πάντας

167 1056 426 1123 βασιλεῖς,
465 1052 760 1121 ἀρχιερεῖς,
794 1046 978 1113 ἱερεῖς,
1014 1041 1347 1113 μονάζοντας
1390 1038 1486 1089 καὶ
1515 1034 1738 1094 λαῖκοῦς

166 1147 268 1199 ὑπὸ
302 1143 576 1212 στόματος
626 1137 921 1206 λαληοεῖσα
972 1132 1068 1186 καὶ
1111 1127 1419 1198 λαλουμένη
1466 1123 1625 1177 Θεοῦ.
1676 1123 1735 1177 P.

164 1233 229 1289 Ὦ
270 1235 499 1304 Χριστὲ,
550 1232 836 1303 παράσχου
899 1243 989 1297 μοι
1043 1224 1237 1292 λόγους
1295 1219 1509 1289 σοφίας,
1546 1216 1739 1285 λόγους

163 1326 422 1393 γνώσεως
456 1322 626 1385 θείας.

228 1413 525 1468 Orationes
569 1412 788 1472 soluta;
838 1406 1033 1463 dit-inte
1104 1402 1341 1463 Laudes,
1373 1400 1486 1455 sive
1515 1397 1741 1451 Amores

166 1506 357 1559 stricta
405 1503 650 1556 oratione
710 1498 1007 1567 conscripti
1050 1505 1176 1551 sunt
1215 1512 1227 1548 :
1264 1506 1498 1559 namque
1526 1498 1586 1543 ut
1620 1489 1741 1558 plu-

168 1596 367 1648 rimum
396 1594 647 1648 versibus
699 1590 957 1661 politicis,
1016 1586 1268 1642 iatnbicis
1322 1593 1377 1638 et
1430 1582 1744 1637 Anacreon-

166 1688 288 1741 ticis
316 1694 595 1747 constant.
631 1685 704 1737 ita
747 1694 921 1738 tamen
956 1690 1015 1736 ut
1065 1680 1211 1735 nulla
1266 1677 1592 1750 quantitatis
1633 1674 1745 1744 syl-

167 1779 443 1841 labarum,
494 1778 637 1841 quod
664 1775 1077 1830 accuratissime
1104 1782 1317 1829 veteres
1357 1769 1743 1831 observabant,

166 1871 305 1923 ratio
329 1870 635 1935 habeatur;
667 1879 877 1924 tantum
919 1882 1107 1923 earum
1164 1880 1446 1925 numerus,
1508 1860 1749 1916 declina-

168 1963 461 2031 tionesque
496 1971 821 2017 accentuum
885 1960 1265 2016 attendantur.
1324 1956 1391 2009 Et
1445 1955 1584 2007 ratio
1644 1954 1748 2007 ista

166 2055 655 2119 confingendorum
713 2054 1017 2108 carminum
1049 2066 1154 2106 non
1213 2064 1357 2103 nunc
1408 2046 1643 2114 primum
1695 2044 1749 2097 in

168 2163 228 2200 ea
267 2150 520 2212 natione,
553 2147 646 2201 sed
690 2147 859 2200 multa
902 2145 1102 2198 abhinc
1134 2142 1355 2205 saecula,
1401 2137 1607 2193 laboris
1638 2136 1752 2189 lor-

170 2255 264 2293 san
295 2249 517 2310 pertesa
561 2249 688 2293 ante
743 2246 801 2291 et
872 2235 1124 2291 barbarie
1204 2233 1387 2287 omnia
1448 2238 1752 2299 occupante

170 2328 330 2394 (adde
395 2344 615 2399 quoque
670 2326 925 2380 similium
975 2338 1158 2380 rerum
1225 2320 1644 2392 ignorationem)
1696 2319 1750 2373 in

171 2436 270 2476 usu
305 2419 482 2474 fuisse
536 2419 870 2487 comperitur
905 2426 964 2470 ut
1020 2415 1268 2470 videmus
1310 2413 1365 2468 in
1422 2411 1598 2468 Photii
1658 2424 1754 2480 pa-

171 2514 450 2576 triarchae,
490 2509 873 2579 CitriSlOphori
911 2509 1068 2579 primi
1114 2523 1145 2561 a
1179 2507 1430 2573 secretis,
1484 2505 1751 2560 Constan-

170 2606 265 2658 tini
326 2606 684 2671 Anagnostte,
720 2601 979 2656 Ilanuelis
1023 2598 1363 2669 imperatoris
1424 2605 1479 2651 et
1520 2596 1753 2650 aliorum

172 2697 544 2759 hemiiambis,
592 2698 707 2751 sive
763 2692 1200 2756 Anacreonticis,
1232 2689 1417 2750 Pselli.
1447 2687 1757 2755 Metaphra-

173 2798 288 2850 stac,
324 2786 618 2850 Manassae,
667 2785 895 2855 Philippi
943 2783 1203 2848 Solitarii,
1237 2780 1503 2835 Mannelis
1564 2778 1753 2846 Philas,

175 2879 389 2933 Tzetza:
423 2880 624 2934 iambis
656 2877 966 2947 etpoliticis
1002 2893 1017 2929 :
1048 2889 1157 2944 quo
1208 2884 1386 2927 tamen
1424 2868 1755 2926 recentiores

174 2983 227 3024 et
261 2972 690 3040 negligentiores
725 2971 777 3022 in
811 2969 920 3023 illis
948 2966 1248 3037 pangendis
1274 2965 1446 3019 fuere.
1471 2962 1536 3015 Et
1568 2974 1759 3028 quem-

179 3062 477 3117 admodum
510 3060 892 3115 Anacrcontici
922 3074 1030 3113 non
1080 3072 1270 3111 omnes
1303 3054 1495 3109 eodem
1523 3054 1760 3125 syllaba-

1606 370 1941 431 ΝΟΤΙἸῚΑ.

157 513 267 568 τὸν,
308 500 588 570 ἱκετήριός
630 515 687 549 τε
717 492 877 562 ὁμοῦ,
915 489 1008 545 καὶ
1043 487 1493 560 εὐχαριστήριος.
1527 486 1589 536 Ρ.
1618 482 1734 536 Κύ-
1765 482 1813 538 Α

3303 356 3409 419 3ου

1983 480 2258 545 Αἰφνιδιον
2283 479 2478 534 πολλὰς
2504 473 2751 545 σκληρίρν·

1990 543 2158 601 Ὀποῦ
2193 545 2389 611 συνέϐη
2433 546 2529 611 μία
2570 543 2738 611 φορά·

1983 619 2263 684 Ἀνάμεσα
2288 617 2347 668 σὲ
2383 615 2476 667 δύο
2504 612 2848 675 νιουτζίκους

1979 690 2221 742 Θάνατον
2240 688 2383 753 λυπη
2396 686 2576 753 μένον,

1982 759 2092 812 Καὶ
2114 772 2394 824 παραπονε
2405 754 2563 820 μένον

1986 829 2034 883 σ’
2062 828 2139 881 ἕν’
2169 823 2379 895 ouoon
2408 823 2620 892 λιϐάδη.

2122 895 2227 950 ποῖ)
2255 894 2580 964 ξεφαντόναν
2614 894 2778 963 μάδη.

1844 1018 1907 1070 Et
1939 1030 2033 1084 pro
2064 1011 2367 1068 carminum
2442 1012 2633 1065 horum
2674 1008 2988 1081 generibus.
3026 1004 3291 1076 quidquid
3323 1004 3413 1055 alii

1844 1109 2049 1171 dicant,
2082 1122 2149 1161 ne
2187 1112 2342 1159 extra
2378 1103 2659 1157 materiam
2701 1098 2912 1154 diutius
2940 1110 3255 1168 evagemur,
3281 1096 3417 1147 satis

1843 1199 1972 1255 sint.

1915 1311 2191 1367 Gesnerus
2219 1325 2285 1365 ex
2330 1305 2614 1376 Capitibus
2699 1304 2989 1376 Symconis
3060 1300 3314 1371 practieis
3366 1306 3420 1353 et

1848 1403 2168 1473 theologicis
2204 1404 2349 1470 ponit
2422 1398 2803 1452 tantummodo
2882 1402 3131 1456 centum,
3192 1393 3257 1446 ad
3304 1392 3418 1445 [nec

1850 1497 1953 1551 alia
1997 1495 2185 1565 viginti
2216 1494 2479 1561 quinque.
2538 1489 2594 1542 In
2627 1488 2851 1541 llavaria
2905 1485 3233 1539 bibliotheca
3262 1484 3421 1544 longe

1850 1591 2005 1659 plura
2046 1586 2464 1654 suppeditantur
2491 1582 2670 1634 tribus
2721 1580 2899 1631 titulis
2933 1576 3080 1630 εΤοῦ
3119 1574 3269 1626 ὁσίου
3304 1574 3419 1625 Πα-

1848 1681 1974 1750 τρδς
1999 1678 2155 1748 ἡμῶν
2188 1672 2535 1742 Συμειὶινστοῦ
2566 1673 2704 1724 Νέου
2751 1668 3050 1735 Θεολὸγου,
3085 1674 3189 1720 etc.
3226 1666 3268 1717 l.
3319 1663 3425 1724 Κέ-

1851 1771 2056 1840 φαλαια
2114 1763 2396 1834 πρακτικὰ
2441 1764 2533 1815 καὶ
2587 1760 2873 1827 Οεολογικὶι
2914 1754 3015 1826 ρα’.
3044 1756 3097 1809 9.
3138 1753 3422 1823 Κεφάλαια

1788 1842 1825 1893 Β
1851 1864 1943 1917 τοῦ
1981 1861 2147 1915 αὑτοῦ
2178 1857 2479 1928 γνωστικὰ,
2507 1857 2600 1908 καὶ
2634 1857 2760 1922 περὶ
2800 1853 3081 1919 θεολογίας
3114 1848 3211 1902 κε’.
3240 1849 3293 1901 '5.
3316 1846 3423 1899 Τοῦ

1853 1954 2019 2010 αὐτοῦ
2056 1954 2324 2018 κεφάλαια
2356 1947 2644 2016 aeole-{tui
2670 1947 2764 1997 καὶ
2796 1942 3075 2014 πρακτικᾶ
3115 1941 3215 2012 ρβ’.
3263 1938 3337 1993 Ea
3361 1941 3426 1990 ad

1853 2057 2024 2099 unum
2064 2055 2263 2110 corpus
2295 2038 2575 2091 Pontanus
2605 2033 2832 2101 redegit.
2858 2028 3159 2098 vidensque
3198 2029 3253 2083 in
3279 2035 3425 2081 tanta

1856 2132 2205 2191 multitudine
2247 2144 2417 2200 pauca
2448 2136 2503 2183 ct
2560 2126 2794 2196 Sparsitn
2831 2123 3036 2179 inserta
3097 2119 3427 2191 theologica,

1855 2226 2155 2294 eademque
2249 2221 2496 2275 Practica
2578 2221 2802 2289 potius,
2872 2229 3037 2283 quam
3099 2212 3427 2283 Oswpmdt,a

1856 2332 2087 2374 numero
2123 2314 2327 2386 potiori
2352 2312 2576 2367 moralia
2612 2309 2947 2367 nominanda
2978 2306 3216 2371 censuit,
3251 2314 3306 2359 et
3329 2301 3428 2357 La—

1856 2414 1972 2469 tine
1999 2426 2123 2467 cum
2165 2409 2287 2465 aliis
2337 2406 2625 2479 Symeonis
2675 2402 2932 2473 cperibus
2968 2398 3287 2470 publicavit.
3319 2395 3430 2467 Ego

1854 2505 2041 2563 Graece
2110 2504 2283 2572 ipsius
2314 2502 2368 2556 in
2398 2499 2598 2556 Italicis
2646 2496 2991 2552 bibliothecis
3027 2495 3151 2563 legi.

1929 2598 1967 2652 Ι.
2000 2596 2289 2666 Κεφάλαια
2331 2594 2396 2665 ρ’.
2442 2593 2506 2648 Ρ.
2551 2591 2777 2659 Ἀδελφὲ
2820 2588 3030 2658 ταύτην
3083 2583 3220 2653 ἡγοῦ
3278 2581 3431 2649 λέγει

1860 2692 1985 2745 σθαι
2023 2687 2400 2758 ἀναχώρησιν,
2434 2684 2650 2738 τελείαν
2686 2682 2898 2753 κόσμου
2924 2682 3024 2751 τὴν
3058 2674 3322 2739 παντελῆ.

1930 2782 1998 2837 ll.
2061 2780 2348 2851 Κεφάλαια
2376 2777 2657 2847 πρακτικὰ
2687 2777 2782 2829 καὶ
2809 2770 3120 2840 θεολογικά.
3149 2767 3211 2823 P.
3239 2766 3435 2828 Πίστις
3518 2792 3527 2799 -

1860 2875 1978 2929 εστὶ
1993 2874 2054 2927 τὸ
2068 2873 2153 2927 διὰ
2169 2871 2402 2942 Χριστὸν
2419 2869 2563 2936 ὑπὲρ
2580 2868 2676 2938 τῆς
2690 2865 2855 2920 αὐτοῦ
2875 2863 3096 2931 ἐντολῆς
3120 2859 3434 2915 ἀποθανεῖν.

1929 2965 2015 3023 ΙΙΙ.
2053 2963 2361 3029 Κεφάλαια.
2397 2961 2457 3017 P.
2500 2961 2728 3013 ’Δδειαν
2754 2949 2911 3027 εὗρεν
2950 2958 2978 3009 ὁ
3013 2952 3258 3015 διάϐολος
3302 2948 3438 3021 μετὰ

1859 3057 1969 3112 τῶν
1985 3057 2149 3112 αὑτοῦ
2165 3057 2455 3125 δαιμόνων,
2473 3053 2566 3120 ἀφ’
2585 3046 2647 3106 οὗ
2682 3050 2776 3104 τοῦ
2802 3047 3153 3117 παραδείσου.

176 3169 322 3215 rum,
354 3168 422 3207 ac
476 3152 673 3222 pedum
706 3166 934 3205 numero
983 3147 1407 3211 concluduntur,
1470 3146 1543 3199 ita
1599 3156 1653 3199 et
1702 3144 1756 3197 hi

1934 3148 2028 3205 ιν.
2060 3150 2159 3203 Ἐκ
2197 3147 2289 3201 τοῦ
2321 3146 2487 3199 αὐτοῦ
2524 3144 2697 3209 λόγων
2731 3141 2953 3209 ὲκλογαί
2998 3155 3144 3200 τινες
3198 3133 3440 3201 θεολογι-

182 3260 328 3300 nunc
363 3245 640 3315 pluribus,
677 3256 822 3296 nunc
880 3239 1237 3312 paucioribus
1292 3237 1533 3308 syllabis,
1572 3236 1641 3288 ad
1667 3250 1762 3291 eo-

180 3353 297 3391 rum
363 3345 551 3390 tamen
625 3349 870 3390 normam
924 3338 1347 3401 componuntur.
1404 3326 1763 3381 ln‘iamhicis

180 3433 338 3486 aliter
378 3429 588 3483 factum
628 3436 713 3484 est
745 3446 760 3482 :
796 3440 919 3480 nam
951 3439 1077 3479 cum
1138 3430 1353 3476 veteres
1404 3420 1617 3473 ratione
1673 3434 1765 3486 pe«

180 3524 308 3577 dum
350 3522 690 3590 longiorum,
729 3526 821 3571 aut
856 3515 1289 3571 contractiorum
1344 3526 1487 3566 nunc
1542 3511 1765 3581 syllabis

183 3615 488 3679 auctiores,
542 3626 689 3666 nunc
736 3607 1140 3664 imminutiores
1191 3603 1367 3657 dictos
1396 3617 1589 3657 versus
1624 3600 1767 3656 fece-

183 3706 291 3759 rint
319 3704 455 3759 licet
490 3716 707 3770 semper
773 3698 969 3768 pedum
1052 3708 1338 3750 numerum
1400 3694 1766 3757 observat-int,

185 3797 531 3852 recentiores
562 3789 796 3862 syllabas
848 3799 1057 3843 tantum
1110 3799 1311 3853 easque
1364 3783 1653 3837 duodecim
1683 3797 1769 3836 re-

187 3886 549 3957 liglosissime
606 3891 846 3938 servant.
905 3878 1060 3945 Quod
1098 3877 1238 3931 idem
1271 3882 1549 3931 servatum
1581 3883 1666 3929 cst
1714 3874 1769 3926 in

190 3981 451 4050 politicis,
497 3977 554 4030 in
583 3975 782 4045 quibus
850 3969 1091 4042 syllabas
1151 3966 1462 4037 quindecim
1493 3977 1773 4033 nunquam

188 4072 507 4133 excedunt;
554 4077 607 4122 et
646 4067 689 4122 si
720 4080 841 4135 qua:
870 4064 1013 4118 ultra
1029 4062 1305 4127 videntur,
1333 4072 1426 4114 eas
1458 4072 1555 4125 per
1590 4055 1773 4124 apute-

190 4166 383 4227 resim,
420 4162 541 4216 sive
591 4157 964 4230 synalmpliem
1000 4154 1290 4209 decurtant
1343 4158 1398 4205 et
1452 4150 1770 4210 absumunt,

192 4257 335 4326 quod
364 4255 545 4321 magis
577 4252 630 4305 in
658 4251 969 4305 Graecorum
1019 4244 1248 4307 recenti,
1302 4241 1629 4310 vulgatoque
1662 4253 1777 4293 scr-

195 4364 377 4411 mone,
416 4356 480 4399 ιιι
508 4345 643 4398 etin
684 4341 966 4404 Italorum,
996 4336 1139 4408 apud
1188 4348 1326 4405 quos
1361 4332 1568 4387 similes
1589 4329 1776 4383 hiatus

196 4445 257 4498 ad
297 4455 596 4496 numerum
651 4436 981 4506 syllabarum
1052 4429 1394 4486 retinendum
1443 4426 1779 4493 restringun-

1864 3241 1981 3294 καί.
2014 3240 2072 3293 Ρ.
2120 3241 2216 3292 ’ον
2246 3239 2446 3308 τρόπον
2485 3238 2541 3290 αἱ
2572 3236 2759 3305 νοεραὶ
2786 3232 2967 3296 τάξεις
2997 3230 3103 3283 τῶν
3128 3228 3240 3281 ἄνω
3278 3224 3440 3279 δυνάο

1869 3349 2013 3402 μεων
2051 3332 2156 3385 ὑπὸ
2187 3330 2342 3384 Θεοῦ.
2384 3329 2441 3383 lu
2483 3327 2811 3383 bibliotheca
2854 3323 3137 3385 Vaticana,
3179 3316 3443 3391 quemad-

1868 3424 2088 3479 modum
2120 3433 2175 3477 et
2204 3422 2461 3492 pleraque
2493 3420 2765 3489 alia,quae
2819 3430 2992 3486 supra
3036 3410 3442 3473 recensuimus,

1868 3515 2143 3569 habentur
2186 3522 2446 3581 prretcrca
2473 3509 2721 3579 ejusdem
2750 3522 2963 3578 preces.

1940 3604 2005 3658 V.
2046 3603 2403 3670 Principium,
2438 3600 2593 3653 ἘλΘὲ
2630 3601 2663 3668 ἡ
2692 3593 3149 3669 κρυσταλλοιιδὴς
3178 3593 3317 3663 ζωὴ,
3349 3589 3445 3644 καὶ

1868 3695 2128 3759 διάλιθος,
2172 3696 2266 3747 καὶ
2289 3691 2767 3763 πσντοκρατορικὴ
2805 3689 2979 3753 δεξιά.

1951 3786 2032 3840 Vl.
2062 3786 2421 3853 Principium,
2465 3783 2639 3854 Κύριι
2670 3781 2853 3853 Ἰησοῦ
2891 3778 3121 3852 Χριστὶ,
3182 3778 3211 3832 ὸ
3263 3773 3449 3845 πάσης

1875 3880 2103 3942 κτίσεως
2131 3880 2393 3946 Ποιητής.

1949 3967 2060 4022 VII.
2097 3968 2189 4030 Ei;
2212 3968 2270 4019 τὸ
2302 3966 2456 4034 ἆγιον
2484 3964 2733 4033 Πνεῦμα.
2765 3962 2826 4018 Ρ.
2868 3964 2959 4017 Σοὶ
3023 3961 3172 4036 μόνῳ
3232 3964 3447 4036 ἀγαθῷ,

1876 4062 1972 4115 καὶ
1996 4058 2275 4128 παναγίῳ,
2301 4057 2395 4110 καὶ
2420 4055 2671 4127 ζωοποιῷ
2698 4056 2999 4126 Πνεύματι.

1949 4151 2082 4206 Vlll.
2121 4150 2335 4221 Ἑτέρα.
2364 4148 2425 4206 Ρ.
2462 4148 2634 4219 Κύριε
2672 4146 3095 4219 παντοκράτωρ,
3148 4148 3183 4219 ἠ
3242 4149 3453 4220 ὕστερά.

1878 4260 2067 4314 πειρος
2101 4242 2196 4296 καὶ
2222 4242 2623 4309 ἀνέκιρραστος.

1952 4312 2006 4388 ι..
2036 4334 2371 4389 Bibliodieca
2403 4334 2623 4387 Antonii
2672 4333 2962 4401 Augustini
2990 4312 3119 4388 cod.
3163 4334 3253 4397 86.
3291 4335 3459 4390 hahe~

1883 4429 2081 4481 bantur
2114 4426 2353 4491 ejusdem
2384 4443 2396 4479 :
2431 4423 2622 4491 Capita
2661 4424 2900 4491 practica
2928 4434 2974 4477 et
3009 4423 3297 4492 theologica
3332 4424 3456 4481 iOI.

196 4546 301 4601 tur,
341 4532 706 4610 conspicitur.
766 4525 981 4580 Politiei
1024 4524 1145 4578 ideo
1180 4520 1335 4584 dicti,
1366 4516 1512 4587 quod
1538 4529 1776 4569 conimu-
1810 4518 1855 4573 ο
1892 4516 1964 4569 De
1992 4515 2252 4582 theologia
2282 4514 2390 4567 alia
2420 4513 2606 4579 Capita
2640 4512 2729 4567 25.
2782 4512 2907 4566 Alia
2935 4512 3122 4579 Capita
3164 4514 3459 4583 theologica

201 4645 291 4683 nes
321 4624 579 4679 omnium
622 4620 825 4674 civium
873 4621 1025 4676 sunt,
1060 4612 1293 4679 usuique
1324 4622 1514 4665 eorum
1559 4619 1779 4659 accom-

202 4720 454 4782 modati;
511 4715 595 4769 sic
660 4723 880 4780 quoque
952 4714 1134 4761 scorta
1175 4710 1229 4757 et
1253 4700 1565 4756 meretrices
1636 4694 1781 4765 quod

202 4812 462 4866 omnibus
497 4814 630 4861 sunt
680 4799 1023 4866 obsequiosm
1061 4804 1118 4851 et
1169 4794 1497 4865 peculiares,
1540 4798 1593 4843 et
1617 4786 1786 4842 sei-vi-

203 4917 369 4961 intem
405 4902 685 4974 publicam
729 4896 994 4954 serviunt,
1074 4904 1183 4943 non
1248 4886 1356 4939 alio
1424 4882 1630 4945 addito,
1686 4878 1781 4935 sed

204 4998 551 5057 solummodo
598 4990 893 5045 πολιτικῶν
942 4986 1162 5041 nomine
1216 4983 1587 5036 innotescunt.
1652 4976 1785 5030 Meri

205 5090 493 5149 Trocbaici
525 5094 677 5147 sunt,
736 5077 1192 5152 quemadmodum
1246 5072 1392 5128 enim
1443 5070 1519 5123 illi
1576 5077 1783 5137 septem

208 5186 438 5257 pedibus
472 5190 528 5235 et
570 5177 776 5248 syllaba
830 5177 1108 5233 constant,
1166 5167 1238 5220 ita
1289 5175 1341 5219 et
1384 5163 1438 5217 hi
1467 5180 1480 5215 :
1514 5160 1618 5215 nisi
1645 5156 1788 5229 quod

209 5250 564 5345 antiquorum
614 5266 822 5320 similes
854 5274 1047 5315 versus
1098 5258 1312 5311 ratione
1343 5253 1540 5324 pedum
1564 5250 1789 5315 longio-

209 5340 690 5436 rum-quindecim
731 5355 971 5427 syllabas
1012 5349 1307 5419 aliquando
1334 5345 1628 5404 excedunt,
1654 5340 1794 5410 poli-

207 5461 294 5516 tiei
321 5434 630 5523 nunquam,
670 5457 730 5501 ut
753 5448 818 5501 de
843 5442 1091 5500 iambicis
1121 5441 1329 5495 dictum
1363 5444 1469 5492 est.
1504 5434 1569 5487 Et
1602 5447 1795 5502 quem.

212 5548 501 5607 admodum
523 5543 873 5609 antiquorum
904 5536 1119 5591 duobus
1141 5532 1401 5587 membris
1429 5531 1789 5596 integrantur,

214 5638 489 5704 mediique
527 5630 867 5690 inciduntur,
913 5626 988 5679 ita
1049 5632 1103 5679 et
1147 5621 1202 5676 lii
1257 5620 1351 5691 qui
1408 5626 1795 5688 nuncupantur

217 5727 415 5799 politici
457 5742 471 5778 :
512 5719 936 5788 sitexemplum.

366 5816 675 5873 Ἀκούσατε.
708 5811 773 5866 vi
810 5811 911 5876 σᾶς
931 5808 1069 5863 εξπῶ

1880 4618 1927 4662 et
1960 4608 2197 4675 practica
2229 4606 2350 4659 102.
2371 4605 2505 4657 Cod.
2548 4604 2638 4660 87.
2665 4603 2941 4658 Sermones
2969 4605 3057 4660 '55.
3084 4604 3461 4661 lustitutiones

1882 4700 1945 4752 de
1973 4699 2252 4751 dilectione
2289 4697 2368 4749 vel
2410 4697 2690 4756 cliaritate,
2755 4705 2803 4746 et
2852 4696 3033 4762 quales
3093 4711 3205 4752 esse
3276 4696 3464 4750 debeat

1886 4789 2245 4858 spiritualium
2283 4789 2510 4841 t-irorunt
2536 4789 2655 4841 vita:
2687 4798 2736 4840 et
2774 4789 3023 4843 actiones.
3076 4786 3325 4854 Ejusdem
3360 4787 3465 4841 Ca-

1885 4883 1995 4951 pita
2025 4880 2259 4946 practica
2290 4888 2335 4930 et
2368 4876 2656 4944 theologica
2706 4875 2827 4928 100.
2892 4875 2967 4928 De
3026 4877 3349 4943 paenitentia,
3412 4883 3463 4930 et

1887 4987 2003 5041 qua:
2038 4986 2186 5039 agere
2216 4969 2385 5028 debet,
2436 4968 2525 5036 qui
2554 4983 2715 5034 nuper
2755 4972 3018 5033 confessus
3055 4976 3151 5020 est.
3186 4968 3267 5019 Ad
3297 4984 3468 5025 unum

1887 5076 1951 5115 ex
1982 5061 2250 5129 discipulis
2300 5061 2444 5123 suis,
2493 5060 2753 5122 quomodo
2809 5069 2975 5126 potest
3049 5060 3167 5126 quis
3223 5067 3464 5111 sanctum

1890 5155 2059 5208 t'irum
2091 5168 2259 5206 nosse.
2300 5149 2438 5204 Cod.
2469 5151 2592 5204 57.:
2628 5150 2710 5203 Ea:
2762 5149 3015 5219 Symeone
3060 5149 3319 5220 Tlteologo
3355 5149 3466 5205 Ea:-

1893 5257 2069 5315 cerpta
2103 5246 2167 5298 de
2197 5244 2427 5298 silentio.
2468 5242 2526 5295 In
2576 5243 2903 5297 bibliotheca
2936 5242 3080 5311 regis
3137 5242 3414 5297 Gallorum
3446 5262 3461 5298 :

1896 5338 2168 5409 Symeouis
2205 5336 2445 5389 Junioris
2469 5334 2749 5403 pra'positi.
2770 5334 3089 5387 monasterio
3131 5332 3315 5388 Sancti
3341 5333 3466 5387 Ma-

1894 5431 2088 5485 mantis
2113 5428 2359 5496 Capitula
2390 5428 2625 5494 praclica
2655 5435 2702 5479 et
2759 5426 3045 5493 theologica
3072 5426 3189 5481 101.
3214 5425 3469 5493 Ejusdem

1896 5522 2146 5591 Capitula
2180 5520 2412 5590 quoslica
2438 5518 2529 5571 25.
2567 5516 2818 5584 Ejusdem
2851 5517 3183 5578 Etlu'ca,ctc.
3218 5514 3469 5584 Ejusdem

1895 5621 1957 5672 de
1990 5614 2289 5684 di/ferentia
2352 5609 2627 5679 προσοχῆς
2695 5618 2748 5663 et
2816 5608 3148 5678 προσευχῆς.
3216 5606 3468 5677 Ejusdem

1898 5715 2158 5775 pra'cepta
2195 5704 2263 5755 ad
2291 5704 2452 5755 vitam
2501 5703 2849 5754 monasticam
2922 5699 3170 5769 Ejusdem
3197 5702 3346 5753 varia
3372 5700 3472 5754 Ca-

1896 5799 2089 5869 pitula.
2128 5794 2377 5864 Ejusdem
2410 5793 2474 5849 de
2519 5793 2821 5862 perniteutt'a
2872 5803 2921 5849 et
2977 5791 3296 5863 perfectione
3347 5792 3464 5853 vita
