4188 6436
186 405 296 468 309

812 512 921 568 Τοῦ
946 511 1151 568 αὐτοῦ.

186 603 256 659 Ὦ
274 605 456 675 μύστα
482 604 628 659 θείου
667 606 989 677 Πνεῦματος
1025 605 1367 677 μυστηρίων,

187 698 300 753 Καὶ
333 698 665 770 μυσταγωγδ
701 697 993 768 δογμάτων
1015 697 1372 769 ἀποκρύφων.

194 793 255 845 '0
278 790 401 861 φῶς
423 789 641 863 μεθέξει
670 790 767 844 τοῦ
802 790 962 861 φύσει
993 787 1211 863 πρώτου
1241 789 1410 859 φάους

188 882 315 946 Υἱὸς
343 882 482 938 Θεοῦ
500 900 558 937 τε
582 883 678 937 καὶΙ
699 880 834 946 Θεὸς
859 882 1227 955 χρηματίσας,

194 976 286 1040 Ὠς
302 976 417 1031 τῶν
448 975 697 1047 ἀπείρων
723 974 958 1046 θλίψεων
982 975 1074 1029 καὶ
1100 974 1359 1029 ποικίλων

188 1068 443 1138 suppa;
483 1064 725 1136 ἐνεγκὼν
745 1068 843 1137 τὴν
874 1066 1194 1138 ἐπηρμένην
1233 1065 1429 1135 φλόγα,

187 1156 299 1210 Καὶ
332 1156 413 1228 μὴ
455 1157 757 1229 μαλαχθεὶς
786 1160 854 1230 τῇ
898 1158 1151 1227 πυρώσει
1188 1157 1289 1221 τὰς
1315 1156 1542 1229 φρένας.

188 1248 367 1318 Ἀρας
390 1249 587 1317 στέφος
618 1266 680 1303 τε
706 1248 1007 1321 μαρτύρων
1039 1249 1299 1317 ἐπαξίως.

187 1342 257 1395 Σὺ
292 1341 397 1411 μὲν
426 1341 675 1411 καθαρὰς
701 1342 810 1395 τῶν
838 1341 1030 1413 θυμῶν
1066 1342 1166 1411 τὴν
1204 1341 1462 1406 πεντάδα,

188 1433 399 1503 Ἰδρῶσι
425 1435 640 1498 πολλοῖς
666 1432 918 1504 πράξεων
940 1434 1218 1505 ἑναρέτων

187 1527 295 1579 Καὶ
333 1527 438 1594 τῆς
459 1526 733 1598 προσύλου
764 1526 1134 1598 προσπαθείας
1155 1525 1266 1582 τῶν
1295 1525 1449 1580 κάτω

188 1616 259 1671 re
288 1616 389 1671 τοῦ
417 1618 535 1683 νοδς
560 1620 820 1690 φρόνημα
864 1620 1043 1691 πάντη
1066 1618 1310 1692 χωρίσας

186 1708 306 1778 Θεῷ
335 1710 617 1781 παρέσχες
651 1711 848 1765 σαυτὸν
875 1712 955 1776 είς
982 1712 1291 1767 κατοικίαν.

188 1799 362 1863 Αὐτὸς
401 1802 459 1855 δέ
486 1818 581 1855 σου
606 1802 696 1856 τὸν
723 1800 873 1858 εἶκον
905 1804 1159 1870 είσδύνας
1183 1805 1340 1869 δλως,

188 1891 470 1963 Ἔπλησεν
493 1895 655 1958 εὐθὺς
696 1896 931 1965 ἀφθόνου
972 1897 1262 1967 μετουσίας

185 1982 310 2034 Τῶν
342 1983 701 2053 ἐπταρίθμων
741 1985 1061 2055 Πνεῦματος
1089 1987 1449 2058 χαρισμάτων
1478 2000 1491 2015 ⁸

186 2067 556 2133 Καταξιὼσας
584 2068 684 2124 εἷθ’
710 2071 885 2137 οὕτως
918 2074 1018 2144 σὴν
1058 2074 1307 2144 καρδίαν,

197 2159 318 2228 Ἀφ’
352 2154 539 2232 ἧσπερ
570 2162 914 2233 ἔκρεύσαντα
947 2163 1137 2236 ῥεῖθρα
1171 2165 1279 2219 τῶν
1306 2164 1501 2233 λόγων,

187 2253 429 2323 Χριστοῦ
456 2258 851 2327 καταρδεύουσι
891 2259 989 2327 τὴν
1018 2258 1371 2329 Ἐκκλησίαν,

187 2347 297 2399 Καὶ
327 2347 531 2418 δεῖγμα
559 2349 663 2419 τῆς
693 2350 793 2421 σῆς
825 2353 1098 2424 μυστικῆς
1123 2351 1360 2421 θεωρίας

190 2438 299 2493 Ἰἰν
338 2456 425 2493 σοι
456 2442 733 2514 παρέσχεν
769 2446 801 2514 ἡ
835 2444 1102 2516 κάθαρσις
1137 2445 1420 2499 πλουσίαν.

188 2529 397 2584 [lunai
432 2533 531 2602 μὲν
555 2534 714 2589 άλλαι
742 2536 853 2589 σῶν
880 2535 1214 2607 πονημάτων
1250 2536 1444 2608 βίϐλοι,

194 2626 294 2685 Ἀς
329 2625 707 2691 συντέθεικας.
735 2628 835 2697 τὴν
863 2630 1223 2684 συνοικοῦσαν
1282 2631 1446 2702 χάριν

192 2716 299 2769 Τοῦ
331 2719 780 2791 πανσθενουργοῦ
805 2721 946 2774 Πνεύ
956 2739 1127 2791 ματος
1149 2739 1318 2790 κεκτη
1329 2722 1509 2790 μένος,

191 2809 307 2875 Τὴν
335 2810 458 2862 θεῖα
508 2812 716 2876 πάντας
741 2814 1209 2883 μυπαγωγοῦσαν
1235 2814 1430 2885 φρένα,

191 2902 546 2965 Παιδεύσεως
575 2903 683 2971 γὰρ
713 2905 813 2972 τῆς
847 2905 1194 2975 πατουμένης
1230 2906 1365 2969 ὅλως

191 2998 499 3062 ’Ᾱγευστος
524 2993 690 3067 ἦσθα,
720 3000 903 3053 πάντα
930 2999 1098 3069 τῦφον
1129 3000 1412 3054 ἐκκλίνων.

192 3090 367 3141 Πλέον
392 3087 451 3141 δὲ
487 3090 680 3141 πασῶν
704 3092 738 3159 ἡ
770 3089 1023 3161 παροῦσα
1048 3093 1309 3156 δεικνύει,

196 3182 299 3233 Ἦν
332 3181 615 3252 ἔμμετρον
643 3182 741 3251 μὲν
776 3182 872 3237 καὶ
912 3184 1175 3254 στιχηράν
1214 3184 1423 3251 ὲξέθου,

202 3277 289 3333 Ὠς
323 3276 507 3329 πάντα
557 3276 814 3344 πράττων
845 3278 942 3330 σὺν
967 3278 1107 3345 λόγῳ
1128 3296 1185 3332 τε
1209 3278 1304 3332 καὶ
1331 3279 1535 3351 μέτρῳ,

192 3370 299 3421 Καὶ
335 3368 494 3433 τάξιν
516 3369 672 3433 είδὼς
698 3371 830 3424 πᾶσι
864 3371 1065 3441 μᾶλλον
1094 3373 1424 3442 ὲμπρέπειν.

194 3463 402 3532 Στίχων
422 3463 469 3517 δ’
494 3463 729 3534 ἀριθμὸν
752 3464 1113 3528 συντεθεικὼς
1143 3465 1382 3535 μυρίων,

204 3554 587 3609 Ἐπτακοσίων
616 3556 961 3625 πεντήκοντα
992 3558 1086 3613 καὶ
1117 3558 1211 3613 δύο

195 3647 394 3716 Σαφῶς
426 3649 707 3718 παριστᾷς
735 3647 844 3701 σῶν
876 3648 1058 3702 καλῶν
1095 3651 1367 3722 κορωνίδα

195 3738 305 3805 Τὴν
330 3737 580 3806 παντελῆ
614 3737 885 3808 κάθαρσιν
916 3741 1312 3813 αἰσθητηρίων.

194 3830 315 3892 Πῶς
351 3828 506 3892 ἐντὸς
528 3829 698 3898 ἤγουν
721 3830 816 3882 καί
840 3848 903 3897 γε
935 3833 1046 3885 τῶν
1073 3833 1392 3904 δρωμένων.

195 3921 303 3989 Τὴν
325 3921 599 3991 μυστικήν
619 3937 679 3973 τε
699 3921 841 3975 Πνεύ
850 3939 1020 3991 ματος
1048 3927 1356 3995 κοινωνίαν,

195 4010 301 4061 Καὶ
328 4005 428 4060 τοῦ
461 4007 668 4062 τελείου
704 4009 803 4080 τὴν
825 4011 1003 4082 ἄκραν
1036 4017 1352 4084 μετουσίαν.

199 4100 346 4154 Illius
399 4100 664 4168 praeterea
713 4116 819 4156 non
857 4104 977 4159 sine
1024 4105 1185 4163 laude
1205 4108 1481 4175 :meminit
1530 4111 1769 4184 Symeon

200 4191 717 4250 Thessalonicensis
738 4193 962 4267 Dialogo
990 4207 1183 4254 contra
1218 4201 1479 4265 haereses.
1512 4205 1657 4261 inter
1682 4221 1778 4261 eos

200 4287 287 4355 qui
322 4287 393 4342 de
436 4287 687 4343 oratione
731 4289 1093 4359 scripserunt,
1128 4294 1239 4347 Καὶ
1282 4296 1509 4365 Συμεὼν
1544 4300 1677 4371 όσίῳ
1703 4299 1779 4371 τῷ

201 4378 321 4447 Na?
369 4377 645 4449 θεολόγῳ,
691 4382 786 4433 καὶ
821 4380 1031 4445 λοιποῖς
1106 4384 1289 4449 ἄλλοις
1352 4388 1518 4453 ἀξίως
1583 4390 1677 4444 τοῦ
1721 4394 1779 4445 ὲν

206 4472 384 4529 αὐτοῖς
422 4470 571 4524 θείου
600 4470 946 4541 Πνεύματος’
983 4472 1051 4527 Et
1088 4473 1251 4529 Beato
1292 4477 1781 4547 SymeoniJuniori

1623 407 1956 472 NOTITIA.

1795 524 1842 578 Δ
1873 520 2290 576 convenientem
2321 527 2373 573 et
2398 520 2706 591 appositam
2734 517 2895 591 Operi
2917 520 3130 588 datam,
3158 517 3438 577 Orationes

3334 413 3440 476 310

1866 616 1932 669 de
1948 612 2053 684 [ide
2071 623 2119 669 et
2139 612 2370 667 moribus
2403 620 2512 665 tum
2531 611 2874 678 Christianis,
2892 620 3002 667 tum
3017 612 3343 681 monasticis,
3381 615 3436 669 in

1867 706 2040 762 sacris
2083 703 2306 760 Litteris
2346 717 2521 774 eaque
2558 702 2846 771 doctrina,
2890 719 3011 775 quae
3053 704 3435 775 theologorum

1866 798 2100 854 habetur
2138 796 2379 868 propria,
2414 795 2556 851 bene
2597 798 2981 863 exercitatum,
3020 811 3085 852 ac
3122 805 3301 853 tutum
3342 811 3437 868 ap-

1866 890 2083 956 parere.
2110 886 2243 953 ροσε
2268 886 2323 942 in
2345 874 2527 942 Sacris
2556 886 2805 943 laudibus
2831 885 3157 954 eﬂ'eruntur,
3181 890 3437 959 pietatem

1870 979 1951 1034 vel
1978 977 2337 1049 praecipuam,
2358 989 2412 1036 et
2431 979 2624 1036 beatos
2647 977 2768 1035 illos
2786 981 2977 1046 lieres,
2997 980 3201 1052 quibus
3226 980 3438 1052 Sponsa

1868 1074 2049 1131 fulciri
2071 1074 2373 1143 desiderat,
2401 1084 2457 1131 et
2483 1075 2758 1146 unguenta
2785 1077 2877 1131 illa
2902 1077 3177 1145 redolere,
3200 1092 3440 1148 quorum

1867 1168 2005 1223 odor
2032 1175 2125 1222 est
2147 1182 2316 1237 super
2344 1169 2534 1223 omnia
2566 1177 2838 1224 aromata.
2882 1168 2957 1224 De
2985 1167 3095 1225 Deo
3129 1169 3297 1224 multa
3326 1183 3438 1223 non

1869 1258 2046 1314 solum
2089 1258 2435 1324 doctissime,
2483 1259 2577 1314 sed
2621 1259 2791 1315 etiam
2828 1258 3177 1327 dulcissime,
3220 1258 3439 1316 tametsi

1869 1364 2305 1421 nonnunquam,
2369 1358 2428 1404 ut
2490 1350 2656 1406 etiam
2724 1365 2889 1422 supra
2961 1350 3017 1406 in
3084 1349 3439 1406 Orationibus

1869 1442 2358 1513 lxarastxwtépwc
2424 1444 2780 1500 disseruntur
2830 1463 2844 1497 :
2902 1444 2982 1500 sic
3050 1456 3270 1514 quoque
3331 1455 3440 1496 non

1872 1550 2078 1606 paucas
2126 1535 2528 1605 praeceptiones
2575 1534 2845 1605 interjici,
2890 1535 3093 1605 quibus
3127 1534 3211 1589 vel
3250 1532 3444 1590 Chris-

1870 1628 2041 1693 tiana,
2073 1627 2159 1682 vel
2197 1627 2503 1681 monas‘tiea
2533 1628 2645 1680 vita
2689 1625 3007 1681 instituitur
3035 1634 3089 1681 et
3118 1626 3183 1681 ad
3224 1624 3440 1696 perfac-

1874 1718 2079 1775 tionem
2128 1734 2284 1773 suam
2333 1717 2736 1774 cOnformatur.
2774 1719 2834 1774 In
2873 1718 3161 1789 Capitibus
3206 1718 3442 1773 similem

1873 1825 1995 1867 esse
2048 1810 2155 1866 sibi
2207 1811 2567 1881 Symeonem,
2616 1817 2671 1865 et
2716 1824 2823 1880 qua
2880 1810 3168 1881 religione,
3214 1810 3440 1880 pietate.

1871 1902 2127 1959 doctrina
2151 1911 2351 1957 caetera
2383 1901 2573 1957 eadem
2604 1902 2720 1957 haec
2743 1902 3013 1968 edidisse;
3045 1916 3145 1958 nec
3178 1900 3360 1957 minus
3387 1900 3443 1954 in

1871 1996 1979 2060 his,
2022 2006 2189 2063 quam
2226 1993 2279 2047 in
2316 1993 2772 2048 antecedentibus
2804 1992 3197 2057 Christianam,
3232 2006 3295 2047 ac
3329 2005 3445 2047 mo-

1870 2085 2140 2142 nasticam
2189 2083 2654 2151 sanctitudinem,
2708 2083 2970 2139 adhibitis
3015 2082 3181 2138 etiam
3230 2081 3445 2138 idoneis

1871 2175 2354 2239 similitudinibus,
2380 2175 2568 2231 doceri
2593 2182 2648 2230 et
2672 2176 2960 2230 inculcari.
2994 2174 3229 2230 Cautius
3259 2182 3444 2229 tamen

1870 2268 2163 2324 Gretserus
2200 2280 2308 2321 non
2345 2265 2510 2321 modo
2545 2266 2600 2320 in
2640 2265 2743 2321 hoc
2771 2264 3063 2336 Symeone.
3104 2266 3200 2322 sed
3232 2268 3289 2322 in
3320 2266 3444 2322 aliis

1872 2373 1981 2413 non
2044 2356 2239 2427 paucis
2290 2354 2617 2412 monasticis
2668 2364 2723 2411 et
2773 2356 3034 2413 asceticis
3081 2356 3445 2429 scriptoribus

1871 2464 2167 2505 occurrere
2192 2451 2440 2519 quaedam
2477 2448 2795 2505 duriuscule
2821 2448 2967 2505 dicta
2990 2465 3114 2521 quae
3144 2450 3274 2505 lima
3298 2449 3446 2519 judi-

1873 2541 1945 2595 cii
1997 2546 2216 2610 egeant.
2256 2553 2492 2610 quorum
2562 2539 2825 2610 pleraque
2854 2540 3005 2619 notis
3037 2541 3153 2597 suis
3184 2540 3445 2598 eruditis-

1874 2632 2026 2689 simis
2048 2632 2338 2697 emollivit,
2367 2640 2422 2687 et
2449 2631 2504 2687 in
2536 2630 2743 2686 bonum
2776 2647 2999 2688 sensum
3030 2632 3253 2689 trahere
3278 2646 3448 2688 cona-

1875 2735 1964 2782 tus
1990 2732 2098 2781 est.
2135 2724 2203 2779 Et
2231 2725 2347 2779 lnec
2378 2724 2600 2794 quidem
2637 2723 2731 2779 isti
2764 2738 2874 2778 non
2912 2724 3098 2779 omnia
3126 2722 3444 2780 suhodorati

1877 2820 1942 2872 de
1978 2821 2182 2886 pietate
2212 2825 2267 2871 et
2300 2812 2555 2869 doctrina
2592 2812 2881 2885 Symeonis
2913 2812 3080 2882 hujus
3120 2812 3175 2867 in
3206 2810 3447 2867 medium

1882 2910 2202 2964 attulerunt.
3381 2956 3387 2963 .

1946 3002 2057 3058 Nos
2087 3010 2263 3057 tracto
2288 3002 2584 3072 proseenio
2614 3000 2691 3056 rei
2722 3001 2894 3057 totius
2922 3014 3146 3055 scenam
3182 2997 3449 3055 discutia-

1870 3108 2022 3157 mus,
2060 3094 2372 3162 nodumque
2410 3090 2749 3146 diliicultatis
2792 3082 3031 3161 ingenue
3070 3087 3447 3158 eapediemus.

1803 3201 1845 3257 ο
1880 3183 2155 3254 Quidquid
2189 3184 2260 3239 sit
2288 3182 2356 3238 de
2387 3184 2590 3253 pietate
2625 3182 2788 3253 hujus
2816 3181 2946 3247 viri,
2978 3194 3178 3236 verane
3217 3193 3285 3235 an
3326 3180 3450 3234 iicta

1879 3277 2084 3341 fuerit;
2115 3276 2242 3331 nolo
2270 3275 2415 3331 enim
2441 3274 2742 3346 quidquam
2771 3273 2848 3328 illi
2871 3272 2939 3328 de
2959 3272 3131 3342 gloria
3162 3271 3448 3341 derogare.

1884 3370 2033 3425 Sane
2069 3368 2138 3423 de
2171 3368 2425 3424 doctrina
2474 3375 2561 3423 est
2605 3366 2839 3436 aliquid,
2883 3364 3028 3437 quod
3071 3378 3158 3419 me
3196 3364 3252 3419 in
3287 3364 3448 3418 aliam

1880 3469 2086 3531 partem
2113 3460 2333 3516 trahere
2359 3460 2560 3531 possit,
2586 3472 2708 3529 qua:
2729 3458 2896 3513 etiam
2924 3471 3049 3512 cum
3083 3456 3198 3526 ipse
3221 3454 3449 3518 viveret,

1882 3552 2216 3608 scriberetve
2243 3552 2479 3607 aliorum
2507 3549 2676 3605 variis
2712 3546 3198 3603 criminationibus
3228 3544 3330 3599 fuit
3354 3543 3451 3599 ob-

1880 3645 2063 3710 noxia,
2087 3658 2251 3714 quam
2279 3642 2561 3716 Symeonis
2582 3641 2893 3713 Symmistae
2919 3639 3112 3704 verbo,
3137 3637 3448 3707 scriptoque

1878 3736 2175 3793 defendere
2208 3736 2390 3792 conati
2448 3746 2595 3791 sunt.
2634 3733 2854 3789 Nicetas
2904 3730 3187 3786 Stetbatus
3234 3727 3448 3784 Praefat.

1881 3830 1935 3885 in
1968 3843 2155 3885 sacras
2181 3828 2395 3883 Laudes
2429 3844 2444 3884 :
2477 3828 2536 3880 Ei
2574 3826 2684 3895 γάρ
2724 3827 2780 3878 αἱ
2838 3821 3216 3893 ἀποκαλύψεις
3269 3814 3448 3882 αὗται,

1880 3922 1974 3976 καὶ
1999 3924 2052 3975 αἱ
2083 3918 2279 3990 φωναὶ,
2315 3918 2375 3971 οὐ
2405 3916 2582 3987 φωναὶ.
2614 3914 2773 3980 Θεοῦ,
2821 3914 2942 3967 οὐδὲ
2994 3911 3172 3981 ψυχῆς
3206 3908 3447 3963 ἀποθεω-

1882 4014 2090 4083 θείσης,
2126 4013 2223 4065 καὶ
2264 4010 2561 4081 γενομένης
2610 4006 2714 4072 ἔξω
2756 4006 2937 4075 πάσης
2990 4003 3083 4059 τοῦ
3127 4002 3334 4071 κόσμου
3372 4001 3449 4053 αί-

1882 4107 2124 4177 σθήσεως
2152 4103 2247 4156 καὶ
2282 4101 2410 4171 ὅλης
2435 4099 2663 4153 καθόλου
2698 4098 2877 4165 ἁγίας,
2907 4098 3070 4165 σχολῇ
3114 4094 3168 4162 γ’
3203 4094 3269 4148 ἂν
3324 4091 3454 4147 ἄλλο

1880 4216 1932 4251 τι
1960 4197 2071 4250 τῶν
2102 4192 2460 4266 ἀνθρωπίνων
2490 4191 2585 4244 καὶ
2619 4189 2752 4260 πρὸς
2788 4190 2821 4258 ἠ
2833 4188 2947 4257 μῶν
3000 4185 3341 4255 τελουμένων
3368 4182 3454 4236 διὰ

1882 4288 2059 4359 πάσης
2111 4284 2366 4354 σπουδῆς,
2394 4280 2755 4335 εὐαπόδεκτον
2786 4276 3129 4346 ἀποδειχθείη
3192 4274 3311 4343 Θεῷ
3363 4274 3455 4324 καὶ

1883 4373 2188 4445 ἀνθρώποις
2216 4371 2519 4433 ἐπαινετὸν,
2572 4370 2600 4422 δ
2644 4368 2717 4438 μὴ
2770 4367 2929 4437 σοφίᾳ
2984 4366 3078 4418 καὶ
3136 4363 3334 4431 γνώσει
3387 4363 3453 4428 τῇ

1882 4462 2143 4530 άνωτάτῳ
2164 4459 2299 4512 Θεοῦ
2338 4458 2398 4511 τὸ
2431 4457 2676 4524 ἐπίδοξον
2708 4456 2804 4509 καὶ
2831 4454 3082 4525 λαμπρὸν
3112 4452 3452 4522 ἐπιφέρεται.

207 4558 487 4632 Theologa,
520 4570 570 4616 et
600 4563 817 4633 reliquis
846 4564 967 4618 aliis
990 4581 1084 4634 pro
1116 4541 1376 4637 dignitate
1403 4571 1588 4639 divini,
1613 4574 1703 4643 qui
1726 4574 1777 4627 in

1882 4554 2070 4608 Ταῦτα
2120 4550 2298 4605 τοίνυν
2352 4549 2440 4603 διὰ
2492 4551 2617 4612 τοὺς
2675 4548 2854 4618 ιρθόνῳ
2902 4547 3035 4614 πρδς
3079 4544 3148 4597 τὰ
3190 4543 3329 4596 καλὰ
3363 4544 3457 4596 καὶ

204 4652 323 4720 ipsis
353 4662 497 4718 erat,
534 4656 793 4721 Spiritus.

267 4743 543 4800 Catholici
572 4759 791 4816 quoque
815 4762 920 4802 non
950 4748 1131 4803 minus
1156 4749 1435 4818 pietatem,
1468 4761 1631 4823 atque
1654 4754 1780 4809 doc-

205 4836 400 4891 trinam
436 4836 698 4893 laudibus
730 4840 1059 4895 extulerunt.
1088 4840 1244 4897 ii’unc
1273 4844 1599 4913 scriptorem
1639 4848 1778 4902 inte-

203 4931 414 4995 gritatis
441 4941 499 4985 et
528 4919 857 4987 innocentiae
883 4933 1323 4989 Christianorum
1357 4938 1603 4993 omnium
1637 4955 1780 4994 sum-

208 5037 417 5075 morum
466 5022 628 5091 juxta
675 5039 738 5077 ac
783 5025 1095 5079 infimorum
1143 5028 1301 5095 longe
1339 5028 1780 5098 cupidissimum,

206 5112 265 5165 ad
311 5128 483 5182 quam
529 5114 723 5169 sedulo
768 5116 1119 5171 excolendam
1161 5132 1256 5173 eos
1306 5120 1561 5174 omnibus
1607 5121 1783 5176 modis

207 5206 517 5261 exsuscitat
545 5214 600 5261 et
634 5207 970 5271 exstimulat,
1002 5208 1171 5264 fuisse
1202 5226 1216 5263 :
1254 5216 1312 5263 ut
1346 5226 1510 5279 porro
1532 5226 1782 5266 commu-

207 5312 321 5351 nem
351 5298 496 5351 hanc
522 5297 938 5367 perfectionem,
971 5307 1136 5369 atque
1172 5301 1594 5356 sanctimoniam
1620 5303 1783 5356 vehe-

211 5397 418 5444 menter
453 5396 635 5458 ul‘get,
663 5390 745 5444 sic
775 5391 1136 5445 monasticam
1169 5391 1504 5446 creberrime
1534 5401 1587 5445 et
1621 5407 1783 5445 acc-n-

210 5481 488 5536 ratissime
520 5482 931 5547 commendare,
966 5483 1197 5553 ejusque
1230 5484 1609 5538 consectandre
1640 5484 1785 5537 desi-

212 5572 357 5627 derio
410 5575 541 5635 τοὺς
591 5574 927 5643 μονάζοντας
967 5575 1326 5638 inﬂammare,
1375 5584 1428 5628 et
1483 5576 1686 5629 inertes
1724 5588 1785 5626 ac

214 5663 515 5717 secundum
565 5676 786 5716 carnem
821 5664 1161 5718 ambulantes
1196 5665 1459 5718 acerrime
1494 5663 1788 5734 reprelien-

213 5752 377 5806 ilerc:
422 5765 525 5808 nec
576 5768 684 5806 non
728 5756 1044 5823 praepositos
1092 5764 1258 5822 atque
1296 5764 1535 5810 rectores
1570 5766 1783 5813 eorum.

216 5843 367 5901 cilicii
412 5848 499 5902 Sui
549 5846 757 5902 diserte
805 5846 1118 5904 admonere.
1171 5848 1313 5902 liinc
1361 5846 1775 5907 inscriptionem

1881 4644 2130 4716 ἀπιστίᾳ,
2158 4645 2252 4697 καὶ
2274 4643 2516 4712 ἀγνωσία
2543 4640 2987 4711 κεκρατημένους
3014 4640 3149 4707 ἡμῖν
3187 4636 3454 4705 προετέθη

1878 4738 1989 4791 τῶν
2019 4737 2299 4808 ἐρωτικῶν
2326 4738 2418 4791 καὶ
2443 4735 2599 4789 θείων
2624 4733 2809 4805 ὓμνων
2854 4731 2949 4784 τοῦ
2988 4728 3314 4784 διδασκάλου
3338 4744 3353 4761 ο
3390 4727 3456 4778 ῖν*

1880 4830 1914 4900 ἢ
1968 4828 2109 4882 κατὰ
2168 4827 2392 4898 πρώτην
2470 4826 2633 4888 εὐθὺς
2718 4822 2977 4893 ἐπιϐολὴν
3032 4820 3457 4889 ἐντυγχάνοντες

1882 4918 2185 4991 κρείττονες
2219 4918 2430 4973 ἑαυτῶν
2485 4916 2727 4987 γένοιντό
2759 4933 2912 4978 ποτε,
2974 4913 3069 4967 καὶ
3112 4912 3308 4979 φθόνου
3362 4914 3457 4962 καὶ

1884 5013 2182 5083 βασκανίας
2213 5013 2505 5080 ἁνώτερος,
2531 5012 2625 5063 καὶ
2650 5009 2947 5073 δοξάσωσιν
2991 5005 3065 5068 ὡς
3107 5004 3329 5072 ἐφικτὸν
3359 5002 3454 5054 τὸν

1843 5111 1939 5175 ,γὲν
1966 5107 2162 5176 πράξει
2185 5107 2278 5159 καὶ
2299 5106 2461 5173 λόγῳ,
2496 5103 2589 5157 καὶ
2622 5100 2825 5171 θεωρίᾳ
2852 5100 3158 5166 δοξάσαντα
3184 5095 3275 5149 τὸν
3302 5093 3456 5157 Θεὸν,

1884 5201 1975 5252 καὶ
2003 5201 2064 5251 τὸ
2100 5200 2291 5267 δνομα,
2333 5198 2394 5249 τὸ
2437 5197 2577 5266 ὑπὲρ
2622 5196 2731 5248 πᾶν
2786 5194 2956 5263 ὄνομα
2997 5193 3055 5244 ἑν
3098 5191 3211 5253 τοῖς
3259 5183 3457 5240 ἑαυτοῦ

1888 5292 2105 5357 μέλεσιν
2168 5290 2473 5356 ἁγιάσαντα
2501 5305 2514 5320 ο
2546 5286 2671 5357 ἢὼς
2707 5284 2813 5338 τῶν
2844 5282 3027 5337 καλῶν
3052 5282 3329 5348 ἄγευστοι,
3364 5280 3463 5330 καὶ·

1884 5382 2064 5452 πάντη
2095 5380 2372 5451 ἁχώρητοι
2398 5380 2507 5432 τῶν
2544 5376 2766 5447 ὑψηλῶν
2793 5374 3083 5444 θεαμάτων
3109 5371 3197 5425 διὰ
3228 5370 3329 5439 τὴν
3357 5368 3458 5420 αὐ-

1884 5478 1997 5537 τοῖς
2027 5472 2336 5541 προσοῦσαν
2370 5470 2678 5540 παχύτητα,
2706 5468 2806 5537 τῆς
2834 5464 3206 5535 ἐγχειρήσεως
3235 5461 3330 5512 καὶ
3359 5458 3458 5526 τῆς

1886 5568 1996 5620 τῶν
2024 5565 2422 5635 γεγραμμένων
2457 5561 2691 5615 ἐνταῦθα
2738 5559 3032 5629 περιέργου
3069 5552 3298 5623 ἐρεύνης
3320 5550 3455 5602 ἀπόι

1892 5675 2105 5727 σχοιντο
2136 5673 2148 5685 ·
2202 5656 2404 5709 Etenim
2447 5655 2493 5707 si
2554 5653 2893 5708 revelationes
2926 5657 2973 5702 et
3008 5660 3153 5699 uates
3189 5659 3290 5695 non
3335 5651 3456 5691 sum

1897 5750 1989 5804 Dei
2020 5765 2185 5812 voces,
2218 5763 2375 5814 neque
2405 5746 2593 5797 animm
2623 5745 2676 5795 in
2707 5743 2867 5795 hrum
2896 5748 3173 5797 conuersas,
3218 5743 3264 5784 et
3308 5738 3459 5783 extra

1896 5858 2101 5901 omnem
2154 5840 2337 5893 mundi
2379 5852 2587 5891 sensum
2643 5837 2817 5900 facta,
2869 5840 2922 5887 et
2971 5829 3131 5882 totius
3173 5820 3471 5879 secundum
