4188 6436
748 351 848 417 311

2042 349 2343 411 SYHEON
2397 350 2706 411 JUNIOR.

3894 355 4000 421 312

748 479 925 517 omnes
982 479 1107 518 suas
1164 473 1341 530 partes
1391 472 1611 529 sancite,
1668 464 1833 517 multo
1888 462 2061 516 minus
2115 464 2320 530 aliquid
2352 466 2396 522 Α
2428 461 2573 513 tinos
2625 458 2819 523 edens,
2867 459 2934 514 ab
2979 457 3309 530 imperatore
3347 470 3401 517 et
3437 476 3634 533 magno
3677 464 4000 523 Domestica

745 558 1055 620 humanum,
1101 564 1150 609 et
1193 572 1225 609 a
1264 554 1554 623 majoribus
1590 555 1992 625 diligentissime
2020 564 2318 625 patratum,

745 647 1062 716 acceptabile
1094 646 1200 701 Deo
1231 649 1562 713 ostendetur,
1594 656 1645 701 et
1684 647 1991 702 hominibus
2025 647 2318 713 laudabile,

2423 551 2683 622 ampliter
2730 552 3019 622 accipitur,
3060 567 3223 610 carus
3261 555 3373 610 illis
3405 571 3469 611 ac
3509 558 3759 613 intimus.
3796 557 3897 615 hic
3932 561 4000 613 ad

2422 645 2713 715 quemdam
2734 644 2903 711 exiis,
2921 644 3011 715 qui
3030 643 3380 717 Hesychastae
3396 646 3671 712 dicuntur,
3693 650 4000 719 proiectus,

742 740 881 809 quod
925 740 1189 807 sapientia
1238 750 1288 794 et
1338 756 1583 808 suprema
1629 739 1727 795 Dei
1769 742 2066 811 cognitione
2107 740 2323 796 laudent
2422 735 2643 791 modum
2675 737 2799 793 vitm
2830 737 3112 800 solitariae,
3137 751 3201 792 ac
3229 746 3499 809 praecepta
3526 740 3856 797 obedientite.
3894 757 4025 802 εον,

742 832 845 885 sibi
872 831 1211 902 adjunctum,
1244 841 1294 888 et
1322 833 1651 901 splendorem
1680 849 1783 887 non
1812 833 2025 887 habeat.
2055 831 2187 888 [Iac
2217 833 2320 905 igi-

744 933 830 977 tur
848 934 1060 993 propter
1082 941 1169 978 eos
1195 925 1287 994 qui
1309 925 1364 977 in
1389 923 1524 978 bona
1550 917 1887 989 invehuntur,
1914 924 2321 996 obsidenturque

741 1015 1054 1081 invidentia,
1084 1015 1454 1073 incredulitate
1484 1026 1531 1073 et
1565 1019 1920 1088 ignoratione,
1951 1036 1983 1072 α
2010 1019 2161 1074 nobis
2196 1034 2326 1086 pro.-.

740 1108 910 1171 posita
935 1114 1059 1160 sunt
1086 1108 1279 1161 divinis
1301 1107 1553 1164 laudibus
1578 1119 1627 1165 et
1658 1112 1928 1166 amoribus
1953 1113 2315 1182 praeceptoris,

743 1207 799 1250 ut
853 1199 941 1267 qui
989 1199 1161 1267 primo
1197 1203 1380 1255 statim
1429 1218 1679 1271 aggressu
1717 1203 1772 1256 in
1819 1203 1931 1257 Ita'c
1982 1204 2317 1273 offenderint,

742 1290 931 1357 seipsis
966 1291 1207 1347 meliores
1248 1293 1542 1362 aliquando
1581 1297 1832 1361 evadant,
1875 1305 1928 1351 et
1969 1297 2224 1351 invidiam
2256 1314 2318 1351 ac

742 1381 1063 1438 calumniam
1132 1385 1412 1454 repellant,
1484 1387 1848 1459 extollantque
1925 1390 2200 1455 laudibus,
2258 1402 2319 1444 ut

743 1484 1011 1543 poterunt,
1053 1493 1194 1542 eum,
1231 1480 1321 1547 qui
1350 1481 1577 1547 actione,
1617 1498 1857 1537 sermone
1882 1493 1931 1537 et
1960 1484 2317 1549 speculatione

742 1566 907 1619 Deum
944 1568 1285 1636 glori/ienuit.
1321 1587 1610 1639 nomenque
1647 1590 1814 1642 supra
1851 1592 2004 1630 omne
2040 1593 2225 1632 nomen
2260 1578 2314 1630 in

732 1659 843 1710 suis
896 1660 1144 1713 membris
1189 1662 1583 1731 sanctiﬁcavit;
1630 1675 1722 1718 aut
1770 1675 2020 1735 tanquam
2059 1667 2321 1721 bonarum

698 1765 911 1805 rerum
959 1753 1155 1821 jeium',
1200 1764 1248 1807 et
1300 1756 1509 1825 penitus
1551 1757 1855 1813 sublimium
1889 1759 2311 1827 speculationum

2419 826 2603 883 divit':
2654 836 2768 883 tum
2806 843 2914 899 quo
2946 838 3107 899 pacto
3137 828 3553 898 proﬁciscentes
3592 831 3821 886 solitarii
3854 837 4029 901 pau-'

2419 917 2573 974 latim
2607 928 2664 974 et
2693 918 2987 990 tranquille
3035 918 3448 989 precationibus
3490 920 3712 985 intenti,
3748 923 3997 977 exsulta-

2420 1008 2573 1063 tione
2622 1009 2816 1074 animi,
2876 1016 2930 1063 et
2984 1007 3170 1063 divina
3221 1007 3460 1079 quadam
3510 1009 4005 1079 inexplicabiliqne

2422 1103 2703 1172 voluptate
2740 1101 3166 1166 perlundantur,
3200 1109 3261 1157 et
3286 1099 3466 1156 oculis
3496 1101 3777 1172 corporeis
3807 1101 3997 1156 lumen

2421 1206 2482 1247 se
2507 1188 2937 1261 circumiulgens
2974 1188 3269 1261 aSpiciant.
3306 1188 3362 1243 Id
3403 1188 3633 1246 audiens
3665 1190 3993 1244 Barlaamus

2418 1284 2604 1339 statim
2646 1282 2927 1338 solitarios
2968 1280 3263 1349 insectari;
3311 1281 3669 1351 impostores,
3703 1280 3996 1336 Massalio-

2420 1389 2544 1439 nos,
2580 1372 3112 1445 Omphalopsychos,
3144 1387 3529 1443 germanorum
3561 1372 3823 1429 Ecclesiae
3854 1368 4020 1443 tingi

2420 1474 2625 1520 matum
2655 1474 3033 1537 corruptores,
3061 1473 3117 1521 et
3145 1463 3421 1534 similibus
3452 1464 3577 1519 aliis
3612 1464 3758 1518 notis
3783 1477 4006 1517 nuncu«

2421 1571 2573 1626 pare,
2610 1569 2913 1625 eorumque
2943 1555 3420 1619 consuetudinem,
3458 1562 3719 1624 tanquam
3759 1553 3853 1623 qui
3904 1569 3997 1608 se-

2420 1648 2687 1705 ducerent
2720 1656 2774 1702 et
2805 1648 3228 1714 seducerentur,
3264 1646 3586 1717 fugiendum
3616 1660 3739 1701 esse
3776 1643 4001 1716 publice

2421 1738 2786 1795 disseminare
2816 1755 2830 1792 :
2865 1736 3083 1792 animas
3110 1736 3255 1792 enim
3284 1736 3392 1793 sibi
3423 1736 3496 1792 ob
3524 1737 3800 1807 pietatem,
3829 1750 3998 1806 quam

733 1845 1009 1913 incapaces
1041 1856 1262 1916 propter
1304 1851 1547 1904 innatant
1592 1851 1700 1905 illis
1742 1852 2054 1919 ruditatcm,
2099 1854 2163 1907 ab
2196 1855 2311 1923 ipsa

2418 1844 2529 1899 prae
2578 1843 2638 1883 se
2687 1827 2941 1884 ferebant
2986 1826 3366 1892 concreditas,
3424 1826 3662 1880 maxima
3712 1824 4004 1893 religionis

733 1939 1068 2006 aggressione
1115 1951 1163 1993 ct
1216 1943 1404 1995 horum
1448 1944 1771 2013 scriptorum
1821 1947 2048 2001 curiosi:
2086 1948 2312 2018 indaga-

736 2027 875 2081 tione
904 2027 1227 2084 abstineant.
1254 2030 1398 2097 Quin
1435 2033 1547 2087 imo
1576 2035 1871 2104 publicatis
1899 2039 2063 2092 etiam
2094 2038 2313 2095 Oratio-

734 2120 900 2175 nibus
929 2125 1196 2191 opposita
1217 2123 1482 2195 Magistro
1507 2128 1739 2182 crimina
1776 2130 2000 2185 abluere
2027 2135 2312 2188 contende-

735 2219 884 2277 rttnt,
923 2226 1332 2285 oppugnatores
1375 2234 1482 2273 non
1517 2220 1623 2274 alio
1660 2236 1824 2289 quam
1865 2221 2309 2295 Hagiorategoro-

736 2321 853 2357 rum
896 2309 1118 2363 nomine
1168 2321 1585 2379 mmeupantes,
1630 2314 1788 2382 quasi
1837 2317 1929 2383 qui
1981 2314 2309 2387 Symeonem

738 2399 1037 2467 incusaret,
1087 2403 1437 2471 sanctitatem
1499 2406 1671 2476 ipsam
1727 2407 2142 2465 criminaretur.
2196 2410 2310 2466 Sub

736 2490 839 2545 hoc
871 2492 1029 2546 titulo
1060 2492 1371 2549 Orationem
1438 2496 1576 2550 idem
1604 2497 1823 2554 Nicetas
1876 2498 2046 2554 edidit
2069 2516 2085 2562 ς
2111 2501 2311 2554 Πιπτέ-

731 2600 807 2635 τω
845 2584 1063 2652 φθόνος,
1090 2588 1118 2638 ὁ
1157 2590 1269 2650 τοῖς
1300 2588 1483 2652 καλοῖς
1529 2588 1799 2659 νεμεσῶν,
1856 2593 1951 2645 καὶ
2005 2592 2303 2662 ὑμνείσθω,

731 2675 824 2727 καὶ
865 2676 1223 2745 εὐφημείσοω
1255 2680 1282 2731 ὀ
1314 2677 1499 2747 ὕμνων
1550 2680 1645 2733 καὶ
1696 2682 1988 2751 ἐγκωμίων
2037 2684 2310 2738 παντοίων

730 2767 877 2832 ἄξιος
912 2769 1160 2839 Συμεὼν,
1195 2772 1341 2825 καθὰ
1366 2774 1459 2827 καὶ
1487 2775 1545 2826 ὲν
1566 2774 1644 2844 τῷ
1687 2775 2164 2846 Ἀγιοκατηγὸρων
2223 2778 2310 2832 λό-

732 2876 812 2930 γῳ
859 2861 1001 2930 μετὰ
1065 2864 1316 2934 χρήσεων
1373 2866 1537 2936 ἱερῶν
1592 2866 1926 2939 πλατύτερον
1961 2870 2258 2940 ὲξεθέμεθα
2293 2890 2306 2903 '

731 2952 894 3007 Abeat
925 2955 1234 3016 invidentia,
1270 2973 1386 3025 qua
1422 2974 1627 3027 semper
1663 2960 1825 3014 bonos
1866 2962 1994 3014 edit.
2038 2961 2310 3017 Laudatur

730 3053 778 3096 et
825 3045 958 3099 satis
1001 3045 1196 3113 faustis
1244 3050 1454 3103 uocibus
1487 3051 1797 3111 extollatur,
1837 3054 1925 3121 qui
1970 3054 2219 3109 laudibus
2260 3066 2309 3109 et

731 3136 1023 3203 omnigenis
1063 3140 1313 3191 encomiis
1354 3139 1545 3208 dignus
1578 3152 1656 3194 est
1684 3140 1932 3211 Symeon,
1966 3146 2307 3213 quemadmo-
2335 3151 2385 3209 (1

729 3230 857 3282 dum
904 3228 1157 3285 adversus
1209 3229 1658 3304 Hagiocategoros
1698 3234 1957 3291 Oratione
2000 3250 2312 3295 sanctorum

729 3324 1140 3377 auctoritatibus
1169 3326 1421 3380 adductis
1452 3317 1631 3395 fusiui
1650 3329 2052 3398 explicavimus.

803 3479 941 3540 Cum
976 3486 1150 3540 turba:
1184 3500 1289 3540 non
1322 3486 1673 3556 quiescerent
1699 3488 1932 3561 Symeon
1959 3490 2012 3545 in
2038 3490 2304 3560 judicium

730 3584 980 3639 uocatus,
1016 3584 1070 3630 et
1102 3576 1155 3631 in
1184 3581 1457 3634 sententia
1494 3582 1797 3650 persistens
1828 3584 2223 3637 condemnatur
2250 3584 2303 3637 iu

730 3680 1037 3732 carcerem,
1078 3685 1185 3723 non
1226 3686 1448 3740 prepter
1490 3674 1648 3729 tidem
1691 3683 1745 3727 et
1788 3673 1859 3728 ob
1886 3673 2140 3729 delensas
2172 3675 2303 3729 ima-

734 3756 913 3825 gines,
952 3774 1090 3827 quas
1130 3768 1244 3812 tum
1281 3762 1464 3817 nullus
1508 3764 1898 3834 oppugnabat,
1940 3774 1995 3819 et
2024 3765 2304 3821 ardentem

731 3848 850 3917 ejus
902 3851 1103 3914 zelum,
1156 3868 1266 3921 quo
1300 3854 1667 3910 cﬂ‘ervcscens
1705 3856 1916 3910 solutos
1953 3858 2304 3926 imperatoris

734 3956 917 3998 mores
953 3944 1340 4016 licentiamque
1380 3946 1608 4002 liberius
1652 3950 1931 4003 accusat-it
1978 3951 2124 4019 quod
2173 3966 2308 4006 sane

734 4046 1012 4101 nunquam
1047 4034 1185 4104 ipse,
1211 4050 1337 4089 cum
1377 4037 1619 4099 carceris
1657 4038 1990 4101 meminerit,
2021 4039 2304 4105 tacuisset,

732 4124 875 4192 quod
903 4125 967 4178 ad
993 4126 1220 4195 gloriam
1245 4128 1418 4197 ipsius
1444 4140 1495 4183 et
1524 4130 1793 4184 universae
1829 4129 2085 4185 Ecclesia:
2124 4140 2307 4185 verte-

733 4224 903 4269 retur.
950 4215 1275 4272 Theodorus
1328 4216 1542 4272 Studita
1598 4233 1697 4272 sua
1744 4219 1957 4283 exsilia,
2011 4222 2304 4291 supplicio,

732 4322 1096 4378 carceresque
1125 4325 1584 4375 commemorans,
1617 4328 1840 4365 causam
1867 4314 1937 4366 ob
1961 4329 2123 4382 quam
2153 4317 2307 4368 simi-

733 4400 802 4453 lia
831 4400 1021 4465 subiit,
1076 4416 1184 4455 non
1225 4402 1443 4456 reticuit
1473 4420 1487 4459 :
1514 4418 1577 4457 ne
1619 4404 1749 4472 quid
1802 4404 1979 4458 dicam
2030 4404 2097 4459 de
2140 4406 2307 4459 Alba-

2415 1916 2592 1984 clade,
2642 1918 2973 1988 perdebant.
3021 1915 3118 1972 llis
3160 1917 3422 1971 commoti
3468 1914 4005 1970 Thessalonicenscs

2415 2011 2674 2071 solitarii.
2701 2009 3036 2065 intermissis
3069 2010 3264 2064 amicis
3292 2011 3559 2079 rogabant
3591 2017 3651 2061 nt
3674 2005 3807 2059 talia
3844 2006 3996 2074 loqui

2415 2106 2682 2159 adversus
2726 2104 3099 2176 llesyehastas
3140 2102 3463 2166 desisteret;
3509 2116 3611 2156 nec
3653 2102 3817 2155 unius
3856 2101 3998 2152 male

2415 2199 2535 2251 sani
2578 2196 2943 2252 instruetione
2992 2195 3233 2266 projecte
3281 2202 3528 2247 sanctam
3565 2192 3805 2259 quietem
3841 2190 4001 2243 inva-

2413 2291 2587 2352 deret,
2621 2299 2676 2343 et
2708 2288 3013 2343 maledictis
3042 2286 3446 2358 proscinderct.
3473 2283 3587 2339 Hoc
3618 2284 3824 2337 lumine
3854 2281 3997 2334 mul-

2416 2392 2499 2437 tos
2552 2382 2955 2451 persecutionis
3011 2380 3390 2449 temporibus;
3453 2385 3709 2433 sanctum
3770 2390 4003 2446 quoque

2413 2474 2711 2529 Antonium
2754 2484 2948 2529 contra
2988 2474 3267 2529 diemones
3310 2472 3364 2526 in
3405 2472 3522 2525 acie
3554 2479 3819 2534 stantem,
3864 2484 3999 2523 eon-

2413 2568 2647 2623 vcstitos
2703 2566 2873 2622 fuisse
2923 2585 2936 2621 :
2992 2582 3154 2638 posse
3205 2566 3321 2621 ﬁeri
3379 2576 3434 2619 ut
3489 2565 3663 2621 oculis
3710 2564 3997 2628 corporeis

2413 2660 2686 2730 quispiam
2719 2660 2967 2714 divinum
3002 2667 3057 2713 et
3085 2660 3392 2714 increatum
3420 2657 3628 2712 Lumen
3656 2655 4001 2724 contemple-

2415 2760 2525 2807 tur.
2570 2751 2629 2805 ln
2673 2759 2858 2806 monte
2892 2750 3145 2805 Thabore
3190 2750 3441 2805 homines
3481 2757 3534 2804 et
3572 2749 3748 2803 azlhuc
3788 2747 3997 2815 imper-

2413 2841 2563 2905 fecti,
2610 2840 3044 2911 circuml'ulgcns
3099 2840 3270 2909 ipsos,
3319 2855 3382 2894 ac
3423 2839 3727 2894 increatuzn
3781 2837 3996 2891 Lumen

2414 2935 2597 2989 videre
2630 2942 2965 3002 potuerunt:
3002 2947 3111 2986 non
3146 2947 3268 2987 esse
3295 2933 3516 2997 mirum,
3552 2933 3595 2985 si
3634 2946 3781 2985 nunc
3812 2929 4001 2985 sancti

2412 3042 2649 3097 superne
2675 3042 2704 3079 a
2734 3027 2845 3079 Deo
2876 3025 3183 3080 collustrati
3215 3025 3473 3079 dicantur
3504 3024 3609 3079 hoc
3637 3022 3848 3077 Lumen
3874 3038 4002 3077 cer-

2413 3134 2563 3175 nere.
2621 3118 2790 3174 Dictis
2838 3117 3160 3173 Barlaamus
3204 3133 3263 3173 se
3302 3117 3587 3171 continere
3639 3132 3745 3171 non
3795 3119 3994 3184 potuit,

2409 3211 2503 3266 sed
2527 3209 2856 3265 exclamavit
2884 3226 2901 3263 ι
2931 3208 2985 3263 Si
3016 3208 3223 3263 Lumen
3250 3207 3384 3263 illud
3417 3224 3591 3278 neque
3622 3224 3704 3262 res
3740 3207 3996 3264 condita.

2413 3318 2593 3373 neque
2627 3303 2718 3357 Dei
2756 3309 2954 3357 natura
2992 3309 3096 3366 est,
3131 3301 3301 3357 Deum
3333 3301 3478 3356 enim
3516 3316 3675 3355 nemo
3709 3300 3844 3354 vidit
3887 3316 4001 3359 un-

2411 3407 2597 3462 quam,
2626 3407 2723 3447 νος
2746 3392 2959 3446 duobus
2978 3391 3084 3446 diis
3108 3391 3350 3454 servitis,
3382 3390 3474 3445 uni
3503 3391 3717 3460 quidem
3741 3392 3993 3444 omnium

2413 3483 2755 3549 fabricatori,
2798 3499 2960 3553 quem
3006 3492 3060 3539 et
3106 3483 3561 3554 inaspectabilcm
3592 3500 3783 3539 omnes
3822 3482 3993 3537 conli-

2412 3583 2618 3638 tentur,
2674 3576 2830 3627 alteri
2890 3577 2990 3629 sub
3040 3586 3319 3645 aspectum
3365 3576 3603 3635 cadenti.
3648 3585 3701 3628 ct
3749 3575 4001 3628 incrcato

2414 3666 2654 3721 Lumini.
2706 3666 2849 3721 Nihil
2897 3684 2957 3722 se
3007 3682 3034 3721 a
3078 3668 3259 3721 divina
3302 3668 3543 3722 essentia
3583 3667 3883 3732 diversum,
3932 3680 4001 3721 ac

2412 3760 2732 3827 discrepans
2760 3758 3064 3813 incrcatum
3095 3758 3373 3819 arbitrari,
3405 3774 3575 3827 quare
3602 3758 3739 3827 ipsis
3759 3756 3996 3819 διθεῖιν,

2410 3850 2639 3905 duorum
2681 3852 2899 3905 deorum
2940 3851 3141 3903 cultum
3188 3852 3405 3904 crimini
3438 3851 3626 3905 dabat.
3661 3851 3749 3903 Sic
3781 3849 3999 3920 Byzan-

2412 3945 2547 3998 tium
2577 3946 2863 4015 navigans,
2901 3946 3143 4014 lisusque
3173 3960 3285 3999 sum
3319 3958 3526 4005 causrc,
3560 3943 3829 4015 synodum
3863 3960 4001 3998 con-

2414 4038 2627 4106 gregari
2672 4038 2842 4089 instat
2884 4055 2896 4090 :
2953 4035 3201 4091 blonaclti
3243 4034 3765 4091 Thessalonicenscs
3800 4035 3867 4087 ad
3902 4035 3998 4103 juo

2411 4130 2613 4183 ditium
2649 4137 3010 4182 accersuntur
3051 4146 3063 4183 :
3101 4138 3153 4181 ct
3188 4144 3311 4182 cum
3349 4127 3649 4196 imperator
3682 4127 3804 4180 lites
3841 4142 4001 4179 com-

2413 4237 2614 4291 ponere
2659 4222 2947 4286 niteretur,
2999 4229 3051 4274 et
3102 4221 3560 4275 altercationibus
3611 4220 3831 4274 modum
3878 4220 3995 4273 lieri

2418 4314 2751 4373 hortaretur.
2790 4314 3080 4369 Barlaamo
3120 4310 3265 4365 haud
3295 4313 3629 4381 quiescente.
3664 4313 3875 4383 synodo
3907 4326 3999 4365 ne-

2415 4409 2621 4475 gotium
2654 4407 3043 4460 committitur.
3080 4404 3509 4459 Praesidentibus
3546 4404 3729 4472 itaque
3760 4403 3999 4470 impera-

734 4492 914 4557 nasio,
948 4494 1368 4565 Chrysostomo,
1408 4498 1620 4551 Joanne
1658 4496 1840 4551 Vccco
1878 4506 1932 4553 et
1968 4500 2113 4554 aliis.
2147 4500 2305 4554 Fate-
2341 4497 2384 4551 D
2418 4507 2533 4551 tore
2569 4508 2621 4549 et
2658 4496 2969 4565 patriarcha
3009 4510 3219 4549 necnon
3268 4495 3495 4564 reliquis
3526 4494 3823 4565 episcopis,
3865 4508 3999 4562 pro-

732 4596 821 4639 tur
868 4601 1142 4652 carceres,
1194 4604 1419 4643 causam
1476 4599 1617 4643 tacet
1670 4590 1722 4643 in
1773 4599 1927 4643 tanto
1977 4592 2305 4660 scriptorum

732 4686 984 4745 numero,
1024 4698 1128 4735 non
1170 4682 1463 4736 laudabilis
1493 4697 1659 4736 causa
1696 4694 1799 4738 est.
1850 4682 2155 4753 Suspectus
2190 4685 2308 4753 ipse

734 4771 799 4825 de
842 4772 1046 4825 sectere
1099 4779 1203 4824 est.
1246 4772 1416 4838 Quem
1469 4774 1629 4828 linem
1680 4789 1936 4830 carceres
1986 4776 2303 4843 habuerint,

736 4862 869 4915 mihi
897 4878 1003 4917 non
1031 4864 1201 4933 liquet
1228 4880 1241 4927 ;
1269 4864 1728 4932 subsequentimn
1755 4867 2115 4924 nihilominus
2139 4870 2309 4939 scrip-

736 4966 913 5013 torum
950 4954 1230 5009 silentium
1274 4954 1483 5009 indicio
1514 4965 1620 5020 est,
1667 4959 1813 5012 illius
1848 4959 2135 5029 opiniones
2171 4977 2306 5017 con-

734 5046 1041 5106 demnatas,
1100 5046 1151 5098 iu
1201 5046 1444 5101 obscuro
1497 5063 1561 5101 ac
1618 5051 1844 5105 latebris
1894 5052 2171 5119 neglectas
2219 5056 2305 5124 ja-

734 5140 937 5197 auisse.
981 5138 1084 5191 Sed
1125 5154 1271 5193 novo
1306 5155 1446 5193 nova
1479 5156 1695 5210 semper
1730 5144 2044 5197 audentium
2093 5145 2235 5198 fastu
2278 5161 2308 5199 e

733 5232 977 5284 tenebris
1009 5243 1199 5296 eruta),
1231 5233 1375 5284 inter
1401 5232 1601 5287 Montis
1632 5235 1755 5286 Athi
1792 5238 2093 5290 monachos
2118 5247 2309 5290 aucto-

734 5322 947 5376 ritatem
990 5323 1370 5385 obtinuerunt,
1413 5324 1589 5377 donec
1636 5324 1982 5391 Barlanmus,
2031 5337 2087 5380 ut
2119 5338 2309 5382 narrat

733 5412 1175 5478 Cantacnzenus,
1213 5413 1420 5469 Ilistor.
1447 5415 1521 5469 lib
1554 5431 1614 5481 ll,
1642 5432 1670 5470 e
1695 5416 1947 5471 Calabria
1984 5419 2304 5483 Monachus,

734 5517 897 5558 scuto
926 5506 1011 5559 vir
1042 5506 1267 5575 ingenio
1298 5518 1351 5560 ct
1395 5508 1723 5577 perspicaci,
1754 5518 1805 5561 et
1840 5509 2021 5579 lingua
2051 5512 2306 5567 disertis-

736 5600 932 5661 simus,
958 5608 1144 5653 extera
1173 5598 1651 5668 philosophorum,
1671 5609 1971 5669 nostraque
1995 5613 2307 5657 sanctorum

740 5690 956 5743 Patrum
987 5690 1233 5745 doctrina
1296 5693 1575 5755 imbutus,
1635 5692 2083 5763 Thessalonicam
2146 5698 2309 5751 adve-

742 5781 919 5847 niens,
954 5792 1007 5839 et
1044 5784 1214 5837 multa
1255 5786 1305 5837 in
1343 5784 1624 5855 religionis
1658 5788 1875 5854 negotie
1918 5788 2181 5845 adversus
2216 5786 2309 5844 La-

2413 4593 2638 4647 cet-il-us
2678 4604 2734 4647 et
2775 4592 3126 4646 senatoribus
3168 4589 3541 4645 assidentibus
3588 4589 3640 4642 in
3677 4590 3883 4658 templo
3915 4588 4002 4642 di-

2412 4688 2551 4738 vinae
2601 4685 2895 4754 Sapientia!
2938 4686 3179 4755 synodus
3224 4684 3461 4754 cogitur.
3498 4680 3782 4735 Barlaamo
3826 4682 3999 4735 veluti

2415 4776 2584 4829 actori
2616 4776 2828 4843 primus
2856 4775 3075 4829 dicendi
3112 4776 3266 4828 locus
3297 4772 3460 4827 datus
3490 4780 3596 4834 est,
3628 4772 3720 4841 qui
3750 4771 4000 4826 libellum

2415 4869 2482 4921 de
2516 4868 2585 4923 iis
2618 4869 2782 4923 rebus
2821 4866 3082 4921 Patribus
3120 4866 3368 4936 porrigit,
3405 4865 3472 4918 ad
3508 4880 3621 4918 rem
3654 4866 4000 4933 prepositam

2414 4961 2576 5014 verba
2625 4960 2847 5026 adjecit,
2898 4960 3112 5012 tandem
3162 4958 3461 5013 monachos
3510 4956 3833 5010 criminatus
3888 4965 4000 5017 est,

2414 5053 2554 5119 quod
2595 5067 2770 5117 neque
2804 5054 3177 5119 precationem
3222 5065 3384 5117 quam
3429 5064 3487 5101 se
3528 5047 3808 5103 celebrare
3846 5046 4003 5101 dicc—

2417 5150 2557 5204 rent,
2605 5142 2812 5209 alisque
2856 5140 3074 5193 dcl'cctn
3118 5151 3169 5191 ct
3214 5140 3609 5192 convenienter
3653 5137 4003 5207 proferrent;

2414 5235 2506 5287 sed
2560 5245 2814 5302 egentem
2868 5233 3270 5293 additamenta,
3320 5231 3485 5297 idque
3526 5230 3639 5298 ipse
3672 5228 4001 5298 adjiciebat.

2416 5338 2472 5378 ut
2501 5326 2646 5393 quod
2675 5326 2917 5387 deesset,
2946 5323 3244 5391 suppleret.
3276 5320 3380 5376 Pro
3409 5319 3692 5373 monachis
3717 5320 4003 5388 rcSpondit

2415 5417 2690 5479 Palatnas,
2746 5427 2795 5469 ct
2844 5423 3187 5471 sanctorum.
3237 5421 3292 5467 et
3346 5412 3635 5479 theologia:
3686 5413 3999 5480 peritorum

2414 5510 2695 5564 hominum
2725 5508 2908 5562 etl'atis
2936 5506 3278 5561 contrarium
3307 5504 3611 5558 astrueliat.
3647 5502 4002 5573 Doccbtuque

2414 5602 2595 5656 luincn
2635 5603 2687 5654 in
2718 5600 2960 5658 Thalior,
2987 5614 3095 5668 quo
3120 5597 3374 5667 discipuli
3407 5596 3665 5650 illustrati
3694 5604 3844 5655 sunt,
3872 5611 4001 5650 esse

2417 5696 2643 5764 gloriam
2680 5694 2769 5747 Dei
2802 5692 3073 5762 principio
3093 5700 3374 5743 carentem
3404 5698 3456 5741 ct
3485 5688 3830 5754 majestatem
3852 5690 4005 5757 ejus,

2418 5796 2471 5843 et
2504 5786 2687 5843 lumen
2717 5786 3029 5843 DtYlhllalls
3063 5794 3113 5838 ct
3146 5782 3436 5845 Deitatem,
3467 5791 3523 5837 et
3557 5780 3809 5835 naturale
3838 5790 3997 5834 Iter-
