4188 6436
204 375 315 439 313

1703 397 2037 460 NOTITIA.

3381 419 3494 486 3-H

203 488 583 596 quinquenoei
616 491 826 565 lumen,
852 506 905 555 et
934 513 1280 575 quacunque
1310 504 1417 561 alia
1460 521 1492 562 a
1524 508 1797 580 theologis
1824 515 1870 571 Α
1898 526 2022 568 esse
2053 511 2121 568 de
2152 510 2410 585 dogmate
2441 515 2514 572 oh
2548 520 2898 589 praesentiam
2929 523 3195 596 imperitae
3233 529 3486 589 multitu-

205 576 276 632 de
303 579 402 635 illo
435 581 729 653 dicuntur;
761 588 1022 663 deinceps
1056 596 1419 655 concludebat
1446 576 1798 659 arternumvet

207 675 466 730 naturale
500 674 595 732 Dei
625 694 736 735 non
763 697 888 739 esse
918 686 1229 755 conditum,
1274 707 1377 748 nec
1408 693 1529 764 ejus
1562 695 1794 766 gloriam

206 772 261 819 et
303 767 676 839 majestatem,
725 792 828 832 nec
864 781 1138 853 quidquid
1184 784 1318 840 illud
1356 787 1539 845 lumen
1573 805 1605 845 a
1640 792 1795 850 theo-

207 857 349 927 logis
381 877 511 918 esse
549 867 909 938 praedicatur;
952 881 1066 929 tum
1097 875 1326 934 Tomum
1359 896 1390 938 a
1420 885 1710 944 monachis
1736 888 1791 944 in

205 950 350 1007 Atho
395 954 788 1019 habitantibus
832 971 1201 1040 compositum
1243 990 1524 1045 promens,
1566 996 1626 1036 se
1665 998 1789 1038 cum

208 1042 420 1099 sanctis
464 1053 808 1121 consentire,
848 1057 994 1114 dicta
1038 1077 1168 1119 vero
1214 1042 1484 1124 Barlaami
1534 1088 1789 1142 perversa

207 1130 470 1232 dogmata
512 1152 637 1195 esse
670 1148 1033 1205 monstrabat.
1074 1153 1211 1210 Cum
1247 1169 1373 1227 post
1406 1130 1622 1232 longam
1669 1130 1789 1223 dis;

205 1224 552 1317 putationem
599 1235 834 1294 victoria
888 1242 954 1296 ad
1009 1245 1337 1317 Gregorium
1384 1264 1439 1309 et
1486 1261 1788 1317 monachos

204 1311 528 1384 inclinaret,
562 1320 884 1387 Barlaamus
920 1334 1131 1403 videns,
1171 1355 1279 1396 non
1314 1332 1669 1414 ellugiturum
1703 1366 1784 1416 se,

204 1404 334 1511 quin
367 1410 811 1475 maledicentiam
848 1438 1003 1479 suam
1049 1438 1103 1483 et
1145 1404 1537 1493 scurrilitaiem
1586 1404 1781 1511 lueret,

201 1495 268 1548 ad
307 1513 586 1603 magnum
631 1506 993 1571 domesticum
1044 1523 1260 1578 accedit
1303 1528 1372 1582 ab
1417 1544 1484 1584 eo
1532 1495 1784 1603 ﬂagitans

194 1589 464 1646 auxilium
507 1605 560 1650 et
600 1603 913 1671 consilium,
959 1626 1070 1680 quo
1123 1614 1503 1677 imminentem
1563 1589 1780 1696 poenam

196 1683 479 1791 eraderet.
518 1687 744 1764 Magnus
780 1698 1121 1763 domesticus
1164 1709 1339 1766 oﬂlcia
1372 1729 1471 1769 sua
1503 1683 1780 1791 promisit,

194 1773 566 1877 hortaturque
604 1802 673 1841 ne
715 1803 1067 1861 exspectaret
1112 1810 1292 1857 atrum
1335 1773 1632 1877 calculum,
1683 1773 1776 1870 sed

188 1868 375 1934 petius
403 1874 646 1941 priorem
676 1880 795 1951 ipse
820 1886 1123 1957 inscitiam,
1147 1904 1201 1948 et
1227 1899 1467 1967 agnitam
1492 1905 1773 1963 veritatem

187 1961 368 2029 palam
404 1963 696 2036 fateretur,
742 1981 1109 2039 assentiretur
1149 1961 1287 2043 cuni
1312 1995 1545 2061 sanctis,
1583 2007 1638 2052 et
1675 2000 1779 2053 ini-

189 2054 438 2112 micitias
461 2076 587 2116 cum
620 2071 908 2127 monachis
929 2088 1179 2146 poneret,
1205 2082 1283 2137 sic
1308 2085 1581 2146 innocuus
1610 2093 1773 2149 vitam

186 2160 402 2244 ageret,
441 2159 733 2215 monachis
775 2165 1011 2230 amicus,
1044 2173 1137 2241 qui
1186 2190 1293 2230 non
1331 2183 1599 2239 conviciis
1633 2187 1686 2240 in
1717 2205 1776 2244 se

183 2236 400 2305 eﬂ‘usis,
446 2246 540 2300 sed
585 2256 932 2317 perrersitati
966 2260 1235 2321 doctrina:
1264 2272 1661 2333 ecclesiasticae
1693 2295 1774 2333 re-

182 2331 471 2392 sisterent.
522 2340 844 2401 Amrmahat
886 2351 1207 2414 Bai-luamus
1251 2365 1523 2432 optimum
1567 2331 1673 2425 sibi
1718 2374 1771 2430 id

180 2425 353 2483 videri
380 2436 677 2491 consilium
711 2458 725 2493 :
763 2443 953 2503 timere
980 2459 1181 2518 tamen,
1216 2472 1283 2511 ne
1309 2470 1430 2526 post
1465 2464 1771 2523 confessio-

182 2534 304 2574 nem
344 2526 536 2596 aliqua
575 2534 907 2594 multaretur
938 2544 1263 2612 ignominia,
1293 2567 1416 2607 eum
1448 2557 1692 2625 probatis
1715 2570 1769 2617 et

180 2618 421 2683 receptis
449 2620 803 2692 dogmatibus
828 2649 889 2688 se
913 2643 1271 2707 opposuerit;
1301 2618 1534 2716 proinde
1559 2654 1604 2707 si
1636 2655 1767 2710 talia

178 2718 452 2810 passurus
483 2726 654 2783 esset,
688 2724 885 2781 melius
918 2729 1140 2787 silentio
1175 2735 1365 2792 tulisse
1390 2740 1679 2810 judicium,
1708 2754 1766 2799 ut

178 2808 231 2853 et
272 2800 328 2853 in
378 2814 664 2873 posterum
708 2814 811 2869 sibi
859 2816 1060 2874 factam
1105 2824 1362 2895 injurium
1406 2841 1460 2886 et
1497 2834 1765 2902 judicium

176 2894 349 2957 possit
398 2912 683 2959 revocare.
721 2905 857 2963 Cum
904 2928 1139 2985 magnus
1166 2894 1530 2981 domesticus
1572 2943 1763 2985 mone-

181 2992 297 3085 ret,-
327 3004 399 3043 ne
435 2991 567 3060 quid
605 2995 880 3063 ejusmodi
928 3019 987 3059 se
1032 3021 1305 3077 praesente
1341 3023 1630 3085 metueret,
1674 3021 1764 3076 ille

181 3077 394 3135 medius
447 3093 603 3140 stans
646 3094 976 3157 praeteritam
1026 3099 1396 3167 ignorantiam
1448 3077 1762 3176 confitetur,

1900 604 2067 671 «linis,
2117 612 2234 660 tum
2274 623 2343 662 ne
2392 610 2683 683 theologia:
2727 618 2984 686 mysteria
3034 621 3281 688 profanis
3329 624 3478 696 vulgi

1898 697 2123 753 auribus
2155 698 2559 771 ingererentur,
2599 715 2715 759 tum
2746 720 2816 761 ne
2848 706 3101 767 Palamas
3125 722 3320 768 contra
3362 714 3478 772 dis-

1896 798 2122 859 putante
2159 790 2449 848 Barlaamo
2492 794 2831 867 blasphemas
2864 797 3129 857 doctrinae
3168 804 3474 861 convince-

1894 887 2085 936 retur:
2118 894 2173 937 et
2199 882 2551 940 Barlaamum
2584 889 3014 945 condemnatum
3042 908 3155 948 non
3181 894 3328 965 quod
3360 912 3471 951 non

1893 973 2125 1029 sentiret
2145 990 2207 1029 ea
2233 993 2353 1046 quae
2376 976 2652 1045 Palamas,
2683 981 2776 1037 sed
2802 996 2868 1038 es
2895 982 3020 1039 aliis
3048 984 3223 1053 ipsius
3248 987 3475 1058 scriptis

1892 1066 2289 1123 malevolentia:
2339 1080 2392 1125 et
2443 1071 2789 1141 pertinaciae.
2837 1082 2892 1130 et
2940 1074 2995 1130 in
3040 1076 3237 1148 primis
3284 1078 3474 1147 glorize

1891 1158 2233 1228 cupiditatis,
2262 1162 2571 1219 convictus.
2605 1163 2928 1223 Audiatur:
3006 1166 3183 1223 Τοῦτο
3246 1168 3305 1222 δὲ
3376 1171 3471 1225 καὶ

1891 1247 1977 1302 ἵνα
2005 1250 2079 1321 μὴ
2098 1251 2251 1313 δίκας
2269 1251 2472 1305 ἀτόπου
2492 1253 2737 1326 γλώττης
2759 1257 2851 1309 καὶ⁵
2869 1257 3091 1328 γνώμης
3111 1258 3348 1322 διδόντος
3376 1258 3472 1313 τοῦ

1888 1339 2177 1411 Βαρλαὰμ,
2212 1343 2368 1409 δίκας
2419 1343 2741 1417 βλασφήμου
2781 1366 2839 1402 τε
2875 1350 2970 1406 καὶ
3009 1351 3241 1421 ἀκαίρου
3284 1352 3469 1409 θεολο-

1888 1436 2013 1502 γίας
2043 1435 2223 1504 ὅφλων
2269 1441 2411 1510 φανῇ
2442 1439 2539 1494 καὶ
2592 1439 2620 1491 ό
2654 1441 2942 1512 Παλαμᾶς,
3003 1442 3298 1499 κάντεῦθεν
3343 1446 3469 1499 ἀντὶ

1886 1525 1989 1594 τῆς
2026 1526 2408 1597 ἁρμοττούσης
2427 1530 2539 1592 τοῖς
2570 1530 2898 1600 πράγμασιν
2935 1532 3162 1603 εἰρήνης
3187 1533 3279 1587 καὶ
3308 1534 3469 1588 eota-

1888 1615 2024 1682 ξίας,
2067 1616 2293 1685 θόρυϐος
2349 1618 2575 1689 γένηται
2625 1620 2721 1674 καὶ
2773 1620 3124 1693 ἀτέκμαρτος
3163 1623 3467 1694 σύγχυσις·

1886 1707 2006 1761 ὅθεν
2030 1708 2100 1762 τὰ
2126 1710 2223 1780 τῆς
2254 1711 2418 1781 εὐχῆς
2449 1713 2529 1775 είς
2563 1712 2730 1781 μέσον
2761 1711 2975 1767 ἐτίθετο
3000 1729 3013 1743 ·
3045 1714 3113 1769 τὰ
3144 1716 3201 1769 δέ
3233 1717 3332 1787 τῆς
3359 1717 3467 1769 τῶν

1884 1799 2281 1855 Μασσαλιανῶν
2316 1802 2585 1873 αἱρέσεως
2617 1805 2707 1858 ἐπὶ
2743 1808 2961 1869 τούτοις
2990 1806 3338 1878 ἐγκλήματα,
3367 1809 3467 1862 ὅσα

1885 1894 2026 1948 κατὰ
2049 1894 2141 1948 τοῦ
2167 1896 2404 1967 Παλαμᾶ
2421 1897 3093 1970 προύτείνετο,ύπέρθεσιν
3112 1900 3188 1962 εἰς
3209 1898 3467 1970 βραχείας

1880 1986 2035 2057 ἔσχον
2063 1987 2296 2058 ἡμέρας·
2331 1988 2425 2041 καὶ
2448 1991 2495 2041 εί
2523 1989 2643 2061 μὴὸ
2669 1989 2766 2044 τοῦ
2796 1989 3062 2061 βασιλέως
3098 1990 3283 2045 εἵπετο
3300 1991 3469 2045 κατά·-

1878 2098 1973 2134 πιν
2004 2079 2265 2149 αἰφνίδιος
2297 2082 2546 2146 θάνατος,
2574 2082 2711 2154 ταχὺ
2738 2082 2800 2135 τδ
2838 2084 3016 2154 πέρας
3054 2082 3363 2155 ἐλάμϐανον
3398 2084 3465 2138 ἂν

1876 2173 1935 2225 αι
1966 2173 2133 2227 αὑτοῦ
2161 2174 2387 2245 σφοδραὶ
2419 2177 2559 2229 κατά
2585 2175 2686 2244 τῆς
2715 2176 2981 2246 αἷρὲσεως
3004 2177 3103 2245 τῆς
3135 2175 3463 2246 Παλαμικῆς

1874 2263 2227 2331 ἐπαγγελίαι.
2265 2264 2426 2332 Λέγω
2450 2265 2515 2336 δὴ
2544 2267 2641 2336 τὴν
2664 2266 2907 2335 ἐκτομὴν
2934 2266 3130 2335 αὐτῆς,
3161 2265 3463 2340 μελλούσης

1874 2355 1954 2408 ἔτι
1982 2356 2235 2425 φύεσθαι.
2284 2358 2391 2411 Καὶ
2445 2359 2535 2411 ἵνα
2567 2361 2667 2415 τάν
2700 2361 2850 2433 μέσῳ
2879 2360 3151 2429 συντέμω,
3195 2360 3270 2430 μὴ
3327 2376 3461 2427 συγ-

1874 2448 2146 2518 χωρηοεὶς
2177 2450 2204 2501 ὁ
2236 2449 2502 2520 Buff/“uitat
2561 2452 2841 2519 ἀποδεῖξαι
2889 2452 2959 2505 τὰ
2991 2452 3383 2522 προτεινόμενά
3413 2454 3460 2505 οἱ

1872 2541 1981 2594 τῶν
2038 2541 2365 2611 Θεολογικῶν
2421 2544 2804 2613 ἐγκλημάτων,
2860 2546 2929 2598 δι’
2971 2546 3152 2618 ἇσπερ
3216 2546 3464 2617 ἔφθημεν

1871 2636 2164 2703 εἰρηκότες
2199 2635 2402 2701 αἰτίας,
2445 2636 2502 2702 ἐξ
2539 2638 2743 2708 ἐτέρων
2800 2639 2964 2692 αὐτοῦ
3003 2639 3462 2711 συγγραμμάτων

1869 2727 2104 2798 ἡττήθη,
2138 2731 2233 2781 καὶ
2289 2729 2614 2800 ἀπηλέγχθη
2652 2730 3126 2804 κακογνωμοσύνῃ
3163 2731 3259 2784 καὶ
3295 2729 3463 2782 αὐθα-

1869 2820 1957 2891 δίᾳ
1987 2820 2231 2884 σύνοικος
2268 2819 2367 2888 ὢν,
2400 2822 2496 2875 καὶ
2528 2822 2686 2890 δόξης
2716 2823 3004 2892 δημώδους
3042 2823 3097 2883 ἐς
3126 2824 3195 2876 τὰ
3226 2821 3462 2892 μάλιστα

1870 2915 2129 2983 ἐραστής·
2153 2911 2285 2965 Tum
2305 2929 2366 2967 ne
2380 2929 2497 2967 cunt
2515 2914 2836 2967 Barlaamus
2857 2915 3044 2983 inepta:
3056 2914 3394 2985 loquacitatis
3410 2924 3460 2967 et

1867 3005 2055 3059 mentis
2072 3019 2251 3071 ptenas
2271 3004 2456 3070 lueret,
2474 3004 2730 3059 Palamas
2749 3005 3062 3072 blasphemi?
3077 3015 3126 3059 et
3145 3006 3212 3057 im
3220 3014 3461 3073 portunar

1869 3093 2141 3163 theologica
2166 3110 2285 3148 reus
2313 3110 2426 3148 esse
2455 3095 2722 3149 videretur
2752 3111 2769 3147 :
2805 3105 2958 3165 atque
2992 3096 3115 3149 inde
3138 3095 3251 3149 loco
3282 3096 3455 3165 pacis,

177 3168 245 3223 ob
273 3172 447 3228 stulte
476 3175 626 3232 dicta
666 3184 880 3239 τεηίεηη
920 3190 1078 3257 pem,
1119 3208 1201 3257 se.
1244 3210 1368 3250 cum
1406 3199 1542 3256 alios
1576 3168 1761 3261 cna";
1787 3200 1832 3262 ρ
1867 3203 2026 3257 quam
2055 3203 2136 3242 res
2166 3188 2489 3258 ﬂagitabant
2518 3198 2675 3257 atque
2709 3188 2833 3242 boni
2866 3188 3093 3253 ordinis,
3122 3189 3379 3243 tumultus
3406 3199 3458 3244 et

176 3263 523 3333 opinaretur,
567 3273 632 3323 aal
669 3289 858 3330 eorum
900 3296 1146 3338 errorem
1182 3290 1585 3347 emendandum
1630 3295 1757 3351 dili-

172 3358 413 3421 gentiam
452 3360 774 3422 adhibuisse
819 3386 833 3422 :
888 3389 1034 3428 nunc
1077 3376 1209 3430 nihil
1251 3381 1421 3437 abiis
1462 3383 1755 3453 dissidere,

172 3454 223 3499 et
260 3448 315 3501 in
350 3448 612 3509 Thabore
652 3458 835 3514 lumen
871 3464 1099 3533 gloriam
1145 3468 1238 3524 Dei
1277 3474 1545 3544 principii
1563 3448 1757 3548 cuper;

170 3547 297 3599 tem.
326 3552 379 3597 et
412 3552 684 3603 aeternum
720 3567 843 3609 esse
875 3556 1058 3612 lumen
1085 3562 1311 3619 credere
1334 3580 1414 3630 se,
1440 3576 1605 3637 atque
1626 3584 1757 3623 con-

170 3628 328 3686 ﬁteri.
382 3632 544 3692 Nunc
578 3638 879 3711 Gregorius
923 3662 1047 3702 cum
1088 3664 1232 3706 cmtu
1279 3670 1381 3709 suo
1411 3628 1753 3715 Barlaamum

170 3727 441 3795 complexi
471 3732 685 3786 veniam
712 3740 1008 3804 prateritis
1037 3742 1330 3811 dederunt,
1357 3746 1576 3816 Deoque
1602 3751 1754 3820 pacis

169 3826 220 3869 et
248 3821 572 3878 concordia:
598 3828 805 3895 gratias
828 3845 1081 3901 egerunt.
1119 3836 1182 3889 Et
1217 3837 1319 3892 hac
1343 3841 1556 3897 ratione
1589 3860 1755 3914 syno-

168 3910 265 3965 dus
298 3913 538 3971 dimissa
575 3928 676 3973 est.
710 3919 1035 3981 Barlaamus
1064 3944 1169 3982 non
1205 3931 1297 3985 diu
1333 3944 1477 4002 post,
1512 3910 1750 4005 impera-

169 4012 282 4060 tore
340 4006 631 4076 defuncto,
688 4012 869 4070 denuo
926 4018 1078 4074 litem
1132 4025 1326 4090 movit,
1379 4034 1433 4080 ct
1481 4027 1749 4097 judicium

170 4097 317 4153 valde
374 4099 727 4159 claudicasse
782 4105 1075 4165 clamitans
1132 4111 1185 4167 in
1238 4114 1450 4170 Italiam
1512 4118 1747 4190 aufugit.

168 4187 469 4259 Gregorius
496 4205 686 4259 posma
716 4211 1082 4267 cognomento
1106 4204 1449 4275 Acindynus,
1474 4187 1747 4266 Barlaami

169 4282 322 4350 longo
358 4287 630 4352 temporis
669 4288 847 4356 spatio
883 4290 1213 4362 discipulos,
1253 4299 1444 4353 eadem
1488 4311 1745 4371 conatus,

168 4374 216 4426 in
239 4375 398 4441 plena
430 4378 647 4445 synodo
679 4380 733 4433 in
768 4383 959 4439 eodem
1001 4389 1201 4456 templo
1233 4400 1425 4445 coacta
1464 4394 1748 4461 abjomni-

166 4465 257 4520 bus
296 4464 737 4535 condemnatur,
783 4482 836 4528 et
883 4487 1077 4530 contra
1126 4479 1474 4537 Barlaamum
1514 4486 1747 4557 ejusque

1868 3279 2053 3346 ingens
2108 3278 2351 3347 confusio
2402 3279 2654 3333 oriretur.
2713 3278 2955 3334 l'rimunt
3005 3281 3182 3349 itaque
3230 3281 3455 3334 crimina

1867 3371 2193 3441 precationis
2227 3371 2677 3440 proponebantur.
2719 3372 2851 3437 Qute
2899 3388 3016 3426 vero
3061 3373 3130 3425 ad
3162 3371 3455 3427 Massalio-

1866 3479 1989 3516 nam
2020 3464 2285 3528 Iitcresim,
2304 3473 2354 3517 et
2382 3480 2497 3534 quae
2519 3465 2633 3517 alia
2662 3474 2848 3518 contra
2866 3464 3146 3518 Palamam
3166 3464 3455 3533 aﬂ'erebun~

1864 3564 1971 3621 tur,
2004 3556 2355 3623 pertinebant,
2385 3558 2439 3609 in
2482 3572 2677 3623 paucos
2712 3559 2822 3612 dies
2852 3558 3029 3611 dilata
3065 3567 3231 3623 sunt;
3275 3567 3324 3612 et
3352 3559 3455 3613 nisi

1865 3662 1988 3701 mox
2034 3648 2370 3712 imperatoris
2431 3665 2572 3703 mors
2627 3659 2907 3705 consecuta
2952 3651 3166 3721 fuisset,
3214 3652 3453 3707 celeriter

1863 3742 2180 3795 vehementes
2205 3742 2261 3795 in
2292 3740 2628 3795 Palamicam
2662 3742 2910 3796 Itwresim
2937 3743 3270 3799 velitationes
3295 3745 3453 3799 abso-

1863 3834 1988 3887 luta:
2013 3843 2184 3889 essent
2212 3849 2231 3888 :
2263 3836 2360 3888 hoc
2384 3846 2484 3897 est,
2530 3852 2592 3889 ea
2629 3852 2747 3904 qute
2778 3835 3021 3905 futurum
3051 3847 3163 3889 erat
3199 3848 3255 3888 ut
3287 3852 3450 3907 auge-

1863 3938 2026 3986 retur,
2058 3927 2357 3994 exstirpata
2393 3937 2502 3979 tum
2535 3928 2742 3994 fuisset.
2783 3926 2847 3980 Et
2878 3937 2933 3980 ut
2959 3944 3020 3981 ea
3049 3944 3166 3997 qua:
3196 3928 3448 3984 interces-

1859 4028 2060 4082 serunt,
2093 4021 2358 4081 omittam,
2404 4036 2521 4072 cum
2569 4018 2858 4073 Barlaamo
2899 4037 3004 4074 non
3054 4021 3445 4083 concederetur,

1859 4126 1989 4180 quas
2022 4111 2084 4163 ob
2116 4126 2304 4163 causas
2345 4110 2602 4175 diximus,
2640 4110 2933 4180 tlwoloyica
2970 4111 3198 4165 crimina
3225 4111 3446 4165 demon-

1858 4212 2051 4268 strare,
2095 4218 2160 4256 ex
2200 4202 2323 4255 aliis
2355 4201 2469 4271 ejus
2498 4203 2715 4272 scriptis
2747 4211 3040 4271 compertus
3074 4212 3173 4269 est,
3206 4214 3255 4257 et
3283 4202 3443 4258 malc-

1859 4293 2101 4348 volentiaz
2126 4301 2175 4347 et
2200 4295 2531 4363 pertinaciae,
2562 4304 2608 4349 et
2641 4295 2696 4349 in
2741 4296 2924 4365 primis
2956 4296 3230 4363 popularis
3259 4296 3441 4365 gloria

1857 4386 2148 4454 cupiditate
2178 4385 2492 4439 damnatus.
2529 4386 2707 4443 Causa
2735 4402 2866 4457 ergo
2898 4386 3169 4442 Barlaami
3203 4386 3304 4441 fuit
3336 4404 3439 4441 ma-

1858 4477 2173 4541 ledicentia,
2204 4489 2257 4533 et
2302 4494 2503 4547 procax
2558 4478 2611 4532 in
2648 4477 2952 4534 monachos
2988 4480 3305 4549 aggressio;
3342 4478 3438 4534 Pa-

166 4567 490 4623 sectatores,
555 4570 615 4616 ut
666 4564 954 4624 hmreticos
1011 4571 1117 4625 nisi
1172 4575 1588 4645 resipiscerent,
1635 4582 1743 4635 lata
1780 4563 2031 4631 01³1³ὶέῖὸ
2089 4566 2415 4637 b'asphema
2469 4576 2523 4623 ει
2575 4568 2890 4637 importuna
2944 4570 3240 4638 "'COIORiao
3304 4569 3439 4624 Vc”

162 4661 238 4704 est
290 4656 589 4719 sententia,
644 4666 697 4710 et
747 4660 817 4712 ab
861 4661 1321 4726 οτιΙιοάοιοιοιιιιι,
1351 4672 1743 4727 communione

167 4753 386 4813 uterque
419 4759 767 4817 segregatus,
797 4759 850 4805 et
884 4753 929 4806 si
959 4755 1085 4822 quis
1113 4757 1254 4812 alius
1286 4758 1352 4814 de
1384 4770 1584 4817 caetero
1612 4765 1742 4819 talia

166 4834 404 4897 auderet,
446 4846 501 4889 et
532 4835 795 4905 Palamm,
837 4841 1094 4914 aliisque,
1128 4849 1285 4916 quasi
1329 4851 1473 4905 male
1510 4854 1577 4907 de
1613 4835 1741 4908 rali-

165 4925 311 4991 gione
354 4929 730 4986 sentientibus
761 4935 966 4989 crimen
1010 4936 1262 5005 inferret,
1296 4949 1349 4995 et
1381 4941 1613 4997 Tomum
1643 4960 1741 5015 pro

164 5022 320 5075 veteri
360 5024 709 5093 synodorum
755 5041 903 5081 more
936 5032 1306 5098 compositum
1338 5035 1425 5087 cui
1462 5035 1743 5107 subscrip-

162 5121 295 5164 serat
321 5110 575 5169 Joannes
594 5115 902 5182 patriarcha
929 5127 981 5171 et
1006 5128 1118 5173 tum
1148 5132 1445 5190 prmsonlcs
1470 5126 1734 5196 episcopi,

162 5200 241 5253 alii
272 5211 465 5270 postea
500 5202 659 5256 multi
693 5204 970 5273 prioribus
1008 5209 1224 5264 assensi
1259 5211 1733 5281 subscripserunt,

162 5287 385 5347 Palama:
423 5300 481 5346 et
515 5295 873 5351 consortibus
920 5298 1062 5366 ejus,
1110 5314 1221 5368 quo
1261 5316 1320 5357 sc
1353 5302 1732 5367 defenderent,

160 5383 521 5438 tradiderunt.
575 5384 645 5439 Et
698 5390 815 5441 tunc
862 5388 1082 5454 quidem
1138 5390 1556 5448 Cantacuzenus
1602 5409 1733 5463 pro-

159 5474 333 5542 lixius,
378 5493 506 5548 quae
555 5479 731 5548 magis
779 5482 1062 5537 succincte
1114 5485 1308 5553 repetit
1355 5486 1407 5539 in
1456 5484 1733 5541 PI‘OCBllllO

158 5573 290 5640 quod
349 5572 627 5639 praeponit
690 5574 805 5627 suis
867 5575 1404 5633 contradictitmihus
1466 5579 1730 5635 adversus

160 5655 657 5717 Hieromonaclium
704 5663 1039 5721 Prochorum
1087 5668 1413 5739 (lydouium,
1467 5670 1725 5727 [lenietrii

155 5751 385 5817 Nauem,
424 5756 491 5809 de
533 5757 741 5812 lumine
772 5758 1073 5817 Thahorio.

214 5843 505 5916 Gregous,
545 5849 640 5902 lib.
670 5863 731 5910 ll.
765 5851 925 5905 i‘elert
959 5853 1011 5907 in
1043 5868 1103 5908 ea
1139 5857 1352 5924 synodo
1381 5858 1513 5913 nihil
1541 5868 1720 5915 actum

1851 4672 2016 4728 porro
2069 4674 2294 4713 narrare
2353 4659 2512 4714 nobis
2570 4658 2870 4729 Gregoram
2941 4659 3114 4717 habeo
3171 4676 3239 4715 ex
3270 4660 3438 4715 Tomo

1846 4750 2072 4807 Joannis
2106 4752 2452 4822 patriarchae,
2483 4753 2573 4823 qui
2609 4753 2821 4824 synodo
2863 4754 3112 4809 interfuit
3144 4763 3340 4826 agente
3372 4756 3437 4810 de

1847 4844 1951 4899 alio
1995 4843 2193 4910 Tomo,
2230 4861 2394 4916 quem
2444 4862 2549 4900 nos
2580 4845 2769 4901 Graece
2800 4856 2854 4901 ct
2907 4846 3098 4902 Latine
3139 4846 3438 4912 edidimus,

1845 4937 1923 4991 De
1946 4938 2297 4992 consensione
2326 4936 2583 4993 Ecclesia:
2617 4937 2977 4994 Occidentalis
3008 4950 3164 5006 atque
3194 4939 3435 4995 Orienta-

1844 5030 1928 5095 lis,
1960 5030 2057 5085 lib.
2090 5046 2152 5093 ιι,
2182 5046 2304 5100 cap.
2333 5030 2401 5083 l7
2430 5050 2442 5083 :
2474 5031 2630 5083 Ἐστι
2673 5031 2772 5101 μὲν
2802 5031 2913 5084 ἀπὸ
2941 5030 3035 5085 τοῦ
3066 5032 3247 5102 Τόμου
3270 5049 3435 5086 καταο

1844 5121 2034 5191 φανές.
2065 5122 2143 5189 τῷ
2190 5121 2267 5192 μὴ
2316 5122 2453 5192 πρὸς
2493 5122 2793 5192 ἀπέχθειαν
2831 5124 3039 5195 κρίνειν
3070 5124 3334 5188 ἐθέλοντι.
3361 5126 3436 5190 ὡς

1841 5214 1932 5268 ἐπὶ
1964 5214 2147 5283 μόνοις
2169 5216 2283 5277 τοῖς
2308 5214 2430 5267 δυσὶ
2461 5215 2790 5284 κεφαλαίοις
2814 5216 3032 5285 ἐγένετο
3075 5218 3109 5289 ἡ
3134 5218 3316 5290 κρίσις
3344 5219 3437 5273 καὶ

1838 5306 1873 5377 ὴ
1898 5307 2194 5375 ἀπόφασις,
2222 5306 2299 5379 τῷ
2335 5309 2465 5378 περὶ
2492 5308 2586 5361 τοῦ
2620 5311 2677 5361 ἐν
2706 5308 2784 5379 τῷ
2812 5309 3080 5381 Θασωρίῳ
3111 5310 3258 5379 λέγω
3287 5311 3438 5365 Θείου

1838 5400 2055 5467 φωτὸς,
2112 5400 2208 5452 καὶ
2246 5399 2323 5470 τῷ
2378 5402 2507 5471 περὶ
2555 5401 2665 5469 ,τῆς
2724 5402 2932 5472 εὐχῆς,
2984 5402 3061 5466 ὡς
3116 5402 3435 5477 δηλώσομεν

1837 5492 2119 5560 προϊόντες
2142 5508 2155 5521 ·
2198 5494 2292 5544 καὶ
2321 5493 2405 5544 ἐπ’
2432 5494 2617 5554 αὐτοῖς
2664 5495 2776 5556 τοῖς
2803 5494 2925 5546 δυσὶ
2948 5494 3269 5562 κεφαλαίοις
3296 5512 3435 5547 κατ-

1834 5583 2117 5654 εδικάσθη,
2184 5586 2278 5638 καὶ
2306 5584 2652 5655 ἀπεπέμφθη
2682 5587 2710 5640 ὁ
2738 5586 3028 5659 Βαρλαὰμ,
3055 5587 3151 5642 καὶ
3174 5588 3236 5640 τὸ
3267 5588 3325 5641 ἐν
3353 5588 3431 5660 τῷ

1834 5676 1998 5746 Τάμῳ
2023 5677 2178 5730 τεθὲν
2242 5676 2336 5728 τοῦ
2393 5678 2672 5746 ἐπιτιμίου
2729 5680 2895 5751 βάρος
2975 5681 3072 5733 ἐπὶ
3125 5678 3423 5747 δεφενδεῠ-

1838 5788 1919 5823 σει
1952 5770 2059 5823 τῶν
2096 5771 2188 5823 δύο
2216 5770 2426 5824 τούτων
2478 5775 2640 5825 ἕνεκα
2676 5774 2855 5842 μόνων
2898 5773 3213 5843 κεφαλαίων
3241 5771 3426 5844 ἐτέθη.

1836 5864 2024 5918 Palam
2077 5873 2153 5917 est
2191 5880 2251 5917 ea;
2289 5864 2399 5936 ipse
2439 5862 2620 5925 Tomo,
2656 5865 2753 5920 nisi
2787 5868 2901 5937 quis
2945 5880 3009 5921 ex
3039 5865 3239 5921 invidia
3268 5873 3425 5931 atque
