4188 6436
193 370 297 435 317

1265 367 1524 427 JACOBl
1567 367 1897 429 PONTANI
1956 370 2367 432 PRi‘EFATlO.

3348 366 3452 436 318

191 502 287 539 nos
313 481 456 548 apud
484 496 592 539 eos,
626 476 713 544 qui
758 476 1100 546 llcsycltasttv
1140 478 1472 544 dicebantur,
1526 479 1682 533 veluti
1714 481 1766 533 in

1942 484 2080 538 Hinc
2127 481 2563 538 concludendum
2608 494 2808 536 censeo
2837 489 2997 535 caute
3042 479 3243 549 scripta
3297 480 3452 551 ejus-

189 575 407 628 arcanis
448 570 661 623 Incresis
686 570 788 621 ista
824 568 1283 624 insusurrabatur.
1317 569 1473 634 Quod
1503 571 1682 637 palam
1708 571 1776 623 sit

188 682 255 720 ea:
312 664 400 718 Itis
444 678 562 730 quea
600 659 827 730 Symeon
870 661 1090 729 quidam
1146 663 1462 716 monasterio
1495 660 1780 716 Xerocerci

187 762 499 832 prefectus,
553 776 702 830 quem
756 769 806 813 et
856 758 1155 830 theologum
1204 758 1473 829 juniorem
1521 759 1777 815 similium

192 864 385 925 mysta:
426 866 475 907 et
508 852 802 923 mystagogi
838 852 1248 920 inscripserunt,
1299 857 1354 907 in
1401 853 1524 907 aliis
1564 854 1779 923 scriptis

190 948 303 1000 suis
326 945 501 999 multa
541 944 850 1012 blasphema
898 942 1227 1012 profanaque
1265 945 1508 1011 tradidit,
1564 946 1656 1000 sed
1683 960 1780 1013 po-

193 1038 469 1093 tissimum
514 1036 569 1087 in
599 1050 750 1103 opere
796 1033 873 1089 De
914 1033 1194 1089 sobrietate
1242 1044 1291 1089 et
1339 1038 1627 1091 attentione
1668 1036 1779 1091 lta'c

192 1129 347 1182 habet
376 1142 397 1181 :
432 1145 453 1179 ι
490 1124 625 1181 Sede
654 1126 712 1179 in
760 1141 866 1180 uno
894 1126 1108 1196 angulo,
1143 1146 1162 1179 ι
1211 1135 1320 1184 etc.
1352 1127 1492 1183 Hinc
1540 1126 1779 1200 Symeon

194 1221 301 1275 iste
341 1219 581 1289 singulis
614 1218 829 1289 paginis
867 1218 1068 1290 sapius
1098 1228 1153 1273 ct
1189 1219 1257 1275 ad
1309 1233 1568 1276 nauseam
1601 1220 1781 1274 incul-

192 1322 284 1370 cat
309 1311 747 1367 illuminationes
772 1311 1010 1377 divinas,
1043 1312 1224 1366 lumen
1251 1310 1523 1378 divinum,
1548 1312 1779 1368 uniones

194 1404 440 1467 divinas,
473 1404 706 1458 uniones
732 1403 1060 1458 essentiales
1104 1419 1227 1459 cum
1262 1403 1394 1468 Deo,
1435 1412 1489 1460 et
1522 1413 1780 1459 sexcenta

195 1495 301 1548 alia
336 1493 564 1549 similia.
593 1492 700 1548 Sed
734 1493 857 1561 quis
885 1494 976 1547 illa
1008 1509 1166 1564 aequo
1196 1494 1382 1550 animo
1414 1494 1575 1559 feret,
1604 1503 1661 1549 ut
1691 1510 1783 1550 re-

196 1589 348 1654 liqua
383 1586 606 1639 silentio
631 1585 930 1649 involvam,
957 1600 1079 1655 quae
1104 1586 1377 1642 habentur
1397 1597 1540 1643 orat.
1570 1586 1640 1640 27
1666 1603 1680 1640 :
1717 1588 1783 1639 "tt

196 1678 290 1730 τοῦ
324 1676 611 1746 Θαύματος
646 1678 658 1728 !
690 1678 773 1730 ὅτι
816 1677 1106 1748 ἄνθρωπος
1143 1679 1353 1732 ἑνοῦται
1397 1678 1785 1751 πνευματικῶς

196 1770 292 1820 καὶ
326 1765 683 1836 σωματικῶς,
708 1770 867 1839 εἴπερ
894 1768 955 1821 οὐ
984 1770 1280 1841 χωρίζεται
1307 1770 1402 1822 τοῦ
1427 1769 1518 1823 νοῦ
1548 1773 1580 1839 ἡ
1612 1768 1783 1840 ψυχὴ,

196 1860 318 1914 οὐδὲ
346 1860 451 1927 τῆς
480 1860 661 1931 ψυχῆς
685 1862 747 1913 τὸ
783 1861 963 1931 σῶμα,
1008 1862 1140 1915 ἀλλὰ
1182 1864 1248 1933 τῇ
1279 1863 1559 1926 οὖσιωδῶς
1592 1863 1784 1916 ἑνώσει

198 1952 418 2017 γίνεται
452 1955 887 2022 τρισυπὸστατος
928 1957 1069 2009 κατὰ
1112 1956 1273 2026 χάριν
1316 1958 1409 2010 καὶ
1444 1960 1472 2011 ὁ
1502 1956 1786 2025 ἄνθρωπος

195 2038 275 2105 εἷς
307 2043 465 2096 θέσει
503 2044 655 2109 Θεὸς,
695 2046 759 2099 ἐκ
823 2047 1077 2118 σώματος
1124 2050 1217 2101 καὶ
1257 2048 1437 2119 ψυχῆς
1478 2048 1574 2102 καὶ
1616 2047 1784 2119 οὗπερ

201 2133 501 2207 μετείληφε
557 2134 704 2189 Θεξου
742 2137 1081 2208 Πνεύματος,
1136 2140 1233 2192 καὶ
1285 2139 1591 2211 πληροῦται
1636 2157 1784 2210 τηνι-

198 2225 383 2279 καῦτα
414 2228 477 2280 τὸ
505 2230 799 2299 εἰρημένον
830 2231 939 2284 ὑπὸ
967 2232 1063 2284 τοῦ
1096 2233 1378 2303 προφήτου
1409 2234 1597 2295 Δαυῖδ,
1640 2231 1787 2300 Ἐγὼ

195 2311 326 2369 εἶπα
357 2315 488 2370 Θεοί
515 2321 664 2381 ἐστε,
699 2319 794 2372 καὶ
829 2321 937 2375 υἱοὶ
991 2319 1254 2393 Ὑψίστου
1284 2324 1485 2387 πάντες
1507 2341 1519 2354 ·
1554 2326 1678 2377 κατ’
1710 2324 1786 2376 ει-

196 2409 331 2463 κὸνα
350 2409 580 2480 δηλαδὴ,
609 2413 703 2464 καὶ
732 2412 856 2465 καθ’
882 2413 1149 2483 ὁμοίωσιν
1163 2412 1256 2467 τοῦ
1294 2414 1571 2484 Ὑψίστου,
1590 2416 1783 2487 γεννή-

198 2516 349 2567 ματα
387 2499 513 2556 θεῖα
560 2503 625 2556 ὲκ
673 2502 769 2556 τοῦ
803 2502 950 2557 θείου
1004 2505 1326 2574 Πνεῦματος
1357 2522 1370 2536 ·
1413 2506 1458 2562 0
1490 2507 1626 2559 mira
1666 2508 1786 2562 res!

195 2592 354 2648 homo
386 2592 501 2649 Deo
547 2596 922 2662 spiritualiter,
962 2598 1408 2669 corporaliterque
1448 2602 1628 2654 unitur
1662 2617 1680 2655 :
1713 2602 1786 2654 si-

196 2685 411 2753 quidem
445 2689 626 2741 anima
654 2705 756 2743 non
780 2706 813 2743 a
847 2702 1033 2757 mente,
1061 2709 1157 2746 nec
1188 2691 1253 2746 ab
1285 2694 1464 2746 anima
1500 2710 1685 2762 corpus
1708 2710 1788 2747 se-

198 2776 463 2847 iungitur,
489 2788 540 2833 et
572 2781 765 2837 unione
795 2784 1061 2838 essentiali
1084 2786 1243 2839 etiam
1266 2785 1420 2839 homo
1442 2801 1535 2854 per
1556 2787 1786 2855 gratiam

199 2871 268 2920 sit
304 2870 475 2922 trium
505 2871 855 2941 hypostaseon
886 2891 1022 2929 unus
1052 2889 1145 2943 per
1174 2876 1507 2943 adoptionem
1534 2876 1694 2944 Deus,
1724 2892 1788 2932 ea:

199 2975 423 3025 corpore
449 2962 689 3018 uidelicet
711 2975 761 3019 et
786 2968 986 3031 anima,
1020 2976 1092 3033 et,
1122 2969 1275 3037 cujus
1302 2971 1479 3037 [actus
1519 2979 1594 3023 est
1618 2972 1789 3039 parti-

200 3064 341 3115 ceps,
365 3051 547 3106 divino
580 3052 787 3119 Spiritu
821 3068 1092 3124 constans,
1125 3060 1468 3130 impleturque
1508 3072 1615 3115 tum
1651 3062 1786 3115 illud

1886 574 2034 629 modi
2066 575 2331 631 versanda
2359 589 2506 640 esse,
2534 589 2602 629 nc
2626 587 2856 635 veneno,
2884 571 3029 641 quod
3061 572 3165 626 sub
3191 572 3297 626 illis
3322 574 3454 627 latet

1884 667 2278 722 nocentissima
2308 666 2530 731 hausto,
2556 665 2659 720 sub
2689 666 2874 736 specie
2909 666 3128 734 pietatis
3161 664 3452 733 cultusque

1884 758 2080 822 divini,
2115 759 2170 813 in
2206 758 2474 827 pessimas
2522 758 2782 821 haereses,
2812 768 2867 813 et
2898 773 3020 829 qua:
3065 757 3358 812 dill‘tcultcr
3389 773 3452 811 cx

1884 851 2068 906 animo
2105 849 2265 906 avelli
2315 858 2563 920 possunt,
2608 851 2842 905 lectores
2900 850 3276 920 prolabuntur,
3310 850 3454 917 quod

1884 942 2220 1013 temporibus
2254 942 2509 1008 Palamae,
2541 943 2779 996 maximo
2817 941 3095 1013 religionis
3130 956 3244 997 suae
3283 942 3455 995 detri-

1883 1044 2068 1092 mento
2090 1036 2343 1092 universa
2372 1034 2684 1090 Graecorum
2706 1033 2949 1091 Ecclesia
2972 1046 3193 1106 experta
3215 1042 3321 1099 est,
3346 1048 3456 1089 non

1883 1134 2095 1182 tantum
2125 1128 2273 1197 quod
2306 1126 2514 1181 similes
2545 1126 2780 1183 hmreses
2808 1127 2953 1181 inter
2973 1141 3069 1180 eos
3091 1126 3457 1194 potissimum,

1883 1220 1978 1291 qui
2024 1218 2255 1275 aliorum
2312 1217 2573 1274 ductores
2624 1227 2781 1273 erant
2817 1219 2883 1273 ad
2939 1218 3215 1286 pietatem,
3271 1217 3460 1284 pedem

1887 1309 2143 1372 ﬁxerant,
2178 1308 2271 1363 sed
2305 1309 2445 1377 quod
2479 1310 2534 1363 in
2575 1316 2760 1379 partes
2795 1324 2860 1363 ae
2897 1309 3166 1364 factiones
3196 1307 3461 1362 distracta

1888 1402 1942 1457 in
1996 1399 2255 1455 inanibus
2312 1399 2785 1465 contentionibus,
2833 1408 2885 1454 et
2922 1400 3079 1469 plane
3118 1397 3287 1455 nullis
3338 1405 3461 1453 astu

1886 1494 2175 1566 plusquam
2221 1493 2495 1550 diabolico
2536 1494 2715 1548 studia
2749 1507 2849 1548 sua
2904 1493 3091 1547 omnia
3147 1490 3460 1551 conferens.

1887 1603 2071 1644 veram
2101 1597 2153 1643 et
2184 1602 2211 1640 a
2237 1586 2491 1641 Patribus
2523 1594 2802 1655 acceptam
2836 1586 2903 1640 de
2936 1585 3101 1639 rebus
3139 1582 3344 1637 divinis
3369 1582 3460 1635 do-

1890 1680 2122 1736 ctrinam
2186 1677 2521 1749 perdiderat.
2582 1678 2645 1730 Et
2678 1677 2875 1731 mirum
2919 1691 3053 1730 sane
3106 1684 3190 1729 est
3224 1674 3365 1729 inter
3389 1680 3461 1727 tot

1890 1774 2141 1835 dissidia,
2171 1781 2224 1828 et
2252 1772 2515 1827 mentium
2548 1771 2846 1825 obstinatas
2879 1768 3233 1838 agitationes,
3260 1767 3329 1819 ita
3367 1763 3461 1835 Sy.

1889 1866 2101 1921 meonis
2143 1864 2307 1933 hujus
2353 1863 2507 1917 fama:
2539 1862 2818 1932 provisum
2852 1861 3040 1923 luisse,
3074 1869 3133 1912 ut
3181 1858 3460 1913 videantur

1887 1971 2000 2011 sua:
2025 1954 2310 2011 sententia:
2342 1963 2619 2008 auctorem
2664 1955 2968 2023 ignorasse,
3000 1964 3160 2021 quem
3187 1962 3463 2017 nunquam

1889 2048 1957 2103 de
1987 2048 2209 2103 nomine
2232 2045 2345 2101 fere
2377 2055 2601 2100 norunt.
2636 2045 2701 2099 Et
2729 2060 2853 2101 cum
2886 2044 3032 2099 illius
3054 2042 3257 2097 mentio
3281 2055 3456 2097 neces-

1888 2144 2035 2197 sario
2086 2140 2407 2195 inculcanda
2464 2146 2569 2203 est,
2608 2138 2773 2193 tacito
2829 2137 3071 2202 nomine,
3126 2136 3299 2189 titulis
3347 2131 3469 2185 aliis

1888 2237 2065 2290 virum
2122 2233 2417 2300 indicasse,
2493 2229 2749 2301 καθάπερ
2818 2230 2902 2292 τίς
2954 2228 3064 2283 τῶν
3106 2226 3377 2298 μεγάλων,
3414 2240 3447 2276 u

1887 2327 2101 2399 quidam
2137 2341 2203 2379 ex
2248 2325 2375 2379 viris
2433 2322 2662 2393 magnis,
2696 2321 2764 2376 de
2808 2335 2874 2375 eo
2909 2334 3219 2375 sermonem
3262 2317 3468 2371 habens

1886 2417 2018 2474 dicit
2046 2418 2267 2471 Palanta
2290 2417 2345 2471 in
2368 2416 2404 2470 2
2431 2426 2569 2469 orat.
2592 2428 2729 2484 quas
2752 2414 2868 2483 ipse
2890 2410 3171 2481 inscripsit
3201 2408 3464 2476 Πατὲρες.

1889 2508 2101 2563 Patres.
2132 2506 2375 2576 Epistula
2407 2507 2476 2560 ad
2510 2504 2746 2567 Menam,
2783 2503 2836 2556 οἱ
2866 2499 3217 2573 μεμυημινοι
3246 2498 3464 2553 initiati.

1887 2597 2016 2652 alibi
2047 2596 2321 2666 Θεολόγοι,
2359 2595 2609 2666 Theologi
2635 2593 3084 2655 Cantacuzenus,
3138 2600 3193 2645 et
3242 2588 3449 2643 similia

1888 2687 2115 2744 Factum
2149 2698 2329 2743 autem
2365 2688 2417 2741 id
2450 2688 2729 2751 existimo,
2780 2701 2849 2740 ne
2905 2684 3125 2739 nomine
3174 2681 3277 2735 viri
3332 2679 3463 2735 indi-

1888 2787 2033 2843 cato,
2075 2779 2278 2848 quibus
2332 2778 2620 2842 intererat,
2657 2776 2907 2830 homines
2936 2774 3107 2828 libros
3146 2772 3294 2827 illius
3332 2784 3467 2826 con-

1887 2870 2171 2941 quirerent
2199 2880 2254 2924 et
2284 2867 2683 2931 examinarent,
2732 2874 2787 2920 et
2831 2880 2957 2919 cum
2994 2877 3104 2918 non
3150 2862 3357 2924 omnia,
3390 2860 3468 2914 uti

1888 2979 1988 3033 par
2037 2972 2176 3026 erat,
2228 2960 2478 3015 nuntiata
2514 2958 2581 3013 ad
2624 2972 2873 3012 normam
2912 2971 3056 3011 verae
3091 2954 3355 3009 doctrina:
3390 2953 3462 3007 di.

1890 3065 2037 3109 ctata
2092 3055 2422 3123 reperirent,
2455 3050 2907 3114 criminarentur,
2939 3058 3130 3103 coacta
3177 3047 3344 3103 etiam
3377 3059 3470 3113 sy-

201 3140 427 3195 Doridis
480 3142 802 3211 Prophetie:
841 3167 860 3200 «
922 3148 1032 3218 Ego
1076 3151 1212 3215 dixi,
1269 3151 1348 3205 dii
1402 3153 1550 3217 estis,
1598 3163 1647 3205 et
1683 3152 1787 3221 ﬁlii
1812 3166 1854 3224 ο
1888 3148 2054 3209 nodo,
2086 3156 2147 3201 ιιι
2179 3156 2460 3205 sueverat.
2493 3144 2941 3202 condemnarent.
2971 3154 3078 3208 qua
3110 3148 3300 3209 postea
3335 3152 3469 3191 con-

202 3229 423 3287 Excelsi
442 3250 652 3302 omnes;
690 3257 707 3289 ι
742 3239 842 3308 ﬁlii
893 3241 1104 3307 Excelsi
1157 3244 1442 3296 secundum
1501 3244 1782 3311 imaginem

197 3324 443 3379 videlicet
473 3328 973 3400 similitudinemque
1013 3332 1273 3388 Altissimi
1304 3334 1481 3388 diuina
1514 3336 1783 3405 progenies

198 3429 263 3466 ex
294 3415 475 3470 divino
507 3418 731 3486 Spiritu.

211 3637 2743 3668 Wm-

1887 3241 2238 3295 demnatione
2274 3237 2378 3307 ipsi
2421 3251 2639 3305 quoque
2697 3235 2751 3287 in
2788 3234 2999 3288 crimen
3043 3231 3467 3291 adducerentur,

1892 3344 2147 3401 tanquam
2188 3330 2280 3398 qui
2318 3327 2452 3381 alias
2484 3343 2580 3395 per
2611 3326 2890 3398 synodum“
2921 3325 3282 3380 condemnata
3319 3332 3467 3378 tene-

1893 3436 2010 3478 rent
2039 3437 2103 3476 ac
2123 3421 2496 3476 defenderent.

956 3822 1363 3919 JACOBI
1424 3822 1954 3919 PONTANI
2034 3824 2712 3919 PBIEFATIO.

1251 4036 1403 4101 [Opp.
1431 4037 1691 4098 Symeonls
1713 4038 1949 4099 Juniorls,
1978 4038 2237 4102 lngolstad.
2268 4039 2434 4103 1605.]

271 4355 494 4409 Titulus
523 4352 835 4407 orationum
861 4360 942 4405 est
968 4350 1071 4405 iste
1095 4366 1109 4404 :
1134 4347 1242 4402 Τοῦ
1268 4349 1326 4403 ιν
1346 4347 1525 4416 ἁγίοις
1563 4348 1681 4401 llas
1693 4346 1783 4415 ρος

206 4448 359 4519 ἡμῶν
377 4443 605 4515 Συμεὼν
623 4442 715 4496 τοῦ
734 4442 874 4495 Νέου
887 4440 1313 4509 Θεολόγου,δὶνε,
1334 4448 1393 4493 ιιι
1412 4438 1783 4494 habetinscri-

1889 4347 2050 4412 positi
2082 4347 2394 4401 monasterii
2413 4346 2589 4400 sancti
2607 4354 2658 4397 et
2695 4342 2876 4412 magni
2912 4343 3167 4412 martyris
3210 4340 3462 4396 Maman-

1893 4438 1959 4492 tis
1991 4438 2045 4492 in
2074 4436 2391 4507 Xylocerco.
2415 4435 2491 4491 De
2513 4444 2708 4492 sancto
2733 4434 3005 4488 Mam'mte
3028 4442 3274 4505 martyre
3295 4444 3463 4505 agunt

202 4541 317 4609 ptio
338 4538 481 4592 libro
500 4534 813 4589 divinorum
837 4533 1164 4602 hymnorum
1190 4530 1559 4600 pra-lixa,To'3
1577 4528 1701 4582 νέου
1726 4531 1784 4582 ὲν
1816 4536 1861 4593 D
1889 4529 2084 4585 Latina
2140 4529 2521 4600 Martyrologia
2580 4529 2644 4583 t7
2685 4529 2776 4583 die
2819 4528 3050 4597 Augusti
3073 4568 3088 4591 ,
3146 4527 3461 4582 Grecorum

202 4629 479 4696 θεολόγοις
501 4623 875 4696 πρεσὸυτέρου
902 4624 996 4675 καὶ
1029 4620 1329 4691 ἡγουμένου
1353 4620 1457 4689 τῆς
1494 4620 1662 4690 μονῆς
1695 4618 1789 4672 τοῦ

200 4723 361 4791 ἁγίου
425 4716 909 4788 μεγαλομᾶρτνρος
959 4713 1255 4783 Μάμαντος
1290 4713 1387 4783 τῆς
1426 4711 1788 4783 Ξυ).οκέρκου.

202 4812 387 4869 Sancti
424 4808 605 4863 Patris
634 4808 827 4861 nostris
859 4804 1133 4875 Symeonis
1167 4806 1353 4877 (vulgo
1384 4804 1659 4859 Simeonis
1692 4819 1790 4873 per

203 4906 366 4967 ἰῶτα,
404 4916 517 4956 non
547 4914 644 4970 per
677 4898 890 4969 ὑψιλόν)
925 4897 1170 4951 Junioris
1205 4897 1470 4966 Theologi,
1493 4896 1576 4951 sic
1606 4895 1791 4966 appel-

203 4995 349 5049 latus
378 4991 618 5055 videtur,
659 4998 721 5044 ut
756 4997 1145 5044 secerneretur
1172 5002 1201 5041 a
1227 4988 1491 5057 Gregorio
1553 4985 1785 5039 Nazian-

205 5098 368 5149 zeno,
402 5082 497 5152 qtti
532 5080 797 5151 Theologi
830 5095 1029 5134 nomen
1058 5079 1206 5149 apud
1246 5077 1470 5133 Grecos
1511 5076 1786 5135 obtinuit:

203 5174 352 5247 quod
383 5173 514 5244 quia
542 5181 596 5227 et
627 5171 874 5226 Simeoni
915 5180 1103 5226 nostro
1139 5170 1328 5225 datum
1363 5177 1449 5225 est
1476 5210 1491 5233 ,
1521 5168 1645 5223 ideo
1681 5183 1785 5223 vox

201 5270 301 5337 τῆς
327 5268 453 5320 νέου
521 5265 727 5321 usitato
775 5263 1089 5319 Graecorum
1143 5279 1298 5318 more
1361 5262 1655 5333 adjicitur,
1718 5278 1788 5316 ne

206 5361 352 5427 quis,
395 5357 594 5412 audito
630 5357 749 5410 sine
782 5356 887 5410 ulla
920 5355 1225 5426 adjectione
1246 5354 1505 5425 Tltcologi
1526 5356 1745 5410 nomine
1770 5392 1786 5418 ,

204 5449 533 5521 Gregorium
601 5446 1013 5502 Nazianzenutn
1061 5448 1245 5502 animo
1292 5448 1651 5515 conciperet;
1709 5448 1787 5501 sic

205 5541 524 5611 Stephanus
553 5542 582 5593 ὁ
615 5539 757 5602 νέος,
788 5537 1002 5606 Junior,
1040 5551 1252 5611 martyr
1288 5542 1391 5595 sub
1417 5540 1780 5608 Com-onymo,

205 5632 269 5684 ad
303 5631 719 5687 distinctionem
740 5634 1149 5705 protomartyris
1172 5635 1433 5703 Stephani
1458 5652 1471 5697 ;
1503 5640 1583 5690 sic
1610 5636 1785 5690 Theo-

206 5724 391 5777 dosius
420 5726 450 5777 ὁ
482 5724 604 5786 νέος
632 5764 647 5787 ,
693 5724 1110 5781 Valentinianus
1143 5728 1171 5779 ὁ
1214 5729 1333 5791 νέος
1359 5768 1375 5789 ,
1424 5734 1672 5795 respectu
1717 5730 1781 5787 ad

205 5812 448 5881 ejusdem
495 5812 737 5869 nominis
772 5824 1154 5873 antecessores
1187 5835 1195 5870 τ
1233 5814 1532 5883 Presbyteri
1564 5822 1609 5872 et
1637 5835 1779 5886 pra-

1894 4622 2196 4694 Menologia
2234 4621 2655 4691 ZSeptembris.
2706 4620 3111 4675 Celeberrimus
3160 4618 3266 4673 l'uit
3318 4618 3462 4687 apud

1893 4715 2133 4781 Graecos,
2193 4724 2253 4768 ut
2287 4715 2457 4781 liquet
2486 4728 2610 4768 cum
2636 4713 2889 4775 aliunde,
2922 4720 3036 4765 tum
3091 4727 3156 4766 ex
3217 4712 3462 4765 oratione

1893 4822 1998 4878 qua
2023 4816 2319 4877 martyrem
2353 4805 2499 4861 hunc
2529 4813 2754 4860 sanctus
2785 4803 3020 4859 Basilius
3042 4803 3355 4858 exornavit.
3388 4799 3461 4854 De

1891 4900 2082 4955 eodem
2118 4914 2228 4953 non
2259 4912 2431 4967 pauca
2467 4904 2691 4952 sanctus
2728 4894 3025 4966 Gregorius
3059 4894 3460 4958 Nazianzenus,

1891 4998 2033 5045 orat.
2078 4990 2131 5043 in
2169 4987 2372 5044 Novam
2424 4986 2787 5043 Dominicam.
2828 4986 3070 5041 Meminit
3116 4995 3170 5042 et
3220 4986 3459 5041 Miscella

1893 5082 2118 5139 historia
2144 5081 2433 5150 aliquoties
2464 5076 2719 5151 martyris
2767 5079 2953 5135 \Iama:
2980 5119 2995 5144 ,
3029 5080 3083 5132 in
3139 5068 3291 5133 hunc
3314 5078 3459 5131 enim

1890 5174 2111 5228 modum
2149 5173 2379 5230 inflectit
2407 5180 2602 5227 auctor
2630 5172 2718 5228 ille
2754 5186 2952 5227 nomen
2986 5171 3150 5241 hujus
3177 5169 3456 5241 martyris.

1890 5268 1950 5321 ln
1982 5265 2141 5336 cujus
2169 5266 2432 5321 honorem
2464 5266 2728 5333 templum
2753 5273 2808 5319 et
2852 5264 3249 5319 monasterium
3310 5263 3459 5318 Con-

1889 5359 2242 5426 stantinopoli
2274 5357 2522 5412 condidit
2558 5356 2960 5411 Pharasmanes
2990 5356 3122 5424 (qui
3148 5355 3251 5410 sub
3283 5351 3459 5407 Justi-

1892 5454 2055 5505 niano
2084 5450 2383 5520 imperialis
2419 5449 2657 5505 cubiculi
2698 5448 2985 5519 praefectus
3015 5446 3111 5500 fuit
3138 5486 3153 5510 ,
3205 5454 3265 5499 ut
3317 5444 3459 5498 scri-

1888 5547 1967 5601 bit
1990 5544 2349 5613 Nicephorus,
2373 5543 2466 5597 lib.
2503 5556 2657 5605 xvm,
2692 5556 2818 5609 cap.
2840 5540 2940 5594 Ml
2969 5554 3177 5607 ,,prope
3198 5553 3408 5591 murum
3439 5575 3454 5599 ,

1890 5639 1975 5691 cui
2006 5636 2327 5705 Xylocercus
2352 5650 2536 5688 nomen
2558 5642 2657 5685 est.
2690 5632 2758 5685 Et
2792 5632 2952 5697 hujus
3001 5629 3319 5683 monasterii
3356 5627 3457 5681 fuit

1892 5730 1976 5783 hic
2008 5739 2194 5783 noster
2235 5725 2469 5795 Symcon
2499 5723 2726 5776 antistes
2757 5732 2811 5774 et
2863 5720 3171 5790 presbyter.
3200 5718 3311 5772 Nec
3337 5732 3455 5771 mn-

1894 5836 1983 5874 t'us
2014 5827 2226 5873 tantqu
2260 5815 2597 5885 Equtpxo;
2631 5814 2933 5883 appellatus
2964 5821 3046 5868 est
3076 5827 3089 5877 ',
3122 5810 3216 5867 sed
3251 5818 3302 5867 et
3336 5811 3453 5880 ejus
