4188 6436
738 378 841 443 319

1985 402 2364 463 SYMEONIS
2408 401 2774 464 JUNIORIS

3887 419 3993 481 320

740 495 842 544 mt-i
882 502 1057 561 porta,
1089 508 1152 549 ea
1185 496 1253 550 de
1287 512 1479 562 causa,
1519 512 1577 557 ut
1624 512 1770 559 nutat
1812 518 2000 563 auctor
2050 509 2305 563 Pandect.
2348 515 2380 569 Α
2412 511 2625 576 Cilicia,
2659 515 2818 583 cujus
2844 516 3091 571 meminit
3120 518 3341 574 Pratum
3405 524 3711 592 spirituate,
3741 544 3863 598 cap.
3897 533 3987 586 57·

743 586 898 639 l'urc.
933 588 1073 640 Hist.
1108 606 1125 642 :
1159 588 1311 653 Quod
1334 596 1566 662 artiﬁces
1606 607 1814 664 portam
1847 601 1996 653 illam
2023 612 2304 665 struentes,

737 691 931 744 magna
962 677 1015 729 in
1066 678 1412 744 fundamento
1471 703 1622 753 aqua
1666 702 1869 757 reperta
1915 695 2094 759 copia,
2150 696 2305 762 tignis

733 766 979 831 plurimis
1004 783 1065 820 ac
1088 770 1224 835 palis
1259 773 1310 825 in
1336 792 1475 843 aqua
1507 779 1697 846 deﬁxis
1752 782 1951 847 lapides
1978 786 2270 853 _injecerint
2289 832 2303 853 ,

731 867 886 925 atque
914 860 989 911 ita
1021 862 1231 915 demunt
1277 866 1491 933 certi/icii
1516 871 1920 937 fundamentum
1968 877 2179 943 ﬁrmum
2229 884 2308 948 ef-

733 950 980 1015 fecerint.
1016 951 1185 1007 Hodie
1215 958 1534 1013 nominatur
1588 963 1949 1034 Ilagiahazari
1994 981 2145 1035 porta
2169 1010 2182 1032 ,
2218 990 2309 1041 per

733 1053 889 1106 quam
906 1041 1104 1092 scilicet
1128 1045 1498 1113 ingrediuntur
1517 1056 1692 1105 urbem
1714 1055 2139 1124 Ilagiobazarita'
2159 1072 2307 1115 trans

734 1132 906 1186 sinum
936 1132 1234 1189 habitantes
1263 1154 1290 1190 e
1321 1140 1533 1207 regione
1559 1142 1713 1204 huius
1737 1157 1923 1208 porta'.
1959 1148 2164 1203 Nomen
2200 1152 2310 1205 lla-

732 1222 1009 1287 giobazari
1029 1229 1294 1295 signi/ient
1321 1236 1397 1284 vel
1426 1236 1601 1286 sancti
1626 1238 1959 1293 relsanclum
1994 1247 2307 1309 emporiu'n.

740 1312 803 1364 ΕΙ
822 1316 1060 1384 Emporii
1086 1336 1206 1373 roce
1231 1322 1459 1390 Symeon
1501 1343 1701 1396 quoque
1751 1329 2005 1399 Magister
2044 1351 2159 1389 cum
2189 1338 2309 1392 aliis

735 1404 931 1459 Cru'cis
958 1410 1130 1462 utitur
1160 1428 1254 1480 pro
1281 1416 1443 1469 nullis
1502 1420 1684 1473 clauso
1740 1425 1907 1489 portis
1933 1470 1945 1484 ,
1994 1437 2085 1480 aut
2151 1432 2308 1483 nullis

734 1497 906 1550 cincto
955 1503 1119 1555 muris
1144 1506 1417 1571 oppidulo.
1445 1511 1635 1563 Sancti
1677 1518 1851 1582 potius
1893 1521 2187 1573 existiment
2221 1523 2307 1576 di-

735 1590 956 1642 cendum
977 1597 1290 1661 emporium,
1321 1611 1376 1652 ut
1415 1603 1747 1673 intelligatur
1783 1613 2075 1676 emporium
2124 1611 2309 1667 Sancti

737 1680 1054 1749 .‘ilamantis,
1080 1691 1220 1749 quod
1246 1692 1368 1743 olim
1413 1700 1794 1753 monasterium
1812 1702 2030 1772 insigne,
2048 1705 2307 1772 palatium

734 1775 1032 1845 Augustali:
1063 1782 1459 1839 celeberrimum
1492 1790 1544 1840 in
1575 1791 1838 1855 historiis,
1860 1806 2065 1859 pontem
2089 1798 2309 1866 denique

737 1882 839 1918 non
888 1872 1058 1924 minus
1106 1874 1328 1928 nobilem
1378 1876 1566 1932 Sancti
1615 1881 1904 1938 Mantantis
1943 1890 2305 1957 appellatum,
2339 1858 2385 1916 Β

734 1958 940 2014 habuit.
979 1962 1080 2016 llic
1102 1968 1236 2019 enim
1264 1970 1615 2037 e/I'unduntse
1666 1977 1720 2028 in
1768 1988 2056 2033 extremum
2103 1982 2309 2037 Ceroti-

736 2066 861 2103 num
900 2056 1075 2110 sinunt
1101 2060 1327 2116 celebres
1355 2065 1435 2117 illi
1490 2070 1682 2134 priscis
1734 2072 1942 2137 ﬂuviali
1990 2074 2219 2143 Cytlaris
2261 2087 2309 2133 et

737 2139 1019 2213 Baritnves,
1050 2166 1186 2203 nunc
1225 2152 1504 2210 Machlena
1539 2170 1586 2211 et
1629 2159 1982 2217 Chartaricon
2010 2207 2025 2229 ,
2058 2170 2148 2235 qui
2189 2171 2311 2238 qui-

735 2231 850 2286 dem
886 2236 955 2287 avt
984 2235 1237 2295 Sanctum
1265 2244 1592 2302 Mamantcm
1639 2262 1792 2319 ponte
1826 2231 2146 2325 junguntur.
2198 2231 2313 2313 lla-

737 2326 1214 2391 giobazariotarum
1242 2354 1337 2391 vox
1360 2340 1574 2395 denotat
1600 2345 1803 2400 incolas
1862 2352 2085 2417 entporii
2117 2350 2309 2408 Sancti

739 2419 1041 2477 Mamantis.
1072 2425 1196 2482 Haec
1232 2431 1347 2485 ille.

806 2508 931 2565 Fuit
966 2515 1190 2586 insuper
1218 2523 1358 2590 apud
1391 2524 1655 2583 Sanetum
1709 2530 2041 2591 ilamantem
2071 2537 2309 2597 celebris

737 2598 1158 2700 llippodromus,
1215 2611 1269 2663 in
1306 2628 1414 2681 quo
1437 2615 1818 2691 Copronymns
1846 2625 2114 2680 Andream
2148 2630 2309 2700 Caly-

739 2691 885 2746 lziten
921 2700 1252 2753 monachum
1311 2707 1537 2770 occidit,
1588 2718 1646 2762 ut
1691 2712 1832 2768 libro
1890 2732 2003 2770 xm
2057 2691 2311 2775 Miscellaa

738 2784 986 2839 traditur.
1031 2790 1102 2842 De
1156 2803 1319 2860 ponte
1377 2798 1442 2849 all
1492 2798 1751 2856 Sanctum
1820 2805 2142 2861 .‘ilatnanlem
2190 2812 2313 2866 vide

742 2873 963 2929 Suidam
998 2881 1162 2933 verbo
1197 2885 1410 2953 μὰμας,
1445 2898 1496 2942 et
1528 2892 1769 2961 Origines
1820 2896 2312 2971 Constantinopoli-

741 2975 893 3020 tanas
924 2970 1057 3025 Cod.
1097 2974 1164 3026 Μ.
1194 2974 1405 3046 Scripta
1438 2982 1557 3050 ejus
1586 3001 1732 3040 nunc
1770 2989 2003 3056 primum
2046 2994 2099 3046 in
2134 2995 2310 3050 lucem

738 3060 1128 3124 proferuntur,
1182 3083 1417 3136 quorum
1466 3075 1714 3129 meminit
1760 3080 1925 3133 etiam
1958 3084 2197 3151 epitome
2231 3088 2312 3139 bi-

2410 604 2543 657 Nam
2584 616 2771 659 noster
2801 606 2903 661 istc
2934 624 3042 662 non
3099 609 3203 664 fuit
3237 611 3496 683 Stylites;
3530 626 3582 671 et
3620 627 3730 673 tres
3761 620 3849 673 isti
3897 620 3987 673 Si-

2411 714 2633 752 mcones
2668 699 2924 754 vixerunt
2950 707 3075 754 ante
3109 712 3353 771 tempora
3384 704 3775 774 leonomacba;
3800 720 3991 765 noster

2408 792 2492 844 vel
2527 792 2581 844 in
2614 792 2769 860 ipsis,
2797 794 2882 846 vel
2912 804 3063 851 certe
3094 803 3216 865 post
3249 796 3385 866 ipsa.
3416 798 3549 852 Nam
3588 798 3849 869 Stephani
3889 803 3991 858 Ju-

2410 883 2582 937 nioris
2634 897 2665 937 a
2707 885 3056 956 Copronymo
3109 888 3181 941 ob
3236 888 3609 945 defensionem
3666 904 3988 948 sanctarum

2412 975 2715 1045 imaginum
2750 978 3045 1040 interfecti,
3067 980 3339 1034 meminit.
3366 980 3499 1046 Qua:
3519 999 3649 1054 ergo
3672 985 3792 1054 ejus
3816 994 3951 1041 ictas
3968 988 3993 1039 ?

2412 1067 2677 1135 Equidem
2735 1069 2837 1123 sub
2894 1070 3251 1126 lconoclastis
3301 1072 3724 1143 imperatoribus
3786 1078 3991 1135 vixisse

2412 1172 2537 1211 eum
2567 1158 2823 1214 arbitrari
2868 1161 2993 1230 quis
3028 1170 3250 1231 posset;
3301 1165 3405 1219 sub
3454 1164 3671 1229 Leone,
3721 1168 3991 1238 inquam,

2413 1244 2655 1302 Isaurico
2686 1261 2739 1303 et
2768 1249 3117 1323 Cepronymo
3146 1270 3161 1318 ;
3194 1255 3278 1309 vel
3308 1264 3455 1310 certe
3516 1258 3620 1312 sub
3638 1256 3828 1313 Leone
3881 1262 3987 1312 Ar-

2414 1352 2598 1401 meno,
2630 1338 2891 1395 Michaelc
2919 1340 3085 1395 Balbo
3136 1350 3191 1396 et
3243 1341 3546 1413 Theophilo
3579 1384 3595 1408 ,
3648 1346 3741 1413 qui
3790 1360 3991 1401 omnes

2414 1446 2538 1484 eum
2572 1431 2902 1501 imaginibus
2940 1433 3079 1488 bella
3134 1448 3443 1504 gesserunt.
3501 1435 3615 1493 Iloc
3657 1439 3992 1493 confirmare

2415 1520 2537 1573 licet
2570 1520 2742 1588 ipsius
2784 1521 3070 1590 Symeonis
3100 1526 3441 1591 testimonio,
3477 1527 3571 1596 qui
3601 1527 3853 1582 oratione
3887 1544 3988 1583 xm

2414 1613 2491 1667 ait
2519 1630 2532 1666 :
2564 1612 2849 1668 Diabolum
2886 1633 2997 1670 esse
3020 1627 3260 1672 nostrum
3289 1619 3493 1674 hostem
3543 1622 3698 1674 annis
3721 1622 3841 1689 jam
3870 1622 3990 1688 plus

2412 1705 2579 1759 sexies
2624 1706 2767 1760 mille
2798 1708 3055 1773 ducentis,
3087 1711 3474 1779 supputatione
3496 1712 3989 1768 videlicetGrmco-

2415 1811 2559 1859 rum,
2597 1796 2666 1849 ab
2696 1798 2829 1852 orbe
2858 1800 3099 1854 condito.
3139 1799 3204 1853 Et
3236 1816 3305 1856 ne
3350 1803 3474 1869 quis
3511 1802 3766 1856 mendum
3800 1804 3855 1857 in
3890 1820 3994 1857 uu-

2414 1904 2596 1945 meros
2620 1892 2912 1961 irrepsisse
2932 1892 3235 1957 existimet,
3270 1894 3412 1947 scire
3437 1904 3671 1963 oportet,
3700 1911 3994 1948 numerum

2416 1980 2561 2035 hunc
2589 1982 2641 2035 in
2677 1982 2866 2037 Graeco
2892 1983 3084 2039 codice
3136 2001 3245 2039 non
3287 1985 3465 2039 notari
3505 1985 3650 2039 notis
3688 1987 3996 2040 numerali-

2414 2073 2536 2139 bus,
2570 2074 2665 2128 sed
2698 2077 2925 2145 integris
2956 2078 3140 2131 verbis
3166 2080 3368 2133 diserte
3400 2078 3689 2143 perscribi.

2485 2164 2608 2219 lniit
2649 2177 2830 2222 autem
2876 2166 2988 2224 Leo
3014 2168 3293 2224 lsauricus
3322 2171 3607 2239 imperium
3631 2185 3777 2224 anno
3803 2172 3995 2226 mundi

2414 2259 2621 2312 conditi
2654 2262 2834 2314 sexies
2862 2262 3151 2314 millesimo
3202 2262 3584 2315 ducentesimo
3626 2278 3768 2316 nono
3798 2306 3812 2325 ,
3854 2271 3996 2318 testo

2412 2348 2685 2402 Cedreno.
2724 2350 2929 2405 Deinde
2956 2353 3010 2404 in
3060 2352 3378 2421 ltlenologiis
3422 2352 3738 2407 Graecorum
3785 2355 3874 2409 die
3926 2353 3997 2409 ΞΟ

2412 2439 2738 2494 Novembris
2818 2441 3107 2506 refertur,
3160 2440 3479 2511 Gregorium
3545 2442 3993 2512 Deeapolitanum

2414 2534 2584 2586 multa
2616 2534 2683 2585 ab
2707 2532 3063 2587 lconoclastis
3095 2548 3438 2602 perpessum,
3469 2533 3684 2587 venisse
3712 2532 3993 2588 Constan-

2416 2629 2702 2697 tinopolin.
2732 2629 2842 2680 Καὶ
2866 2628 3132 2696 Συμεῶνα
3179 2628 3270 2681 τὸν
3303 2629 3646 2699 ὀμολογητὴν
3670 2630 3763 2682 καὶ
3805 2628 3972 2697 Θεοφὸ
3991 2660 4002 2671 ο

2417 2734 2509 2787 ρον
2541 2717 2682 2784 ὑπὲρ
2719 2716 2827 2767 τῶν
2880 2715 3051 2781 ἁγίων
3098 2716 3324 2769 εἰκόνων
3379 2718 3560 2785 εὑρεῖν
3601 2719 3999 2789 ἐγκεκλεισμὲ

2415 2818 2504 2853 νον
2526 2818 2540 2832 ·
2579 2801 2645 2853 Et
2673 2801 2985 2870 Symeonem
3016 2803 3363 2871 confessorem
3413 2809 3663 2872 reperisse
3713 2808 3986 2860 inclusum

2416 2894 2471 2945 in
2499 2910 2708 2946 carcere
2726 2904 2940 2963 propter
2966 2911 3151 2947 sacras
3184 2896 3460 2964 imagines.
3486 2898 3626 2961 Quid
3672 2907 3854 2953 autem
3897 2914 3997 2953 ve-

2420 2994 2500 3039 tat
2532 2985 2858 3056 Symconcm
2897 2986 3062 3041 istum
3094 3002 3123 3040 a
3156 2985 3419 3056 Gregorio
3450 2990 3653 3043 aditum
3706 3006 3828 3045 esse
3872 3007 3999 3046 eum

2417 3079 2615 3145 ipsum,
2650 3093 2810 3146 quem
2841 3078 3163 3145 qumrimus,
3192 3093 3315 3132 cum
3350 3080 3464 3148 ipse
3516 3081 3568 3135 in
3625 3082 3883 3137 exsilium
3940 3099 4000 3137 se

742 3151 1025 3208 bliothecce
1049 3154 1414 3215 Gesnerianae.
1451 3164 1555 3219 Sed
1599 3170 1740 3222 male
1776 3186 1841 3224 ex
1895 3189 2002 3229 uno
2039 3175 2313 3245 Symeone

2421 3171 2727 3238 projectum
2754 3185 2879 3224 esse
2905 3170 3121 3225 duobus
3144 3172 3281 3228 locis
3304 3180 3534 3227 tcstetur
3560 3214 3574 3236 ,
3610 3190 3720 3229 uno
3773 3176 3826 3227 in
3875 3188 4001 3229 ora-

741 3253 853 3338 tres
876 3247 1032 3300 nobis
1059 3251 1229 3304 endit.
1250 3251 1380 3307 Nam
1404 3255 1637 3325 Symeon
1660 3263 1968 3331 presbyter,
2000 3275 2054 3319 et
2082 3266 2317 3338 Symeon

738 3331 952 3398 Junior,
976 3353 1091 3399 seu.
1125 3349 1182 3393 ut
1211 3341 1457 3412 Epitome
1483 3350 1746 3418 loquitur,
1780 3352 1960 3410 Novus
1982 3331 2317 3429 Theologus,

739 3435 791 3479 et
824 3426 1057 3494 Symeon
1085 3430 1374 3489 Xerocerci
1410 3440 1684 3511 princeps,
1720 3456 1850 3499 sunt
1907 3464 2050 3502 unus
2082 3458 2135 3503 et
2174 3426 2315 3508 idem

743 3520 999 3587 Symeon,
1026 3525 1128 3577 nisi
1151 3529 1293 3595 quod
1318 3530 1495 3600 inepte
1515 3544 1672 3587 vocat
1698 3535 1975 3592 Xerocerci
1996 3544 2316 3613 principem,

741 3612 831 3677 qui
864 3616 1140 3669 vocandus
1165 3628 1284 3671 erat
1313 3626 1548 3679 antistes
1578 3641 1675 3680 seu
1702 3630 1898 3697 praesul
1933 3630 1987 3684 S.
2028 3612 2319 3691 Mamamis

743 3704 808 3754 ad
842 3703 1217 3772 Xylocercum.
1271 3711 1382 3767 Etsi
1415 3716 1559 3769 enim
1595 3729 1784 3773 noster
1818 3723 1982 3776 etiam
2010 3725 2179 3779 codex
2225 3728 2323 3782 ha-

745 3793 832 3847 bet
856 3795 956 3861 τῆς
984 3795 1356 3869 Ξηροκέρκου.
1402 3820 1509 3858 non
1550 3817 1733 3864 tamen
1762 3810 1956 3868 dubito
1982 3855 1996 3878 ,
2053 3816 2186 3885 quin
2242 3818 2320 3873 lc-

744 3883 977 3949 gendum
1012 3888 1082 3941 sit
1107 3889 1474 3962 Ξυλοκέρκου.

825 3973 999 4032 Porro
1042 3991 1236 4047 praeter
1282 3997 1636 4044 monumenta
1686 3992 1777 4048 illa
1834 3995 2145 4065 Symeonis,
2200 4018 2322 4072 quae

750 4084 894 4122 nunc
956 4071 1008 4124 in
1080 4074 1253 4129 lucem
1312 4091 1556 4145 exeunt,
1623 4098 2017 4142 commemorat
2073 4071 2321 4161 Epitome

745 4159 911 4216 Gesn.
940 4164 1138 4220 librqu
1168 4168 1243 4222 De
1292 4175 1534 4228 oratione
1568 4216 1584 4241 ,
1648 4178 1756 4232 sive
1812 4180 1875 4234 de
1924 4184 2089 4238 tribus
2148 4188 2320 4242 modis

747 4256 959 4319 orandi,
984 4272 1144 4325 quem
1172 4261 1223 4313 in
1249 4261 1527 4321 Bavarieis
1550 4269 1834 4326 codicibus
1858 4288 1965 4327 non
1994 4278 2321 4344 reperimus.

745 4341 823 4398 Ex
850 4348 1124 4416 capitibus
1173 4354 1436 4420 practicis
1468 4365 1523 4410 et
1556 4358 1877 4430 theologicis
1905 4341 2323 4433 ponitvtantum-

749 4441 913 4496 modo
943 4453 1186 4508 centum,
1219 4456 1272 4500 et
1303 4451 1370 4502 ad
1401 4451 1537 4516 haec,
1574 4454 1681 4508 alia
1709 4455 1901 4524 viginti
1923 4458 2185 4529 quinque.
2214 4460 2319 4517 Sed

2422 3262 2707 3328 tionibus;
2756 3262 2968 3326 altero,
3011 3264 3067 3316 in
3121 3265 3676 3319 commentationibus
3712 3283 3726 3320 :
3778 3269 4001 3323 tametsi

2422 3368 2645 3407 causam
2694 3363 2861 3408 tacet.
2913 3356 2985 3409 De
3036 3356 3301 3426 martyrio
3346 3371 3561 3426 quoque
3611 3356 3872 3427 Stephani
3915 3360 4003 3430 ju-

2426 3446 2600 3499 nioris
2625 3445 2773 3514 loqui
2799 3445 3037 3511 videtur,
3074 3455 3331 3516 tanquam
3364 3448 3431 3503 de
3459 3463 3519 3503 re
3545 3463 3647 3505 suo
3675 3464 3793 3504 sevo
3839 3452 4003 3519 plane

2425 3536 2653 3589 recenti.

2495 3624 2620 3679 llaec
2641 3634 2697 3679 et
2736 3624 2787 3678 id
2820 3641 2991 3692 genus
3027 3628 3133 3681 alia
3173 3627 3654 3682 verisimilitudine
3680 3643 3789 3680 non
3844 3643 4005 3683 care-

2424 3728 2583 3781 renl;
2617 3717 2743 3770 siin
2779 3717 2969 3772 Grzco
2995 3718 3185 3773 codice
3216 3718 3514 3779 διακοσίοις
3548 3734 3653 3771 non
3692 3718 4005 3782 ἑξακοσίοις

2425 3820 2685 3873 expresse
2720 3808 2983 3872 scriptum
3014 3815 3181 3869 esset,
3218 3807 3379 3871 αὐτὸς
3405 3807 3461 3861 δὲ
3486 3806 3875 3877 ἑξακισχιλίοις
3909 3811 4005 3862 καὶ

2425 3896 2731 3961 ἑξακοσίοις
2765 3898 2857 3950 καὶ
2885 3897 3149 3951 ἐπέκεινα
3178 3898 3386 3951 τούτων
3418 3898 3566 3951 ἔτεσι
3592 3900 3884 3968 διαμείνας
3918 3901 4006 3953 ἀεὶ

2430 3989 2692 4057 πολέμιος
2729 3988 2839 4040 τῶν
2881 3988 3189 4057 ἀνθρώπιον
3217 3988 3412 4057 ἄδηλος
3442 3989 3536 4041 καὶ
3596 3989 3858 4057 κρύφιος,
3892 4002 4004 4048 etc.

2424 4079 2607 4134 Sexies
2639 4079 2783 4132 mille
2836 4081 3117 4142 sexcentis,
3150 4090 3197 4131 et
3243 4096 3303 4133 eo
3329 4080 3555 4147 amplius
3606 4080 3785 4134 annis.
3818 4080 4006 4152 Longe

2424 4172 2759 4238 ergojuuior
2788 4179 2873 4226 est
2906 4171 3009 4225 iste
3040 4168 3309 4241 Symeon;
3346 4179 3587 4239 aetasque
3616 4171 3765 4225 illius
3798 4171 3853 4224 in
3891 4172 4000 4225 im-

2424 4263 2637 4333 perium
2687 4261 2916 4317 Joannis
2965 4269 3061 4315 aut
3124 4261 3393 4316 ltlamielis
3452 4260 3717 4315 Comneni
3771 4262 4003 4329 incidit;

2428 4354 2595 4423 cujus
2626 4360 2846 4409 exstant
2880 4354 3089 4423 aliquot
3118 4353 3366 4415 novella,
3395 4367 3627 4421 quarum
3662 4369 3769 4406 una
3801 4353 3878 4406 De
3924 4371 4003 4407 ro-

2428 4451 2676 4504 luntariis
2700 4451 3005 4515 homicidis,
3040 4450 3187 4504 edita
3236 4459 3290 4503 et
3317 4450 3590 4518 publicata
3630 4459 3715 4504 est
3760 4451 3831 4504 ab
3870 4453 4008 4506 orbo

746 4532 1173 4594 instructissima
1216 4540 1477 4597 Boiorum
1507 4546 1771 4617 principis
1795 4549 2132 4607 Bibliotheca
2160 4554 2317 4627 longe

2427 4544 2646 4605 condito
2672 4543 2851 4598 sexies
2912 4541 3205 4596 millesimo
3278 4541 3680 4597 sexcentesimo
3719 4553 4009 4612 septuage-v

750 4626 928 4691 plura,
959 4636 1017 4681 ut
1043 4630 1211 4695 vides,
1239 4634 1399 4689 nobis
1430 4638 1797 4704 suppeditavit
1834 4659 1848 4696 :
1904 4658 2023 4710 qua
2054 4644 2105 4697 in
2132 4626 2321 4702 codice

753 4714 853 4770 104
874 4719 1051 4774 tribus
1072 4722 1244 4776 titulis
1265 4725 1699 4795 distinguuntur.
1722 4730 1773 4782 1.
1805 4730 1909 4782 Τοῦ
1934 4733 2083 4785 ὁσίου
2109 4735 2324 4804 [ἰατρὸς

750 4810 908 4877 ἡμῶν
932 4812 1158 4878 Συμεὼν
1188 4814 1282 4867 τοῦ
1308 4816 1449 4868 Νέου
1482 4818 1748 4886 Θεοὶὸγον
1783 4825 2090 4891 ἡγουμένου
2151 4830 2322 4898 μονῆς

752 4901 845 4953 τοῦ
916 4902 1099 4968 Ἀγίου
1154 4906 1454 4974 Μάμαντος
1498 4910 1599 4979 τῆς
1649 4910 1999 4982 Ξηροκέρκου
2054 4917 2326 4985 κεφάλαια.

752 4996 1032 5062 πρακτικὰ
1062 4998 1159 5049 καὶ
1184 4998 1469 5067 θεολογικᾶ
1505 5001 1608 5071 ρα’.
1632 5003 1686 5057 2.
1713 5006 2001 5073 Κεφάλαια
2029 5008 2123 5059 τοῦ
2156 5007 2321 5062 αὐτοῦ

754 5090 1032 5152 γνωστικὰ
1051 5091 1145 5142 καὶ
1172 5093 1298 5162 περὶ
1320 5092 1601 5161 θεολογίας
1621 5102 1720 5149 κε’.
1746 5098 1798 5151 5.
1824 5098 1931 5150 Τοῦ
1962 5099 2128 5152 αὐτοῦ
2154 5102 2326 5171 κεφά-

756 5180 885 5232 λαια
921 5180 1207 5249 Θεολογικὰ
1232 5187 1326 5237 καὶ
1352 5189 1632 5255 πρακτικᾶ
1661 5188 1762 5259 (ιβ’.

825 5271 903 5325 De
941 5279 1183 5342 tempore
1226 5292 1334 5345 quo
1359 5276 1596 5346 Symeon
1625 5280 1728 5335 iste
1755 5280 1962 5348 ﬂoruit,
2000 5297 2178 5338 meam
2212 5298 2320 5339 non

755 5376 878 5431 qua:
908 5372 1061 5418 certo
1089 5406 1104 5430 ,
1140 5366 1232 5420 sed
1273 5383 1396 5436 qua:
1426 5369 1783 5438 probabiliter
1814 5383 2092 5443 comperta
2126 5374 2322 5429 habeo.

755 5457 836 5510 Ac
863 5456 916 5509 in
942 5458 1132 5525 primis
1169 5474 1236 5514 ne
1275 5462 1604 5516 monendum
1633 5464 1851 5533 quidem
1883 5467 2119 5521 arbitror
2144 5508 2160 5533 ,
2182 5467 2330 5522 hunc

761 5548 1084 5619 Symeonem
1116 5560 1365 5608 nostrum
1401 5555 1677 5610 diversum
1710 5572 1876 5612 essea
1897 5557 2166 5628 Symeone
2205 5559 2334 5629 Sty-

761 5644 855 5698 lita
880 5645 1097 5699 seniore
1123 5662 1138 5710 ;
1179 5648 1338 5715 cujus
1372 5649 1533 5703 vitam
1565 5648 1943 5707 Theodoretus
1970 5651 2162 5706 litteris
2183 5667 2333 5705 man-

767 5735 951 5801 davit;
984 5734 1109 5788 item
1144 5752 1171 5787 ει
1212 5736 1482 5807 Symeone
1533 5742 1722 5809 Stylita
1760 5743 1977 5810 juniore
2009 5782 2023 5806 ,
2089 5744 2178 5811 qui
2232 5745 2334 5797 sub

770 5824 988 5883 Justino
1020 5829 1230 5885 minore
1262 5828 1480 5891 ﬂoruit;
1517 5831 1643 5889 item
1676 5848 1703 5886 a
1738 5833 2003 5892 Svmcouc
2055 5834 2249 5893 Stvlile
2282 5833 2335 5889 in

2429 4635 2571 4689 simo
2600 4642 2794 4703 quarto
2821 4674 2834 4695 ,
2868 4642 2927 4687 ut
2960 4640 3013 4686 ct
3046 4634 3149 4686 alia
3178 4631 3427 4700 ejusdem
3475 4634 3827 4701 imperatoris
3862 4635 4009 4706 Περὶ

2428 4727 2702 4795 διαφόρων
2730 4725 3064 4788 ὑποθέσεων,
3094 4726 3171 4779 Dc
3200 4724 3420 4778 diversis
3451 4726 3626 4778 causis
3660 4742 3721 4779 ac
3760 4730 4009 4795 negotiis.

2436 4817 2561 4871 lniit
2596 4826 2779 4871 autem
2811 4815 3025 4870 Manucl
3059 4815 3347 4885 imperium
3376 4829 3522 4868 anno
3559 4815 3767 4869 Christi
3822 4816 3965 4870 1145
3994 4855 4011 4878 .

2434 4908 2480 4962 si
2523 4922 2633 4961 non
2668 4908 2807 4961 fallit
2843 4906 3161 4976 Onuphrius
3198 4906 3251 4959 in
3305 4904 3607 4970 Chronico;
3652 4905 3797 4974 quod
3832 4921 4012 4963 annos

2435 5004 2661 5074 triginta
2688 5010 2814 5057 octo
2846 5002 3284 5064 administravit,
3310 5002 3489 5055 tribus
3527 5000 3805 5054 mensibus
3850 5003 4012 5055 dem-

2433 5096 2564 5165 ptis,
2604 5103 2745 5149 teste
2771 5092 2983 5156 Niceta,
3019 5092 3115 5147 lib.
3149 5108 3227 5146 vn
3264 5092 3339 5146 De
3382 5091 3535 5145 rebus
3561 5088 3830 5145 Hanuelis
3854 5132 3871 5155 ,
3908 5093 4013 5146 sub

2433 5187 2620 5241 ﬁnem.
2672 5184 2815 5255 Ergo
2865 5182 3103 5255 Symeon
3159 5185 3267 5237 iste
3310 5181 3718 5238 Comnenorum
3776 5182 4013 5252 imperio

2433 5277 2663 5333 Joannis
2693 5284 2788 5331 aut
2817 5275 3082 5330 Manuelis
3106 5274 3313 5339 floruit,
3340 5275 3552 5343 hasque
3582 5273 3863 5328 orationes
3879 5289 4013 5328 eon-

2434 5369 2683 5439 scripsit.
2721 5368 2903 5434 Quare
2935 5366 3258 5435 corrigenda
3284 5373 3414 5420 sunt
3446 5379 3510 5420 ea
3545 5379 3668 5434 quae
3716 5364 3769 5419 in
3822 5366 4013 5419 Adno-

2432 5455 2645 5517 tatione
2676 5460 2743 5515 ad
2770 5460 3076 5514 orationem
3125 5458 3344 5513 tertiam
3393 5459 3462 5513 de
3502 5465 3662 5512 aetate
3718 5457 4012 5529 Symeonis

2432 5555 2577 5608 dicta
2603 5560 2754 5617 sunt,
2796 5552 3191 5606 convenienter
3216 5551 3405 5620 prima:
3447 5550 3694 5620 opinioni
3718 5588 3732 5609 ,
3778 5565 3903 5618 quae
3936 5562 4011 5603 ta-

2430 5662 2555 5704 men
2593 5646 2722 5711 ruit,
2755 5646 2799 5699 si
2848 5659 2957 5698 non
2997 5642 3300 5704 διακοσίοις
3328 5681 3342 5705 ,
3391 5641 3486 5696 sed
3536 5639 3845 5706 ἑξακοσίοις
3888 5655 4011 5693 cum

2431 5738 2624 5794 Graeco
2651 5738 2841 5793 codice
2887 5738 3176 5806 legamus,
3227 5744 3287 5788 ut
3340 5748 3474 5790 sane
3528 5734 3707 5802 legere
3752 5742 4011 5800 oportet;

2434 5839 2558 5895 cum
2597 5829 2938 5896 Scripturam
2973 5828 3113 5883 hanc
3150 5826 3317 5883 codex
3368 5823 3656 5880 manifeste
3705 5836 4009 5890 reprmsen-
