4188 6436
168 404 267 469 ειι

1616 394 1899 457 ORATlO
1938 400 1983 459 Ι.

3316 393 3422 458 322

169 531 268 575 tet.
301 519 367 571 Et
398 518 648 588 quamvis
674 519 784 588 jam
812 526 927 572 tum
959 518 1202 573 scnisma
1243 514 1618 571 Graecanicam
1645 530 1738 569 ex-
1768 520 1816 578 Α
1846 531 1969 573 rere
2003 516 2150 571 volet
2180 530 2467 571 sermones
2497 517 2766 571 aseetiros
2803 513 2975 570 Esaia:
2994 514 3229 579 abbatis,
3258 513 3421 569 Joan-

173 611 433 672 stitisset,
464 610 649 664 omnia
677 619 857 664 tamen
874 608 994 663 loca
1025 611 1224 678 quibus
1253 607 1492 679 Symeon
1527 620 1747 672 proces~

174 703 343 757 sionis
368 703 546 757 sancti
580 702 815 772 Spiritus
845 701 1131 766 meminit,
1168 716 1196 753 a
1228 700 1372 753 bono
1430 698 1635 752 lectore
1686 698 1742 751 in

177 795 386 850 bonum
413 811 636 851 sensum
670 794 842 863 accipi
872 800 1128 864 possunt,
1155 801 1214 846 ut
1245 802 1297 846 et
1329 791 1432 843 alia
1463 792 1749 859 pleraque,

177 884 239 939 ad
270 901 512 955 quarunt
566 886 830 940 nonnulla
878 884 1359 939 adnotatiunculas
1411 883 1752 953 adiecimus;

179 978 283 1032 alia
318 979 525 1033 eruditi
576 978 802 1033 lectoris
842 979 1069 1032 candori
1123 976 1493 1047 permisimus.
1541 974 1750 1028 Etenim

179 1085 288 1127 non
315 1072 485 1125 modo
520 1070 575 1125 in
603 1071 707 1125 hoc
726 1070 1000 1140 Synteone
1034 1080 1249 1135 nostro,
1275 1068 1370 1123 sed
1413 1078 1465 1122 et
1520 1066 1574 1120 in
1620 1066 1744 1122 aliis

178 1177 288 1217 non
320 1165 517 1233 paucis
542 1163 870 1218 monasticis
898 1172 954 1217 et.
982 1162 1234 1217 asceticis
1263 1158 1630 1229 scriptoribus
1662 1172 1756 1210 oc-

181 1265 417 1309 currunt
446 1255 696 1324 quadam
729 1253 1046 1309 duriuscule
1086 1252 1254 1317 dicta,
1283 1267 1407 1323 quae
1431 1251 1559 1304 lima
1612 1249 1757 1317 judi-

181 1345 258 1401 cis
288 1352 515 1417 egeant.
548 1345 688 1402 Vera
713 1361 802 1402 me
831 1346 982 1417 loqui
1036 1344 1296 1402 fatebitur
1320 1385 1337 1411 ,
1388 1342 1484 1413 qui
1524 1354 1751 1412 percuro

1855 609 1939 663 nis
1968 607 2214 671 Climaci,
2249 606 2437 670 Marci,
2462 606 2562 660 Nili
2599 616 2655 661 ct
2684 608 2937 661 aliorum.
2966 605 3201 659 Tantum
3233 606 3298 659 de
3321 605 3421 675 Sy—

1855 715 2048 754 meone
2108 698 2440 753 habuimus:
2498 698 2563 751 ad
2630 714 2793 768 quem
2843 699 3006 752 etiam
3061 696 3299 764 scriptus
3342 706 3424 752 est

1858 790 2175 845 scholastici
2209 789 2357 844 illius
2391 790 2672 859 Dialogus,
2712 804 2873 857 quem
2907 788 3146 857 reperies
3180 796 3302 856 post
3331 803 3423 842 ea-

1856 883 1969 953 pita
2001 882 2251 948 moralia,
2282 896 2403 951 qua:
2437 882 2571 934 nihil
2597 880 2743 934 aliud
2767 889 2914 943 sunt,
2934 893 3099 948 quam
3126 879 3423 948 aphorismi

1858 973 2105 1042 quidam,
2141 974 2446 1042 brevesque
2478 972 2764 1027 sententiae
2809 971 2876 1025 ad
2927 972 3093 1024 vitam
3143 978 3313 1029 recte,
3340 970 3428 1022 in-

1860 1064 2193 1120 stituendam
2231 1062 3034 1131 accommodatur;cuiusmodi
3086 1062 3265 1131 capita
3315 1060 3430 1114 edi-

1858 1159 2053 1210 derunt
2080 1172 2203 1210 cum
2240 1156 2371 1220 alii,
2420 1166 2533 1210 tum
2577 1154 2793 1210 Marcus
2854 1155 3049 1208 Asceta
3096 1162 3153 1207 et
3200 1158 3429 1207 sanctus

1859 1246 2035 1312 Nilus,
2064 1262 2183 1318 quae
2203 1255 2441 1304 exstant.

207 1562 3431 1610 ψ

715 1785 1807 1965 SYMEONIS
1940 1775 2923 1959 JUNIOBIS

541 2111 973 2173 PBAZPOSITI
1035 2106 1518 2172 MUNASTERII
1594 2106 1867 2167 SANCTI
1936 2104 2339 2166 MAMANTIS
2418 2103 2520 2164 AD
2571 2099 3083 2164 XYLOCERCUM

1198 2293 1886 2388 ORATIONES
1961 2294 2431 2381 XXXIII.

704 2650 967 2708 ORATlO
1003 2650 1241 2706 PRIMA.

789 2780 1169 2822 ιιιϐυκεκτωι.

191 2886 657 2953 Quemadmodum
702 2886 857 2939 homo
882 2883 1137 2951 paradiso
1178 2878 1522 2953 exturbata},
1564 2874 1767 2928 cerita-

264 2968 393 3015 tem,
430 2973 547 3017 qua:
579 2965 657 3008 est
699 2944 909 3007 verbum
953 2953 1069 3008 Dei.
1102 2950 1416 3017 perdiderit.
1450 2944 1521 2997 De
1556 2954 1768 3017 peccato

257 3016 473 3079 diaboli
529 3036 574 3078 et
609 3025 824 3077 Adami.
854 3024 931 3076 Ab
983 3016 1109 3090 ipsa
1132 3022 1466 3085 conceptione
1507 3016 1768 3090 hominem

257 3097 549 3164 quemlibet
568 3111 680 3147 esse
702 3085 1020 3159 peccatoreni
1045 3106 1063 3142 :
1084 3100 1131 3142 et
1163 3105 1263 3151 quo
1282 3098 1435 3155 pacto
1458 3100 1549 3164 per
1570 3085 1770 3148 baptis-

259 3154 411 3217 mum
474 3167 526 3215 in
578 3154 783 3228 Spiritu
844 3171 1028 3214 sancto
1089 3154 1769 3228 t'cgettet‘eittt‘._Qtta’ttam

262 3236 422 3286 multi
471 3224 634 3299 reges,
709 3246 757 3284 et
810 3233 1075 3297 propheta:
1131 3224 1253 3280 ante
1281 3224 1484 3299 Chriin
1534 3233 1769 3299 tempora

260 3291 683 3369 ιοηειψὶυὲγὶιὲι.
719 3291 1058 3356 Christianos
1090 3299 1321 3369 nondum
1364 3294 1542 3345 initiat
1569 3308 1648 3351 os,
1678 3291 1773 3369 tto-

261 3361 559 3440 leatesque,
608 3381 656 3424 et
695 3379 916 3439 pacata
962 3385 1061 3420 sua
1122 3366 1466 3440 coriﬁ_te_ntes,_
1497 3361 1768 3440 qutieniris

258 3431 516 3501 rinculis,
546 3457 608 3493 ac
634 3431 795 3505 pennis
850 3439 1067 3491 minime
1127 3435 1339 3505 subjit'i,
1368 3433 1466 3505 sed
1498 3431 1755 3505 ﬁlleiinq

258 3514 446 3565 sterila
503 3500 726 3573 erudiri,
781 3519 829 3560 ct
895 3513 969 3560 ita
1024 3500 1232 3559 demuni
1301 3502 1508 3556 initiari
1561 3500 1765 3573 debere.

268 3572 721 3646 L’numquemque
760 3578 1120 3631 Christianum
1184 3575 1361 3646 divina
1397 3572 1769 3624 immutatione

254 3652 524 3718 indigere,
554 3644 745 3718 iniqua
780 3648 1032 3715 perfectio
1061 3644 1342 3698 consistat.

260 3763 514 3817 Adamus
572 3771 868 3831 postquam
918 3758 1142 3811 diabolo
1178 3754 1411 3808 mentito
1478 3751 1634 3805 ﬁdem
1672 3749 1767 3802 ha-

192 3854 336 3916 buit,
374 3864 436 3906 et
476 3867 603 3906 cum
651 3850 853 3905 calide
908 3850 975 3903 de
1027 3847 1175 3917 ligno
1232 3844 1479 3898 scientia-
1510 3840 1769 3901 comedit,

195 3947 492 3997 veritatem
543 3942 769 4007 amisit;
819 3956 984 4011 quam
1017 3936 1218 3993 deinde
1271 3944 1472 3988 natura
1531 3932 1769 3985 humana

195 4037 289 4089 diu
321 4035 677 4103 multumque
710 4032 1122 4100 investigatam,
1158 4026 1403 4083 invenire
1431 4039 1538 4077 non
1575 4022 1769 4090 potuit.

197 4123 544 4181 Testimonio
600 4133 729 4179 sunt
778 4136 971 4176 omnes
1009 4118 1231 4173 Graeciae
1285 4116 1590 4185 sapientes,
1643 4113 1771 4166 dum

198 4226 412 4270 tantam
456 4216 826 4269 humanarum
878 4210 1202 4281 opinionum
1245 4207 1647 4263 diversitatem.
1677 4218 1775 4271 per

196 4307 378 4363 varias
435 4307 766 4377 disciplinas
797 4306 880 4357 via
941 4318 1004 4357 ac
1053 4303 1269 4355 ratione
1310 4300 1544 4352 traditas
1578 4297 1774 4365 praeci-

197 4414 419 4467 puequc
455 4410 554 4463 per
604 4394 809 4448 multas
840 4406 903 4446 ac
936 4392 1127 4459 longas
1179 4390 1247 4443 de
1287 4387 1497 4441 virtute
1551 4396 1604 4440 ct
1648 4384 1781 4437 \itio

200 4473 638 4557 disputationes,
669 4498 809 4554 quas
855 4484 1220 4551 reliquerunt,
1266 4478 1331 4531 ad
1366 4477 1774 4545 simplicitatem

200 4591 256 4635 et
292 4578 693 4635 rectitudinem
733 4576 1001 4645 redigere,
1024 4578 1507 4645 congruenterque
1531 4571 1584 4621 in
1608 4583 1777 4622 unum

198 4682 591 4745 coagmentare
654 4679 708 4725 et
796 4669 1178 4736 constringere
1242 4664 1629 4734 nequiverunt.
1688 4660 1784 4715 Est

204 4778 384 4820 autem
442 4764 655 4817 veritas
694 4759 934 4817 Verbum
985 4757 1105 4823 Dei,
1143 4757 1259 4811 sive
1319 4755 1495 4825 gratia
1548 4751 1777 4815 Christi,

204 4874 322 4926 quae
351 4855 681 4925 complures
720 4854 869 4917 illas,
897 4858 951 4906 et
983 4852 1125 4903 inter
1155 4864 1214 4903 se
1257 4854 1584 4916 pugnantes,
1618 4852 1782 4911 atque

204 4950 531 5019 implicitas,
582 4955 637 5000 et
689 4954 972 4999 tortuosas
1005 4958 1069 4995 ex
1105 4940 1391 4993 hominum
1438 4934 1784 5006 cogitationi-

205 5042 330 5106 bus,
351 5037 994 5104 ratiocinationibusque
1033 5032 1306 5101 proiectas
1340 5029 1631 5083 verborum
1667 5025 1785 5079 dis-

208 5133 572 5192 sertationes,
613 5145 720 5183 una
762 5137 817 5182 et
840 5126 1047 5179 directa
1078 5121 1453 5190 simplicitate,
1485 5118 1635 5171 velut
1686 5131 1786 5167 na-

208 5224 395 5286 turali,
459 5219 691 5291 paciﬁca
757 5226 812 5271 et
872 5214 1165 5285 tranquilla
1235 5209 1652 5280 conjunctione,
1702 5208 1786 5259 in-

1794 2644 1835 2702 B
1867 2653 1964 2693 sus
2000 2636 2335 2692 necessitate
2381 2633 2705 2705 complexus
2737 2645 2840 2700 est,
2874 2636 2927 2689 in
2956 2650 3074 2688 eam
3116 2647 3332 2705 pcenam
3358 2637 3437 2689 in-

1871 2730 2068 2793 currit,
2105 2736 2163 2782 ut
2219 2731 2505 2782 veritatem
2559 2738 2837 2794 scrutetur
2888 2728 2978 2782 ille
3045 2729 3289 2797 quidem,
3324 2729 3441 2797 ejus

1871 2826 2055 2872 tamen
2089 2832 2314 2886 compos
2342 2833 2449 2871 non
2496 2817 2712 2880 evadat,
2746 2830 3132 2887 persequatur,
3164 2834 3265 2872 nec
3298 2833 3446 2870 com-

1873 2908 2197 2977 prehendat.
2246 2907 2460 2961 Etenim
2517 2922 2637 2975 quaa
2694 2907 2799 2960 ﬁde
2854 2908 3143 2960 mendacio
3199 2908 3444 2960 adhibita

1874 2999 2049 3052 oculis
2079 2996 2287 3051 nostris
2315 3005 2500 3063 erepta
2529 2996 2650 3058 fuit,
2689 2995 2793 3050 ﬁde
2818 2997 3036 3049 veritati
3068 2998 3441 3056 commodata.

1873 3105 2095 3144 rursum
2144 3089 2421 3141 invenitur
2495 3102 2557 3142 ac
2610 3087 2951 3141 restituitur.
3013 3087 3106 3142 Ille
3164 3087 3449 3141 mendacio

1874 3189 2064 3248 aperto
2116 3180 2519 3248 manifestoque
2574 3178 2809 3233 credidit
2864 3198 2876 3233 :
2932 3193 3032 3233 nos
3090 3194 3344 3245 maguum
3385 3195 3448 3233 ac

1876 3275 2230 3326 manifestum
2278 3273 2599 3341 mysterium
2626 3270 2667 3334 ¹,
2716 3269 2883 3324 Deum
2921 3272 3176 3325 videlicet
3210 3272 3449 3324 humano

1875 3381 2107 3433 corpore
2177 3364 2459 3427 indutum,
2520 3362 2825 3417 credimus.
2881 3360 3017 3416 Illud
3077 3372 3297 3431 propter
3356 3362 3449 3415 Dei

1878 3456 2194 3511 mandatum
2253 3462 2373 3508 erat
2437 3452 2759 3508 incredibile
2800 3472 2814 3507 :
2862 3454 2965 3507 hoc
3011 3462 3233 3523 propter
3278 3453 3447 3506 Demn

1878 3566 1980 3603 nos
2015 3550 2382 3617 altequentcm
2413 3546 2664 3599 redditur
2695 3528 3151 3601 eredibileflllud
3178 3547 3446 3599 meditum

1879 3640 2281 3707 deprehensum
2338 3645 2422 3690 est
2475 3635 2676 3690 falsum
2727 3636 3066 3705 (credentem
3128 3636 3333 3703 quippe
3396 3635 3450 3687 in

1872 3728 2098 3781 exitium
2132 3742 2194 3779 ac
2242 3734 2468 3780 mortem
2527 3726 2983 3796 praecipitavit’);
3037 3726 3140 3779 hoc
3180 3727 3450 3779 creditum

1876 3820 2076 3873 veritas
2092 3817 2725 3887 romperitur,siquidcm
2740 3832 2863 3872 eum
2884 3819 2975 3887 qui
2994 3819 3279 3872 mendacio
3296 3818 3453 3871 fidem

1882 3912 2346 3973 cennnolaverat,
2381 3911 2447 3964 ab
2478 3911 2647 3963 exitio
2680 3924 2743 3963 ac
2776 3918 2953 3963 morte
2995 3921 3232 3969 revocat.
3267 3925 3458 3977 perca-

1802 3977 1844 4034 C
1884 4012 1996 4056 tum
2017 4003 2138 4070 ejus
2173 4001 2564 4068 tollens,eique
2589 4009 2646 4053 ut
2665 4000 2800 4054 bene
2822 4014 2885 4053 ac
2906 4000 3061 4054 beate
3077 3999 3147 4053 sit
3170 4000 3409 4069 largiens
3437 4013 3453 4051 :

1879 4106 1930 4149 et
1965 4110 2029 4147 ex
2076 4093 2179 4148 [ine
2209 4102 2518 4162 utrumque,
2571 4091 2916 4146 mendacium
2950 4102 3075 4159 puta
3125 4093 3456 4160 veritasque,

1884 4184 2434 4257 perspicitur.Uuum
2472 4185 2638 4252 igitur
2659 4194 2969 4253 peccatum,
3005 4193 3056 4236 et
3090 4182 3452 4249 unajustitia.

1961 4272 2091 4327 \‘ide
2119 4273 2251 4342 quid
2283 4272 2556 4335 diabolus,
2581 4270 2869 4324 considera
2902 4270 3033 4338 quid
3067 4270 3307 4323 Adamus
3335 4284 3460 4337 pec-

1882 4366 2111 4427 caverit,
2159 4375 2209 4417 et
2236 4380 2342 4417 non
2366 4363 2535 4424 aliud,
2562 4376 2725 4430 quam
2778 4362 2979 4415 suimet
3041 4360 3457 4412 admirationem

1887 4456 2312 4526 superbiamque
2341 4454 2612 4508 invenies.
2646 4450 2848 4507 Verum
2883 4450 2960 4504 illi
2993 4450 3064 4503 ob
3099 4449 3456 4502 excellentem

1886 4551 2074 4618 gloria:
2114 4546 2547 4616 magnitudinem
2596 4545 2669 4597 ita
2711 4560 2770 4597 se
2810 4551 3123 4612 gesserunt.
3163 4538 3272 4593 Nec
3311 4541 3456 4591 enim

1886 4656 1950 4695 ex
2001 4640 2310 4692 humilitate
2359 4637 2587 4703 gloriam
2618 4634 2800 4704 adepti
2849 4650 2908 4689 se
2944 4634 3263 4688 extulerunt
3306 4648 3320 4683 :
3355 4631 3446 4682 sed

1888 4747 2012 4786 cum
2057 4729 2424 4784 humilitatem
2465 4726 2698 4779 necdum
2733 4733 3159 4792 cognoscerent,
3208 4730 3257 4773 et
3297 4735 3457 4772 secu-

1888 4833 2065 4877 turam
2088 4837 2118 4875 e
2149 4834 2283 4873 casu
2314 4818 2560 4886 ipsorum
2588 4815 3025 4868 humiliationctn
3080 4810 3462 4879 ignmniaiam-

1888 4930 1993 4985 que
2022 4916 2358 4982 ignorarent,
2389 4910 2597 4963 idcirco
2629 4907 2763 4959 nihil
2792 4920 2912 4959 eam
2947 4912 3273 4967 metuentes,
3294 4916 3460 4955 cous-

1890 5026 1996 5079 que
2048 5006 2245 5060 elicrre
2288 5020 2347 5059 se
2381 5017 2488 5057 non
2528 5001 2873 5055 dubitarunt.
2902 4997 3291 5051 Animadverte
3323 5009 3459 5047 con-

1892 5112 1997 5162 tra,
2032 5096 2310 5168 quomodo
2339 5093 2678 5164 justiﬁcatus
2706 5091 2779 5145 sit
2813 5086 2994 5141 Jcsus.
3033 5088 3166 5138 (lum
3200 5084 3341 5136 Deus
3374 5098 3463 5135 es-

1894 5200 2000 5254 set,
2061 5202 2236 5257 usque
2289 5186 2355 5239 ad
2401 5192 2629 5238 mortem
2697 5180 3083 5240 voluntariam,
3126 5186 3181 5229 ct
3230 5184 3461 5228 mortem

210 5267 395 5286 .-.-..,
462 5267 691 5291 ,_--_-_
762 5267 810 5271 η
875 5267 1089 5285 --τηρ
1340 5267 1358 5280 ,
1642 5267 1649 5269 .

207 5316 613 5384 comprehensa
647 5310 893 5379 POtentia
928 5323 1026 5362 sua
1068 5309 1401 5375 composuit,
1444 5302 1787 5370 rcliQuosque
1814 5299 1866 5358 D
1894 5282 2078 5338 θ¹¹¹⁰ί⁸
2109 5279 2277 5352 (ψιοά
2311 5287 2429 5333 θτίλῑ
2455 5276 2846 5331 δοθ¹θτ³ί⁰¹⁸ί¹¹¹¹
2879 5267 3233 5339 δυνωίείωη)
3270 5274 3465 5384 fere"

209 5408 594 5461 doctrinarum
651 5415 935 5456 sermones
986 5400 1052 5453 ad
1104 5414 1270 5451 imum
1324 5410 1517 5449 omnes
1552 5393 1785 5455 otiosos,

210 5502 393 5555 irritos
455 5508 511 5552 et
535 5496 761 5551 inutiles
791 5492 1226 5555 demonstravit;
1259 5505 1385 5543 cum
1428 5501 1581 5542 more
1615 5500 1790 5539 (δωρο-

212 5607 334 5645 rum
370 5588 677 5661 palpando,
717 5586 1025 5648 veritatem,
1056 5584 1124 5635 ab
1152 5580 1329 5634 oculis
1357 5577 1566 5633 nostris
1595 5575 1794 5628 mcrito

212 5694 514 5745 remotam,
550 5678 914 5748 inquirentes,
939 5690 1048 5730 non
1089 5674 1305 5727 valeant
1335 5669 1597 5739 reperire.
1619 5665 1794 5720 Simo!

216 5789 281 5830 ac
312 5775 461 5829 enim
499 5774 667 5825 homo
698 5766 1047 5823 mendacium
1078 5774 1296 5833 Sponte,
1327 5776 1389 5815 ac
1412 5761 1560 5813 nulla
1586 5755 1788 5826 impul-

322 5953 388 6007 ιι
419 5951 568 6008 Tim.
605 5963 693 6016 nt,
741 5946 826 6003 l6.
902 5947 920 5977 '
956 5943 1090 5999 Gen.
1124 5957 1204 6008 in,
1238 5941 1289 5994 ϐ.

1893 5381 2073 5448 ipsum
2113 5372 2425 5428 humiliavit
2448 5371 2488 5425 ³.
2546 5369 2728 5423 Unum
2770 5382 2899 5436 ergo
2935 5374 3245 5432 pecratum,
3279 5358 3464 5412 inﬂata

1896 5470 1963 5522 de
1992 5482 2051 5521 se
2100 5466 2311 5533 Opinio,
2342 5472 2394 5514 et
2449 5475 2554 5513 una
2592 5458 2831 5528 jnstitia,
2868 5464 3110 5510 extrema
3164 5450 3463 5503 humilitas.

1897 5560 2056 5615 Nunc
2088 5566 2268 5609 autem
2310 5553 2434 5622 quis
2475 5550 2740 5619 scipsum,
2784 5547 2890 5601 nisi
2936 5541 3232 5596 admodum
3288 5539 3470 5590 fatuus

1900 5650 2140 5707 exaltct?
2172 5648 2339 5702 Nemo
2369 5645 2514 5698 enim
2553 5644 2605 5696 in
2644 5641 2745 5694 hac
2780 5640 2888 5693 vita
2920 5638 2968 5689 vi
2999 5635 3183 5688 divina
3210 5628 3472 5698 prmditus

1900 5755 2005 5806 est,
2044 5753 2100 5796 ut
2127 5753 2399 5796 summam
2440 5735 2548 5791 sibi
2597 5733 2703 5803 glo:
2722 5732 2826 5785 iam
2861 5734 3139 5796 comparet
3175 5740 3188 5776 :
3227 5733 3330 5774 uec
3360 5719 3471 5781 ille,

1372 5939 1391 5967 ³
1421 5933 1653 6003 Philipp.
1706 5944 1760 5989 tt,
1815 5928 1865 5987 7,
1898 5927 1927 5979 S
