4188 6436
723 392 828 454 323

1979 386 2352 446 SYMEUNIS
2379 386 2741 446 JUNIORIS

3873 386 3982 449 324

724 517 1017 572 antequam
1074 516 1133 558 se
1164 501 1501 564 humiliaret,
1534 500 1762 569 gloriam
1812 507 2143 553 consecutus
2190 510 2293 562 est,
2330 506 2368 561 Α
2400 509 2541 565 erat,
2587 504 2681 571 qui
2720 504 2933 572 primus
2985 510 3070 557 est
3130 503 3405 563 conditus,
3464 505 3517 554 in
3564 504 3821 572 paradiso
3875 508 3980 558 sub

726 599 818 652 sed
880 597 1196 665 quicunque
1238 596 1290 646 in
1338 594 1477 645 lianc
1542 594 1716 645 lucem
1753 592 1954 655 editur,
1988 592 2174 646 statint
2213 602 2296 646 est

728 690 1022 759 inglorius,
1059 698 1112 740 ct
1169 684 1437 755 gradatim
1488 683 1895 751 quodaminodo
1948 683 2014 735 ad
2070 683 2299 752 gloriam

728 782 949 834 tandem
984 779 1352 848 progreditur.
1382 777 1486 843 Qui
1524 778 1691 846 igitur
1725 777 2016 846 pristinam
2036 780 2298 831 vilitatem

730 887 885 925 suam
921 872 1273 931 recordatus,
1303 886 1362 923 se
1396 871 1574 937 ipsum
1612 870 1837 931 exaltat.
1863 871 2141 935 quomodo
2165 869 2303 924 stul-

728 972 820 1017 tus
848 977 913 1015 ac
960 975 1138 1014 caecus
1177 976 1285 1012 non
1341 959 1451 1011 sit?
1484 960 1614 1011 Nam
1660 959 1800 1028 quod
1848 958 2073 1023 dicitur,
2130 958 2302 1013 Nemo

734 1058 848 1109 sine
878 1063 1117 1122 peccato,
1156 1053 1260 1106 nisi
1289 1053 1434 1103 solus
1462 1050 1623 1116 Deus,
1654 1067 1743 1103 nec
1774 1052 1972 1120 infans,
2007 1051 2161 1119 cujus
2198 1054 2301 1104 vita

732 1149 890 1201 unius
935 1146 1041 1200 diei
1096 1145 1250 1211 est‘;
1277 1158 1388 1197 non
1437 1143 1506 1197 de
1534 1144 1601 1198 iis
1639 1143 1867 1204 dicitur,
1910 1150 2003 1211 qui
2038 1158 2302 1212 peccave-

734 1247 863 1293 runt
908 1256 921 1291 :
952 1252 1060 1306 quo
1090 1238 1232 1291 enim
1284 1245 1443 1306 pacto
1468 1234 1651 1288 infans
1686 1234 1906 1287 unicum
1937 1234 2080 1288 diem
2116 1244 2303 1297 natus,

730 1342 1019 1403 percatunt
1061 1328 1409 1384 committat?
1435 1329 1530 1382 sed
1568 1329 1668 1379 hoc
1695 1327 1823 1379 latet
1849 1328 2113 1397 mysterii,
2146 1337 2305 1381 natii-

736 1442 851 1479 rain
888 1426 1187 1491 humanam
1221 1423 1288 1473 ab
1315 1421 1436 1490 ipso
1462 1427 1730 1486 conceptu
1763 1419 2123 1485 peccatricem
2160 1434 2304 1473 esse.

731 1522 811 1571 Ac
853 1518 995 1571 Deus
1031 1513 1254 1585 quidem
1300 1514 1577 1566 hominem
1629 1526 1737 1563 ituii
1802 1520 2170 1579 peccaturem,
2212 1511 2305 1562 sed

730 1626 930 1680 purum
964 1618 1019 1664 et
1067 1617 1318 1663 sanctum
1358 1605 1536 1660 ﬁnxit.
1564 1604 1928 1673 Posteaquam
1968 1618 2095 1657 vero
2127 1612 2310 1671 proto-

734 1699 1071 1769 plastusille,
1094 1695 1409 1751 sanctitatis
1432 1695 1575 1749 stula
1608 1695 1779 1749 solius
1808 1692 2078 1761 ευρρνιηιυ
2097 1691 2309 1761 piaculo

735 1795 1043 1859 spoliatus,
1098 1788 1481 1859 corruptioni,
1563 1786 1921 1854 interituique
1988 1785 2167 1839 factus
2225 1792 2309 1838 est

732 1887 1031 1950 obnoxius,
1082 1900 1145 1939 ev
1184 1898 1250 1936 eo
1286 1883 1454 1935 etiam
1498 1879 1664 1942 satio,
1704 1880 2012 1945 conceptio,
2044 1886 2222 1937 ortus,
2256 1883 2310 1926 ct

736 1978 946 2045 reliqua
978 1975 1240 2043 deinceps
1263 1972 1444 2025 omnia
1476 1978 1701 2039 peccato
1724 1968 1940 2022 subdita
1971 1965 2214 2018 fuerunt.
2245 1959 2309 2016 Et

737 2070 985 2132 omnino,
1022 2065 1279 2135 quisquis
1322 2063 1483 2117 homo
1531 2070 1876 2123 numeratur,
1909 2056 2159 2125 quamvis
2196 2069 2305 2107 non

741 2162 1003 2231 peccarit,
1035 2158 1397 2212 nihilominus
1435 2160 1689 2223 peccator
1719 2158 1822 2205 est.
1853 2149 2123 2215 Quocirca
2163 2147 2308 2201 venit

740 2253 848 2305 alia
905 2249 1166 2303 nascendi
1227 2245 1508 2307 conditio,
1559 2251 1612 2297 et
1664 2245 1835 2296 altera
1890 2240 2169 2302 formatio,
2202 2254 2307 2307 qua

733 2343 960 2412 quidem
1002 2342 1166 2394 homo
1195 2354 1225 2393 e
1264 2345 1621 2392 sacrosancto
1664 2334 1814 2387 fonte
1865 2332 2211 2401 baptismatis
2254 2332 2307 2385 in

741 2433 952 2503 Spiritu
997 2440 1191 2488 sancto
1245 2427 1429 2482 denuo
1477 2437 1793 2497 generatur,
1825 2426 2129 2494 iterumque
2185 2439 2307 2477 cum

736 2527 925 2580 divina
948 2532 1169 2586 natura,
1202 2522 1349 2576 sicut
1369 2528 1510 2584 erat,
1535 2519 1757 2589 quando
1789 2518 1940 2572 illum
1971 2518 2168 2571 divina:
2194 2532 2310 2570 ma-

743 2635 849 2673 nus
893 2617 1242 2686 elliugebant,
1290 2612 1453 2667 modo
1497 2610 1739 2681 quodam
1787 2612 2073 2674 miscetur,
2100 2620 2155 2666 et
2188 2624 2309 2665 tan-

740 2724 906 2779 quam
936 2722 965 2760 a
1008 2707 1202 2776 primis
1251 2704 1563 2769 elementis,
1595 2703 1716 2773 ejus
1767 2702 1965 2757 animat
2014 2703 2161 2759 vires
2191 2706 2311 2757 tini-

741 2813 915 2853 versae
946 2798 1339 2861 informantur,
1373 2804 1538 2864 atque
1588 2795 1643 2848 in
1694 2809 1818 2849 eum
1856 2802 2084 2860 statum,
2116 2795 2170 2850 in
2202 2811 2312 2865 quo

741 2898 909 2960 caput
939 2900 994 2943 et
1016 2888 1277 2959 princeps
1297 2888 1520 2958 generis
1553 2885 1730 2940 nostri
1762 2890 1890 2941 ante
1916 2888 2316 2957 transgressio-

742 2997 868 3037 nem
902 2979 1253 3042 versabatur,
1304 2986 1585 3033 renovata:
1636 2977 2035 3043 restituuntur;
2090 2986 2147 3033 et
2210 2980 2312 3033 isto

748 3076 913 3131 modo
941 3074 1010 3129 ad
1042 3087 1274 3141 regnum
1306 3072 1404 3125 Dei
1435 3068 1731 3124 instruitur
1763 3084 1827 3124 ac
1857 3079 2218 3139 praeparatur,
2258 3074 2310 3126 in

2404 592 2823 661 intelligentiam
2847 594 3077 647 cadente
3108 602 3389 662 operetur,
3410 605 3463 646 ct
3490 594 3771 647 custodem
3799 606 3922 662 rigat
3961 613 3973 644 :

2404 692 2664 753 Operetur
2697 683 2915 754 quidem
2962 686 3216 739 mandata
3247 684 3378 740 Jesu
3417 684 3646 749 Christi,
3674 700 3705 737 a
3743 700 3856 755 quo
3890 700 3979 739 re-

2407 787 2647 832 novatus
2678 786 2788 843 est,
2824 779 3099 833 custodiat
3120 786 3326 843 autem,
3353 794 3518 847 quam
3554 778 3741 831 divino
3765 779 3980 832 tinctus

2404 872 2626 927 lavacro
2648 886 2676 924 a
2711 871 2920 941 Spiritu
2956 880 3152 927 sancto
3186 872 3422 943 gratiam
3449 873 3682 941 accepit,
3714 870 3980 926 conﬁtea-

2406 972 2603 1031 turque
2633 971 2689 1016 et
2740 960 2911 1026 dicat,
2954 962 3132 1017 virtus
3163 964 3285 1031 ejus
3321 963 3553 1032 (gratim,
3583 962 3830 1030 inquam)
3854 975 3985 1029 qua:

2407 1054 2460 1107 in
2516 1070 2603 1109 me
2654 1063 2760 1117 est,
2811 1053 3017 1108 Christi
3056 1064 3328 1123 princepta
3382 1069 3597 1108 mecum
3654 1058 3984 1122 operatur".

2406 1144 2533 1201 llaic
2555 1146 2701 1201 enim
2755 1155 2842 1202 est
2879 1147 3155 1201 custodia.
3192 1144 3348 1200 Sicut
3404 1160 3644 1213 namque
3684 1145 3983 1199 aedilicium

2408 1248 2580 1301 stare,
2615 1249 2710 1301 aut
2736 1238 2968 1293 excitari
3003 1239 3213 1308 absque
3248 1236 3610 1292 fundamento
3640 1233 3872 1303 nequit:
3908 1233 3984 1287 ita

2410 1331 2593 1382 anima
2630 1330 2852 1387 Christo
2882 1331 3139 1396 credens,
3164 1329 3270 1385 nisi
3305 1329 3496 1400 gratiae
3527 1326 3769 1395 Spiritus
3802 1336 3985 1382 sancti

2410 1420 2828 1475 fundamentum
2888 1423 3269 1487 collocaverit,
3305 1422 3477 1474 vitam
3527 1429 3583 1474 et
3648 1434 3831 1472 mores
3872 1418 3990 1471 Deo

2412 1515 2643 1583 placitos
2694 1516 2979 1585 suscipere
3031 1515 3352 1585 neutiquam
3401 1520 3611 1583 potest;
3645 1512 3879 1582 ejusque
3903 1510 3991 1577 je-

2407 1606 2587 1672 juiiia,
2647 1604 3118 1675 pervigilationes,
3160 1603 3312 1658 humi
3358 1610 3593 1658 stratum
3629 1601 3831 1661 ctible,
3867 1600 3992 1655 alie

2411 1700 2663 1768 corporis
2688 1698 3097 1763 alllictationes,
3122 1708 3444 1766 paupertas,
3473 1697 3743 1767 lacrymaz,
3792 1708 3994 1765 preca-

2414 1790 2593 1844 tiones
2622 1792 2832 1846 nullius
2865 1789 3129 1844 momenti
3162 1789 3440 1844 censenda
3482 1796 3631 1841 sunt.
3664 1787 3754 1841 Sic
3781 1786 3992 1840 etenim

2345 1853 2384 1906 Β
2414 1882 2706 1938 Christum
2743 1891 3107 1952 negaverunt,
3144 1882 3240 1952 qui
3294 1890 3416 1952 post
3460 1882 3661 1934 ntultos
3704 1880 3992 1933 cruciatus

2420 1984 2757 2045 negaverunt
2800 1993 2812 2029 :
2852 1975 2959 2042 Qui
3000 1976 3166 2029 inme
3226 1974 3499 2043 confessus
3529 1974 3752 2042 fucrit‘,
3784 1970 3994 2040 inquit.

2418 2072 2476 2124 lu
2507 2071 2627 2139 ipso
2659 2068 3010 2135 confitemur,
3056 2068 3109 2121 in
3143 2070 3266 2137 ipso
3304 2067 3622 2130 adoramus,
3652 2066 3705 2119 in
3742 2066 3857 2133 ipso
3884 2062 3994 2117 sal-

2420 2177 2632 2216 vamur.
2679 2161 2917 2230 Spiritus
2968 2170 3197 2215 sanctus
3233 2160 3508 2230 siquidem
3546 2162 3791 2212 animam
3824 2172 3992 2211 reno-

2420 2260 2533 2317 vat,
2570 2252 3033 2323 quemadmodum
3072 2253 3165 2306 illa
3196 2267 3424 2320 corpus.

2490 2344 2740 2415 Magnum
2771 2345 3127 2415 mysterium,
3174 2343 3317 2413 quod
3353 2354 3498 2397 totus
3538 2354 3807 2398 terrarum
3842 2343 3997 2397 oi-bis

2412 2439 2537 2506 jure
2562 2447 2870 2492 veneretur.
2906 2434 2962 2489 lit
2991 2436 3178 2489 eodem
3218 2434 3549 2489 sacriﬁcium
3590 2434 3768 2488 laudis
3804 2434 3949 2488 inest
3980 2470 3996 2493 .

2419 2532 2678 2585 nimirum
2707 2545 2801 2584 cor
2832 2544 3049 2599 purum,
3074 2529 3219 2598 quod
3251 2537 3335 2583 est
3362 2542 3460 2582 cor
3485 2528 3780 2583 contritum
3805 2535 3858 2582 et
3891 2527 3997 2581 liu-

2421 2624 2690 2677 ntiliatum
2722 2623 2766 2675 ".
2800 2621 2966 2677 Novit
2998 2623 3143 2677 enim
3186 2636 3245 2676 se
3278 2620 3557 2691 pr0prium
3600 2620 3735 2674 nihil
3787 2620 3998 2674 habere

2418 2723 2473 2769 et
2504 2714 2780 2784 quomodo
2802 2713 3131 2769 elevabitur?
3160 2713 3255 2767 Est
3286 2728 3450 2781 porro
3481 2716 3659 2781 ipsum
3684 2712 3786 2767 sibi
3812 2713 3998 2765 humi-

2422 2805 2588 2859 litatis
2613 2813 2993 2875 argumentum
3022 2813 3077 2858 et
3106 2804 3352 2857 materia.
3378 2803 3533 2868 Quod
3558 2805 3605 2857 si
3632 2802 3856 2866 veritas,
3884 2818 3995 2856 non

2396 2895 2648 2950 ambitio
2687 2894 3019 2949 sacrificium
3062 2895 3245 2949 laudis
3280 2904 3365 2950 cst
3413 2893 3545 2958 Deo,
3576 2902 3630 2949 et
3657 2894 3800 2963 apud
3837 2895 3995 2947 illum

2421 3002 2530 3042 non
2561 2994 2815 3057 peccator
2840 2986 2987 3055 (quis
3007 2987 3152 3041 enim
3185 2996 3336 3041 caret
3362 2987 3654 3056 peccato?)
3686 2986 3783 3041 sed
3810 2989 3999 3040 omnis

2419 3079 2563 3134 elato
2586 3078 2753 3132 corde
2785 3077 3099 3132 immundus
3124 3078 3377 3143 habetur,
3405 3077 3632 3131 humilis
3648 3078 3811 3132 corde
3830 3078 3999 3148 justi-

742 3169 913 3239 quod,
948 3166 1043 3238 qui
1078 3164 1306 3221 salutari
1332 3178 1472 3233 aqua
1499 3169 1765 3232 purgatus
1816 3162 2058 3216 nondum
2080 3174 2184 3227 est,
2215 3180 2312 3217 nec
2352 3208 2392 3261 Β
2423 3170 2638 3233 ticatus,
2667 3167 2850 3235 justus
2881 3182 3107 3223 munere
3143 3182 3244 3222 suo
3276 3165 3514 3229 functus,
3547 3182 3666 3231 seu,
3694 3174 3754 3220 ut
3778 3167 3999 3226 debuit.

743 3260 977 3331 ingredi,
1011 3274 1111 3315 nec
1136 3258 1313 3329 ipsum
1336 3254 1636 3330 speculari,
1664 3268 1766 3308 nec
1787 3253 2089 3324 intelligere
2111 3263 2313 3324 potest.

744 3355 817 3413 Ut
849 3356 925 3410 ita
954 3354 1192 3425 quilibet
1227 3351 1543 3422 baptizatus
1567 3351 1673 3420 (Ι),
1700 3349 1827 3403 talis
1856 3348 1990 3417 jam,
2018 3346 2202 3416 qualis
2229 3349 2317 3400 ille

813 3500 838 3532 ⁸
864 3498 967 3555 Job
1005 3514 1118 3562 siv,
1161 3497 1216 3560 4,
1256 3495 1288 3550 5
1315 3508 1426 3549 sec.
1456 3491 1617 3546 LXX.
1696 3490 1716 3520 ⁸
1757 3489 1972 3543 Coloss.
2006 3504 2042 3554 i,
2068 3491 2155 3544 29.

818 3662 895 3731 (Ι)
926 3660 1095 3715 Caute
1122 3657 1384 3731 legendus
1414 3664 1499 3731 est
1531 3653 1777 3731 Siineon,
1799 3654 2111 3731 quando-ct
2152 3654 2239 3705 liic
2265 3667 2315 3731 et

745 3724 873 3787 alibi
912 3732 1111 3797 sa‘pius
1145 3724 1462 3797 linptiSIttati
1487 3724 1669 3797 nimis
1702 3726 1938 3797 tntiltttttt
1964 3724 2316 3797 tt‘ibttttlje_A\'i-

745 3804 929 3863 detur,
966 3793 1182 3867 tia-inpii.
1216 3793 1362 3867 quod
1409 3794 1597 3867 reddat
1640 3793 2312 3867 hominesintpeccabilcs.

746 3872 891 3925 ldeiii
918 3862 1109 3921 asserii
1145 3868 1209 3919 de
1239 3862 1578 3934 professione
1613 3864 1735 3934 vitae
1769 3862 2038 3931 religiosae
2070 3878 2163 3913 seu
2201 3878 2317 3934 mog

748 3942 989 3993 uastiore.
1047 3931 1468 3987 \‘ei-lia'Grmi-a
1525 3931 1845 3997 perioches.
1897 3946 2019 3998 quin
2078 3933 2313 3984 orationi

748 4019 1158 4077 praipunuutiir,
1194 4015 1319 4077 sunt
1349 4006 1452 4056 ista
1492 4018 1503 4051 :
1534 4004 1605 4077 Τὸ
1641 4002 1795 4077 ἅγιον
1829 4002 2169 4077 {suntmissi}
2197 4002 2319 4052 ἁκιο

748 4071 939 4145 ἶιὴτόυς
972 4077 1004 4146 ἤ
1034 4075 1413 4146 ouanti-iisan;
1462 4072 1599 4146 sapis;
1648 4073 1706 4121 τὸ
1772 4071 1941 4146 scanty
1966 4071 2311 4146 _6ia:_i’tr,s_tv.

746 4139 936 4217 ὦέτπερ
969 4139 1062 4196 κάὶ
1096 4144 1155 4195 τὸ
1195 4139 1444 4212 δὲύτερον
1489 4142 1774 4217 βρπτσμα
1806 4140 1873 4217 ¹τὸ
1901 4139 1989 4217 δξὰ
2030 4139 2125 4189 τοῦ
2168 4139 2313 4217 (λείου

747 4221 841 4271 καὶ
861 4209 1156 4282 ὰῨγελικσῦ
1190 4209 1496 4282 omnem;
1516 4210 1776 4282 sanctum
1802 4209 2065 4282 baptisma
2102 4218 2191 4282 aut
2220 4209 2317 4260 im-

748 4278 986 4345 mobiles,
1022 4293 1113 4336 out
1154 4278 1434 4349 difﬁculter
1462 4280 1676 4333 mobiles
1711 4281 1779 4330 ad
1808 4278 2007 4331 malum
2035 4278 2227 4349 reddit.
2260 4291 2314 4330 ut

744 4368 795 4409 et
858 4355 1085 4408 alterum
1133 4348 1415 4419 baptisma,
1443 4351 1581 4419 quod
1614 4348 2316 4419 consistitgingsusceptione

744 4426 912 4477 divini
956 4432 1005 4475 et
1035 4416 1259 4489 angelici
1298 4416 1538 4483 habitus,
1580 4419 1683 4471 ltoc
1720 4426 1826 4489 est,
1869 4417 1924 4469 in
1964 4416 2213 4489 ingressu
2242 4420 2308 4489 in

748 4495 1066 4561 religiosum
1108 4486 1203 4543 seu
1237 4490 1601 4561 monasticam
1648 4486 1935 4561 ordinem;
1977 4487 2119 4561 hunc
2165 4488 2309 4561 enini

747 4556 979 4616 alterum
1026 4562 1296 4627 baptisma
1349 4560 1616 4610 nominat.
1670 4556 1729 4609 lit
1779 4558 1893 4627 ipsa
1940 4557 2189 4627 oratione
2232 4559 2311 4627 sic

748 4645 947 4699 praeter
982 4625 1175 4699 ca‘tera
1222 4628 1725 4699 quuiturSiiueon
1764 4645 1783 4699 :7
1812 4626 1887 4699 :l'b
1911 4629 2018 4699 γᾴρ
2057 4625 2197 4676 θεῖον
2229 4626 2315 4693 βά-

749 4696 963 4768 ῖπτισμα
1010 4698 1103 4751 τοῦ
1143 4697 1380 4768 Χριστοῦ
1411 4698 1539 4768 τοὺς
1582 4699 1713 4765 πρὶν
1763 4696 2170 4768 ἁᾷαπξςιστορς,
2220 4701 2315 4748 καὶ

749 4763 899 4839 πρὸξ
928 4771 990 4820 τὸ
1024 4763 1205 4839 κακὸν
1238 4766 1580 4839 ςύκινήῖᾳυς,
1605 4763 1878 4839 ﬁguratae
1914 4764 2027 4833 ἔχει
2062 4763 2312 4839 δύνὲαμιν,

750 4835 1182 4898 κὰτασκευάζειν
1234 4835 1651 4903 βαπτισθέντας.
1715 4837 2009 4901 ἀκινήτους
2068 4836 2203 4900 πρὸς
2256 4840 2317 4890 τὸ

749 4911 941 4971 κακὸν,
964 4910 1012 4959 εξ
1055 4907 1098 4958 δ’
1127 4905 1212 4970 οὒ,
1237 4905 1372 4958 ἀλλὰ
1394 4906 1531 4967 τέως
1556 4906 1690 4973 πρὸς
1710 4906 1771 4956 τὸ
1801 4903 1974 4973 παρὸν
2001 4904 2313 4971 ἀκινήτους.

751 4982 882 5043 Quae
915 4976 1097 5032 omnia
1134 4976 1268 5028 dura
1310 4975 1554 5043 proiecto
1593 4982 1722 5027 sunt
1751 4985 1803 5027 et
1841 4974 2317 5043 animadversione

752 5041 945 5115 digna,
986 5056 1038 5098 et
1083 5041 1327 5115 errorem
1377 5042 1678 5115 Joviniani
1713 5043 2040 5107 redolentia,
2092 5041 2206 5115 qui,
2246 5052 2318 5115 ut

752 5110 945 5171 scribit
1001 5123 1222 5169 sanctus
1254 5113 1635 5181 Hieronymus,
1669 5113 1763 5165 lib.
1801 5128 1838 5165 ti
1872 5121 2055 5165 contra
2085 5110 2316 5163 Iovinia-

754 5202 900 5249 num,
939 5194 995 5238 et
1036 5198 1260 5254 sanctus
1309 5180 1671 5254 Augustinus,
1718 5185 1810 5236 lib.
1860 5183 1936 5236 De
1962 5180 2313 5254 ΔΗαεηιξιηη,

750 5271 875 5324 cap.
922 5254 1013 5316 82,
1056 5253 1241 5307 docuit
1292 5252 1599 5318 hominem,
1630 5268 1779 5324 rvere
1827 5252 2174 5324 baptizatum
2209 5268 2313 5324 non

754 5320 919 5392 posse
941 5324 1174 5391 amplius
1198 5337 1445 5390 peccare,
1471 5335 1523 5374 et
1546 5328 1587 5376 si
1616 5323 1752 5376 forte
1778 5330 1988 5392 peccat,
2017 5336 2121 5372 non
2150 5320 2316 5392 fuisse

751 5390 979 5449 tinctum
1014 5390 1117 5445 nisi
1156 5408 1318 5458 aqua.
1352 5392 1433 5444 Ad
1464 5408 1624 5459 quem
1661 5406 1903 5444 errorem
1953 5390 2317 5458 loquendique

752 5467 973 5518 moduni
1004 5463 1198 5515 alludit
1229 5462 1447 5515 Sitneou
1475 5502 1491 5526 ,
1521 5479 1643 5515 cum
1680 5464 1754 5515 ait
1788 5463 1896 5512 illis
1939 5466 2030 5527 qui
2072 5474 2197 5527 post
2225 5463 2317 5513 bo-

755 5538 951 5603 ptisma
984 5533 1169 5586 faciles
1199 5546 1292 5584 seu
1319 5530 1585 5603 llexibiles
1609 5542 1739 5584 sunt
1762 5530 1827 5583 ad
1866 5538 2090 5593 malum,
2118 5546 2315 5597 aquam

753 5600 1094 5671 siiperfiisain
1137 5616 1260 5655 esse
1308 5600 1441 5651 ὡσεὶ
1485 5604 1721 5670 νεκροῖς,
1774 5610 2025 5666 tanquam
2071 5604 2312 5653 mortuis.

752 5673 908 5737 Qttod
942 5671 1129 5723 itidcnt
1171 5672 1237 5723 de
1273 5672 1442 5723 altero
1488 5673 1781 5738 baptismo,
1822 5684 1917 5721 seu
1950 5673 2023 5738 de,
2062 5671 2312 5738 ingressu

754 5746 808 5796 iit
851 5742 1167 5809 religionem
1205 5741 1453 5794 alliriuat.
1493 5737 1652 5795 Forte
1698 5743 1826 5803 erit,
1864 5742 1955 5807 qui
2004 5737 2315 5792 Simeonem

751 5820 993 5868 excuset.
1042 5811 1096 5864 ld
1130 5825 1255 5865 veru
1303 5813 1455 5865 nobis
1502 5826 1607 5865 nun
1647 5814 1805 5865 modo
1844 5824 1949 5863 non
1988 5809 2311 5874 molestum,

2233 3493 2253 3521 ‘
2285 3490 2418 3545 Luc.
2454 3509 2549 3556 XII,
2583 3494 2636 3547 8.

2425 3270 2783 3314 conversatus
2808 3270 2912 3315 est.
2940 3258 3270 3315 Justilicatio
3299 3260 3477 3313 sancti
3517 3256 3757 3327 Spiritus
3785 3257 3997 3311 donum

2424 3360 2531 3404 est.
2564 3350 2665 3415 Qui
2707 3367 2735 3404 a
2771 3350 2975 3420 Spiritu
3006 3361 3197 3406 sancto
3228 3352 3585 3421 gubernatur,
3617 3349 3957 3420 gloriﬁcatus
3984 3365 3999 3412 ;

2715 3494 2733 3523 ⁷
2776 3491 2922 3546 Psal.
2955 3492 3125 3558 L,19.

2419 3654 2514 3707 sed
2547 3664 2598 3706 et
2638 3670 2897 3723 perquam
2922 3656 3228 3722 jucundum
3270 3655 3407 3717 erit;
3442 3655 3648 3706 utinam
3688 3666 3792 3723 non
3834 3660 4003 3707 mode

2421 3722 2650 3777 Siineou
2691 3735 2899 3787 noster,
2935 3727 3028 3779 sed
3058 3734 3111 3779 et
3139 3726 3321 3793 quivis
3358 3726 3500 3777 alius
3527 3724 3596 3777 ab
3626 3722 3774 3775 οηιηὶ
3806 3738 4001 3777 errore

2421 3800 2492 3847 sit
2536 3796 2813 3846 immunis.
2845 3795 3067 3847 interitu
3094 3796 3343 3847 veritatis
3372 3795 3451 3846 lite
3474 3802 3602 3845 sunt
3627 3806 3784 3844 voces
3813 3807 3825 3841 :
3858 3794 4002 3847 Veto

2420 3874 2474 3917 et
2522 3863 2765 3931 legitime
2815 3865 3147 3930 baptizatum
3192 3864 3372 3917 denuo
3429 3876 3655 3930 peccare
3713 3876 3892 3929 posse.
3953 3867 3998 3918 si

2424 3933 2572 3987 velit.
2608 3932 2685 3985 Ad
2740 3934 3073 4000 baptizatum
3132 3934 3277 3986 enim
3333 3934 3509 3986 tendit
3541 3933 3631 3985 illa
3681 3933 4001 3985 cohortatio

2422 4003 2597 4057 sancti
2627 4001 2779 4055 Pauli
2824 4002 2981 4056 llum.
3013 4018 3076 4065 it,
3110 4002 3180 4055 20
3215 4021 3230 4059 :
3280 4003 3355 4055 Tu
3381 4003 3484 4069 ﬁde
3512 4012 3646 4063 st'ts,
3688 4001 3792 4052 noli
3826 4007 3999 4054 a'tnm

2420 4087 2626 4140 sapere,
2654 4070 2742 4124 sed
2779 4073 2923 4125 time.
2976 4074 3041 4125 Et
3086 4074 3151 4125 ad
3206 4075 3371 4125 Hebr.
3409 4089 3455 4123 vi
3484 4113 3499 4133 ,
3533 4075 3565 4123 4
3602 4088 3615 4123 :
3656 4070 4001 4137 Impouibile

2417 4145 2554 4193 enim
2589 4150 2665 4193 est
2705 4158 2789 4194 eos
2818 4144 2908 4209 qui
2936 4142 3092 4195 semel
3141 4151 3262 4195 sunt
3295 4142 3608 4201 illuminari,
3652 4153 3998 4209 gustat-erunt

2416 4215 2575 4265 etiam
2616 4211 2811 4263 donum
2854 4215 3078 4275 caeleste,
3106 4223 3155 4264 st
3194 4214 3477 4281 participes
3511 4211 3639 4281 facti
3670 4220 3789 4281 sunt
3819 4209 4001 4278 Spiri—

2420 4292 2503 4334 tus
2543 4284 2736 4342 sancti,
2764 4292 3106 4349 gustaverunt
3148 4279 3493 4334 nihilominus
3530 4280 3725 4333 bonum
3758 4279 3850 4333 Dei
3882 4298 3999 4335 eer-

2420 4352 2563 4411 buni,
2596 4351 2917 4419 uirtutesque
2962 4352 3143 4407 sa’culi
3187 4354 3412 4413 venturi,
3458 4362 3507 4402 et
3543 4350 3779 4416 prolapsi
3827 4362 3953 4403 sunt
3984 4392 3999 4410 .

2418 4436 2603 4473 rursus
2632 4422 2872 4473 renovari
2906 4423 2975 4473 ad
3004 4422 3384 4490 parnitentiam,
3421 4427 3528 4473 etc.
3569 4419 3668 4473 Ubi
3703 4420 3999 4474 manifeste

2348 4529 2388 4580 υ
2418 4490 2936 4580 ἱηάἰςῇιᾼροειθιιιξ
2978 4506 3101 4544 eum
3132 4492 3381 4580 quivere
3424 4490 3730 4568 baptizatus
3778 4491 3999 4580 gratim-

2417 4574 2525 4629 que
2554 4559 2752 4613 divina:
2792 4562 3066 4628 particeps
3097 4561 3328 4614 et'lectus
3358 4570 3441 4614 est
3462 4596 3479 4619 ,
3512 4560 3584 4629 in
3630 4570 3854 4625 peccata
3895 4561 3997 4613 de-

2417 4628 2529 4684 nuo
2555 4629 2663 4682 labi
2700 4644 2879 4697 posse,
2906 4638 3071 4698 atque
3098 4632 3234 4683 adeo
3264 4646 3358 4696 per
3376 4628 3707 4696 baptismum
3729 4629 3997 4693 impreca-

2419 4700 2572 4751 bilem
2607 4714 2715 4768 non
2762 4699 2922 4760 eﬂici,
2974 4699 3121 4768 quod
3174 4702 3345 4751 multo
3393 4699 3565 4767 magis
3612 4698 3699 4768 ad‘
3724 4698 3999 4767 religiose

2419 4769 2541 4821 vita:
2576 4767 2971 4835 professionem
2992 4764 3411 4823 accommodari
3444 4764 3625 4820 debet.
3668 4764 3903 4830 Quaen'ut
3942 4779 4000 4819 ct

2419 4838 2726 4906 baptisinus
2754 4853 2853 4891 nec
2881 4838 3195 4905 ἀκινήτους,
3226 4852 3326 4889 nec
3362 4837 3722 4902 δυσκινήτους
3760 4837 3828 4888 ad
3870 4852 3999 4905 pec-

2420 4909 2656 4961 candum
2690 4907 2884 4969 reddit,
2922 4917 2975 4959 et
3021 4909 3066 4961 si
3097 4908 3407 4974 baptizatus
3447 4906 3770 4973 δυσκίνητος
3802 4907 3998 4975 aliquo

2420 4992 2585 5029 sensu
2624 4977 2729 5028 diei
2762 4984 2961 5045 potest,
2998 4976 3126 5044 quia
3166 4980 3398 5043 gratiam
3427 4975 3515 5027 Dei
3541 4990 3635 5042 per
3652 4975 3993 5044 baptismum

2414 5047 2527 5113 jam
2562 5055 2915 5110 consecutus,
2952 5046 3123 5099 multo
3164 5046 3327 5097 habet
3388 5045 3599 5110 majora
3629 5051 3684 5098 et
3724 5045 3997 5098 validiora

2422 5117 2673 5185 praesidia
2703 5116 2961 5167 vitiorum
2986 5115 3277 5169 illecebras
3300 5114 3647 5183 repudiandi,
3673 5129 3838 5182 quam
3867 5128 3999 5169 ante

2422 5186 2678 5252 baptismi
2725 5186 3107 5246 initiationuin,
3143 5185 3442 5237 dummodo
3478 5185 3588 5235 illis
3624 5186 3866 5250 legitime
3911 5199 3995 5237 uti

2422 5257 2546 5306 velit
2590 5271 2603 5307 :
2645 5270 2767 5307 nam
2802 5256 2848 5306 si
2889 5256 2963 5305 titi
2995 5254 3154 5318 nolit,
3186 5261 3239 5307 et
3268 5268 3363 5322 per
3412 5255 3629 5305 arbitrii
3678 5253 3990 5307 libertatem

2421 5339 2614 5377 rursus
2645 5326 2709 5374 ait
2735 5324 2941 5390 peccati
2968 5326 3157 5377 sordes
3182 5325 3418 5375 declinet
3436 5364 3449 5383 ,
3475 5337 3627 5390 aeque
3661 5322 3711 5374 id
3733 5332 3911 5389 potest
3933 5340 3999 5378 ac

2419 5405 2578 5446 auten
2598 5411 2613 5445 -.
2632 5395 2996 5461 tluittingitque
3009 5394 3077 5456 ei,
3098 5406 3154 5446 ut
3173 5403 3395 5445 sanctus
3420 5394 3613 5446 Petrus
3639 5395 3715 5444 ait
3740 5393 3805 5459 ill
3842 5395 3992 5448 l'etr.

2422 5464 2612 5532 ",22),
2636 5465 2768 5515 illud
2802 5467 2905 5516 veri
2941 5465 3233 5525 proverbii:
3266 5462 3427 5516 Canis
3456 5478 3688 5532 reversus
3727 5464 3794 5515 ad
3840 5479 3996 5515 suum

2420 5531 2692 5592 caninum,
2711 5544 2756 5585 et
2789 5550 2876 5585 sus
2910 5535 3014 5585 luta
3035 5536 3087 5585 in
3107 5533 3375 5585 volutabra
3397 5532 3513 5584 luti.
3534 5531 3725 5584 Lector
3746 5540 4000 5585 consulat

2419 5605 2755 5656 cardinalem
2807 5603 3201 5655 Bellariniiiunt
3248 5602 3387 5654 libro
3428 5600 3501 5653 De
3535 5602 3815 5667 baptismo,
3871 5615 3992 5673 cap.

2423 5674 2508 5736 14,
2537 5675 2625 5725 ubi
2656 5674 2879 5740 cupiase
2907 5675 3173 5726 adversus
3201 5673 3490 5724 haereticos
3518 5674 3781 5729 ostendit,
3818 5676 3996 5730 homi-

2420 5756 2516 5797 nes
2548 5756 2641 5811 per
2679 5739 3009 5813 baptismum
3038 5756 3150 5796 nuit
3187 5739 3301 5796 fieri
3339 5744 3723 5811 impccrabiles
