4188 6436
199 414 309 475 325

1645 401 1842 461 ORAT
1856 401 1926 460 [Ο
1956 399 2004 457 Ι.

3340 390 3443 452 326

200 528 292 597 qni
328 525 691 593 gioritieatus,
737 519 1108 577 sanctiﬁcatns
1148 524 1270 581 est;
1318 517 1433 570 siue
1465 513 1775 567 sanctiﬁca-
1806 514 1857 571 Α
1884 509 2187 567 minabitur,
2238 519 2336 556 non
2368 504 2505 556 enim
2538 504 2663 557 estis
2703 501 2795 555 sub
2830 502 2961 571 lege.
3012 504 3102 557 sed
3128 504 3223 556 sub
3264 509 3440 574 gratia

200 619 351 672 tione
389 617 555 667 Deum
606 628 768 667 nemo
803 611 1028 666 videbit.
1062 609 1304 663 Tollatur
1335 607 1554 679 impius,
1604 621 1664 657 ne
1697 605 1778 657 vi-

201 708 327 762 deat
364 706 595 778 gloriam
624 705 841 760 Domini
871 703 914 759 ⁸.
951 703 1086 770 Quis
1115 713 1199 757 est
1227 700 1466 765 impius?
1496 697 1779 769 Superbus

203 802 421 869 utique,
445 807 501 853 et
534 806 742 851 tantum
781 797 983 866 impius
1011 801 1275 864 quantum
1303 788 1598 860 superbus.
1637 786 1779 852 Quis

205 891 434 945 humilis
463 888 664 945 corde?
696 904 805 943 non
836 888 1100 958 prudens,
1138 901 1247 938 non
1278 883 1520 953 sapiens,
1555 895 1658 934 non
1694 880 1780 931 in-

202 983 482 1053 telligens,
510 996 617 1035 non
638 979 965 1050 versipellis,
986 993 1093 1031 non
1118 990 1148 1031 a
1175 976 1469 1044 semetipso
1496 971 1687 1026 doctus
1720 984 1795 1022 ac.

201 1075 423 1137 sciens;
462 1073 554 1127 sed
590 1087 713 1126 cum
753 1070 961 1140 Spiritu
1008 1075 1200 1124 sancto
1242 1064 1681 1122 communicans,
1728 1061 1779 1113 iu

202 1182 316 1235 quo
348 1166 644 1236 prudentia
679 1177 734 1219 et
764 1162 1058 1233 sapientia,
1087 1170 1141 1215 et
1172 1156 1564 1227 intelligentia,
1597 1152 1779 1208 erudi-

202 1258 280 1312 tio
322 1272 391 1311 ac
419 1256 652 1312 scientia
684 1256 738 1309 in
787 1256 912 1323 ipso
943 1259 1205 1323 purgatar,
1237 1265 1300 1304 ac
1335 1248 1563 1302 viventis
1584 1284 1599 1308 ,
1644 1248 1780 1298 Deo-

200 1365 308 1419 qne
341 1349 610 1418 placentis
642 1348 859 1401 animae.
888 1348 968 1399 οι)
998 1347 1048 1399 id
1080 1345 1225 1401 enim
1263 1341 1494 1397 Verbum
1524 1354 1588 1394 ac
1612 1336 1781 1392 Filius

202 1440 297 1494 Dei
330 1439 611 1493 hominem
666 1438 862 1500 induit,
915 1450 978 1490 ac
1030 1444 1258 1489 mortem
1310 1431 1555 1500 pertulit,
1612 1440 1780 1494 seque

203 1532 393 1600 ipsum
425 1546 526 1597 pro
567 1539 681 1583 toto
725 1544 921 1600 genere
953 1530 1195 1582 humano
1227 1520 1515 1579 liberando
1545 1520 1779 1590 pretium

202 1622 388 1677 dedit.
424 1620 626 1675 Verum
656 1624 936 1675 enimvero
961 1632 1057 1688 pro
1096 1617 1223 1685 piis,
1254 1614 1351 1684 qui
1397 1622 1552 1667 antea
1579 1610 1783 1666 obdor-

201 1715 503 1776 miverant,
536 1726 790 1781 magnum
828 1721 881 1763 et
919 1717 1233 1779 augustum,
1271 1722 1334 1760 ac
1368 1714 1657 1775 propterea
1692 1716 1781 1755 re-

202 1805 382 1872 pulsa:
411 1804 661 1857 nesciunt
695 1801 1021 1857 sacriﬁcium
1055 1799 1235 1853 factus
1259 1806 1363 1861 est,
1403 1795 1621 1867 quando
1660 1800 1783 1864 post

1884 598 2082 654 Christi
2119 597 2182 651 “.
2215 594 2330 649 Nisi
2383 593 2528 647 enim
2579 594 2893 660 reiecissent
2934 597 3163 663 gratiim
3209 597 3441 652 Chrisd.

1883 704 2045 759 quam
2079 693 2471 756 cognoverant,
2511 700 2616 737 non
2651 685 2854 737 eosilla
2892 700 3123 754 peccare
3152 688 3437 753 permisiso

1883 790 1986 837 Set.
2029 781 2092 834 Et
2128 778 2237 848 ipsi
2269 786 2440 831 semet
2470 792 2594 830 reos
2631 776 2873 829 fecerunt
2899 778 3181 845 sanguinis
3207 776 3434 837 Christi.

1882 877 1971 945 qui
2028 873 2323 929 cumndavit
2372 873 2748 925 conscientiam
2810 869 3019 923 illorum
3070 873 3133 925 ob
3202 872 3441 938 operibus

1884 968 2129 1031 mortuis,
2166 965 2233 1018 ad
2262 964 2586 1019 serviendum
2620 963 2722 1015 Deo
2754 963 2863 1015 vivo
2889 970 2936 1015 et
2967 977 3087 1013 vero
3113 962 3157 993 ¹¹
3187 980 3200 1015 :
3230 963 3412 1016 denuo

1883 1074 1989 1130 que
2039 1074 2134 1127 per
2175 1058 2389 1110 labores
2434 1068 2650 1121 nempe,
2681 1053 2931 1115 sudores,
2966 1052 3221 1123 gemitus,
3265 1053 3443 1120 lat-ry—

1883 1166 2001 1206 mas
2030 1148 2313 1204 emundari
2350 1146 2571 1205 debent,
2607 1155 2663 1198 ut
2694 1146 2879 1198 dicant
2909 1143 3016 1198 Deo
3042 1141 3197 1196 :l’idc
3230 1144 3443 1196 humili-

1885 1251 2044 1295 tatem
2100 1249 2147 1293 et
2189 1237 2416 1291 laborem
2457 1253 2628 1290 meum
2655 1278 2669 1301 ,
2704 1246 2751 1289 et
2778 1236 2985 1289 dimitte
3018 1236 3194 1289 omnia
3234 1248 3445 1304 peccata

1884 1350 1997 1387 mea
2030 1333 2093 1385 ".
2144 1331 2413 1384 “emissio
2464 1335 2642 1380 autem
2688 1326 2926 1397 perfecta
2983 1342 3205 1380 rursum
3260 1328 3446 1396 gratiae

1884 1421 2228 1493 partieipatio
2279 1431 2394 1484 est,
2443 1435 2550 1473 non
2582 1418 2727 1486 quod
2772 1419 2916 1473 Deus
2963 1416 3446 1485 defatigationibns

1883 1529 1947 1567 ac
1981 1512 2261 1567 laboribus
2295 1510 2612 1579 ptenitentis
2645 1508 2884 1578 indigeat
2913 1526 2928 1561 :
2963 1508 3065 1577 ει-ίι¹
3083 1522 3150 1561 ne
3179 1510 3449 1578 paenitens

1889 1608 2085 1663 divina:
2120 1605 2307 1675 gratia:
2356 1603 2489 1656 citra
2538 1601 2779 1654 laborem
2833 1600 3245 1661 reconciliatus,
3285 1614 3402 1653 eam
3433 1640 3446 1658 .

1890 1701 1968 1754 uti
2021 1699 2199 1769 prius,
2248 1703 2589 1759 contemnat,
2625 1693 2896 1763 tertiaque
2945 1693 3271 1763 purgatione
3309 1708 3449 1761 opus

1887 1794 2113 1855 habens,
2138 1791 2483 1859 reprohctur,
2509 1796 2562 1840 et
2596 1788 2648 1839 in
2680 1786 2856 1853 ignem
2891 1786 3282 1855 sempiternum
3321 1799 3449 1851 pur-

202 1852 1067 1872 ,ν---η--η--τ-τ-
1122 1852 1157 1853 η
1220 1852 1227 1853 κ
1352 1852 1362 1861 .
1421 1852 1433 1867 .
1660 1852 1675 1864 .
2102 1852 2109 1855 .
2204 1852 2217 1859 .
2708 1852 2721 1853 η
3012 1852 3025 1855 ἡ

202 1895 410 1948 Adami
464 1896 675 1964 tapsmn
722 1894 995 1962 justorum
1042 1891 1226 1945 nullus
1269 1888 1497 1959 adipisci
1546 1887 1777 1941 salutem
1818 1852 1858 1905 Β
1889 1881 2103 1953 gandus
2130 1881 2479 1948 conjiciatur,
2516 1876 2608 1945 qui
2643 1890 2766 1929 cum
2801 1889 3015 1943 semper
3045 1884 3188 1940 urat,
3223 1887 3452 1943 purgare

201 1988 411 2057 potuit,
444 1986 700 2041 omnibus
744 1992 967 2053 peccato
1000 1983 1159 2053 primi
1206 1982 1467 2053 parentis,
1507 1978 1778 2045 mortique

204 2092 269 2131 ac
308 2078 601 2147 perditioni
634 2076 935 2144 subjectis:
964 2075 1111 2143 quod
1144 2088 1303 2128 nemo
1327 2077 1588 2132 exstaret,
1618 2081 1776 2136 quem

204 2169 459 2223 ﬂammea
480 2168 570 2220 illa
599 2167 870 2235 rompbzea
891 2165 1129 2235 paradisi
1152 2172 1359 2225 custos,
1385 2169 1508 2231 post
1537 2159 1774 2228 ejectum

207 2258 336 2312 inde
366 2257 767 2326 protoplastum
801 2254 956 2309 facile
988 2253 1320 2314 admitteret,
1351 2264 1462 2320 quo
1498 2249 1552 2302 in
1585 2246 1775 2316 impol-

205 2350 348 2414 luta,
385 2356 437 2401 et
467 2347 538 2402 ab
567 2346 714 2401 omni
740 2346 937 2400 delicto
968 2344 1194 2405 munda,
1221 2355 1272 2397 et
1304 2354 1490 2397 sancta
1523 2340 1780 2393 taberna-

209 2440 333 2494 cula
366 2439 579 2493 intrare
608 2447 663 2492 et
693 2438 749 2492 iu
790 2436 1011 2490 Sanctis
1037 2444 1350 2491 sanctorum
1380 2433 1534 2486 atriis
1564 2446 1779 2499 perma-

207 2545 342 2585 nere
364 2537 551 2599 posset
579 2528 882 2598 (quoniam,
920 2537 977 2579 ut
1008 2529 1170 2579 etiam
1196 2524 1492 2594 Apostolus
1523 2523 1617 2584 ait,
1659 2538 1781 2574 cor-

211 2621 392 2689 ruptio
420 2618 861 2683 incorruptionem
893 2632 994 2670 non
1023 2614 1351 2673 Iurreditabit
1387 2612 1430 2682 θ)
1467 2614 1784 2683 oportebat-

210 2727 319 2782 que
351 2709 763 2780 incorruptibile
796 2708 890 2762 Dei
921 2707 1159 2763 Verbum
1196 2709 1249 2760 in
1297 2720 1461 2759 carne
1502 2719 1600 2759 sua
1636 2718 1783 2758 mor-

211 2803 308 2857 tali
343 2803 531 2858 oblato
568 2802 1041 2871 sucriﬁciojustos
1066 2816 1093 2853 a
1121 2798 1478 2867 corruptione
1513 2797 1777 2849 eximere.

212 2893 369 2947 lland
415 2893 560 2944 enim
602 2890 655 2943 in
707 2890 922 2943 illorum
963 2896 1230 2956 potestate
1279 2894 1436 2949 erat,
1473 2884 1539 2935 ad
1594 2885 1781 2937 incor-

212 2982 530 3053 ruptionem
564 2980 710 3035 illam
742 2979 1060 3044 instaurari,
1095 2979 1146 3030 in
1180 2991 1288 3047 qua
1325 2975 1580 3045 princeps
1610 2974 1780 3029 homo

211 3074 428 3130 etlictns
454 3072 657 3137 fuerat,
683 3081 738 3127 et
759 3087 824 3127 ex
852 3085 957 3141 qua
985 3070 1262 3125 exciderat
1286 3068 1415 3123 :sed
1442 3066 1506 3121 ad
1534 3081 1782 3137 magnam

1888 1992 1994 2030 non
2029 1982 2203 2045 potest
2233 1986 2395 2040 quem
2430 1972 2557 2023 urit.

1954 2084 2072 2141 Jam
2102 2098 2231 2138 vero
2260 2096 2457 2137 arcana
2482 2079 2806 2136 Christianae
2844 2079 3123 2150 religionis
3160 2079 3454 2147 ignoranti-

1886 2176 1988 2232 bus
2030 2174 2182 2244 (sunt
2219 2172 2387 2236 enim,
2446 2175 2595 2232 sunt,
2649 2169 2893 2238 inquam,
2951 2167 3129 2236 plures
3183 2164 3453 2233 baptismo

1887 2264 2065 2321 aﬁ‘ecti
2103 2263 2349 2333 quidem,
2389 2268 2443 2314 et
2473 2268 2759 2328 propterea
2791 2254 3059 2325 indigitati
3089 2253 3385 2307 Christiani
3438 2269 3448 2302 :

1888 2358 1983 2415 sed
2015 2356 2228 2424 penitus
2269 2346 2410 2406 nulla
2447 2349 2719 2404 catccltesi
2748 2348 2936 2401 imbuti
2972 2354 3026 2400 ct
3056 2345 3279 2409 indocti,
3311 2352 3363 2396 et
3394 2357 3451 2395 Ill.

1888 2448 2124 2504 breviter
2163 2446 2364 2509 dicam,
2413 2441 2651 2512 profani,
2697 2455 2759 2492 ac
2805 2439 2966 2493 rudes
3006 2436 3167 2505 hujus
3209 2435 3451 2506 praeclari

1890 2536 2156 2612 mysterii)
2192 2537 2409 2599 talibus,
2447 2535 2691 2601 inquam,
2722 2539 2943 2598 peccata
2996 2543 3094 2583 sua
3125 2565 3139 2588 ,
3192 2534 3312 2596 post
3364 2539 3453 2577 sa-

1890 2649 2041 2687 crum
2072 2629 2401 2699 baptismum
2429 2633 2757 2695 perpetrata,
2785 2619 3188 2681 confitentibus,
3211 2633 3382 2671 nexus
3405 2625 3458 2669 et

1890 2725 2090 2779 auxi'ia
2142 2721 2348 2777 medica
2412 2717 2615 2771 nullam
2668 2715 2950 2768 utilitatem
3007 2711 3255 2765 alierum.
3317 2709 3455 2775 Quia

1890 2817 2033 2872 enim
2060 2811 2375 2882 mysterium
2407 2807 2608 2863 Christi
2640 2805 2897 2859 nesciunt
2917 2843 2932 2868 ,
2964 2804 3070 2858 sed
3090 2802 3453 2871 spiritualium

1891 2901 2232 2957 vinculorum
2265 2895 2795 2961 medieaminumque
2828 2906 3049 2946 sensum
3075 2898 3128 2944 ct
3156 2890 3459 2957 intelligen-

1893 2996 2021 3049 tiam
2057 2993 2256 3059 haberc
2285 3004 2523 3059 unquam
2556 2995 2828 3057 poterunt.
2864 2985 2930 3037 Et
2962 2996 3087 3037 cum
3120 2996 3227 3035 non
3254 2980 3458 3035 intelli-

1892 3095 2079 3157 gentes
2105 3082 2456 3146 crediderint,
2493 3078 2611 3133 sine
2639 3075 2914 3131 intellectu
2951 3080 3317 3144 peccaverunt
3353 3088 3366 3124 :
3404 3080 3459 3126 et

212 3168 380 3230 hanc,
419 3176 474 3221 et
512 3166 567 3221 in
601 3164 809 3234 judicio
870 3178 932 3216 ac
959 3162 1175 3231 justitia
1206 3170 1516 3229 susceptam
1568 3171 1784 3212 (eoeno-

1892 3178 2015 3248 quia
2045 3175 2163 3231 sine
2196 3173 2403 3227 ratione
2437 3175 2823 3240 peccaverunt,
2852 3166 3211 3235 spiritualem,
3250 3174 3303 3220 et
3338 3179 3458 3235 qua:

211 3260 380 3313 miam
416 3257 722 3328 spectabat.
750 3255 821 3309 At
852 3270 981 3309 vero
1016 3268 1116 3323 pro
1160 3253 1227 3307 iis
1276 3252 1367 3322 qui
1405 3259 1597 3321 postea
1637 3248 1780 3303 vixe-

210 3359 364 3413 runt,
398 3360 513 3402 tum
540 3347 893 3411 sacriﬁcium,
924 3355 1037 3399 tum
1067 3346 1384 3399 communio
1436 3343 1783 3411 appellatur;

211 3442 340 3511 quia
365 3440 581 3495 scilicet
605 3453 699 3506 per
720 3435 1087 3505 smnptionem
1119 3449 1179 3489 se
1208 3449 1331 3487 cum
1367 3440 1615 3487 sumente
1637 3448 1787 3487 cout-

213 3535 438 3595 miscet,
471 3539 526 3585 et
562 3530 649 3583 illa
676 3528 1063 3583 commistione
1122 3526 1434 3595 unioneque
1472 3526 1538 3580 de
1573 3525 1788 3591 integro

211 3640 337 3678 eum
380 3624 604 3686 format,
628 3621 953 3687 unitnmqne
981 3618 1351 3687 inexplicabili
1378 3618 1579 3671 virtute
1609 3616 1785 3669 artiﬁ-

212 3717 296 3771 cis
331 3713 635 3767 divinitatis
662 3726 775 3764 sua:
815 3711 883 3763 ad
932 3710 1285 3778 semetipsum
1336 3708 1580 3770 adducit,
1611 3717 1668 3759 ut
1698 3722 1784 3759 sc-

214 3822 344 3859 cutn
376 3817 638 3874 germane
670 3802 969 3856 coalescat.
1008 3799 1480 3867 Quemadmodum
1524 3808 1578 3853 et
1623 3799 1786 3867 ignis,

213 3895 436 3948 tametsi
464 3908 493 3945 a
520 3891 845 3960 corporibus
876 3904 934 3943 se
959 3888 1278 3943 durioribus
1310 3895 1623 3953 susceptus.
1659 3900 1789 3938 con-

209 3989 502 4057 junctione
546 3985 661 4053 ipsa
711 3983 886 4053 ignem
936 3980 1086 4045 facit,
1144 3993 1241 4034 nec
1291 3994 1482 4034 eorum
1539 3986 1788 4030 naturam

211 4079 411 4135 evertit
450 4096 462 4130 :
508 4066 867 4131 nihilominus
906 4074 1148 4144 quandiu
1198 4088 1321 4127 cum
1373 4074 1496 4142 igne
1536 4071 1788 4139 copulata

213 4179 368 4236 sunt,
404 4170 571 4222 etiam
630 4166 747 4237 ipsa
799 4165 936 4235 ignis
971 4173 1114 4218 sunt.
1150 4164 1325 4231 Atque
1368 4162 1469 4214 huc
1497 4171 1611 4221 est,
1646 4160 1787 4228 quod

210 4264 344 4316 olim
402 4258 559 4312 multi
597 4258 908 4326 prophetae,
954 4270 1110 4325 reges
1154 4262 1207 4308 et
1227 4253 1361 4322 justi
1384 4252 1788 4314 desiderarunt,

213 4368 341 4407 cum
367 4364 466 4405 eos
494 4348 854 4418 praevidereut
906 4346 971 4411 “,
1004 4347 1097 4415 qui
1127 4359 1256 4399 caro
1289 4344 1357 4398 de
1408 4357 1570 4396 carne
1630 4339 1788 4396 Verbi

214 4440 310 4494 Dei
342 4446 398 4493 et
427 4452 492 4491 os
524 4452 589 4490 ex
618 4435 836 4489 ossibus
866 4434 985 4502 ejus
1038 4433 1204 4487 futuri
1266 4438 1476 4497 essent,
1543 4445 1711 4500 seque
1760 4444 1788 4482 a

214 4544 366 4588 tanto
406 4532 554 4586 bono
575 4528 852 4598 sejunctos
883 4525 1265 4594 intelligerent.

283 4647 635 4715 Quapropter
658 4640 965 4705 instructis,
988 4646 1041 4693 et
1068 4637 1320 4699 eruditis,
1350 4636 1641 4705 magnique
1678 4651 1792 4705 my-

215 4737 372 4793 sterii
404 4730 839 4788 Christianitatis
883 4727 1259 4798 cognitionem
1307 4725 1647 4788 consecutis,
1684 4723 1792 4777 ini-

212 4828 476 4896 tiatisque
512 4823 782 4889 ﬁdelibus,
813 4821 856 4876 si
895 4833 1079 4890 postea
1112 4834 1210 4888 pro
1245 4818 1483 4871 humana
1525 4815 1774 4870 imbecil-

215 4922 390 4980 litate,
426 4925 483 4971 et
511 4915 637 4984 quia
668 4914 845 4966 adhuc
874 4911 1092 4981 pulvere
1122 4910 1563 4968 circumdantur,
1598 4910 1650 4960 in
1673 4905 1790 4959 cul-

216 5026 343 5083 pam
373 5007 709 5070 inciderint,
755 5005 894 5059 bona
927 5004 1031 5058 erit
1073 4999 1341 5055 medicina
1378 4998 1701 5068 spiritualis,
1746 4996 1790 5050 si

215 5117 337 5157 eam
394 5095 784 5154 conﬁtentibus
835 5093 1153 5160 iujiciantur
1216 5089 1430 5143 vincula
1487 5087 1788 5147 canonica,

216 5192 423 5264 quibus
451 5188 661 5259 peccati
709 5184 942 5241 nexibus
971 5183 1352 5245 exsolvantur,
1391 5191 1444 5234 et
1483 5181 1777 5249 pbarmaca

217 5282 486 5341 salutaria
541 5280 906 5351 applicentur,
951 5274 1393 5346 quandoquidem
1445 5272 1647 5340 quibus
1696 5271 1790 5323 dc-

217 5378 347 5432 bent
372 5371 737 5430 initiamentis
767 5369 986 5435 exculti,
1017 5369 1275 5421 virtutem
1307 5364 1509 5421 Christi
1540 5373 1795 5431 gustave-

216 5475 383 5533 runt,
430 5464 524 5521 cui
574 5462 760 5526 ﬁdere,
792 5470 846 5516 et
891 5468 1174 5531 peccatum
1208 5470 1406 5512 cavere
1454 5454 1789 5522 oportebat,

214 5562 366 5631 juxta
396 5558 533 5615 illud
561 5555 803 5627 Apostoli
840 5571 857 5611 :
897 5556 1179 5607 Peccatum
1203 5550 1341 5603 enim
1376 5547 1516 5603 uobis
1557 5562 1660 5598 non
1693 5545 1793 5597 do-

990 5730 1156 5785 [ΚΧ.
1267 5728 1480 5781 1'li‘or.
1524 5741 1614 5780 sv.
1654 5723 1741 5775 50.

990 5802 1146 5856 item.
1185 5816 1241 5860 It,
1304 5799 1386 5850 ω.

286 5738 449 5792 'Isa.
502 5752 653 5798 xxvr,
703 5736 768 5786 tt)
827 5748 921 5785 .e-e.

224 5806 441 5863 "Psal.
490 5822 648 5865 xxiv,
723 5804 802 5861 i6.
882 5806 922 5833 ¹⁴

1818 4514 1868 4574 D

1845 5723 1887 5750 ⁸ο
1918 5720 2048 5773 an.
2086 5734 2139 5780 κ,
2168 5715 2258 5772 9.1-.

1468 5798 1507 5829 η
1554 5794 1744 5847 Matth.
1790 5807 1936 5848 xxiv.
1978 5790 2059 5843 H-

1891 3265 2074 3319 auimo
2119 3261 2385 3323 cernitur,
2436 3257 2760 3313 medicinam
2813 3267 3111 3325 agnoscere
3165 3269 3273 3308 non
3331 3269 3456 3323 pos-

1891 3363 2038 3409 sunt.
2069 3349 2430 3417 Quamobrem
2457 3344 2736 3415 quomodo
2768 3344 3021 3412 mysteria
3044 3343 3449 3397 Christianismi

1891 3444 2210 3505 scientibus,
2258 3438 2631 3507 memoriaque
2672 3436 3005 3501 tenentibus,
3054 3450 3152 3506 pro
3198 3451 3454 3490 mensura

1889 3536 2241 3606 cognitionis,
2296 3543 2351 3587 et
2398 3532 2563 3586 errati
2595 3530 2849 3592 vinculis,
2888 3528 3173 3593 medicina,
3221 3528 3455 3587 ustione,

1889 3629 2198 3691 afﬂictione,
2243 3635 2297 3679 et
2343 3638 2540 3693 pmna;
2575 3622 2657 3677 sic
2684 3637 2873 3675 eorum
2906 3620 3153 3683 rudibus,
3190 3620 3459 3674 nondum-

1890 3735 1995 3790 que
2024 3716 2311 3781 institutis,
2362 3715 2727 3774 institutione,
2765 3710 2889 3775 ﬁde,
2918 3719 2970 3765 et
3000 3709 3325 3773 initiatione,
3351 3724 3456 3762 non

1890 3810 2125 3865 vinculis
2176 3823 2311 3875 opus
2351 3814 2455 3861 est.
2496 3803 2716 3860 Vincire
2762 3801 2905 3855 enim
2962 3808 3016 3854 et
3064 3815 3219 3854 urere
3247 3838 3261 3859 .
3312 3802 3455 3869 quod

1891 3914 2055 3957 sensu
2103 3903 2272 3959 caret,
2324 3891 2655 3954 absurdum;
2700 3899 2753 3943 et
2795 3892 3135 3942 curationem
3194 3886 3452 3940 adhibere,

1894 3988 2407 4056 mortuo,'ineptum
2455 3984 2731 4053 negotium
2769 3995 2832 4034 ac
2865 3979 3071 4033 fatuum
3110 3986 3216 4033 est.
3263 3977 3456 4031 Verum

1892 4080 2182 4150 quicunque
2216 4078 2270 4131 in
2308 4077 2415 4145 lege
2439 4078 2803 4144 peccaverunt,
2834 4071 2939 4125 hoc
2966 4079 3075 4136 est,
3114 4083 3237 4124 cum
3271 4070 3461 4138 cogni-

1894 4172 2058 4232 tione,
2097 4184 2181 4235 ρει
2219 4167 2377 4235 legent
2409 4163 2794 4229 judicabuntttr
2824 4162 2890 4227 ¹’⁶,
2938 4161 3002 4213 ad
3050 4173 3330 4213 sacrorum
3368 4171 3460 4209 ca—

1896 4274 2099 4315 nonum
2144 4272 2393 4312 normam
2429 4269 2492 4309 ac
2526 4255 2905 4325 prtescriptnm
2942 4251 3215 4306 videlicet.
3253 4251 3321 4302 At
3364 4253 3457 4318 qui

1896 4355 2013 4406 sine
2036 4350 2153 4419 lege
2180 4355 2559 4418 peccaverunt,
2592 4346 2693 4398 hoc
2719 4351 2824 4407 est,
2849 4358 2911 4397 ea
2936 4355 3052 4395 .uon
3080 4342 3314 4409 cogu’ta,
3343 4340 3463 4392 sine

1897 4443 2009 4511 lege
2046 4440 2204 4495 etiam
2235 4438 2511 4508 peribunt,
2544 4434 2746 4490 frustra
2784 4433 3040 4486 nimirum
3066 4431 3460 4500 ignorationem

1895 4538 2240 4592 excusantes,
2276 4542 2401 4581 cum
2429 4540 2459 4579 a
2495 4525 2719 4580 Domino
2746 4524 2949 4579 dictum
2990 4522 3097 4575 sit:
3136 4519 3462 4573 Praedicabi-

1896 4633 1984 4678 tur
2012 4619 2352 4691 Evangeliunt
2384 4619 2478 4671 hoc
2513 4619 2565 4671 in
2601 4624 2710 4670 toto
2748 4613 2944 4668 mundo
2968 4651 2982 4677 ,
3018 4612 3071 4665 in
3106 4611 3459 4664 testimonium

1895 4712 2132 4769 omnibus
2165 4712 2401 4780 gentibus
2434 4709 2498 4760 ¹⁸.
2543 4706 2806 4776 Sequitur
2844 4707 2990 4767 hinc,
3025 4702 3070 4756 si
3116 4712 3306 4772 gentes
3346 4716 3459 4751 tua-

1894 4813 1985 4860 net
2030 4801 2435 4861 condemnatio,
2485 4798 2658 4851 tnulto
2696 4796 2866 4864 magis
2899 4808 2992 4847 eos
3038 4790 3459 4845 COItdcntnatum

1895 4896 1983 4958 iri,
2008 4896 2099 4964 qui
2134 4894 2186 4947 in
2217 4891 2395 4946 medio
2428 4886 2629 4944 Christi
2676 4885 2934 4940 Ecclesia:
2979 4883 3272 4951 primorum
3316 4877 3467 4931 rudi-

1896 4998 2201 5043 mentorum
2243 4982 2503 5051 imperiti,
2546 4987 2599 5033 et
2633 4979 2685 5031 in
2728 4975 3031 5030 rationibus
3065 4971 3258 5025 divinae
3297 4971 3465 5039 pieta-

1887 5081 1958 5135 tis
1997 5076 2238 5146 hospites
2261 5091 2321 5130 ac
2356 5070 2627 5142 peregrini
2659 5067 2961 5124 Christiani
2992 5072 3305 5125 versantur,
3330 5078 3463 5115 con-

1889 5181 2187 5242 temptores
2220 5165 2519 5222 admirandi
2558 5163 2720 5231 hujus
2758 5160 2939 5227 oneris
2963 5156 3125 5211 Verbi
3156 5154 3271 5217 Dei,
3300 5152 3458 5221 cujus

1894 5276 2063 5319 causa
2102 5257 2360 5315 humanis
2396 5271 2453 5311 se
2484 5253 2712 5308 artubus
2746 5248 3103 5304 convestivit.
3153 5260 3278 5298 cum
3320 5243 3462 5294 Deus

1900 5361 2067 5418 esset,
2114 5348 2618 5413 contumelioseque
2671 5347 2988 5398 tractatum,
3042 5344 3096 5390 et
3146 5351 3252 5388 non
3304 5344 3459 5385 SGt’ttS

1898 5461 2060 5517 quam
2093 5458 2190 5514 pro
2226 5439 2525 5496 sceleribus
2561 5435 2673 5491 suis
2721 5434 2842 5488 neci
2879 5430 3128 5486 deditum
3158 5435 3261 5481 est.
3303 5419 3461 5489 Quod

1900 5548 2079 5593 autem
2114 5534 2357 5590 nonnulli
2391 5532 2457 5585 de
2494 5526 2737 5598 profanis
2773 5524 2894 5580 istis
2936 5525 2989 5578 in
3034 5522 3233 5575 throno
3280 5514 3464 5585 gloria:

2366 5715 2401 5740 “
2435 5709 2588 5767 Rom.
2628 5727 2705 5774 vr,
2766 5708 2848 5764 il.
2966 5707 3005 5734 ”
3039 5700 3200 5757 iiebr.
3232 5716 3307 5761 ιχ,
3375 5698 3457 5750 lsi.
