4188 6436
754 366 859 433 327

2008 368 2379 428 SYMEONIS
2406 370 2763 431 JUNIORIS

3896 378 4003 438 (£8

754 479 906 550 regni
939 476 1137 532 Christi
1172 476 1449 541 sedentes,
1504 492 1623 545 qua:
1666 476 1763 545 ipsi
1814 488 1919 527 non
1972 473 2278 527 didicerunt
2305 512 2320 535 ,
2357 486 2397 539 Α
2434 476 2815 544 praescribere.
2851 476 2949 542 Qui
2988 476 3134 530 enim
3201 476 3312 531 ﬁeri
3363 488 3537 545 potest
3585 487 3637 532 υι
3684 480 3847 535 tellus
3884 492 4000 550 spj.

753 569 890 622 alios
950 567 1170 630 docent,
1221 582 1318 635 pro
1368 566 1631 635 patientia
1684 565 1800 627 Dei,
1852 564 1962 617 imo
2009 580 2135 619 vero
2188 568 2322 617 iram

752 673 1006 729 magnam
1030 669 1085 714 et
1108 659 1551 724 derelictionem;
1576 656 1838 726 quoniam
1865 656 2117 711 illusores
2145 656 2324 710 domi-

750 758 973 817 nantur,
1014 760 1069 805 et
1108 752 1319 815 dolosi,
1365 761 1419 806 et
1472 750 1841 818 impudentes,
1890 757 1945 803 et
2003 758 2062 803 ut
2124 750 2321 803 malam

750 842 1150 895 conscientiam
1202 843 1489 901 habentes,
1522 841 1817 894 increduli.
1854 840 2086 894 Maxime
2124 840 2215 908 qui
2267 840 2321 893 in

752 933 911 988 idolis
947 934 1060 988 suis
1094 934 1424 1003 gloriantur,
1467 934 1520 985 in
1561 932 1732 987 doctis
1777 932 2046 997 videlicet,
2079 930 2323 986 humana:

748 1025 1021 1089 sapientiae
1044 1026 1229 1086 verbis,
1259 1039 1492 1092 quorum
1524 1027 1696 1094 gratia
1722 1025 1788 1076 ab
1828 1022 2174 1079 auditoribus
2208 1026 2323 1077 suis

747 1130 902 1184 teque
942 1115 1186 1185 profanis
1216 1115 1377 1169 laude
1422 1123 1476 1171 et
1512 1116 1877 1169 admiratione
1921 1114 2229 1168 afﬁciuntur
2255 1117 2318 1168 η.

821 1205 1027 1260 Bonum
1059 1214 1142 1261 est
1184 1208 1238 1261 in
1268 1208 1550 1263 Christum
1599 1208 1849 1271 credere,
1899 1207 2157 1276 quoniam
2206 1208 2322 1261 sine

747 1297 855 1352 ﬁde
881 1299 932 1351 in
962 1299 1139 1366 ipsum
1176 1315 1283 1352 non
1320 1308 1403 1352 est
1432 1307 1489 1351 ut
1519 1301 1642 1367 quis
1677 1300 1917 1353 salvetur
1942 1300 2007 1351 ¹⁷.
2034 1297 2323 1352 Verumta-

745 1404 869 1442 men
895 1391 1060 1443 etiam
1083 1390 1334 1443 veritatis
1370 1390 1620 1443 notitiam
1649 1405 1940 1457 capessere
1966 1404 2192 1443 necesse
2213 1398 2317 1441 est.

745 1481 955 1535 Bonum
986 1490 1070 1535 est
1102 1482 1382 1535 veritatem
1418 1481 1625 1543 doceri,
1666 1480 1937 1548 siquidem
1971 1488 2024 1533 et
2062 1494 2317 1533 necessa-

739 1572 882 1625 riuni
920 1590 932 1625 :
964 1572 1095 1641 quin
1128 1581 1182 1626 et
1211 1574 1538 1641 baptismate
1569 1572 1791 1625 lustrari
1828 1572 1881 1624 in
1925 1570 2146 1624 nomine
2179 1571 2320 1623 vivi-

734 1665 856 1717 ἥρω
889 1663 1197 1723 Trinitatis.
1227 1672 1286 1716 ut
1309 1664 1490 1715 anima
1518 1663 1681 1716 vitam
1706 1662 2067 1731 adipiscatur.
2106 1661 2313 1714 Bonum

740 1763 825 1809 cst
853 1755 1120 1822 baptizari
1149 1769 1161 1802 :
1194 1753 1287 1807 sed
1320 1754 1565 1824 mysticae
1593 1753 1752 1820 hujus
1784 1756 1926 1817 vitae,
1954 1754 2069 1807 sive
2091 1753 2315 1807 luminis

741 1844 1045 1915 spiritualis
1074 1847 1237 1898 etiam
1267 1846 1451 1899 animo
1485 1860 1705 1899 sensum
1734 1859 1928 1909 capere
1953 1853 2185 1914 oportet.
2215 1847 2314 1900 Bo—

738 1952 865 1988 num
899 1943 981 1987 est
1021 1949 1241 1989 sensum
1290 1934 1485 1997 illum”,
1515 1934 1609 1999 qui
1646 1933 1699 1985 in
1732 1942 1969 1987 mentem
1997 1935 2163 1997 cadit,
2197 1937 2315 1991 sive

735 2024 1188 2077 illuminationem
1231 2038 1593 2092 cognoscere:
1621 2023 1713 2078 sed
1740 2039 1904 2092 opera
1929 2040 2144 2094 quoque
2176 2026 2315 2081 lucis

735 2116 1111 2185 requiruntur.
1148 2114 1252 2179 Qui
1282 2130 1521 2183 namque
1549 2130 1681 2185 pure
1717 2124 1771 2169 et
1809 2117 2171 2184 liquidissime
2193 2131 2313 2169 cer-

733 2207 834 2268 nit,
866 2223 985 2260 cum
1028 2208 1193 2261 etiam
1226 2222 1392 2276 epera
1442 2207 1535 2260 Dei
1591 2206 1769 2262 facere
1796 2208 2070 2261 convenit.
2104 2206 2311 2261 Bonum

732 2308 817 2352 est
847 2298 984 2352 lucis
1014 2313 1179 2367 opera
1214 2297 1415 2361 facere,
1453 2297 1549 2351 sed
1577 2298 1940 2351 humilitatem
1974 2309 2031 2353 et
2056 2314 2312 2353 mansuc-

738 2390 985 2442 tudinem
1023 2387 1229 2442 Christi
1263 2388 1492 2443 induere
1523 2387 1748 2456 insuper
1779 2388 1934 2443 decet
1980 2406 1992 2442 :
2037 2400 2094 2442 ut
2130 2391 2221 2458 qui
2257 2391 2307 2443 iu

730 2478 1008 2533 Christum
1057 2480 1251 2542 credit,
1287 2478 1489 2533 Christi
1540 2478 1915 2533 characterem
1969 2488 2023 2533 et
2076 2482 2310 2550 insignia

731 2571 892 2634 ferat,
920 2580 973 2625 et
997 2571 1063 2624 ad
1096 2581 1349 2624 naturam
1382 2572 1569 2625 mitem
1606 2585 1775 2641 atque
1817 2572 2079 2626 humilem
2112 2574 2311 2627 immu-

730 2668 901 2725 tatus,
937 2662 987 2714 in
1028 2677 1253 2730 regnum
1286 2662 1550 2717 malorum
1600 2662 1667 2716 ad
1712 2662 1910 2731 gaudia
1964 2662 2171 2716 Domini
2224 2663 2308 2718 sui

731 2756 1052 2822 recipiatur.
1080 2754 1352 2807 Cmterum
1386 2756 1479 2823 qui
1518 2756 1619 2807 hoc
1652 2755 1848 2807 ordine.
1879 2756 2021 2807 viam
2059 2754 2151 2807 Dei
2193 2769 2309 2808 am-

732 2844 945 2907 bulant,
979 2848 1021 2898 si
1070 2847 1119 2897 in
1155 2860 1215 2896 ea
1263 2860 1359 2913 pro
1393 2845 1629 2897 naturali
1685 2846 1998 2899 conditione
2042 2846 2306 2899 moriendi

728 2936 1008 3005 praepediti
1048 2935 1267 2998 fuerint,
1298 2951 1326 2987 a
1363 2934 1735 2988 misericordia
1766 2923 2036 2989 Altissinii
2077 2950 2185 2989 non
2222 2950 2307 2990 re-

729 3029 1020 3097 pellentur,
1058 3044 1155 3080 nec
1184 3028 1251 3081 ab
1302 3028 1530 3081 introitu
1568 3027 1716 3095 regni
1752 3028 1992 3081 caelestis
2036 3029 2306 3082 arcebun-

2430 571 2513 620 nis
2541 582 2604 619 ac
2635 568 2848 621 tribulis
2879 568 3034 637 plena
3070 585 3264 637 purum
3321 570 3581 623 frumenti
3624 589 3806 625 semen
3851 579 3999 628 acci-

2430 659 2563 727 piat,
2596 670 2647 713 et
2676 661 2909 729 idipsum
2944 676 3129 715 semen
3169 677 3275 715 non
3308 662 3645 717 suﬁocetur?
3676 664 3855 730 Quare
3885 670 3999 722 l'ru-

2427 759 2572 802 ctum
2608 766 2881 820 nunquam
2910 754 3169 818 referent,
3201 753 3292 821 qui
3333 765 3518 808 contra
3557 766 3833 821 naturam,
3866 774 3999 814 con-

2429 849 2623 909 traque
2660 844 2931 905 ordinem,
2968 845 3414 897 commoditatem
3473 848 3702 903 rationis
3746 849 3997 908 inﬁrmos

2425 933 2608 987 adhuc
2626 934 3052 1004 aggrediuntur:
3084 937 3296 991 ratione
3321 938 3466 992 enim
3486 941 3818 1009 etproducta
3843 952 3998 1004 sunt,

2423 1033 2475 1076 et
2522 1025 2891 1089 continentur,
2921 1034 2973 1078 et
3021 1026 3087 1078 ad
3142 1026 3303 1080 ﬁnem
3358 1028 3731 1097 perducuntur
3782 1032 3997 1084 omnia.

2429 1113 2565 1168 Nam
2616 1116 2861 1169 divinum
2899 1115 3101 1171 ChriSIi
3152 1118 3423 1187 baptisma
3474 1121 3713 1174 nondum
3747 1123 3995 1189 ablutos,

2423 1217 2478 1262 et
2507 1222 2693 1261 cereos
2732 1208 2785 1260 in
2819 1209 3006 1262 vitium
3037 1209 3202 1271 ﬁecti,
3235 1211 3607 1265 efﬁcacitatem
3646 1213 3831 1275 habet,
3874 1216 3993 1279 jam

2423 1299 2562 1352 lotos
2589 1314 2619 1351 a
2648 1309 2870 1368 peccato
2896 1300 3127 1355 invictos
3168 1312 3446 1371 pra-stare.
3490 1304 3584 1357 Sin
3628 1306 3831 1370 minus,
3872 1309 3992 1361 sal-

2424 1396 2530 1440 tem
2557 1404 2678 1441 eum
2711 1404 2769 1443 se
2800 1390 3059 1442 obtulerit
3088 1393 3330 1456 occasio,
3361 1393 3426 1446 ad
3451 1392 3501 1445 id
3539 1395 3806 1460 tlilliciles,
3840 1400 3993 1466 quod

2422 1480 2539 1547 ejus
2566 1481 2672 1533 vim
2707 1482 3119 1549 potentiamque
3162 1484 3426 1537 declarat.
3468 1487 3543 1538 Ασι
3594 1486 3847 1540 virtutem
3890 1505 3993 1541 au-

2423 1582 2528 1625 tem
2589 1572 3041 1641 honestatemque
3102 1576 3403 1641 proclives,
3462 1585 3720 1648 tanquam
3775 1582 3995 1650 angelos

2418 1668 2651 1725 potentes
2693 1662 2903 1722 virtute,
2936 1662 3185 1729 facientes
3240 1664 3561 1718 voluntatem
3603 1667 3694 1718 Dei
3738 1669 3805 1723 “.
3864 1670 3995 1724 Ideo

2416 1750 2677 1805 Christus
2710 1764 3122 1808 sacrosanctum
3157 1757 3476 1823 sanguinem
3516 1774 3674 1810 suum
3707 1762 3980 1814 credenti.

2421 1838 2523 1893 bus
2556 1840 2608 1892 in
2646 1841 2794 1894 illum
2843 1845 3071 1911 largitus
3104 1856 3210 1909 est,
3255 1857 3314 1899 ut
3342 1864 3437 1915 per
3464 1849 3583 1916 ejus
3617 1852 3989 1918 sumptionem

2418 1931 3085 2002 communicationemque
3127 1936 3316 1990 ﬁdeles
3364 1936 3559 1991 divina.-
3589 1944 3737 2006 prius
3778 1952 3993 1992 natura:

2417 2026 2704 2073 consortes
2734 2018 2909 2073 eﬁ'ecti
2944 2020 3063 2091 (Dei
3104 2024 3247 2076 enim
3283 2026 3507 2095 sanguis
3536 2026 3643 2097 est)
3679 2042 3773 2079 ceu
3811 2028 3989 2081 divini

2415 2110 2723 2181 divina-que
2755 2113 2980 2167 virtutis
3023 2113 3134 2183 jam
3183 2118 3419 2169 assecuti
3456 2117 3650 2180 robur,
3689 2119 3853 2172 etiam
3899 2136 3996 2174 se-

2414 2203 2654 2255 cundum
2692 2202 2990 2271 perfectam
3019 2203 3223 2259 Christi
3262 2205 3432 2277 legem
3468 2207 3592 2262 vitae
3624 2209 3868 2267 rationes
3903 2216 3989 2267 in-

2416 2291 2650 2345 stituant
2687 2311 2697 2345 :
2738 2302 2797 2347 ut
2838 2301 3089 2364 potentes
3124 2295 3325 2350 virtute
3376 2298 3709 2354 voluntatem
3745 2301 3865 2369 ejus
3898 2320 3992 2358 (διο

2412 2392 2722 2451 sequentes.
2752 2385 2825 2440 De
2846 2394 3043 2439 caetero
3066 2386 3298 2455 quisque
3327 2386 3587 2452 ﬁdelium,
3618 2399 3673 2444 et
3701 2392 3987 2447 Christum

2414 2473 2792 2527 conﬁtentium
2827 2475 2971 2543 apud
3009 2490 3067 2528 se
3092 2476 3316 2544 cogitet,
3354 2476 3399 2529 si
3424 2478 3527 2531 hoc
3554 2478 3749 2533 robore
3774 2490 3989 2549 septus,

2411 2565 2617 2619 Christi
2657 2566 2870 2634 legibus
2905 2582 3100 2636 parere
3149 2570 3444 2637 spreverit,
3497 2586 3621 2623 cum
3674 2571 3742 2625 iis
3791 2587 3991 2641 parere

2411 2665 2601 2724 queat,
2634 2671 2736 2709 nec
2765 2658 2957 2720 vitam,
2988 2670 3040 2713 et
3073 2675 3251 2714 mores
3296 2661 3362 2714 ad
3393 2660 3485 2715 Dei
3528 2672 3722 2715 nutum
3764 2678 3993 2733 compo-

2412 2748 2604 2811 suerit,
2643 2763 2702 2802 se
2732 2748 3013 2803 Christum
3044 2752 3357 2818 negavisse,
3387 2761 3442 2805 et
3472 2768 3538 2806 ex
3570 2754 3817 2821 Apostoli
3852 2771 3990 2809 sen-

2411 2841 2580 2894 tentia
2657 2843 2995 2895 conculcasse
3029 2843 3222 2895 Filium
3269 2845 3397 2908 Dei,
3450 2848 3859 2917 sanguinemque
3912 2859 3989 2901 te-

2410 2933 2656 2983 stamenti
2683 2932 2942 2998 pollutum
2971 2935 3184 2988 duxisse
3212 2936 3276 2989 ²¹.

2480 3042 2631 3109 Quod
2664 3045 2734 3107 si,
2760 3046 2915 3113 aquis
2940 3047 3268 3103 salutaribus
3301 3050 3524 3118 expiati,
3554 3052 3832 3123 divinique
3866 3070 3991 3109 cor-

728 3128 841 3173 tur.
878 3120 989 3172 Hoc
1030 3120 1226 3173 itinere
1256 3119 1349 3187 qui
1377 3134 1486 3172 non
1525 3118 1805 3185 incedunt,
1841 3134 2031 3174 eorum
2073 3127 2128 3175 et
2168 3120 2300 3176 ﬁdes

2408 3134 2554 3202 poris
2575 3142 2627 3186 et
2654 3136 2938 3209 sanguinis
2964 3138 3261 3206 participes
3281 3138 3431 3203 facti,
3467 3142 3708 3195 nondum
3732 3118 3987 3212 potentes

726 3218 781 3265 ct
812 3212 1126 3281 progressio
1159 3211 1337 3264 inanis
1365 3219 1469 3265 est.

1330 3342 1590 3398 ORATIO
1632 3344 1699 3398 ll.

1303 3457 1698 3509 Ancumearuu.

728 3568 1002 3622 Hominem
1036 3569 1185 3634 prius
1218 3584 1247 3618 a
1270 3564 1481 3621 Christo
1516 3581 1607 3633 per
1631 3572 1872 3616 sanctum
1901 3563 2162 3631 baptisma
2188 3582 2303 3619 cor-

800 3640 1075 3700 roborari,
1120 3653 1181 3689 ac
1224 3646 1333 3688 tum
1368 3635 1574 3686 demum
1607 3634 1875 3685 mandatis
1922 3635 2035 3699 eius
2067 3636 2301 3688 deditum

797 3724 910 3761 esse
933 3718 1189 3774 oportere.
1216 3705 1350 3758 Eam
1380 3706 1547 3757 inesse
1575 3706 1633 3755 in
1658 3703 2071 3774 sanetolavacro
2101 3706 2223 3765 vim,
2245 3714 2301 3755 ut

796 3786 887 3829 aut
932 3772 1246 3842 inﬂexibile;
1268 3813 1283 3835 ,
1316 3784 1407 3826 aut
1448 3790 1575 3837 pene
1602 3772 1916 3842 inﬂexibiles
1945 3772 2012 3823 ad
2045 3774 2301 3841 improbi-

807 3855 966 3899 tatem
991 3841 1181 3898 reddat
1207 3862 1224 3897 :
1250 3843 1509 3913 quomodo
1532 3852 1577 3895 et
1603 3841 1827 3913 alterum
1852 3841 2135 3913 baptisma,
2162 3845 2302 3913 q_uod

801 3932 892 3981 per
926 3917 1156 3967 divinum
1180 3924 1227 3966 et
1258 3909 1552 3981 angelicum
1578 3912 1816 3981 habitum
1857 3909 2147 3981 confertur.
2173 3909 2302 3973 Qui-

798 3978 924 4038 nam
964 4001 1080 4037 vere
1111 3984 1164 4036 in
1211 3978 1481 4035 (Lar—istum
1505 3978 1792 4034 credidisse
1830 3980 2058 4032 dicendi.
2101 3979 2297 4044 Quales

797 4071 1070 4107 sacrorum
1112 4054 1374 4113 ministri,
1416 4053 1734 4113 sacerdotes,
1781 4050 2046 4117 episcopi,
2090 4052 2301 4103 anima-

799 4140 1015 4193 rumque
1045 4123 1279 4175 doctores
1318 4122 1674 4190 requiruntur.

800 4238 903 4303 Qui
939 4235 1177 4304 cuipiam
1211 4233 1366 4296 dicit,
1408 4233 1511 4286 hoc
1541 4231 1648 4296 fac,
1686 4240 1740 4286 et
1787 4231 1920 4284 illud
1973 4244 2041 4284 ne
2083 4230 2301 4297 feceris,

728 4331 889 4401 plane.
920 4330 1000 4381 sic
1039 4326 1193 4389 dicit,
1222 4342 1285 4379 ae
1316 4325 1360 4378 si
1396 4325 1509 4387 ille,
1539 4324 1626 4376 cui
1664 4322 1931 4392 praecipit,
1965 4320 2143 4375 facere
2174 4337 2298 4390 pos-

2406 3232 2534 3277 sunt
2560 3225 2759 3279 virtute
2790 3225 2855 3278 ad
2886 3226 3275 3294 perﬁciendam
3326 3228 3419 3283 Dei
3463 3232 3837 3300 voluntatem;
3887 3238 3985 3290 Sed

2404 3311 2473 3365 ad
2504 3314 2633 3365 vitia
2668 3323 2721 3367 et
2755 3324 2976 3382 peccata
3012 3316 3192 3370 adhuc
3226 3317 3385 3372 facile
3413 3332 3725 3385 moventur,
3759 3326 3986 3393 perinde

2407 3420 2471 3459 ac
2511 3407 2746 3459 mortuis
2808 3421 2947 3475 aqua
3010 3407 3119 3463 illis
3172 3410 3464 3478 superfusa
3511 3420 3634 3467 est:
3678 3415 3980 3469 ctiamnun:

2403 3494 2602 3563 quippe
2637 3496 2690 3548 in
2726 3494 3005 3550 Christum
3053 3512 3164 3551 non
3202 3498 3576 3553 crediderunt.
3612 3505 3789 3570 Atque
3842 3520 3983 3574 opus

2402 3596 2488 3640 est
2521 3586 2898 3655 hujuscemodi
2953 3587 3204 3643 homines
3240 3588 3307 3642 ad
3347 3592 3636 3660 episcopos
3686 3604 3739 3647 et
3792 3610 3981 3650 sacer-

2405 3676 2559 3731 dotes
2583 3678 2754 3741 adirc,
2788 3678 2914 3732 ﬁdei
2963 3678 3257 3734 formulam
3305 3683 3548 3749 edoceri,
3601 3685 3656 3737 in
3696 3685 3981 3741 Christum

2404 3768 2648 3830 credere,
2683 3777 2801 3822 tuto
2824 3778 2985 3823 antea
3022 3768 3380 3825 fundamento
3410 3772 3610 3842 posito,
3637 3775 3982 3843 paenitentia,

2403 3857 2649 3928 inquam,
2690 3859 2857 3929 hujus
2889 3863 3163 3927 amentiae,
3213 3872 3265 3918 et
3318 3864 3671 3933 impositione
3694 3882 3982 3933 manuum,

2402 3952 2773 4019 unctioneque
2797 3953 2939 4006 sacri
2970 3953 3343 4010 charisinatis.
3385 3954 3447 4007 Et
3487 3970 3611 4008 cum
3648 3956 3754 4008 illis
3798 3956 3982 4010 Evan-

2403 4042 2839 4110 geliumjustitiae
2866 4044 3164 4097 revelatum
3192 4044 3378 4107 fuerit,
3412 4060 3723 4116 novumque
3754 4062 3981 4101 sensum

2404 4134 2765 4202 intelligibilis
2803 4135 3009 4190 Christi
3049 4137 3237 4205 gratiae
3276 4137 3578 4199 hauserint,
3612 4152 3733 4205 qua:
3763 4138 3983 4191 animas

2401 4240 2588 4279 eorum
2612 4226 2873 4295 tetigerit,
2911 4236 2966 4280 et
2994 4227 3048 4279 in
3083 4228 3218 4296 ipsis
3246 4243 3343 4282 cor
3380 4230 3680 4283 contritum
3713 4243 3776 4284 ac
3801 4229 3985 4283 humi-

2402 4316 2594 4369 liatum
2649 4328 2838 4381 creat,
2894 4328 3217 4386 castumque
3275 4318 3372 4374 Dei
3427 4320 3680 4375 timorem
3744 4321 3985 4375 aediﬁcat

726 4422 797 4474 sit
830 4427 922 4473 aut
949 4419 1221 4471 omittere.
1257 4416 1359 4480 Qui
1395 4429 1522 4467 vero
1555 4414 1635 4468 sic
1668 4412 1801 4467 dicit
1827 4414 1898 4478 ei,
1922 4413 2013 4480 qui
2047 4428 2155 4467 non
2196 4428 2293 4481 po-
2325 4442 2382 4506 Β
2407 4404 2551 4506 ριωο
2575 4420 2809 4476 namque
2848 4406 3174 4463 Christianis
3209 4409 3307 4463 via:
3375 4410 3533 4465 bona:
3584 4411 3648 4464 ad
3696 4414 3863 4464 vitam
3913 4428 3979 4465 ex

730 4520 859 4572 test,
897 4521 1081 4561 nonne
1123 4505 1329 4559 frustra
1372 4503 1544 4557 dicit?
1588 4502 1851 4556 Dominus
1891 4503 1968 4554 ait
2011 4502 2298 4571 discipulis

726 4601 843 4657 suis
875 4616 889 4652 :
929 4598 1129 4652 Euntes
1169 4598 1349 4649 docete
1383 4610 1562 4649 omnes
1607 4603 1807 4664 gentes,
1849 4594 2173 4660 baptizantes
2214 4610 2299 4647 eos

726 4694 780 4745 in
814 4692 1019 4745 nomine
1038 4689 1236 4753 Patris,
1264 4701 1312 4742 et
1337 4687 1490 4752 Filii,
1513 4697 1562 4741 et
1591 4686 1822 4753 Spiritus
1843 4688 2015 4740 sancti
2041 4684 2180 4737 ⁸⁸·¹⁹.
2219 4685 2298 4739 En

726 4784 1045 4854 espurgatio
1076 4790 1130 4836 et
1169 4782 1344 4835 virtus
1378 4779 1523 4834 sacri
1572 4778 1919 4847 baptismatis
1953 4777 2129 4846 primo
2176 4778 2295 4832 loco

726 4878 1102 4933 constituitur.
1168 4873 1311 4938 Quid
1365 4870 1587 4942 postea?
1648 4869 1896 4923 nocentes
1949 4885 2036 4922 eos
2094 4884 2299 4922 servare.

725 4970 903 5021 omnia
971 4982 1087 5037 qua:
1144 4963 1395 5017 mandari
1444 4963 1582 5015 vobis
1612 4961 1682 5015 '°.
1741 4962 2069 5029 Quicunque
2128 4962 2295 5030 igitur

730 5060 833 5114 hoc
872 5060 1070 5113 robore
1111 5068 1238 5110 ante
1269 5054 1622 5110 conﬁrmatus
1649 5068 1756 5106 non
1791 5060 1894 5115 est,
1935 5052 1989 5105 in
2026 5053 2297 5106 mandatis

727 5151 822 5205 Dei
857 5148 1217 5204 observandis
1250 5148 1524 5200 incassum
1567 5144 1813 5208 laborat;
1854 5142 2166 5211 quicunque
2196 5143 2285 5196 illa

728 5240 936 5295 homini
971 5247 1234 5308 praecepta
1265 5238 1382 5302 dat,
1414 5251 1516 5307 pro
1537 5248 1681 5289 caeco
1710 5244 1764 5287 et
1796 5234 2001 5288 stolido
2024 5233 2289 5287 habeatur

726 5331 854 5383 licet
894 5345 906 5380 :
943 5329 1160 5397 quando
1203 5330 1355 5398 prius
1404 5327 1635 5395 gratiam
1668 5323 1869 5379 Christi
1894 5362 1911 5388 ,
1943 5337 2065 5395 qua:
2103 5332 2287 5379 mente

728 5420 1045 5489 percipitur,
1089 5428 1145 5472 et
1174 5427 1395 5488 purgat,
1430 5416 1670 5470 animam
1707 5416 2009 5483 suscipere,
2050 5413 2290 5485 indeque

726 5527 843 5565 eam
865 5511 1177 5565 conﬁrmari
1202 5525 1288 5563 res
1321 5510 1579 5579 postulat,
1602 5516 1768 5577 atque
1795 5507 1870 5560 ita
1896 5507 2114 5561 demum
2149 5506 2293 5575 leges

795 5711 838 5741 "
868 5708 883 5761 I
916 5710 1038 5762 Cor.
1067 5725 1123 5773 ιι,
1157 5710 1241 5762 l3.
1324 5711 1362 5741 "
1390 5708 1558 5765 Hebr.
1592 5724 1667 5774 ιι,
1705 5706 1758 5761 6.

725 5778 770 5811 ⁸³
806 5779 849 5833 ιι
882 5779 1022 5834 Pctr.
1062 5795 1096 5842 I,
1133 5781 1185 5834 ι.

1836 5705 1952 5739 ηοη
1978 5703 2378 5771 Matth.xxvm,
2402 5705 2483 5761 l9.
2521 5707 2563 5738 ⁸ο
2587 5704 2723 5763 Ibid.
2751 5706 2840 5761 20.

2405 4497 2607 4552 Christi
2642 4500 2961 4569 praescripto
2980 4499 3292 4570 agitandum
3324 4502 3622 4570 primordia
3654 4506 3825 4569 sunt),
3858 4512 3980 4558 tum

2403 4604 2618 4659 quoque
2644 4592 2996 4645 immaculato
3029 4592 3151 4660 ejus
3178 4607 3426 4660 corpore,
3465 4603 3519 4647 et
3549 4594 3818 4662 sanguine
3848 4610 3980 4663 per-

2402 4681 2676 4749 cipiendo,
2710 4683 2907 4737 merito
2945 4683 3093 4752 digni
3128 4692 3458 4738 censeantur
3493 4702 3506 4737 :
3541 4693 3598 4739 ut
3627 4701 3748 4738 cum
3775 4686 3983 4742 divina:

2405 4779 2613 4825 naturae
2651 4774 3023 4837 consortes”,
3059 4782 3111 4828 et
3166 4775 3495 4830 sanctilicati
3532 4778 3827 4840 evaserint,
3865 4794 3980 4832 non

2402 4861 2482 4915 eis
2520 4874 2825 4931 peccatum,
2884 4865 3163 4933 quomodo
3211 4866 3473 4929 antehac,
3528 4867 3855 4921 dominetur.
3920 4869 3983 4921 In

2404 4952 2505 5007 hoc
2543 4954 2687 5008 enim
2716 4955 3077 5011 sanctiﬁcatio
3123 4957 3227 5010 sita
3257 4967 3362 5021 est,
3411 4967 3472 5011 ut
3526 4958 3852 5013 Christianis
3908 4961 3982 5013 ad

2404 5044 2703 5100 faciendam
2736 5048 3070 5101 voluntatem
3116 5048 3210 5103 Dei
3243 5059 3435 5119 potens
3479 5051 3683 5103 Virtute
3718 5051 3829 5112 ﬁat,
3863 5067 3983 5119 quo

2400 5138 2785 5193 corroboratus
2813 5147 2864 5193 et
2912 5140 3086 5194 ﬁdelis
3130 5141 3481 5195 ChriStianus
3508 5142 3841 5205 nominetur,
3874 5144 3977 5211 qui

2400 5228 2603 5284 Christi
2630 5231 2860 5300 gratiam
2890 5232 3217 5301 susceperit,
3275 5240 3331 5286 et
3378 5233 3467 5287 cui
3503 5234 3634 5287 ﬁdes
3681 5232 3980 5297 habeatur,

2399 5324 2603 5393 quique
2628 5325 2681 5378 in
2718 5324 2923 5394 Spiritu
2954 5334 3146 5379 sancto
3185 5318 3517 5391 curriculum
3564 5325 3685 5379 vita:
3710 5340 3821 5379 sua:
3850 5341 3973 5379 moi

2399 5416 2639 5469 derelur.
2673 5416 2751 5469 lta
2783 5417 2927 5469 enim
2953 5432 3059 5470 non
3093 5416 3252 5470 aliter
3268 5417 3576 5486 quempiam
3599 5416 3981 5471 Christianum

2403 5503 2539 5569 ﬁeri,
2576 5516 2626 5560 ct
2654 5520 2774 5560 esse
2812 5506 2995 5562 datur.
3032 5504 3188 5562 Prior
3230 5521 3357 5561 vero
3397 5506 3485 5562 ille
3514 5507 3771 5577 gravibus
3794 5508 3982 5574 pinnis

2952 5711 2992 5740 ²¹
3027 5706 3176 5764 Psal.
3206 5724 3300 5771 cu,
3333 5708 3426 5761 20.
3521 5708 3562 5737 ’³
3598 5704 3761 5757 llebr.
3798 5724 3848 5765 ι.
3888 5706 3987 5763 39.
