4188 6436
1605 407 1887 468 ORATIO
1925 409 2042 472 Ill.

3322 426 3428 497 asa

158 523 218 568 et
250 513 837 571 animadversionibus
869 525 1097 587 peccata
1124 518 1362 573 admissa
1384 533 1745 589 compensare.
1776 522 1825 579 Δ
1854 521 2074 589 quidam
2108 531 2201 576 aut
2238 523 2474 580 ministri
2512 527 2900 596 ecclesiastici,
2934 543 3027 588 ant
3090 539 3425 602 sacerdotes,

159 606 355 666 debet,
398 613 455 660 et
495 607 767 679 iacrymas
800 609 866 664 ad
910 610 1165 678 baptismi
1215 610 1416 665 lontem
1453 625 1751 679 exaequan-

158 697 295 750 dum
339 697 595 764 l’undere,
629 715 694 754 ac
731 700 895 756 Deum
930 718 1088 756 orare
1142 711 1424 772 praeterea,
1474 713 1533 756 ut
1577 718 1748 770 usque

157 792 226 843 ad
259 788 426 842 linem
449 793 754 858 curationis
783 804 997 849 aetatem
1023 795 1220 866 degere
1253 795 1359 850 sibi
1392 797 1748 861 concedatur,

157 886 228 936 be
262 893 393 936 ante
420 887 763 941 sanationem
801 889 1065 956 abreptus
1116 898 1171 943 et
1218 892 1510 942 damnatus
1543 890 1596 942 in
1660 905 1751 958 ge-

158 974 370 1038 henna,
426 991 525 1044 pro
577 991 641 1029 eo
675 992 741 1031 ac
798 980 1018 1039 meruit,
1075 988 1369 1034 torreatur.
1431 979 1562 1044 Quis
1601 983 1746 1034 enim

159 1067 468 1135 prmstabit,
512 1070 702 1124 tandiu
738 1072 863 1123 dum
910 1084 1158 1138 curetur,
1197 1073 1314 1127 fore
1362 1072 1748 1142 superstitem?

231 1153 331 1210 Hic
367 1158 586 1212 vincula
617 1174 758 1228 opus
787 1170 936 1226 sunt,
989 1163 1077 1216 hic
1121 1164 1746 1229 exeommunicationes,

157 1247 248 1303 hic
279 1251 562 1305 diuturna:
586 1252 1032 1323 lacrymatioues,
1081 1254 1169 1308 hic
1200 1255 1624 1323 genuﬂexioncs,
1662 1271 1749 1309 ra-

165 1357 402 1410 rusque,
430 1351 485 1396 et
520 1345 610 1397 vix
667 1346 866 1414 aliquis
910 1362 1034 1400 cum
1091 1345 1339 1402 fidelibus
1393 1363 1742 1418 congressus.

153 1435 232 1486 Ac
262 1435 374 1488 tale
402 1436 623 1504 quidem
675 1436 944 1505 judicium
983 1439 1127 1492 haud
1180 1440 1441 1507 iujustum
1479 1451 1581 1494 est.
1636 1439 1746 1494 Cur

154 1525 301 1578 enim
332 1529 429 1594 qui
460 1529 706 1581 divinum
741 1531 1060 1600 mysterium
1090 1535 1364 1600 cognovit,
1414 1543 1469 1586 et
1508 1533 1741 1601 accepit,

155 1635 263 1672 non
312 1622 509 1674 cavit?
545 1621 783 1688 Lapsum
844 1624 987 1680 hunc
1031 1627 1224 1680 Adami
1268 1628 1426 1696 lapsu
1476 1629 1740 1683 minorem

153 1710 342 1766 dicere
376 1728 488 1766 non
533 1724 732 1782 pozest.
765 1716 859 1770 Ille
884 1720 1108 1783 etenim,
1145 1720 1190 1773 si
1239 1719 1405 1774 Deum
1438 1736 1560 1777 esse
1590 1723 1645 1776 in
1680 1739 1738 1778 se

153 1804 434 1865 novisset,
466 1806 532 1859 de
558 1806 738 1860 fructu
784 1809 1254 1878 praevaricationis
1295 1827 1401 1865 non
1436 1821 1734 1882 gustasset.

156 1890 218 1944 Et
252 1909 582 1961 quanquam
619 1899 862 1965 scipsmn
909 1913 1018 1952 nou
1060 1909 1218 1954 norat
1256 1900 1428 1970 prius,
1472 1918 1596 1956 cum
1629 1900 1738 1957 Deo

153 1982 495 2051 priiaretur,
533 1995 712 2038 tamen
770 1995 958 2054 postea
1009 1989 1061 2041 in
1099 1988 1289 2044 habitu
1328 1990 1602 2059 cognovit.
1639 1992 1737 2044 Ast

152 2073 238 2128 hic
269 2092 371 2144 per
406 2087 656 2130 sanctum
689 2078 957 2148 baptisma
989 2079 1270 2134 Christum
1307 2097 1336 2134 a
1373 2097 1430 2135 se
1457 2084 1732 2152 Cognitum

151 2170 338 2223 nudus
398 2170 675 2232 induerat,
719 2182 777 2224 ut
833 2175 1102 2241 scriptum
1151 2184 1234 2228 est
1293 2177 1362 2228 ab
1416 2175 1729 2245 Apostolo:

151 2258 469 2328 Quicunque
512 2264 564 2313 in
609 2261 821 2314 Christo
877 2264 1134 2331 baptizati
1163 2267 1312 2327 estis,
1351 2265 1620 2320 Christum
1654 2269 1739 2320 in-

147 2352 343 2406 duistis
370 2353 439 2406 ".
473 2351 665 2406 Omnis
702 2355 846 2407 enim
881 2356 1078 2410 mentis
1126 2366 1178 2409 et
1209 2359 1425 2410 consilii
1460 2359 1733 2427 particeps

149 2445 356 2505 anima,
393 2460 460 2498 ex
494 2446 610 2514 ipso
643 2446 913 2515 baptismo
945 2449 1148 2502 Christi
1203 2458 1434 2516 grabam
1467 2453 1728 2518 consequi

147 2539 515 2609 intelligitur:
553 2543 734 2594 statim
767 2542 970 2611 quippe
989 2541 1243 2596 Christus
1272 2543 1323 2595 in
1347 2559 1408 2598 ea
1440 2543 1727 2598 formatur.

149 2627 321 2681 l‘orro
358 2630 432 2683 ab
465 2631 764 2686 infantibus
818 2633 1125 2701 baptizatis,
1180 2635 1434 2702 baptismi
1483 2636 1729 2690 sanctiﬁ-

147 2718 297 2770 catio
334 2727 559 2786 propter
589 2721 953 2787 ignorantiam
986 2739 1092 2776 non
1119 2725 1390 2790 sentitur;
1443 2737 1526 2779 est
1556 2728 1728 2796 siqni-

144 2809 264 2862 dem
311 2810 708 2865 intellectualis
739 2828 956 2868 sensus.
989 2813 1107 2868 Jain
1139 2830 1269 2868 Vero
1305 2818 1560 2884 paulatim
1596 2829 1730 2871 tem-

149 2918 282 2970 pore
315 2904 672 2971 procedente,
714 2905 771 2957 (it
799 2910 965 2959 etiam
1005 2907 1340 2961 immutatio.
1395 2907 1455 2960 Et
1506 2911 1559 2963 in
1606 2912 1729 2965 aliis

145 2995 371 3064 quidem
398 3011 630 3064 prorsas
652 2998 1020 3068 exstinguitur
1050 3017 1062 3053 :
1095 2998 1147 3054 in
1185 3000 1307 3054 aliis
1332 3001 1551 3070 quidam
1589 3003 1728 3070 igni-

145 3087 250 3139 culi
294 3097 538 3149 manent,
570 3089 878 3158 iterumque
910 3106 1003 3159 per
1031 3091 1212 3155 ﬁdem,
1243 3093 1642 3147 institutionem
1673 3101 1727 3148 et

1857 621 1950 664 aut
1979 613 2249 683 episcopi,
2282 626 2335 671 et
2359 616 2664 674 animarum
2700 622 2943 693 magistri
2977 626 3108 692 sint,
3143 637 3201 683 et
3243 632 3427 687 veniat

1853 703 1940 770 {ex
1975 705 2072 757 im
2110 705 2208 761 Dei
2232 707 2279 740 "
2306 725 2471 779 super
2519 727 2640 776 nos,
2685 715 2729 768 si
2766 732 2870 769 non
2908 716 2977 771 sit
3005 719 3096 788 qui
3145 720 3428 789 imperitos

1854 798 2107 851 instituat
2136 809 2190 854 et
2227 801 2462 865 erudiat,
2501 805 2976 879 divinissimaque,
3029 821 3083 867 et
3124 813 3424 868 lnnuanom

1851 897 2072 956 captum
2107 893 2392 960 superanti
2424 893 2644 952 fictione
2667 902 2916 970 rcﬂngat.
2951 901 3099 957 lianc
3128 907 3274 961 enim
3308 910 3425 962 cui-

1851 993 2015 1046 quam
2046 979 2148 1044 l'as,
2185 983 2288 1038 nisi
2317 986 2469 1053 prius
2507 996 2714 1043 naturae
2755 992 2951 1048 divinae
2992 1001 3254 1060 consorti,
3301 1001 3424 1069 Spi-

1851 1071 1991 1124 ritus
2023 1074 2197 1126 sancti
2229 1078 2570 1142 cathedram,
2603 1089 2662 1131 ut
2695 1080 2768 1134 ita
2814 1083 3014 1150 dicam,
3051 1090 3420 1157 magistraiem

1853 1163 2228 1220 conscendere
2256 1183 2270 1222 :
2300 1169 2503 1238 alioqui
2538 1170 2632 1225 Dei
2665 1173 2933 1230 adversus
2983 1193 3041 1231 se
3070 1178 3205 1232 iram
3237 1184 3424 1236 conci~

1848 1254 2003 1309 tabit.
2037 1254 2148 1310 llac
2177 1274 2367 1330 nempe
2390 1267 2457 1316 de
2478 1277 2641 1317 causa
2672 1266 2829 1320 multi
2855 1269 2908 1320 in
2931 1269 3096 1323 verbo
3118 1271 3416 1341 sapientes,

1849 1345 1938 1398 alii
1994 1346 2218 1404 haeresis
2266 1362 2522 1408 auctores
2570 1369 2634 1408 ae
2681 1356 2850 1411 duces
2904 1361 3270 1426 exstiterunt;
3329 1365 3417 1418 alii

1849 1435 2226 1493 haereticorum
2289 1444 2640 1500 sermonibus
2698 1450 2847 1518 capti
2929 1462 3076 1506 sunt.
3147 1454 3419 1512 Caeterum

1846 1530 2102 1598 quoniam
2161 1532 2626 1598 quemadmodum
2699 1554 2728 1592 a
2791 1526 2976 1596 divino
3048 1545 3418 1616 baptismate.

1849 1621 1993 1673 velut
2047 1634 2076 1674 a
2109 1622 2399 1692 principiis
2452 1625 2731 1683 informati
2793 1641 3004 1698 essent,
3055 1650 3161 1689 non
3209 1639 3420 1694 intelle-

1845 1720 2062 1778 xerunt,
2113 1713 2346 1784 ingressi
2383 1717 2538 1784 prius
2573 1733 2670 1786 per
2699 1723 3074 1788 paenitentiam
3132 1737 3186 1782 et
3233 1732 3420 1801 cogni-

1844 1802 2068 1868 tionem,
2092 1813 2150 1857 ut
2177 1819 2343 1874 supra
2383 1806 2646 1888 diximus,
2678 1811 3046 1871 intercedente
3071 1818 3418 1887 impositicne

1844 1908 2104 1948 manuum
2148 1911 2245 1966 per
2295 1899 2533 1957 arbitros
2557 1911 2610 1956 rt
2649 1919 2969 1964 meonomos
3026 1913 3206 1982 magni
3255 1914 3418 1984 hujus

1842 1988 2106 2055 mysterii,
2140 1998 2194 2044 et
2229 2005 2401 2046 sacrae
2432 1995 2677 2050 scientia!
2710 1999 2936 2067 peritos,
2970 2001 3415 2062 informationem

1838 2077 1907 2131 ab
1950 2078 2130 2141 initio,
2161 2083 2509 2152 Speciemquc
2540 2101 2606 2140 ac
2638 2089 2866 2144 formam
2909 2095 3308 2165 Spiritualium,
3361 2111 3416 2154 et

1839 2170 2194 2236 mysticorum
2248 2172 2532 2230 habituum
2571 2193 2796 2233 suorum
2861 2195 3304 2254 consequantur:
3357 2204 3416 2243 ut

1837 2260 2169 2323 confirmati,
2200 2266 2251 2318 in
2278 2266 2431 2322 riuca
2466 2268 2558 2322 Dei
2585 2272 2847 2338 laborent,
2874 2292 2939 2330 ne
2969 2278 3104 2333 tides
3142 2282 3405 2350 ipsorum.

1837 2362 1886 2403 ct
1925 2353 2273 2409 confessione
2312 2358 2466 2412 irrita
2513 2361 2603 2425 sit,
2648 2374 2699 2419 et
2745 2365 2995 2426 Christus
3043 2375 3411 2445 nequidquam

1837 2444 2084 2500 creditus
2114 2455 2167 2500 et
2216 2450 2500 2518 adoratus,
2545 2457 2678 2508 nihil
2711 2459 2792 2512 eis
2846 2463 3039 2530 prosit.
3087 2465 3194 2522 Nec
3238 2444 3410 2532 enim,

1837 2545 1894 2587 ut
1925 2537 2192 2606 quiSpiam
2223 2541 2454 2598 fortasse
2478 2547 2698 2612 dixerit,
2734 2550 2873 2607 Dens
2901 2554 3066 2611 homo
3099 2568 3261 2615 natus
3298 2573 3408 2625 est.

1836 2619 1906 2680 uti
1932 2629 2005 2682 ita
2058 2632 2385 2697 simpliciter
2437 2637 2575 2694 Dens
2623 2641 2784 2698 homo
2836 2647 3174 2716 crederetur,
3227 2655 3412 2725 illique

1832 2721 2080 2776 adoratio
2111 2726 2511 2785 adhiberetur:
2553 2748 2736 2788 verum
2796 2747 2858 2790 ut
2911 2755 3012 2795 nos
3061 2742 3260 2798 divina;
3307 2721 3412 2801 na-

1835 2823 1972 2868 tnrac
2003 2831 2135 2873 cons
2160 2830 2285 2873 irtes
2311 2822 2586 2890 lieremus,
2611 2827 2755 2881 sicut
2777 2830 2894 2897 ipse
2924 2841 3133 2888 natura:
3162 2836 3411 2892 humanm

1833 2919 2137 2962 consortem
2169 2925 2227 2965 se
2260 2911 2502 2978 fecisset,
2542 2932 3047 2994 cognoscerentque
3081 2930 3265 2996 adepti
3303 2932 3408 2985 hoc

1830 2999 2172 3053 consortium
2220 3005 2467 3072 mysterii
2500 3007 2627 3070 vim,
2669 3022 2724 3064 et
2777 3015 2983 3081 gratias
3045 3033 3289 3087 agerent.
3345 3023 3411 3076 Et

1830 3100 2103 3160 quotquot
2132 3094 2293 3162 hujus
2316 3100 2584 3153 consortii
2618 3103 2769 3170 gnari
2805 3115 2952 3171 sunt,
2976 3124 3039 3161 ac
3070 3113 3133 3163 de
3152 3127 3216 3165 co
3241 3114 3409 3181 probe

146 3194 300 3248 spem
334 3195 534 3252 magna
568 3181 1108 3237 btremisericordia
1162 3185 1502 3238 accenditur.
1544 3186 1603 3238 ln
1643 3184 1800 3250 hisC
1829 3182 2099 3251 iudicant,
2138 3187 2190 3240 hi
2221 3200 2346 3243 sunt
2386 3193 2548 3247 amici
2597 3193 2825 3260 Christi,
2876 3199 2961 3253 his
2994 3204 3265 3258 creditum
3323 3218 3408 3262 est

149 3267 389 3343 namque
439 3274 534 3342 qui
594 3284 956 3344 speraverant
994 3281 1049 3328 et
1091 3275 1476 3338 crediderunt,
1517 3280 1726 3333 sensim

145 3366 326 3433 ignem
358 3365 517 3418 illum
545 3369 1188 3436 exsuscitat,eorumque
1220 3367 1587 3436 intelligentia:
1616 3384 1728 3421 ma-

146 3457 398 3513 nifestat.
443 3459 647 3513 Deinde
676 3473 799 3513 cum
832 3458 1031 3529 gaudio
1080 3460 1367 3514 titionibus
1402 3463 1727 3518 lmmilitatis

139 3566 203 3604 ac
240 3553 645 3606 misericordiae
705 3552 996 3619 subjectis,
1049 3551 1266 3606 llamma
1315 3553 1536 3615 emicat,
1592 3555 1727 3608 vici-

145 3659 362 3713 nosque
395 3644 636 3697 illustrat
675 3661 689 3697 ;
726 3645 891 3707 illius,
928 3645 1053 3713 quia
1088 3661 1194 3698 non
1226 3660 1288 3699 ex
1323 3646 1502 3709 nobis,
1531 3647 1623 3702 sed
1660 3663 1727 3701 ex

145 3736 255 3788 Deo
292 3745 382 3789 est
417 3736 828 3800 misericordia;
864 3737 1051 3802 huius,
1109 3738 1239 3805 quia
1292 3738 1723 3792 misericordiam

141 3837 537 3890 consecutum,
565 3828 722 3896 plane
757 3829 1168 3884 misericordem
1197 3846 1320 3885 csse
1367 3831 1542 3886 decet.
1570 3831 1724 3896 Quod

143 3921 184 3973 si
211 3921 309 3988 qui
346 3921 478 3972 item
508 3920 680 3973 altero
712 3921 980 3990 baptismo
1014 3937 1110 3990 per
1138 3923 1444 3990 angelicum
1479 3925 1724 3978 habitum

143 4026 394 4080 accepto,
432 4011 564 4080 quid
598 4012 933 4080 accipereut,
971 4028 1078 4065 non
1130 4013 1538 4075 intellexerunt,
1583 4016 1726 4067 divi-

145 4123 264 4159 nam
299 4115 357 4160 et
382 4105 814 4174 omnipotentem
852 4106 1030 4159 sancti
1067 4102 1306 4174 Spiritus
1336 4107 1588 4159 virtutem
1617 4123 1723 4161 non

146 4199 502 4266 participant,
536 4199 712 4265 gratia
755 4211 818 4249 ea
877 4182 1133 4250 similiter
1177 4197 1451 4262 avolanle,
1502 4207 1557 4250 ut
1603 4215 1725 4268 qua:

145 4307 238 4360 per
269 4305 435 4359 aqua:
465 4289 803 4357 baptismum
848 4288 1048 4340 collata
1097 4297 1181 4342 est
1219 4306 1232 4342 :
1267 4297 1319 4341 et
1357 4298 1575 4358 propter
1605 4299 1725 4344 stu.

145 4397 331 4449 porem
373 4381 557 4431 adhuc
593 4381 658 4432 ad
698 4379 898 4432 malum
940 4381 1096 4448 proni
1129 4387 1258 4433 sunt
1289 4389 1346 4432 ut
1387 4382 1572 4448 prius;
1606 4382 1723 4434 ina-

145 4478 227 4528 nis
254 4483 346 4528 est
384 4486 578 4527 eorum
619 4473 776 4534 lides,
818 4487 1129 4541 vanumque
1171 4477 1473 4526 secundum
1506 4489 1720 4544 quoque

146 4568 441 4636 baptisma,
485 4579 610 4617 cum
647 4579 844 4618 sensus
872 4566 1216 4630 expertibus,
1258 4573 1312 4618 et
1356 4568 1588 4620 mortuis
1638 4570 1722 4620 in-

143 4658 408 4711 dumenta
434 4669 589 4708 sacra
614 4655 727 4710 sint
766 4656 1046 4726 imposita.
1081 4656 1200 4712 Una
1230 4668 1315 4713 est
1345 4661 1490 4713 enim
1525 4662 1718 4714 salutis

145 4750 362 4813 notitia,
391 4749 522 4816 quia
567 4756 624 4801 et
659 4747 862 4800 veritas
910 4765 1078 4802 unum
1132 4759 1237 4814 est,
1300 4750 1467 4804 menti
1518 4750 1722 4805 intelli-

145 4841 311 4908 genti,
348 4850 403 4893 et
451 4837 776 4910 intelligenti
809 4841 1005 4894 animas
1028 4840 1247 4894 donatae
1287 4856 1384 4911 per
1426 4842 1587 4897 iidem
1625 4859 1720 4898 su-

146 4946 326 4999 perna:
383 4932 577 5000 gratia
635 4931 972 4986 sanctissimi
1025 4931 1266 5002 Spiritus
1329 4935 1720 4993 intellectualis

147 5025 411 5092 cognitio.
439 5023 747 5091 Diguautur
773 5025 920 5077 enim
966 5024 1058 5079 tali
1094 5025 1293 5095 gratia,
1325 5028 1420 5097 qui
1461 5028 1515 5082 in
1564 5029 1727 5084 Chri-

147 5126 314 5178 stum,
339 5129 471 5169 cum
505 5114 943 5184 baptisareutur,
974 5116 1352 5185 crediderunt,
1383 5118 1473 5173 alii
1502 5120 1721 5191 quidem

151 5219 284 5263 utet
309 5209 476 5278 signa
509 5207 751 5274 faciant;
783 5208 1004 5277 plurimi
1042 5215 1103 5262 ut
1155 5207 1226 5262 ad
1276 5213 1482 5264 niuium
1528 5213 1727 5268 immu

152 5304 303 5364 biles,
345 5301 414 5354 ad
450 5301 652 5355 bonum
684 5309 880 5355 contra
939 5301 1232 5369 perfaciles
1265 5313 1638 5371 perseverent,
1669 5313 1724 5360 et

149 5395 410 5463 quidquid
457 5392 567 5446 Deo
603 5394 801 5460 placet,
830 5392 881 5444 id
927 5394 980 5445 in
1013 5395 1122 5445 vita
1171 5393 1400 5463 impigre
1430 5404 1483 5449 et
1533 5397 1716 5451 exsul-

151 5486 373 5539 tabuudi
411 5495 828 5540 consectentur.
861 5485 960 5541 llic
1001 5502 1194 5541 eorum
1239 5489 1374 5543 ordo
1403 5498 1510 5554 est,
1538 5493 1630 5554 qui
1663 5493 1716 5546 in

150 5578 422 5632 Christum
460 5580 832 5637 crediderunt.

217 5672 320 5727 Sed
352 5675 670 5738 ridendum,
702 5690 768 5728 ne
801 5675 1016 5743 quando
1049 5684 1245 5745 praeter
1290 5694 1435 5731 nunc
1467 5679 1713 5732 ordinem

216 5852 257 5881 "
283 5850 468 5906 Calat.
501 5867 589 5913 ιιι,
619 5853 709 5906 27.
788 5853 834 5882 ’³
866 5851 1006 5903 Psal.
1035 5868 1225 5916 uvm,
1250 5852 1344 5909 25.

471 5946 746 6010 Pas-non.
783 5948 876 6007 CX
897 5950 974 6008 Χ.

1422 5856 1466 5885 ⁸⁸
1497 5853 1655 5911 ltom.
1694 5872 1818 5921 vni,
1863 5857 1917 5910 7.

1834 3275 1936 3328 hoc
1968 3279 2311 3346 mysterium,
2373 3291 2428 3335 et
2475 3283 2527 3335 hi
2558 3285 2723 3337 vitam
2756 3285 2962 3344 Christi
3018 3290 3403 3350 imitabuntur.

1831 3367 1932 3433 Qui
1971 3380 2153 3425 autem
2185 3372 2306 3437 ejus
2339 3383 2543 3429 natura:
2594 3379 2907 3449 participes,
2958 3383 3072 3439 sive
3119 3399 3406 3442 consortes

1833 3462 1958 3517 iacti
2001 3477 2156 3529 sunt;
2193 3476 2286 3520 aut
2311 3482 2434 3521 cum
2485 3469 2610 3524 lacti
2659 3484 2868 3536 essent,
2908 3491 3021 3530 rem
3059 3478 3404 3546 ignorarunt,

1831 3552 1869 3603 ii
1898 3553 2082 3606 hostes
2117 3555 2236 3622 ejus
2264 3568 2393 3609 sunt
2429 3576 2442 3610 :
2469 3571 2751 3629 propterea
2779 3564 2926 3631 quod
2957 3568 3137 3622 omnis
3161 3572 3250 3634 qui
3279 3585 3403 3624 cum

1829 3656 2022 3699 natura
2065 3648 2249 3702 divina
2282 3650 2414 3703 nihil
2448 3666 2744 3707 commune
2791 3656 2971 3720 habet,
3004 3660 3245 3715 carnalis
3296 3677 3402 3724 ρετ.

1827 3749 1880 3791 et
1925 3739 2032 3791 Deo
2057 3741 2276 3808 placere
2303 3756 2408 3793 non
2444 3753 2626 3810 potest
2659 3761 2672 3798 :
2710 3745 3006 3801 Prudentia
3039 3752 3180 3803 enim
3223 3755 3402 3808 carnis

1829 3831 2046 3884 inimica
2073 3841 2152 3884 est
2187 3833 2294 3887 Deo
2318 3834 2383 3896 ",
2417 3844 2466 3887 et
2493 3853 2642 3902 caro,
2704 3851 2750 3892 et
2787 3844 3006 3911 sanguis
3048 3861 3266 3912 regnum
3305 3847 3396 3902 Dei

1829 3940 1933 3975 non
1960 3925 2319 3990 possidebunt.
2352 3925 2470 3979 Non
2489 3931 2626 3982 enim
2668 3936 2934 3999 corruptio
2956 3936 3402 4005 incorriiptioyem

1827 4017 2208 4081 po--sideb.'t";
2272 4018 2365 4071 ενα
2421 4021 2601 4073 audiet
2654 4023 2944 4092 aliquando
2983 4027 3205 4082 :Etiam
3263 4036 3401 4101 quod

1828 4107 2032 4159 videtur
2067 4108 2277 4172 habere,
2306 4111 2581 4178 auferetur
2619 4117 2684 4167 ab
2728 4131 2806 4170 eo.
2841 4117 3074 4175 Habenti
3115 4125 3251 4175 enim
3303 4128 3403 4179 da-

1829 4197 1992 4259 bitur,
2021 4203 2472 4265 etabundabit",
2519 4217 2740 4273 propter
2766 4211 3000 4277 gratiam
3053 4213 3399 4280 iimnensmn,

1829 4289 2231 4356 inexhaustam,
2287 4297 2850 4364 superabundantem,
2886 4311 2939 4354 et
2971 4318 3092 4371 quae
3148 4309 3398 4363 imminui

1828 4391 1991 4449 atque
2027 4386 2278 4437 consumi
2327 4403 2432 4438 non
2472 4396 2672 4455 potest.
2717 4390 2846 4443 Nam
2895 4408 3160 4461 ponamus
3206 4414 3397 4466 quem-

1826 4473 1968 4543 piam
1995 4475 2142 4528 mille
2176 4491 2349 4531 annos
2374 4479 2572 4545 vivere,
2610 4497 2674 4535 ac
2721 4497 2818 4549 per
2849 4472 3096 4559 ;t0tidem
3124 4505 3297 4545 aiinos
3342 4494 3397 4544 in

1825 4567 1940 4622 dies
1969 4568 2220 4636 singulos
2251 4570 2433 4624 divina
2467 4573 2640 4639 gratia
2666 4567 2941 4643 perld‘ndi,
2976 4594 3103 4632 eum
3135 4598 3267 4637 sane
3306 4585 3399 4638 illa

1824 4674 1986 4727 supra
2017 4660 2298 4714 Christum
2345 4665 2754 4730 quodammodo
2790 4667 3171 4732 locabit,‘cum
3220 4683 3396 4728 totum

1825 4751 2046 4821 impleat
2078 4752 2373 4822 (siquidem
2408 4756 2526 4824 ipse
2554 4766 2718 4810 :ctate
2743 4765 2797 4812 et
2835 4761 3006 4829 gratia
3030 4762 3398 4834 proﬁciebat),

1824 4843 1942 4912 ipsa
1989 4851 2172 4897 tamen
2240 4845 2412 4909 salva,
2476 4846 2725 4918 nihilque
2789 4851 3074 4907 imminuta
3135 4856 3396 4912 manebit.

1829 4933 2216 4992 Verumtamen
2237 4954 2344 4994 non
2368 4949 2447 4993 est
2471 4955 2697 5010 prorsus
2725 4945 3116 5009 necessarium,
3139 4948 3398 5018 paulatim

1828 5043 1948 5082 eam
1978 5031 2270 5094 inundare,
2291 5040 2384 5086 aut
2423 5032 2618 5099 minui,
2659 5041 2718 5088 et
2747 5037 3012 5104 paulatim
3052 5037 3395 5096 deiicientem

1828 5133 2062 5174 vacuum
2089 5121 2314 5177 omnino
2368 5127 2627 5181 deserere
2677 5142 2802 5181 eum
2830 5128 2924 5196 qui
2956 5129 3046 5183 illa
3092 5132 3396 5201 spoliatur,

1825 5218 2032 5267 etcum
2065 5216 2222 5283 quasi
2251 5216 2391 5267 clam
2423 5220 2732 5283 recesserit,
2777 5220 2879 5289 ipsi
2943 5223 3109 5291 hujus
3145 5238 3396 5280 recessus

1831 5319 2056 5358 sensum
2094 5322 2202 5359 non
2235 5309 2551 5375 relinquere

2337 5418 2669 5475 ORATIO
2749 5423 2862 5479 lll.

2423 5530 2804 5572 ARCITIENTUM.

1833 5605 1984 5672 Qum,
2018 5617 2064 5659 et
2099 5617 2220 5674 quot
2245 5608 2351 5659 sint
2380 5609 2570 5661 dii-mw
2604 5611 2918 5677 (agnitionis
2946 5627 3163 5675 genera.
3193 5612 3387 5678 Coeno-

1901 5680 2149 5730 scendum
2192 5680 2330 5746 quod
2381 5679 2519 5731 Deus
2573 5684 2676 5742 sit;
2725 5683 2848 5746 quid
2912 5692 3086 5734 autem
3143 5696 3208 5736 δή
3296 5699 3390 5736 nos

1993 5857 2033 5886 ’⁷
2062 5853 2080 5907 1
2114 5857 2237 5914 Cor.
2271 5874 2361 5924 xv,
2402 5857 2493 5914 50.
2571 5856 2616 5886 “
2643 5856 2838 5912 Matth.
2872 5857 3102 5913 autJK.
3157 5865 3161 5869 '

3009 5949 3075 6012 ll
