  <div class='ocr_page' id='page_1' title='image "/cluster/home/n/w/nwhite01/storage/ocr_20150623/120/nnc1.0046979972/166.png"; bbox 0 0 4188 6436; ppageno 0'>
   <div class='ocr_carea' id='block_1_1' title="bbox 162 422 270 484">
    <p class='ocr_par' dir='ltr' id='par_1_1' title="bbox 162 422 270 484">
     <span class='ocr_line' id='line_1_1' title="bbox 162 422 270 484; baseline -0.009 0"><span class='ocrx_word' id='word_1_1' title='bbox 162 422 270 484; x_wconf 77' lang='lat'><strong>333</strong></span> 
     </span>
    </p>
   </div>
   <div class='ocr_carea' id='block_1_2' title="bbox 1623 400 2058 465">
    <p class='ocr_par' dir='ltr' id='par_1_2' title="bbox 1623 400 2058 465">
     <span class='ocr_line' id='line_1_2' title="bbox 1623 400 2058 465; baseline -0.011 0"><span class='ocrx_word' id='word_1_2' title='bbox 1623 401 1911 465; x_wconf 80' lang='lat' dir='ltr'><strong>ORATIO</strong></span> <span class='ocrx_word' id='word_1_3' title='bbox 1943 400 2058 461; x_wconf 83' lang='grc' dir='ltr'><strong>ΠΙ.</strong></span> 
     </span>
    </p>
   </div>
   <div class='ocr_carea' id='block_1_3' title="bbox 3337 395 3439 456">
    <p class='ocr_par' dir='ltr' id='par_1_3' title="bbox 3337 395 3439 456">
     <span class='ocr_line' id='line_1_3' title="bbox 3337 395 3439 456; baseline 0 0"><span class='ocrx_word' id='word_1_4' title='bbox 3337 395 3439 456; x_wconf 59' lang='lat' dir='ltr'><strong>33s</strong></span> 
     </span>
    </p>
   </div>
   <div class='ocr_carea' id='block_1_4' title="bbox 168 510 3437 606">
    <p class='ocr_par' dir='ltr' id='par_1_4' title="bbox 168 510 3437 606">
     <span class='ocr_line' id='line_1_4' title="bbox 168 510 3437 606; baseline -0.007 -19"><span class='ocrx_word' id='word_1_5' title='bbox 168 550 262 606; x_wconf 82' lang='lat' dir='ltr'><strong>per</strong></span> <span class='ocrx_word' id='word_1_6' title='bbox 297 532 486 593; x_wconf 78' lang='lat' dir='ltr'><strong>ﬁdem,</strong></span> <span class='ocrx_word' id='word_1_7' title='bbox 539 540 652 583; x_wconf 87' lang='lat' dir='ltr'><strong>tum</strong></span> <span class='ocrx_word' id='word_1_8' title='bbox 689 526 966 583; x_wconf 73' lang='lat' dir='ltr'><strong>diabolum</strong></span> <span class='ocrx_word' id='word_1_9' title='bbox 1025 538 1088 578; x_wconf 84' lang='lat' dir='ltr'><strong>ac</strong></span> <span class='ocrx_word' id='word_1_10' title='bbox 1121 523 1400 578; x_wconf 70' lang='lat' dir='ltr'><strong>daemonas</strong></span> <span class='ocrx_word' id='word_1_11' title='bbox 1448 521 1751 590; x_wconf 84' lang='lat' dir='ltr'><strong>inaspecta-</strong></span> <span class='ocrx_word' id='word_1_12' title='bbox 1785 521 1831 579; x_wconf 80' lang='grc' dir='ltr'>Α</span> <span class='ocrx_word' id='word_1_13' title='bbox 1860 519 2194 588; x_wconf 76' lang='lat' dir='ltr'><strong>redemptio!</strong></span> <span class='ocrx_word' id='word_1_14' title='bbox 2239 515 2483 572; x_wconf 80' lang='lat' dir='ltr'><strong>Christus</strong></span> <span class='ocrx_word' id='word_1_15' title='bbox 2521 515 2656 569; x_wconf 87' lang='lat' dir='ltr'><strong>enim</strong></span> <span class='ocrx_word' id='word_1_16' title='bbox 2689 513 2788 568; x_wconf 82' lang='lat' dir='ltr'><strong>Dei</strong></span> <span class='ocrx_word' id='word_1_17' title='bbox 2826 512 2991 567; x_wconf 69' lang='lat' dir='ltr'><strong>uirtus</strong></span> <span class='ocrx_word' id='word_1_18' title='bbox 3020 519 3070 566; x_wconf 77' lang='lat' dir='ltr'><strong>et</strong></span> <span class='ocrx_word' id='word_1_19' title='bbox 3099 510 3194 566; x_wconf 86' lang='lat' dir='ltr'><strong>Dei</strong></span> <span class='ocrx_word' id='word_1_20' title='bbox 3227 513 3437 581; x_wconf 81' lang='lat' dir='ltr'><strong>sapien-</strong></span> 
     </span>
    </p>
   </div>
   <div class='ocr_carea' id='block_1_5' title="bbox 162 613 1762 689">
    <p class='ocr_par' dir='ltr' id='par_1_5' title="bbox 162 613 1762 689">
     <span class='ocr_line' id='line_1_5' title="bbox 162 613 1762 689; baseline -0.011 -9"><span class='ocrx_word' id='word_1_21' title='bbox 162 626 301 680; x_wconf 84' lang='lat' dir='ltr'><strong>bilcs</strong></span> <span class='ocrx_word' id='word_1_22' title='bbox 348 622 627 678; x_wconf 82' lang='lat' dir='ltr'><strong>debellare</strong></span> <span class='ocrx_word' id='word_1_23' title='bbox 682 627 929 689; x_wconf 89' lang='lat' dir='ltr'><strong>possent.</strong></span> <span class='ocrx_word' id='word_1_24' title='bbox 997 617 1218 685; x_wconf 74' lang='lat' dir='ltr'><strong>Absque</strong></span> <span class='ocrx_word' id='word_1_25' title='bbox 1299 613 1506 683; x_wconf 81' lang='lat' dir='ltr'><strong>Spiritu</strong></span> <span class='ocrx_word' id='word_1_26' title='bbox 1569 618 1762 666; x_wconf 86' lang='lat' dir='ltr'><strong>sancto</strong></span> 
     </span>
    </p>
   </div>
   <div class='ocr_carea' id='block_1_6' title="bbox 157 704 1762 785">
    <p class='ocr_par' dir='ltr' id='par_1_6' title="bbox 157 704 1762 785">
     <span class='ocr_line' id='line_1_6' title="bbox 157 704 1762 785; baseline -0.009 -15"><span class='ocrx_word' id='word_1_27' title='bbox 157 719 301 771; x_wconf 89' lang='lat' dir='ltr'><strong>cnim</strong></span> <span class='ocrx_word' id='word_1_28' title='bbox 335 731 440 770; x_wconf 82' lang='lat' dir='ltr'><strong>nec</strong></span> <span class='ocrx_word' id='word_1_29' title='bbox 470 714 711 785; x_wconf 85' lang='lat' dir='ltr'><strong>peccatis</strong></span> <span class='ocrx_word' id='word_1_30' title='bbox 754 725 986 776; x_wconf 85' lang='lat' dir='ltr'><strong>vacare,</strong></span> <span class='ocrx_word' id='word_1_31' title='bbox 1043 723 1147 764; x_wconf 90' lang='lat' dir='ltr'><strong>nec</strong></span> <span class='ocrx_word' id='word_1_32' title='bbox 1191 713 1510 778; x_wconf 89' lang='lat' dir='ltr'><strong>potestatem</strong></span> <span class='ocrx_word' id='word_1_33' title='bbox 1556 704 1762 759; x_wconf 78' lang='lat' dir='ltr'><strong>d:rmo-</strong></span> 
     </span>
    </p>
   </div>
   <div class='ocr_carea' id='block_1_7' title="bbox 163 801 1758 874">
    <p class='ocr_par' dir='ltr' id='par_1_7' title="bbox 163 801 1758 874">
     <span class='ocr_line' id='line_1_7' title="bbox 163 801 1758 874; baseline -0.009 -8"><span class='ocrx_word' id='word_1_34' title='bbox 163 827 294 866; x_wconf 90' lang='lat' dir='ltr'><strong>num</strong></span> <span class='ocrx_word' id='word_1_35' title='bbox 334 809 635 864; x_wconf 76' lang='lat' dir='ltr'><strong>adversum</strong></span> <span class='ocrx_word' id='word_1_36' title='bbox 666 822 790 874; x_wconf 84' lang='lat' dir='ltr'><strong>nos,</strong></span> <span class='ocrx_word' id='word_1_37' title='bbox 839 806 1102 873; x_wconf 76' lang='lat' dir='ltr'><strong>viresque</strong></span> <span class='ocrx_word' id='word_1_38' title='bbox 1134 801 1402 871; x_wconf 84' lang='lat' dir='ltr'><strong>repellere</strong></span> <span class='ocrx_word' id='word_1_39' title='bbox 1444 813 1758 867; x_wconf 83' lang='lat' dir='ltr'><strong>possumus.</strong></span> 
     </span>
    </p>
   </div>
   <div class='ocr_carea' id='block_1_8' title="bbox 161 893 1760 972">
    <p class='ocr_par' dir='ltr' id='par_1_8' title="bbox 161 893 1760 972">
     <span class='ocr_line' id='line_1_8' title="bbox 161 893 1760 972; baseline -0.005 -19"><span class='ocrx_word' id='word_1_40' title='bbox 161 901 442 972; x_wconf 77' lang='lat' dir='ltr'><strong>Baptizari</strong></span> <span class='ocrx_word' id='word_1_41' title='bbox 484 914 710 970; x_wconf 88' lang='lat' dir='ltr'><strong>quoque</strong></span> <span class='ocrx_word' id='word_1_42' title='bbox 743 906 961 965; x_wconf 75' lang='lat' dir='ltr'><strong>oportet</strong></span> <span class='ocrx_word' id='word_1_43' title='bbox 1003 899 1054 952; x_wconf 93' lang='lat' dir='ltr'><strong>in</strong></span> <span class='ocrx_word' id='word_1_44' title='bbox 1088 895 1360 951; x_wconf 81' lang='lat' dir='ltr'><strong>Trinitate</strong></span> <span class='ocrx_word' id='word_1_45' title='bbox 1391 893 1760 950; x_wconf 75' lang='lat' dir='ltr'><strong>consubstan-</strong></span> 
     </span>
    </p>
   </div>
   <div class='ocr_carea' id='block_1_9' title="bbox 161 987 1761 1062">
    <p class='ocr_par' dir='ltr' id='par_1_9' title="bbox 161 987 1761 1062">
     <span class='ocr_line' id='line_1_9' title="bbox 161 987 1761 1062; baseline -0.006 -15"><span class='ocrx_word' id='word_1_46' title='bbox 161 995 497 1062; x_wconf 87' lang='lat' dir='ltr'><strong>tiali,quam</strong></span> <span class='ocrx_word' id='word_1_47' title='bbox 555 1001 611 1046; x_wconf 93' lang='lat' dir='ltr'><strong>et</strong></span> <span class='ocrx_word' id='word_1_48' title='bbox 660 993 987 1052; x_wconf 78' lang='lat' dir='ltr'><strong>credimus,</strong></span> <span class='ocrx_word' id='word_1_49' title='bbox 1045 997 1206 1058; x_wconf 86' lang='lat' dir='ltr'><strong>prout</strong></span> <span class='ocrx_word' id='word_1_50' title='bbox 1259 987 1524 1043; x_wconf 80' lang='lat' dir='ltr'><strong>Dominus</strong></span> <span class='ocrx_word' id='word_1_51' title='bbox 1578 995 1761 1039; x_wconf 86' lang='lat' dir='ltr'><strong>noster</strong></span> 
     </span>
    </p>
   </div>
   <div class='ocr_carea' id='block_1_10' title="bbox 161 1080 1756 1151">
    <p class='ocr_par' dir='ltr' id='par_1_10' title="bbox 161 1080 1756 1151">
     <span class='ocr_line' id='line_1_10' title="bbox 161 1080 1756 1151; baseline -0.006 -11"><span class='ocrx_word' id='word_1_52' title='bbox 161 1085 323 1140; x_wconf 80' lang='lat' dir='ltr'><strong>Jesus</strong></span> <span class='ocrx_word' id='word_1_53' title='bbox 365 1083 627 1139; x_wconf 82' lang='lat' dir='ltr'><strong>Christus</strong></span> <span class='ocrx_word' id='word_1_54' title='bbox 674 1082 983 1151; x_wconf 77' lang='lat' dir='ltr'><strong>imperavit.</strong></span> <span class='ocrx_word' id='word_1_55' title='bbox 1017 1097 1142 1135; x_wconf 91' lang='lat' dir='ltr'><strong>cum</strong></span> <span class='ocrx_word' id='word_1_56' title='bbox 1181 1080 1448 1150; x_wconf 79' lang='lat' dir='ltr'><strong>apostolis</strong></span> <span class='ocrx_word' id='word_1_57' title='bbox 1512 1080 1587 1132; x_wconf 87' lang='lat' dir='ltr'><strong>ita</strong></span> <span class='ocrx_word' id='word_1_58' title='bbox 1623 1092 1756 1144; x_wconf 61' lang='lat' dir='ltr'><strong>pim-</strong></span> 
     </span>
    </p>
   </div>
   <div class='ocr_carea' id='block_1_11' title="bbox 162 1173 1760 1246">
    <p class='ocr_par' dir='ltr' id='par_1_11' title="bbox 162 1173 1760 1246">
     <span class='ocr_line' id='line_1_11' title="bbox 162 1173 1760 1246; baseline -0.006 -14"><span class='ocrx_word' id='word_1_59' title='bbox 162 1194 207 1232; x_wconf 79' lang='lat' dir='ltr'><strong>Ct</strong></span> <span class='ocrx_word' id='word_1_60' title='bbox 229 1179 351 1246; x_wconf 84' lang='lat' dir='ltr'><strong>pit:</strong></span> <span class='ocrx_word' id='word_1_61' title='bbox 395 1176 594 1229; x_wconf 84' lang='lat' dir='ltr'><strong>Euntes</strong></span> <span class='ocrx_word' id='word_1_62' title='bbox 631 1177 810 1228; x_wconf 83' lang='lat' dir='ltr'><strong>docete</strong></span> <span class='ocrx_word' id='word_1_63' title='bbox 839 1191 1018 1227; x_wconf 81' lang='lat' dir='ltr'><strong>omnes</strong></span> <span class='ocrx_word' id='word_1_64' title='bbox 1049 1183 1249 1244; x_wconf 79' lang='lat' dir='ltr'><strong>gentes,</strong></span> <span class='ocrx_word' id='word_1_65' title='bbox 1296 1173 1626 1240; x_wconf 70' lang='lat' dir='ltr'><strong>bttptizanfcs</strong></span> <span class='ocrx_word' id='word_1_66' title='bbox 1672 1186 1760 1224; x_wconf 84' lang='lat' dir='ltr'><strong>cos</strong></span> 
     </span>
    </p>
   </div>
   <div class='ocr_carea' id='block_1_12' title="bbox 159 1265 1755 1329">
    <p class='ocr_par' dir='ltr' id='par_1_12' title="bbox 159 1265 1755 1329">
     <span class='ocr_line' id='line_1_12' title="bbox 159 1265 1755 1329; baseline -0.003 -8"><span class='ocrx_word' id='word_1_67' title='bbox 159 1270 214 1321; x_wconf 82' lang='lat' dir='ltr'><strong>in</strong></span> <span class='ocrx_word' id='word_1_68' title='bbox 260 1271 478 1321; x_wconf 87' lang='lat' dir='ltr'><strong>notnine</strong></span> <span class='ocrx_word' id='word_1_69' title='bbox 517 1267 726 1328; x_wconf 86' lang='lat' dir='ltr'><strong>Patris,</strong></span> <span class='ocrx_word' id='word_1_70' title='bbox 755 1277 804 1319; x_wconf 90' lang='lat' dir='ltr'><strong>et</strong></span> <span class='ocrx_word' id='word_1_71' title='bbox 845 1265 1002 1328; x_wconf 84' lang='lat' dir='ltr'><strong>Filii,</strong></span> <span class='ocrx_word' id='word_1_72' title='bbox 1048 1276 1095 1318; x_wconf 87' lang='lat' dir='ltr'><strong>et</strong></span> <span class='ocrx_word' id='word_1_73' title='bbox 1143 1265 1374 1329; x_wconf 76' lang='lat' dir='ltr'><strong>Spiritus</strong></span> <span class='ocrx_word' id='word_1_74' title='bbox 1421 1265 1612 1325; x_wconf 89' lang='lat' dir='ltr'><strong>sancti.</strong></span> <span class='ocrx_word' id='word_1_75' title='bbox 1655 1265 1755 1317; x_wconf 85' lang='lat' dir='ltr'><strong>do-</strong></span> 
     </span>
    </p>
   </div>
   <div class='ocr_carea' id='block_1_13' title="bbox 159 1354 1758 1425">
    <p class='ocr_par' dir='ltr' id='par_1_13' title="bbox 159 1354 1758 1425">
     <span class='ocr_line' id='line_1_13' title="bbox 159 1354 1758 1425; baseline -0.003 -12"><span class='ocrx_word' id='word_1_76' title='bbox 159 1367 370 1422; x_wconf 78' lang='lat' dir='ltr'><strong>centes,</strong></span> <span class='ocrx_word' id='word_1_77' title='bbox 432 1374 524 1412; x_wconf 87' lang='lat' dir='ltr'><strong>eos</strong></span> <span class='ocrx_word' id='word_1_78' title='bbox 585 1374 796 1410; x_wconf 71' lang='lat' dir='ltr'><strong>servare</strong></span> <span class='ocrx_word' id='word_1_79' title='bbox 851 1358 1029 1410; x_wconf 84' lang='lat' dir='ltr'><strong>omnia</strong></span> <span class='ocrx_word' id='word_1_80' title='bbox 1107 1371 1430 1425; x_wconf 77' lang='lat' dir='ltr'><strong>quwcunque</strong></span> <span class='ocrx_word' id='word_1_81' title='bbox 1507 1354 1758 1408; x_wconf 77' lang='lat' dir='ltr'><strong>mandari</strong></span> 
     </span>
    </p>
   </div>
   <div class='ocr_carea' id='block_1_14' title="bbox 161 1447 1754 1517">
    <p class='ocr_par' dir='ltr' id='par_1_14' title="bbox 161 1447 1754 1517">
     <span class='ocr_line' id='line_1_14' title="bbox 161 1447 1754 1517; baseline -0.004 -11"><span class='ocrx_word' id='word_1_82' title='bbox 161 1453 308 1506; x_wconf 76' lang='lat' dir='ltr'><strong>rubis</strong></span> <span class='ocrx_word' id='word_1_83' title='bbox 339 1452 415 1506; x_wconf 83' lang='grc'><strong><em>³⁸.</em></strong></span> <span class='ocrx_word' id='word_1_84' title='bbox 481 1450 614 1516; x_wconf 64' lang='lat' dir='ltr'><strong>Quae</strong></span> <span class='ocrx_word' id='word_1_85' title='bbox 661 1451 709 1504; x_wconf 89' lang='lat' dir='ltr'><strong>si</strong></span> <span class='ocrx_word' id='word_1_86' title='bbox 761 1465 1070 1512; x_wconf 75' lang='lat' dir='ltr'><strong>servemus.</strong></span> <span class='ocrx_word' id='word_1_87' title='bbox 1134 1458 1376 1503; x_wconf 77' lang='lat' dir='ltr'><strong>nOstram</strong></span> <span class='ocrx_word' id='word_1_88' title='bbox 1439 1462 1568 1517; x_wconf 78' lang='lat' dir='ltr'><strong>erga</strong></span> <span class='ocrx_word' id='word_1_89' title='bbox 1601 1447 1754 1502; x_wconf 86' lang='lat' dir='ltr'><strong>illum</strong></span> 
     </span>
    </p>
   </div>
   <div class='ocr_carea' id='block_1_15' title="bbox 160 1542 1754 1610">
    <p class='ocr_par' dir='ltr' id='par_1_15' title="bbox 160 1542 1754 1610">
     <span class='ocr_line' id='line_1_15' title="bbox 160 1542 1754 1610; baseline -0.005 -11"><span class='ocrx_word' id='word_1_90' title='bbox 160 1545 496 1599; x_wconf 81' lang='lat' dir='ltr'><strong>charitatem</strong></span> <span class='ocrx_word' id='word_1_91' title='bbox 523 1543 992 1604; x_wconf 73' lang='lat' dir='ltr'><strong>demonstraturus,</strong></span> <span class='ocrx_word' id='word_1_92' title='bbox 1030 1550 1084 1595; x_wconf 92' lang='lat' dir='ltr'><strong>et</strong></span> <span class='ocrx_word' id='word_1_93' title='bbox 1115 1542 1207 1610; x_wconf 93' lang='lat' dir='ltr'><strong>qui</strong></span> <span class='ocrx_word' id='word_1_94' title='bbox 1241 1542 1291 1592; x_wconf 91' lang='lat' dir='ltr'><strong>iu</strong></span> <span class='ocrx_word' id='word_1_95' title='bbox 1313 1556 1376 1594; x_wconf 85' lang='lat' dir='ltr'><strong>ea</strong></span> <span class='ocrx_word' id='word_1_96' title='bbox 1411 1554 1754 1604; x_wconf 80' lang='lat' dir='ltr'><strong>maneamus,</strong></span> 
     </span>
    </p>
   </div>
   <div class='ocr_carea' id='block_1_16' title="bbox 157 1629 1754 1703">
    <p class='ocr_par' dir='ltr' id='par_1_16' title="bbox 157 1629 1754 1703">
     <span class='ocr_line' id='line_1_16' title="bbox 157 1629 1754 1703; baseline -0.001 -18"><span class='ocrx_word' id='word_1_97' title='bbox 157 1635 312 1703; x_wconf 74' lang='lat' dir='ltr'><strong>digni</strong></span> <span class='ocrx_word' id='word_1_98' title='bbox 355 1635 662 1700; x_wconf 88' lang='lat' dir='ltr'><strong>habemur;</strong></span> <span class='ocrx_word' id='word_1_99' title='bbox 713 1635 854 1688; x_wconf 86' lang='lat' dir='ltr'><strong>sicut</strong></span> <span class='ocrx_word' id='word_1_100' title='bbox 886 1635 1153 1702; x_wconf 87' lang='lat' dir='ltr'><strong>scriptum</strong></span> <span class='ocrx_word' id='word_1_101' title='bbox 1193 1649 1206 1686; x_wconf 90' lang='lat'><strong>:</strong></span> <span class='ocrx_word' id='word_1_102' title='bbox 1243 1630 1302 1687; x_wconf 88' lang='lat' dir='ltr'><strong>Si</strong></span> <span class='ocrx_word' id='word_1_103' title='bbox 1343 1629 1602 1684; x_wconf 84' lang='lat' dir='ltr'><strong>mandata</strong></span> <span class='ocrx_word' id='word_1_104' title='bbox 1637 1648 1754 1685; x_wconf 91' lang='lat' dir='ltr'><strong>mea</strong></span> 
     </span>
    </p>
   </div>
   <div class='ocr_carea' id='block_1_17' title="bbox 158 1725 1752 1790">
    <p class='ocr_par' dir='ltr' id='par_1_17' title="bbox 158 1725 1752 1790">
     <span class='ocr_line' id='line_1_17' title="bbox 158 1725 1752 1790; baseline -0.002 -9"><span class='ocrx_word' id='word_1_105' title='bbox 158 1728 530 1790; x_wconf 76' lang='lat' dir='ltr'><strong>servaveritis,</strong></span> <span class='ocrx_word' id='word_1_106' title='bbox 568 1726 849 1780; x_wconf 84' lang='lat' dir='ltr'><strong>manebitis</strong></span> <span class='ocrx_word' id='word_1_107' title='bbox 899 1727 953 1779; x_wconf 86' lang='lat' dir='ltr'><strong>in</strong></span> <span class='ocrx_word' id='word_1_108' title='bbox 1010 1725 1291 1779; x_wconf 84' lang='lat' dir='ltr'><strong>dilectione</strong></span> <span class='ocrx_word' id='word_1_109' title='bbox 1337 1741 1452 1778; x_wconf 88' lang='lat' dir='ltr'><strong>mea</strong></span> <span class='ocrx_word' id='word_1_110' title='bbox 1483 1740 1502 1778; x_wconf 89' lang='lat'><strong>:</strong></span> <span class='ocrx_word' id='word_1_111' title='bbox 1538 1726 1670 1778; x_wconf 88' lang='lat' dir='ltr'><strong>sicut</strong></span> <span class='ocrx_word' id='word_1_112' title='bbox 1705 1736 1752 1778; x_wconf 78' lang='lat' dir='ltr'><strong>et</strong></span> 
     </span>
    </p>
   </div>
   <div class='ocr_carea' id='block_1_18' title="bbox 154 1815 1752 1888">
    <p class='ocr_par' dir='ltr' id='par_1_18' title="bbox 154 1815 1752 1888">
     <span class='ocr_line' id='line_1_18' title="bbox 154 1815 1752 1888; baseline -0.002 -15"><span class='ocrx_word' id='word_1_113' title='bbox 154 1834 250 1888; x_wconf 72' lang='lat' dir='ltr'><strong>ego</strong></span> <span class='ocrx_word' id='word_1_114' title='bbox 282 1819 468 1872; x_wconf 84' lang='lat' dir='ltr'><strong>Patris</strong></span> <span class='ocrx_word' id='word_1_115' title='bbox 505 1820 606 1872; x_wconf 88' lang='lat' dir='ltr'><strong>mei</strong></span> <span class='ocrx_word' id='word_1_116' title='bbox 646 1829 913 1886; x_wconf 61' lang='lat' dir='ltr'><strong>praecepta</strong></span> <span class='ocrx_word' id='word_1_117' title='bbox 949 1819 1178 1881; x_wconf 77' lang='lat' dir='ltr'><strong>servavi,</strong></span> <span class='ocrx_word' id='word_1_118' title='bbox 1233 1829 1281 1870; x_wconf 88' lang='lat' dir='ltr'><strong>et</strong></span> <span class='ocrx_word' id='word_1_119' title='bbox 1333 1833 1519 1871; x_wconf 85' lang='lat' dir='ltr'><strong>maneo</strong></span> <span class='ocrx_word' id='word_1_120' title='bbox 1557 1815 1610 1870; x_wconf 85' lang='lat' dir='ltr'><strong>in</strong></span> <span class='ocrx_word' id='word_1_121' title='bbox 1640 1817 1752 1884; x_wconf 85' lang='lat' dir='ltr'><strong>ejus</strong></span> 
     </span>
    </p>
   </div>
   <div class='ocr_carea' id='block_1_19' title="bbox 157 1906 1754 1971">
    <p class='ocr_par' dir='ltr' id='par_1_19' title="bbox 157 1906 1754 1971">
     <span class='ocr_line' id='line_1_19' title="bbox 157 1906 1754 1971; baseline -0.001 -10"><span class='ocrx_word' id='word_1_122' title='bbox 157 1910 448 1962; x_wconf 83' lang='lat' dir='ltr'><strong>dilectione</strong></span> <span class='ocrx_word' id='word_1_123' title='bbox 474 1909 546 1962; x_wconf 79' lang='grc' dir='ltr'><strong>⁸ο.</strong></span> <span class='ocrx_word' id='word_1_124' title='bbox 602 1909 658 1962; x_wconf 88' lang='lat' dir='ltr'><strong>Si</strong></span> <span class='ocrx_word' id='word_1_125' title='bbox 701 1924 812 1961; x_wconf 93' lang='lat' dir='ltr'><strong>non</strong></span> <span class='ocrx_word' id='word_1_126' title='bbox 860 1922 1166 1971; x_wconf 81' lang='lat' dir='ltr'><strong>servemus,</strong></span> <span class='ocrx_word' id='word_1_127' title='bbox 1217 1906 1369 1960; x_wconf 87' lang='lat' dir='ltr'><strong>illum</strong></span> <span class='ocrx_word' id='word_1_128' title='bbox 1425 1922 1534 1960; x_wconf 89' lang='lat' dir='ltr'><strong>non</strong></span> <span class='ocrx_word' id='word_1_129' title='bbox 1568 1921 1754 1960; x_wconf 80' lang='lat' dir='ltr'><strong>amare</strong></span> 
     </span>
    </p>
   </div>
   <div class='ocr_carea' id='block_1_20' title="bbox 160 1999 1754 2068">
    <p class='ocr_par' dir='ltr' id='par_1_20' title="bbox 160 1999 1754 2068">
     <span class='ocr_line' id='line_1_20' title="bbox 160 1999 1754 2068; baseline -0.001 -13"><span class='ocrx_word' id='word_1_130' title='bbox 160 2003 552 2055; x_wconf 86' lang='lat' dir='ltr'><strong>convincimur</strong></span> <span class='ocrx_word' id='word_1_131' title='bbox 584 2019 596 2058; x_wconf 94' lang='lat'><strong>:</strong></span> <span class='ocrx_word' id='word_1_132' title='bbox 632 2001 738 2066; x_wconf 85' lang='lat' dir='ltr'><strong>Qui</strong></span> <span class='ocrx_word' id='word_1_133' title='bbox 765 2003 907 2056; x_wconf 86' lang='lat' dir='ltr'><strong>enim</strong></span> <span class='ocrx_word' id='word_1_134' title='bbox 948 2017 1052 2055; x_wconf 88' lang='lat' dir='ltr'><strong>non</strong></span> <span class='ocrx_word' id='word_1_135' title='bbox 1082 2001 1254 2068; x_wconf 77' lang='lat' dir='ltr'><strong>diligit</strong></span> <span class='ocrx_word' id='word_1_136' title='bbox 1297 2016 1398 2064; x_wconf 88' lang='lat' dir='ltr'><strong>me,</strong></span> <span class='ocrx_word' id='word_1_137' title='bbox 1430 2000 1608 2068; x_wconf 91' lang='lat' dir='ltr'><strong>inquit</strong></span> <span class='ocrx_word' id='word_1_138' title='bbox 1649 1999 1754 2053; x_wconf 84' lang='lat' dir='ltr'><strong>Do-</strong></span> 
     </span>
    </p>
   </div>
   <div class='ocr_carea' id='block_1_21' title="bbox 162 2091 1751 2153">
    <p class='ocr_par' dir='ltr' id='par_1_21' title="bbox 162 2091 1751 2153">
     <span class='ocr_line' id='line_1_21' title="bbox 162 2091 1751 2153; baseline 0.001 -9"><span class='ocrx_word' id='word_1_139' title='bbox 162 2093 378 2153; x_wconf 73' lang='lat' dir='ltr'><strong>minus.</strong></span> <span class='ocrx_word' id='word_1_140' title='bbox 426 2110 696 2147; x_wconf 82' lang='lat' dir='ltr'><strong>sermones</strong></span> <span class='ocrx_word' id='word_1_141' title='bbox 742 2111 885 2148; x_wconf 86' lang='lat' dir='ltr'><strong>meos</strong></span> <span class='ocrx_word' id='word_1_142' title='bbox 938 2110 1041 2146; x_wconf 86' lang='lat' dir='ltr'><strong>non</strong></span> <span class='ocrx_word' id='word_1_143' title='bbox 1084 2091 1354 2145; x_wconf 81' lang='lat' dir='ltr'><strong>servat“.</strong></span> <span class='ocrx_word' id='word_1_144' title='bbox 1383 2091 1474 2144; x_wconf 55' lang='lat' dir='ltr'><strong>&#39;Et</strong></span> <span class='ocrx_word' id='word_1_145' title='bbox 1505 2095 1698 2145; x_wconf 85' lang='lat' dir='ltr'><strong>iterum</strong></span> <span class='ocrx_word' id='word_1_146' title='bbox 1736 2105 1751 2145; x_wconf 87' lang='lat'><strong>:</strong></span> 
     </span>
    </p>
   </div>
   <div class='ocr_carea' id='block_1_22' title="bbox 161 2180 1754 2251">
    <p class='ocr_par' dir='ltr' id='par_1_22' title="bbox 161 2180 1754 2251">
     <span class='ocr_line' id='line_1_22' title="bbox 161 2180 1754 2251; baseline 0.001 -17"><span class='ocrx_word' id='word_1_147' title='bbox 161 2180 270 2246; x_wconf 83' lang='lat' dir='ltr'><strong>Qui</strong></span> <span class='ocrx_word' id='word_1_148' title='bbox 297 2183 458 2236; x_wconf 75' lang='lat' dir='ltr'><strong>liabet</strong></span> <span class='ocrx_word' id='word_1_149' title='bbox 491 2188 752 2237; x_wconf 85' lang='lat' dir='ltr'><strong>mandata</strong></span> <span class='ocrx_word' id='word_1_150' title='bbox 780 2201 919 2248; x_wconf 90' lang='lat' dir='ltr'><strong>mea,</strong></span> <span class='ocrx_word' id='word_1_151' title='bbox 973 2193 1021 2237; x_wconf 89' lang='lat' dir='ltr'><strong>et</strong></span> <span class='ocrx_word' id='word_1_152' title='bbox 1069 2193 1241 2237; x_wconf 80' lang='lat' dir='ltr'><strong>seruat</strong></span> <span class='ocrx_word' id='word_1_153' title='bbox 1295 2200 1381 2248; x_wconf 86' lang='lat' dir='ltr'><strong>ea,</strong></span> <span class='ocrx_word' id='word_1_154' title='bbox 1418 2183 1508 2237; x_wconf 84' lang='lat' dir='ltr'><strong>ille</strong></span> <span class='ocrx_word' id='word_1_155' title='bbox 1544 2195 1621 2238; x_wconf 85' lang='lat' dir='ltr'><strong>est</strong></span> <span class='ocrx_word' id='word_1_156' title='bbox 1662 2182 1754 2251; x_wconf 87' lang='lat' dir='ltr'><strong>qui</strong></span> 
     </span>
    </p>
   </div>
   <div class='ocr_carea' id='block_1_23' title="bbox 160 2275 1750 2347">
    <p class='ocr_par' dir='ltr' id='par_1_23' title="bbox 160 2275 1750 2347">
     <span class='ocr_line' id='line_1_23' title="bbox 160 2275 1750 2347; baseline 0 -21"><span class='ocrx_word' id='word_1_157' title='bbox 160 2277 344 2345; x_wconf 81' lang='lat' dir='ltr'><strong>diligit</strong></span> <span class='ocrx_word' id='word_1_158' title='bbox 380 2293 461 2329; x_wconf 87' lang='lat' dir='ltr'><strong>me</strong></span> <span class='ocrx_word' id='word_1_159' title='bbox 485 2277 550 2330; x_wconf 83' lang='lat'><strong>&quot;.</strong></span> <span class='ocrx_word' id='word_1_160' title='bbox 583 2277 930 2346; x_wconf 82' lang='lat' dir='ltr'><strong>Quapropter</strong></span> <span class='ocrx_word' id='word_1_161' title='bbox 970 2292 1065 2347; x_wconf 75' lang='lat' dir='ltr'><strong>qur</strong></span> <span class='ocrx_word' id='word_1_162' title='bbox 1117 2276 1180 2330; x_wconf 86' lang='lat' dir='ltr'><strong>in-</strong></span> <span class='ocrx_word' id='word_1_163' title='bbox 1224 2275 1505 2331; x_wconf 87' lang='lat' dir='ltr'><strong>Christum</strong></span> <span class='ocrx_word' id='word_1_164' title='bbox 1553 2276 1750 2340; x_wconf 79' lang='lat' dir='ltr'><strong>credit,</strong></span> 
     </span>
    </p>
   </div>
   <div class='ocr_carea' id='block_1_24' title="bbox 163 2370 1755 2440">
    <p class='ocr_par' dir='ltr' id='par_1_24' title="bbox 163 2370 1755 2440">
     <span class='ocr_line' id='line_1_24' title="bbox 163 2370 1755 2440; baseline 0.001 -18"><span class='ocrx_word' id='word_1_165' title='bbox 163 2385 273 2422; x_wconf 86' lang='lat' dir='ltr'><strong>non</strong></span> <span class='ocrx_word' id='word_1_166' title='bbox 313 2373 480 2424; x_wconf 84' lang='lat' dir='ltr'><strong>habet</strong></span> <span class='ocrx_word' id='word_1_167' title='bbox 514 2371 658 2423; x_wconf 83' lang='lat' dir='ltr'><strong>aliud</strong></span> <span class='ocrx_word' id='word_1_168' title='bbox 691 2373 867 2440; x_wconf 85' lang='lat' dir='ltr'><strong>prius,</strong></span> <span class='ocrx_word' id='word_1_169' title='bbox 919 2385 1030 2439; x_wconf 88' lang='lat' dir='ltr'><strong>quo</strong></span> <span class='ocrx_word' id='word_1_170' title='bbox 1085 2370 1244 2424; x_wconf 86' lang='lat' dir='ltr'><strong>fidem</strong></span> <span class='ocrx_word' id='word_1_171' title='bbox 1301 2384 1456 2423; x_wconf 85' lang='lat' dir='ltr'><strong>suam</strong></span> <span class='ocrx_word' id='word_1_172' title='bbox 1500 2370 1755 2423; x_wconf 57' lang='lat' dir='ltr'><strong>ostendat</strong></span> 
     </span>
    </p>
   </div>
   <div class='ocr_carea' id='block_1_25' title="bbox 164 2460 1752 2534">
    <p class='ocr_par' dir='ltr' id='par_1_25' title="bbox 164 2460 1752 2534">
     <span class='ocr_line' id='line_1_25' title="bbox 164 2460 1752 2534; baseline 0.001 -20"><span class='ocrx_word' id='word_1_173' title='bbox 164 2478 228 2516; x_wconf 86' lang='lat' dir='ltr'><strong>ac</strong></span> <span class='ocrx_word' id='word_1_174' title='bbox 266 2467 484 2531; x_wconf 75' lang='lat' dir='ltr'><strong>probet,</strong></span> <span class='ocrx_word' id='word_1_175' title='bbox 525 2464 630 2516; x_wconf 85' lang='lat' dir='ltr'><strong>nisi</strong></span> <span class='ocrx_word' id='word_1_176' title='bbox 674 2464 801 2532; x_wconf 85' lang='lat' dir='ltr'><strong>quia</strong></span> <span class='ocrx_word' id='word_1_177' title='bbox 854 2462 1016 2534; x_wconf 77' lang='lat' dir='ltr'><strong>fugit,</strong></span> <span class='ocrx_word' id='word_1_178' title='bbox 1059 2476 1183 2533; x_wconf 77' lang='lat' dir='ltr'><strong>qua:</strong></span> <span class='ocrx_word' id='word_1_179' title='bbox 1226 2461 1316 2516; x_wconf 87' lang='lat' dir='ltr'><strong>ille</strong></span> <span class='ocrx_word' id='word_1_180' title='bbox 1363 2460 1665 2531; x_wconf 88' lang='lat' dir='ltr'><strong>prohibuit,</strong></span> <span class='ocrx_word' id='word_1_181' title='bbox 1696 2470 1752 2516; x_wconf 91' lang='lat' dir='ltr'><strong>et</strong></span> 
     </span>
    </p>
   </div>
   <div class='ocr_carea' id='block_1_26' title="bbox 162 2555 662 2624">
    <p class='ocr_par' dir='ltr' id='par_1_26' title="bbox 162 2555 662 2624">
     <span class='ocr_line' id='line_1_26' title="bbox 162 2555 662 2624; baseline -0.002 -15"><span class='ocrx_word' id='word_1_182' title='bbox 162 2555 297 2610; x_wconf 90' lang='lat' dir='ltr'><strong>facit</strong></span> <span class='ocrx_word' id='word_1_183' title='bbox 329 2571 454 2623; x_wconf 64' lang='lat' dir='ltr'><strong>quae</strong></span> <span class='ocrx_word' id='word_1_184' title='bbox 476 2555 662 2624; x_wconf 87' lang='lat' dir='ltr'><strong>jussit.</strong></span> 
     </span>
    </p>
   </div>
   <div class='ocr_carea' id='block_1_27' title="bbox 231 2647 1738 2707">
    <p class='ocr_par' dir='ltr' id='par_1_27' title="bbox 231 2647 1738 2707">
     <span class='ocr_line' id='line_1_27' title="bbox 231 2647 1738 2707; baseline 0.003 -5"><span class='ocrx_word' id='word_1_185' title='bbox 231 2647 572 2702; x_wconf 56' lang='lat' dir='ltr'><strong>Prae-larum</strong></span> <span class='ocrx_word' id='word_1_186' title='bbox 627 2659 712 2704; x_wconf 88' lang='lat' dir='ltr'><strong>est</strong></span> <span class='ocrx_word' id='word_1_187' title='bbox 746 2651 800 2704; x_wconf 91' lang='lat' dir='ltr'><strong>in</strong></span> <span class='ocrx_word' id='word_1_188' title='bbox 841 2650 1124 2705; x_wconf 78' lang='lat' dir='ltr'><strong>Christum</strong></span> <span class='ocrx_word' id='word_1_189' title='bbox 1156 2649 1428 2705; x_wconf 84' lang='lat' dir='ltr'><strong>credere:</strong></span> <span class='ocrx_word' id='word_1_190' title='bbox 1489 2651 1584 2706; x_wconf 86' lang='lat' dir='ltr'><strong>sed</strong></span> <span class='ocrx_word' id='word_1_191' title='bbox 1643 2667 1738 2707; x_wconf 87' lang='lat' dir='ltr'><strong>nc-</strong></span> 
     </span>
    </p>
   </div>
   <div class='ocr_carea' id='block_1_28' title="bbox 163 2742 1752 2815">
    <p class='ocr_par' dir='ltr' id='par_1_28' title="bbox 163 2742 1752 2815">
     <span class='ocr_line' id='line_1_28' title="bbox 163 2742 1752 2815; baseline 0.003 -21"><span class='ocrx_word' id='word_1_192' title='bbox 163 2755 324 2795; x_wconf 83' lang='lat' dir='ltr'><strong>cesse</strong></span> <span class='ocrx_word' id='word_1_193' title='bbox 356 2751 446 2794; x_wconf 67' lang='lat' dir='ltr'><strong>est</strong></span> <span class='ocrx_word' id='word_1_194' title='bbox 493 2745 656 2793; x_wconf 85' lang='lat' dir='ltr'><strong>ctiam</strong></span> <span class='ocrx_word' id='word_1_195' title='bbox 695 2742 915 2796; x_wconf 77' lang='lat' dir='ltr'><strong>Christo</strong></span> <span class='ocrx_word' id='word_1_196' title='bbox 950 2743 1201 2797; x_wconf 86' lang='lat' dir='ltr'><strong>credere.</strong></span> <span class='ocrx_word' id='word_1_197' title='bbox 1235 2743 1368 2797; x_wconf 83' lang='lat' dir='ltr'><strong>Nam</strong></span> <span class='ocrx_word' id='word_1_198' title='bbox 1401 2744 1492 2815; x_wconf 90' lang='lat' dir='ltr'><strong>qui</strong></span> <span class='ocrx_word' id='word_1_199' title='bbox 1527 2743 1752 2799; x_wconf 87' lang='lat' dir='ltr'><strong>Christo</strong></span> 
     </span>
    </p>
   </div>
   <div class='ocr_carea' id='block_1_29' title="bbox 167 2833 1748 2905">
    <p class='ocr_par' dir='ltr' id='par_1_29' title="bbox 167 2833 1748 2905">
     <span class='ocr_line' id='line_1_29' title="bbox 167 2833 1748 2905; baseline 0.003 -20"><span class='ocrx_word' id='word_1_200' title='bbox 167 2851 278 2886; x_wconf 84' lang='lat' dir='ltr'><strong>nou</strong></span> <span class='ocrx_word' id='word_1_201' title='bbox 312 2833 513 2895; x_wconf 86' lang='lat' dir='ltr'><strong>credit,</strong></span> <span class='ocrx_word' id='word_1_202' title='bbox 562 2849 614 2885; x_wconf 67' lang='lat' dir='ltr'><strong>an</strong></span> <span class='ocrx_word' id='word_1_203' title='bbox 668 2835 950 2888; x_wconf 85' lang='lat' dir='ltr'><strong>Christum</strong></span> <span class='ocrx_word' id='word_1_204' title='bbox 1001 2834 1276 2888; x_wconf 88' lang='lat' dir='ltr'><strong>credendo</strong></span> <span class='ocrx_word' id='word_1_205' title='bbox 1327 2835 1463 2888; x_wconf 87' lang='lat' dir='ltr'><strong>nihil</strong></span> <span class='ocrx_word' id='word_1_206' title='bbox 1511 2836 1748 2905; x_wconf 77' lang='lat' dir='ltr'><strong>prolicit.</strong></span> 
     </span>
    </p>
   </div>
   <div class='ocr_carea' id='block_1_30' title="bbox 162 2923 1748 2991">
    <p class='ocr_par' dir='ltr' id='par_1_30' title="bbox 162 2923 1748 2991">
     <span class='ocr_line' id='line_1_30' title="bbox 162 2923 1748 2991; baseline 0.003 -16"><span class='ocrx_word' id='word_1_207' title='bbox 162 2925 408 2977; x_wconf 76' lang='lat' dir='ltr'><strong>Credere</strong></span> <span class='ocrx_word' id='word_1_208' title='bbox 474 2923 698 2991; x_wconf 87' lang='lat' dir='ltr'><strong>quidem</strong></span> <span class='ocrx_word' id='word_1_209' title='bbox 765 2925 818 2976; x_wconf 92' lang='lat' dir='ltr'><strong>in</strong></span> <span class='ocrx_word' id='word_1_210' title='bbox 873 2923 1158 2976; x_wconf 75' lang='lat' dir='ltr'><strong>Christum</strong></span> <span class='ocrx_word' id='word_1_211' title='bbox 1226 2923 1523 2988; x_wconf 90' lang='lat' dir='ltr'><strong>debemus.</strong></span> <span class='ocrx_word' id='word_1_212' title='bbox 1579 2937 1638 2979; x_wconf 91' lang='lat' dir='ltr'><strong>ut</strong></span> <span class='ocrx_word' id='word_1_213' title='bbox 1696 2927 1748 2980; x_wconf 94' lang='lat' dir='ltr'><strong>in</strong></span> 
     </span>
    </p>
   </div>
   <div class='ocr_carea' id='block_1_31' title="bbox 165 3014 1748 3078">
    <p class='ocr_par' dir='ltr' id='par_1_31' title="bbox 165 3014 1748 3078">
     <span class='ocr_line' id='line_1_31' title="bbox 165 3014 1748 3078; baseline 0.003 -11"><span class='ocrx_word' id='word_1_214' title='bbox 165 3014 364 3076; x_wconf 84' lang='lat' dir='ltr'><strong>Dcunt,</strong></span> <span class='ocrx_word' id='word_1_215' title='bbox 402 3016 933 3070; x_wconf 82' lang='lat' dir='ltr'><strong>consubstantialem</strong></span> <span class='ocrx_word' id='word_1_216' title='bbox 993 3016 1102 3070; x_wconf 91' lang='lat' dir='ltr'><strong>Deo</strong></span> <span class='ocrx_word' id='word_1_217' title='bbox 1137 3027 1193 3070; x_wconf 92' lang='lat' dir='ltr'><strong>et</strong></span> <span class='ocrx_word' id='word_1_218' title='bbox 1242 3015 1416 3078; x_wconf 81' lang='lat' dir='ltr'><strong>Patri,</strong></span> <span class='ocrx_word' id='word_1_219' title='bbox 1473 3018 1748 3072; x_wconf 83' lang='lat' dir='ltr'><strong>hominem</strong></span> 
     </span>
    </p>
   </div>
   <div class='ocr_carea' id='block_1_32' title="bbox 163 3110 1746 3177">
    <p class='ocr_par' dir='ltr' id='par_1_32' title="bbox 163 3110 1746 3177">
     <span class='ocr_line' id='line_1_32' title="bbox 163 3110 1746 3177; baseline 0.001 -17"><span class='ocrx_word' id='word_1_220' title='bbox 163 3121 355 3160; x_wconf 81' lang='lat' dir='ltr'><strong>natum</strong></span> <span class='ocrx_word' id='word_1_221' title='bbox 390 3118 612 3177; x_wconf 78' lang='lat' dir='ltr'><strong>prapter</strong></span> <span class='ocrx_word' id='word_1_222' title='bbox 641 3125 765 3173; x_wconf 88' lang='lat' dir='ltr'><strong>nos,</strong></span> <span class='ocrx_word' id='word_1_223' title='bbox 816 3122 874 3164; x_wconf 85' lang='lat' dir='ltr'><strong>ut</strong></span> <span class='ocrx_word' id='word_1_224' title='bbox 906 3110 1114 3163; x_wconf 87' lang='lat' dir='ltr'><strong>dictum</strong></span> <span class='ocrx_word' id='word_1_225' title='bbox 1163 3120 1266 3165; x_wconf 91' lang='lat' dir='ltr'><strong>est.</strong></span> <span class='ocrx_word' id='word_1_226' title='bbox 1300 3111 1537 3166; x_wconf 85' lang='lat' dir='ltr'><strong>Credere</strong></span> <span class='ocrx_word' id='word_1_227' title='bbox 1565 3122 1746 3166; x_wconf 87' lang='lat' dir='ltr'><strong>autem</strong></span> 
     </span>
    </p>
   </div>
   <div class='ocr_carea' id='block_1_33' title="bbox 163 3203 1822 3282">
    <p class='ocr_par' dir='ltr' id='par_1_33' title="bbox 163 3203 1822 3282">
     <span class='ocr_line' id='line_1_33' title="bbox 163 3203 1822 3282; baseline 0.002 -28"><span class='ocrx_word' id='word_1_228' title='bbox 163 3203 240 3254; x_wconf 91' lang='lat' dir='ltr'><strong>illi</strong></span> <span class='ocrx_word' id='word_1_229' title='bbox 286 3203 456 3255; x_wconf 83' lang='lat' dir='ltr'><strong>etiam</strong></span> <span class='ocrx_word' id='word_1_230' title='bbox 509 3203 563 3256; x_wconf 90' lang='lat' dir='ltr'><strong>in</strong></span> <span class='ocrx_word' id='word_1_231' title='bbox 605 3204 866 3256; x_wconf 90' lang='lat' dir='ltr'><strong>omnibus</strong></span> <span class='ocrx_word' id='word_1_232' title='bbox 901 3219 1022 3272; x_wconf 85' lang='lat' dir='ltr'><strong>qu:e</strong></span> <span class='ocrx_word' id='word_1_233' title='bbox 1055 3203 1273 3257; x_wconf 80' lang='lat' dir='ltr'><strong>locutus</strong></span> <span class='ocrx_word' id='word_1_234' title='bbox 1326 3211 1432 3266; x_wconf 83' lang='lat' dir='ltr'><strong>est,</strong></span> <span class='ocrx_word' id='word_1_235' title='bbox 1470 3221 1664 3272; x_wconf 91' lang='lat' dir='ltr'><strong>nempe</strong></span> <span class='ocrx_word' id='word_1_236' title='bbox 1697 3207 1749 3258; x_wconf 91' lang='lat' dir='ltr'><strong>in</strong></span> <span class='ocrx_word' id='word_1_237' title='bbox 1781 3225 1822 3282; x_wconf 69' lang='grc' dir='ltr'>ο</span> 
     </span>
    </p>
   </div>
   <div class='ocr_carea' id='block_1_34' title="bbox 162 3294 1753 3367">
    <p class='ocr_par' dir='ltr' id='par_1_34' title="bbox 162 3294 1753 3367">
     <span class='ocr_line' id='line_1_34' title="bbox 162 3294 1753 3367; baseline 0.005 -20"><span class='ocrx_word' id='word_1_238' title='bbox 162 3294 325 3348; x_wconf 89' lang='lat' dir='ltr'><strong>bonis</strong></span> <span class='ocrx_word' id='word_1_239' title='bbox 357 3310 424 3346; x_wconf 89' lang='lat' dir='ltr'><strong>ac</strong></span> <span class='ocrx_word' id='word_1_240' title='bbox 453 3296 699 3363; x_wconf 62' lang='lat' dir='ltr'><strong>prmuiis</strong></span> <span class='ocrx_word' id='word_1_241' title='bbox 745 3311 867 3363; x_wconf 73' lang='lat' dir='ltr'><strong>qua:</strong></span> <span class='ocrx_word' id='word_1_242' title='bbox 916 3296 1220 3363; x_wconf 77' lang='lat' dir='ltr'><strong>pollicitus,</strong></span> <span class='ocrx_word' id='word_1_243' title='bbox 1255 3305 1308 3348; x_wconf 91' lang='lat' dir='ltr'><strong>ct</strong></span> <span class='ocrx_word' id='word_1_244' title='bbox 1361 3297 1414 3350; x_wconf 91' lang='lat' dir='ltr'><strong>in</strong></span> <span class='ocrx_word' id='word_1_245' title='bbox 1469 3300 1753 3367; x_wconf 76' lang='lat' dir='ltr'><strong>suppl;ciis</strong></span> 
     </span>
    </p>
   </div>
   <div class='ocr_carea' id='block_1_35' title="bbox 163 3386 1753 3459">
    <p class='ocr_par' dir='ltr' id='par_1_35' title="bbox 163 3386 1753 3459">
     <span class='ocr_line' id='line_1_35' title="bbox 163 3386 1753 3459; baseline 0.004 -21"><span class='ocrx_word' id='word_1_246' title='bbox 163 3402 291 3455; x_wconf 70' lang='lat' dir='ltr'><strong>qua:</strong></span> <span class='ocrx_word' id='word_1_247' title='bbox 340 3388 716 3442; x_wconf 83' lang='lat' dir='ltr'><strong>comminatus</strong></span> <span class='ocrx_word' id='word_1_248' title='bbox 778 3397 883 3441; x_wconf 91' lang='lat' dir='ltr'><strong>est.</strong></span> <span class='ocrx_word' id='word_1_249' title='bbox 935 3386 1150 3441; x_wconf 87' lang='lat' dir='ltr'><strong>Etenim</strong></span> <span class='ocrx_word' id='word_1_250' title='bbox 1199 3397 1491 3459; x_wconf 78' lang='lat' dir='ltr'><strong>martyres,</strong></span> <span class='ocrx_word' id='word_1_251' title='bbox 1548 3393 1640 3459; x_wconf 88' lang='lat' dir='ltr'><strong>qui</strong></span> <span class='ocrx_word' id='word_1_252' title='bbox 1699 3393 1753 3447; x_wconf 92' lang='lat' dir='ltr'><strong>in</strong></span> 
     </span>
    </p>
   </div>
   <div class='ocr_carea' id='block_1_36' title="bbox 162 3480 1755 3549">
    <p class='ocr_par' dir='ltr' id='par_1_36' title="bbox 162 3480 1755 3549">
     <span class='ocr_line' id='line_1_36' title="bbox 162 3480 1755 3549; baseline 0.004 -17"><span class='ocrx_word' id='word_1_253' title='bbox 162 3495 290 3532; x_wconf 86' lang='lat' dir='ltr'><strong>eum</strong></span> <span class='ocrx_word' id='word_1_254' title='bbox 318 3480 698 3542; x_wconf 79' lang='lat' dir='ltr'><strong>crediderunt,</strong></span> <span class='ocrx_word' id='word_1_255' title='bbox 721 3494 845 3533; x_wconf 90' lang='lat' dir='ltr'><strong>cum</strong></span> <span class='ocrx_word' id='word_1_256' title='bbox 871 3480 1238 3535; x_wconf 84' lang='lat' dir='ltr'><strong>credidissent</strong></span> <span class='ocrx_word' id='word_1_257' title='bbox 1264 3481 1466 3535; x_wconf 79' lang='lat' dir='ltr'><strong>dicenti</strong></span> <span class='ocrx_word' id='word_1_258' title='bbox 1496 3501 1506 3534; x_wconf 89' lang='lat'><strong>:</strong></span> <span class='ocrx_word' id='word_1_259' title='bbox 1539 3483 1645 3549; x_wconf 82' lang='lat' dir='ltr'><strong>Qui</strong></span> <span class='ocrx_word' id='word_1_260' title='bbox 1675 3501 1755 3539; x_wconf 89' lang='lat' dir='ltr'><strong>me</strong></span> 
     </span>
    </p>
   </div>
   <div class='ocr_carea' id='block_1_37' title="bbox 162 3570 1753 3642">
    <p class='ocr_par' dir='ltr' id='par_1_37' title="bbox 162 3570 1753 3642">
     <span class='ocr_line' id='line_1_37' title="bbox 162 3570 1753 3642; baseline 0.004 -20"><span class='ocrx_word' id='word_1_261' title='bbox 162 3572 457 3639; x_wconf 67' lang='lat' dir='ltr'><strong>negat-erit,</strong></span> <span class='ocrx_word' id='word_1_262' title='bbox 506 3570 703 3635; x_wconf 61' lang='lat' dir='ltr'><strong>negabo</strong></span> <span class='ocrx_word' id='word_1_263' title='bbox 745 3571 895 3622; x_wconf 83' lang='lat' dir='ltr'><strong>illum</strong></span> <span class='ocrx_word' id='word_1_264' title='bbox 925 3571 1196 3624; x_wconf 81' lang='lat' dir='ltr'><strong>vicissim:</strong></span> <span class='ocrx_word' id='word_1_265' title='bbox 1240 3582 1289 3624; x_wconf 88' lang='lat' dir='ltr'><strong>et</strong></span> <span class='ocrx_word' id='word_1_266' title='bbox 1326 3574 1414 3642; x_wconf 86' lang='lat' dir='ltr'><strong>qui</strong></span> <span class='ocrx_word' id='word_1_267' title='bbox 1452 3590 1753 3642; x_wconf 82' lang='lat' dir='ltr'><strong>persevera-</strong></span> 
     </span>
    </p>
   </div>
   <div class='ocr_carea' id='block_1_38' title="bbox 165 3662 1750 3730">
    <p class='ocr_par' dir='ltr' id='par_1_38' title="bbox 165 3662 1750 3730">
     <span class='ocr_line' id='line_1_38' title="bbox 165 3662 1750 3730; baseline 0.003 -16"><span class='ocrx_word' id='word_1_268' title='bbox 165 3665 297 3715; x_wconf 74' lang='lat' dir='ltr'><strong>rerit</strong></span> <span class='ocrx_word' id='word_1_269' title='bbox 329 3678 493 3730; x_wconf 84' lang='lat' dir='ltr'><strong>usque</strong></span> <span class='ocrx_word' id='word_1_270' title='bbox 530 3666 581 3715; x_wconf 89' lang='lat' dir='ltr'><strong>in</strong></span> <span class='ocrx_word' id='word_1_271' title='bbox 609 3663 788 3730; x_wconf 79' lang='lat' dir='ltr'><strong>ﬁnem,</strong></span> <span class='ocrx_word' id='word_1_272' title='bbox 815 3662 900 3716; x_wconf 85' lang='lat' dir='ltr'><strong>Itic</strong></span> <span class='ocrx_word' id='word_1_273' title='bbox 923 3664 1100 3716; x_wconf 81' lang='lat' dir='ltr'><strong>salvus</strong></span> <span class='ocrx_word' id='word_1_274' title='bbox 1129 3665 1230 3716; x_wconf 87' lang='lat' dir='ltr'><strong>erit</strong></span> <span class='ocrx_word' id='word_1_275' title='bbox 1256 3665 1322 3729; x_wconf 85' lang='grc'><strong>³³,</strong></span> <span class='ocrx_word' id='word_1_276' title='bbox 1354 3664 1476 3718; x_wconf 82' lang='lat' dir='ltr'><strong>ideo</strong></span> <span class='ocrx_word' id='word_1_277' title='bbox 1507 3664 1572 3716; x_wconf 89' lang='lat' dir='ltr'><strong>ad</strong></span> <span class='ocrx_word' id='word_1_278' title='bbox 1605 3682 1750 3718; x_wconf 88' lang='lat' dir='ltr'><strong>mor-</strong></span> 
     </span>
    </p>
   </div>
   <div class='ocr_carea' id='block_1_39' title="bbox 166 3755 1752 3825">
    <p class='ocr_par' dir='ltr' id='par_1_39' title="bbox 166 3755 1752 3825">
     <span class='ocr_line' id='line_1_39' title="bbox 166 3755 1752 3825; baseline 0.001 -21"><span class='ocrx_word' id='word_1_279' title='bbox 166 3763 275 3805; x_wconf 85' lang='lat' dir='ltr'><strong>tem</strong></span> <span class='ocrx_word' id='word_1_280' title='bbox 334 3768 514 3820; x_wconf 90' lang='lat' dir='ltr'><strong>usque</strong></span> <span class='ocrx_word' id='word_1_281' title='bbox 583 3755 961 3806; x_wconf 88' lang='lat' dir='ltr'><strong>cruciamenta</strong></span> <span class='ocrx_word' id='word_1_282' title='bbox 1024 3755 1439 3810; x_wconf 85' lang='lat' dir='ltr'><strong>sustinuerunt.</strong></span> <span class='ocrx_word' id='word_1_283' title='bbox 1508 3756 1752 3825; x_wconf 78' lang='lat' dir='ltr'><strong>ALoqui,</strong></span> 
     </span>
    </p>
   </div>
   <div class='ocr_carea' id='block_1_40' title="bbox 162 3846 1751 3916">
    <p class='ocr_par' dir='ltr' id='par_1_40' title="bbox 162 3846 1751 3916">
     <span class='ocr_line' id='line_1_40' title="bbox 162 3846 1751 3916; baseline 0.002 -16"><span class='ocrx_word' id='word_1_284' title='bbox 162 3846 323 3908; x_wconf 64' lang='lat' dir='ltr'><strong>calo,</strong></span> <span class='ocrx_word' id='word_1_285' title='bbox 353 3846 448 3912; x_wconf 87' lang='lat' dir='ltr'><strong>qui</strong></span> <span class='ocrx_word' id='word_1_286' title='bbox 483 3846 646 3898; x_wconf 66' lang='lat' dir='ltr'><strong>vitam</strong></span> <span class='ocrx_word' id='word_1_287' title='bbox 675 3846 1060 3916; x_wconf 70' lang='lat' dir='ltr'><strong>pi-ojecESsetit,</strong></span> <span class='ocrx_word' id='word_1_288' title='bbox 1087 3851 1130 3900; x_wconf 87' lang='lat' dir='ltr'><strong>si</strong></span> <span class='ocrx_word' id='word_1_289' title='bbox 1168 3848 1220 3899; x_wconf 88' lang='lat' dir='ltr'><strong>in</strong></span> <span class='ocrx_word' id='word_1_290' title='bbox 1255 3849 1339 3901; x_wconf 76' lang='lat' dir='ltr'><strong>his</strong></span> <span class='ocrx_word' id='word_1_291' title='bbox 1365 3849 1411 3901; x_wconf 82' lang='lat' dir='ltr'><strong>ei</strong></span> <span class='ocrx_word' id='word_1_292' title='bbox 1447 3847 1606 3902; x_wconf 90' lang='lat' dir='ltr'><strong>fidem</strong></span> <span class='ocrx_word' id='word_1_293' title='bbox 1641 3865 1751 3903; x_wconf 91' lang='lat' dir='ltr'><strong>non</strong></span> 
     </span>
    </p>
   </div>
   <div class='ocr_carea' id='block_1_41' title="bbox 165 3937 1757 4006">
    <p class='ocr_par' dir='ltr' id='par_1_41' title="bbox 165 3937 1757 4006">
     <span class='ocr_line' id='line_1_41' title="bbox 165 3937 1757 4006; baseline 0.003 -17"><span class='ocrx_word' id='word_1_294' title='bbox 165 3937 544 3991; x_wconf 76' lang='lat' dir='ltr'><strong>habui-sent?</strong></span> <span class='ocrx_word' id='word_1_295' title='bbox 602 3937 665 3992; x_wconf 85' lang='lat' dir='ltr'><strong>Et</strong></span> <span class='ocrx_word' id='word_1_296' title='bbox 701 3955 893 3994; x_wconf 87' lang='lat' dir='ltr'><strong>omnes</strong></span> <span class='ocrx_word' id='word_1_297' title='bbox 928 3941 1020 4006; x_wconf 90' lang='lat' dir='ltr'><strong>qui</strong></span> <span class='ocrx_word' id='word_1_298' title='bbox 1055 3955 1181 3994; x_wconf 90' lang='lat' dir='ltr'><strong>cum</strong></span> <span class='ocrx_word' id='word_1_299' title='bbox 1221 3943 1589 3997; x_wconf 83' lang='lat' dir='ltr'><strong>sanctimonia</strong></span> <span class='ocrx_word' id='word_1_300' title='bbox 1626 3955 1757 3995; x_wconf 72' lang='lat' dir='ltr'><strong>teta-</strong></span> 
     </span>
    </p>
   </div>
   <div class='ocr_carea' id='block_1_42' title="bbox 170 4031 1753 4103">
    <p class='ocr_par' dir='ltr' id='par_1_42' title="bbox 170 4031 1753 4103">
     <span class='ocr_line' id='line_1_42' title="bbox 170 4031 1753 4103; baseline 0.003 -22"><span class='ocrx_word' id='word_1_301' title='bbox 170 4041 275 4082; x_wconf 84' lang='lat' dir='ltr'><strong>tcm</strong></span> <span class='ocrx_word' id='word_1_302' title='bbox 310 4040 542 4099; x_wconf 71' lang='lat' dir='ltr'><strong>egerunt</strong></span> <span class='ocrx_word' id='word_1_303' title='bbox 581 4047 736 4084; x_wconf 87' lang='lat' dir='ltr'><strong>suam</strong></span> <span class='ocrx_word' id='word_1_304' title='bbox 773 4031 845 4085; x_wconf 91' lang='lat' dir='ltr'><strong>ob</strong></span> <span class='ocrx_word' id='word_1_305' title='bbox 877 4033 1062 4085; x_wconf 88' lang='lat' dir='ltr'><strong>divina</strong></span> <span class='ocrx_word' id='word_1_306' title='bbox 1106 4032 1194 4084; x_wconf 89' lang='lat' dir='ltr'><strong>illa</strong></span> <span class='ocrx_word' id='word_1_307' title='bbox 1238 4034 1534 4100; x_wconf 85' lang='lat' dir='ltr'><strong>promissa,</strong></span> <span class='ocrx_word' id='word_1_308' title='bbox 1589 4033 1753 4103; x_wconf 82' lang='lat' dir='ltr'><strong>polli—</strong></span> 
     </span>
    </p>
   </div>
   <div class='ocr_carea' id='block_1_43' title="bbox 164 4123 1755 4190">
    <p class='ocr_par' dir='ltr' id='par_1_43' title="bbox 164 4123 1755 4190">
     <span class='ocr_line' id='line_1_43' title="bbox 164 4123 1755 4190; baseline 0.003 -16"><span class='ocrx_word' id='word_1_309' title='bbox 164 4123 602 4190; x_wconf 77' lang='lat' dir='ltr'><strong>citationesque,</strong></span> <span class='ocrx_word' id='word_1_310' title='bbox 657 4130 709 4175; x_wconf 89' lang='lat' dir='ltr'><strong>et</strong></span> <span class='ocrx_word' id='word_1_311' title='bbox 767 4123 943 4176; x_wconf 86' lang='lat' dir='ltr'><strong>minas</strong></span> <span class='ocrx_word' id='word_1_312' title='bbox 1002 4137 1065 4176; x_wconf 88' lang='lat' dir='ltr'><strong>ac</strong></span> <span class='ocrx_word' id='word_1_313' title='bbox 1126 4131 1389 4187; x_wconf 83' lang='lat' dir='ltr'><strong>terrores,</strong></span> <span class='ocrx_word' id='word_1_314' title='bbox 1435 4124 1507 4176; x_wconf 87' lang='lat' dir='ltr'><strong>ita</strong></span> <span class='ocrx_word' id='word_1_315' title='bbox 1566 4134 1755 4179; x_wconf 89' lang='lat' dir='ltr'><strong>sancte</strong></span> 
     </span>
    </p>
   </div>
   <div class='ocr_carea' id='block_1_44' title="bbox 163 4211 1754 4279">
    <p class='ocr_par' dir='ltr' id='par_1_44' title="bbox 163 4211 1754 4279">
     <span class='ocr_line' id='line_1_44' title="bbox 163 4211 1754 4279; baseline 0.003 -17"><span class='ocrx_word' id='word_1_316' title='bbox 163 4211 430 4279; x_wconf 71' lang='lat' dir='ltr'><strong>inSteque</strong></span> <span class='ocrx_word' id='word_1_317' title='bbox 469 4221 748 4269; x_wconf 73' lang='lat' dir='ltr'><strong>Vixerunt.</strong></span> <span class='ocrx_word' id='word_1_318' title='bbox 781 4212 884 4277; x_wconf 86' lang='lat' dir='ltr'><strong>Qui</strong></span> <span class='ocrx_word' id='word_1_319' title='bbox 929 4223 1116 4267; x_wconf 87' lang='lat' dir='ltr'><strong>autem</strong></span> <span class='ocrx_word' id='word_1_320' title='bbox 1153 4218 1208 4266; x_wconf 91' lang='lat' dir='ltr'><strong>In</strong></span> <span class='ocrx_word' id='word_1_321' title='bbox 1243 4214 1521 4268; x_wconf 82' lang='lat' dir='ltr'><strong>Christum</strong></span> <span class='ocrx_word' id='word_1_322' title='bbox 1555 4214 1754 4279; x_wconf 84' lang='lat' dir='ltr'><strong>credit,</strong></span> 
     </span>
    </p>
   </div>
   <div class='ocr_carea' id='block_1_45' title="bbox 165 4309 1755 4379">
    <p class='ocr_par' dir='ltr' id='par_1_45' title="bbox 165 4309 1755 4379">
     <span class='ocr_line' id='line_1_45' title="bbox 165 4309 1755 4379; baseline 0.003 -19"><span class='ocrx_word' id='word_1_323' title='bbox 165 4322 336 4376; x_wconf 75' lang='lat' dir='ltr'><strong>seque</strong></span> <span class='ocrx_word' id='word_1_324' title='bbox 363 4309 532 4361; x_wconf 88' lang='lat' dir='ltr'><strong>etiam</strong></span> <span class='ocrx_word' id='word_1_325' title='bbox 581 4309 658 4361; x_wconf 91' lang='lat' dir='ltr'><strong>illi</strong></span> <span class='ocrx_word' id='word_1_326' title='bbox 705 4309 931 4362; x_wconf 81' lang='lat' dir='ltr'><strong>credere</strong></span> <span class='ocrx_word' id='word_1_327' title='bbox 969 4309 1278 4379; x_wconf 86' lang='lat' dir='ltr'><strong>profitetur,</strong></span> <span class='ocrx_word' id='word_1_328' title='bbox 1336 4324 1516 4378; x_wconf 90' lang='lat' dir='ltr'><strong>neque</strong></span> <span class='ocrx_word' id='word_1_329' title='bbox 1572 4319 1755 4365; x_wconf 76' lang='lat' dir='ltr'><strong>tamen</strong></span> 
     </span>
    </p>
   </div>
   <div class='ocr_carea' id='block_1_46' title="bbox 169 4399 1748 4468">
    <p class='ocr_par' dir='ltr' id='par_1_46' title="bbox 169 4399 1748 4468">
     <span class='ocr_line' id='line_1_46' title="bbox 169 4399 1748 4468; baseline 0.004 -19"><span class='ocrx_word' id='word_1_330' title='bbox 169 4399 234 4449; x_wconf 84' lang='lat' dir='ltr'><strong>ab</strong></span> <span class='ocrx_word' id='word_1_331' title='bbox 274 4399 555 4465; x_wconf 88' lang='lat' dir='ltr'><strong>improbis</strong></span> <span class='ocrx_word' id='word_1_332' title='bbox 608 4399 768 4452; x_wconf 87' lang='lat' dir='ltr'><strong>factis</strong></span> <span class='ocrx_word' id='word_1_333' title='bbox 818 4399 1083 4463; x_wconf 82' lang='lat' dir='ltr'><strong>declinat,</strong></span> <span class='ocrx_word' id='word_1_334' title='bbox 1143 4415 1323 4468; x_wconf 88' lang='lat' dir='ltr'><strong>neque</strong></span> <span class='ocrx_word' id='word_1_335' title='bbox 1379 4400 1445 4454; x_wconf 87' lang='lat' dir='ltr'><strong>ad</strong></span> <span class='ocrx_word' id='word_1_336' title='bbox 1490 4401 1748 4456; x_wconf 77' lang='lat' dir='ltr'><strong>virtutem</strong></span> 
     </span>
    </p>
   </div>
   <div class='ocr_carea' id='block_1_47' title="bbox 172 4492 1752 4563">
    <p class='ocr_par' dir='ltr' id='par_1_47' title="bbox 172 4492 1752 4563">
     <span class='ocr_line' id='line_1_47' title="bbox 172 4492 1752 4563; baseline 0.003 -19"><span class='ocrx_word' id='word_1_337' title='bbox 172 4492 477 4554; x_wconf 84' lang='lat' dir='ltr'><strong>incumbit,</strong></span> <span class='ocrx_word' id='word_1_338' title='bbox 508 4492 742 4545; x_wconf 80' lang='lat' dir='ltr'><strong>infidelis</strong></span> <span class='ocrx_word' id='word_1_339' title='bbox 793 4504 898 4554; x_wconf 87' lang='lat' dir='ltr'><strong>est,</strong></span> <span class='ocrx_word' id='word_1_340' title='bbox 932 4494 1209 4547; x_wconf 83' lang='lat' dir='ltr'><strong>Christum</strong></span> <span class='ocrx_word' id='word_1_341' title='bbox 1257 4505 1439 4563; x_wconf 74' lang='lat' dir='ltr'><strong>negat,</strong></span> <span class='ocrx_word' id='word_1_342' title='bbox 1482 4510 1575 4562; x_wconf 82' lang='lat' dir='ltr'><strong>per</strong></span> <span class='ocrx_word' id='word_1_343' title='bbox 1618 4512 1752 4563; x_wconf 51' lang='lat' dir='ltr'><strong>prce.</strong></span> 
     </span>
    </p>
   </div>
   <div class='ocr_carea' id='block_1_48' title="bbox 1869 606 3434 680">
    <p class='ocr_par' dir='ltr' id='par_1_48' title="bbox 1869 606 3434 680">
     <span class='ocr_line' id='line_1_48' title="bbox 1869 606 3434 680; baseline -0.004 -15"><span class='ocrx_word' id='word_1_344' title='bbox 1869 613 1946 665; x_wconf 88' lang='lat' dir='ltr'><strong>tia</strong></span> <span class='ocrx_word' id='word_1_345' title='bbox 1983 612 2049 667; x_wconf 84' lang='grc'><strong>³⁸.</strong></span> <span class='ocrx_word' id='word_1_346' title='bbox 2083 611 2238 666; x_wconf 84' lang='lat' dir='ltr'><strong>Patet</strong></span> <span class='ocrx_word' id='word_1_347' title='bbox 2287 609 2454 680; x_wconf 79' lang='lat' dir='ltr'><strong>igitur</strong></span> <span class='ocrx_word' id='word_1_348' title='bbox 2509 625 2631 663; x_wconf 89' lang='lat' dir='ltr'><strong>eum</strong></span> <span class='ocrx_word' id='word_1_349' title='bbox 2666 608 2793 662; x_wconf 92' lang='lat' dir='ltr'><strong>huic</strong></span> <span class='ocrx_word' id='word_1_350' title='bbox 2825 621 2933 660; x_wconf 93' lang='lat' dir='ltr'><strong>non</strong></span> <span class='ocrx_word' id='word_1_351' title='bbox 2969 606 3434 662; x_wconf 78' lang='lat' dir='ltr'><strong>communicasse.</strong></span> 
     </span>
    </p>
   </div>
   <div class='ocr_carea' id='block_1_49' title="bbox 1867 698 3439 771">
    <p class='ocr_par' dir='ltr' id='par_1_49' title="bbox 1867 698 3439 771">
     <span class='ocr_line' id='line_1_49' title="bbox 1867 698 3439 771; baseline 0 -16"><span class='ocrx_word' id='word_1_352' title='bbox 1867 702 2058 760; x_wconf 80' lang='lat' dir='ltr'><strong>Virtus</strong></span> <span class='ocrx_word' id='word_1_353' title='bbox 2078 704 2224 760; x_wconf 90' lang='lat' dir='ltr'><strong>enim</strong></span> <span class='ocrx_word' id='word_1_354' title='bbox 2249 703 2456 759; x_wconf 85' lang='lat' dir='ltr'><strong>Christi</strong></span> <span class='ocrx_word' id='word_1_355' title='bbox 2477 701 2674 771; x_wconf 78' lang='lat' dir='ltr'><strong>duplex</strong></span> <span class='ocrx_word' id='word_1_356' title='bbox 2700 698 3193 756; x_wconf 88' lang='lat' dir='ltr'><strong>estcredentibus:</strong></span> <span class='ocrx_word' id='word_1_357' title='bbox 3219 700 3439 763; x_wconf 83' lang='lat' dir='ltr'><strong>quando</strong></span> 
     </span>
    </p>
   </div>
   <div class='ocr_carea' id='block_1_50' title="bbox 1863 791 3437 863">
    <p class='ocr_par' dir='ltr' id='par_1_50' title="bbox 1863 791 3437 863">
     <span class='ocr_line' id='line_1_50' title="bbox 1863 791 3437 863; baseline -0.005 -12"><span class='ocrx_word' id='word_1_358' title='bbox 1863 805 1920 851; x_wconf 90' lang='lat' dir='ltr'><strong>et</strong></span> <span class='ocrx_word' id='word_1_359' title='bbox 1954 796 2096 863; x_wconf 87' lang='lat' dir='ltr'><strong>ipse,</strong></span> <span class='ocrx_word' id='word_1_360' title='bbox 2151 795 2278 849; x_wconf 89' lang='lat' dir='ltr'><strong>licet</strong></span> <span class='ocrx_word' id='word_1_361' title='bbox 2334 793 2638 850; x_wconf 86' lang='lat' dir='ltr'><strong>secundum</strong></span> <span class='ocrx_word' id='word_1_362' title='bbox 2699 791 3020 863; x_wconf 82' lang='lat' dir='ltr'><strong>hypostasin</strong></span> <span class='ocrx_word' id='word_1_363' title='bbox 3057 804 3221 854; x_wconf 85' lang='lat' dir='ltr'><strong>unus,</strong></span> <span class='ocrx_word' id='word_1_364' title='bbox 3255 798 3437 844; x_wconf 79' lang='lat' dir='ltr'><strong>tamen</strong></span> 
     </span>
    </p>
   </div>
   <div class='ocr_carea' id='block_1_51' title="bbox 1863 879 3441 958">
    <p class='ocr_par' dir='ltr' id='par_1_51' title="bbox 1863 879 3441 958">
     <span class='ocr_line' id='line_1_51' title="bbox 1863 879 3441 958; baseline -0.004 -16"><span class='ocrx_word' id='word_1_365' title='bbox 1863 888 2064 958; x_wconf 80' lang='lat' dir='ltr'><strong>duplex</strong></span> <span class='ocrx_word' id='word_1_366' title='bbox 2119 895 2225 942; x_wconf 88' lang='lat' dir='ltr'><strong>est.</strong></span> <span class='ocrx_word' id='word_1_367' title='bbox 2262 887 2327 940; x_wconf 79' lang='lat' dir='ltr'><strong>Et</strong></span> <span class='ocrx_word' id='word_1_368' title='bbox 2380 894 2439 940; x_wconf 92' lang='lat' dir='ltr'><strong>ut</strong></span> <span class='ocrx_word' id='word_1_369' title='bbox 2468 883 2778 940; x_wconf 82' lang='lat' dir='ltr'><strong>substantia</strong></span> <span class='ocrx_word' id='word_1_370' title='bbox 2827 891 3079 939; x_wconf 89' lang='lat' dir='ltr'><strong>nostrum</strong></span> <span class='ocrx_word' id='word_1_371' title='bbox 3136 879 3354 945; x_wconf 84' lang='lat' dir='ltr'><strong>similis,</strong></span> <span class='ocrx_word' id='word_1_372' title='bbox 3385 889 3441 934; x_wconf 76' lang='lat' dir='ltr'><strong>et</strong></span> 
     </span>
    </p>
   </div>
   <div class='ocr_carea' id='block_1_52' title="bbox 1863 970 3440 1050">
    <p class='ocr_par' dir='ltr' id='par_1_52' title="bbox 1863 970 3440 1050">
     <span class='ocr_line' id='line_1_52' title="bbox 1863 970 3440 1050; baseline -0.003 -19"><span class='ocrx_word' id='word_1_373' title='bbox 1863 993 2069 1050; x_wconf 78' lang='lat' dir='ltr'><strong>genere</strong></span> <span class='ocrx_word' id='word_1_374' title='bbox 2098 985 2285 1032; x_wconf 87' lang='lat' dir='ltr'><strong>noster</strong></span> <span class='ocrx_word' id='word_1_375' title='bbox 2315 977 2506 1041; x_wconf 82' lang='lat' dir='ltr'><strong>frater,</strong></span> <span class='ocrx_word' id='word_1_376' title='bbox 2555 975 2818 1031; x_wconf 87' lang='lat' dir='ltr'><strong>cordibus</strong></span> <span class='ocrx_word' id='word_1_377' title='bbox 2849 975 3054 1029; x_wconf 87' lang='lat' dir='ltr'><strong>nostris</strong></span> <span class='ocrx_word' id='word_1_378' title='bbox 3103 973 3258 1043; x_wconf 85' lang='lat' dir='ltr'><strong>prius</strong></span> <span class='ocrx_word' id='word_1_379' title='bbox 3288 970 3440 1042; x_wconf 60' lang='grc' dir='ltr'><strong>ειυς-</strong></span> 
     </span>
    </p>
   </div>
   <div class='ocr_carea' id='block_1_53' title="bbox 1862 1066 3438 1138">
    <p class='ocr_par' dir='ltr' id='par_1_53' title="bbox 1862 1066 3438 1138">
     <span class='ocr_line' id='line_1_53' title="bbox 1862 1066 3438 1138; baseline -0.004 -13"><span class='ocrx_word' id='word_1_380' title='bbox 1862 1071 2076 1126; x_wconf 90' lang='lat' dir='ltr'><strong>ccmodi</strong></span> <span class='ocrx_word' id='word_1_381' title='bbox 2112 1079 2320 1126; x_wconf 83' lang='lat' dir='ltr'><strong>statum</strong></span> <span class='ocrx_word' id='word_1_382' title='bbox 2359 1071 2614 1137; x_wconf 72' lang='lat' dir='ltr'><strong>largitur.</strong></span> <span class='ocrx_word' id='word_1_383' title='bbox 2673 1067 2890 1138; x_wconf 88' lang='lat' dir='ltr'><strong>qualem</strong></span> <span class='ocrx_word' id='word_1_384' title='bbox 2944 1066 3143 1122; x_wconf 84' lang='lat' dir='ltr'><strong>habeat</strong></span> <span class='ocrx_word' id='word_1_385' title='bbox 3177 1072 3438 1136; x_wconf 86' lang='lat' dir='ltr'><strong>oportet:</strong></span> 
     </span>
    </p>
   </div>
   <div class='ocr_carea' id='block_1_54' title="bbox 1870 1156 3440 1234">
    <p class='ocr_par' dir='ltr' id='par_1_54' title="bbox 1870 1156 3440 1234">
     <span class='ocr_line' id='line_1_54' title="bbox 1870 1156 3440 1234; baseline -0.004 -17"><span class='ocrx_word' id='word_1_386' title='bbox 1870 1163 1962 1234; x_wconf 90' lang='lat' dir='ltr'><strong>qui</strong></span> <span class='ocrx_word' id='word_1_387' title='bbox 2002 1163 2221 1232; x_wconf 87' lang='lat' dir='ltr'><strong>proprie</strong></span> <span class='ocrx_word' id='word_1_388' title='bbox 2253 1161 2418 1216; x_wconf 88' lang='lat' dir='ltr'><strong>homo</strong></span> <span class='ocrx_word' id='word_1_389' title='bbox 2447 1170 2551 1217; x_wconf 86' lang='lat' dir='ltr'><strong>est.</strong></span> <span class='ocrx_word' id='word_1_390' title='bbox 2595 1159 2795 1216; x_wconf 86' lang='lat' dir='ltr'><strong>Secum</strong></span> <span class='ocrx_word' id='word_1_391' title='bbox 2844 1158 3048 1228; x_wconf 89' lang='lat' dir='ltr'><strong>quippe</strong></span> <span class='ocrx_word' id='word_1_392' title='bbox 3095 1156 3440 1212; x_wconf 87' lang='lat' dir='ltr'><strong>communio-</strong></span> 
     </span>
    </p>
   </div>
   <div class='ocr_carea' id='block_1_55' title="bbox 1864 1250 3436 1324">
    <p class='ocr_par' dir='ltr' id='par_1_55' title="bbox 1864 1250 3436 1324">
     <span class='ocr_line' id='line_1_55' title="bbox 1864 1250 3436 1324; baseline -0.004 -15"><span class='ocrx_word' id='word_1_393' title='bbox 1864 1271 1984 1309; x_wconf 89' lang='lat' dir='ltr'><strong>nem</strong></span> <span class='ocrx_word' id='word_1_394' title='bbox 2005 1255 2322 1319; x_wconf 87' lang='lat' dir='ltr'><strong>habentem,</strong></span> <span class='ocrx_word' id='word_1_395' title='bbox 2339 1254 2662 1324; x_wconf 68' lang='lat' dir='ltr'><strong>pmniteutia</strong></span> <span class='ocrx_word' id='word_1_396' title='bbox 2683 1255 3047 1307; x_wconf 85' lang='lat' dir='ltr'><strong>contritumet</strong></span> <span class='ocrx_word' id='word_1_397' title='bbox 3065 1250 3436 1311; x_wconf 86' lang='lat' dir='ltr'><strong>humiliatum,</strong></span> 
     </span>
    </p>
   </div>
   <div class='ocr_carea' id='block_1_56' title="bbox 1861 1341 3438 1418">
    <p class='ocr_par' dir='ltr' id='par_1_56' title="bbox 1861 1341 3438 1418">
     <span class='ocr_line' id='line_1_56' title="bbox 1861 1341 3438 1418; baseline -0.006 -12"><span class='ocrx_word' id='word_1_398' title='bbox 1861 1348 2138 1412; x_wconf 85' lang='lat' dir='ltr'><strong>sobrium,</strong></span> <span class='ocrx_word' id='word_1_399' title='bbox 2183 1356 2580 1418; x_wconf 86' lang='lat' dir='ltr'><strong>compunctum</strong></span> <span class='ocrx_word' id='word_1_400' title='bbox 2613 1345 2744 1400; x_wconf 85' lang='lat' dir='ltr'><strong>facit</strong></span> <span class='ocrx_word' id='word_1_401' title='bbox 2780 1354 2858 1408; x_wconf 88' lang='lat' dir='ltr'><strong>ttt,</strong></span> <span class='ocrx_word' id='word_1_402' title='bbox 2889 1359 3010 1400; x_wconf 89' lang='lat' dir='ltr'><strong>cum</strong></span> <span class='ocrx_word' id='word_1_403' title='bbox 3049 1344 3211 1398; x_wconf 86' lang='lat' dir='ltr'><strong>talem</strong></span> <span class='ocrx_word' id='word_1_404' title='bbox 3237 1341 3438 1397; x_wconf 75' lang='lat' dir='ltr'><strong>eB‘eco-</strong></span> 
     </span>
    </p>
   </div>
   <div class='ocr_carea' id='block_1_57' title="bbox 1859 1436 3440 1512">
    <p class='ocr_par' dir='ltr' id='par_1_57' title="bbox 1859 1436 3440 1512">
     <span class='ocr_line' id='line_1_57' title="bbox 1859 1436 3440 1512; baseline -0.006 -14"><span class='ocrx_word' id='word_1_405' title='bbox 1859 1444 1954 1510; x_wconf 86' lang='lat' dir='ltr'><strong>rit,</strong></span> <span class='ocrx_word' id='word_1_406' title='bbox 1987 1443 2392 1512; x_wconf 73' lang='lat' dir='ltr'><strong>supplicantem</strong></span> <span class='ocrx_word' id='word_1_407' title='bbox 2424 1458 2535 1498; x_wconf 92' lang='lat' dir='ltr'><strong>non</strong></span> <span class='ocrx_word' id='word_1_408' title='bbox 2567 1440 2872 1510; x_wconf 87' lang='lat' dir='ltr'><strong>despiciat:</strong></span> <span class='ocrx_word' id='word_1_409' title='bbox 2912 1440 3055 1494; x_wconf 81' lang='lat' dir='ltr'><strong>sicut</strong></span> <span class='ocrx_word' id='word_1_410' title='bbox 3082 1448 3132 1494; x_wconf 86' lang='lat' dir='ltr'><strong>et</strong></span> <span class='ocrx_word' id='word_1_411' title='bbox 3169 1436 3440 1505; x_wconf 79' lang='lat' dir='ltr'><strong>Propheta</strong></span> 
     </span>
    </p>
   </div>
   <div class='ocr_carea' id='block_1_58' title="bbox 1861 1528 3444 1597">
    <p class='ocr_par' dir='ltr' id='par_1_58' title="bbox 1861 1528 3444 1597">
     <span class='ocr_line' id='line_1_58' title="bbox 1861 1528 3444 1597; baseline -0.006 -6"><span class='ocrx_word' id='word_1_412' title='bbox 1861 1539 1936 1591; x_wconf 81' lang='lat' dir='ltr'><strong>ait</strong></span> <span class='ocrx_word' id='word_1_413' title='bbox 1961 1554 1974 1589; x_wconf 91' lang='lat'><strong>:</strong></span> <span class='ocrx_word' id='word_1_414' title='bbox 2019 1535 2126 1592; x_wconf 88' lang='lat' dir='ltr'><strong>Cor</strong></span> <span class='ocrx_word' id='word_1_415' title='bbox 2150 1537 2440 1590; x_wconf 84' lang='lat' dir='ltr'><strong>contritum</strong></span> <span class='ocrx_word' id='word_1_416' title='bbox 2469 1545 2519 1590; x_wconf 86' lang='lat' dir='ltr'><strong>et</strong></span> <span class='ocrx_word' id='word_1_417' title='bbox 2550 1535 2913 1597; x_wconf 79' lang='lat' dir='ltr'><strong>humi/intum,</strong></span> <span class='ocrx_word' id='word_1_418' title='bbox 2939 1532 3098 1596; x_wconf 86' lang='lat' dir='ltr'><strong>Deus,</strong></span> <span class='ocrx_word' id='word_1_419' title='bbox 3127 1548 3230 1586; x_wconf 90' lang='lat' dir='ltr'><strong>non</strong></span> <span class='ocrx_word' id='word_1_420' title='bbox 3266 1528 3444 1597; x_wconf 73' lang='lat' dir='ltr'><strong>despi~</strong></span> 
     </span>
    </p>
   </div>
   <div class='ocr_carea' id='block_1_59' title="bbox 1860 1625 3441 1696">
    <p class='ocr_par' dir='ltr' id='par_1_59' title="bbox 1860 1625 3441 1696">
     <span class='ocr_line' id='line_1_59' title="bbox 1860 1625 3441 1696; baseline -0.004 -13"><span class='ocrx_word' id='word_1_421' title='bbox 1860 1632 1966 1684; x_wconf 84' lang='lat' dir='ltr'><strong>cies</strong></span> <span class='ocrx_word' id='word_1_422' title='bbox 1996 1630 2061 1682; x_wconf 84' lang='grc'><strong>⁸⁸.</strong></span> <span class='ocrx_word' id='word_1_423' title='bbox 2104 1629 2206 1696; x_wconf 87' lang='lat' dir='ltr'><strong>Qui</strong></span> <span class='ocrx_word' id='word_1_424' title='bbox 2242 1632 2388 1684; x_wconf 90' lang='lat' dir='ltr'><strong>enim</strong></span> <span class='ocrx_word' id='word_1_425' title='bbox 2434 1629 2489 1682; x_wconf 94' lang='lat' dir='ltr'><strong>in</strong></span> <span class='ocrx_word' id='word_1_426' title='bbox 2545 1629 2713 1683; x_wconf 85' lang='lat' dir='ltr'><strong>corde</strong></span> <span class='ocrx_word' id='word_1_427' title='bbox 2744 1627 2985 1684; x_wconf 88' lang='lat' dir='ltr'><strong>contrito</strong></span> <span class='ocrx_word' id='word_1_428' title='bbox 3033 1633 3091 1681; x_wconf 92' lang='lat' dir='ltr'><strong>ct</strong></span> <span class='ocrx_word' id='word_1_429' title='bbox 3145 1625 3441 1680; x_wconf 89' lang='lat' dir='ltr'><strong>humiliato</strong></span> 
     </span>
    </p>
   </div>
   <div class='ocr_carea' id='block_1_60' title="bbox 1861 1719 2531 1788">
    <p class='ocr_par' dir='ltr' id='par_1_60' title="bbox 1861 1719 2531 1788">
     <span class='ocr_line' id='line_1_60' title="bbox 1861 1719 2531 1788; baseline -0.004 -14"><span class='ocrx_word' id='word_1_430' title='bbox 1861 1736 1968 1774; x_wconf 93' lang='lat' dir='ltr'><strong>non</strong></span> <span class='ocrx_word' id='word_1_431' title='bbox 2008 1721 2166 1788; x_wconf 79' lang='lat' dir='ltr'><strong>petit,</strong></span> <span class='ocrx_word' id='word_1_432' title='bbox 2204 1719 2531 1788; x_wconf 75' lang='lat' dir='ltr'><strong>despicitur.</strong></span> 
     </span>
    </p>
   </div>
   <div class='ocr_carea' id='block_1_61' title="bbox 1933 1810 3441 1880">
    <p class='ocr_par' dir='ltr' id='par_1_61' title="bbox 1933 1810 3441 1880">
     <span class='ocr_line' id='line_1_61' title="bbox 1933 1810 3441 1880; baseline -0.005 -13"><span class='ocrx_word' id='word_1_433' title='bbox 1933 1811 2035 1867; x_wconf 88' lang='lat' dir='ltr'><strong>Ubi</strong></span> <span class='ocrx_word' id='word_1_434' title='bbox 2069 1813 2267 1867; x_wconf 85' lang='lat' dir='ltr'><strong>deinde</strong></span> <span class='ocrx_word' id='word_1_435' title='bbox 2304 1813 2651 1867; x_wconf 86' lang='lat' dir='ltr'><strong>Christianus</strong></span> <span class='ocrx_word' id='word_1_436' title='bbox 2688 1813 2848 1864; x_wconf 83' lang='lat' dir='ltr'><strong>talem</strong></span> <span class='ocrx_word' id='word_1_437' title='bbox 2878 1826 2937 1866; x_wconf 85' lang='lat' dir='ltr'><strong>se</strong></span> <span class='ocrx_word' id='word_1_438' title='bbox 2967 1810 3283 1880; x_wconf 67' lang='lat' dir='ltr'><strong>praebuerit,</strong></span> <span class='ocrx_word' id='word_1_439' title='bbox 3307 1815 3441 1861; x_wconf 81' lang='lat' dir='ltr'><strong>tunc</strong></span> 
     </span>
    </p>
   </div>
   <div class='ocr_carea' id='block_1_62' title="bbox 1864 1904 3440 1977">
    <p class='ocr_par' dir='ltr' id='par_1_62' title="bbox 1864 1904 3440 1977">
     <span class='ocr_line' id='line_1_62' title="bbox 1864 1904 3440 1977; baseline -0.005 -16"><span class='ocrx_word' id='word_1_440' title='bbox 1864 1907 2072 1971; x_wconf 90' lang='lat' dir='ltr'><strong>oranti,</strong></span> <span class='ocrx_word' id='word_1_441' title='bbox 2109 1907 2430 1977; x_wconf 83' lang='lat' dir='ltr'><strong>petentique</strong></span> <span class='ocrx_word' id='word_1_442' title='bbox 2457 1905 2717 1961; x_wconf 89' lang='lat' dir='ltr'><strong>Christus</strong></span> <span class='ocrx_word' id='word_1_443' title='bbox 2769 1907 2934 1960; x_wconf 86' lang='lat' dir='ltr'><strong>etiam</strong></span> <span class='ocrx_word' id='word_1_444' title='bbox 2965 1904 3196 1959; x_wconf 79' lang='lat' dir='ltr'><strong>virtutes</strong></span> <span class='ocrx_word' id='word_1_445' title='bbox 3233 1904 3440 1968; x_wconf 85' lang='lat' dir='ltr'><strong>donat;</strong></span> 
     </span>
    </p>
   </div>
   <div class='ocr_carea' id='block_1_63' title="bbox 1862 1992 3444 2067">
    <p class='ocr_par' dir='ltr' id='par_1_63' title="bbox 1862 1992 3444 2067">
     <span class='ocr_line' id='line_1_63' title="bbox 1862 1992 3444 2067; baseline -0.001 -18"><span class='ocrx_word' id='word_1_446' title='bbox 1862 1998 2067 2067; x_wconf 86' lang='lat' dir='ltr'><strong>quippe</strong></span> <span class='ocrx_word' id='word_1_447' title='bbox 2099 2005 2158 2049; x_wconf 90' lang='lat' dir='ltr'><strong>ut</strong></span> <span class='ocrx_word' id='word_1_448' title='bbox 2188 1995 2299 2065; x_wconf 87' lang='lat' dir='ltr'><strong>jam</strong></span> <span class='ocrx_word' id='word_1_449' title='bbox 2335 1997 2523 2050; x_wconf 88' lang='lat' dir='ltr'><strong>mitem</strong></span> <span class='ocrx_word' id='word_1_450' title='bbox 2554 2003 2609 2050; x_wconf 90' lang='lat' dir='ltr'><strong>et</strong></span> <span class='ocrx_word' id='word_1_451' title='bbox 2658 2005 2914 2066; x_wconf 85' lang='lat' dir='ltr'><strong>paratum</strong></span> <span class='ocrx_word' id='word_1_452' title='bbox 2948 1994 3132 2048; x_wconf 87' lang='lat' dir='ltr'><strong>doceri</strong></span> <span class='ocrx_word' id='word_1_453' title='bbox 3180 1993 3301 2048; x_wconf 89' lang='lat' dir='ltr'><strong>vias</strong></span> <span class='ocrx_word' id='word_1_454' title='bbox 3331 1992 3444 2047; x_wconf 85' lang='lat' dir='ltr'><strong>Do-</strong></span> 
     </span>
    </p>
   </div>
   <div class='ocr_carea' id='block_1_64' title="bbox 1864 2086 3510 2160">
    <p class='ocr_par' dir='ltr' id='par_1_64' title="bbox 1864 2086 3510 2160">
     <span class='ocr_line' id='line_1_64' title="bbox 1864 2086 3510 2160; baseline -0.002 -16"><span class='ocrx_word' id='word_1_455' title='bbox 1864 2091 1994 2144; x_wconf 90' lang='lat' dir='ltr'><strong>mini</strong></span> <span class='ocrx_word' id='word_1_456' title='bbox 2028 2089 2073 2122; x_wconf 83' lang='lat'><strong>&quot;</strong></span> <span class='ocrx_word' id='word_1_457' title='bbox 2104 2088 2242 2159; x_wconf 88' lang='lat' dir='ltr'><strong>(soli</strong></span> <span class='ocrx_word' id='word_1_458' title='bbox 2272 2104 2508 2160; x_wconf 81' lang='lat' dir='ltr'><strong>namque</strong></span> <span class='ocrx_word' id='word_1_459' title='bbox 2556 2090 2714 2144; x_wconf 89' lang='lat' dir='ltr'><strong>mites</strong></span> <span class='ocrx_word' id='word_1_460' title='bbox 2771 2103 2866 2143; x_wconf 88' lang='lat' dir='ltr'><strong>cas</strong></span> <span class='ocrx_word' id='word_1_461' title='bbox 2916 2086 3234 2156; x_wconf 88' lang='lat' dir='ltr'><strong>docentur),</strong></span> <span class='ocrx_word' id='word_1_462' title='bbox 3265 2086 3444 2141; x_wconf 82' lang='lat' dir='ltr'><strong>reddit</strong></span> <span class='ocrx_word' id='word_1_463' title='bbox 3502 2149 3510 2158; x_wconf 34' lang='grc' dir='ltr'><strong>Ι</strong></span> 
     </span>
    </p>
   </div>
   <div class='ocr_carea' id='block_1_65' title="bbox 1862 2180 3441 2252">
    <p class='ocr_par' dir='ltr' id='par_1_65' title="bbox 1862 2180 3441 2252">
     <span class='ocr_line' id='line_1_65' title="bbox 1862 2180 3441 2252; baseline -0.001 -15"><span class='ocrx_word' id='word_1_464' title='bbox 1862 2197 1988 2237; x_wconf 87' lang='lat' dir='ltr'><strong>eum</strong></span> <span class='ocrx_word' id='word_1_465' title='bbox 2040 2195 2281 2248; x_wconf 86' lang='lat' dir='ltr'><strong>castum,</strong></span> <span class='ocrx_word' id='word_1_466' title='bbox 2360 2190 2787 2252; x_wconf 88' lang='lat' dir='ltr'><strong>temperantem,</strong></span> <span class='ocrx_word' id='word_1_467' title='bbox 2841 2181 3078 2251; x_wconf 83' lang='lat' dir='ltr'><strong>justum,</strong></span> <span class='ocrx_word' id='word_1_468' title='bbox 3133 2181 3332 2236; x_wconf 86' lang='lat' dir='ltr'><strong>fortem</strong></span> <span class='ocrx_word' id='word_1_469' title='bbox 3385 2180 3441 2236; x_wconf 90' lang='lat' dir='ltr'><strong>in</strong></span> 
     </span>
    </p>
   </div>
   <div class='ocr_carea' id='block_1_66' title="bbox 1864 2271 3443 2343">
    <p class='ocr_par' dir='ltr' id='par_1_66' title="bbox 1864 2271 3443 2343">
     <span class='ocr_line' id='line_1_66' title="bbox 1864 2271 3443 2343; baseline -0.001 -16"><span class='ocrx_word' id='word_1_470' title='bbox 1864 2273 2289 2339; x_wconf 80' lang='lat' dir='ltr'><strong>tentationibus,</strong></span> <span class='ocrx_word' id='word_1_471' title='bbox 2341 2287 2526 2327; x_wconf 88' lang='lat' dir='ltr'><strong>rerum</strong></span> <span class='ocrx_word' id='word_1_472' title='bbox 2560 2272 2880 2328; x_wconf 86' lang='lat' dir='ltr'><strong>divinarum</strong></span> <span class='ocrx_word' id='word_1_473' title='bbox 2913 2272 3179 2343; x_wconf 88' lang='lat' dir='ltr'><strong>peritum,</strong></span> <span class='ocrx_word' id='word_1_474' title='bbox 3222 2271 3443 2326; x_wconf 84' lang='lat' dir='ltr'><strong>miseri-</strong></span> 
     </span>
    </p>
   </div>
   <div class='ocr_carea' id='block_1_67' title="bbox 1863 2364 3437 2439">
    <p class='ocr_par' dir='ltr' id='par_1_67' title="bbox 1863 2364 3437 2439">
     <span class='ocr_line' id='line_1_67' title="bbox 1863 2364 3437 2439; baseline -0.001 -19"><span class='ocrx_word' id='word_1_475' title='bbox 1863 2365 2108 2428; x_wconf 88' lang='lat' dir='ltr'><strong>cordem,</strong></span> <span class='ocrx_word' id='word_1_476' title='bbox 2135 2364 2312 2420; x_wconf 88' lang='lat' dir='ltr'><strong>aliena</strong></span> <span class='ocrx_word' id='word_1_477' title='bbox 2340 2365 2687 2420; x_wconf 88' lang='lat' dir='ltr'><strong>incommoda</strong></span> <span class='ocrx_word' id='word_1_478' title='bbox 2719 2365 3076 2431; x_wconf 86' lang='lat' dir='ltr'><strong>senticntem,</strong></span> <span class='ocrx_word' id='word_1_479' title='bbox 3112 2364 3437 2439; x_wconf 86' lang='lat' dir='ltr'><strong>humanum,</strong></span> 
     </span>
    </p>
   </div>
   <div class='ocr_carea' id='block_1_68' title="bbox 1863 2458 3439 2532">
    <p class='ocr_par' dir='ltr' id='par_1_68' title="bbox 1863 2458 3439 2532">
     <span class='ocr_line' id='line_1_68' title="bbox 1863 2458 3439 2532; baseline 0 -20"><span class='ocrx_word' id='word_1_480' title='bbox 1863 2458 2065 2512; x_wconf 92' lang='lat' dir='ltr'><strong>bonum</strong></span> <span class='ocrx_word' id='word_1_481' title='bbox 2101 2458 2512 2522; x_wconf 90' lang='lat' dir='ltr'><strong>Christianum,</strong></span> <span class='ocrx_word' id='word_1_482' title='bbox 2556 2458 2760 2513; x_wconf 89' lang='lat' dir='ltr'><strong>Christi</strong></span> <span class='ocrx_word' id='word_1_483' title='bbox 2818 2460 3052 2532; x_wconf 71' lang='lat' dir='ltr'><strong>insignia</strong></span> <span class='ocrx_word' id='word_1_484' title='bbox 3108 2469 3439 2530; x_wconf 88' lang='lat' dir='ltr'><strong>portantem,</strong></span> 
     </span>
    </p>
   </div>
   <div class='ocr_carea' id='block_1_69' title="bbox 1862 2548 3440 2621">
    <p class='ocr_par' dir='ltr' id='par_1_69' title="bbox 1862 2548 3440 2621">
     <span class='ocr_line' id='line_1_69' title="bbox 1862 2548 3440 2621; baseline 0.003 -17"><span class='ocrx_word' id='word_1_485' title='bbox 1862 2566 1928 2607; x_wconf 88' lang='lat' dir='ltr'><strong>ac</strong></span> <span class='ocrx_word' id='word_1_486' title='bbox 1972 2549 2208 2606; x_wconf 73' lang='lat' dir='ltr'><strong>fidelem.</strong></span> <span class='ocrx_word' id='word_1_487' title='bbox 2253 2548 2510 2612; x_wconf 83' lang='lat' dir='ltr'><strong>Creditur</strong></span> <span class='ocrx_word' id='word_1_488' title='bbox 2550 2551 2696 2606; x_wconf 91' lang='lat' dir='ltr'><strong>enim</strong></span> <span class='ocrx_word' id='word_1_489' title='bbox 2749 2551 2823 2608; x_wconf 91' lang='lat' dir='ltr'><strong>illi</strong></span> <span class='ocrx_word' id='word_1_490' title='bbox 2876 2553 3050 2621; x_wconf 72' lang='lat' dir='ltr'><strong>gratia</strong></span> <span class='ocrx_word' id='word_1_491' title='bbox 3102 2555 3440 2608; x_wconf 85' lang='lat' dir='ltr'><strong>sanctissimi</strong></span> 
     </span>
    </p>
   </div>
   <div class='ocr_carea' id='block_1_70' title="bbox 1861 2643 3442 2716">
    <p class='ocr_par' dir='ltr' id='par_1_70' title="bbox 1861 2643 3442 2716">
     <span class='ocr_line' id='line_1_70' title="bbox 1861 2643 3442 2716; baseline -0.001 -17"><span class='ocrx_word' id='word_1_492' title='bbox 1861 2643 2107 2715; x_wconf 90' lang='lat' dir='ltr'><strong>Spiritus</strong></span> <span class='ocrx_word' id='word_1_493' title='bbox 2141 2643 2283 2715; x_wconf 83' lang='lat' dir='ltr'><strong>ejus,</strong></span> <span class='ocrx_word' id='word_1_494' title='bbox 2321 2661 2420 2714; x_wconf 87' lang='lat' dir='ltr'><strong>per</strong></span> <span class='ocrx_word' id='word_1_495' title='bbox 2455 2660 2644 2713; x_wconf 86' lang='lat' dir='ltr'><strong>quam,</strong></span> <span class='ocrx_word' id='word_1_496' title='bbox 2675 2653 2730 2699; x_wconf 89' lang='lat' dir='ltr'><strong>et</strong></span> <span class='ocrx_word' id='word_1_497' title='bbox 2766 2644 2818 2699; x_wconf 91' lang='lat' dir='ltr'><strong>in</strong></span> <span class='ocrx_word' id='word_1_498' title='bbox 2852 2661 2956 2714; x_wconf 89' lang='lat' dir='ltr'><strong>qua</strong></span> <span class='ocrx_word' id='word_1_499' title='bbox 3007 2645 3110 2700; x_wconf 68' lang='lat' dir='ltr'><strong>ista</strong></span> <span class='ocrx_word' id='word_1_500' title='bbox 3147 2646 3442 2716; x_wconf 83' lang='lat' dir='ltr'><strong>acquisivit</strong></span> 
     </span>
    </p>
   </div>
   <div class='ocr_carea' id='block_1_71' title="bbox 1861 2737 3441 2808">
    <p class='ocr_par' dir='ltr' id='par_1_71' title="bbox 1861 2737 3441 2808">
     <span class='ocr_line' id='line_1_71' title="bbox 1861 2737 3441 2808; baseline 0.003 -19"><span class='ocrx_word' id='word_1_501' title='bbox 1861 2738 1912 2808; x_wconf 94' lang='lat' dir='ltr'><strong>(a</strong></span> <span class='ocrx_word' id='word_1_502' title='bbox 1948 2739 2068 2791; x_wconf 84' lang='lat' dir='ltr'><strong>solo</strong></span> <span class='ocrx_word' id='word_1_503' title='bbox 2107 2738 2250 2792; x_wconf 92' lang='lat' dir='ltr'><strong>enim</strong></span> <span class='ocrx_word' id='word_1_504' title='bbox 2295 2737 2401 2794; x_wconf 89' lang='lat' dir='ltr'><strong>Deo</strong></span> <span class='ocrx_word' id='word_1_505' title='bbox 2435 2738 2674 2792; x_wconf 85' lang='lat' dir='ltr'><strong>virtutes</strong></span> <span class='ocrx_word' id='word_1_506' title='bbox 2719 2738 3042 2793; x_wconf 88' lang='lat' dir='ltr'><strong>hominibus</strong></span> <span class='ocrx_word' id='word_1_507' title='bbox 3083 2740 3441 2808; x_wconf 62' lang='lat' dir='ltr'><strong>suppeditano</strong></span> 
     </span>
    </p>
   </div>
   <div class='ocr_carea' id='block_1_72' title="bbox 1863 2829 3436 2900">
    <p class='ocr_par' dir='ltr' id='par_1_72' title="bbox 1863 2829 3436 2900">
     <span class='ocr_line' id='line_1_72' title="bbox 1863 2829 3436 2900; baseline 0 -17"><span class='ocrx_word' id='word_1_508' title='bbox 1863 2829 1994 2900; x_wconf 88' lang='lat' dir='ltr'><strong>tur),</strong></span> <span class='ocrx_word' id='word_1_509' title='bbox 2026 2831 2190 2900; x_wconf 77' lang='lat' dir='ltr'><strong>{itque</strong></span> <span class='ocrx_word' id='word_1_510' title='bbox 2235 2831 2429 2886; x_wconf 83' lang='lat' dir='ltr'><strong>similis</strong></span> <span class='ocrx_word' id='word_1_511' title='bbox 2458 2831 2599 2885; x_wconf 83' lang='lat' dir='ltr'><strong>Patri</strong></span> <span class='ocrx_word' id='word_1_512' title='bbox 2634 2847 2734 2885; x_wconf 91' lang='lat' dir='ltr'><strong>suo</strong></span> <span class='ocrx_word' id='word_1_513' title='bbox 2769 2832 3002 2896; x_wconf 72' lang='lat' dir='ltr'><strong>cmlesti,</strong></span> <span class='ocrx_word' id='word_1_514' title='bbox 3035 2835 3179 2887; x_wconf 87' lang='lat' dir='ltr'><strong>sicut</strong></span> <span class='ocrx_word' id='word_1_515' title='bbox 3211 2841 3265 2887; x_wconf 86' lang='lat' dir='ltr'><strong>et</strong></span> <span class='ocrx_word' id='word_1_516' title='bbox 3293 2834 3436 2885; x_wconf 88' lang='lat' dir='ltr'><strong>divi-</strong></span> 
     </span>
    </p>
   </div>
   <div class='ocr_carea' id='block_1_73' title="bbox 1862 2919 3436 2994">
    <p class='ocr_par' dir='ltr' id='par_1_73' title="bbox 1862 2919 3436 2994">
     <span class='ocr_line' id='line_1_73' title="bbox 1862 2919 3436 2994; baseline 0.001 -19"><span class='ocrx_word' id='word_1_517' title='bbox 1862 2938 1965 2976; x_wconf 88' lang='lat' dir='ltr'><strong>nus</strong></span> <span class='ocrx_word' id='word_1_518' title='bbox 2013 2922 2297 2992; x_wconf 88' lang='lat' dir='ltr'><strong>apostolus</strong></span> <span class='ocrx_word' id='word_1_519' title='bbox 2325 2919 2566 2976; x_wconf 78' lang='lat' dir='ltr'><strong>Joannes</strong></span> <span class='ocrx_word' id='word_1_520' title='bbox 2594 2921 2909 2993; x_wconf 81' lang='lat' dir='ltr'><strong>TheOIOgus</strong></span> <span class='ocrx_word' id='word_1_521' title='bbox 2953 2925 3172 2994; x_wconf 87' lang='lat' dir='ltr'><strong>inquit:</strong></span> <span class='ocrx_word' id='word_1_522' title='bbox 3230 2921 3436 2993; x_wconf 81' lang='lat' dir='ltr'><strong>Filioti,</strong></span> 
     </span>
    </p>
   </div>
   <div class='ocr_carea' id='block_1_74' title="bbox 1860 3015 3435 3086">
    <p class='ocr_par' dir='ltr' id='par_1_74' title="bbox 1860 3015 3435 3086">
     <span class='ocr_line' id='line_1_74' title="bbox 1860 3015 3435 3086; baseline 0.003 -18"><span class='ocrx_word' id='word_1_523' title='bbox 1860 3015 2093 3069; x_wconf 87' lang='lat' dir='ltr'><strong>nondum</strong></span> <span class='ocrx_word' id='word_1_524' title='bbox 2130 3017 2386 3084; x_wconf 76' lang='lat' dir='ltr'><strong>apparuit</strong></span> <span class='ocrx_word' id='word_1_525' title='bbox 2424 3016 2550 3084; x_wconf 82' lang='lat' dir='ltr'><strong>quid</strong></span> <span class='ocrx_word' id='word_1_526' title='bbox 2580 3017 2801 3069; x_wconf 80' lang='lat' dir='ltr'><strong>erimus.</strong></span> <span class='ocrx_word' id='word_1_527' title='bbox 2863 3016 3072 3070; x_wconf 80' lang='lat' dir='ltr'><strong>Scimus</strong></span> <span class='ocrx_word' id='word_1_528' title='bbox 3106 3019 3244 3070; x_wconf 88' lang='lat' dir='ltr'><strong>enim</strong></span> <span class='ocrx_word' id='word_1_529' title='bbox 3275 3021 3435 3086; x_wconf 80' lang='lat' dir='ltr'><strong>quod,</strong></span> 
     </span>
    </p>
   </div>
   <div class='ocr_carea' id='block_1_75' title="bbox 1861 3106 3440 3176">
    <p class='ocr_par' dir='ltr' id='par_1_75' title="bbox 1861 3106 3440 3176">
     <span class='ocr_line' id='line_1_75' title="bbox 1861 3106 3440 3176; baseline 0.004 -15"><span class='ocrx_word' id='word_1_530' title='bbox 1861 3125 1978 3162; x_wconf 89' lang='lat' dir='ltr'><strong>cum</strong></span> <span class='ocrx_word' id='word_1_531' title='bbox 2010 3109 2339 3176; x_wconf 86' lang='lat' dir='ltr'><strong>apparuerit,</strong></span> <span class='ocrx_word' id='word_1_532' title='bbox 2378 3106 2576 3161; x_wconf 84' lang='lat' dir='ltr'><strong>similes</strong></span> <span class='ocrx_word' id='word_1_533' title='bbox 2612 3109 2694 3160; x_wconf 83' lang='lat' dir='ltr'><strong>illi</strong></span> <span class='ocrx_word' id='word_1_534' title='bbox 2726 3110 2920 3162; x_wconf 85' lang='lat' dir='ltr'><strong>erimus</strong></span> <span class='ocrx_word' id='word_1_535' title='bbox 2947 3110 3015 3172; x_wconf 79' lang='lat'><strong>”,</strong></span> <span class='ocrx_word' id='word_1_536' title='bbox 3045 3111 3096 3165; x_wconf 87' lang='lat' dir='ltr'><strong>id</strong></span> <span class='ocrx_word' id='word_1_537' title='bbox 3139 3120 3244 3174; x_wconf 84' lang='lat' dir='ltr'><strong>est,</strong></span> <span class='ocrx_word' id='word_1_538' title='bbox 3277 3112 3440 3168; x_wconf 79' lang='lat' dir='ltr'><strong>Chri-</strong></span> 
     </span>
    </p>
   </div>
   <div class='ocr_carea' id='block_1_76' title="bbox 1860 3199 3438 3273">
    <p class='ocr_par' dir='ltr' id='par_1_76' title="bbox 1860 3199 3438 3273">
     <span class='ocr_line' id='line_1_76' title="bbox 1860 3199 3438 3273; baseline 0.005 -20"><span class='ocrx_word' id='word_1_539' title='bbox 1860 3211 1945 3253; x_wconf 88' lang='lat' dir='ltr'><strong>sto</strong></span> <span class='ocrx_word' id='word_1_540' title='bbox 1994 3199 2125 3263; x_wconf 83' lang='lat' dir='ltr'><strong>Deo,</strong></span> <span class='ocrx_word' id='word_1_541' title='bbox 2175 3199 2316 3253; x_wconf 83' lang='lat' dir='ltr'><strong>Filio</strong></span> <span class='ocrx_word' id='word_1_542' title='bbox 2371 3201 2485 3254; x_wconf 87' lang='lat' dir='ltr'><strong>Dci.</strong></span> <span class='ocrx_word' id='word_1_543' title='bbox 2529 3201 2773 3268; x_wconf 74' lang='lat' dir='ltr'><strong>Regnum</strong></span> <span class='ocrx_word' id='word_1_544' title='bbox 2832 3203 3102 3256; x_wconf 64' lang='lat' dir='ltr'><strong>oratorum</strong></span> <span class='ocrx_word' id='word_1_545' title='bbox 3161 3205 3438 3273; x_wconf 87' lang='lat' dir='ltr'><strong>siquidem</strong></span> 
     </span>
    </p>
   </div>
   <div class='ocr_carea' id='block_1_77' title="bbox 1862 3291 3438 3363">
    <p class='ocr_par' dir='ltr' id='par_1_77' title="bbox 1862 3291 3438 3363">
     <span class='ocr_line' id='line_1_77' title="bbox 1862 3291 3438 3363; baseline 0.003 -17"><span class='ocrx_word' id='word_1_546' title='bbox 1862 3293 1997 3346; x_wconf 86' lang='lat' dir='ltr'><strong>talcs</strong></span> <span class='ocrx_word' id='word_1_547' title='bbox 2027 3293 2285 3351; x_wconf 70' lang='lat' dir='ltr'><strong>admittit,</strong></span> <span class='ocrx_word' id='word_1_548' title='bbox 2316 3295 2407 3363; x_wconf 91' lang='lat' dir='ltr'><strong>qui</strong></span> <span class='ocrx_word' id='word_1_549' title='bbox 2445 3291 2566 3345; x_wconf 77' lang='lat' dir='ltr'><strong>Filii</strong></span> <span class='ocrx_word' id='word_1_550' title='bbox 2615 3291 2705 3346; x_wconf 84' lang='lat' dir='ltr'><strong>Dei</strong></span> <span class='ocrx_word' id='word_1_551' title='bbox 2751 3294 3169 3349; x_wconf 86' lang='lat' dir='ltr'><strong>similitudinem</strong></span> <span class='ocrx_word' id='word_1_552' title='bbox 3223 3309 3438 3362; x_wconf 68' lang='lat' dir='ltr'><strong>gerant,</strong></span> 
     </span>
    </p>
   </div>
   <div class='ocr_carea' id='block_1_78' title="bbox 1859 3385 3442 3454">
    <p class='ocr_par' dir='ltr' id='par_1_78' title="bbox 1859 3385 3442 3454">
     <span class='ocr_line' id='line_1_78' title="bbox 1859 3385 3442 3454; baseline 0.006 -20"><span class='ocrx_word' id='word_1_553' title='bbox 1859 3399 2022 3454; x_wconf 86' lang='lat' dir='ltr'><strong>quam</strong></span> <span class='ocrx_word' id='word_1_554' title='bbox 2065 3385 2288 3453; x_wconf 87' lang='lat' dir='ltr'><strong>quidem</strong></span> <span class='ocrx_word' id='word_1_555' title='bbox 2327 3393 2708 3437; x_wconf 84' lang='lat' dir='ltr'><strong>consummata</strong></span> <span class='ocrx_word' id='word_1_556' title='bbox 2761 3385 2855 3440; x_wconf 93' lang='lat' dir='ltr'><strong>Dei</strong></span> <span class='ocrx_word' id='word_1_557' title='bbox 2912 3386 3294 3441; x_wconf 69' lang='lat' dir='ltr'><strong>mandatorum</strong></span> <span class='ocrx_word' id='word_1_558' title='bbox 3343 3393 3442 3443; x_wconf 85' lang='lat' dir='ltr'><strong>ob-</strong></span> 
     </span>
    </p>
   </div>
   <div class='ocr_carea' id='block_1_79' title="bbox 1859 3477 3436 3552">
    <p class='ocr_par' dir='ltr' id='par_1_79' title="bbox 1859 3477 3436 3552">
     <span class='ocr_line' id='line_1_79' title="bbox 1859 3477 3436 3552; baseline 0.004 -21"><span class='ocrx_word' id='word_1_559' title='bbox 1859 3478 2102 3531; x_wconf 81' lang='lat' dir='ltr'><strong>servatio</strong></span> <span class='ocrx_word' id='word_1_560' title='bbox 2156 3477 2438 3540; x_wconf 85' lang='lat' dir='ltr'><strong>conciliat,</strong></span> <span class='ocrx_word' id='word_1_561' title='bbox 2495 3487 2548 3531; x_wconf 86' lang='lat' dir='ltr'><strong>et</strong></span> <span class='ocrx_word' id='word_1_562' title='bbox 2583 3493 2644 3531; x_wconf 85' lang='lat' dir='ltr'><strong>ea</strong></span> <span class='ocrx_word' id='word_1_563' title='bbox 2696 3478 2810 3546; x_wconf 83' lang='lat' dir='ltr'><strong>ipsa</strong></span> <span class='ocrx_word' id='word_1_564' title='bbox 2874 3494 2939 3532; x_wconf 75' lang='lat' dir='ltr'><strong>ex</strong></span> <span class='ocrx_word' id='word_1_565' title='bbox 2991 3481 3260 3534; x_wconf 76' lang='lat' dir='ltr'><strong>charitan</strong></span> <span class='ocrx_word' id='word_1_566' title='bbox 3311 3499 3436 3552; x_wconf 80' lang='lat' dir='ltr'><strong>erga</strong></span> 
     </span>
    </p>
   </div>
   <div class='ocr_carea' id='block_1_80' title="bbox 1857 3566 3440 3638">
    <p class='ocr_par' dir='ltr' id='par_1_80' title="bbox 1857 3566 3440 3638">
     <span class='ocr_line' id='line_1_80' title="bbox 1857 3566 3440 3638; baseline 0.006 -20"><span class='ocrx_word' id='word_1_567' title='bbox 1857 3566 2140 3621; x_wconf 88' lang='lat' dir='ltr'><strong>Christum</strong></span> <span class='ocrx_word' id='word_1_568' title='bbox 2186 3569 2555 3636; x_wconf 85' lang='lat' dir='ltr'><strong>proficiscitur</strong></span> <span class='ocrx_word' id='word_1_569' title='bbox 2591 3584 2606 3623; x_wconf 90' lang='lat'><strong>:</strong></span> <span class='ocrx_word' id='word_1_570' title='bbox 2637 3569 2740 3632; x_wconf 81' lang='lat' dir='ltr'><strong>Qui</strong></span> <span class='ocrx_word' id='word_1_571' title='bbox 2774 3570 2948 3638; x_wconf 74' lang='lat' dir='ltr'><strong>diligit</strong></span> <span class='ocrx_word' id='word_1_572' title='bbox 2983 3588 3087 3635; x_wconf 85' lang='lat' dir='ltr'><strong>me,</strong></span> <span class='ocrx_word' id='word_1_573' title='bbox 3142 3573 3212 3625; x_wconf 85' lang='lat' dir='ltr'><strong>ait</strong></span> <span class='ocrx_word' id='word_1_574' title='bbox 3253 3572 3440 3628; x_wconf 80' lang='lat' dir='ltr'><strong>Domi-</strong></span> 
     </span>
    </p>
   </div>
   <div class='ocr_carea' id='block_1_81' title="bbox 1859 3659 3442 3728">
    <p class='ocr_par' dir='ltr' id='par_1_81' title="bbox 1859 3659 3442 3728">
     <span class='ocr_line' id='line_1_81' title="bbox 1859 3659 3442 3728; baseline 0.004 -16"><span class='ocrx_word' id='word_1_575' title='bbox 1859 3674 1982 3720; x_wconf 86' lang='lat' dir='ltr'><strong>nus,</strong></span> <span class='ocrx_word' id='word_1_576' title='bbox 2016 3659 2271 3710; x_wconf 82' lang='lat' dir='ltr'><strong>mandata</strong></span> <span class='ocrx_word' id='word_1_577' title='bbox 2300 3674 2414 3711; x_wconf 88' lang='lat' dir='ltr'><strong>mea</strong></span> <span class='ocrx_word' id='word_1_578' title='bbox 2460 3659 2685 3712; x_wconf 78' lang='lat' dir='ltr'><strong>servabit</strong></span> <span class='ocrx_word' id='word_1_579' title='bbox 2708 3659 2773 3713; x_wconf 82' lang='lat'><strong>”.</strong></span> <span class='ocrx_word' id='word_1_580' title='bbox 2815 3659 2881 3712; x_wconf 87' lang='lat' dir='ltr'><strong>Et</strong></span> <span class='ocrx_word' id='word_1_581' title='bbox 2918 3661 3014 3728; x_wconf 82' lang='lat' dir='ltr'><strong>qui</strong></span> <span class='ocrx_word' id='word_1_582' title='bbox 3073 3670 3255 3716; x_wconf 70' lang='lat' dir='ltr'><strong>servat</strong></span> <span class='ocrx_word' id='word_1_583' title='bbox 3291 3679 3442 3718; x_wconf 80' lang='lat' dir='ltr'><strong>man-</strong></span> 
     </span>
    </p>
   </div>
   <div class='ocr_carea' id='block_1_82' title="bbox 1858 3749 3437 3819">
    <p class='ocr_par' dir='ltr' id='par_1_82' title="bbox 1858 3749 3437 3819">
     <span class='ocr_line' id='line_1_82' title="bbox 1858 3749 3437 3819; baseline 0.003 -17"><span class='ocrx_word' id='word_1_584' title='bbox 1858 3750 1984 3802; x_wconf 87' lang='lat' dir='ltr'><strong>data</strong></span> <span class='ocrx_word' id='word_1_585' title='bbox 2013 3749 2240 3813; x_wconf 90' lang='lat' dir='ltr'><strong>Christi,</strong></span> <span class='ocrx_word' id='word_1_586' title='bbox 2293 3750 2412 3818; x_wconf 84' lang='lat' dir='ltr'><strong>ejus</strong></span> <span class='ocrx_word' id='word_1_587' title='bbox 2451 3751 2870 3804; x_wconf 86' lang='lat' dir='ltr'><strong>similitudinem</strong></span> <span class='ocrx_word' id='word_1_588' title='bbox 2905 3752 3274 3819; x_wconf 80' lang='lat' dir='ltr'><strong>adipiscitur:</strong></span> <span class='ocrx_word' id='word_1_589' title='bbox 3322 3753 3437 3807; x_wconf 85' lang='lat' dir='ltr'><strong>for-</strong></span> 
     </span>
    </p>
   </div>
   <div class='ocr_carea' id='block_1_83' title="bbox 1861 3842 3434 3917">
    <p class='ocr_par' dir='ltr' id='par_1_83' title="bbox 1861 3842 3434 3917">
     <span class='ocr_line' id='line_1_83' title="bbox 1861 3842 3434 3917; baseline 0.008 -23"><span class='ocrx_word' id='word_1_590' title='bbox 1861 3854 2042 3894; x_wconf 88' lang='lat' dir='ltr'><strong>tuatur</strong></span> <span class='ocrx_word' id='word_1_591' title='bbox 2071 3842 2216 3895; x_wconf 91' lang='lat' dir='ltr'><strong>enim</strong></span> <span class='ocrx_word' id='word_1_592' title='bbox 2254 3842 2306 3895; x_wconf 90' lang='lat' dir='ltr'><strong>in</strong></span> <span class='ocrx_word' id='word_1_593' title='bbox 2338 3857 2404 3895; x_wconf 86' lang='lat' dir='ltr'><strong>eo</strong></span> <span class='ocrx_word' id='word_1_594' title='bbox 2433 3843 2714 3906; x_wconf 73' lang='lat' dir='ltr'><strong>Christus,</strong></span> <span class='ocrx_word' id='word_1_595' title='bbox 2752 3844 2912 3914; x_wconf 79' lang='lat' dir='ltr'><strong>juxta</strong></span> <span class='ocrx_word' id='word_1_596' title='bbox 2967 3847 3103 3899; x_wconf 90' lang='lat' dir='ltr'><strong>illud</strong></span> <span class='ocrx_word' id='word_1_597' title='bbox 3141 3848 3434 3917; x_wconf 71' lang='lat' dir='ltr'><strong>Apostoli:</strong></span> 
     </span>
    </p>
   </div>
   <div class='ocr_carea' id='block_1_84' title="bbox 1861 3935 3439 4008">
    <p class='ocr_par' dir='ltr' id='par_1_84' title="bbox 1861 3935 3439 4008">
     <span class='ocr_line' id='line_1_84' title="bbox 1861 3935 3439 4008; baseline 0.005 -19"><span class='ocrx_word' id='word_1_598' title='bbox 1861 3935 2068 3996; x_wconf 81' lang='lat' dir='ltr'><strong>Filioli,</strong></span> <span class='ocrx_word' id='word_1_599' title='bbox 2101 3955 2228 4006; x_wconf 78' lang='lat' dir='ltr'><strong>quos</strong></span> <span class='ocrx_word' id='word_1_600' title='bbox 2267 3938 2455 3991; x_wconf 88' lang='lat' dir='ltr'><strong>iterum</strong></span> <span class='ocrx_word' id='word_1_601' title='bbox 2490 3941 2756 4008; x_wconf 82' lang='lat' dir='ltr'><strong>purturio,</strong></span> <span class='ocrx_word' id='word_1_602' title='bbox 2782 3940 2945 3994; x_wconf 86' lang='lat' dir='ltr'><strong>donec</strong></span> <span class='ocrx_word' id='word_1_603' title='bbox 2989 3941 3248 4008; x_wconf 74' lang='lat' dir='ltr'><strong>formetur</strong></span> <span class='ocrx_word' id='word_1_604' title='bbox 3280 3945 3439 3997; x_wconf 71' lang='lat' dir='ltr'><strong>Clari-</strong></span> 
     </span>
    </p>
   </div>
   <div class='ocr_carea' id='block_1_85' title="bbox 1858 4029 3438 4105">
    <p class='ocr_par' dir='ltr' id='par_1_85' title="bbox 1858 4029 3438 4105">
     <span class='ocr_line' id='line_1_85' title="bbox 1858 4029 3438 4105; baseline 0.004 -20"><span class='ocrx_word' id='word_1_605' title='bbox 1858 4041 1971 4085; x_wconf 88' lang='lat' dir='ltr'><strong>stus</strong></span> <span class='ocrx_word' id='word_1_606' title='bbox 2004 4033 2054 4082; x_wconf 89' lang='lat' dir='ltr'><strong>in</strong></span> <span class='ocrx_word' id='word_1_607' title='bbox 2084 4033 2226 4083; x_wconf 84' lang='lat' dir='ltr'><strong>vobis</strong></span> <span class='ocrx_word' id='word_1_608' title='bbox 2263 4031 2330 4086; x_wconf 65' lang='grc' dir='ltr'><strong>δ’.</strong></span> <span class='ocrx_word' id='word_1_609' title='bbox 2380 4029 2494 4084; x_wconf 83' lang='lat' dir='ltr'><strong>Nisi</strong></span> <span class='ocrx_word' id='word_1_610' title='bbox 2556 4033 2702 4085; x_wconf 86' lang='lat' dir='ltr'><strong>enim</strong></span> <span class='ocrx_word' id='word_1_611' title='bbox 2756 4036 2810 4088; x_wconf 89' lang='lat' dir='ltr'><strong>in</strong></span> <span class='ocrx_word' id='word_1_612' title='bbox 2856 4035 3159 4089; x_wconf 58' lang='lat' dir='ltr'><strong>christiano</strong></span> <span class='ocrx_word' id='word_1_613' title='bbox 3191 4038 3438 4105; x_wconf 85' lang='lat' dir='ltr'><strong>quolibet</strong></span> 
     </span>
    </p>
   </div>
   <div class='ocr_carea' id='block_1_86' title="bbox 1857 4123 3436 4197">
    <p class='ocr_par' dir='ltr' id='par_1_86' title="bbox 1857 4123 3436 4197">
     <span class='ocr_line' id='line_1_86' title="bbox 1857 4123 3436 4197; baseline 0.004 -20"><span class='ocrx_word' id='word_1_614' title='bbox 1857 4123 2114 4178; x_wconf 83' lang='lat' dir='ltr'><strong>Christus</strong></span> <span class='ocrx_word' id='word_1_615' title='bbox 2170 4124 2441 4178; x_wconf 91' lang='lat' dir='ltr'><strong>formatus</strong></span> <span class='ocrx_word' id='word_1_616' title='bbox 2501 4124 2836 4193; x_wconf 79' lang='lat' dir='ltr'><strong>invenietur,</strong></span> <span class='ocrx_word' id='word_1_617' title='bbox 2893 4142 3118 4197; x_wconf 77' lang='lat' dir='ltr'><strong>regnum</strong></span> <span class='ocrx_word' id='word_1_618' title='bbox 3171 4129 3436 4184; x_wconf 65' lang='lat' dir='ltr'><strong>Helorum</strong></span> 
     </span>
    </p>
   </div>
   <div class='ocr_carea' id='block_1_87' title="bbox 1858 4217 2310 4287">
    <p class='ocr_par' dir='ltr' id='par_1_87' title="bbox 1858 4217 2310 4287">
     <span class='ocr_line' id='line_1_87' title="bbox 1858 4217 2310 4287; baseline -0.002 -16"><span class='ocrx_word' id='word_1_619' title='bbox 1858 4217 1907 4271; x_wconf 89' lang='lat' dir='ltr'><strong>ei</strong></span> <span class='ocrx_word' id='word_1_620' title='bbox 1943 4232 2049 4270; x_wconf 87' lang='lat' dir='ltr'><strong>non</strong></span> <span class='ocrx_word' id='word_1_621' title='bbox 2083 4217 2310 4287; x_wconf 87' lang='lat' dir='ltr'><strong>patebit.</strong></span> 
     </span>
    </p>
   </div>
   <div class='ocr_carea' id='block_1_88' title="bbox 1933 4309 3436 4382">
    <p class='ocr_par' dir='ltr' id='par_1_88' title="bbox 1933 4309 3436 4382">
     <span class='ocr_line' id='line_1_88' title="bbox 1933 4309 3436 4382; baseline 0.004 -19"><span class='ocrx_word' id='word_1_622' title='bbox 1933 4309 2121 4377; x_wconf 87' lang='lat' dir='ltr'><strong>Itaque</strong></span> <span class='ocrx_word' id='word_1_623' title='bbox 2158 4325 2318 4382; x_wconf 88' lang='lat' dir='ltr'><strong>nemo</strong></span> <span class='ocrx_word' id='word_1_624' title='bbox 2335 4309 2682 4365; x_wconf 78' lang='lat' dir='ltr'><strong>Christianus</strong></span> <span class='ocrx_word' id='word_1_625' title='bbox 2717 4318 2886 4365; x_wconf 81' lang='lat' dir='ltr'><strong>semet</strong></span> <span class='ocrx_word' id='word_1_626' title='bbox 2919 4311 3181 4382; x_wconf 86' lang='lat' dir='ltr'><strong>decipiat,</strong></span> <span class='ocrx_word' id='word_1_627' title='bbox 3237 4323 3436 4380; x_wconf 84' lang='lat' dir='ltr'><strong>putans</strong></span> 
     </span>
    </p>
   </div>
   <div class='ocr_carea' id='block_1_89' title="bbox 1860 4380 3436 4475">
    <p class='ocr_par' dir='ltr' id='par_1_89' title="bbox 1860 4380 3436 4475">
     <span class='ocr_line' id='line_1_89' title="bbox 1860 4380 3436 4475; baseline 0.004 -19"><span class='ocrx_word' id='word_1_628' title='bbox 1860 4417 1918 4456; x_wconf 87' lang='lat' dir='ltr'><strong>se</strong></span> <span class='ocrx_word' id='word_1_629' title='bbox 1943 4411 2152 4470; x_wconf 89' lang='lat' dir='ltr'><strong>partem</strong></span> <span class='ocrx_word' id='word_1_630' title='bbox 2190 4380 2390 4457; x_wconf 58' lang='lat' dir='ltr'><strong>habere</strong></span> <span class='ocrx_word' id='word_1_631' title='bbox 2420 4418 2544 4456; x_wconf 89' lang='lat' dir='ltr'><strong>cum</strong></span> <span class='ocrx_word' id='word_1_632' title='bbox 2577 4404 2822 4464; x_wconf 84' lang='lat' dir='ltr'><strong>Christo,</strong></span> <span class='ocrx_word' id='word_1_633' title='bbox 2853 4403 2979 4457; x_wconf 91' lang='lat' dir='ltr'><strong>dum</strong></span> <span class='ocrx_word' id='word_1_634' title='bbox 3017 4380 3123 4459; x_wconf 82' lang='lat' dir='ltr'><strong>non</strong></span> <span class='ocrx_word' id='word_1_635' title='bbox 3151 4407 3436 4475; x_wconf 85' lang='lat' dir='ltr'><strong>obtempe-</strong></span> 
     </span>
    </p>
   </div>
   <div class='ocr_carea' id='block_1_90' title="bbox 1860 4492 3441 4565">
    <p class='ocr_par' dir='ltr' id='par_1_90' title="bbox 1860 4492 3441 4565">
     <span class='ocr_line' id='line_1_90' title="bbox 1860 4492 3441 4565; baseline 0.005 -19"><span class='ocrx_word' id='word_1_636' title='bbox 1860 4501 1945 4546; x_wconf 88' lang='lat' dir='ltr'><strong>rat</strong></span> <span class='ocrx_word' id='word_1_637' title='bbox 1974 4494 2192 4548; x_wconf 84' lang='lat' dir='ltr'><strong>Christo</strong></span> <span class='ocrx_word' id='word_1_638' title='bbox 2220 4510 2236 4549; x_wconf 89' lang='lat'><strong>:</strong></span> <span class='ocrx_word' id='word_1_639' title='bbox 2267 4492 2386 4546; x_wconf 76' lang='lat' dir='ltr'><strong>Non</strong></span> <span class='ocrx_word' id='word_1_640' title='bbox 2410 4496 2546 4547; x_wconf 83' lang='lat' dir='ltr'><strong>enim</strong></span> <span class='ocrx_word' id='word_1_641' title='bbox 2576 4496 2745 4548; x_wconf 84' lang='lat' dir='ltr'><strong>omnis</strong></span> <span class='ocrx_word' id='word_1_642' title='bbox 2769 4497 2860 4565; x_wconf 89' lang='lat' dir='ltr'><strong>qui</strong></span> <span class='ocrx_word' id='word_1_643' title='bbox 2879 4496 3007 4548; x_wconf 74' lang='lat' dir='ltr'><strong>dicit</strong></span> <span class='ocrx_word' id='word_1_644' title='bbox 3035 4499 3181 4562; x_wconf 76' lang='lat' dir='ltr'><strong>milii,</strong></span> <span class='ocrx_word' id='word_1_645' title='bbox 3214 4497 3441 4554; x_wconf 70' lang='lat' dir='ltr'><strong>Domina</strong></span> 
     </span>
    </p>
   </div>
   <div class='ocr_carea' id='block_1_91' title="bbox 169 4569 3436 4660">
    <p class='ocr_par' dir='ltr' id='par_1_91' title="bbox 169 4569 3436 4660">
     <span class='ocr_line' id='line_1_91' title="bbox 169 4569 3436 4660; baseline 0.003 -25"><span class='ocrx_word' id='word_1_646' title='bbox 169 4585 549 4635; x_wconf 75' lang='lat' dir='ltr'><strong>caricatiouem</strong></span> <span class='ocrx_word' id='word_1_647' title='bbox 581 4583 710 4652; x_wconf 75' lang='lat' dir='ltr'><strong>tegis</strong></span> <span class='ocrx_word' id='word_1_648' title='bbox 749 4581 913 4637; x_wconf 79' lang='lat' dir='ltr'><strong>Deum</strong></span> <span class='ocrx_word' id='word_1_649' title='bbox 943 4584 1288 4648; x_wconf 63' lang='lat' dir='ltr'><strong>inhonorata,</strong></span> <span class='ocrx_word' id='word_1_650' title='bbox 1337 4594 1396 4639; x_wconf 92' lang='lat' dir='ltr'><strong>ut</strong></span> <span class='ocrx_word' id='word_1_651' title='bbox 1427 4588 1570 4655; x_wconf 87' lang='lat' dir='ltr'><strong>apud</strong></span> <span class='ocrx_word' id='word_1_652' title='bbox 1607 4589 1754 4656; x_wconf 82' lang='lat' dir='ltr'><strong>Apo-</strong></span> <span class='ocrx_word' id='word_1_653' title='bbox 1786 4569 1828 4624; x_wconf 74' lang='grc' dir='ltr'><strong>θ</strong></span> <span class='ocrx_word' id='word_1_654' title='bbox 1862 4587 2102 4653; x_wconf 86' lang='lat' dir='ltr'><strong>Domine,</strong></span> <span class='ocrx_word' id='word_1_655' title='bbox 2137 4588 2358 4641; x_wconf 85' lang='lat' dir='ltr'><strong>intrabit</strong></span> <span class='ocrx_word' id='word_1_656' title='bbox 2395 4590 2450 4640; x_wconf 76' lang='lat' dir='ltr'><strong>in</strong></span> <span class='ocrx_word' id='word_1_657' title='bbox 2474 4604 2687 4656; x_wconf 82' lang='lat' dir='ltr'><strong>regnum</strong></span> <span class='ocrx_word' id='word_1_658' title='bbox 2726 4590 2968 4643; x_wconf 72' lang='lat' dir='ltr'><strong>cazlornm</strong></span> <span class='ocrx_word' id='word_1_659' title='bbox 3001 4606 3020 4644; x_wconf 92' lang='lat'><strong>:</strong></span> <span class='ocrx_word' id='word_1_660' title='bbox 3058 4592 3148 4644; x_wconf 84' lang='lat' dir='ltr'><strong>sed</strong></span> <span class='ocrx_word' id='word_1_661' title='bbox 3178 4593 3269 4660; x_wconf 86' lang='lat' dir='ltr'><strong>qui</strong></span> <span class='ocrx_word' id='word_1_662' title='bbox 3306 4592 3436 4660; x_wconf 79' lang='lat' dir='ltr'><strong>facit</strong></span> 
     </span>
    </p>
   </div>
   <div class='ocr_carea' id='block_1_92' title="bbox 170 4675 1758 4743">
    <p class='ocr_par' dir='ltr' id='par_1_92' title="bbox 170 4675 1758 4743">
     <span class='ocr_line' id='line_1_92' title="bbox 170 4675 1758 4743; baseline 0.004 -15"><span class='ocrx_word' id='word_1_663' title='bbox 170 4678 374 4728; x_wconf 85' lang='lat' dir='ltr'><strong>stolum</strong></span> <span class='ocrx_word' id='word_1_664' title='bbox 426 4676 660 4743; x_wconf 75' lang='lat' dir='ltr'><strong>legimus</strong></span> <span class='ocrx_word' id='word_1_665' title='bbox 695 4677 761 4728; x_wconf 75' lang='lat'><strong>“.</strong></span> <span class='ocrx_word' id='word_1_666' title='bbox 813 4675 971 4742; x_wconf 81' lang='lat' dir='ltr'><strong>Quod</strong></span> <span class='ocrx_word' id='word_1_667' title='bbox 1021 4677 1068 4732; x_wconf 89' lang='lat' dir='ltr'><strong>si</strong></span> <span class='ocrx_word' id='word_1_668' title='bbox 1121 4677 1371 4743; x_wconf 76' lang='lat' dir='ltr'><strong>afﬁrmet,</strong></span> <span class='ocrx_word' id='word_1_669' title='bbox 1431 4681 1658 4734; x_wconf 81' lang='lat' dir='ltr'><strong>credere</strong></span> <span class='ocrx_word' id='word_1_670' title='bbox 1697 4695 1758 4734; x_wconf 87' lang='lat' dir='ltr'><strong>se</strong></span> 
     </span>
    </p>
   </div>
   <div class='ocr_carea' id='block_1_93' title="bbox 169 4769 1757 4842">
    <p class='ocr_par' dir='ltr' id='par_1_93' title="bbox 169 4769 1757 4842">
     <span class='ocr_line' id='line_1_93' title="bbox 169 4769 1757 4842; baseline 0.003 -21"><span class='ocrx_word' id='word_1_671' title='bbox 169 4770 395 4836; x_wconf 86' lang='lat' dir='ltr'><strong>quidem</strong></span> <span class='ocrx_word' id='word_1_672' title='bbox 429 4769 671 4831; x_wconf 88' lang='lat' dir='ltr'><strong>Christo,</strong></span> <span class='ocrx_word' id='word_1_673' title='bbox 707 4771 930 4840; x_wconf 82' lang='lat' dir='ltr'><strong>quando</strong></span> <span class='ocrx_word' id='word_1_674' title='bbox 976 4771 1202 4839; x_wconf 89' lang='lat' dir='ltr'><strong>quidem</strong></span> <span class='ocrx_word' id='word_1_675' title='bbox 1234 4780 1290 4826; x_wconf 88' lang='lat' dir='ltr'><strong>et</strong></span> <span class='ocrx_word' id='word_1_676' title='bbox 1326 4773 1379 4825; x_wconf 90' lang='lat' dir='ltr'><strong>in</strong></span> <span class='ocrx_word' id='word_1_677' title='bbox 1417 4772 1596 4842; x_wconf 85' lang='lat' dir='ltr'><strong>ipsum</strong></span> <span class='ocrx_word' id='word_1_678' title='bbox 1633 4787 1757 4827; x_wconf 86' lang='lat' dir='ltr'><strong>cre-</strong></span> 
     </span>
    </p>
   </div>
   <div class='ocr_carea' id='block_1_94' title="bbox 171 4862 1758 4928">
    <p class='ocr_par' dir='ltr' id='par_1_94' title="bbox 171 4862 1758 4928">
     <span class='ocr_line' id='line_1_94' title="bbox 171 4862 1758 4928; baseline 0.003 -15"><span class='ocrx_word' id='word_1_679' title='bbox 171 4866 286 4926; x_wconf 89' lang='lat' dir='ltr'><strong>dat,</strong></span> <span class='ocrx_word' id='word_1_680' title='bbox 307 4862 362 4913; x_wconf 90' lang='lat' dir='ltr'><strong>iu</strong></span> <span class='ocrx_word' id='word_1_681' title='bbox 386 4862 679 4916; x_wconf 77' lang='lat' dir='ltr'><strong>\irtutibus</strong></span> <span class='ocrx_word' id='word_1_682' title='bbox 709 4871 887 4917; x_wconf 78' lang='lat' dir='ltr'><strong>autem</strong></span> <span class='ocrx_word' id='word_1_683' title='bbox 919 4863 1224 4928; x_wconf 85' lang='lat' dir='ltr'><strong>elaborare,</strong></span> <span class='ocrx_word' id='word_1_684' title='bbox 1249 4863 1352 4917; x_wconf 90' lang='lat' dir='ltr'><strong>hoc</strong></span> <span class='ocrx_word' id='word_1_685' title='bbox 1379 4872 1485 4926; x_wconf 87' lang='lat' dir='ltr'><strong>est,</strong></span> <span class='ocrx_word' id='word_1_686' title='bbox 1506 4864 1758 4918; x_wconf 88' lang='lat' dir='ltr'><strong>mandata</strong></span> 
     </span>
    </p>
   </div>
   <div class='ocr_carea' id='block_1_95' title="bbox 177 4954 1758 5026">
    <p class='ocr_par' dir='ltr' id='par_1_95' title="bbox 177 4954 1758 5026">
     <span class='ocr_line' id='line_1_95' title="bbox 177 4954 1758 5026; baseline 0.006 -23"><span class='ocrx_word' id='word_1_687' title='bbox 177 4956 297 5022; x_wconf 63' lang='lat' dir='ltr'><strong>eius</strong></span> <span class='ocrx_word' id='word_1_688' title='bbox 331 4954 630 5007; x_wconf 71' lang='lat' dir='ltr'><strong>observare</strong></span> <span class='ocrx_word' id='word_1_689' title='bbox 679 4971 788 5024; x_wconf 81' lang='lat' dir='ltr'><strong>pra:</strong></span> <span class='ocrx_word' id='word_1_690' title='bbox 839 4955 1163 5010; x_wconf 87' lang='lat' dir='ltr'><strong>infirmitate</strong></span> <span class='ocrx_word' id='word_1_691' title='bbox 1203 4970 1309 5009; x_wconf 76' lang='lat' dir='ltr'><strong>non</strong></span> <span class='ocrx_word' id='word_1_692' title='bbox 1348 4971 1529 5026; x_wconf 90' lang='lat' dir='ltr'><strong>posse,</strong></span> <span class='ocrx_word' id='word_1_693' title='bbox 1560 4959 1758 5012; x_wconf 86' lang='lat' dir='ltr'><strong>menti-</strong></span> 
     </span>
    </p>
   </div>
   <div class='ocr_carea' id='block_1_96' title="bbox 176 5047 1757 5121">
    <p class='ocr_par' dir='ltr' id='par_1_96' title="bbox 176 5047 1757 5121">
     <span class='ocr_line' id='line_1_96' title="bbox 176 5047 1757 5121; baseline 0.004 -22"><span class='ocrx_word' id='word_1_694' title='bbox 176 5058 304 5100; x_wconf 92' lang='lat' dir='ltr'><strong>tur:</strong></span> <span class='ocrx_word' id='word_1_695' title='bbox 365 5047 551 5100; x_wconf 87' lang='lat' dir='ltr'><strong>omnia</strong></span> <span class='ocrx_word' id='word_1_696' title='bbox 586 5064 822 5116; x_wconf 88' lang='lat' dir='ltr'><strong>namque</strong></span> <span class='ocrx_word' id='word_1_697' title='bbox 864 5049 1131 5118; x_wconf 85' lang='lat' dir='ltr'><strong>apostolis</strong></span> <span class='ocrx_word' id='word_1_698' title='bbox 1171 5063 1199 5101; x_wconf 85' lang='lat' dir='ltr'><strong>a</strong></span> <span class='ocrx_word' id='word_1_699' title='bbox 1229 5047 1450 5104; x_wconf 89' lang='lat' dir='ltr'><strong>Christo</strong></span> <span class='ocrx_word' id='word_1_700' title='bbox 1481 5047 1591 5104; x_wconf 90' lang='lat' dir='ltr'><strong>Deo</strong></span> <span class='ocrx_word' id='word_1_701' title='bbox 1622 5066 1757 5121; x_wconf 71' lang='lat' dir='ltr'><strong>prte-</strong></span> 
     </span>
    </p>
   </div>
   <div class='ocr_carea' id='block_1_97' title="bbox 184 5138 1755 5210">
    <p class='ocr_par' dir='ltr' id='par_1_97' title="bbox 184 5138 1755 5210">
     <span class='ocr_line' id='line_1_97' title="bbox 184 5138 1755 5210; baseline 0.004 -22"><span class='ocrx_word' id='word_1_702' title='bbox 184 5152 364 5208; x_wconf 74' lang='lat' dir='ltr'><strong>cepta,</strong></span> <span class='ocrx_word' id='word_1_703' title='bbox 402 5138 568 5193; x_wconf 84' lang='lat' dir='ltr'><strong>nobis</strong></span> <span class='ocrx_word' id='word_1_704' title='bbox 593 5139 852 5193; x_wconf 91' lang='lat' dir='ltr'><strong>similiter</strong></span> <span class='ocrx_word' id='word_1_705' title='bbox 891 5146 1164 5208; x_wconf 65' lang='lat' dir='ltr'><strong>praecepta</strong></span> <span class='ocrx_word' id='word_1_706' title='bbox 1212 5149 1362 5205; x_wconf 88' lang='lat' dir='ltr'><strong>sunt,</strong></span> <span class='ocrx_word' id='word_1_707' title='bbox 1412 5153 1587 5210; x_wconf 88' lang='lat' dir='ltr'><strong>eaque</strong></span> <span class='ocrx_word' id='word_1_708' title='bbox 1625 5140 1755 5194; x_wconf 91' lang='lat' dir='ltr'><strong>dum</strong></span> 
     </span>
    </p>
   </div>
   <div class='ocr_carea' id='block_1_98' title="bbox 176 5231 1764 5302">
    <p class='ocr_par' dir='ltr' id='par_1_98' title="bbox 176 5231 1764 5302">
     <span class='ocr_line' id='line_1_98' title="bbox 176 5231 1764 5302; baseline 0.002 -21"><span class='ocrx_word' id='word_1_709' title='bbox 176 5232 229 5282; x_wconf 89' lang='lat' dir='ltr'><strong>in</strong></span> <span class='ocrx_word' id='word_1_710' title='bbox 277 5234 379 5284; x_wconf 83' lang='lat' dir='ltr'><strong>hac</strong></span> <span class='ocrx_word' id='word_1_711' title='bbox 421 5231 528 5283; x_wconf 83' lang='lat' dir='ltr'><strong>vita</strong></span> <span class='ocrx_word' id='word_1_712' title='bbox 562 5245 988 5294; x_wconf 80' lang='lat' dir='ltr'><strong>commorantur,</strong></span> <span class='ocrx_word' id='word_1_713' title='bbox 1036 5245 1256 5286; x_wconf 85' lang='lat' dir='ltr'><strong>servare</strong></span> <span class='ocrx_word' id='word_1_714' title='bbox 1297 5231 1516 5300; x_wconf 84' lang='lat' dir='ltr'><strong>quidem</strong></span> <span class='ocrx_word' id='word_1_715' title='bbox 1562 5248 1764 5302; x_wconf 68' lang='lat' dir='ltr'><strong>possm-</strong></span> 
     </span>
    </p>
   </div>
   <div class='ocr_carea' id='block_1_99' title="bbox 178 5321 1756 5391">
    <p class='ocr_par' dir='ltr' id='par_1_99' title="bbox 178 5321 1756 5391">
     <span class='ocr_line' id='line_1_99' title="bbox 178 5321 1756 5391; baseline 0.004 -17"><span class='ocrx_word' id='word_1_716' title='bbox 178 5336 344 5387; x_wconf 85' lang='lat' dir='ltr'><strong>mus;</strong></span> <span class='ocrx_word' id='word_1_717' title='bbox 399 5321 495 5375; x_wconf 85' lang='lat' dir='ltr'><strong>sed</strong></span> <span class='ocrx_word' id='word_1_718' title='bbox 532 5324 658 5391; x_wconf 87' lang='lat' dir='ltr'><strong>quia</strong></span> <span class='ocrx_word' id='word_1_719' title='bbox 693 5324 964 5377; x_wconf 79' lang='lat' dir='ltr'><strong>charitate</strong></span> <span class='ocrx_word' id='word_1_720' title='bbox 1013 5325 1068 5377; x_wconf 91' lang='lat' dir='ltr'><strong>in</strong></span> <span class='ocrx_word' id='word_1_721' title='bbox 1119 5323 1401 5378; x_wconf 89' lang='lat' dir='ltr'><strong>Christum</strong></span> <span class='ocrx_word' id='word_1_722' title='bbox 1457 5325 1756 5382; x_wconf 80' lang='lat' dir='ltr'><strong>imbecilles</strong></span> 
     </span>
    </p>
   </div>
   <div class='ocr_carea' id='block_1_100' title="bbox 184 5415 1750 5488">
    <p class='ocr_par' dir='ltr' id='par_1_100' title="bbox 184 5415 1750 5488">
     <span class='ocr_line' id='line_1_100' title="bbox 184 5415 1750 5488; baseline 0.001 -20"><span class='ocrx_word' id='word_1_723' title='bbox 184 5433 402 5479; x_wconf 87' lang='lat' dir='ltr'><strong>stnuns,</strong></span> <span class='ocrx_word' id='word_1_724' title='bbox 434 5417 712 5468; x_wconf 88' lang='lat' dir='ltr'><strong>nolumus.</strong></span> <span class='ocrx_word' id='word_1_725' title='bbox 752 5415 1030 5482; x_wconf 88' lang='lat' dir='ltr'><strong>Quorsum</strong></span> <span class='ocrx_word' id='word_1_726' title='bbox 1059 5417 1202 5470; x_wconf 79' lang='lat' dir='ltr'><strong>enim</strong></span> <span class='ocrx_word' id='word_1_727' title='bbox 1230 5418 1434 5488; x_wconf 89' lang='lat' dir='ltr'><strong>alioqui</strong></span> <span class='ocrx_word' id='word_1_728' title='bbox 1468 5420 1632 5472; x_wconf 76' lang='lat' dir='ltr'><strong>verba</strong></span> <span class='ocrx_word' id='word_1_729' title='bbox 1665 5420 1750 5472; x_wconf 83' lang='lat' dir='ltr'><strong>illa</strong></span> 
     </span>
    </p>
   </div>
   <div class='ocr_carea' id='block_1_101' title="bbox 183 5507 1752 5578">
    <p class='ocr_par' dir='ltr' id='par_1_101' title="bbox 183 5507 1752 5578">
     <span class='ocr_line' id='line_1_101' title="bbox 183 5507 1752 5578; baseline 0.001 -18"><span class='ocrx_word' id='word_1_730' title='bbox 183 5511 430 5576; x_wconf 77' lang='lat' dir='ltr'><strong>Apostoli</strong></span> <span class='ocrx_word' id='word_1_731' title='bbox 473 5507 540 5561; x_wconf 88' lang='lat' dir='ltr'><strong>de</strong></span> <span class='ocrx_word' id='word_1_732' title='bbox 594 5507 818 5562; x_wconf 89' lang='lat' dir='ltr'><strong>Christo</strong></span> <span class='ocrx_word' id='word_1_733' title='bbox 872 5510 1256 5578; x_wconf 86' lang='lat' dir='ltr'><strong>pertinebant:</strong></span> <span class='ocrx_word' id='word_1_734' title='bbox 1313 5510 1435 5574; x_wconf 55' lang='lat' dir='ltr'><strong>Qui,</strong></span> <span class='ocrx_word' id='word_1_735' title='bbox 1469 5510 1641 5578; x_wconf 79' lang='lat' dir='ltr'><strong>factus</strong></span> <span class='ocrx_word' id='word_1_736' title='bbox 1676 5521 1752 5563; x_wconf 87' lang='lat' dir='ltr'><strong>est</strong></span> 
     </span>
    </p>
   </div>
   <div class='ocr_carea' id='block_1_102' title="bbox 187 5599 1753 5669">
    <p class='ocr_par' dir='ltr' id='par_1_102' title="bbox 187 5599 1753 5669">
     <span class='ocr_line' id='line_1_102' title="bbox 187 5599 1753 5669; baseline 0.003 -19"><span class='ocrx_word' id='word_1_737' title='bbox 187 5602 333 5652; x_wconf 82' lang='lat' dir='ltr'><strong>nobis</strong></span> <span class='ocrx_word' id='word_1_738' title='bbox 365 5601 635 5666; x_wconf 84' lang='lat' dir='ltr'><strong>sapientia</strong></span> <span class='ocrx_word' id='word_1_739' title='bbox 665 5617 695 5652; x_wconf 87' lang='lat' dir='ltr'><strong>a</strong></span> <span class='ocrx_word' id='word_1_740' title='bbox 724 5599 854 5666; x_wconf 90' lang='lat' dir='ltr'><strong>Deo,</strong></span> <span class='ocrx_word' id='word_1_741' title='bbox 886 5602 1187 5668; x_wconf 84' lang='lat' dir='ltr'><strong>etjustitia,</strong></span> <span class='ocrx_word' id='word_1_742' title='bbox 1212 5612 1260 5654; x_wconf 89' lang='lat' dir='ltr'><strong>et</strong></span> <span class='ocrx_word' id='word_1_743' title='bbox 1289 5603 1666 5669; x_wconf 72' lang='lat' dir='ltr'><strong>sanctificatio.</strong></span> <span class='ocrx_word' id='word_1_744' title='bbox 1707 5615 1753 5655; x_wconf 84' lang='lat' dir='ltr'><strong>et</strong></span> 
     </span>
    </p>
   </div>
   <div class='ocr_carea' id='block_1_103' title="bbox 244 5734 987 5795">
    <p class='ocr_par' dir='ltr' id='par_1_103' title="bbox 244 5734 987 5795">
     <span class='ocr_line' id='line_1_103' title="bbox 244 5734 987 5795; baseline 0 -6"><span class='ocrx_word' id='word_1_745' title='bbox 244 5741 288 5767; x_wconf 85' lang='lat'><strong>&quot;</strong></span> <span class='ocrx_word' id='word_1_746' title='bbox 323 5736 518 5789; x_wconf 57' lang='lat' dir='ltr'><strong>Matth.</strong></span> <span class='ocrx_word' id='word_1_747' title='bbox 560 5751 752 5795; x_wconf 78' lang='lat' dir='ltr'><strong>xxvm,</strong></span> <span class='ocrx_word' id='word_1_748' title='bbox 807 5734 987 5789; x_wconf 70' lang='lat'><strong>18-20.</strong></span> 
     </span>
    </p>
   </div>
   <div class='ocr_carea' id='block_1_104' title="bbox 180 5804 1226 5865">
    <p class='ocr_par' dir='ltr' id='par_1_104' title="bbox 180 5804 1226 5865">
     <span class='ocr_line' id='line_1_104' title="bbox 180 5804 1226 5865; baseline 0 -7"><span class='ocrx_word' id='word_1_749' title='bbox 180 5810 220 5841; x_wconf 75' lang='lat'><strong><em>&quot;</em></strong></span> <span class='ocrx_word' id='word_1_750' title='bbox 247 5809 404 5861; x_wconf 77' lang='lat' dir='ltr'><strong>Rom.</strong></span> <span class='ocrx_word' id='word_1_751' title='bbox 446 5821 502 5863; x_wconf 86' lang='lat' dir='ltr'><strong>tt.</strong></span> <span class='ocrx_word' id='word_1_752' title='bbox 542 5804 632 5856; x_wconf 72' lang='lat'><strong>9.5.</strong></span> <span class='ocrx_word' id='word_1_753' title='bbox 678 5807 721 5836; x_wconf 71' lang='grc'><strong>³⁵</strong></span> <span class='ocrx_word' id='word_1_754' title='bbox 755 5805 770 5857; x_wconf 88' lang='grc' dir='ltr'><strong>Ι</strong></span> <span class='ocrx_word' id='word_1_755' title='bbox 804 5805 928 5857; x_wconf 74' lang='lat' dir='ltr'><strong>Cor.</strong></span> <span class='ocrx_word' id='word_1_756' title='bbox 959 5821 995 5865; x_wconf 86' lang='lat' dir='ltr'><strong>t,</strong></span> <span class='ocrx_word' id='word_1_757' title='bbox 1035 5806 1226 5858; x_wconf 60' lang='grc'><strong>24-50.</strong></span> 
     </span>
    </p>
   </div>
   <div class='ocr_carea' id='block_1_105' title="bbox 179 5875 818 5939">
    <p class='ocr_par' dir='ltr' id='par_1_105' title="bbox 179 5875 818 5939">
     <span class='ocr_line' id='line_1_105' title="bbox 179 5875 818 5939; baseline -0.006 -8"><span class='ocrx_word' id='word_1_758' title='bbox 179 5880 263 5933; x_wconf 71' lang='lat'><strong>‘23.</strong></span> <span class='ocrx_word' id='word_1_759' title='bbox 335 5880 378 5910; x_wconf 69' lang='grc' dir='ltr'><strong>⁵ο</strong></span> <span class='ocrx_word' id='word_1_760' title='bbox 404 5875 584 5939; x_wconf 82' lang='lat' dir='ltr'><strong>Calat,</strong></span> <span class='ocrx_word' id='word_1_761' title='bbox 631 5876 818 5939; x_wconf 71' lang='lat' dir='ltr'><strong>tv,19.</strong></span> 
     </span>
    </p>
   </div>
   <div class='ocr_carea' id='block_1_106' title="bbox 1096 5734 1602 5798">
    <p class='ocr_par' dir='ltr' id='par_1_106' title="bbox 1096 5734 1602 5798">
     <span class='ocr_line' id='line_1_106' title="bbox 1096 5734 1602 5798; baseline 0.002 -12"><span class='ocrx_word' id='word_1_762' title='bbox 1096 5737 1138 5766; x_wconf 76' lang='grc' dir='ltr'><strong>⁸ο</strong></span> <span class='ocrx_word' id='word_1_763' title='bbox 1177 5735 1312 5787; x_wconf 87' lang='lat' dir='ltr'><strong>Joan</strong></span> <span class='ocrx_word' id='word_1_764' title='bbox 1369 5752 1456 5798; x_wconf 72' lang='grc' dir='ltr'><strong>κν,</strong></span> <span class='ocrx_word' id='word_1_765' title='bbox 1522 5734 1602 5787; x_wconf 83' lang='grc'><strong>10.</strong></span> 
     </span>
    </p>
   </div>
   <div class='ocr_carea' id='block_1_107' title="bbox 1327 5804 1753 5861">
    <p class='ocr_par' dir='ltr' id='par_1_107' title="bbox 1327 5804 1753 5861">
     <span class='ocr_line' id='line_1_107' title="bbox 1327 5804 1753 5861; baseline 0 -5"><span class='ocrx_word' id='word_1_766' title='bbox 1327 5807 1369 5835; x_wconf 73' lang='grc'><strong>³⁸</strong></span> <span class='ocrx_word' id='word_1_767' title='bbox 1398 5804 1541 5856; x_wconf 69' lang='lat' dir='ltr'><strong>Psttl.</strong></span> <span class='ocrx_word' id='word_1_768' title='bbox 1586 5821 1633 5861; x_wconf 88' lang='lat' dir='ltr'><strong>L.</strong></span> <span class='ocrx_word' id='word_1_769' title='bbox 1671 5806 1753 5856; x_wconf 83' lang='lat' dir='ltr'><strong>&#39;I9.</strong></span> 
     </span>
    </p>
   </div>
   <div class='ocr_carea' id='block_1_108' title="bbox 1719 5731 2221 5790">
    <p class='ocr_par' dir='ltr' id='par_1_108' title="bbox 1719 5731 2221 5790">
     <span class='ocr_line' id='line_1_108' title="bbox 1719 5731 2221 5790; baseline 0.002 -4"><span class='ocrx_word' id='word_1_770' title='bbox 1719 5735 1760 5764; x_wconf 72' lang='grc'>³⁸</span> <span class='ocrx_word' id='word_1_771' title='bbox 1793 5731 1951 5788; x_wconf 71' lang='lat' dir='ltr'><strong>Joan.</strong></span> <span class='ocrx_word' id='word_1_772' title='bbox 1990 5749 2099 5790; x_wconf 73' lang='lat' dir='ltr'><strong>xw.</strong></span> <span class='ocrx_word' id='word_1_773' title='bbox 2129 5733 2221 5787; x_wconf 66' lang='lat' dir='ltr'><strong>“li.</strong></span> 
     </span>
    </p>
   </div>
   <div class='ocr_carea' id='block_1_109' title="bbox 1860 4677 3437 4747">
    <p class='ocr_par' dir='ltr' id='par_1_109' title="bbox 1860 4677 3437 4747">
     <span class='ocr_line' id='line_1_109' title="bbox 1860 4677 3437 4747; baseline 0.001 -14"><span class='ocrx_word' id='word_1_774' title='bbox 1860 4681 2182 4734; x_wconf 78' lang='lat' dir='ltr'><strong>uoluntatem</strong></span> <span class='ocrx_word' id='word_1_775' title='bbox 2223 4677 2403 4731; x_wconf 87' lang='lat' dir='ltr'><strong>Patris</strong></span> <span class='ocrx_word' id='word_1_776' title='bbox 2457 4681 2559 4730; x_wconf 82' lang='lat' dir='ltr'><strong>mei</strong></span> <span class='ocrx_word' id='word_1_777' title='bbox 2589 4681 2678 4747; x_wconf 88' lang='lat' dir='ltr'><strong>qui</strong></span> <span class='ocrx_word' id='word_1_778' title='bbox 2717 4679 2770 4731; x_wconf 90' lang='lat' dir='ltr'><strong>in</strong></span> <span class='ocrx_word' id='word_1_779' title='bbox 2818 4680 2972 4732; x_wconf 65' lang='lat' dir='ltr'><strong>caelis</strong></span> <span class='ocrx_word' id='word_1_780' title='bbox 3009 4691 3085 4732; x_wconf 64' lang='lat' dir='ltr'><strong>cal</strong></span> <span class='ocrx_word' id='word_1_781' title='bbox 3122 4681 3260 4735; x_wconf 77' lang='lat' dir='ltr'><strong>“.Et</strong></span> <span class='ocrx_word' id='word_1_782' title='bbox 3309 4696 3437 4735; x_wconf 87' lang='lat' dir='ltr'><strong>rur-</strong></span> 
     </span>
    </p>
   </div>
   <div class='ocr_carea' id='block_1_110' title="bbox 1864 4768 3438 4840">
    <p class='ocr_par' dir='ltr' id='par_1_110' title="bbox 1864 4768 3438 4840">
     <span class='ocr_line' id='line_1_110' title="bbox 1864 4768 3438 4840; baseline 0 -15"><span class='ocrx_word' id='word_1_783' title='bbox 1864 4785 1988 4825; x_wconf 82' lang='lat' dir='ltr'><strong>sum</strong></span> <span class='ocrx_word' id='word_1_784' title='bbox 2019 4787 2034 4824; x_wconf 92' lang='lat'><strong>:</strong></span> <span class='ocrx_word' id='word_1_785' title='bbox 2082 4768 2192 4840; x_wconf 71' lang='lat' dir='ltr'><strong>Ifgo</strong></span> <span class='ocrx_word' id='word_1_786' title='bbox 2224 4768 2470 4823; x_wconf 86' lang='lat' dir='ltr'><strong>descendi</strong></span> <span class='ocrx_word' id='word_1_787' title='bbox 2503 4770 2565 4822; x_wconf 88' lang='lat' dir='ltr'><strong>de</strong></span> <span class='ocrx_word' id='word_1_788' title='bbox 2621 4768 2773 4834; x_wconf 74' lang='lat' dir='ltr'><strong>caelo,</strong></span> <span class='ocrx_word' id='word_1_789' title='bbox 2808 4787 2910 4824; x_wconf 83' lang='lat' dir='ltr'><strong>non</strong></span> <span class='ocrx_word' id='word_1_790' title='bbox 2939 4782 2994 4821; x_wconf 86' lang='lat' dir='ltr'><strong>ut</strong></span> <span class='ocrx_word' id='word_1_791' title='bbox 3024 4771 3219 4839; x_wconf 80' lang='lat' dir='ltr'><strong>faciam</strong></span> <span class='ocrx_word' id='word_1_792' title='bbox 3250 4776 3438 4825; x_wconf 83' lang='lat' dir='ltr'><strong>rotun-</strong></span> 
     </span>
    </p>
   </div>
   <div class='ocr_carea' id='block_1_111' title="bbox 1862 4861 3440 4935">
    <p class='ocr_par' dir='ltr' id='par_1_111' title="bbox 1862 4861 3440 4935">
     <span class='ocr_line' id='line_1_111' title="bbox 1862 4861 3440 4935; baseline 0.002 -19"><span class='ocrx_word' id='word_1_793' title='bbox 1862 4873 2024 4917; x_wconf 88' lang='lat' dir='ltr'><strong>tatem</strong></span> <span class='ocrx_word' id='word_1_794' title='bbox 2057 4879 2246 4926; x_wconf 80' lang='lat' dir='ltr'><strong>meam,</strong></span> <span class='ocrx_word' id='word_1_795' title='bbox 2285 4861 2374 4916; x_wconf 86' lang='lat' dir='ltr'><strong>sed</strong></span> <span class='ocrx_word' id='word_1_796' title='bbox 2399 4861 2510 4929; x_wconf 79' lang='lat' dir='ltr'><strong>ejus</strong></span> <span class='ocrx_word' id='word_1_797' title='bbox 2540 4865 2628 4930; x_wconf 91' lang='lat' dir='ltr'><strong>qui</strong></span> <span class='ocrx_word' id='word_1_798' title='bbox 2663 4863 2804 4914; x_wconf 80' lang='lat' dir='ltr'><strong>misit</strong></span> <span class='ocrx_word' id='word_1_799' title='bbox 2830 4879 2908 4916; x_wconf 88' lang='lat' dir='ltr'><strong>me</strong></span> <span class='ocrx_word' id='word_1_800' title='bbox 2939 4861 3120 4917; x_wconf 86' lang='lat' dir='ltr'><strong>Patris</strong></span> <span class='ocrx_word' id='word_1_801' title='bbox 3153 4864 3219 4918; x_wconf 77' lang='lat'><strong>&quot;.</strong></span> <span class='ocrx_word' id='word_1_802' title='bbox 3272 4866 3440 4935; x_wconf 77' lang='lat' dir='ltr'><strong>Atqui</strong></span> 
     </span>
    </p>
   </div>
   <div class='ocr_carea' id='block_1_112' title="bbox 1859 4951 3439 5023">
    <p class='ocr_par' dir='ltr' id='par_1_112' title="bbox 1859 4951 3439 5023">
     <span class='ocr_line' id='line_1_112' title="bbox 1859 4951 3439 5023; baseline 0.003 -14"><span class='ocrx_word' id='word_1_803' title='bbox 1859 4955 2040 5010; x_wconf 84' lang='lat' dir='ltr'><strong>Patris</strong></span> <span class='ocrx_word' id='word_1_804' title='bbox 2068 4963 2119 5008; x_wconf 87' lang='lat' dir='ltr'><strong>et</strong></span> <span class='ocrx_word' id='word_1_805' title='bbox 2148 4951 2268 5006; x_wconf 81' lang='lat' dir='ltr'><strong>Filii</strong></span> <span class='ocrx_word' id='word_1_806' title='bbox 2304 4953 2557 5006; x_wconf 89' lang='lat' dir='ltr'><strong>voluntas</strong></span> <span class='ocrx_word' id='word_1_807' title='bbox 2586 4953 2772 5007; x_wconf 88' lang='lat' dir='ltr'><strong>eadem</strong></span> <span class='ocrx_word' id='word_1_808' title='bbox 2799 4961 2904 5007; x_wconf 88' lang='lat' dir='ltr'><strong>cst.</strong></span> <span class='ocrx_word' id='word_1_809' title='bbox 2927 4952 2981 5007; x_wconf 90' lang='lat' dir='ltr'><strong>Si</strong></span> <span class='ocrx_word' id='word_1_810' title='bbox 3013 4969 3142 5023; x_wconf 80' lang='lat' dir='ltr'><strong>ergo</strong></span> <span class='ocrx_word' id='word_1_811' title='bbox 3174 4954 3439 5013; x_wconf 81' lang='lat' dir='ltr'><strong>Dominus</strong></span> 
     </span>
    </p>
   </div>
   <div class='ocr_carea' id='block_1_113' title="bbox 1867 5045 3441 5116">
    <p class='ocr_par' dir='ltr' id='par_1_113' title="bbox 1867 5045 3441 5116">
     <span class='ocr_line' id='line_1_113' title="bbox 1867 5045 3441 5116; baseline 0.003 -16"><span class='ocrx_word' id='word_1_812' title='bbox 1867 5047 1984 5116; x_wconf 90' lang='lat' dir='ltr'><strong>ipse</strong></span> <span class='ocrx_word' id='word_1_813' title='bbox 2016 5046 2131 5101; x_wconf 65' lang='lat' dir='ltr'><strong>haec</strong></span> <span class='ocrx_word' id='word_1_814' title='bbox 2164 5045 2432 5114; x_wconf 89' lang='lat' dir='ltr'><strong>loquitur,</strong></span> <span class='ocrx_word' id='word_1_815' title='bbox 2461 5060 2571 5115; x_wconf 90' lang='lat' dir='ltr'><strong>quo</strong></span> <span class='ocrx_word' id='word_1_816' title='bbox 2599 5053 2758 5114; x_wconf 86' lang='lat' dir='ltr'><strong>pacto</strong></span> <span class='ocrx_word' id='word_1_817' title='bbox 2793 5045 2846 5099; x_wconf 91' lang='lat' dir='ltr'><strong>in</strong></span> <span class='ocrx_word' id='word_1_818' title='bbox 2876 5045 3214 5101; x_wconf 83' lang='lat' dir='ltr'><strong>Christianis</strong></span> <span class='ocrx_word' id='word_1_819' title='bbox 3245 5064 3441 5104; x_wconf 89' lang='lat' dir='ltr'><strong>nume-</strong></span> 
     </span>
    </p>
   </div>
   <div class='ocr_carea' id='block_1_114' title="bbox 1867 5131 3438 5207">
    <p class='ocr_par' dir='ltr' id='par_1_114' title="bbox 1867 5131 3438 5207">
     <span class='ocr_line' id='line_1_114' title="bbox 1867 5131 3438 5207; baseline 0.004 -16"><span class='ocrx_word' id='word_1_820' title='bbox 1867 5139 2083 5192; x_wconf 89' lang='lat' dir='ltr'><strong>rabitur</strong></span> <span class='ocrx_word' id='word_1_821' title='bbox 2148 5137 2239 5207; x_wconf 91' lang='lat' dir='ltr'><strong>qui</strong></span> <span class='ocrx_word' id='word_1_822' title='bbox 2284 5152 2440 5190; x_wconf 87' lang='lat' dir='ltr'><strong>suam</strong></span> <span class='ocrx_word' id='word_1_823' title='bbox 2477 5137 2846 5195; x_wconf 77' lang='lat' dir='ltr'><strong>.voluntatem</strong></span> <span class='ocrx_word' id='word_1_824' title='bbox 2913 5131 3064 5206; x_wconf 84' lang='lat' dir='ltr'><strong>facit,</strong></span> <span class='ocrx_word' id='word_1_825' title='bbox 3131 5148 3184 5195; x_wconf 90' lang='lat' dir='ltr'><strong>et</strong></span> <span class='ocrx_word' id='word_1_826' title='bbox 3230 5140 3438 5198; x_wconf 90' lang='lat' dir='ltr'><strong>Christi</strong></span> 
     </span>
    </p>
   </div>
   <div class='ocr_carea' id='block_1_115' title="bbox 1870 5229 3439 5305">
    <p class='ocr_par' dir='ltr' id='par_1_115' title="bbox 1870 5229 3439 5305">
     <span class='ocr_line' id='line_1_115' title="bbox 1870 5229 3439 5305; baseline 0.004 -22"><span class='ocrx_word' id='word_1_827' title='bbox 1870 5231 2033 5301; x_wconf 89' lang='lat' dir='ltr'><strong>quasi</strong></span> <span class='ocrx_word' id='word_1_828' title='bbox 2067 5230 2218 5284; x_wconf 88' lang='lat' dir='ltr'><strong>limis</strong></span> <span class='ocrx_word' id='word_1_829' title='bbox 2255 5229 2430 5284; x_wconf 82' lang='lat' dir='ltr'><strong>oculis</strong></span> <span class='ocrx_word' id='word_1_830' title='bbox 2463 5231 2714 5299; x_wconf 80' lang='lat' dir='ltr'><strong>aspicit?</strong></span> <span class='ocrx_word' id='word_1_831' title='bbox 2773 5233 2882 5284; x_wconf 76' lang='lat' dir='ltr'><strong>Aut</strong></span> <span class='ocrx_word' id='word_1_832' title='bbox 2930 5248 3037 5301; x_wconf 90' lang='lat' dir='ltr'><strong>qua</strong></span> <span class='ocrx_word' id='word_1_833' title='bbox 3073 5233 3288 5287; x_wconf 64' lang='lat' dir='ltr'><strong>tandem</strong></span> <span class='ocrx_word' id='word_1_834' title='bbox 3340 5251 3439 5305; x_wconf 87' lang='lat' dir='ltr'><strong>spe</strong></span> 
     </span>
    </p>
   </div>
   <div class='ocr_carea' id='block_1_116' title="bbox 1867 5317 3436 5395">
    <p class='ocr_par' dir='ltr' id='par_1_116' title="bbox 1867 5317 3436 5395">
     <span class='ocr_line' id='line_1_116' title="bbox 1867 5317 3436 5395; baseline 0.004 -20"><span class='ocrx_word' id='word_1_835' title='bbox 1867 5322 2149 5375; x_wconf 87' lang='lat' dir='ltr'><strong>Christum</strong></span> <span class='ocrx_word' id='word_1_836' title='bbox 2183 5335 2306 5374; x_wconf 85' lang='lat' dir='ltr'><strong>esse</strong></span> <span class='ocrx_word' id='word_1_837' title='bbox 2338 5317 2630 5374; x_wconf 89' lang='lat' dir='ltr'><strong>Dominum</strong></span> <span class='ocrx_word' id='word_1_838' title='bbox 2663 5323 2998 5376; x_wconf 80' lang='lat' dir='ltr'><strong>confitetur?</strong></span> <span class='ocrx_word' id='word_1_839' title='bbox 3035 5323 3196 5388; x_wconf 82' lang='lat' dir='ltr'><strong>Quis,</strong></span> <span class='ocrx_word' id='word_1_840' title='bbox 3226 5341 3436 5395; x_wconf 73' lang='lat' dir='ltr'><strong>qmeso,</strong></span> 
     </span>
    </p>
   </div>
   <div class='ocr_carea' id='block_1_117' title="bbox 1871 5411 3435 5484">
    <p class='ocr_par' dir='ltr' id='par_1_117' title="bbox 1871 5411 3435 5484">
     <span class='ocr_line' id='line_1_117' title="bbox 1871 5411 3435 5484; baseline 0.005 -19"><span class='ocrx_word' id='word_1_841' title='bbox 1871 5415 1960 5467; x_wconf 90' lang='lat' dir='ltr'><strong>cui</strong></span> <span class='ocrx_word' id='word_1_842' title='bbox 2003 5413 2195 5475; x_wconf 81' lang='lat' dir='ltr'><strong>servit,</strong></span> <span class='ocrx_word' id='word_1_843' title='bbox 2245 5427 2368 5464; x_wconf 86' lang='lat' dir='ltr'><strong>eum</strong></span> <span class='ocrx_word' id='word_1_844' title='bbox 2423 5411 2628 5468; x_wconf 81' lang='lat' dir='ltr'><strong>fatetur</strong></span> <span class='ocrx_word' id='word_1_845' title='bbox 2676 5430 2798 5468; x_wconf 91' lang='lat' dir='ltr'><strong>csse</strong></span> <span class='ocrx_word' id='word_1_846' title='bbox 2833 5415 3120 5469; x_wconf 79' lang='lat' dir='ltr'><strong>hominum</strong></span> <span class='ocrx_word' id='word_1_847' title='bbox 3153 5434 3338 5484; x_wconf 89' lang='lat' dir='ltr'><strong>suum,</strong></span> <span class='ocrx_word' id='word_1_848' title='bbox 3380 5427 3435 5473; x_wconf 90' lang='lat' dir='ltr'><strong>et</strong></span> 
     </span>
    </p>
   </div>
   <div class='ocr_carea' id='block_1_118' title="bbox 1862 5502 3429 5566">
    <p class='ocr_par' dir='ltr' id='par_1_118' title="bbox 1862 5502 3429 5566">
     <span class='ocr_line' id='line_1_118' title="bbox 1862 5502 3429 5566; baseline 0.002 -8"><span class='ocrx_word' id='word_1_849' title='bbox 1862 5508 2039 5562; x_wconf 81' lang='lat' dir='ltr'><strong>eidem</strong></span> <span class='ocrx_word' id='word_1_850' title='bbox 2079 5520 2182 5558; x_wconf 89' lang='lat' dir='ltr'><strong>non</strong></span> <span class='ocrx_word' id='word_1_851' title='bbox 2239 5502 2476 5558; x_wconf 66' lang='lat' dir='ltr'><strong>ohe-dit?</strong></span> <span class='ocrx_word' id='word_1_852' title='bbox 2516 5506 2796 5560; x_wconf 69' lang='lat' dir='ltr'><strong>Daemones</strong></span> <span class='ocrx_word' id='word_1_853' title='bbox 2854 5502 3219 5566; x_wconf 50' lang='lat' dir='ltr'><strong>Christo&#39;non</strong></span> <span class='ocrx_word' id='word_1_854' title='bbox 3269 5511 3429 5564; x_wconf 71' lang='lat' dir='ltr'><strong>Obse-</strong></span> 
     </span>
    </p>
   </div>
   <div class='ocr_carea' id='block_1_119' title="bbox 1863 5600 3437 5668">
    <p class='ocr_par' dir='ltr' id='par_1_119' title="bbox 1863 5600 3437 5668">
     <span class='ocr_line' id='line_1_119' title="bbox 1863 5600 3437 5668; baseline 0 -14"><span class='ocrx_word' id='word_1_855' title='bbox 1863 5612 2127 5668; x_wconf 85' lang='lat' dir='ltr'><strong>quuntur,</strong></span> <span class='ocrx_word' id='word_1_856' title='bbox 2179 5600 2540 5653; x_wconf 75' lang='lat' dir='ltr'><strong>nihilominus</strong></span> <span class='ocrx_word' id='word_1_857' title='bbox 2578 5617 2700 5653; x_wconf 86' lang='lat' dir='ltr'><strong>eum</strong></span> <span class='ocrx_word' id='word_1_858' title='bbox 2740 5603 3085 5663; x_wconf 78' lang='lat' dir='ltr'><strong>ccutitentur,</strong></span> <span class='ocrx_word' id='word_1_859' title='bbox 3146 5616 3200 5656; x_wconf 82' lang='lat' dir='ltr'><strong>et</strong></span> <span class='ocrx_word' id='word_1_860' title='bbox 3233 5615 3437 5656; x_wconf 84' lang='lat' dir='ltr'><strong>norunt</strong></span> 
     </span>
    </p>
   </div>
   <div class='ocr_carea' id='block_1_120' title="bbox 2334 5733 3424 5790">
    <p class='ocr_par' dir='ltr' id='par_1_120' title="bbox 2334 5733 3424 5790">
     <span class='ocr_line' id='line_1_120' title="bbox 2334 5733 3424 5790; baseline 0.001 -3"><span class='ocrx_word' id='word_1_861' title='bbox 2334 5734 2376 5765; x_wconf 78' lang='grc'>³³</span> <span class='ocrx_word' id='word_1_862' title='bbox 2404 5735 2534 5787; x_wconf 70' lang='lat' dir='ltr'><strong>lltid.</strong></span> <span class='ocrx_word' id='word_1_863' title='bbox 2571 5734 2662 5786; x_wconf 66' lang='lat' dir='ltr'><strong>2i.</strong></span> <span class='ocrx_word' id='word_1_864' title='bbox 2766 5734 2810 5764; x_wconf 80' lang='grc'><strong>³³</strong></span> <span class='ocrx_word' id='word_1_865' title='bbox 2842 5733 3027 5787; x_wconf 68' lang='lat' dir='ltr'><strong>Matth.</strong></span> <span class='ocrx_word' id='word_1_866' title='bbox 3087 5749 3141 5785; x_wconf 71' lang='grc' dir='ltr'>ι.</span> <span class='ocrx_word' id='word_1_867' title='bbox 3214 5733 3303 5790; x_wconf 66' lang='lat'><strong>23.</strong></span> <span class='ocrx_word' id='word_1_868' title='bbox 3337 5735 3424 5789; x_wconf 64' lang='lat'><strong>‘13.</strong></span> 
     </span>
    </p>
   </div>
   <div class='ocr_carea' id='block_1_121' title="bbox 1869 5801 3428 5868">
    <p class='ocr_par' dir='ltr' id='par_1_121' title="bbox 1869 5801 3428 5868">
     <span class='ocr_line' id='line_1_121' title="bbox 1869 5801 3428 5868; baseline -0.001 -10"><span class='ocrx_word' id='word_1_869' title='bbox 1869 5806 1908 5833; x_wconf 84' lang='grc'><em>³’</em></span> <span class='ocrx_word' id='word_1_870' title='bbox 1948 5803 2090 5858; x_wconf 82' lang='lat' dir='ltr'><strong>Psal.</strong></span> <span class='ocrx_word' id='word_1_871' title='bbox 2129 5821 2269 5866; x_wconf 58' lang='grc' dir='ltr'><strong>μιν,</strong></span> <span class='ocrx_word' id='word_1_872' title='bbox 2313 5805 2362 5865; x_wconf 85' lang='lat' dir='ltr'><strong>l,</strong></span> <span class='ocrx_word' id='word_1_873' title='bbox 2396 5806 2444 5858; x_wconf 79' lang='lat'><strong>5.</strong></span> <span class='ocrx_word' id='word_1_874' title='bbox 2507 5801 2902 5867; x_wconf 68' lang='lat' dir='ltr'><strong>“1103mm,</strong></span> <span class='ocrx_word' id='word_1_875' title='bbox 2929 5805 2980 5858; x_wconf 67' lang='lat'><strong>2.</strong></span> <span class='ocrx_word' id='word_1_876' title='bbox 3064 5805 3106 5837; x_wconf 79' lang='lat'>”</span> <span class='ocrx_word' id='word_1_877' title='bbox 3134 5804 3291 5859; x_wconf 77' lang='lat' dir='ltr'><strong>Joan.</strong></span> <span class='ocrx_word' id='word_1_878' title='bbox 3318 5820 3428 5868; x_wconf 75' lang='lat' dir='ltr'><strong>atv,</strong></span> 
     </span>
    </p>
   </div>
   <div class='ocr_carea' id='block_1_122' title="bbox 896 5873 1868 5941">
    <p class='ocr_par' dir='ltr' id='par_1_122' title="bbox 896 5873 1868 5941">
     <span class='ocr_line' id='line_1_122' title="bbox 896 5873 1868 5941; baseline -0.003 -12"><span class='ocrx_word' id='word_1_879' title='bbox 896 5877 937 5906; x_wconf 75' lang='lat'>“</span> <span class='ocrx_word' id='word_1_880' title='bbox 964 5877 1150 5929; x_wconf 70' lang='lat' dir='ltr'><strong>Matth.</strong></span> <span class='ocrx_word' id='word_1_881' title='bbox 1175 5891 1268 5941; x_wconf 78' lang='lat' dir='ltr'><strong>vn,</strong></span> <span class='ocrx_word' id='word_1_882' title='bbox 1290 5877 1378 5930; x_wconf 58' lang='lat' dir='ltr'><strong>‘2l.</strong></span> <span class='ocrx_word' id='word_1_883' title='bbox 1441 5877 1482 5908; x_wconf 67' lang='grc' dir='ltr'><strong>δ’</strong></span> <span class='ocrx_word' id='word_1_884' title='bbox 1505 5873 1659 5928; x_wconf 80' lang='lat' dir='ltr'><strong>Joan.</strong></span> <span class='ocrx_word' id='word_1_885' title='bbox 1688 5889 1759 5938; x_wconf 65' lang='lat' dir='ltr'><strong>rt,</strong></span> <span class='ocrx_word' id='word_1_886' title='bbox 1785 5874 1868 5928; x_wconf 76' lang='lat'><strong>58.</strong></span> 
     </span>
    </p>
   </div>
  </div>
