4188 6436
808 381 912 445 835

2054 368 2431 438 SYMEONIS
2468 378 2849 443 IUNIORIS.

3956 382 4058 451 33

808 494 976 549 Deum
1001 506 1121 547 esse
1149 509 1164 545 :
1199 491 1353 545 aiunt
1376 489 1518 545 enim
1542 509 1554 544 :
1581 486 1836 543 Norimus
1866 496 1914 541 te
1933 487 2021 558 qui
2050 488 2124 541 sis
2152 498 2372 541 sanctus
2405 498 2447 550 Α
2480 500 2689 546 tantum
2719 494 2953 549 credunt
2980 533 2996 560 ,
3038 492 3119 551 sic
3148 495 3408 567 Operibus
3438 496 3596 554 ﬁdem
3646 513 3802 555 suam
3851 509 4057 559 testan-

808 586 905 639 Dei
961 583 1026 637 “.
1100 581 1208 638 Sed
1268 582 1531 651 quoniam
1585 579 1926 641 defecerunt,
1987 579 2213 649 jamque
2276 595 2375 634 nec

804 679 999 736 volunt
1067 691 1168 730 nrr
1249 682 1521 744 possunt,
1598 674 1775 735 hunc,
1848 671 2140 725 Dominum
2212 686 2373 730 suum

803 769 1116 841 appellare;
1185 770 1349 823 etiam
1443 765 1564 835 ejus
1648 764 1910 818 voluntati
1999 765 2377 833 obtemperare

811 871 1133 932 nequeunt.
1217 860 1379 914 Solus
1474 858 1641 928 igitur
1712 857 1802 910 ille
1902 856 2214 910 censendus
2291 863 2376 911 est

811 949 1181 1018 Christianus,
1234 954 1326 1029 qui
1358 950 1636 1005 Christmn
1667 948 1828 1002 simul
1882 946 2173 1001 Dominum
2213 963 2372 1001 suum

801 1046 1122 1105 conﬁtetur,
1190 1041 1358 1095 simul
1410 1040 1585 1093 cidem
1634 1040 2005 1094 obseeundat.
2069 1037 2173 1104 Qui
2225 1040 2377 1109 enim,

802 1132 981 1200 habet,
1039 1141 1092 1189 ct
1138 1134 1431 1190 conﬁtetur
1489 1129 1769 1185 Christum
1831 1130 2116 1184 Dominum
2190 1144 2371 1194 suum,

798 1230 1001 1281 lvirtute
1054 1225 1559 1293 cognominationis
1614 1239 1642 1275 a
1677 1219 1881 1277 Christi
1917 1221 2141 1275 nomine
2170 1223 2373 1276 conﬁr-

800 1323 1006 1381 matur,
1058 1327 1119 1369 ut
1166 1332 1225 1370 se
1278 1318 1342 1369 ad
1405 1308 1694 1370 arbitrium
1744 1327 1868 1380 eius
1922 1314 2374 1380 voluntatemque

796 1408 1192 1462 accoounodet.
1248 1406 1305 1459 Si
1360 1419 1470 1462 non
1522 1402 1903 1471 conﬁrmatur,
1953 1414 2064 1456 tum
2118 1420 2241 1456 eum
2278 1418 2373 1456 ore

795 1510 961 1555 tenus
996 1500 1277 1570 Christum
1329 1497 1604 1559 conﬁteri,
1656 1497 1825 1550 corde
1877 1507 2058 1557 autem
2108 1495 2273 1564 longe
2303 1494 2372 1548 ab

797 1608 860 1646 eo
883 1592 1091 1645 distare
1125 1601 1333 1643 certum
1364 1590 1534 1643 est“.
1564 1587 1706 1641 Καὶ
1738 1588 2007 1656 siquidem
2035 1604 2143 1639 non
2167 1594 2368 1656 potest,

798 1696 856 1739 ut
905 1686 999 1754 qui
1035 1685 1353 1738 medullitus
1387 1671 1671 1736 Christum
1710 1680 2003 1732 Dominum
2050 1695 2211 1733 suum
2245 1694 2369 1732 con-

798 1774 1002 1839 ﬁtetur,
1048 1790 1158 1826 non
1220 1775 1386 1826 etiam
1442 1773 1560 1841 ejus
1614 1772 1881 1823 voluntati
1932 1785 2127 1839 parere
2180 1776 2366 1837 queat.

2484 590 2591 646 tur,
2635 586 2726 653 qui
2761 587 2939 641 verbis
2968 603 3087 641 eam
3124 589 3498 658 conﬁtentur;
3548 596 3809 661 quoniam
3866 594 4057 650 timent

2480 673 2670 735 Deum.
2703 692 2864 744 quem
2896 680 3249 735 conﬁtentur.

2549 768 2769 826 Timere
2795 782 2976 826 autem
3013 773 3210 841 Dento,
3247 778 3393 830 aliud
3433 779 3563 833 nihil
3592 790 3697 842 est,
3723 798 3888 852 quam
3922 785 4055 838 nihil

2480 859 2711 929 improbi
2765 863 3027 918 facinoris
3086 870 3452 935 committere,
3509 889 3633 925 cum
3677 891 3837 928 nemo
3886 878 4053 930 videt.

2478 948 2631 1004 Multi
2664 955 2867 1024 quippe
2911 967 3135 1025 propter
3184 961 3434 1015 timorem
3480 962 3787 1032 hominmn,
3836 984 4060 1038 propter

2479 1043 2773 1110 pudorem,
2826 1059 3052 1118 propter
3105 1054 3334 1119 gratiam
3376 1070 3407 1107 a
3455 1056 3660 1125 ﬂagitio
3708 1070 4054 1128 tenperant;

2476 1135 2622 1203 quod
2653 1138 2883 1206 proinde
2912 1150 3022 1203 est,
3059 1157 3122 1196 ac
3160 1145 3204 1196 si
3238 1156 3639 1212 perpetrat-ent.
3676 1149 4053 1212 Quemadmo-

2475 1227 2603 1279 dum
2635 1244 2699 1281 ex
2737 1229 2907 1284 altera
2944 1244 3120 1300 parte,
3166 1238 3258 1303 qui
3292 1237 3373 1288 his
3406 1241 3591 1293 causis
3622 1248 3908 1305 commoti,
3937 1245 4057 1299 lau-

2476 1319 2658 1376 dabile
2691 1323 2973 1390 quidpiam
3029 1338 3313 1395 pta‘stant,
3346 1333 3535 1385 eodem
3585 1334 3704 1386 loco
3741 1348 3894 1397 sunt,
3941 1352 4058 1403 quo

2474 1415 2567 1483 qui
2606 1432 2713 1467 non
2762 1427 3045 1485 praestant,
3096 1432 3380 1488 propterea
3434 1424 3580 1491 quod
3630 1428 3952 1495 quicunque
4003 1430 4057 1482 in

2474 1515 2619 1560 recte
2648 1508 2804 1561 lactis
2833 1510 3111 1567 hominum
3148 1513 3385 1567 favorem
3422 1518 3780 1587 plausumth
3807 1534 4058 1589 aucupa-

2475 1604 2582 1660 tnr,
2617 1608 2709 1651 aut
2737 1615 2801 1653 ex
2830 1603 2941 1656 alio
2970 1605 3206 1671 quodam
3238 1604 3431 1658 all'eetu
3470 1623 3533 1659 ea
3569 1611 3825 1677 suseipit,
3864 1626 4056 1679 repro-

2472 1688 2575 1742 bus
2608 1702 2690 1745 est
2722 1694 2861 1761 apud
2903 1694 3091 1749 Deum.
3126 1696 3322 1749 Verum
3357 1702 3411 1750 in
3451 1701 3599 1752 omni
3635 1716 3819 1763 opere.
3858 1704 4055 1765 verbo.

2462 1784 2803 1850 cogitatione
2835 1802 2879 1837 ις
2918 1786 3041 1838 linis
3070 1792 3380 1856 propositus
3416 1806 3541 1844 esse
3586 1793 3769 1856 debet,
3827 1805 3885 1847 ut
3938 1797 4056 1848 υι·ο

797 1867 1155 1939 Margintudini
1190 1867 1342 1919 enim
1383 1866 1504 1918 ﬁdei
1537 1865 1844 1916 alacritatis
1872 1865 1935 1914 ad
1961 1862 2363 1928 exsequendum
2400 1848 2440 1899 Β
2471 1876 2705 1942 placeas,
2738 1878 2997 1945 illumque
3026 1878 3285 1943 hnnores,
3325 1885 3715 1937 convenienter
3762 1891 4059 1941 s‘ntrutia:

798 1957 891 2016 Dei
933 1963 1269 2014 voluntatem
1304 1957 1703 2009 incrementum
1738 1954 2053 2022 restiondet.
2091 1954 2231 2021 Lrgo
2269 1952 2361 2018 qui

794 2053 1052 2107 mandata
1102 2049 1346 2110 conﬁcit,
1395 2048 1699 2101 secundum
1774 2046 2188 2115 proportionem
2242 2045 2366 2097 ohe-

792 2147 1012 2201 dientiae
1086 2158 1232 2209 suae,
1277 2142 1502 2195 modum
1558 2154 1624 2193 ac
1692 2153 2006 2193 mensuram
2075 2138 2197 2191 lidei
2254 2154 2365 2190 sum

792 2241 1153 2293 demonstrat.
1212 2232 1253 2288 Ε
1308 2234 1610 2298 contrario,
1666 2236 1758 2302 qui
1815 2232 2067 2285 mandata
2121 2231 2359 2301 negligit.

790 2348 890 2402 pro
919 2332 1175 2400 portione
1198 2328 1555 2389 cessationis,
1584 2327 1993 2388 omissionisvc,
2025 2336 2364 2392 quantopere

789 2442 844 2479 in
902 2425 1008 2480 tlde
1045 2425 1344 2488 claudicet,
1400 2421 1665 2484 usteinlit,
1725 2428 1778 2473 et
1804 2434 1902 2487 pro
1954 2416 2362 2469 incredulita.‘is

788 2534 905 2573 sua:
955 2518 1117 2571 modo
1169 2517 1360 2586 gratia:
1406 2512 1800 2566 detrimentum
1856 2512 2081 2578 accipit.
2137 2506 2270 2561 Nam
2308 2516 2363 2559 ιιι

788 2616 908 2666 sine
936 2586 1157 2663 Christo
1207 2603 1414 2660 Christi
1452 2604 1793 2655 voluntatem
1841 2598 2031 2661 facias,
2082 2597 2226 2650 haud
2283 2608 2363 2651 cst

790 2702 1080 2773 passibile,
1110 2701 1161 2752 iul
1203 2698 1351 2767 quod
1388 2696 1621 2763 ipsemet
1649 2699 1925 2745 testatur:
1972 2689 2135 2754 Quia,
2161 2690 2359 2758 inquit,

788 2792 900 2843 sine
934 2804 1013 2841 me
1068 2786 1203 2839 nihil
1244 2785 1459 2853 potestis
1510 2782 1681 2851 facere
1704 2779 1772 2834 ".
1835 2780 1953 2833 Jam
2010 2784 2103 2849 qui
2155 2778 2361 2833 Christi

792 2884 1130 2938 voluntatem
1165 2893 1272 2931 non
1305 2878 1457 2947 facit,
1512 2874 1720 2939 absune
1767 2870 1992 2928 Christo
2023 2881 2131 2937 cst,
2164 2888 2263 2926 nec
2294 2886 2361 2925 cx

790 2995 856 3031 eo
920 2976 1068 3045 quod
1128 2972 1409 3026 Christum
1482 2969 1799 3027 confitetur,
1861 2966 2022 3018 ullam
2067 2967 2358 3017 utilitatum

789 3076 988 3144 capiet.
1068 3070 1279 3123 Etenim
1336 3064 1618 3119 Christum
1686 3058 1967 3121 contitcrl,
2029 3067 2083 3111 et
2141 3056 2361 3110 Christo

791 3166 1036 3229 obedire,
1077 3174 1395 3231 quanquam
1432 3159 1545 3211 duo
1580 3154 1855 3218 ridentur,
1882 3164 2062 3207 tamen
2091 3166 2199 3204 ncn
2228 3151 2358 3209 duo,
2385 3178 2431 3242 Ο

790 3264 887 3314 sed
922 3272 1093 3311 unum
1147 3256 1405 3324 quiddam
1456 3258 1625 3303 sunt:
1671 3264 1771 3303 nec
1823 3248 1969 3301 enim
2017 3262 2184 3298 unum
2243 3245 2363 3297 sine

791 3352 968 3405 altero
1001 3356 1243 3406 constat.
1296 3344 1513 3397 tametsi
1565 3341 1887 3411 ignorantes
1937 3339 2159 3407 quidam
2206 3339 2367 3389 aliter

790 3446 1061 3499 sentiant.
1122 3437 1264 3492 Audi
1322 3435 1685 3503 apostolum:
1754 3429 1915 3484 Fides
1972 3434 2083 3482 sine
2124 3428 2365 3496 operibus

789 3549 1003 3590 norma
1025 3541 1100 3585 est
1123 3532 1174 3584 in
1200 3530 1477 3597 semetipsa
1506 3526 1572 3580 “.
1629 3522 1694 3576 Et
1747 3522 2037 3575 [luminum
2066 3536 2081 3574 :
2126 3522 2265 3585 Quid
2289 3534 2367 3571 me

789 3628 1011 3690 vocatis,
1048 3624 1288 3685 homine,
1317 3619 1554 3682 Domine,
1578 3628 1623 3669 et
1650 3631 1751 3667 non
1786 3615 1965 3684 facitis
1997 3627 2114 3680 quae
2138 3614 2254 3663 dico
2281 3608 2367 3661 "1'

790 3723 975 3780 Amen,
1021 3730 1174 3768 amen
1202 3712 1319 3766 dico
1361 3710 1523 3769 vobis.
1576 3708 1745 3761 omnis
1775 3705 1865 3771 qni
1909 3705 2037 3771 [acii
2068 3710 2364 3769 peccaturis,

792 3826 892 3864 non
912 3818 987 3862 cst
1010 3820 1191 3859 servus
1206 3802 1406 3857 Christi
1429 3839 1446 3869 ,
1464 3800 1553 3853 sed
1572 3801 1773 3868 peccati
1804 3796 1943 3849 θ’θ’.
1969 3797 2169 3850 Servus
2187 3804 2365 3847 autem

795 3909 1005 3973 peccati
1034 3898 1088 3953 in
1125 3899 1288 3952 domo
1323 3894 1415 3948 Det
1448 3905 1500 3947 et
1536 3891 1716 3945 Patris
1749 3906 1971 3943 manere
2027 3906 2134 3942 non
2185 3897 2368 3957 powst

793 4007 850 4049 In
872 4004 1177 4050 aiternnm:
1219 3992 1313 4045 sed
1344 3986 1534 4051 Filius,
1564 3999 1617 4040 et
1648 4002 1808 4055 quem
1838 3981 2011 4037 Filius
2038 3998 2066 4034 a
2102 3983 2369 4036 servitute

798 4087 1007 4157 peccati
1061 4083 1405 4138 liberaverit.
1446 4079 1611 4147 Atqui
1652 4078 1850 4129 domus
1909 4074 2000 4128 Dei
2058 4083 2108 4126 et
2162 4074 2364 4136 Patris,

795 4196 1025 4249 regnum
1063 4188 1148 4233 est
1185 4177 1328 4245 ejus.
1364 4175 1421 4226 Si
1463 4173 1587 4240 quis
1619 4183 1751 4238 ergo
1806 4168 2148 4223 christianos
2184 4168 2370 4234 appel-

796 4276 939 4330 latus
964 4272 1129 4326 dicit:
1158 4270 1435 4323 Conﬁteor
1465 4265 1769 4325 Christum,
1795 4273 1849 4315 et
1882 4263 1936 4315 in
1968 4263 2145 4330 ipsum
2180 4261 2365 4323 credo,

796 4381 850 4419 ct
892 4368 946 4420 iti
980 4364 1084 4417 hac
1132 4362 1247 4415 sola
1302 4359 1654 4413 confessione
1697 4354 2163 4407 Christianismum
2208 4366 2366 4403 suum

797 4458 1111 4519 constituit,
1152 4467 1320 4522 seque
1371 4452 1469 4503 hac
1503 4449 1587 4502 via
1632 4462 1859 4515 regnum
1888 4444 2093 4498 Christi
2142 4458 2365 4497 assecu-

2469 1968 2779 2033 apostolica:
2810 1985 2824 2021 :
2885 1966 3004 2023 Sire
3040 1972 3338 2035 comeditis,
3371 1976 3477 2027 sire
3507 1976 3655 2027 aliud
3687 1978 3813 2043 quid
3843 1976 4053 2046 faecis.

2466 2056 2644 2108 omnia
2672 2059 2740 2108 ad
2789 2059 3017 2126 gloriam
3051 2059 3147 2113 Dei
3191 2061 3358 2130 facile
3406 2065 3475 2117 “.
3539 2066 3693 2130 Quod
3745 2069 3786 2119 si
3821 2071 4053 2122 vethnm

2468 2146 2571 2199 hoc
2607 2164 2789 2200 verum
2835 2168 2897 2204 ac
2929 2164 3142 2206 certum
3179 2165 3282 2219 est,
3317 2159 3463 2211 sicut
3491 2169 3575 2212 est
3607 2162 3786 2228 (rt-gis
3813 2166 3963 2215 enirn
3998 2174 4056 2215 et

2463 2240 2687 2307 jndicis.
2725 2249 2777 2294 et
2819 2241 3027 2296 llotnini
3059 2244 3188 2299 Jesn
3221 2251 3613 2314 omnipotentis
3643 2254 3774 2320 est),
3810 2269 4053 2323 tit-rupe:

2471 2329 2593 2386 Nisi
2630 2334 2973 2390 abundarcrit
2990 2336 3208 2407 justitia
3237 2353 3407 2395 castra
3431 2341 3713 2413 plusquam
3736 2344 4051 2399 Scribarum

2471 2432 2520 2476 et
2584 2422 3002 2493 Pluuimornm,
3056 2450 3156 2485 non
3189 2436 3460 2488 intrabitis
3507 2439 3560 2488 in
3618 2452 3831 2505 regnum
3890 2444 4051 2493 caelo-

2469 2529 2582 2566 rum
2619 2516 2690 2579 ",
2744 2521 2874 2587 quid
2908 2538 3072 2589 supra
3112 2522 3334 2576 Scribas
3366 2536 3421 2578 et
3468 2523 3780 2581 Pharira-os
3832 2529 4049 2597 pra-mil

2466 2610 2849 2675 reportahunt,
2894 2617 2985 2681 qni
3019 2616 3287 2684 injustitia
3326 2618 3727 2671 abundaverint
3754 2621 3776 2671 '.’
3808 2622 3866 2672 Si
3897 2624 4048 2674 enim

2465 2697 2563 2761 illi,
2608 2716 2728 2753 cum
2756 2718 2945 2758 essent
2973 2718 3128 2758 extra
3177 2710 3433 2775 gratiam,
3463 2711 3682 2778 justitia
3715 2725 3873 2766 erant
3911 2730 4052 2782 prb

2465 2793 2584 2856 diti,
2623 2805 2677 2848 et
2712 2796 2801 2864 qui
2830 2796 3130 2863 Christum,
3165 2800 3266 2853 110ιί
3300 2812 3381 2855 est
3407 2803 3574 2856 Deum
3609 2808 3661 2857 in
3688 2812 3924 2870 incinnt,
3949 2822 4051 2875 μοι

2467 2885 2574 2937 tius
2632 2886 2903 2955 injuStitia
2941 2895 3205 2945 entnulati
3266 2894 3488 2958 fuerint,
3526 2915 3653 2950 nom
3688 2900 3776 2965 qui
3808 2914 3839 2951 a
3878 2915 4051 2967 regno

2464 2976 2725 3029 cmlornm
2752 2981 2896 3032 velut
2930 2984 3233 3036 exsulatum
3266 2987 3572 3054 mittantur,
3607 2989 3913 3056 dignissimi
3941 3004 4049 3042 non

2462 3067 2668 3121 erunt?

3027 3163 3288 3222 ORATIO
3375 3166 3472 3221 IV.

3048 3281 3423 3336 Aaocuearcu
3442 3321 3457 3335 .

2468 3385 2569 3464 Qui
2602 3389 3019 3464 petit,_nes_ciens
3068 3394 3196 3459 quid
3227 3404 3394 3459 petat,
3440 3412 3560 3448 eum
3591 3398 3799 3463 [rustra
3844 3409 4047 3464 petere.

2544 3460 2777 3534 Qutrd_si
2815 3462 3102 3514 etininsctt
3151 3466 3280 3531 quid
3324 3476 3487 3530 retur,
3535 3460 3625 3519 nec
3676 3460 3854 3520 (einen
3900 3478 4051 3534 prius

2541 3531 2735 3593 accepit
2768 3533 2913 3602 quod,
2950 3535 3099 3596 pem,
3131 3534 3183 3584 id
3213 3542 3259 3585 ei
3295 3536 3425 3585 nlu'l
3472 3552 3733 3601 procem-se.
3776 3531 3935 3602 Quod
3985 3546 4050 3592 sit

2541 3615 2757 3672 regnum
2820 3600 3092 3659 talorum.
3122 3616 3171 3654 et
3228 3620 3332 3672 qua
3387 3610 3597 3659 ratione
3646 3600 3950 3661 Clitio—lla)”.
4000 3614 4051 3659 id

2545 3671 2853 3746 acquirunt.
2888 3675 3020 3746 [suis
3062 3674 3130 3723 sit
3169 3671 3340 3726 multis
3384 3679 3633 3741 (αιτιοιιιι)
3678 3690 3853 3744 (μιυο
3894 3692 4053 3746 parte

2542 3742 2607 3789 ab
2638 3740 2902 3807 ejitsjngo
2946 3744 3166 3793 liberart
3213 3750 3496 3810 possimus.
3536 3740 3839 3812 Quomodo,
3878 3740 3931 3802 ἐι
3964 3767 4056 3816 per

2539 3825 2654 3875 qua:
2679 3819 2889 3862 tandem
2921 3826 3079 3875 Opera
3110 3817 3292 3866 anima
3323 3832 3583 3884 resurgat.

2544 3900 2795 3970 l’letiqne
2820 3903 3141 3965 Christiani,
3185 3907 3382 3973 partim
3426 3924 3516 3977 ιιυι
3558 3910 3707 3963 cuitu
3738 3912 4055 3967 monastico

2474 3989 2755 4055 incedunt,
2788 3997 2984 4059 partim
3017 3997 3108 4062 qui
3159 3998 3212 4047 in
3250 4001 3356 4049 vita
3389 4006 3665 4053 munuana
3701 4002 3888 4069 pietati
3923 4009 4056 4057 dant

2471 4094 2716 4149 op‘rain,
2750 4085 3093 4149 spiritualem
3140 4100 3264 4139 sese
3304 4085 3543 4141 fructum
3602 4094 3884 4158 percipere
3936 4096 4056 4163 api-

2472 4182 2698 4235 nantur,
2723 4187 2848 4225 cum
2885 4173 3176 4230 Dmidicos
3210 4178 3475 4246 psalmos.
3511 4190 3563 4231 ct
3596 4184 3804 4251 rcliqua
3832 4193 4054 4240 (antica

2472 4265 2769 4318 ccc-iuerint
2805 4277 3014 4319 tantum
3052 4272 3197 4336 quod
3251 4286 3312 4324 ea
3367 4274 3731 4342 tlecantatint,
3774 4285 3827 4328 rt
3867 4294 3932 4330 se
3983 4282 4058 4335 ita

2472 4356 2773 4427 gloriﬁcare
2805 4360 2970 4413 Deum
2999 4361 3335 4429 cpiuantur;
3368 4380 3422 4416 nt
3439 4367 3679 4420 scientes
3714 4384 3774 4421 se
3816 4381 3865 4421 et
3898 4370 4058 4425 illum

2472 4452 2842 4515 exacerbare;
2892 4462 2946 4504 et
2979 4464 3341 4523 pr.rterquam
3399 4459 3545 4524 quod
3601 4461 3810 4513 nullum
3853 4477 4063 4518 conse-

797 4562 982 4604 tut'um
1017 4547 1339 4607 arbitratur,
1374 4541 1619 4609 seipsnm
1657 4537 1895 4592 seducit.
1932 4534 2183 4600 Quonam
2215 4535 2365 4588 enim
2393 4509 2449 4571 D
2474 4550 2719 4611 quuntttr
2759 4542 3210 4609 emolumentum,
3244 4545 3410 4600 etiam
3446 4563 3553 4601 non
3588 4549 3689 4601 levi
3728 4565 3959 4620 peccato
3989 4572 4063 4610 ex

802 4643 965 4697 modo
1010 4637 1348 4693 christianus
1387 4634 1526 4694 erit,
1562 4632 1653 4700 qui
1708 4631 1761 4683 in
1810 4630 2054 4696 singulos
2103 4626 2243 4686 dies,
2284 4625 2366 4680 vel

802 4736 985 4804 potius
1012 4733 1066 4785 in
1098 4729 1343 4799 singulas
1368 4726 1538 4779 horas
1568 4723 1848 4778 Christum
1885 4722 2148 4789 operibus
2179 4729 2363 4789 negat,

800 4841 961 4903 quem
999 4824 1166 4877 Deum
1199 4834 1321 4875 esse
1357 4817 1538 4871 verbis
1567 4810 1909 4868 conﬁtetur?
1941 4808 2017 4863 En
2042 4810 2362 4878 Apostolum

800 4918 1071 4973 dicentem
1102 4932 1115 4968 :
1155 4912 1324 4967 Deum
1348 4908 1663 4978 conﬁtentur
1700 4921 1755 4959 se
1783 4921 1957 4969 nosse,
1998 4903 2157 4972 {actis
2190 4915 2364 4956 amem

800 5020 989 5080 negant
1019 5004 1330 5068 abantinati,
1357 5000 1709 5062 incredibiles,
1749 5007 1797 5052 et
1830 4999 1897 5050 ad
1930 5012 2081 5050 antae
2116 5012 2243 5065 opus
2273 4999 2368 5048 bo-

802 5120 925 5155 num
953 5098 1158 5169 reprobi
1192 5097 1260 5152 ⁵⁸.
1296 5096 1429 5149 Nam
1461 5094 1557 5165 qui
1601 5096 1755 5164 jussa
1790 5092 1997 5146 Christi
2042 5091 2368 5157 contemnit,

803 5210 850 5248 ts
890 5208 959 5249 ne
994 5190 1273 5247 existimet
1316 5202 1375 5242 se
1422 5203 1530 5240 non
1561 5188 1728 5241 etiam
1784 5185 1888 5240 hoc
1933 5185 2052 5255 ipso
2086 5184 2368 5239 Christum

804 5300 1024 5356 negare.
1060 5282 1288 5349 Quoties
1320 5280 1467 5334 enim
1500 5279 1756 5333 mandata
1800 5278 2012 5334 Christi
2046 5277 2234 5343 violat,
2286 5284 2370 5331 to-

802 5382 902 5432 ties
930 5374 1183 5430 eumdem
1217 5380 1415 5438 negat:
1451 5382 1510 5425 ut
1543 5386 1574 5425 e
1604 5369 1843 5434 diverso,
1876 5370 1970 5440 qui
2002 5369 2217 5439 legibus
2248 5366 2372 5438 ejus

803 5468 1010 5531 obedit,
1040 5465 1274 5535 singulis
1303 5464 1612 5518 actionibus
1656 5462 1991 5517 obedientzaz
2036 5464 2182 5516 illius
2214 5459 2373 5514 Chri-

805 5569 948 5616 stum
980 5562 1297 5613 coutltetur.
1330 5555 1467 5620 Quia
1500 5566 1559 5611 ut
1591 5557 1752 5609 factis
1780 5564 1999 5625 negant.
2041 5555 2135 5623 qui
2187 5553 2370 5607 verbis

874 5743 1114 5801 “.Marc.
1151 5761 1190 5809 l,
1220 5745 1313 5800 24.
1385 5744 1433 5777 ⁸⁸
1458 5747 1565 5801 lsa.
1598 5761 1747 5809 xxix,
1782 5746 1864 5800 15.

812 5818 861 5851 ⁸⁸
893 5817 1002 5872 Tit.
1046 5833 1083 5882 ι,
1118 5818 1200 5872 t6.
1280 5816 1321 5849 "
1351 5815 1370 5870 l
1405 5817 1611 5881 Com,
1648 5817 1737 5871 5t.
1814 5819 1858 5850 “
1882 5816 2070 5873 Matth.
2100 5836 2151 5886 v,
2182 5821 2272 5878 20.

1943 5747 1987 5784 ⁸·
2026 5744 2184 5799 .loan.
2238 5767 2324 5818 xv,
2353 5752 2407 5813 5.

2475 4636 2577 4690 hoc
2614 4635 2905 4705 obstringi.
2938 4636 3129 4692 Omnis
3174 4642 3319 4692 cnim
3351 4654 3533 4695 sermo
3570 4657 3678 4696 non
3723 4645 4065 4715 simpliciter

2474 4742 2672 4792 sermo,
2698 4728 2793 4783 sed
2830 4730 3064 4798 alicujus
3096 4734 3171 4785 rei
3202 4746 3385 4787 sermo
3417 4744 3521 4791 cst.
3537 4732 3670 4789 Nam
3700 4739 3747 4792 si
3777 4740 3905 4808 quis
3928 4756 4066 4797 cso-

2475 4822 2545 4872 rit
2573 4829 2623 4873 et
2652 4820 2791 4884 sitit,
2842 4829 2899 4876 et
2944 4823 3127 4878 nudus
3192 4832 3301 4887 est,
3364 4825 3412 4881 si
3448 4832 3724 4897 rogaverit
3774 4846 3974 4899 panem
4006 4847 4065 4889 et

2476 4913 2688 4977 vinum,
2719 4922 2775 4966 et
2808 4915 3222 4980 vestimentum,
3268 4932 3401 4969 num
3432 4920 3484 4971 ei
3515 4920 3653 4974 eatis
3695 4931 3781 4975 est
3810 4935 4032 4979 tantum

2478 5008 2638 5058 modo
2666 5004 2854 5074 loqui;
2906 5021 3000 5070 an,
3037 5007 3083 5061 si
3117 5008 3252 5061 nihil
3288 5009 3614 5075 obtinuerit,
3647 5011 3764 5081 ipse
3793 5019 4064 5083 quemad-

2478 5095 2698 5147 modum
2730 5105 2886 5149 antea
2920 5097 3116 5161 esurit,
3153 5098 3318 5163 sitiit,
3375 5099 3559 5156 nodus
3606 5112 3710 5167 est,
3758 5112 3815 5155 et
3868 5120 4066 5160 sermo

2479 5188 2528 5240 ci
2563 5186 2699 5241 nihil
2729 5187 3009 5242 contulit?
3058 5187 3206 5243 Idem
3240 5190 3296 5244 in
3345 5193 3580 5247 canticis
3612 5194 3871 5248 omnibus
3927 5213 4063 5252 usu-

2482 5278 2649 5332 vcnit.
2701 5278 2835 5346 Quae
2883 5282 3032 5335 enim
3080 5283 3861 5357 psalluntnr,autpetitiones
3902 5302 4063 5356 sunt,

2482 5381 2574 5422 aut
2604 5374 2908 5439 gratiarum
2959 5374 3205 5429 actiones
3254 5390 3474 5440 eorum,
3525 5378 3640 5447 qui,
3695 5394 3819 5447 qua!
3866 5394 4064 5449 pcluul

2481 5460 2795 5530 impetrant.
2839 5464 2942 5531 Qui
2980 5466 3149 5536 igitur
3178 5468 3310 5520 dicit
3358 5468 3511 5521 Deo:
3552 5471 3813 5523 Adrenint
3840 5487 4064 5540 regnum

2484 5562 2653 5619 tuum,
2689 5557 2795 5612 nisi
2844 5557 3067 5613 modum
3101 5561 3253 5631 regni
3302 5556 3587 5624 didicerit,
3640 5564 3923 5630 quomodo
3964 5566 4065 5621 ad-

2485 5757 2529 5788 “
2558 5755 2674 5813 Jac.
2703 5773 2763 5822 Il,
2784 5758 2875 5815 20.
2953 5760 2995 5791 “
3030 5761 3166 5816 Luc.
3208 5775 3290 5821 vr,
3320 5758 3410 5813 ιδ.
3490 5758 3606 5792 ⁸⁸·⁶⁹
3633 5757 3794 5814 Joan.
3828 5776 3949 5826 vtir,
3969 5760 4059 5815 5L
