4188 6436
736 368 846 430 339

2027 369 2408 432 SYMEONIS
2447 369 2479 429 ,1
2492 369 2835 431 UNIORIS.

3905 360 4016 425 340

740 486 869 537 dote
914 498 1268 554 congressus,
1326 486 1593 540 rationein
1664 490 1914 543 Veritatis
1980 484 2554 557 edocebitur,Alpse
2607 488 2752 542 enim
2811 490 2990 543 adhuc
3055 491 3195 543 lnter
3256 497 3506 542 mortuos
3569 494 3856 549 versatur,
3917 498 4020 539 nec

737 584 1007 643 quatenus
1037 576 1085 629 ei
1142 573 1493 647 Evangelitnn
1524 578 1754 647 justitite
1789 582 2087 635 revelatum
2161 577 2321 633 fuerit

738 675 792 719 et
845 674 977 721 tunc
1024 676 1211 737 aptum
1261 678 1315 723 et
1363 672 1695 726 conveniens
1744 673 2062 728 Christiano
2110 672 2321 728 homini

741 758 864 812 vitae
894 760 1208 815 institutum
1245 774 1509 830 capesset.

815 850 1145 906 Discendmn
1219 862 1301 907 est
1354 871 1487 926 ergo
1551 858 1731 928 prius,
1787 862 1917 932 quid
1966 864 2038 918 sit
2087 883 2100 919 :
2143 864 2326 923 Gloria

742 954 797 1004 in
838 945 1116 1001 altissimis
1148 945 1277 1011 Deo,
1307 958 1355 1001 et
1400 951 1454 1004 in
1504 960 1651 1009 terra
1692 969 1800 1023 pax
1838 955 2132 1025 hominibus
2176 960 2326 1015 bona

739 1030 1027 1095 voluntatis
1072 1041 1136 1094 ".
1173 1041 1304 1109 Quae
1346 1046 1416 1100 sit
1467 1045 1609 1101 bona
1656 1049 1928 1104 voluntas.
1959 1049 2099 1116 Quid
2143 1052 2322 1113 illud:

740 1132 881 1186 Deus
918 1131 1167 1189 Dominus
1189 1175 1204 1199 ,
1235 1147 1283 1191 et
1310 1139 1488 1191 illuxit
1520 1140 1667 1193 nobis
1701 1140 1768 1195 ".
1814 1140 1955 1207 Quid
1991 1142 2123 1197 illud
2154 1162 2167 1198 :
2199 1146 2324 1199 illu-

740 1239 873 1278 cere.
926 1224 1278 1282 Christianus
1328 1229 1474 1283 enim
1532 1230 1791 1300 quilibet,
1841 1234 1933 1302 qui
1992 1235 2157 1289 Deum
2203 1237 2326 1306 ejus

738 1315 908 1382 jussis
949 1316 1298 1384 factitandis,
1351 1320 1732 1394 mandatisque
1788 1327 2166 1383 custodiendis
2217 1343 2323 1383 non

741 1405 1034 1473 gloriﬂcat,
1072 1410 1205 1464 nihil
1274 1411 1343 1465 ab
1394 1412 1460 1468 iis
1510 1414 1711 1480 distat,
1745 1418 1836 1486 qui
1884 1420 1938 1472 in
1990 1417 2158 1473 Deum
2218 1436 2325 1476 non

742 1494 994 1561 credunt,
1037 1499 1141 1553 nisi
1187 1502 1349 1555 etiam
1401 1501 1592 1557 iisdem
1651 1503 1889 1560 deterior
1942 1515 2031 1562 cst
2070 1525 2082 1561 :
2124 1507 2182 1562 Si
2234 1526 2327 1579 ego

743 1581 911 1639 Pater
936 1603 1049 1640 sum
1069 1629 1085 1656 ,
1118 1588 1317 1660 inquit,
1346 1591 1433 1645 ubi
1456 1604 1533 1645 est
1562 1595 1728 1649 honor
1768 1599 1954 1652 mens?
1986 1607 2033 1651 et
2060 1600 2107 1652 si
2145 1599 2326 1652 Domi-

743 1693 840 1730 nus
892 1694 1009 1732 sum
1037 1719 1051 1742 ,
1084 1680 1173 1731 ubi
1225 1690 1304 1734 est
1345 1682 1504 1735 timor
1546 1701 1690 1738 meus
1723 1686 1769 1719 ε’
1812 1687 1833 1739 ?
1884 1686 2093 1742 Placuit
2135 1700 2320 1744 autem

745 1766 855 1821 Deo
882 1780 935 1824 et
960 1769 1105 1824 Patri
1138 1773 1431 1827 humanam
1468 1784 1742 1841 naturam,
1778 1794 1897 1846 qua!
1935 1795 1964 1834 a
2001 1780 2108 1835 vita
2146 1782 2326 1834 divina

2438 579 2620 633 hausit
2648 594 2676 633 a
2712 579 2819 635 Deo
2850 596 3076 645 rorem,
3121 581 3217 650 qui
3253 579 3613 648 intelligentia
3666 577 4021 646 perspicitur,

2438 683 2491 728 et
2532 673 2769 730 mortuis
2819 674 3115 728 sanitatem
3150 671 3412 743 impertit.
3452 668 3659 724 Christi
3696 670 3899 737 quippe
3942 683 4024 722 re-

2437 768 2706 825 surrectio
2736 776 2788 822 et
2823 768 3029 838 gloria,
3069 773 3296 830 nostra,
3327 763 3421 833 qui
3463 761 3657 831 sepulti
3695 759 3835 813 infra
3861 761 4021 825 jace-

2438 879 2559 918 tnns
2581 904 2595 925 .
2620 862 2954 917 resurrectio
2974 869 3056 914 est
3085 897 3102 922 ,
3132 873 3255 927 qua:
3279 872 3373 927 per
3409 855 3867 909 resurrectionem
3900 852 4023 919 ejus

2437 952 2492 1005 in
2549 950 2710 1005 nobis
2778 949 2877 1014 lit,
2926 944 3259 1010 ostenditur,
3307 954 3362 998 et
3413 952 3680 1013 apparet,
3718 952 3776 995 ιιι
3832 948 3921 994 est
3969 941 4022 993 in

2436 1038 3188 1111 sanctissimoresponsorio,
3231 1035 3377 1107 quod
3420 1050 3518 1090 ore
3542 1041 3738 1089 nostro
3776 1030 4024 1101 quotidie

2434 1136 2806 1206 deprnmimns
2867 1150 2881 1187 :
2940 1131 3143 1188 Christi
3209 1123 4022 1193 resurrectionemspeculati,

2437 1230 2719 1283 adoremus
2774 1238 3019 1280 sanctum
3061 1224 3344 1279 Dominum
3368 1220 3552 1275 Iesum
3595 1219 3867 1274 Christum
3896 1253 3909 1275 .
3936 1218 4025 1285 qui

2437 1324 2581 1379 solus
2610 1326 2754 1378 omni
2793 1330 3005 1391 peccato
3036 1331 3208 1375 vacat.
3270 1319 3366 1373 lle
3401 1318 3546 1372 enim
3576 1331 3699 1369 cum
3739 1327 4023 1381 nunquam

2437 1426 2719 1489 peccatum
2773 1416 2941 1471 ullum
2990 1413 3274 1469 admiserit
3305 1451 3320 1473 ,
3356 1421 3415 1464 ut
3460 1410 3726 1476 scriptum
3765 1417 3847 1459 est
3876 1444 3892 1468 ,
3928 1418 4027 1457 nec

2439 1511 2602 1565 ullam
2677 1509 2866 1579 gloriae
2942 1522 3056 1562 sine
3116 1505 3551 1560 lmntutationem
3626 1496 4026 1569 quoqnomndo

2438 1620 2669 1674 passus,
2715 1601 2807 1674 qui
2859 1606 3107 1669 resurget
3156 1596 3497 1665 aliquando,
3528 1601 3581 1648 et
3608 1589 4024 1663 gloriﬁcabitnr,

2438 1695 2529 1765 qui
2558 1709 2724 1762 supra
2751 1691 2970 1746 modum
3001 1730 3016 1754 ,
3072 1698 3126 1743 et
3166 1703 3330 1756 supra
3361 1700 3578 1739 onmem
3616 1681 3983 1752 principatum
4012 1719 4027 1742 ,

2438 1793 2491 1839 et
2522 1792 2845 1855 potestatem
2879 1780 3219 1852 gloriﬁcatus
3251 1786 3336 1833 est
3364 1817 3377 1840 ,
3412 1786 3465 1831 et
3498 1783 3682 1830 manet
3710 1775 3732 1826 ?
3786 1771 3890 1825 Sed
3938 1785 4027 1824 re-

742 1875 837 1929 νει*
903 1869 1184 1930 peccatum
1252 1864 1558 1921 desciverat
1587 1907 1600 1930 ,
1648 1884 1947 1940 secumque
2015 1872 2328 1930 inimicitias
2358 1847 2405 1906 Β
2434 1847 2724 1939 ευτ’τθοιὶο,
2756 1885 2810 1930 et
2851 1847 3026 1944 gloria
3064 1872 3311 1928 Christi.
3349 1879 3533 1924 nostra
3574 1876 3660 1922 est
3714 1866 3890 1933 gloria
3920 1900 3935 1921 .
3973 1871 4030 1913 nt

744 1964 1105 2021 susceperat,
1138 1970 1232 2024 per
1282 1956 1722 2014 incarnationem
1782 1961 1899 2015 Filii
1929 1964 2033 2019 sibi
2080 1966 2331 2021 reconci-

745 2044 918 2107 liare,
955 2060 1192 2115 eamque
1234 2062 1357 2102 cum
1402 2049 1585 2104 divina
1640 2053 1746 2106 vita
1798 2055 1976 2108 denuo
2032 2058 2331 2127 copulare.

749 2148 806 2191 ut
832 2138 959 2193 item
994 2140 1288 2209 Apostolus
1329 2144 1519 2198 scribit
1553 2141 1884 2215 :Justiﬁcati
1909 2166 2000 2218 per
2032 2151 2187 2219 fidem
2229 2151 2334 2205 Do-

752 2231 880 2284 mini
916 2234 1084 2285 nostri
1128 2232 1253 2287 Jcsu
1293 2235 1526 2300 Christi,
1558 2254 1738 2305 pacem
1783 2240 2032 2295 habemus
2063 2243 2130 2295 ad
2172 2242 2333 2296 Deum

747 2338 839 2385 per
863 2324 1309 2376 conversationem
1339 2324 1390 2376 in
1424 2323 1633 2377 Christo
1668 2325 1712 2357 '°
1738 2368 1752 2381 .
1793 2325 1915 2395 Ipse
1946 2329 2083 2381 enim
2117 2340 2194 2385 est
2234 2344 2336 2397 pax

751 2424 933 2471 nostra
954 2453 968 2475 ,
1002 2420 1092 2485 qui
1121 2416 1236 2485 [erit
1270 2426 1492 2485 utraque
1522 2434 1721 2485 unum,
1753 2430 1798 2473 et
1830 2421 2058 2475 medium
2087 2425 2337 2492 parietem

753 2509 997 2561 maceria:
1031 2509 1209 2571 solvit,
1232 2509 1543 2563 inimicitias
1582 2512 1634 2563 in
1669 2528 1830 2566 carne
1851 2530 1949 2567 sua
1979 2514 2020 2544 ⁶¹
2062 2555 2078 2578 ,
2111 2528 2161 2570 et
2194 2516 2338 2584 paci-

753 2599 929 2667 ﬁcarit
986 2617 1077 2669 per
1121 2600 1435 2670 sanguinem
1482 2602 1651 2655 crucis
1692 2620 1802 2656 sua'
1835 2620 1926 2673 per
1964 2608 2339 2674 semetipsum,

755 2694 861 2748 sive
909 2710 1024 2763 qua:
1067 2695 1121 2747 in
1148 2694 1335 2754 terris.
1380 2695 1488 2748 sive
1524 2696 1725 2765 qute‘in
1766 2699 1908 2752 ralis
1937 2710 2081 2753 sunt.
2133 2697 2196 2753 Et
2247 2716 2341 2754 nos

756 2802 874 2839 cum
911 2801 1143 2840 essettrus
1177 2784 1355 2854 aliqua
1384 2785 1537 2839 modo
1578 2786 1837 2852 alienati,
1862 2798 1908 2841 et
1946 2787 2145 2841 inimici
2191 2804 2345 2842 sensu

754 2877 809 2928 in
845 2877 1085 2943 operibus
1112 2878 1266 2927 malis
1291 2914 1306 2936 ,
1346 2891 1485 2928 nunc
1523 2876 1880 2930 reconciliavit
1907 2877 1959 2930 in
1984 2893 2197 2946 corpore
2223 2894 2345 2932 car-

755 2967 838 3020 nis
884 2981 994 3020 sutc
1050 2980 1142 3033 per
1185 2975 1402 3018 mortem
1430 3007 1446 3033 ,
1488 2978 1537 3020 et
1576 2966 1809 3021 exhibuit
1862 2982 1955 3022 nos
2004 2979 2255 3031 sanctos.
2296 2980 2347 3023 et

754 3060 1163 3123 immaculatos,
1206 3069 1253 3113 et
1309 3059 1787 3127 irrepreltensihiles
1840 3079 2019 3116 coram
2081 3063 2195 3130 ipso
2234 3081 2252 3118 :
2301 3062 2347 3117 si

759 3163 934 3204 tamen
980 3150 1297 3217 permanetis
1338 3151 1392 3203 in
1449 3148 1811 3219 ﬁdeifundati
1840 3194 1853 3215 ,
1898 3163 1946 3207 et
1997 3156 2243 3217 stabiles,
2294 3162 2343 3208 et

756 3241 1049 3296 immobiles
1084 3258 1114 3293 a
1153 3257 1242 3308 spe
1275 3240 1543 3311 Evangelii
1568 3243 1704 3312 quod
1748 3244 1971 3298 audistis
1997 3286 2005 3303 .,
2033 3246 2173 3314 quod
2207 3261 2346 3312 prce-

756 3334 991 3387 dicatunt
1019 3342 1095 3385 est
1126 3331 1268 3385 omni
1302 3345 1561 3386 creaturae
1601 3349 1719 3401 qua:
1757 3335 1851 3387 sub
1887 3336 2013 3389 (celo
2053 3349 2131 3388 est
2154 3375 2171 3399 ,
2196 3337 2348 3404 cujus

760 3435 935 3495 tactus
989 3441 1104 3478 sum
1174 3440 1268 3494 ego
1319 3421 1523 3477 Paulus
1591 3426 1831 3479 minister
1860 3427 1927 3479 θ’.
2000 3424 2347 3481 Christianus

758 3521 930 3583 enim,
962 3519 1053 3588 qui
1097 3534 1190 3588 per
1219 3519 1716 3590 transgressionem
1748 3519 2127 3574 mandatorum
2161 3521 2345 3575 Evan-

761 3612 885 3681 gelii
933 3611 1151 3667 Christo
1188 3611 1434 3672 resistit.
1471 3621 1525 3665 et
1580 3625 1705 3665 cum
1761 3610 1869 3666 Deo
1906 3612 2105 3666 bellant
2159 3615 2295 3680 gerit
2330 3655 2343 3678 ,

761 3704 1017 3767 sibimet,
1067 3716 1131 3755 ac
1182 3699 1292 3755 Der»
1346 3700 1603 3755 inimicus
1651 3709 1735 3755 est
1768 3711 1822 3756 et
1868 3717 1991 3755 cum
2039 3717 2106 3757 eo
2153 3718 2343 3772 pacem

762 3792 967 3847 habere
999 3792 1318 3863 neutiquam
1350 3800 1545 3861 potest.
1573 3792 1825 3862 Eousqtte
1842 3792 2109 3862 siquidem
2143 3794 2348 3850 inimici

765 3892 930 3951 atque
991 3881 1172 3937 hostes
1228 3882 1318 3936 Dei
1370 3896 1606 3945 sumus,
1665 3883 1879 3938 etiamsi
1945 3883 2183 3939 ﬁdelium
2246 3901 2349 3941 nos

768 3975 1135 4045 appellatione
1170 3976 1441 4039 selemus,
1482 3991 1771 4046 quousque
1815 3978 2165 4046 passionibus
2192 3978 2348 4048 igno-

769 4068 949 4120 minize
994 4067 1201 4121 servire
1246 4066 1690 4135 concupiscimus
1726 4088 1740 4123 :
1786 4068 2086 4136 Apparuit,
2132 4070 2346 4141 inquit,

772 4163 949 4232 gratia
980 4161 1075 4215 Dei
1109 4173 1158 4217 et
1198 4160 1493 4217 Saluatoris
1542 4165 1706 4218 nostri
1732 4166 1969 4219 omnibus
2011 4166 2345 4231 hominibus,

768 4256 1007 4309 erudiens
1032 4271 1158 4315 nos,
1191 4264 1247 4307 ut
1281 4254 1590 4324 nbnegantes
1620 4257 1946 4325 impietatem
1975 4268 2025 4311 et
2059 4258 2345 4311 sa'cularia

769 4348 1034 4400 desideria
1070 4347 1172 4412 pie,
1193 4344 1364 4400 sobrie
1386 4386 1399 4410 ,
1432 4357 1479 4399 et
1514 4346 1660 4416 just:
1688 4348 1923 4402 vivamus
1952 4349 2007 4401 in
2051 4350 2149 4402 hoc
2180 4365 2350 4403 siccu-

773 4446 825 4492 to
866 4440 928 4492 ⁶³.
959 4437 1129 4508 Igitur
1161 4440 1253 4508 qui
1299 4453 1405 4493 non
1447 4438 1531 4507 pic
1568 4439 1742 4503 vivit,
1773 4440 1973 4510 impius
2009 4451 2115 4497 est.
2149 4443 2212 4495 Et
2254 4443 2345 4510 qui

2433 1971 2672 2026 diximus
2696 2010 2712 2033 ,
2750 1984 2873 2039 quae
2920 1982 3016 2038 per
3049 1963 3507 2020 resurrectionem
3555 1960 3765 2013 scilicet
3806 1955 3934 2021 ejus
3971 1953 4022 2005 in

2436 2061 2595 2115 nobis
2641 2061 2736 2125 ﬁt,
2764 2070 2819 2115 et
2870 2061 2924 2113 in
2958 2058 3119 2114 nobis
3161 2056 3528 2126 conspicitur.
3573 2051 3711 2117 Quia
3748 2050 3891 2102 enim
3930 2060 4030 2099 no-

2436 2164 2547 2209 stra
2579 2151 2744 2207 semel
2785 2152 3126 2220 assumpsit,
3156 2164 3277 2217 qua:
3329 2150 3382 2200 in
3435 2145 3593 2198 nobis
3622 2145 3736 2211 ipse
3772 2138 3901 2191 facit
3924 2177 3938 2197 ,
3968 2152 4031 2189 ea

2438 2246 2542 2301 sibi
2573 2244 2817 2301 ascribit.
2875 2240 2938 2295 Et
2992 2240 3458 2310 quemadmodum
3504 2238 3620 2306 ipse
3650 2233 3904 2287 Christus
3928 2269 3943 2292 ,
3975 2236 4031 2281 et

2439 2337 2583 2392 Deus
2634 2346 2821 2391 noster
2877 2336 2933 2389 in
2973 2348 3138 2388 cruce
3187 2345 3529 2402 suspensus,
3571 2343 3695 2381 cum
3740 2328 3793 2378 in
3849 2324 4035 2391 seipso

2439 2436 2662 2499 peccata
2711 2425 2898 2483 mundi
2945 2427 3098 2481 cruci
3135 2424 3396 2479 atlixisset
3426 2462 3442 2488 ,
3470 2429 3811 2487 mortemque
3844 2423 4034 2483 ginta-

2441 2519 2643 2582 \‘isset,
2697 2527 2752 2572 et
2804 2518 2859 2571 in
2908 2516 3096 2571 intima
3134 2514 3333 2570 inferni
3364 2511 3783 2569 descendisset,
3836 2505 4035 2560 deinde

2444 2623 2661 2663 rursum
2694 2607 3042 2671 exstitisset,
3101 2605 3155 2659 in
3197 2602 3609 2658 immaculatum
3639 2612 3843 2667 corpus
3874 2610 4034 2651 suum

2446 2698 2706 2760 revertit.
2737 2712 2767 2750 a
2814 2712 2961 2764 quo,
2998 2711 3123 2749 cum
3175 2709 3240 2749 eo
3286 2692 3645 2749 descenderet
3691 2700 4036 2758 nequaquam

2443 2789 2741 2846 dissociata
2770 2800 2853 2844 est
2881 2788 3001 2857 ejus
3026 2786 3287 2841 divinitas
3316 2827 3333 2851 ,
3379 2789 3679 2852 statimque
3715 2799 3741 2834 ει
3796 2779 4038 2834 mortuis

2446 2882 2794 2945 resurrexit;
2825 2896 2888 2935 ac
2912 2879 3113 2935 deinde
3154 2893 3281 2933 cum
3316 2878 3516 2931 virtute
3560 2885 3615 2930 et
3654 2876 3827 2941 gloria
3871 2872 4039 2925 multa

2449 2974 2503 3029 in
2559 2974 2761 3028 cadum
2813 2973 3062 3028 ascendit
3118 2990 3131 3025 :
3176 2971 3256 3026 sic
3297 2986 3432 3027 sane
3482 2978 3537 3025 et
3596 2985 3743 3024 lltlttc
3785 2967 3947 3021 nobis
3976 2966 4041 3019 de

2453 3066 2659 3121 mundo
2689 3064 3101 3135 egredientibus
3132 3104 3148 3131 ,
3184 3072 3237 3119 et
3271 3066 3575 3119 imitatione
3629 3064 3866 3132 quadam
3922 3073 4043 3129 pas-

2371 3183 2417 3244 C
2450 3157 2625 3212 sionis
2663 3156 2785 3226 ejus
2842 3156 3182 3226 poenitentiae
3210 3194 3225 3218 .
3260 3167 3313 3212 et
3344 3153 3668 3208 humilitatis
3715 3166 4041 3205 tuonttutcn-

2459 3259 2574 3302 tum
2626 3246 2905 3317 quoddam
2951 3248 3352 3311 subeuntibus,
3388 3246 3503 3316 ipse
3534 3247 3600 3301 de
3641 3246 3780 3298 crelo
3816 3242 4043 3297 deven-

2459 3340 2595 3395 drns
2622 3379 2637 3405 ,
2674 3356 2877 3411 corpus
2925 3350 3173 3395 nostrum
3226 3356 3325 3392 cett
3355 3340 3669 3409 sepulcrum
3714 3336 4041 3400 ingredztur,

2462 3434 2764 3504 nnitusquc
2823 3434 3116 3489 animabus
3167 3434 3411 3500 nostris,
3460 3435 3854 3488 convenienter
3895 3446 3985 3485 eas
4014 3444 4044 3483 a

2460 3535 2634 3583 morte
2671 3527 2925 3582 suscitat.

2533 3619 2884 3677 Resurrectio
2936 3628 3119 3672 autem
3166 3618 3398 3681 animm,
3441 3628 3522 3669 est
3582 3616 3727 3669 illius
3772 3628 3901 3668 cum
3941 3615 4043 3665 rita

2458 3714 2798 3783 coniunctio.
2878 3711 3033 3767 Sicut
3093 3711 3239 3765 enim
3302 3722 3503 3776 corpus
3562 3718 3883 3767 ιιιυιιιιιιιιι.
3942 3704 4046 3758 nisi

2462 3808 2698 3861 animam
2735 3805 3005 3859 viventem
3034 3802 3089 3856 in
3125 3817 3185 3857 se
3221 3802 3472 3869 recipiat,
3503 3809 3556 3854 et
3585 3815 3708 3854 cum
3746 3814 3807 3851 ea
3837 3800 4046 3866 absque

2463 3897 2717 3951 mistione
2768 3897 3084 3957 misceatur,
3118 3909 3227 3949 non
3280 3892 3517 3952 dicitur.
3555 3905 3655 3946 nec
3719 3890 3829 3945 dici
3869 3898 4046 3958 potest

2461 3987 2803 4043 viveretsic
2858 4002 2959 4042 nec
3012 3987 3193 4040 anima
3244 3988 3361 4041 sola
3427 4000 3523 4055 per
3577 3986 3814 4051 seipsant
3868 3996 4049 4035 virere

2464 4087 2684 4151 potest,
2719 4079 2826 4134 nisi
2861 4078 3022 4133 modo
3066 4076 3303 4147 quodam
3348 4076 3752 4144 inexplicabili,
3795 4077 4047 4142 citraque

2462 4171 2842 4226 confusionem
2896 4186 3021 4225 rum
3068 4170 3200 4235 Deo,
3238 4169 3331 4238 qui
3362 4185 3488 4223 vere
3524 4169 3633 4221 vita
3668 4176 3875 4221 attenta
3917 4172 4000 4219 est
4031 4204 4047 4228 ,

2461 4265 2832 4323 consocietur.
2865 4273 2921 4316 et
2951 4262 3189 4315 uniatur.
3226 4260 3387 4315 Unita
3423 4268 3604 4313 autem
3639 4259 3765 4319 υι-υ,
3799 4273 3925 4311 mox
3966 4257 4047 4319 ei,

2460 4356 2554 4425 qui
2587 4355 2656 4409 ita
2706 4368 2830 4408 cum
2858 4352 3076 4408 Christo
3118 4355 3463 4414 resurrexit,
3512 4350 3754 4420 ηεξ-διίοω
3807 4362 4051 4401 resurreo

2460 4446 2661 4502 ctionis
2711 4459 2823 4498 suae
2864 4442 3091 4512 gloriam
3138 4443 3399 4496 cernendi
3449 4442 3760 4495 laetiltatmn
3816 4439 4047 4507 prtebet.

774 4544 881 4584 non
907 4530 1089 4584 sobrie
1124 4543 1187 4584 ac
1218 4531 1368 4599 juste
1413 4531 1578 4583 vitam
1632 4530 1891 4595 traducit,
1921 4532 2148 4587 multum
2195 4535 2349 4587 abest
2385 4544 2431 4601 ι)
2464 4538 2603 4593 llinc
2659 4538 2894 4593 dictum;
2947 4553 2959 4590 ε
3003 4536 3142 4589 Deus
3197 4534 3452 4589 Dominus
3480 4574 3495 4596 ,
3556 4542 3604 4585 τι
3642 4531 3819 4583 itm-Et
3876 4530 4047 4582 nobis.

779 4630 839 4674 ut
882 4622 930 4674 ei
977 4620 1153 4690 gratia
1202 4620 1297 4675 Dei
1344 4620 1605 4676 salutaris
1660 4631 1937 4692 appareat.
1978 4622 2039 4675 Et
2075 4624 2356 4692 quomodo

772 4712 863 4766 hic
888 4712 1323 4767 Christianorum
1354 4714 1545 4769 ordine
1573 4722 1626 4768 et
1660 4715 1777 4769 loco
1806 4727 2097 4769 censeatur
2124 4715 2145 4768 ἲ
2176 4714 2352 4785 Ingre-

774 4802 929 4857 diens
965 4819 1092 4859 vero
1142 4803 1401 4874 templum
1432 4804 1647 4860 Domini
1677 4844 1692 4870 ,
1742 4806 1873 4877 quid
1929 4807 2119 4863 dicet?
2150 4810 2355 4879 gratias

777 4903 901 4964 aget
923 4937 938 4961 ,
981 4911 1048 4950 an
1080 4899 1274 4965 petet?
1306 4897 1362 4952 Si
1400 4899 1529 4952 illud
1558 4940 1571 4964 ,
1605 4910 1776 4954 semet
1806 4899 1978 4964 fallit,
2018 4907 2203 4970 utpote
2248 4915 2357 4954 non

780 4991 988 5046 habens
1020 5032 1035 5056 ,
1068 5004 1191 5045 cum
1229 5006 1336 5046 non
1388 4994 1698 5062 acceperit,
1730 5002 1784 5047 et
1820 4993 2187 5062 nequidquam
2230 5008 2357 5064 gra-

778 5084 885 5138 tias
914 5098 1100 5153 agens.
1154 5084 1211 5138 Si
1261 5085 1515 5156 hoe.qna
1555 5085 1864 5154 petitione?
1897 5101 2058 5154 quam
2103 5102 2213 5141 non
2264 5101 2361 5142 no-

781 5177 881 5242 vit,
912 5185 966 5230 et
992 5192 1152 5248 quam
1181 5178 1439 5246 ignorat?
1465 5176 1615 5234 Talis
1650 5179 1856 5235 nullius
1884 5180 2041 5249 pretii
2065 5223 2079 5246 ,
2112 5190 2163 5236 et
2192 5181 2360 5235 inuti-

782 5270 852 5324 lis
912 5282 1031 5337 est,
1096 5282 1357 5343 tanquam
1414 5272 1774 5336 incredulus,
1838 5282 1893 5327 et
1956 5282 2246 5339 mortttus,
2310 5283 2369 5329 et

782 5363 978 5418 atticus
1010 5381 1025 5419 :
1064 5364 1405 5431 incredulus,
1441 5367 1702 5436 quoniam
1736 5365 1938 5421 Christi
1992 5366 2358 5420 resurrectio-

784 5470 910 5511 nem
938 5471 1045 5511 non
1072 5459 1316 5528 suscepit
1343 5498 1357 5520 ,
1389 5472 1736 5528 summopere
1775 5457 2047 5513 mentiens
2073 5499 2087 5522 ,
2135 5472 2260 5512 cum
2304 5459 2357 5510 in

784 5548 999 5603 cantico
1037 5547 1169 5603 dicit
1207 5568 1220 5603 :
1256 5547 1454 5605 Christi
1488 5553 1915 5605 resurrectionem
1943 5550 2217 5620 speculati,
2250 5560 2357 5603 etc.

856 5782 897 5810 ⁵⁷
932 5778 1063 5834 Luc.
1099 5797 1159 5844 ti,
1188 5781 1266 5834 Ν.

783 5848 975 5908 20-23.
1056 5850 1231 5922 σῖτιι.
1266 5865 1324 5917 ιι,
1366 5850 1452 5907 te.
1562 5850 1824 5910 "Matth.
1868 5866 1978 5922 XXI,
2014 5852 2065 5909 9.

1350 5782 1390 5811 “
1423 5780 1563 5836 Paul.
1618 5799 1785 5842 exvit,
1841 5784 1926 5834 27.
2042 5784 2085 5817 ⁸⁸
2137 5782 2321 5834 Malae.
2362 5797 2400 5845 t,
2434 5784 2484 5832 (5.

2146 5852 2189 5884 "
2219 5850 2387 5909 lCur.
2424 5865 2521 5921 xu,
2548 5852 2602 5907 ὅ.

2472 4632 2537 4686 Et
2573 4628 2875 4683 secundum
2909 4626 3281 4696 signiﬁcantes
3316 4628 3607 4678 adventum
3629 4660 3644 4683 ,
3677 4620 4010 4684 snbjicitttus
4038 4641 4047 4669 :

2466 4720 2779 4775 Benedictus
2828 4720 2917 4787 qui
2969 4720 3105 4773 renit
3159 4718 3213 4770 in
3259 4718 3468 4768 nomine
3517 4712 3727 4766 Domini
3773 4712 3857 4763 ".
3906 4709 4055 4763 lianc

2467 4815 2928 4868 resurrectionem
2965 4810 3059 4879 qui
3091 4808 3298 4877 liquido
3328 4822 3433 4861 non
3471 4804 3602 4857 κ’ἰιίὶῐ
3634 4815 3846 4872 (utpote
3877 4802 4055 4853 incre-

2463 4906 2662 4969 dulus,
2719 4905 2921 4973 impius
2964 4916 3028 4956 ac
3073 4897 3367 4967 mortuus),
3406 4910 3505 4950 nec
3554 4893 3834 4948 Christum
3866 4888 4054 4945 Jesnm

2470 5004 2838 5061 utsanctum,
2882 5008 2947 5047 ac
2979 4991 3266 5045 Dominum
3316 4988 3547 5041 adorare
3592 4992 3767 5054 potest
3814 4999 3827 5035 :
3886 4979 4056 5033 Nemo

2466 5090 2635 5152 enim.
2680 5089 2874 5158 inquit,
2902 5095 3069 5156 potest
3095 5086 3266 5137 dicere
3292 5098 3310 5135 :
3357 5080 3612 5132 Dominus
3643 5075 3800 5129 Jesus
3819 5116 3831 5132 .
3859 5076 3966 5126 nisi
4008 5073 4055 5124 iu

2474 5182 2679 5247 Spiritu
2720 5190 2904 5235 sancto
2940 5178 2985 5209 ⁸⁸
3021 5218 3035 5233 .
3070 5174 3133 5230 Et
3173 5175 3299 5228 alibi
3340 5190 3357 5226 :
3389 5170 3624 5237 Spiritus
3663 5178 3739 5221 est
3787 5166 3963 5222 Deus.
4013 5177 4053 5217 et

2469 5276 2559 5344 qui
2613 5276 2841 5328 adorant
2914 5288 3070 5333 eum,
3143 5270 3198 5321 in
3250 5267 3440 5335 spiritu
3502 5273 3551 5316 et
3596 5262 3809 5314 raritate
3859 5268 4056 5325 cporM

2476 5365 2699 5420 adorare
2728 5366 2771 5396 “
2807 5382 2822 5425 ;
2856 5367 2956 5419 hoc
2989 5373 3115 5423 est.
3158 5361 3211 5413 in
3246 5356 3453 5428 Spiritu
3484 5364 3698 5409 sancto.
3743 5361 3798 5404 et
3834 5353 3890 5405 in
3936 5354 4053 5404 uni-

2471 5459 2657 5525 genito
2709 5457 2826 5525 ejus
2878 5453 3032 5508 Filio.
3093 5451 3191 5505 Hic
3252 5458 3434 5503 autem
3490 5445 3723 5499 inﬁdi-lis
3782 5459 3912 5504 est,
3972 5460 4054 5511 quu

2469 5549 2629 5603 (idem
2668 5564 2761 5615 per
2789 5561 2953 5617 opera
2982 5561 3090 5602 non
3120 5541 3377 5604 ostendit,
3437 5539 3656 5606 quando
3693 5536 3829 5590 ﬁdes
3866 5551 4034 5590 serun

2565 5787 2606 5810 H‘
2651 5781 2807 5832 Ιῖυιιι.
2848 5800 2891 5842 ι,
2932 5784 2973 5832 1.
3092 5782 3131 5808 ⁸³
3173 5780 3364 5842 Lphrr.
3434 5798 3489 5842 li,
3703 5784 3746 5809 ⁵³
3778 5778 4029 5830 ινυιιθςμ

3092 5782 3131 5808 ⁸⁸
3173 5780 3364 5848 Lplt=.-.
3434 5798 3489 5845 li,
3545 5783 3622 5833 li.

2680 5847 2908 5906 "Joan.
2966 5867 3041 5919 tv,
3089 5850 3178 5903 2i.
