  <div class='ocr_page' id='page_1' title='image "/cluster/home/n/w/nwhite01/storage/ocr_20150623/120/nnc1.0046979972/171.png"; bbox 0 0 4188 6436; ppageno 0'>
   <div class='ocr_carea' id='block_1_1' title="bbox 781 335 894 407">
    <p class='ocr_par' dir='ltr' id='par_1_1' title="bbox 781 335 894 407">
     <span class='ocr_line' id='line_1_1' title="bbox 781 335 894 407; baseline 0 0"><span class='ocrx_word' id='word_1_1' title='bbox 781 335 894 407; x_wconf 65' lang='grc'><strong>343</strong></span> 
     </span>
    </p>
   </div>
   <div class='ocr_carea' id='block_1_2' title="bbox 2012 353 2807 419">
    <p class='ocr_par' dir='ltr' id='par_1_2' title="bbox 2012 353 2807 419">
     <span class='ocr_line' id='line_1_2' title="bbox 2012 353 2807 419; baseline 0.008 -6"><span class='ocrx_word' id='word_1_2' title='bbox 2012 353 2312 415; x_wconf 77' lang='lat' dir='ltr'><strong>SYMEON</strong></span> <span class='ocrx_word' id='word_1_3' title='bbox 2321 356 2394 417; x_wconf 87' lang='lat' dir='ltr'><strong>IS</strong></span> <span class='ocrx_word' id='word_1_4' title='bbox 2437 355 2807 419; x_wconf 68' lang='lat' dir='ltr'><strong>JUNIORIS</strong></span> 
     </span>
    </p>
   </div>
   <div class='ocr_carea' id='block_1_3' title="bbox 3949 361 4053 424">
    <p class='ocr_par' dir='ltr' id='par_1_3' title="bbox 3949 361 4053 424">
     <span class='ocr_line' id='line_1_3' title="bbox 3949 361 4053 424; baseline -0.01 0"><span class='ocrx_word' id='word_1_5' title='bbox 3949 361 4053 424; x_wconf 67' lang='grc' dir='ltr'>ω</span> 
     </span>
    </p>
   </div>
   <div class='ocr_carea' id='block_1_4' title="bbox 782 450 4050 538">
    <p class='ocr_par' dir='ltr' id='par_1_4' title="bbox 782 450 4050 538">
     <span class='ocr_line' id='line_1_4' title="bbox 782 450 4050 538; baseline 0.007 -34"><span class='ocrx_word' id='word_1_6' title='bbox 782 466 909 505; x_wconf 90' lang='lat' dir='ltr'><strong>cum</strong></span> <span class='ocrx_word' id='word_1_7' title='bbox 939 450 1171 509; x_wconf 78' lang='lat' dir='ltr'><strong>amrmet</strong></span> <span class='ocrx_word' id='word_1_8' title='bbox 1196 497 1212 522; x_wconf 91' lang='lat'><strong>,</strong></span> <span class='ocrx_word' id='word_1_9' title='bbox 1242 454 1578 526; x_wconf 83' lang='lat' dir='ltr'><strong>lmprnbitati</strong></span> <span class='ocrx_word' id='word_1_10' title='bbox 1628 478 1692 517; x_wconf 82' lang='lat' dir='ltr'><strong>ac</strong></span> <span class='ocrx_word' id='word_1_11' title='bbox 1740 466 2051 534; x_wconf 65' lang='lat' dir='ltr'><strong>petulantiae</strong></span> <span class='ocrx_word' id='word_1_12' title='bbox 2099 470 2352 525; x_wconf 85' lang='lat' dir='ltr'><strong>nuntium</strong></span> <span class='ocrx_word' id='word_1_13' title='bbox 2384 473 2432 534; x_wconf 74' lang='grc' dir='ltr'><strong>Α</strong></span> <span class='ocrx_word' id='word_1_14' title='bbox 2461 471 2669 528; x_wconf 81' lang='lat' dir='ltr'><strong>candus</strong></span> <span class='ocrx_word' id='word_1_15' title='bbox 2693 511 2709 537; x_wconf 89' lang='lat'><strong>,</strong></span> <span class='ocrx_word' id='word_1_16' title='bbox 2739 480 2796 526; x_wconf 90' lang='lat' dir='ltr'><strong>ut</strong></span> <span class='ocrx_word' id='word_1_17' title='bbox 2821 486 2917 528; x_wconf 84' lang='lat' dir='ltr'><strong>eos</strong></span> <span class='ocrx_word' id='word_1_18' title='bbox 2941 472 3157 528; x_wconf 82' lang='lat' dir='ltr'><strong>Satanae</strong></span> <span class='ocrx_word' id='word_1_19' title='bbox 3203 472 3384 529; x_wconf 89' lang='lat' dir='ltr'><strong>tradat</strong></span> <span class='ocrx_word' id='word_1_20' title='bbox 3418 474 3471 529; x_wconf 90' lang='lat' dir='ltr'><strong>in</strong></span> <span class='ocrx_word' id='word_1_21' title='bbox 3507 475 3791 529; x_wconf 79' lang='lat' dir='ltr'><strong>interitum</strong></span> <span class='ocrx_word' id='word_1_22' title='bbox 3843 477 4050 538; x_wconf 78' lang='lat' dir='ltr'><strong>carnis,</strong></span> 
     </span>
    </p>
   </div>
   <div class='ocr_carea' id='block_1_5' title="bbox 782 543 2362 622">
    <p class='ocr_par' dir='ltr' id='par_1_5' title="bbox 782 543 2362 622">
     <span class='ocr_line' id='line_1_5' title="bbox 782 543 2362 622; baseline 0.015 -28"><span class='ocrx_word' id='word_1_23' title='bbox 782 543 1066 600; x_wconf 85' lang='lat' dir='ltr'><strong>remittere</strong></span> <span class='ocrx_word' id='word_1_24' title='bbox 1116 562 1177 601; x_wconf 83' lang='lat' dir='ltr'><strong>se</strong></span> <span class='ocrx_word' id='word_1_25' title='bbox 1237 547 1395 616; x_wconf 84' lang='lat' dir='ltr'><strong>plane</strong></span> <span class='ocrx_word' id='word_1_26' title='bbox 1449 569 1556 606; x_wconf 88' lang='lat' dir='ltr'><strong>non</strong></span> <span class='ocrx_word' id='word_1_27' title='bbox 1614 559 1900 622; x_wconf 82' lang='lat' dir='ltr'><strong>posse,ni</strong></span> <span class='ocrx_word' id='word_1_28' title='bbox 1958 569 2087 614; x_wconf 86' lang='lat' dir='ltr'><strong>ante</strong></span> <span class='ocrx_word' id='word_1_29' title='bbox 2133 576 2164 616; x_wconf 84' lang='lat' dir='ltr'><strong>c</strong></span> <span class='ocrx_word' id='word_1_30' title='bbox 2195 562 2362 618; x_wconf 78' lang='lat' dir='ltr'><strong>rebus</strong></span> 
     </span>
    </p>
   </div>
   <div class='ocr_carea' id='block_1_6' title="bbox 779 636 2358 720">
    <p class='ocr_par' dir='ltr' id='par_1_6' title="bbox 779 636 2358 720">
     <span class='ocr_line' id='line_1_6' title="bbox 779 636 2358 720; baseline 0.013 -33"><span class='ocrx_word' id='word_1_31' title='bbox 779 636 1162 703; x_wconf 78' lang='lat' dir='ltr'><strong>spurcissimis</strong></span> <span class='ocrx_word' id='word_1_32' title='bbox 1214 639 1526 696; x_wconf 72' lang='lat' dir='ltr'><strong>satietatem</strong></span> <span class='ocrx_word' id='word_1_33' title='bbox 1580 649 1787 716; x_wconf 84' lang='lat' dir='ltr'><strong>ceperit</strong></span> <span class='ocrx_word' id='word_1_34' title='bbox 1844 669 1858 705; x_wconf 91' lang='lat'>:</span> <span class='ocrx_word' id='word_1_35' title='bbox 1910 651 2256 720; x_wconf 86' lang='lat' dir='ltr'><strong>potissimum</strong></span> <span class='ocrx_word' id='word_1_36' title='bbox 2311 654 2358 710; x_wconf 75' lang='lat' dir='ltr'><strong>si</strong></span> 
     </span>
    </p>
   </div>
   <div class='ocr_carea' id='block_1_7' title="bbox 780 728 2360 813">
    <p class='ocr_par' dir='ltr' id='par_1_7' title="bbox 780 728 2360 813">
     <span class='ocr_line' id='line_1_7' title="bbox 780 728 2360 813; baseline 0.015 -35"><span class='ocrx_word' id='word_1_37' title='bbox 780 728 1193 784; x_wconf 69' lang='lat' dir='ltr'><strong>immaculatum</strong></span> <span class='ocrx_word' id='word_1_38' title='bbox 1241 732 1444 788; x_wconf 78' lang='lat' dir='ltr'><strong>Christi</strong></span> <span class='ocrx_word' id='word_1_39' title='bbox 1481 751 1680 807; x_wconf 82' lang='lat' dir='ltr'><strong>corpus</strong></span> <span class='ocrx_word' id='word_1_40' title='bbox 1707 779 1721 804; x_wconf 88' lang='lat'><strong>,</strong></span> <span class='ocrx_word' id='word_1_41' title='bbox 1760 756 1824 796; x_wconf 90' lang='lat' dir='ltr'><strong>ac</strong></span> <span class='ocrx_word' id='word_1_42' title='bbox 1879 744 2178 813; x_wconf 84' lang='lat' dir='ltr'><strong>pretiosum</strong></span> <span class='ocrx_word' id='word_1_43' title='bbox 2231 761 2360 801; x_wconf 80' lang='lat' dir='ltr'><strong>san-</strong></span> 
     </span>
    </p>
   </div>
   <div class='ocr_carea' id='block_1_8' title="bbox 778 818 1788 888">
    <p class='ocr_par' dir='ltr' id='par_1_8' title="bbox 778 818 1788 888">
     <span class='ocr_line' id='line_1_8' title="bbox 778 818 1788 888; baseline 0.019 -19"><span class='ocrx_word' id='word_1_44' title='bbox 778 818 1002 886; x_wconf 78' lang='lat' dir='ltr'><strong>guinem</strong></span> <span class='ocrx_word' id='word_1_45' title='bbox 1035 836 1255 878; x_wconf 87' lang='lat' dir='ltr'><strong>sumere</strong></span> <span class='ocrx_word' id='word_1_46' title='bbox 1291 841 1397 880; x_wconf 90' lang='lat' dir='ltr'><strong>non</strong></span> <span class='ocrx_word' id='word_1_47' title='bbox 1433 828 1788 888; x_wconf 75' lang='lat' dir='ltr'><strong>dubitaverit.</strong></span> 
     </span>
    </p>
   </div>
   <div class='ocr_carea' id='block_1_9' title="bbox 852 907 2356 999">
    <p class='ocr_par' dir='ltr' id='par_1_9' title="bbox 852 907 2356 999">
     <span class='ocr_line' id='line_1_9' title="bbox 852 907 2356 999; baseline 0.017 -37"><span class='ocrx_word' id='word_1_48' title='bbox 852 907 943 964; x_wconf 68' lang='lat' dir='ltr'><strong>Vae</strong></span> <span class='ocrx_word' id='word_1_49' title='bbox 993 921 1107 966; x_wconf 91' lang='lat' dir='ltr'><strong>tum</strong></span> <span class='ocrx_word' id='word_1_50' title='bbox 1153 914 1204 968; x_wconf 92' lang='lat' dir='ltr'><strong>ei</strong></span> <span class='ocrx_word' id='word_1_51' title='bbox 1244 918 1335 986; x_wconf 91' lang='lat' dir='ltr'><strong>qui</strong></span> <span class='ocrx_word' id='word_1_52' title='bbox 1375 924 1713 988; x_wconf 77' lang='lat' dir='ltr'><strong>porrexerit.</strong></span> <span class='ocrx_word' id='word_1_53' title='bbox 1742 932 1855 979; x_wconf 92' lang='lat' dir='ltr'><strong>tum</strong></span> <span class='ocrx_word' id='word_1_54' title='bbox 1887 927 1935 982; x_wconf 87' lang='lat' dir='ltr'><strong>ei</strong></span> <span class='ocrx_word' id='word_1_55' title='bbox 1967 931 2059 998; x_wconf 86' lang='lat' dir='ltr'><strong>qui</strong></span> <span class='ocrx_word' id='word_1_56' title='bbox 2102 945 2356 999; x_wconf 84' lang='lat' dir='ltr'><strong>sumpse-</strong></span> 
     </span>
    </p>
   </div>
   <div class='ocr_carea' id='block_1_10' title="bbox 781 1000 2356 1089">
    <p class='ocr_par' dir='ltr' id='par_1_10' title="bbox 781 1000 2356 1089">
     <span class='ocr_line' id='line_1_10' title="bbox 781 1000 2356 1089; baseline 0.014 -37"><span class='ocrx_word' id='word_1_57' title='bbox 781 1005 872 1055; x_wconf 67' lang='grc' dir='ltr'>ιιι.</span> <span class='ocrx_word' id='word_1_58' title='bbox 911 1000 1083 1069; x_wconf 86' lang='lat' dir='ltr'><strong>Huic,</strong></span> <span class='ocrx_word' id='word_1_59' title='bbox 1121 1005 1250 1073; x_wconf 88' lang='lat' dir='ltr'><strong>quia</strong></span> <span class='ocrx_word' id='word_1_60' title='bbox 1297 1025 1406 1078; x_wconf 90' lang='lat' dir='ltr'><strong>quo</strong></span> <span class='ocrx_word' id='word_1_61' title='bbox 1459 1013 1666 1081; x_wconf 78' lang='lat' dir='ltr'><strong>majore</strong></span> <span class='ocrx_word' id='word_1_62' title='bbox 1720 1030 1846 1069; x_wconf 93' lang='lat' dir='ltr'><strong>cum</strong></span> <span class='ocrx_word' id='word_1_63' title='bbox 1881 1017 2232 1089; x_wconf 87' lang='lat' dir='ltr'><strong>improbitate</strong></span> <span class='ocrx_word' id='word_1_64' title='bbox 2267 1038 2356 1077; x_wconf 84' lang='lat' dir='ltr'><strong>su-</strong></span> 
     </span>
    </p>
   </div>
   <div class='ocr_carea' id='block_1_11' title="bbox 777 1093 2353 1172">
    <p class='ocr_par' dir='ltr' id='par_1_11' title="bbox 777 1093 2353 1172">
     <span class='ocr_line' id='line_1_11' title="bbox 777 1093 2353 1172; baseline 0.015 -29"><span class='ocrx_word' id='word_1_65' title='bbox 777 1093 912 1158; x_wconf 87' lang='lat' dir='ltr'><strong>mit,</strong></span> <span class='ocrx_word' id='word_1_66' title='bbox 943 1110 1008 1148; x_wconf 86' lang='lat' dir='ltr'><strong>eo</strong></span> <span class='ocrx_word' id='word_1_67' title='bbox 1045 1100 1218 1168; x_wconf 82' lang='lat' dir='ltr'><strong>magis</strong></span> <span class='ocrx_word' id='word_1_68' title='bbox 1247 1111 1466 1171; x_wconf 75' lang='lat' dir='ltr'><strong>propter</strong></span> <span class='ocrx_word' id='word_1_69' title='bbox 1494 1104 1912 1172; x_wconf 81' lang='lat' dir='ltr'><strong>imprmlcutiam</strong></span> <span class='ocrx_word' id='word_1_70' title='bbox 1938 1153 1951 1172; x_wconf 86' lang='lat'><strong>.</strong></span> <span class='ocrx_word' id='word_1_71' title='bbox 1983 1122 2036 1166; x_wconf 91' lang='lat' dir='ltr'><strong>et</strong></span> <span class='ocrx_word' id='word_1_72' title='bbox 2069 1113 2353 1168; x_wconf 79' lang='lat' dir='ltr'><strong>audaciam</strong></span> 
     </span>
    </p>
   </div>
   <div class='ocr_carea' id='block_1_12' title="bbox 777 1185 2352 1272">
    <p class='ocr_par' dir='ltr' id='par_1_12' title="bbox 777 1185 2352 1272">
     <span class='ocr_line' id='line_1_12' title="bbox 777 1185 2352 1272; baseline 0.017 -37"><span class='ocrx_word' id='word_1_73' title='bbox 777 1185 1063 1241; x_wconf 66' lang='lat' dir='ltr'><strong>diabolicae</strong></span> <span class='ocrx_word' id='word_1_74' title='bbox 1125 1195 1380 1260; x_wconf 79' lang='lat' dir='ltr'><strong>potestati</strong></span> <span class='ocrx_word' id='word_1_75' title='bbox 1437 1195 1751 1266; x_wconf 75' lang='lat' dir='ltr'><strong>subjicitur,</strong></span> <span class='ocrx_word' id='word_1_76' title='bbox 1788 1202 2083 1260; x_wconf 89' lang='lat' dir='ltr'><strong>derelictus</strong></span> <span class='ocrx_word' id='word_1_77' title='bbox 2137 1221 2167 1259; x_wconf 90' lang='lat' dir='ltr'><strong>a</strong></span> <span class='ocrx_word' id='word_1_78' title='bbox 2224 1206 2352 1272; x_wconf 87' lang='lat' dir='ltr'><strong>Deo,</strong></span> 
     </span>
    </p>
   </div>
   <div class='ocr_carea' id='block_1_13' title="bbox 776 1279 2354 1365">
    <p class='ocr_par' dir='ltr' id='par_1_13' title="bbox 776 1279 2354 1365">
     <span class='ocr_line' id='line_1_13' title="bbox 776 1279 2354 1365; baseline 0.016 -37"><span class='ocrx_word' id='word_1_79' title='bbox 776 1279 919 1331; x_wconf 67' lang='lat' dir='ltr'><strong>sicut</strong></span> <span class='ocrx_word' id='word_1_80' title='bbox 944 1280 996 1334; x_wconf 93' lang='lat' dir='ltr'><strong>in</strong></span> <span class='ocrx_word' id='word_1_81' title='bbox 1027 1297 1188 1337; x_wconf 86' lang='lat' dir='ltr'><strong>sacro</strong></span> <span class='ocrx_word' id='word_1_82' title='bbox 1217 1283 1508 1356; x_wconf 81' lang='lat' dir='ltr'><strong>Evangelia</strong></span> <span class='ocrx_word' id='word_1_83' title='bbox 1541 1293 1803 1362; x_wconf 86' lang='lat' dir='ltr'><strong>scriptum</strong></span> <span class='ocrx_word' id='word_1_84' title='bbox 1834 1294 2062 1365; x_wconf 76' lang='lat' dir='ltr'><strong>legimus</strong></span> <span class='ocrx_word' id='word_1_85' title='bbox 2099 1297 2165 1353; x_wconf 91' lang='lat' dir='ltr'><strong>de</strong></span> <span class='ocrx_word' id='word_1_86' title='bbox 2191 1297 2354 1363; x_wconf 81' lang='lat' dir='ltr'><strong>Juda,</strong></span> 
     </span>
    </p>
   </div>
   <div class='ocr_carea' id='block_1_14' title="bbox 775 1370 2354 1446">
    <p class='ocr_par' dir='ltr' id='par_1_14' title="bbox 775 1370 2354 1446">
     <span class='ocr_line' id='line_1_14' title="bbox 775 1370 2354 1446; baseline 0.018 -28"><span class='ocrx_word' id='word_1_87' title='bbox 775 1383 902 1422; x_wconf 85' lang='lat' dir='ltr'><strong>cum</strong></span> <span class='ocrx_word' id='word_1_88' title='bbox 943 1370 1205 1428; x_wconf 87' lang='lat' dir='ltr'><strong>Dominus</strong></span> <span class='ocrx_word' id='word_1_89' title='bbox 1237 1375 1289 1430; x_wconf 93' lang='lat' dir='ltr'><strong>in</strong></span> <span class='ocrx_word' id='word_1_90' title='bbox 1325 1393 1481 1434; x_wconf 69' lang='lat' dir='ltr'><strong>caena</strong></span> <span class='ocrx_word' id='word_1_91' title='bbox 1519 1382 1604 1435; x_wconf 83' lang='lat' dir='ltr'><strong>illa</strong></span> <span class='ocrx_word' id='word_1_92' title='bbox 1638 1383 1824 1439; x_wconf 88' lang='lat' dir='ltr'><strong>divina</strong></span> <span class='ocrx_word' id='word_1_93' title='bbox 1858 1387 2157 1444; x_wconf 88' lang='lat' dir='ltr'><strong>buccellam</strong></span> <span class='ocrx_word' id='word_1_94' title='bbox 2184 1391 2354 1446; x_wconf 85' lang='lat' dir='ltr'><strong>intin-</strong></span> 
     </span>
    </p>
   </div>
   <div class='ocr_carea' id='block_1_15' title="bbox 773 1463 2355 1549">
    <p class='ocr_par' dir='ltr' id='par_1_15' title="bbox 773 1463 2355 1549">
     <span class='ocr_line' id='line_1_15' title="bbox 773 1463 2355 1549; baseline 0.02 -39"><span class='ocrx_word' id='word_1_95' title='bbox 773 1468 917 1514; x_wconf 73' lang='lat' dir='ltr'><strong>ctam</strong></span> <span class='ocrx_word' id='word_1_96' title='bbox 953 1463 1001 1516; x_wconf 87' lang='lat' dir='ltr'><strong>ei</strong></span> <span class='ocrx_word' id='word_1_97' title='bbox 1032 1468 1364 1543; x_wconf 79' lang='lat' dir='ltr'><strong>porrexissct</strong></span> <span class='ocrx_word' id='word_1_98' title='bbox 1389 1510 1404 1535; x_wconf 89' lang='lat'><strong>,</strong></span> <span class='ocrx_word' id='word_1_99' title='bbox 1440 1473 1636 1544; x_wconf 78' lang='lat' dir='ltr'><strong>illeque</strong></span> <span class='ocrx_word' id='word_1_100' title='bbox 1670 1480 1996 1549; x_wconf 83' lang='lat' dir='ltr'><strong>accepisset,</strong></span> <span class='ocrx_word' id='word_1_101' title='bbox 2030 1485 2216 1539; x_wconf 87' lang='lat' dir='ltr'><strong>statim</strong></span> <span class='ocrx_word' id='word_1_102' title='bbox 2260 1487 2355 1540; x_wconf 89' lang='lat' dir='ltr'><strong>Sa-</strong></span> 
     </span>
    </p>
   </div>
   <div class='ocr_carea' id='block_1_16' title="bbox 773 1557 2354 1647">
    <p class='ocr_par' dir='ltr' id='par_1_16' title="bbox 773 1557 2354 1647">
     <span class='ocr_line' id='line_1_16' title="bbox 773 1557 2354 1647; baseline 0.02 -44"><span class='ocrx_word' id='word_1_103' title='bbox 773 1561 957 1607; x_wconf 87' lang='lat' dir='ltr'><strong>tanam</strong></span> <span class='ocrx_word' id='word_1_104' title='bbox 1025 1557 1082 1612; x_wconf 92' lang='lat' dir='ltr'><strong>in</strong></span> <span class='ocrx_word' id='word_1_105' title='bbox 1142 1576 1264 1616; x_wconf 89' lang='lat' dir='ltr'><strong>eum</strong></span> <span class='ocrx_word' id='word_1_106' title='bbox 1323 1563 1636 1626; x_wconf 71' lang='lat' dir='ltr'><strong>intravisse.</strong></span> <span class='ocrx_word' id='word_1_107' title='bbox 1711 1571 1830 1635; x_wconf 70' lang='lat' dir='ltr'><strong>lili,</strong></span> <span class='ocrx_word' id='word_1_108' title='bbox 1882 1578 2011 1646; x_wconf 89' lang='lat' dir='ltr'><strong>quia</strong></span> <span class='ocrx_word' id='word_1_109' title='bbox 2060 1578 2354 1647; x_wconf 88' lang='lat' dir='ltr'><strong>purissimo</strong></span> 
     </span>
    </p>
   </div>
   <div class='ocr_carea' id='block_1_17' title="bbox 771 1657 2349 1741">
    <p class='ocr_par' dir='ltr' id='par_1_17' title="bbox 771 1657 2349 1741">
     <span class='ocr_line' id='line_1_17' title="bbox 771 1657 2349 1741; baseline 0.02 -43"><span class='ocrx_word' id='word_1_110' title='bbox 771 1661 1027 1741; x_wconf 81' lang='lat' dir='ltr'><strong>corpore,</strong></span> <span class='ocrx_word' id='word_1_111' title='bbox 1051 1659 1104 1705; x_wconf 82' lang='lat' dir='ltr'><strong>et</strong></span> <span class='ocrx_word' id='word_1_112' title='bbox 1130 1657 1398 1724; x_wconf 80' lang='lat' dir='ltr'><strong>sanguine</strong></span> <span class='ocrx_word' id='word_1_113' title='bbox 1423 1659 1636 1717; x_wconf 84' lang='lat' dir='ltr'><strong>Domini</strong></span> <span class='ocrx_word' id='word_1_114' title='bbox 1663 1667 1914 1737; x_wconf 89' lang='lat' dir='ltr'><strong>dignatus</strong></span> <span class='ocrx_word' id='word_1_115' title='bbox 1943 1679 2025 1724; x_wconf 85' lang='lat' dir='ltr'><strong>est</strong></span> <span class='ocrx_word' id='word_1_116' title='bbox 2050 1673 2349 1741; x_wconf 89' lang='lat' dir='ltr'><strong>hominem,</strong></span> 
     </span>
    </p>
   </div>
   <div class='ocr_carea' id='block_1_18' title="bbox 775 1739 2349 1832">
    <p class='ocr_par' dir='ltr' id='par_1_18' title="bbox 775 1739 2349 1832">
     <span class='ocr_line' id='line_1_18' title="bbox 775 1739 2349 1832; baseline 0.019 -42"><span class='ocrx_word' id='word_1_117' title='bbox 775 1739 870 1832; x_wconf 83' lang='lat' dir='ltr'><strong>qui</strong></span> <span class='ocrx_word' id='word_1_118' title='bbox 905 1757 1003 1795; x_wconf 91' lang='lat' dir='ltr'><strong>nec</strong></span> <span class='ocrx_word' id='word_1_119' title='bbox 1032 1744 1222 1813; x_wconf 84' lang='lat' dir='ltr'><strong>pedem</strong></span> <span class='ocrx_word' id='word_1_120' title='bbox 1258 1747 1309 1801; x_wconf 91' lang='lat' dir='ltr'><strong>in</strong></span> <span class='ocrx_word' id='word_1_121' title='bbox 1347 1753 1549 1822; x_wconf 87' lang='lat' dir='ltr'><strong>templo</strong></span> <span class='ocrx_word' id='word_1_122' title='bbox 1583 1756 1703 1823; x_wconf 91' lang='lat' dir='ltr'><strong>ejus</strong></span> <span class='ocrx_word' id='word_1_123' title='bbox 1737 1773 1939 1826; x_wconf 90' lang='lat' dir='ltr'><strong>ponere</strong></span> <span class='ocrx_word' id='word_1_124' title='bbox 1965 1763 2162 1832; x_wconf 84' lang='lat' dir='ltr'><strong>dignus</strong></span> <span class='ocrx_word' id='word_1_125' title='bbox 2205 1766 2298 1820; x_wconf 84' lang='lat' dir='ltr'><strong>luit</strong></span> 
     </span>
    </p>
   </div>
   <div class='ocr_carea' id='block_1_19' title="bbox 773 1824 2433 1914">
    <p class='ocr_par' dir='ltr' id='par_1_19' title="bbox 773 1824 2433 1914">
     <span class='ocr_line' id='line_1_19' title="bbox 773 1824 2433 1914; baseline 0.022 -37"><span class='ocrx_word' id='word_1_126' title='bbox 773 1830 996 1896; x_wconf 78' lang='lat' dir='ltr'><strong>quicum</strong></span> <span class='ocrx_word' id='word_1_127' title='bbox 1054 1838 1216 1889; x_wconf 89' lang='lat' dir='ltr'><strong>etiam</strong></span> <span class='ocrx_word' id='word_1_128' title='bbox 1277 1840 1459 1896; x_wconf 91' lang='lat' dir='ltr'><strong>cibum</strong></span> <span class='ocrx_word' id='word_1_129' title='bbox 1509 1824 2086 1914; x_wconf 44' lang='lat' dir='ltr'><strong>capere—Christiano</strong></span> <span class='ocrx_word' id='word_1_130' title='bbox 2138 1857 2359 1912; x_wconf 84' lang='lat' dir='ltr'><strong>cuilibet</strong></span> <span class='ocrx_word' id='word_1_131' title='bbox 2393 1824 2433 1876; x_wconf 70' lang='grc' dir='ltr'><strong>Β</strong></span> 
     </span>
    </p>
   </div>
   <div class='ocr_carea' id='block_1_20' title="bbox 773 1923 2360 2016">
    <p class='ocr_par' dir='ltr' id='par_1_20' title="bbox 773 1923 2360 2016">
     <span class='ocr_line' id='line_1_20' title="bbox 773 1923 2360 2016; baseline 0.018 -42"><span class='ocrx_word' id='word_1_132' title='bbox 773 1923 1121 1980; x_wconf 81' lang='lat' dir='ltr'><strong>interdictum</strong></span> <span class='ocrx_word' id='word_1_133' title='bbox 1153 1937 1237 1984; x_wconf 86' lang='lat' dir='ltr'><strong>est</strong></span> <span class='ocrx_word' id='word_1_134' title='bbox 1272 1947 1286 1982; x_wconf 89' lang='lat'><strong>:</strong></span> <span class='ocrx_word' id='word_1_135' title='bbox 1327 1932 1386 1985; x_wconf 83' lang='lat' dir='ltr'><strong>Si</strong></span> <span class='ocrx_word' id='word_1_136' title='bbox 1414 1938 1527 2002; x_wconf 76' lang='lat' dir='ltr'><strong>quis</strong></span> <span class='ocrx_word' id='word_1_137' title='bbox 1558 1940 1716 2003; x_wconf 82' lang='lat' dir='ltr'><strong>enim,</strong></span> <span class='ocrx_word' id='word_1_138' title='bbox 1737 1942 1813 1995; x_wconf 86' lang='lat' dir='ltr'><strong>ait</strong></span> <span class='ocrx_word' id='word_1_139' title='bbox 1846 1942 2160 2012; x_wconf 84' lang='lat' dir='ltr'><strong>Apostolus,</strong></span> <span class='ocrx_word' id='word_1_140' title='bbox 2194 1948 2360 2016; x_wconf 79' lang='lat' dir='ltr'><strong>frater</strong></span> 
     </span>
    </p>
   </div>
   <div class='ocr_carea' id='block_1_21' title="bbox 773 2028 2356 2104">
    <p class='ocr_par' dir='ltr' id='par_1_21' title="bbox 773 2028 2356 2104">
     <span class='ocr_line' id='line_1_21' title="bbox 773 2028 2356 2104; baseline 0.019 -39"><span class='ocrx_word' id='word_1_141' title='bbox 773 2030 1100 2084; x_wconf 78' lang='lat' dir='ltr'><strong>nominatur,</strong></span> <span class='ocrx_word' id='word_1_142' title='bbox 1139 2035 1184 2073; x_wconf 81' lang='lat' dir='ltr'><strong>et</strong></span> <span class='ocrx_word' id='word_1_143' title='bbox 1235 2034 1311 2077; x_wconf 71' lang='lat' dir='ltr'><strong>est</strong></span> <span class='ocrx_word' id='word_1_144' title='bbox 1350 2035 1445 2080; x_wconf 89' lang='lat' dir='ltr'><strong>aut</strong></span> <span class='ocrx_word' id='word_1_145' title='bbox 1489 2028 1803 2097; x_wconf 79' lang='lat' dir='ltr'><strong>fornicator,</strong></span> <span class='ocrx_word' id='word_1_146' title='bbox 1858 2046 1950 2089; x_wconf 88' lang='lat' dir='ltr'><strong>aut</strong></span> <span class='ocrx_word' id='word_1_147' title='bbox 1993 2055 2216 2104; x_wconf 80' lang='lat' dir='ltr'><strong>avarus,</strong></span> <span class='ocrx_word' id='word_1_148' title='bbox 2265 2051 2356 2095; x_wconf 88' lang='lat' dir='ltr'><strong>aut</strong></span> 
     </span>
    </p>
   </div>
   <div class='ocr_carea' id='block_1_22' title="bbox 773 2108 2356 2201">
    <p class='ocr_par' dir='ltr' id='par_1_22' title="bbox 773 2108 2356 2201">
     <span class='ocr_line' id='line_1_22' title="bbox 773 2108 2356 2201; baseline 0.019 -45"><span class='ocrx_word' id='word_1_149' title='bbox 773 2108 1059 2164; x_wconf 81' lang='lat' dir='ltr'><strong>maledicus</strong></span> <span class='ocrx_word' id='word_1_150' title='bbox 1083 2152 1099 2175; x_wconf 92' lang='lat'><strong>,</strong></span> <span class='ocrx_word' id='word_1_151' title='bbox 1134 2126 1224 2167; x_wconf 90' lang='lat' dir='ltr'><strong>aut</strong></span> <span class='ocrx_word' id='word_1_152' title='bbox 1254 2117 1523 2182; x_wconf 81' lang='lat' dir='ltr'><strong>ebriosus,</strong></span> <span class='ocrx_word' id='word_1_153' title='bbox 1553 2133 1643 2175; x_wconf 89' lang='lat' dir='ltr'><strong>aut</strong></span> <span class='ocrx_word' id='word_1_154' title='bbox 1670 2140 1838 2192; x_wconf 74' lang='lat' dir='ltr'><strong>rapax</strong></span> <span class='ocrx_word' id='word_1_155' title='bbox 1864 2172 1877 2191; x_wconf 90' lang='lat'><strong>,</strong></span> <span class='ocrx_word' id='word_1_156' title='bbox 1909 2145 2026 2182; x_wconf 82' lang='lat' dir='ltr'><strong>cum</strong></span> <span class='ocrx_word' id='word_1_157' title='bbox 2052 2132 2356 2201; x_wconf 75' lang='lat' dir='ltr'><strong>Itujusmodi</strong></span> 
     </span>
    </p>
   </div>
   <div class='ocr_carea' id='block_1_23' title="bbox 773 2202 2356 2284">
    <p class='ocr_par' dir='ltr' id='par_1_23' title="bbox 773 2202 2356 2284">
     <span class='ocr_line' id='line_1_23' title="bbox 773 2202 2356 2284; baseline 0.016 -32"><span class='ocrx_word' id='word_1_158' title='bbox 773 2215 866 2252; x_wconf 76' lang='lat' dir='ltr'><strong>nec</strong></span> <span class='ocrx_word' id='word_1_159' title='bbox 913 2202 1085 2256; x_wconf 82' lang='lat' dir='ltr'><strong>cibum</strong></span> <span class='ocrx_word' id='word_1_160' title='bbox 1136 2223 1340 2263; x_wconf 78' lang='lat' dir='ltr'><strong>sumere</strong></span> <span class='ocrx_word' id='word_1_161' title='bbox 1400 2213 1463 2264; x_wconf 83' lang='lat'><strong>’°.</strong></span> <span class='ocrx_word' id='word_1_162' title='bbox 1533 2211 1720 2269; x_wconf 86' lang='lat' dir='ltr'><strong>Viden‘</strong></span> <span class='ocrx_word' id='word_1_163' title='bbox 1754 2222 2027 2284; x_wconf 88' lang='lat' dir='ltr'><strong>quomodo</strong></span> <span class='ocrx_word' id='word_1_164' title='bbox 2058 2239 2160 2277; x_wconf 89' lang='lat' dir='ltr'><strong>nec</strong></span> <span class='ocrx_word' id='word_1_165' title='bbox 2192 2224 2356 2279; x_wconf 75' lang='lat' dir='ltr'><strong>frater</strong></span> 
     </span>
    </p>
   </div>
   <div class='ocr_carea' id='block_1_24' title="bbox 771 2294 2354 2385">
    <p class='ocr_par' dir='ltr' id='par_1_24' title="bbox 771 2294 2354 2385">
     <span class='ocr_line' id='line_1_24' title="bbox 771 2294 2354 2385; baseline 0.018 -40"><span class='ocrx_word' id='word_1_166' title='bbox 771 2299 891 2359; x_wconf 84' lang='lat' dir='ltr'><strong>est,</strong></span> <span class='ocrx_word' id='word_1_167' title='bbox 925 2294 1030 2350; x_wconf 89' lang='lat' dir='ltr'><strong>nisi</strong></span> <span class='ocrx_word' id='word_1_168' title='bbox 1062 2298 1178 2352; x_wconf 83' lang='lat' dir='ltr'><strong>solo</strong></span> <span class='ocrx_word' id='word_1_169' title='bbox 1231 2302 1499 2358; x_wconf 76' lang='lat' dir='ltr'><strong>nomine?</strong></span> <span class='ocrx_word' id='word_1_170' title='bbox 1535 2313 1588 2358; x_wconf 89' lang='lat' dir='ltr'><strong>et</strong></span> <span class='ocrx_word' id='word_1_171' title='bbox 1634 2307 1948 2365; x_wconf 88' lang='lat' dir='ltr'><strong>damnatum</strong></span> <span class='ocrx_word' id='word_1_172' title='bbox 1995 2330 2118 2369; x_wconf 87' lang='lat' dir='ltr'><strong>esse</strong></span> <span class='ocrx_word' id='word_1_173' title='bbox 2167 2317 2354 2385; x_wconf 86' lang='lat' dir='ltr'><strong>prodi-</strong></span> 
     </span>
    </p>
   </div>
   <div class='ocr_carea' id='block_1_25' title="bbox 773 2389 2352 2475">
    <p class='ocr_par' dir='ltr' id='par_1_25' title="bbox 773 2389 2352 2475">
     <span class='ocr_line' id='line_1_25' title="bbox 773 2389 2352 2475; baseline 0.018 -40"><span class='ocrx_word' id='word_1_174' title='bbox 773 2389 1254 2459; x_wconf 85' lang='lat' dir='ltr'><strong>torem,siquidem</strong></span> <span class='ocrx_word' id='word_1_175' title='bbox 1289 2393 1561 2452; x_wconf 85' lang='lat' dir='ltr'><strong>hominem</strong></span> <span class='ocrx_word' id='word_1_176' title='bbox 1596 2403 2169 2475; x_wconf 69' lang='lat' dir='ltr'><strong>peccandoJanqumu</strong></span> <span class='ocrx_word' id='word_1_177' title='bbox 2205 2427 2231 2462; x_wconf 91' lang='lat' dir='ltr'><strong>a</strong></span> <span class='ocrx_word' id='word_1_178' title='bbox 2270 2412 2352 2464; x_wconf 87' lang='lat' dir='ltr'><strong>via</strong></span> 
     </span>
    </p>
   </div>
   <div class='ocr_carea' id='block_1_26' title="bbox 771 2477 2354 2566">
    <p class='ocr_par' dir='ltr' id='par_1_26' title="bbox 771 2477 2354 2566">
     <span class='ocr_line' id='line_1_26' title="bbox 771 2477 2354 2566; baseline 0.018 -36"><span class='ocrx_word' id='word_1_179' title='bbox 771 2477 1148 2563; x_wconf 70' lang='lat' dir='ltr'><strong>deﬂectentem</strong></span> <span class='ocrx_word' id='word_1_180' title='bbox 1176 2526 1189 2550; x_wconf 92' lang='lat'><strong>,</strong></span> <span class='ocrx_word' id='word_1_181' title='bbox 1219 2497 1271 2563; x_wconf 89' lang='lat' dir='ltr'><strong>et</strong></span> <span class='ocrx_word' id='word_1_182' title='bbox 1309 2488 1656 2546; x_wconf 83' lang='lat' dir='ltr'><strong>aberrantem</strong></span> <span class='ocrx_word' id='word_1_183' title='bbox 1689 2535 1702 2556; x_wconf 87' lang='lat'>.</span> <span class='ocrx_word' id='word_1_184' title='bbox 1748 2496 2048 2566; x_wconf 80' lang='lat' dir='ltr'><strong>perfectum</strong></span> <span class='ocrx_word' id='word_1_185' title='bbox 2101 2501 2194 2557; x_wconf 87' lang='lat' dir='ltr'><strong>Dei</strong></span> <span class='ocrx_word' id='word_1_186' title='bbox 2249 2505 2354 2558; x_wconf 85' lang='lat' dir='ltr'><strong>ini-</strong></span> 
     </span>
    </p>
   </div>
   <div class='ocr_carea' id='block_1_27' title="bbox 777 2573 2353 2661">
    <p class='ocr_par' dir='ltr' id='par_1_27' title="bbox 777 2573 2353 2661">
     <span class='ocr_line' id='line_1_27' title="bbox 777 2573 2353 2661; baseline 0.017 -37"><span class='ocrx_word' id='word_1_187' title='bbox 777 2573 980 2627; x_wconf 86' lang='lat' dir='ltr'><strong>micum</strong></span> <span class='ocrx_word' id='word_1_188' title='bbox 1018 2575 1269 2631; x_wconf 76' lang='lat' dir='ltr'><strong>reddidit.</strong></span> <span class='ocrx_word' id='word_1_189' title='bbox 1312 2580 1416 2633; x_wconf 81' lang='lat' dir='ltr'><strong>Sed</strong></span> <span class='ocrx_word' id='word_1_190' title='bbox 1454 2585 1578 2639; x_wconf 89' lang='lat' dir='ltr'><strong>talis</strong></span> <span class='ocrx_word' id='word_1_191' title='bbox 1617 2586 1828 2652; x_wconf 82' lang='lat' dir='ltr'><strong>placide</strong></span> <span class='ocrx_word' id='word_1_192' title='bbox 1855 2594 2166 2661; x_wconf 79' lang='lat' dir='ltr'><strong>rogandus,</strong></span> <span class='ocrx_word' id='word_1_193' title='bbox 2206 2596 2353 2651; x_wconf 78' lang='lat' dir='ltr'><strong>futu-</strong></span> 
     </span>
    </p>
   </div>
   <div class='ocr_carea' id='block_1_28' title="bbox 771 2668 2353 2751">
    <p class='ocr_par' dir='ltr' id='par_1_28' title="bbox 771 2668 2353 2751">
     <span class='ocr_line' id='line_1_28' title="bbox 771 2668 2353 2751; baseline 0.019 -38"><span class='ocrx_word' id='word_1_194' title='bbox 771 2677 1066 2734; x_wconf 89' lang='lat' dir='ltr'><strong>rarumque</strong></span> <span class='ocrx_word' id='word_1_195' title='bbox 1134 2675 1188 2721; x_wconf 86' lang='lat' dir='ltr'><strong>et</strong></span> <span class='ocrx_word' id='word_1_196' title='bbox 1235 2668 1581 2729; x_wconf 83' lang='lat' dir='ltr'><strong>ltorribilium</strong></span> <span class='ocrx_word' id='word_1_197' title='bbox 1644 2691 1926 2745; x_wconf 64' lang='lat' dir='ltr'><strong>poenarum</strong></span> <span class='ocrx_word' id='word_1_198' title='bbox 1973 2688 2353 2751; x_wconf 77' lang='lat' dir='ltr'><strong>peccatoribus</strong></span> 
     </span>
    </p>
   </div>
   <div class='ocr_carea' id='block_1_29' title="bbox 768 2756 2354 2836">
    <p class='ocr_par' dir='ltr' id='par_1_29' title="bbox 768 2756 2354 2836">
     <span class='ocr_line' id='line_1_29' title="bbox 768 2756 2354 2836; baseline 0.014 -25"><span class='ocrx_word' id='word_1_199' title='bbox 768 2756 1112 2836; x_wconf 77' lang='lat' dir='ltr'><strong>decreturum</strong></span> <span class='ocrx_word' id='word_1_200' title='bbox 1153 2763 1568 2834; x_wconf 82' lang='lat' dir='ltr'><strong>redintegranda</strong></span> <span class='ocrx_word' id='word_1_201' title='bbox 1604 2768 1677 2822; x_wconf 90' lang='lat' dir='ltr'><strong>illi</strong></span> <span class='ocrx_word' id='word_1_202' title='bbox 1715 2774 1996 2836; x_wconf 88' lang='lat' dir='ltr'><strong>memoria,</strong></span> <span class='ocrx_word' id='word_1_203' title='bbox 2025 2785 2077 2828; x_wconf 90' lang='lat' dir='ltr'><strong>et</strong></span> <span class='ocrx_word' id='word_1_204' title='bbox 2112 2791 2354 2833; x_wconf 78' lang='lat' dir='ltr'><strong>commo-</strong></span> 
     </span>
    </p>
   </div>
   <div class='ocr_carea' id='block_1_30' title="bbox 771 2848 2353 2926">
    <p class='ocr_par' dir='ltr' id='par_1_30' title="bbox 771 2848 2353 2926">
     <span class='ocr_line' id='line_1_30' title="bbox 771 2848 2353 2926; baseline 0.016 -26"><span class='ocrx_word' id='word_1_205' title='bbox 771 2848 1128 2908; x_wconf 77' lang='lat' dir='ltr'><strong>iretaciendus</strong></span> <span class='ocrx_word' id='word_1_206' title='bbox 1153 2895 1165 2917; x_wconf 87' lang='lat'><strong>,</strong></span> <span class='ocrx_word' id='word_1_207' title='bbox 1210 2866 1305 2909; x_wconf 89' lang='lat' dir='ltr'><strong>aut</strong></span> <span class='ocrx_word' id='word_1_208' title='bbox 1334 2857 1532 2921; x_wconf 80' lang='lat' dir='ltr'><strong>instar</strong></span> <span class='ocrx_word' id='word_1_209' title='bbox 1567 2862 1696 2915; x_wconf 61' lang='lat' dir='ltr'><strong>caci</strong></span> <span class='ocrx_word' id='word_1_210' title='bbox 1748 2878 1910 2919; x_wconf 90' lang='lat' dir='ltr'><strong>manu</strong></span> <span class='ocrx_word' id='word_1_211' title='bbox 1958 2866 2240 2924; x_wconf 84' lang='lat' dir='ltr'><strong>ducendus</strong></span> <span class='ocrx_word' id='word_1_212' title='bbox 2273 2884 2353 2926; x_wconf 89' lang='lat' dir='ltr'><strong>est</strong></span> 
     </span>
    </p>
   </div>
   <div class='ocr_carea' id='block_1_31' title="bbox 771 2947 2354 3022">
    <p class='ocr_par' dir='ltr' id='par_1_31' title="bbox 771 2947 2354 3022">
     <span class='ocr_line' id='line_1_31' title="bbox 771 2947 2354 3022; baseline 0.016 -29"><span class='ocrx_word' id='word_1_213' title='bbox 771 2947 920 3007; x_wconf 75' lang='lat' dir='ltr'><strong>(nam</strong></span> <span class='ocrx_word' id='word_1_214' title='bbox 952 2947 1130 3001; x_wconf 90' lang='lat' dir='ltr'><strong>oculis</strong></span> <span class='ocrx_word' id='word_1_215' title='bbox 1157 2948 1377 3004; x_wconf 91' lang='lat' dir='ltr'><strong>orbatos</strong></span> <span class='ocrx_word' id='word_1_216' title='bbox 1409 2966 1514 3006; x_wconf 92' lang='lat' dir='ltr'><strong>non</strong></span> <span class='ocrx_word' id='word_1_217' title='bbox 1547 2955 1830 3022; x_wconf 88' lang='lat' dir='ltr'><strong>puuimus,</strong></span> <span class='ocrx_word' id='word_1_218' title='bbox 1868 2957 1962 3014; x_wconf 88' lang='lat' dir='ltr'><strong>sed</strong></span> <span class='ocrx_word' id='word_1_219' title='bbox 1999 2975 2160 3016; x_wconf 88' lang='lat' dir='ltr'><strong>manu</strong></span> <span class='ocrx_word' id='word_1_220' title='bbox 2196 2963 2354 3019; x_wconf 53' lang='lat' dir='ltr'><strong>duci.</strong></span> 
     </span>
    </p>
   </div>
   <div class='ocr_carea' id='block_1_32' title="bbox 770 3035 2351 3122">
    <p class='ocr_par' dir='ltr' id='par_1_32' title="bbox 770 3035 2351 3122">
     <span class='ocr_line' id='line_1_32' title="bbox 770 3035 2351 3122; baseline 0.016 -36"><span class='ocrx_word' id='word_1_221' title='bbox 770 3035 936 3102; x_wconf 86' lang='lat' dir='ltr'><strong>mus),</strong></span> <span class='ocrx_word' id='word_1_222' title='bbox 982 3049 1075 3091; x_wconf 90' lang='lat' dir='ltr'><strong>aut</strong></span> <span class='ocrx_word' id='word_1_223' title='bbox 1110 3048 1168 3094; x_wconf 92' lang='lat' dir='ltr'><strong>ut</strong></span> <span class='ocrx_word' id='word_1_224' title='bbox 1211 3041 1437 3098; x_wconf 88' lang='lat' dir='ltr'><strong>demens</strong></span> <span class='ocrx_word' id='word_1_225' title='bbox 1469 3047 1836 3116; x_wconf 81' lang='lat' dir='ltr'><strong>miserandus,</strong></span> <span class='ocrx_word' id='word_1_226' title='bbox 1862 3059 1921 3105; x_wconf 91' lang='lat' dir='ltr'><strong>ut</strong></span> <span class='ocrx_word' id='word_1_227' title='bbox 1951 3053 2041 3122; x_wconf 89' lang='lat' dir='ltr'><strong>qui</strong></span> <span class='ocrx_word' id='word_1_228' title='bbox 2073 3070 2101 3107; x_wconf 90' lang='lat' dir='ltr'><strong>a</strong></span> <span class='ocrx_word' id='word_1_229' title='bbox 2134 3056 2351 3110; x_wconf 80' lang='lat' dir='ltr'><strong>diabolo</strong></span> 
     </span>
    </p>
   </div>
   <div class='ocr_carea' id='block_1_33' title="bbox 2462 564 4053 636">
    <p class='ocr_par' dir='ltr' id='par_1_33' title="bbox 2462 564 4053 636">
     <span class='ocr_line' id='line_1_33' title="bbox 2462 564 4053 636; baseline 0.001 -19"><span class='ocrx_word' id='word_1_230' title='bbox 2462 579 2573 633; x_wconf 91' lang='lat' dir='ltr'><strong>quo</strong></span> <span class='ocrx_word' id='word_1_231' title='bbox 2626 564 2854 634; x_wconf 83' lang='lat' dir='ltr'><strong>spiritus</strong></span> <span class='ocrx_word' id='word_1_232' title='bbox 2909 564 3154 620; x_wconf 81' lang='lat' dir='ltr'><strong>salvetur</strong></span> <span class='ocrx_word' id='word_1_233' title='bbox 3183 565 3240 619; x_wconf 92' lang='lat' dir='ltr'><strong>in</strong></span> <span class='ocrx_word' id='word_1_234' title='bbox 3283 566 3370 620; x_wconf 88' lang='lat' dir='ltr'><strong>die</strong></span> <span class='ocrx_word' id='word_1_235' title='bbox 3425 564 3660 620; x_wconf 82' lang='lat' dir='ltr'><strong>Domini.</strong></span> <span class='ocrx_word' id='word_1_236' title='bbox 3692 564 3830 631; x_wconf 83' lang='lat' dir='ltr'><strong>Quid</strong></span> <span class='ocrx_word' id='word_1_237' title='bbox 3888 582 4053 636; x_wconf 76' lang='lat' dir='ltr'><strong>parm</strong></span> 
     </span>
    </p>
   </div>
   <div class='ocr_carea' id='block_1_34' title="bbox 2462 652 4044 722">
    <p class='ocr_par' dir='ltr' id='par_1_34' title="bbox 2462 652 4044 722">
     <span class='ocr_line' id='line_1_34' title="bbox 2462 652 4044 722; baseline 0.001 -16"><span class='ocrx_word' id='word_1_238' title='bbox 2462 653 2573 706; x_wconf 84' lang='lat' dir='ltr'><strong>vult</strong></span> <span class='ocrx_word' id='word_1_239' title='bbox 2602 653 2743 707; x_wconf 87' lang='lat' dir='ltr'><strong>tradi</strong></span> <span class='ocrx_word' id='word_1_240' title='bbox 2785 652 3000 708; x_wconf 73' lang='lat' dir='ltr'><strong>Satanze</strong></span> <span class='ocrx_word' id='word_1_241' title='bbox 3035 654 3090 708; x_wconf 90' lang='lat' dir='ltr'><strong>in</strong></span> <span class='ocrx_word' id='word_1_242' title='bbox 3127 654 3406 708; x_wconf 84' lang='lat' dir='ltr'><strong>interitum</strong></span> <span class='ocrx_word' id='word_1_243' title='bbox 3438 655 3619 708; x_wconf 83' lang='lat' dir='ltr'><strong>carnis</strong></span> <span class='ocrx_word' id='word_1_244' title='bbox 3642 656 3667 708; x_wconf 84' lang='lat'><strong>?</strong></span> <span class='ocrx_word' id='word_1_245' title='bbox 3715 664 3770 708; x_wconf 92' lang='lat' dir='ltr'><strong>ut</strong></span> <span class='ocrx_word' id='word_1_246' title='bbox 3812 657 4044 722; x_wconf 89' lang='lat' dir='ltr'><strong>morbis,</strong></span> 
     </span>
    </p>
   </div>
   <div class='ocr_carea' id='block_1_35' title="bbox 2459 746 4057 817">
    <p class='ocr_par' dir='ltr' id='par_1_35' title="bbox 2459 746 4057 817">
     <span class='ocr_line' id='line_1_35' title="bbox 2459 746 4057 817; baseline 0.001 -18"><span class='ocrx_word' id='word_1_247' title='bbox 2459 754 2510 799; x_wconf 86' lang='lat' dir='ltr'><strong>et</strong></span> <span class='ocrx_word' id='word_1_248' title='bbox 2546 746 2908 802; x_wconf 83' lang='lat' dir='ltr'><strong>incommodis</strong></span> <span class='ocrx_word' id='word_1_249' title='bbox 2928 790 2944 814; x_wconf 92' lang='lat'><strong>,</strong></span> <span class='ocrx_word' id='word_1_250' title='bbox 2970 756 3016 801; x_wconf 88' lang='lat' dir='ltr'><strong>et</strong></span> <span class='ocrx_word' id='word_1_251' title='bbox 3060 747 3343 802; x_wconf 84' lang='lat' dir='ltr'><strong>doloribus</strong></span> <span class='ocrx_word' id='word_1_252' title='bbox 3365 788 3379 813; x_wconf 91' lang='lat'><strong>,</strong></span> <span class='ocrx_word' id='word_1_253' title='bbox 3413 761 3464 802; x_wconf 88' lang='lat' dir='ltr'><strong>et</strong></span> <span class='ocrx_word' id='word_1_254' title='bbox 3494 748 3667 817; x_wconf 78' lang='lat' dir='ltr'><strong>plagis</strong></span> <span class='ocrx_word' id='word_1_255' title='bbox 3688 787 3703 812; x_wconf 90' lang='lat'><strong>,</strong></span> <span class='ocrx_word' id='word_1_256' title='bbox 3734 759 3787 801; x_wconf 85' lang='lat' dir='ltr'><strong>et</strong></span> <span class='ocrx_word' id='word_1_257' title='bbox 3816 749 4057 802; x_wconf 82' lang='lat' dir='ltr'><strong>vulneri-</strong></span> 
     </span>
    </p>
   </div>
   <div class='ocr_carea' id='block_1_36' title="bbox 2460 841 4049 911">
    <p class='ocr_par' dir='ltr' id='par_1_36' title="bbox 2460 841 4049 911">
     <span class='ocr_line' id='line_1_36' title="bbox 2460 841 4049 911; baseline 0 -17"><span class='ocrx_word' id='word_1_258' title='bbox 2460 841 2560 896; x_wconf 91' lang='lat' dir='ltr'><strong>bus</strong></span> <span class='ocrx_word' id='word_1_259' title='bbox 2603 857 2740 911; x_wconf 85' lang='lat' dir='ltr'><strong>pene</strong></span> <span class='ocrx_word' id='word_1_260' title='bbox 2794 842 3312 906; x_wconf 82' lang='lat' dir='ltr'><strong>immedicabilibns,</strong></span> <span class='ocrx_word' id='word_1_261' title='bbox 3348 852 3401 897; x_wconf 89' lang='lat' dir='ltr'><strong>et</strong></span> <span class='ocrx_word' id='word_1_262' title='bbox 3435 844 3621 904; x_wconf 89' lang='lat' dir='ltr'><strong>variis,</strong></span> <span class='ocrx_word' id='word_1_263' title='bbox 3664 851 3827 910; x_wconf 88' lang='lat' dir='ltr'><strong>atque</strong></span> <span class='ocrx_word' id='word_1_264' title='bbox 3864 844 4049 894; x_wconf 74' lang='lat' dir='ltr'><strong>omni-</strong></span> 
     </span>
    </p>
   </div>
   <div class='ocr_carea' id='block_1_37' title="bbox 2457 933 4046 1005">
    <p class='ocr_par' dir='ltr' id='par_1_37' title="bbox 2457 933 4046 1005">
     <span class='ocr_line' id='line_1_37' title="bbox 2457 933 4046 1005; baseline 0.001 -19"><span class='ocrx_word' id='word_1_265' title='bbox 2457 935 2612 1003; x_wconf 89' lang='lat' dir='ltr'><strong>geuis</strong></span> <span class='ocrx_word' id='word_1_266' title='bbox 2664 933 3128 989; x_wconf 85' lang='lat' dir='ltr'><strong>invaletudinibus</strong></span> <span class='ocrx_word' id='word_1_267' title='bbox 3167 951 3367 1005; x_wconf 88' lang='lat' dir='ltr'><strong>corpus</strong></span> <span class='ocrx_word' id='word_1_268' title='bbox 3414 937 3652 1003; x_wconf 67' lang='lat' dir='ltr'><strong>jaitetur</strong></span> <span class='ocrx_word' id='word_1_269' title='bbox 3691 949 3754 987; x_wconf 91' lang='lat' dir='ltr'><strong>ac</strong></span> <span class='ocrx_word' id='word_1_270' title='bbox 3796 935 4046 987; x_wconf 83' lang='lat' dir='ltr'><strong>lancine-</strong></span> 
     </span>
    </p>
   </div>
   <div class='ocr_carea' id='block_1_38' title="bbox 2459 1024 4053 1095">
    <p class='ocr_par' dir='ltr' id='par_1_38' title="bbox 2459 1024 4053 1095">
     <span class='ocr_line' id='line_1_38' title="bbox 2459 1024 4053 1095; baseline 0.001 -18"><span class='ocrx_word' id='word_1_271' title='bbox 2459 1033 2567 1089; x_wconf 93' lang='lat' dir='ltr'><strong>tur,</strong></span> <span class='ocrx_word' id='word_1_272' title='bbox 2600 1025 3062 1094; x_wconf 81' lang='lat' dir='ltr'><strong>quemadmodum</strong></span> <span class='ocrx_word' id='word_1_273' title='bbox 3111 1026 3360 1080; x_wconf 78' lang='lat' dir='ltr'><strong>diabolus</strong></span> <span class='ocrx_word' id='word_1_274' title='bbox 3413 1024 3514 1079; x_wconf 86' lang='lat' dir='ltr'><strong>Joh</strong></span> <span class='ocrx_word' id='word_1_275' title='bbox 3555 1026 3830 1095; x_wconf 82' lang='lat' dir='ltr'><strong>percussit</strong></span> <span class='ocrx_word' id='word_1_276' title='bbox 3867 1025 4053 1079; x_wconf 79' lang='lat' dir='ltr'><strong>ulcera</strong></span> 
     </span>
    </p>
   </div>
   <div class='ocr_carea' id='block_1_39' title="bbox 2458 1117 4055 1187">
    <p class='ocr_par' dir='ltr' id='par_1_39' title="bbox 2458 1117 4055 1187">
     <span class='ocr_line' id='line_1_39' title="bbox 2458 1117 4055 1187; baseline 0.001 -18"><span class='ocrx_word' id='word_1_277' title='bbox 2458 1117 2714 1185; x_wconf 87' lang='lat' dir='ltr'><strong>pessimo,</strong></span> <span class='ocrx_word' id='word_1_278' title='bbox 2751 1133 2780 1171; x_wconf 92' lang='lat' dir='ltr'><strong>a</strong></span> <span class='ocrx_word' id='word_1_279' title='bbox 2839 1118 3069 1187; x_wconf 87' lang='lat' dir='ltr'><strong>pedibus</strong></span> <span class='ocrx_word' id='word_1_280' title='bbox 3117 1133 3290 1187; x_wconf 88' lang='lat' dir='ltr'><strong>usque</strong></span> <span class='ocrx_word' id='word_1_281' title='bbox 3339 1118 3406 1172; x_wconf 87' lang='lat' dir='ltr'><strong>ad</strong></span> <span class='ocrx_word' id='word_1_282' title='bbox 3444 1119 3703 1172; x_wconf 80' lang='lat' dir='ltr'><strong>verticem</strong></span> <span class='ocrx_word' id='word_1_283' title='bbox 3761 1135 3774 1170; x_wconf 90' lang='lat'><strong>:</strong></span> <span class='ocrx_word' id='word_1_284' title='bbox 3815 1126 3872 1170; x_wconf 92' lang='lat' dir='ltr'><strong>ut</strong></span> <span class='ocrx_word' id='word_1_285' title='bbox 3927 1133 4055 1187; x_wconf 87' lang='lat' dir='ltr'><strong>pro-</strong></span> 
     </span>
    </p>
   </div>
   <div class='ocr_carea' id='block_1_40' title="bbox 2459 1210 4056 1280">
    <p class='ocr_par' dir='ltr' id='par_1_40' title="bbox 2459 1210 4056 1280">
     <span class='ocr_line' id='line_1_40' title="bbox 2459 1210 4056 1280; baseline 0 -18"><span class='ocrx_word' id='word_1_286' title='bbox 2459 1221 2575 1278; x_wconf 88' lang='lat' dir='ltr'><strong>pter</strong></span> <span class='ocrx_word' id='word_1_287' title='bbox 2623 1210 3009 1264; x_wconf 88' lang='lat' dir='ltr'><strong>contritioncm</strong></span> <span class='ocrx_word' id='word_1_288' title='bbox 3065 1211 3316 1280; x_wconf 88' lang='lat' dir='ltr'><strong>corporis</strong></span> <span class='ocrx_word' id='word_1_289' title='bbox 3369 1226 3682 1280; x_wconf 75' lang='lat' dir='ltr'><strong>quanquam</strong></span> <span class='ocrx_word' id='word_1_290' title='bbox 3739 1212 3894 1264; x_wconf 86' lang='lat' dir='ltr'><strong>inviti</strong></span> <span class='ocrx_word' id='word_1_291' title='bbox 3966 1226 4056 1265; x_wconf 83' lang='lat' dir='ltr'><strong>sa-</strong></span> 
     </span>
    </p>
   </div>
   <div class='ocr_carea' id='block_1_41' title="bbox 2459 1287 4072 1371">
    <p class='ocr_par' dir='ltr' id='par_1_41' title="bbox 2459 1287 4072 1371">
     <span class='ocr_line' id='line_1_41' title="bbox 2459 1287 4072 1371; baseline 0 -17"><span class='ocrx_word' id='word_1_292' title='bbox 2459 1301 2649 1371; x_wconf 91' lang='lat' dir='ltr'><strong>piant,</strong></span> <span class='ocrx_word' id='word_1_293' title='bbox 2682 1310 2738 1355; x_wconf 89' lang='lat' dir='ltr'><strong>et</strong></span> <span class='ocrx_word' id='word_1_294' title='bbox 2770 1302 2914 1370; x_wconf 89' lang='lat' dir='ltr'><strong>quod</strong></span> <span class='ocrx_word' id='word_1_295' title='bbox 2961 1303 3079 1355; x_wconf 89' lang='lat' dir='ltr'><strong>sani</strong></span> <span class='ocrx_word' id='word_1_296' title='bbox 3128 1301 3446 1370; x_wconf 79' lang='lat' dir='ltr'><strong>refugerunt</strong></span> <span class='ocrx_word' id='word_1_297' title='bbox 3480 1343 3494 1364; x_wconf 90' lang='lat'><strong>,</strong></span> <span class='ocrx_word' id='word_1_298' title='bbox 3543 1317 3666 1355; x_wconf 90' lang='lat' dir='ltr'><strong>cum</strong></span> <span class='ocrx_word' id='word_1_299' title='bbox 3715 1287 4072 1371; x_wconf 41' lang='lat' dir='ltr'><strong>gemitibus,</strong></span> 
     </span>
    </p>
   </div>
   <div class='ocr_carea' id='block_1_42' title="bbox 2457 1393 4050 1464">
    <p class='ocr_par' dir='ltr' id='par_1_42' title="bbox 2457 1393 4050 1464">
     <span class='ocr_line' id='line_1_42' title="bbox 2457 1393 4050 1464; baseline 0.001 -17"><span class='ocrx_word' id='word_1_300' title='bbox 2457 1394 2815 1463; x_wconf 85' lang='lat' dir='ltr'><strong>cruciatuque</strong></span> <span class='ocrx_word' id='word_1_301' title='bbox 2840 1404 3115 1464; x_wconf 75' lang='lat' dir='ltr'><strong>praestent.</strong></span> <span class='ocrx_word' id='word_1_302' title='bbox 3178 1393 3318 1449; x_wconf 87' lang='lat' dir='ltr'><strong>Deus</strong></span> <span class='ocrx_word' id='word_1_303' title='bbox 3369 1394 3514 1447; x_wconf 90' lang='lat' dir='ltr'><strong>enim</strong></span> <span class='ocrx_word' id='word_1_304' title='bbox 3547 1395 3726 1447; x_wconf 82' lang='lat' dir='ltr'><strong>anima</strong></span> <span class='ocrx_word' id='word_1_305' title='bbox 3761 1405 4050 1464; x_wconf 84' lang='lat' dir='ltr'><strong>peccante,</strong></span> 
     </span>
    </p>
   </div>
   <div class='ocr_carea' id='block_1_43' title="bbox 2456 1488 4055 1560">
    <p class='ocr_par' dir='ltr' id='par_1_43' title="bbox 2456 1488 4055 1560">
     <span class='ocr_line' id='line_1_43' title="bbox 2456 1488 4055 1560; baseline -0.001 -16"><span class='ocrx_word' id='word_1_306' title='bbox 2456 1504 2654 1558; x_wconf 90' lang='lat' dir='ltr'><strong>corpus</strong></span> <span class='ocrx_word' id='word_1_307' title='bbox 2684 1489 2751 1544; x_wconf 85' lang='lat' dir='ltr'><strong>ad</strong></span> <span class='ocrx_word' id='word_1_308' title='bbox 2787 1505 3002 1560; x_wconf 71' lang='lat' dir='ltr'><strong>ptenam</strong></span> <span class='ocrx_word' id='word_1_309' title='bbox 3046 1498 3227 1544; x_wconf 88' lang='lat' dir='ltr'><strong>vocat.</strong></span> <span class='ocrx_word' id='word_1_310' title='bbox 3263 1488 3586 1544; x_wconf 82' lang='lat' dir='ltr'><strong>Sanetitudo</strong></span> <span class='ocrx_word' id='word_1_311' title='bbox 3621 1497 3800 1542; x_wconf 84' lang='lat' dir='ltr'><strong>autem</strong></span> <span class='ocrx_word' id='word_1_312' title='bbox 3849 1488 4055 1542; x_wconf 64' lang='lat' dir='ltr'><strong>divina</strong></span> 
     </span>
    </p>
   </div>
   <div class='ocr_carea' id='block_1_44' title="bbox 2459 1579 4053 1649">
    <p class='ocr_par' dir='ltr' id='par_1_44' title="bbox 2459 1579 4053 1649">
     <span class='ocr_line' id='line_1_44' title="bbox 2459 1579 4053 1649; baseline -0.001 -15"><span class='ocrx_word' id='word_1_313' title='bbox 2459 1580 2865 1636; x_wconf 88' lang='lat' dir='ltr'><strong>communionis</strong></span> <span class='ocrx_word' id='word_1_314' title='bbox 2914 1589 3137 1649; x_wconf 83' lang='lat' dir='ltr'><strong>peccata</strong></span> <span class='ocrx_word' id='word_1_315' title='bbox 3197 1579 3560 1649; x_wconf 87' lang='lat' dir='ltr'><strong>dispellendi,</strong></span> <span class='ocrx_word' id='word_1_316' title='bbox 3611 1581 3918 1642; x_wconf 62' lang='lat' dir='ltr'><strong>anime-inc</strong></span> <span class='ocrx_word' id='word_1_317' title='bbox 3983 1582 4053 1632; x_wconf 87' lang='lat' dir='ltr'><strong>ab</strong></span> 
     </span>
    </p>
   </div>
   <div class='ocr_carea' id='block_1_45' title="bbox 2460 1670 4054 1741">
    <p class='ocr_par' dir='ltr' id='par_1_45' title="bbox 2460 1670 4054 1741">
     <span class='ocr_line' id='line_1_45' title="bbox 2460 1670 4054 1741; baseline 0 -17"><span class='ocrx_word' id='word_1_318' title='bbox 2460 1671 2790 1736; x_wconf 79' lang='lat' dir='ltr'><strong>allectione,</strong></span> <span class='ocrx_word' id='word_1_319' title='bbox 2843 1681 2895 1726; x_wconf 89' lang='lat' dir='ltr'><strong>et</strong></span> <span class='ocrx_word' id='word_1_320' title='bbox 2945 1673 3182 1741; x_wconf 90' lang='lat' dir='ltr'><strong>impulsu</strong></span> <span class='ocrx_word' id='word_1_321' title='bbox 3241 1671 3306 1724; x_wconf 89' lang='lat' dir='ltr'><strong>ad</strong></span> <span class='ocrx_word' id='word_1_322' title='bbox 3355 1685 3417 1725; x_wconf 88' lang='lat' dir='ltr'><strong>ea</strong></span> <span class='ocrx_word' id='word_1_323' title='bbox 3471 1670 3764 1739; x_wconf 72' lang='lat' dir='ltr'><strong>purganda:</strong></span> <span class='ocrx_word' id='word_1_324' title='bbox 3823 1672 3930 1722; x_wconf 80' lang='lat' dir='ltr'><strong>vim</strong></span> <span class='ocrx_word' id='word_1_325' title='bbox 3989 1684 4054 1724; x_wconf 86' lang='lat' dir='ltr'><strong>ac</strong></span> 
     </span>
    </p>
   </div>
   <div class='ocr_carea' id='block_1_46' title="bbox 2463 1762 4047 1833">
    <p class='ocr_par' dir='ltr' id='par_1_46' title="bbox 2463 1762 4047 1833">
     <span class='ocr_line' id='line_1_46' title="bbox 2463 1762 4047 1833; baseline -0.003 -14"><span class='ocrx_word' id='word_1_326' title='bbox 2463 1773 2782 1833; x_wconf 81' lang='lat' dir='ltr'><strong>potestatem</strong></span> <span class='ocrx_word' id='word_1_327' title='bbox 2839 1764 3070 1817; x_wconf 83' lang='lat' dir='ltr'><strong>validam</strong></span> <span class='ocrx_word' id='word_1_328' title='bbox 3121 1762 3301 1817; x_wconf 86' lang='lat' dir='ltr'><strong>habet.</strong></span> <span class='ocrx_word' id='word_1_329' title='bbox 3360 1762 3426 1816; x_wconf 81' lang='lat' dir='ltr'><strong>Et</strong></span> <span class='ocrx_word' id='word_1_330' title='bbox 3478 1764 3621 1817; x_wconf 89' lang='lat' dir='ltr'><strong>sicut</strong></span> <span class='ocrx_word' id='word_1_331' title='bbox 3669 1765 3720 1816; x_wconf 90' lang='lat' dir='ltr'><strong>in</strong></span> <span class='ocrx_word' id='word_1_332' title='bbox 3769 1778 3878 1816; x_wconf 92' lang='lat' dir='ltr'><strong>uno</strong></span> <span class='ocrx_word' id='word_1_333' title='bbox 3913 1777 4047 1816; x_wconf 81' lang='lat' dir='ltr'><strong>vase</strong></span> 
     </span>
    </p>
   </div>
   <div class='ocr_carea' id='block_1_47' title="bbox 2464 1857 4052 1928">
    <p class='ocr_par' dir='ltr' id='par_1_47' title="bbox 2464 1857 4052 1928">
     <span class='ocr_line' id='line_1_47' title="bbox 2464 1857 4052 1928; baseline -0.003 -16"><span class='ocrx_word' id='word_1_334' title='bbox 2464 1859 2603 1928; x_wconf 81' lang='lat' dir='ltr'><strong>ignis</strong></span> <span class='ocrx_word' id='word_1_335' title='bbox 2630 1899 2642 1922; x_wconf 95' lang='lat'><strong>,</strong></span> <span class='ocrx_word' id='word_1_336' title='bbox 2677 1869 2727 1911; x_wconf 90' lang='lat' dir='ltr'><strong>et</strong></span> <span class='ocrx_word' id='word_1_337' title='bbox 2763 1873 2901 1926; x_wconf 84' lang='lat' dir='ltr'><strong>aqua</strong></span> <span class='ocrx_word' id='word_1_338' title='bbox 2936 1857 3098 1910; x_wconf 89' lang='lat' dir='ltr'><strong>simul</strong></span> <span class='ocrx_word' id='word_1_339' title='bbox 3131 1872 3251 1911; x_wconf 88' lang='lat' dir='ltr'><strong>esse</strong></span> <span class='ocrx_word' id='word_1_340' title='bbox 3287 1871 3562 1926; x_wconf 75' lang='lat' dir='ltr'><strong>nequeunt</strong></span> <span class='ocrx_word' id='word_1_341' title='bbox 3601 1875 3614 1910; x_wconf 75' lang='grc' dir='ltr'>ε</span> <span class='ocrx_word' id='word_1_342' title='bbox 3648 1870 3718 1909; x_wconf 83' lang='lat' dir='ltr'><strong>ita</strong></span> <span class='ocrx_word' id='word_1_343' title='bbox 3756 1871 3856 1910; x_wconf 88' lang='lat' dir='ltr'><strong>nec</strong></span> <span class='ocrx_word' id='word_1_344' title='bbox 3886 1871 4052 1909; x_wconf 81' lang='lat' dir='ltr'><strong>mun-</strong></span> 
     </span>
    </p>
   </div>
   <div class='ocr_carea' id='block_1_48' title="bbox 2463 1949 4047 2018">
    <p class='ocr_par' dir='ltr' id='par_1_48' title="bbox 2463 1949 4047 2018">
     <span class='ocr_line' id='line_1_48' title="bbox 2463 1949 4047 2018; baseline -0.002 -15"><span class='ocrx_word' id='word_1_345' title='bbox 2463 1951 2746 2005; x_wconf 84' lang='lat' dir='ltr'><strong>dissioiutu</strong></span> <span class='ocrx_word' id='word_1_346' title='bbox 2791 1949 2997 2003; x_wconf 78' lang='lat' dir='ltr'><strong>Christi</strong></span> <span class='ocrx_word' id='word_1_347' title='bbox 3030 1965 3232 2018; x_wconf 89' lang='lat' dir='ltr'><strong>corpus</strong></span> <span class='ocrx_word' id='word_1_348' title='bbox 3263 1993 3275 2013; x_wconf 91' lang='lat'><strong>,</strong></span> <span class='ocrx_word' id='word_1_349' title='bbox 3303 1958 3354 2002; x_wconf 86' lang='lat' dir='ltr'><strong>et</strong></span> <span class='ocrx_word' id='word_1_350' title='bbox 3385 1949 3712 2004; x_wconf 66' lang='lat' dir='ltr'><strong>detestabiie</strong></span> <span class='ocrx_word' id='word_1_351' title='bbox 3759 1959 4047 2016; x_wconf 86' lang='lat' dir='ltr'><strong>peccatum</strong></span> 
     </span>
    </p>
   </div>
   <div class='ocr_carea' id='block_1_49' title="bbox 2463 2041 4046 2111">
    <p class='ocr_par' dir='ltr' id='par_1_49' title="bbox 2463 2041 4046 2111">
     <span class='ocr_line' id='line_1_49' title="bbox 2463 2041 4046 2111; baseline 0.001 -17"><span class='ocrx_word' id='word_1_352' title='bbox 2463 2041 2516 2095; x_wconf 88' lang='lat' dir='ltr'><strong>in</strong></span> <span class='ocrx_word' id='word_1_353' title='bbox 2547 2058 2656 2096; x_wconf 89' lang='lat' dir='ltr'><strong>uno</strong></span> <span class='ocrx_word' id='word_1_354' title='bbox 2699 2044 3002 2110; x_wconf 84' lang='lat' dir='ltr'><strong>eodemque</strong></span> <span class='ocrx_word' id='word_1_355' title='bbox 3054 2043 3375 2096; x_wconf 76' lang='lat' dir='ltr'><strong>christiano.</strong></span> <span class='ocrx_word' id='word_1_356' title='bbox 3427 2041 3583 2107; x_wconf 85' lang='lat' dir='ltr'><strong>Quod</strong></span> <span class='ocrx_word' id='word_1_357' title='bbox 3616 2043 3660 2096; x_wconf 91' lang='lat' dir='ltr'><strong>si</strong></span> <span class='ocrx_word' id='word_1_358' title='bbox 3697 2057 3884 2096; x_wconf 86' lang='lat' dir='ltr'><strong>amore</strong></span> <span class='ocrx_word' id='word_1_359' title='bbox 3920 2058 4046 2111; x_wconf 84' lang='lat' dir='ltr'><strong>pec-</strong></span> 
     </span>
    </p>
   </div>
   <div class='ocr_carea' id='block_1_50' title="bbox 2460 2133 4047 2198">
    <p class='ocr_par' dir='ltr' id='par_1_50' title="bbox 2460 2133 4047 2198">
     <span class='ocr_line' id='line_1_50' title="bbox 2460 2133 4047 2198; baseline -0.001 -9"><span class='ocrx_word' id='word_1_360' title='bbox 2460 2134 2616 2189; x_wconf 89' lang='lat' dir='ltr'><strong>candi</strong></span> <span class='ocrx_word' id='word_1_361' title='bbox 2682 2135 2970 2198; x_wconf 80' lang='lat' dir='ltr'><strong>irretitus,</strong></span> <span class='ocrx_word' id='word_1_362' title='bbox 3025 2135 3152 2188; x_wconf 84' lang='lat' dir='ltr'><strong>dum</strong></span> <span class='ocrx_word' id='word_1_363' title='bbox 3218 2145 3460 2190; x_wconf 89' lang='lat' dir='ltr'><strong>sanctam</strong></span> <span class='ocrx_word' id='word_1_364' title='bbox 3511 2133 3715 2188; x_wconf 81' lang='lat' dir='ltr'><strong>Christi</strong></span> <span class='ocrx_word' id='word_1_365' title='bbox 3780 2148 4047 2195; x_wconf 83' lang='lat' dir='ltr'><strong>carnem,</strong></span> 
     </span>
    </p>
   </div>
   <div class='ocr_carea' id='block_1_51' title="bbox 2461 2227 4046 2296">
    <p class='ocr_par' dir='ltr' id='par_1_51' title="bbox 2461 2227 4046 2296">
     <span class='ocr_line' id='line_1_51' title="bbox 2461 2227 4046 2296; baseline 0 -16"><span class='ocrx_word' id='word_1_366' title='bbox 2461 2227 2914 2296; x_wconf 87' lang='lat' dir='ltr'><strong>impollututnque</strong></span> <span class='ocrx_word' id='word_1_367' title='bbox 2978 2227 3297 2295; x_wconf 74' lang='lat' dir='ltr'><strong>sanguinem</strong></span> <span class='ocrx_word' id='word_1_368' title='bbox 3353 2228 3680 2296; x_wconf 85' lang='lat' dir='ltr'><strong>participat,</strong></span> <span class='ocrx_word' id='word_1_369' title='bbox 3729 2228 3878 2281; x_wconf 91' lang='lat' dir='ltr'><strong>iliico</strong></span> <span class='ocrx_word' id='word_1_370' title='bbox 3941 2243 4046 2282; x_wconf 88' lang='lat' dir='ltr'><strong>non</strong></span> 
     </span>
    </p>
   </div>
   <div class='ocr_carea' id='block_1_52' title="bbox 2461 2315 4036 2382">
    <p class='ocr_par' dir='ltr' id='par_1_52' title="bbox 2461 2315 4036 2382">
     <span class='ocr_line' id='line_1_52' title="bbox 2461 2315 4036 2382; baseline 0.001 -12"><span class='ocrx_word' id='word_1_371' title='bbox 2461 2315 2687 2382; x_wconf 91' lang='lat' dir='ltr'><strong>interit,</strong></span> <span class='ocrx_word' id='word_1_372' title='bbox 2734 2318 2807 2370; x_wconf 88' lang='lat' dir='ltr'><strong>ibi</strong></span> <span class='ocrx_word' id='word_1_373' title='bbox 2840 2326 3017 2370; x_wconf 85' lang='lat' dir='ltr'><strong>tamen</strong></span> <span class='ocrx_word' id='word_1_374' title='bbox 3052 2318 3386 2379; x_wconf 80' lang='lat' dir='ltr'><strong>reconditur,</strong></span> <span class='ocrx_word' id='word_1_375' title='bbox 3434 2317 3522 2369; x_wconf 81' lang='lat' dir='ltr'><strong>ubi</strong></span> <span class='ocrx_word' id='word_1_376' title='bbox 3564 2323 3747 2372; x_wconf 78' lang='lat' dir='ltr'><strong>vermis</strong></span> <span class='ocrx_word' id='word_1_377' title='bbox 3780 2334 3885 2371; x_wconf 80' lang='lat' dir='ltr'><strong>non</strong></span> <span class='ocrx_word' id='word_1_378' title='bbox 3925 2336 4036 2371; x_wconf 85' lang='lat' dir='ltr'><strong>mo-</strong></span> 
     </span>
    </p>
   </div>
   <div class='ocr_carea' id='block_1_53' title="bbox 2459 2411 4042 2481">
    <p class='ocr_par' dir='ltr' id='par_1_53' title="bbox 2459 2411 4042 2481">
     <span class='ocr_line' id='line_1_53' title="bbox 2459 2411 4042 2481; baseline 0.001 -19"><span class='ocrx_word' id='word_1_379' title='bbox 2459 2412 2638 2476; x_wconf 84' lang='lat' dir='ltr'><strong>ritur,</strong></span> <span class='ocrx_word' id='word_1_380' title='bbox 2671 2421 2718 2464; x_wconf 85' lang='lat' dir='ltr'><strong>et</strong></span> <span class='ocrx_word' id='word_1_381' title='bbox 2771 2413 2904 2481; x_wconf 79' lang='lat' dir='ltr'><strong>ignis</strong></span> <span class='ocrx_word' id='word_1_382' title='bbox 2949 2428 3052 2463; x_wconf 83' lang='lat' dir='ltr'><strong>non</strong></span> <span class='ocrx_word' id='word_1_383' title='bbox 3103 2412 3454 2480; x_wconf 67' lang='lat' dir='ltr'><strong>exstinguitur</strong></span> <span class='ocrx_word' id='word_1_384' title='bbox 3505 2412 3550 2443; x_wconf 81' lang='lat'><em>&quot;</em></span> <span class='ocrx_word' id='word_1_385' title='bbox 3609 2453 3620 2465; x_wconf 92' lang='lat'><strong>.</strong></span> <span class='ocrx_word' id='word_1_386' title='bbox 3674 2411 4042 2477; x_wconf 78' lang='lat' dir='ltr'><strong>Quamobrem</strong></span> 
     </span>
    </p>
   </div>
   <div class='ocr_carea' id='block_1_54' title="bbox 2459 2501 4038 2557">
    <p class='ocr_par' dir='ltr' id='par_1_54' title="bbox 2459 2501 4038 2557">
     <span class='ocr_line' id='line_1_54' title="bbox 2459 2501 4038 2557; baseline -0.001 -1"><span class='ocrx_word' id='word_1_387' title='bbox 2459 2504 2503 2556; x_wconf 83' lang='lat' dir='ltr'><strong>sl</strong></span> <span class='ocrx_word' id='word_1_388' title='bbox 2571 2501 2696 2556; x_wconf 84' lang='lat' dir='ltr'><strong>talis</strong></span> <span class='ocrx_word' id='word_1_389' title='bbox 2762 2503 2812 2553; x_wconf 89' lang='lat' dir='ltr'><strong>iu</strong></span> <span class='ocrx_word' id='word_1_390' title='bbox 2882 2518 3100 2557; x_wconf 84' lang='lat' dir='ltr'><strong>omnem</strong></span> <span class='ocrx_word' id='word_1_391' title='bbox 3183 2504 3539 2557; x_wconf 60' lang='lat' dir='ltr'><strong>aeternitatem</strong></span> <span class='ocrx_word' id='word_1_392' title='bbox 3613 2518 3736 2557; x_wconf 90' lang='lat' dir='ltr'><strong>cum</strong></span> <span class='ocrx_word' id='word_1_393' title='bbox 3816 2503 4038 2556; x_wconf 80' lang='lat' dir='ltr'><strong>diabolo</strong></span> 
     </span>
    </p>
   </div>
   <div class='ocr_carea' id='block_1_55' title="bbox 2460 2594 4042 2664">
    <p class='ocr_par' dir='ltr' id='par_1_55' title="bbox 2460 2594 4042 2664">
     <span class='ocr_line' id='line_1_55' title="bbox 2460 2594 4042 2664; baseline -0.001 -16"><span class='ocrx_word' id='word_1_394' title='bbox 2460 2595 2635 2664; x_wconf 74' lang='lat' dir='ltr'><strong>ignem</strong></span> <span class='ocrx_word' id='word_1_395' title='bbox 2692 2595 2930 2661; x_wconf 80' lang='lat' dir='ltr'><strong>periei-rc</strong></span> <span class='ocrx_word' id='word_1_396' title='bbox 2976 2602 3193 2664; x_wconf 84' lang='lat' dir='ltr'><strong>potest,</strong></span> <span class='ocrx_word' id='word_1_397' title='bbox 3249 2594 3515 2664; x_wconf 74' lang='lat' dir='ltr'><strong>intrepido</strong></span> <span class='ocrx_word' id='word_1_398' title='bbox 3564 2594 3878 2663; x_wconf 84' lang='lat' dir='ltr'><strong>partieipet.</strong></span> <span class='ocrx_word' id='word_1_399' title='bbox 3949 2595 4042 2648; x_wconf 91' lang='lat' dir='ltr'><strong>Sin</strong></span> 
     </span>
    </p>
   </div>
   <div class='ocr_carea' id='block_1_56' title="bbox 2459 2687 4050 2756">
    <p class='ocr_par' dir='ltr' id='par_1_56' title="bbox 2459 2687 4050 2756">
     <span class='ocr_line' id='line_1_56' title="bbox 2459 2687 4050 2756; baseline 0 -16"><span class='ocrx_word' id='word_1_400' title='bbox 2459 2690 2657 2750; x_wconf 83' lang='lat' dir='ltr'><strong>autem,</strong></span> <span class='ocrx_word' id='word_1_401' title='bbox 2692 2690 2908 2755; x_wconf 68' lang='lat' dir='ltr'><strong>expedit</strong></span> <span class='ocrx_word' id='word_1_402' title='bbox 2950 2688 2998 2741; x_wconf 89' lang='lat' dir='ltr'><strong>ei</strong></span> <span class='ocrx_word' id='word_1_403' title='bbox 3050 2687 3114 2740; x_wconf 88' lang='lat' dir='ltr'><strong>:ul</strong></span> <span class='ocrx_word' id='word_1_404' title='bbox 3163 2698 3374 2756; x_wconf 86' lang='lat' dir='ltr'><strong>tempus</strong></span> <span class='ocrx_word' id='word_1_405' title='bbox 3409 2703 3437 2741; x_wconf 90' lang='lat' dir='ltr'><strong>a</strong></span> <span class='ocrx_word' id='word_1_406' title='bbox 3476 2702 3632 2741; x_wconf 89' lang='lat' dir='ltr'><strong>sacra</strong></span> <span class='ocrx_word' id='word_1_407' title='bbox 3659 2691 4050 2741; x_wconf 82' lang='lat' dir='ltr'><strong>communione</strong></span> 
     </span>
    </p>
   </div>
   <div class='ocr_carea' id='block_1_57' title="bbox 2459 2777 4053 2848">
    <p class='ocr_par' dir='ltr' id='par_1_57' title="bbox 2459 2777 4053 2848">
     <span class='ocr_line' id='line_1_57' title="bbox 2459 2777 4053 2848; baseline -0.001 -16"><span class='ocrx_word' id='word_1_408' title='bbox 2459 2780 2680 2844; x_wconf 83' lang='lat' dir='ltr'><strong>arceti,</strong></span> <span class='ocrx_word' id='word_1_409' title='bbox 2731 2789 2783 2832; x_wconf 88' lang='lat' dir='ltr'><strong>et</strong></span> <span class='ocrx_word' id='word_1_410' title='bbox 2838 2779 3146 2847; x_wconf 77' lang='lat' dir='ltr'><strong>pamitere,</strong></span> <span class='ocrx_word' id='word_1_411' title='bbox 3197 2780 3321 2832; x_wconf 88' lang='lat' dir='ltr'><strong>item</strong></span> <span class='ocrx_word' id='word_1_412' title='bbox 3381 2777 3702 2846; x_wconf 83' lang='lat' dir='ltr'><strong>aliquandiu</strong></span> <span class='ocrx_word' id='word_1_413' title='bbox 3762 2779 4053 2848; x_wconf 79' lang='lat' dir='ltr'><strong>indulgere</strong></span> 
     </span>
    </p>
   </div>
   <div class='ocr_carea' id='block_1_58' title="bbox 2458 2871 4051 2942">
    <p class='ocr_par' dir='ltr' id='par_1_58' title="bbox 2458 2871 4051 2942">
     <span class='ocr_line' id='line_1_58' title="bbox 2458 2871 4051 2942; baseline -0.003 -17"><span class='ocrx_word' id='word_1_414' title='bbox 2458 2871 2750 2942; x_wconf 83' lang='lat' dir='ltr'><strong>lacrymis,</strong></span> <span class='ocrx_word' id='word_1_415' title='bbox 2788 2871 3042 2940; x_wconf 87' lang='lat' dir='ltr'><strong>quodque</strong></span> <span class='ocrx_word' id='word_1_416' title='bbox 3097 2871 3161 2923; x_wconf 87' lang='lat' dir='ltr'><strong>ad</strong></span> <span class='ocrx_word' id='word_1_417' title='bbox 3224 2886 3282 2924; x_wconf 88' lang='lat' dir='ltr'><strong>se</strong></span> <span class='ocrx_word' id='word_1_418' title='bbox 3334 2871 3528 2924; x_wconf 71' lang='lat' dir='ltr'><strong>attinet</strong></span> <span class='ocrx_word' id='word_1_419' title='bbox 3559 2913 3571 2930; x_wconf 84' lang='lat'><strong>.</strong></span> <span class='ocrx_word' id='word_1_420' title='bbox 3614 2872 3813 2924; x_wconf 84' lang='lat' dir='ltr'><strong>sudare</strong></span> <span class='ocrx_word' id='word_1_421' title='bbox 3846 2872 4051 2938; x_wconf 86' lang='lat' dir='ltr'><strong>pauiu-</strong></span> 
     </span>
    </p>
   </div>
   <div class='ocr_carea' id='block_1_59' title="bbox 2457 2961 4046 3030">
    <p class='ocr_par' dir='ltr' id='par_1_59' title="bbox 2457 2961 4046 3030">
     <span class='ocr_line' id='line_1_59' title="bbox 2457 2961 4046 3030; baseline 0.001 -16"><span class='ocrx_word' id='word_1_422' title='bbox 2457 2965 2602 3028; x_wconf 89' lang='lat' dir='ltr'><strong>lum,</strong></span> <span class='ocrx_word' id='word_1_423' title='bbox 2640 2962 2852 3018; x_wconf 78' lang='lat' dir='ltr'><strong>frenare</strong></span> <span class='ocrx_word' id='word_1_424' title='bbox 2899 2962 3238 3030; x_wconf 65' lang='lat' dir='ltr'><strong>aliquantum</strong></span> <span class='ocrx_word' id='word_1_425' title='bbox 3272 3003 3284 3024; x_wconf 87' lang='lat'><strong>,</strong></span> <span class='ocrx_word' id='word_1_426' title='bbox 3321 2977 3381 3015; x_wconf 80' lang='lat' dir='ltr'><strong>ac</strong></span> <span class='ocrx_word' id='word_1_427' title='bbox 3411 2962 3643 3016; x_wconf 82' lang='lat' dir='ltr'><strong>domitas</strong></span> <span class='ocrx_word' id='word_1_428' title='bbox 3678 2961 3880 3016; x_wconf 80' lang='lat' dir='ltr'><strong>habere</strong></span> <span class='ocrx_word' id='word_1_429' title='bbox 3917 2963 4046 3015; x_wconf 89' lang='lat' dir='ltr'><strong>libi-</strong></span> 
     </span>
    </p>
   </div>
   <div class='ocr_carea' id='block_1_60' title="bbox 2457 3053 4051 3124">
    <p class='ocr_par' dir='ltr' id='par_1_60' title="bbox 2457 3053 4051 3124">
     <span class='ocr_line' id='line_1_60' title="bbox 2457 3053 4051 3124; baseline -0.002 -13"><span class='ocrx_word' id='word_1_430' title='bbox 2457 3058 2637 3116; x_wconf 79' lang='lat' dir='ltr'><strong>dines,</strong></span> <span class='ocrx_word' id='word_1_431' title='bbox 2679 3072 2741 3109; x_wconf 90' lang='lat' dir='ltr'><strong>ac</strong></span> <span class='ocrx_word' id='word_1_432' title='bbox 2775 3066 2887 3109; x_wconf 89' lang='lat' dir='ltr'><strong>tum</strong></span> <span class='ocrx_word' id='word_1_433' title='bbox 2917 3057 3130 3108; x_wconf 87' lang='lat' dir='ltr'><strong>demum</strong></span> <span class='ocrx_word' id='word_1_434' title='bbox 3166 3056 3314 3108; x_wconf 84' lang='lat' dir='ltr'><strong>nullo</strong></span> <span class='ocrx_word' id='word_1_435' title='bbox 3353 3053 3584 3124; x_wconf 86' lang='lat' dir='ltr'><strong>periculi</strong></span> <span class='ocrx_word' id='word_1_436' title='bbox 3619 3066 3763 3108; x_wconf 87' lang='lat' dir='ltr'><strong>metu</strong></span> <span class='ocrx_word' id='word_1_437' title='bbox 3797 3070 4051 3108; x_wconf 85' lang='lat' dir='ltr'><strong>commu-</strong></span> 
     </span>
    </p>
   </div>
   <div class='ocr_carea' id='block_1_61' title="bbox 770 3135 4051 3230">
    <p class='ocr_par' dir='ltr' id='par_1_61' title="bbox 770 3135 4051 3230">
     <span class='ocr_line' id='line_1_61' title="bbox 770 3135 4051 3230; baseline 0.006 -52"><span class='ocrx_word' id='word_1_438' title='bbox 770 3139 998 3180; x_wconf 71' lang='lat' dir='ltr'><strong>vexetur</strong></span> <span class='ocrx_word' id='word_1_439' title='bbox 1047 3146 1156 3199; x_wconf 90' lang='lat' dir='ltr'><strong>quo</strong></span> <span class='ocrx_word' id='word_1_440' title='bbox 1205 3135 1434 3189; x_wconf 80' lang='lat' dir='ltr'><strong>auribus</strong></span> <span class='ocrx_word' id='word_1_441' title='bbox 1460 3137 1565 3192; x_wconf 87' lang='lat' dir='ltr'><strong>sibi</strong></span> <span class='ocrx_word' id='word_1_442' title='bbox 1606 3154 1634 3193; x_wconf 88' lang='lat' dir='ltr'><strong>a</strong></span> <span class='ocrx_word' id='word_1_443' title='bbox 1691 3140 1922 3197; x_wconf 87' lang='lat' dir='ltr'><strong>Domino</strong></span> <span class='ocrx_word' id='word_1_444' title='bbox 1957 3144 2065 3200; x_wconf 87' lang='lat' dir='ltr'><strong>Deo</strong></span> <span class='ocrx_word' id='word_1_445' title='bbox 2109 3151 2347 3217; x_wconf 70' lang='lat' dir='ltr'><strong>apertis,</strong></span> <span class='ocrx_word' id='word_1_446' title='bbox 2379 3168 2423 3230; x_wconf 62' lang='grc' dir='ltr'>ς</span> <span class='ocrx_word' id='word_1_447' title='bbox 2460 3149 2677 3208; x_wconf 72' lang='lat' dir='ltr'><strong>uit-are,</strong></span> <span class='ocrx_word' id='word_1_448' title='bbox 2717 3145 2781 3199; x_wconf 90' lang='lat' dir='ltr'><strong>ad</strong></span> <span class='ocrx_word' id='word_1_449' title='bbox 2819 3146 3200 3213; x_wconf 73' lang='lat' dir='ltr'><strong>expellendum</strong></span> <span class='ocrx_word' id='word_1_450' title='bbox 3247 3145 3641 3215; x_wconf 80' lang='lat' dir='ltr'><strong>introgressum</strong></span> <span class='ocrx_word' id='word_1_451' title='bbox 3671 3186 3683 3207; x_wconf 92' lang='lat'><strong>,</strong></span> <span class='ocrx_word' id='word_1_452' title='bbox 3735 3146 4051 3215; x_wconf 73' lang='lat' dir='ltr'><strong>tirannvce-</strong></span> 
     </span>
    </p>
   </div>
   <div class='ocr_carea' id='block_1_62' title="bbox 771 3221 2352 3312">
    <p class='ocr_par' dir='ltr' id='par_1_62' title="bbox 771 3221 2352 3312">
     <span class='ocr_line' id='line_1_62' title="bbox 771 3221 2352 3312; baseline 0.019 -43"><span class='ocrx_word' id='word_1_453' title='bbox 771 3221 1104 3288; x_wconf 81' lang='lat' dir='ltr'><strong>impietatem</strong></span> <span class='ocrx_word' id='word_1_454' title='bbox 1131 3239 1287 3279; x_wconf 88' lang='lat' dir='ltr'><strong>suam</strong></span> <span class='ocrx_word' id='word_1_455' title='bbox 1325 3228 1620 3298; x_wconf 87' lang='lat' dir='ltr'><strong>aliquando</strong></span> <span class='ocrx_word' id='word_1_456' title='bbox 1668 3247 1997 3304; x_wconf 80' lang='lat' dir='ltr'><strong>cognoscat,</strong></span> <span class='ocrx_word' id='word_1_457' title='bbox 2043 3240 2352 3312; x_wconf 82' lang='lat' dir='ltr'><strong>iterumque</strong></span> 
     </span>
    </p>
   </div>
   <div class='ocr_carea' id='block_1_63' title="bbox 773 3316 2350 3404">
    <p class='ocr_par' dir='ltr' id='par_1_63' title="bbox 773 3316 2350 3404">
     <span class='ocr_line' id='line_1_63' title="bbox 773 3316 2350 3404; baseline 0.016 -43"><span class='ocrx_word' id='word_1_458' title='bbox 773 3329 863 3377; x_wconf 79' lang='lat' dir='ltr'><strong>per</strong></span> <span class='ocrx_word' id='word_1_459' title='bbox 915 3316 1297 3383; x_wconf 68' lang='lat' dir='ltr'><strong>pmoitentiam</strong></span> <span class='ocrx_word' id='word_1_460' title='bbox 1349 3324 1414 3376; x_wconf 91' lang='lat' dir='ltr'><strong>ad</strong></span> <span class='ocrx_word' id='word_1_461' title='bbox 1468 3322 1704 3379; x_wconf 64' lang='lat' dir='ltr'><strong>iiielium</strong></span> <span class='ocrx_word' id='word_1_462' title='bbox 1737 3329 2350 3404; x_wconf 69' lang='lat' dir='ltr'><strong>ordincmaggregetur.</strong></span> 
     </span>
    </p>
   </div>
   <div class='ocr_carea' id='block_1_64' title="bbox 769 3404 2350 3493">
    <p class='ocr_par' dir='ltr' id='par_1_64' title="bbox 769 3404 2350 3493">
     <span class='ocr_line' id='line_1_64' title="bbox 769 3404 2350 3493; baseline 0.015 -35"><span class='ocrx_word' id='word_1_463' title='bbox 769 3404 918 3462; x_wconf 82' lang='lat' dir='ltr'><strong>Talis</strong></span> <span class='ocrx_word' id='word_1_464' title='bbox 965 3411 1108 3463; x_wconf 83' lang='lat' dir='ltr'><strong>enim</strong></span> <span class='ocrx_word' id='word_1_465' title='bbox 1153 3411 1205 3466; x_wconf 90' lang='lat' dir='ltr'><strong>in</strong></span> <span class='ocrx_word' id='word_1_466' title='bbox 1255 3414 1588 3482; x_wconf 84' lang='lat' dir='ltr'><strong>impietatem</strong></span> <span class='ocrx_word' id='word_1_467' title='bbox 1644 3421 1784 3482; x_wconf 82' lang='lat' dir='ltr'><strong>ruit.</strong></span> <span class='ocrx_word' id='word_1_468' title='bbox 1838 3425 1928 3493; x_wconf 91' lang='lat' dir='ltr'><strong>qui</strong></span> <span class='ocrx_word' id='word_1_469' title='bbox 1984 3427 2027 3480; x_wconf 90' lang='lat' dir='ltr'><strong>si</strong></span> <span class='ocrx_word' id='word_1_470' title='bbox 2067 3427 2350 3484; x_wconf 84' lang='lat' dir='ltr'><strong>Christum</strong></span> 
     </span>
    </p>
   </div>
   <div class='ocr_carea' id='block_1_65' title="bbox 768 3504 2350 3589">
    <p class='ocr_par' dir='ltr' id='par_1_65' title="bbox 768 3504 2350 3589">
     <span class='ocr_line' id='line_1_65' title="bbox 768 3504 2350 3589; baseline 0.011 -35"><span class='ocrx_word' id='word_1_471' title='bbox 768 3513 958 3556; x_wconf 76' lang='lat' dir='ltr'><strong>sancte</strong></span> <span class='ocrx_word' id='word_1_472' title='bbox 1003 3504 1307 3571; x_wconf 88' lang='lat' dir='ltr'><strong>coluisset,</strong></span> <span class='ocrx_word' id='word_1_473' title='bbox 1341 3517 1394 3562; x_wconf 88' lang='lat' dir='ltr'><strong>et</strong></span> <span class='ocrx_word' id='word_1_474' title='bbox 1439 3507 1607 3564; x_wconf 87' lang='lat' dir='ltr'><strong>Deum</strong></span> <span class='ocrx_word' id='word_1_475' title='bbox 1654 3528 1777 3568; x_wconf 85' lang='lat' dir='ltr'><strong>esse</strong></span> <span class='ocrx_word' id='word_1_476' title='bbox 1829 3518 2224 3584; x_wconf 70' lang='lat' dir='ltr'><strong>cognovisset,</strong></span> <span class='ocrx_word' id='word_1_477' title='bbox 2261 3520 2350 3589; x_wconf 86' lang='lat' dir='ltr'><strong>qui</strong></span> 
     </span>
    </p>
   </div>
   <div class='ocr_carea' id='block_1_66' title="bbox 770 3597 2351 3671">
    <p class='ocr_par' dir='ltr' id='par_1_66' title="bbox 770 3597 2351 3671">
     <span class='ocr_line' id='line_1_66' title="bbox 770 3597 2351 3671; baseline 0.013 -26"><span class='ocrx_word' id='word_1_478' title='bbox 770 3610 876 3648; x_wconf 84' lang='lat' dir='ltr'><strong>non</strong></span> <span class='ocrx_word' id='word_1_479' title='bbox 923 3597 1033 3650; x_wconf 84' lang='lat' dir='ltr'><strong>vult</strong></span> <span class='ocrx_word' id='word_1_480' title='bbox 1086 3597 1430 3668; x_wconf 84' lang='lat' dir='ltr'><strong>iniquitatem</strong></span> <span class='ocrx_word' id='word_1_481' title='bbox 1459 3644 1472 3667; x_wconf 96' lang='lat'><strong>,</strong></span> <span class='ocrx_word' id='word_1_482' title='bbox 1509 3603 1663 3671; x_wconf 77' lang='lat' dir='ltr'><strong>juxta</strong></span> <span class='ocrx_word' id='word_1_483' title='bbox 1709 3607 1838 3659; x_wconf 80' lang='lat' dir='ltr'><strong>illud</strong></span> <span class='ocrx_word' id='word_1_484' title='bbox 1880 3625 1891 3660; x_wconf 95' lang='lat'>:</span> <span class='ocrx_word' id='word_1_485' title='bbox 1929 3606 2048 3663; x_wconf 80' lang='lat' dir='ltr'><strong>Non</strong></span> <span class='ocrx_word' id='word_1_486' title='bbox 2095 3611 2351 3666; x_wconf 74' lang='lat' dir='ltr'><strong>habitabit</strong></span> 
     </span>
    </p>
   </div>
   <div class='ocr_carea' id='block_1_67' title="bbox 761 3692 2354 3767">
    <p class='ocr_par' dir='ltr' id='par_1_67' title="bbox 761 3692 2354 3767">
     <span class='ocr_line' id='line_1_67' title="bbox 761 3692 2354 3767; baseline 0.01 -26"><span class='ocrx_word' id='word_1_487' title='bbox 761 3699 920 3757; x_wconf 72' lang='lat' dir='ltr'><strong>juxta</strong></span> <span class='ocrx_word' id='word_1_488' title='bbox 979 3699 1025 3743; x_wconf 86' lang='lat' dir='ltr'><strong>te</strong></span> <span class='ocrx_word' id='word_1_489' title='bbox 1059 3692 1322 3762; x_wconf 76' lang='lat' dir='ltr'><strong>malignus</strong></span> <span class='ocrx_word' id='word_1_490' title='bbox 1348 3734 1362 3758; x_wconf 94' lang='lat'><strong>,</strong></span> <span class='ocrx_word' id='word_1_491' title='bbox 1398 3711 1561 3765; x_wconf 82' lang='lat' dir='ltr'><strong>neque</strong></span> <span class='ocrx_word' id='word_1_492' title='bbox 1596 3704 1973 3765; x_wconf 72' lang='lat' dir='ltr'><strong>permanebunt</strong></span> <span class='ocrx_word' id='word_1_493' title='bbox 2020 3704 2182 3767; x_wconf 84' lang='lat' dir='ltr'><strong>iniqui</strong></span> <span class='ocrx_word' id='word_1_494' title='bbox 2233 3717 2354 3759; x_wconf 88' lang='lat' dir='ltr'><strong>ante</strong></span> 
     </span>
    </p>
   </div>
   <div class='ocr_carea' id='block_1_68' title="bbox 768 3781 2356 3864">
    <p class='ocr_par' dir='ltr' id='par_1_68' title="bbox 768 3781 2356 3864">
     <span class='ocr_line' id='line_1_68' title="bbox 768 3781 2356 3864; baseline 0.012 -32"><span class='ocrx_word' id='word_1_495' title='bbox 768 3781 949 3835; x_wconf 80' lang='lat' dir='ltr'><strong>oculos</strong></span> <span class='ocrx_word' id='word_1_496' title='bbox 982 3793 1096 3837; x_wconf 77' lang='lat' dir='ltr'><strong>tuos</strong></span> <span class='ocrx_word' id='word_1_497' title='bbox 1121 3783 1189 3838; x_wconf 86' lang='grc'><strong>⁷¹.</strong></span> <span class='ocrx_word' id='word_1_498' title='bbox 1222 3784 1287 3838; x_wconf 86' lang='lat' dir='ltr'><strong>Et</strong></span> <span class='ocrx_word' id='word_1_499' title='bbox 1315 3803 1328 3839; x_wconf 88' lang='lat'><strong>:</strong></span> <span class='ocrx_word' id='word_1_500' title='bbox 1359 3785 1482 3840; x_wconf 83' lang='lat' dir='ltr'><strong>Odit</strong></span> <span class='ocrx_word' id='word_1_501' title='bbox 1519 3787 1777 3844; x_wconf 73' lang='lat' dir='ltr'><strong>Dominus</strong></span> <span class='ocrx_word' id='word_1_502' title='bbox 1811 3808 1988 3847; x_wconf 74' lang='lat' dir='ltr'><strong>omnes</strong></span> <span class='ocrx_word' id='word_1_503' title='bbox 2019 3797 2106 3863; x_wconf 83' lang='lat' dir='ltr'><strong>qui</strong></span> <span class='ocrx_word' id='word_1_504' title='bbox 2136 3813 2356 3864; x_wconf 72' lang='lat' dir='ltr'><strong>operan-</strong></span> 
     </span>
    </p>
   </div>
   <div class='ocr_carea' id='block_1_69' title="bbox 768 3875 2352 3954">
    <p class='ocr_par' dir='ltr' id='par_1_69' title="bbox 768 3875 2352 3954">
     <span class='ocr_line' id='line_1_69' title="bbox 768 3875 2352 3954; baseline 0.011 -29"><span class='ocrx_word' id='word_1_505' title='bbox 768 3887 856 3926; x_wconf 84' lang='lat' dir='ltr'><strong>tur</strong></span> <span class='ocrx_word' id='word_1_506' title='bbox 883 3876 1210 3944; x_wconf 79' lang='lat' dir='ltr'><strong>iniquitatem</strong></span> <span class='ocrx_word' id='word_1_507' title='bbox 1251 3875 1295 3908; x_wconf 83' lang='lat'><strong>&quot;</strong></span> <span class='ocrx_word' id='word_1_508' title='bbox 1322 3918 1337 3942; x_wconf 92' lang='lat'><strong>,</strong></span> <span class='ocrx_word' id='word_1_509' title='bbox 1372 3894 1574 3949; x_wconf 89' lang='lat' dir='ltr'><strong>pavore</strong></span> <span class='ocrx_word' id='word_1_510' title='bbox 1619 3896 1682 3937; x_wconf 89' lang='lat' dir='ltr'><strong>ac</strong></span> <span class='ocrx_word' id='word_1_511' title='bbox 1716 3896 1859 3938; x_wconf 88' lang='lat' dir='ltr'><strong>metu</strong></span> <span class='ocrx_word' id='word_1_512' title='bbox 1891 3900 1950 3940; x_wconf 89' lang='lat' dir='ltr'><strong>se</strong></span> <span class='ocrx_word' id='word_1_513' title='bbox 1979 3890 2314 3944; x_wconf 85' lang='lat' dir='ltr'><strong>contrahens</strong></span> <span class='ocrx_word' id='word_1_514' title='bbox 2340 3934 2352 3954; x_wconf 90' lang='lat'><strong>,</strong></span> 
     </span>
    </p>
   </div>
   <div class='ocr_carea' id='block_1_70' title="bbox 768 3968 2354 4048">
    <p class='ocr_par' dir='ltr' id='par_1_70' title="bbox 768 3968 2354 4048">
     <span class='ocr_line' id='line_1_70' title="bbox 768 3968 2354 4048; baseline 0.008 -29"><span class='ocrx_word' id='word_1_515' title='bbox 768 3982 968 4036; x_wconf 67' lang='lat' dir='ltr'><strong>corpus</strong></span> <span class='ocrx_word' id='word_1_516' title='bbox 1037 3968 1158 4037; x_wconf 88' lang='lat' dir='ltr'><strong>ejus</strong></span> <span class='ocrx_word' id='word_1_517' title='bbox 1229 3971 1548 4038; x_wconf 76' lang='lat' dir='ltr'><strong>contingere</strong></span> <span class='ocrx_word' id='word_1_518' title='bbox 1611 3973 1925 4039; x_wconf 76' lang='lat' dir='ltr'><strong>noluisset,</strong></span> <span class='ocrx_word' id='word_1_519' title='bbox 1982 3994 2048 4032; x_wconf 88' lang='lat' dir='ltr'><strong>ne</strong></span> <span class='ocrx_word' id='word_1_520' title='bbox 2111 3981 2354 4048; x_wconf 81' lang='lat' dir='ltr'><strong>angelica</strong></span> 
     </span>
    </p>
   </div>
   <div class='ocr_carea' id='block_1_71' title="bbox 769 4058 1714 4132">
    <p class='ocr_par' dir='ltr' id='par_1_71' title="bbox 769 4058 1714 4132">
     <span class='ocr_line' id='line_1_71' title="bbox 769 4058 1714 4132; baseline 0.011 -22"><span class='ocrx_word' id='word_1_521' title='bbox 769 4058 1081 4128; x_wconf 71' lang='lat' dir='ltr'><strong>rhomphaza</strong></span> <span class='ocrx_word' id='word_1_522' title='bbox 1117 4074 1412 4128; x_wconf 86' lang='lat' dir='ltr'><strong>percussus</strong></span> <span class='ocrx_word' id='word_1_523' title='bbox 1449 4063 1714 4132; x_wconf 79' lang='lat' dir='ltr'><strong>interiret.</strong></span> 
     </span>
    </p>
   </div>
   <div class='ocr_carea' id='block_1_72' title="bbox 841 4146 2354 4232">
    <p class='ocr_par' dir='ltr' id='par_1_72' title="bbox 841 4146 2354 4232">
     <span class='ocr_line' id='line_1_72' title="bbox 841 4146 2354 4232; baseline 0.008 -28"><span class='ocrx_word' id='word_1_524' title='bbox 841 4149 1330 4208; x_wconf 83' lang='lat' dir='ltr'><strong>Verumenimvero</strong></span> <span class='ocrx_word' id='word_1_525' title='bbox 1371 4154 1498 4223; x_wconf 88' lang='lat' dir='ltr'><strong>quia</strong></span> <span class='ocrx_word' id='word_1_526' title='bbox 1569 4146 1736 4224; x_wconf 86' lang='lat' dir='ltr'><strong>hujus</strong></span> <span class='ocrx_word' id='word_1_527' title='bbox 1789 4161 2004 4227; x_wconf 83' lang='lat' dir='ltr'><strong>generis</strong></span> <span class='ocrx_word' id='word_1_528' title='bbox 2055 4177 2161 4216; x_wconf 90' lang='lat' dir='ltr'><strong>non</strong></span> <span class='ocrx_word' id='word_1_529' title='bbox 2201 4165 2354 4232; x_wconf 87' lang='lat' dir='ltr'><strong>pauci</strong></span> 
     </span>
    </p>
   </div>
   <div class='ocr_carea' id='block_1_73' title="bbox 769 4247 2355 4325">
    <p class='ocr_par' dir='ltr' id='par_1_73' title="bbox 769 4247 2355 4325">
     <span class='ocr_line' id='line_1_73' title="bbox 769 4247 2355 4325; baseline 0.008 -27"><span class='ocrx_word' id='word_1_530' title='bbox 769 4249 823 4299; x_wconf 91' lang='lat' dir='ltr'><strong>in</strong></span> <span class='ocrx_word' id='word_1_531' title='bbox 862 4247 1086 4312; x_wconf 90' lang='lat' dir='ltr'><strong>mundo,</strong></span> <span class='ocrx_word' id='word_1_532' title='bbox 1126 4262 1311 4302; x_wconf 87' lang='lat' dir='ltr'><strong>coram</strong></span> <span class='ocrx_word' id='word_1_533' title='bbox 1369 4249 1682 4306; x_wconf 83' lang='lat' dir='ltr'><strong>hominibus</strong></span> <span class='ocrx_word' id='word_1_534' title='bbox 1730 4254 2118 4311; x_wconf 85' lang='lat' dir='ltr'><strong>erubescentes</strong></span> <span class='ocrx_word' id='word_1_535' title='bbox 2170 4258 2355 4325; x_wconf 89' lang='lat' dir='ltr'><strong>(nimi-</strong></span> 
     </span>
    </p>
   </div>
   <div class='ocr_carea' id='block_1_74' title="bbox 771 4341 2356 4418">
    <p class='ocr_par' dir='ltr' id='par_1_74' title="bbox 771 4341 2356 4418">
     <span class='ocr_line' id='line_1_74' title="bbox 771 4341 2356 4418; baseline 0.008 -26"><span class='ocrx_word' id='word_1_536' title='bbox 771 4357 889 4393; x_wconf 86' lang='lat' dir='ltr'><strong>rum</strong></span> <span class='ocrx_word' id='word_1_537' title='bbox 939 4357 1005 4396; x_wconf 90' lang='lat' dir='ltr'><strong>ne</strong></span> <span class='ocrx_word' id='word_1_538' title='bbox 1053 4342 1261 4411; x_wconf 82' lang='lat' dir='ltr'><strong>indigni</strong></span> <span class='ocrx_word' id='word_1_539' title='bbox 1296 4341 1605 4413; x_wconf 89' lang='lat' dir='ltr'><strong>videantur)</strong></span> <span class='ocrx_word' id='word_1_540' title='bbox 1648 4347 1832 4400; x_wconf 87' lang='lat' dir='ltr'><strong>divina</strong></span> <span class='ocrx_word' id='word_1_541' title='bbox 1871 4349 2197 4418; x_wconf 86' lang='lat' dir='ltr'><strong>participare</strong></span> <span class='ocrx_word' id='word_1_542' title='bbox 2247 4365 2356 4405; x_wconf 91' lang='lat' dir='ltr'><strong>non</strong></span> 
     </span>
    </p>
   </div>
   <div class='ocr_carea' id='block_1_75' title="bbox 771 4431 2351 4504">
    <p class='ocr_par' dir='ltr' id='par_1_75' title="bbox 771 4431 2351 4504">
     <span class='ocr_line' id='line_1_75' title="bbox 771 4431 2351 4504; baseline 0.008 -22"><span class='ocrx_word' id='word_1_543' title='bbox 771 4431 1130 4486; x_wconf 84' lang='lat' dir='ltr'><strong>reformidant</strong></span> <span class='ocrx_word' id='word_1_544' title='bbox 1161 4449 1301 4503; x_wconf 90' lang='lat' dir='ltr'><strong>quos</strong></span> <span class='ocrx_word' id='word_1_545' title='bbox 1327 4433 1371 4489; x_wconf 88' lang='lat' dir='ltr'><strong>si</strong></span> <span class='ocrx_word' id='word_1_546' title='bbox 1403 4437 1526 4503; x_wconf 88' lang='lat' dir='ltr'><strong>quis</strong></span> <span class='ocrx_word' id='word_1_547' title='bbox 1569 4437 1635 4488; x_wconf 86' lang='lat' dir='ltr'><strong>ab</strong></span> <span class='ocrx_word' id='word_1_548' title='bbox 1675 4452 1735 4490; x_wconf 85' lang='lat' dir='ltr'><strong>ea</strong></span> <span class='ocrx_word' id='word_1_549' title='bbox 1772 4438 1999 4490; x_wconf 81' lang='lat' dir='ltr'><strong>audacia</strong></span> <span class='ocrx_word' id='word_1_550' title='bbox 2032 4439 2306 4493; x_wconf 85' lang='lat' dir='ltr'><strong>deterreat</strong></span> <span class='ocrx_word' id='word_1_551' title='bbox 2333 4478 2351 4504; x_wconf 86' lang='lat'><strong>,</strong></span> 
     </span>
    </p>
   </div>
   <div class='ocr_carea' id='block_1_76' title="bbox 2456 3237 4052 3305">
    <p class='ocr_par' dir='ltr' id='par_1_76' title="bbox 2456 3237 4052 3305">
     <span class='ocr_line' id='line_1_76' title="bbox 2456 3237 4052 3305; baseline 0 -17"><span class='ocrx_word' id='word_1_552' title='bbox 2456 3255 2561 3305; x_wconf 81' lang='lat' dir='ltr'><strong>quc</strong></span> <span class='ocrx_word' id='word_1_553' title='bbox 2593 3241 2657 3289; x_wconf 85' lang='lat' dir='ltr'><strong>ad</strong></span> <span class='ocrx_word' id='word_1_554' title='bbox 2696 3237 3006 3293; x_wconf 72' lang='lat' dir='ltr'><strong>lasciviam.</strong></span> <span class='ocrx_word' id='word_1_555' title='bbox 3058 3237 3303 3304; x_wconf 77' lang='lat' dir='ltr'><strong>aliasque</strong></span> <span class='ocrx_word' id='word_1_556' title='bbox 3359 3237 3703 3304; x_wconf 88' lang='lat' dir='ltr'><strong>impuritatcs</strong></span> <span class='ocrx_word' id='word_1_557' title='bbox 3744 3237 4052 3289; x_wconf 85' lang='lat' dir='ltr'><strong>sollicitan-</strong></span> 
     </span>
    </p>
   </div>
   <div class='ocr_carea' id='block_1_77' title="bbox 2458 3328 4049 3398">
    <p class='ocr_par' dir='ltr' id='par_1_77' title="bbox 2458 3328 4049 3398">
     <span class='ocr_line' id='line_1_77' title="bbox 2458 3328 4049 3398; baseline 0 -17"><span class='ocrx_word' id='word_1_558' title='bbox 2458 3339 2563 3384; x_wconf 83' lang='lat' dir='ltr'><strong>tem</strong></span> <span class='ocrx_word' id='word_1_559' title='bbox 2598 3329 2880 3383; x_wconf 82' lang='lat' dir='ltr'><strong>Satanam.</strong></span> <span class='ocrx_word' id='word_1_560' title='bbox 2935 3329 3145 3381; x_wconf 78' lang='lat' dir='ltr'><strong>Etenim</strong></span> <span class='ocrx_word' id='word_1_561' title='bbox 3183 3329 3273 3397; x_wconf 89' lang='lat' dir='ltr'><strong>qui</strong></span> <span class='ocrx_word' id='word_1_562' title='bbox 3307 3329 3560 3396; x_wconf 81' lang='lat' dir='ltr'><strong>turpibus</strong></span> <span class='ocrx_word' id='word_1_563' title='bbox 3597 3328 3756 3381; x_wconf 80' lang='lat' dir='ltr'><strong>rebus</strong></span> <span class='ocrx_word' id='word_1_564' title='bbox 3796 3329 4049 3398; x_wconf 83' lang='lat' dir='ltr'><strong>impense</strong></span> 
     </span>
    </p>
   </div>
   <div class='ocr_carea' id='block_1_78' title="bbox 2457 3421 4050 3489">
    <p class='ocr_par' dir='ltr' id='par_1_78' title="bbox 2457 3421 4050 3489">
     <span class='ocr_line' id='line_1_78' title="bbox 2457 3421 4050 3489; baseline -0.001 -16"><span class='ocrx_word' id='word_1_565' title='bbox 2457 3423 2783 3484; x_wconf 70' lang='lat' dir='ltr'><strong>delectatur,</strong></span> <span class='ocrx_word' id='word_1_566' title='bbox 2847 3421 2990 3474; x_wconf 88' lang='lat' dir='ltr'><strong>baud</strong></span> <span class='ocrx_word' id='word_1_567' title='bbox 3060 3437 3153 3486; x_wconf 87' lang='lat' dir='ltr'><strong>per</strong></span> <span class='ocrx_word' id='word_1_568' title='bbox 3209 3437 3267 3475; x_wconf 87' lang='lat' dir='ltr'><strong>se</strong></span> <span class='ocrx_word' id='word_1_569' title='bbox 3320 3423 3370 3473; x_wconf 86' lang='lat' dir='ltr'><strong>id</strong></span> <span class='ocrx_word' id='word_1_570' title='bbox 3415 3421 3585 3479; x_wconf 77' lang='lat' dir='ltr'><strong>facit.</strong></span> <span class='ocrx_word' id='word_1_571' title='bbox 3648 3423 3739 3475; x_wconf 90' lang='lat' dir='ltr'><strong>sed</strong></span> <span class='ocrx_word' id='word_1_572' title='bbox 3793 3423 3862 3474; x_wconf 89' lang='lat' dir='ltr'><strong>ab</strong></span> <span class='ocrx_word' id='word_1_573' title='bbox 3931 3425 4050 3489; x_wconf 75' lang='lat' dir='ltr'><strong>ipse</strong></span> 
     </span>
    </p>
   </div>
   <div class='ocr_carea' id='block_1_79' title="bbox 2459 3513 4049 3582">
    <p class='ocr_par' dir='ltr' id='par_1_79' title="bbox 2459 3513 4049 3582">
     <span class='ocr_line' id='line_1_79' title="bbox 2459 3513 4049 3582; baseline -0.006 -12"><span class='ocrx_word' id='word_1_574' title='bbox 2459 3516 2677 3572; x_wconf 82' lang='lat' dir='ltr'><strong>diabolo</strong></span> <span class='ocrx_word' id='word_1_575' title='bbox 2717 3513 2988 3582; x_wconf 83' lang='lat' dir='ltr'><strong>impulsus</strong></span> <span class='ocrx_word' id='word_1_576' title='bbox 3021 3555 3032 3574; x_wconf 87' lang='lat'><strong>,</strong></span> <span class='ocrx_word' id='word_1_577' title='bbox 3067 3516 3154 3566; x_wconf 91' lang='lat' dir='ltr'><strong>cui</strong></span> <span class='ocrx_word' id='word_1_578' title='bbox 3204 3514 3275 3566; x_wconf 86' lang='lat' dir='ltr'><strong>ab</strong></span> <span class='ocrx_word' id='word_1_579' title='bbox 3315 3515 3433 3581; x_wconf 90' lang='lat' dir='ltr'><strong>ipso</strong></span> <span class='ocrx_word' id='word_1_580' title='bbox 3479 3514 3795 3571; x_wconf 80' lang='lat' dir='ltr'><strong>inescatus.</strong></span> <span class='ocrx_word' id='word_1_581' title='bbox 3837 3518 4049 3566; x_wconf 84' lang='lat' dir='ltr'><strong>ostium</strong></span> 
     </span>
    </p>
   </div>
   <div class='ocr_carea' id='block_1_80' title="bbox 2460 3606 4052 3678">
    <p class='ocr_par' dir='ltr' id='par_1_80' title="bbox 2460 3606 4052 3678">
     <span class='ocr_line' id='line_1_80' title="bbox 2460 3606 4052 3678; baseline -0.004 -16"><span class='ocrx_word' id='word_1_582' title='bbox 2460 3608 2731 3678; x_wconf 77' lang='lat' dir='ltr'><strong>appetitus</strong></span> <span class='ocrx_word' id='word_1_583' title='bbox 2785 3607 2868 3661; x_wconf 90' lang='lat' dir='ltr'><strong>sui</strong></span> <span class='ocrx_word' id='word_1_584' title='bbox 2917 3606 3203 3672; x_wconf 75' lang='lat' dir='ltr'><strong>voluptarii</strong></span> <span class='ocrx_word' id='word_1_585' title='bbox 3260 3607 3523 3659; x_wconf 77' lang='lat' dir='ltr'><strong>rescravit</strong></span> <span class='ocrx_word' id='word_1_586' title='bbox 3555 3649 3568 3668; x_wconf 85' lang='lat'><strong>,</strong></span> <span class='ocrx_word' id='word_1_587' title='bbox 3609 3615 3666 3660; x_wconf 93' lang='lat' dir='ltr'><strong>ut</strong></span> <span class='ocrx_word' id='word_1_588' title='bbox 3721 3608 3843 3659; x_wconf 82' lang='lat' dir='ltr'><strong>inde</strong></span> <span class='ocrx_word' id='word_1_589' title='bbox 3879 3616 4052 3674; x_wconf 81' lang='lat' dir='ltr'><strong>eaput</strong></span> 
     </span>
    </p>
   </div>
   <div class='ocr_carea' id='block_1_81' title="bbox 2460 3697 4050 3769">
    <p class='ocr_par' dir='ltr' id='par_1_81' title="bbox 2460 3697 4050 3769">
     <span class='ocr_line' id='line_1_81' title="bbox 2460 3697 4050 3769; baseline -0.002 -15"><span class='ocrx_word' id='word_1_590' title='bbox 2460 3718 2619 3754; x_wconf 82' lang='lat' dir='ltr'><strong>stium</strong></span> <span class='ocrx_word' id='word_1_591' title='bbox 2666 3700 2954 3769; x_wconf 77' lang='lat' dir='ltr'><strong>proferret.</strong></span> <span class='ocrx_word' id='word_1_592' title='bbox 3017 3697 3078 3750; x_wconf 72' lang='lat' dir='ltr'><strong>Et</strong></span> <span class='ocrx_word' id='word_1_593' title='bbox 3115 3712 3259 3750; x_wconf 87' lang='lat' dir='ltr'><strong>nunc</strong></span> <span class='ocrx_word' id='word_1_594' title='bbox 3297 3700 3499 3751; x_wconf 69' lang='lat' dir='ltr'><strong>Sensim</strong></span> <span class='ocrx_word' id='word_1_595' title='bbox 3535 3698 3814 3768; x_wconf 71' lang='lat' dir='ltr'><strong>ingressus</strong></span> <span class='ocrx_word' id='word_1_596' title='bbox 3839 3738 3850 3756; x_wconf 84' lang='grc'><em>,</em></span> <span class='ocrx_word' id='word_1_597' title='bbox 3884 3700 4050 3765; x_wconf 72' lang='lat' dir='ltr'><strong>plane</strong></span> 
     </span>
    </p>
   </div>
   <div class='ocr_carea' id='block_1_82' title="bbox 2460 3789 4050 3861">
    <p class='ocr_par' dir='ltr' id='par_1_82' title="bbox 2460 3789 4050 3861">
     <span class='ocr_line' id='line_1_82' title="bbox 2460 3789 4050 3861; baseline -0.004 -14"><span class='ocrx_word' id='word_1_598' title='bbox 2460 3806 2519 3847; x_wconf 91' lang='lat' dir='ltr'><strong>ut</strong></span> <span class='ocrx_word' id='word_1_599' title='bbox 2564 3807 2727 3861; x_wconf 74' lang='lat' dir='ltr'><strong>super</strong></span> <span class='ocrx_word' id='word_1_600' title='bbox 2759 3792 3009 3843; x_wconf 80' lang='lat' dir='ltr'><strong>lectulum</strong></span> <span class='ocrx_word' id='word_1_601' title='bbox 3055 3790 3239 3843; x_wconf 80' lang='lat' dir='ltr'><strong>cordis</strong></span> <span class='ocrx_word' id='word_1_602' title='bbox 3289 3790 3515 3842; x_wconf 80' lang='lat' dir='ltr'><strong>reCttliat</strong></span> <span class='ocrx_word' id='word_1_603' title='bbox 3557 3805 3571 3842; x_wconf 75' lang='grc' dir='ltr'>ε</span> <span class='ocrx_word' id='word_1_604' title='bbox 3609 3789 3830 3858; x_wconf 78' lang='lat' dir='ltr'><strong>perinde</strong></span> <span class='ocrx_word' id='word_1_605' title='bbox 3865 3792 4050 3857; x_wconf 84' lang='lat' dir='ltr'><strong>utqui</strong></span> 
     </span>
    </p>
   </div>
   <div class='ocr_carea' id='block_1_83' title="bbox 2462 3879 4054 3946">
    <p class='ocr_par' dir='ltr' id='par_1_83' title="bbox 2462 3879 4054 3946">
     <span class='ocr_line' id='line_1_83' title="bbox 2462 3879 4054 3946; baseline 0 -14"><span class='ocrx_word' id='word_1_606' title='bbox 2462 3895 2488 3932; x_wconf 89' lang='lat' dir='ltr'><strong>a</strong></span> <span class='ocrx_word' id='word_1_607' title='bbox 2529 3879 2870 3932; x_wconf 71' lang='lat' dir='ltr'><strong>daemonibus</strong></span> <span class='ocrx_word' id='word_1_608' title='bbox 2911 3880 3206 3946; x_wconf 62' lang='lat' dir='ltr'><strong>agitantur.</strong></span> <span class='ocrx_word' id='word_1_609' title='bbox 3241 3892 3382 3946; x_wconf 46' lang='lat' dir='ltr'><strong>saepe</strong></span> <span class='ocrx_word' id='word_1_610' title='bbox 3419 3894 3539 3931; x_wconf 83' lang='lat' dir='ltr'><strong>cum</strong></span> <span class='ocrx_word' id='word_1_611' title='bbox 3590 3879 3864 3946; x_wconf 77' lang='lat' dir='ltr'><strong>voluptate</strong></span> <span class='ocrx_word' id='word_1_612' title='bbox 3905 3889 4054 3933; x_wconf 82' lang='lat' dir='ltr'><strong>ster-</strong></span> 
     </span>
    </p>
   </div>
   <div class='ocr_carea' id='block_1_84' title="bbox 2461 3970 4053 4040">
    <p class='ocr_par' dir='ltr' id='par_1_84' title="bbox 2461 3970 4053 4040">
     <span class='ocr_line' id='line_1_84' title="bbox 2461 3970 4053 4040; baseline 0.003 -18"><span class='ocrx_word' id='word_1_613' title='bbox 2461 3987 2558 4025; x_wconf 86' lang='lat' dir='ltr'><strong>cus</strong></span> <span class='ocrx_word' id='word_1_614' title='bbox 2589 3976 2876 4026; x_wconf 83' lang='lat' dir='ltr'><strong>dcvorant.</strong></span> <span class='ocrx_word' id='word_1_615' title='bbox 2935 3970 3088 4036; x_wconf 82' lang='lat' dir='ltr'><strong>Quod</strong></span> <span class='ocrx_word' id='word_1_616' title='bbox 3133 3972 3374 4036; x_wconf 73' lang='lat' dir='ltr'><strong>cogitare</strong></span> <span class='ocrx_word' id='word_1_617' title='bbox 3421 3985 3609 4024; x_wconf 86' lang='lat' dir='ltr'><strong>secum</strong></span> <span class='ocrx_word' id='word_1_618' title='bbox 3652 3972 3848 4034; x_wconf 78' lang='lat' dir='ltr'><strong>debet,</strong></span> <span class='ocrx_word' id='word_1_619' title='bbox 3881 3987 4053 4040; x_wconf 88' lang='lat' dir='ltr'><strong>quem</strong></span> 
     </span>
    </p>
   </div>
   <div class='ocr_carea' id='block_1_85' title="bbox 2463 4061 4048 4132">
    <p class='ocr_par' dir='ltr' id='par_1_85' title="bbox 2463 4061 4048 4132">
     <span class='ocr_line' id='line_1_85' title="bbox 2463 4061 4048 4132; baseline 0.001 -19"><span class='ocrx_word' id='word_1_620' title='bbox 2463 4073 2684 4132; x_wconf 73' lang='lat' dir='ltr'><strong>propter</strong></span> <span class='ocrx_word' id='word_1_621' title='bbox 2715 4063 2939 4116; x_wconf 82' lang='lat' dir='ltr'><strong>inultam</strong></span> <span class='ocrx_word' id='word_1_622' title='bbox 2993 4061 3082 4114; x_wconf 84' lang='lat' dir='ltr'><strong>Dei</strong></span> <span class='ocrx_word' id='word_1_623' title='bbox 3124 4062 3558 4116; x_wconf 82' lang='lat' dir='ltr'><strong>misericordiam</strong></span> <span class='ocrx_word' id='word_1_624' title='bbox 3590 4104 3604 4122; x_wconf 79' lang='grc'>,</span> <span class='ocrx_word' id='word_1_625' title='bbox 3643 4063 4048 4116; x_wconf 71' lang='lat' dir='ltr'><strong>visitationem-</strong></span> 
     </span>
    </p>
   </div>
   <div class='ocr_carea' id='block_1_86' title="bbox 2461 4155 4051 4224">
    <p class='ocr_par' dir='ltr' id='par_1_86' title="bbox 2461 4155 4051 4224">
     <span class='ocr_line' id='line_1_86' title="bbox 2461 4155 4051 4224; baseline 0.004 -18"><span class='ocrx_word' id='word_1_626' title='bbox 2461 4170 2565 4222; x_wconf 86' lang='lat' dir='ltr'><strong>que</strong></span> <span class='ocrx_word' id='word_1_627' title='bbox 2614 4169 2842 4224; x_wconf 86' lang='lat' dir='ltr'><strong>serpens</strong></span> <span class='ocrx_word' id='word_1_628' title='bbox 2888 4155 3146 4223; x_wconf 71' lang='lat' dir='ltr'><strong>antiquus</strong></span> <span class='ocrx_word' id='word_1_629' title='bbox 3201 4155 3282 4206; x_wconf 80' lang='lat' dir='ltr'><strong>vel</strong></span> <span class='ocrx_word' id='word_1_630' title='bbox 3327 4155 3543 4223; x_wconf 85' lang='lat' dir='ltr'><strong>paulum</strong></span> <span class='ocrx_word' id='word_1_631' title='bbox 3587 4169 3773 4223; x_wconf 89' lang='lat' dir='ltr'><strong>sapere</strong></span> <span class='ocrx_word' id='word_1_632' title='bbox 3815 4159 4051 4223; x_wconf 78' lang='lat' dir='ltr'><strong>patitur.</strong></span> 
     </span>
    </p>
   </div>
   <div class='ocr_carea' id='block_1_87' title="bbox 2461 4247 4055 4315">
    <p class='ocr_par' dir='ltr' id='par_1_87' title="bbox 2461 4247 4055 4315">
     <span class='ocr_line' id='line_1_87' title="bbox 2461 4247 4055 4315; baseline 0.001 -13"><span class='ocrx_word' id='word_1_633' title='bbox 2461 4259 2512 4302; x_wconf 87' lang='lat' dir='ltr'><strong>et</strong></span> <span class='ocrx_word' id='word_1_634' title='bbox 2545 4250 2610 4304; x_wconf 85' lang='lat' dir='ltr'><strong>ad</strong></span> <span class='ocrx_word' id='word_1_635' title='bbox 2661 4248 2936 4302; x_wconf 72' lang='lat' dir='ltr'><strong>Christum</strong></span> <span class='ocrx_word' id='word_1_636' title='bbox 2972 4247 3270 4312; x_wconf 78' lang='lat' dir='ltr'><strong>confugere</strong></span> <span class='ocrx_word' id='word_1_637' title='bbox 3297 4286 3310 4307; x_wconf 92' lang='lat'><strong>.</strong></span> <span class='ocrx_word' id='word_1_638' title='bbox 3350 4249 3440 4315; x_wconf 87' lang='lat' dir='ltr'><strong>qui</strong></span> <span class='ocrx_word' id='word_1_639' title='bbox 3478 4248 3626 4301; x_wconf 85' lang='lat' dir='ltr'><strong>snlus</strong></span> <span class='ocrx_word' id='word_1_640' title='bbox 3675 4255 3727 4299; x_wconf 88' lang='lat' dir='ltr'><strong>et</strong></span> <span class='ocrx_word' id='word_1_641' title='bbox 3767 4247 4055 4304; x_wconf 70' lang='lat' dir='ltr'><strong>dtemonea</strong></span> 
     </span>
    </p>
   </div>
   <div class='ocr_carea' id='block_1_88' title="bbox 2464 4341 4051 4411">
    <p class='ocr_par' dir='ltr' id='par_1_88' title="bbox 2464 4341 4051 4411">
     <span class='ocr_line' id='line_1_88' title="bbox 2464 4341 4051 4411; baseline -0.001 -15"><span class='ocrx_word' id='word_1_642' title='bbox 2464 4345 2716 4411; x_wconf 85' lang='lat' dir='ltr'><strong>abigere.</strong></span> <span class='ocrx_word' id='word_1_643' title='bbox 2783 4353 2835 4394; x_wconf 90' lang='lat' dir='ltr'><strong>et</strong></span> <span class='ocrx_word' id='word_1_644' title='bbox 2897 4349 3005 4393; x_wconf 90' lang='lat' dir='ltr'><strong>tam</strong></span> <span class='ocrx_word' id='word_1_645' title='bbox 3064 4341 3230 4394; x_wconf 91' lang='lat' dir='ltr'><strong>animi</strong></span> <span class='ocrx_word' id='word_1_646' title='bbox 3285 4355 3450 4410; x_wconf 86' lang='lat' dir='ltr'><strong>quam</strong></span> <span class='ocrx_word' id='word_1_647' title='bbox 3510 4342 3759 4409; x_wconf 87' lang='lat' dir='ltr'><strong>corporis</strong></span> <span class='ocrx_word' id='word_1_648' title='bbox 3820 4344 4051 4396; x_wconf 83' lang='lat' dir='ltr'><strong>morbos</strong></span> 
     </span>
    </p>
   </div>
   <div class='ocr_carea' id='block_1_89' title="bbox 2463 4432 3056 4502">
    <p class='ocr_par' dir='ltr' id='par_1_89' title="bbox 2463 4432 3056 4502">
     <span class='ocr_line' id='line_1_89' title="bbox 2463 4432 3056 4502; baseline -0.003 -16"><span class='ocrx_word' id='word_1_649' title='bbox 2463 4434 2735 4502; x_wconf 85' lang='lat' dir='ltr'><strong>depellere</strong></span> <span class='ocrx_word' id='word_1_650' title='bbox 2780 4432 2919 4501; x_wconf 92' lang='lat' dir='ltr'><strong>potis</strong></span> <span class='ocrx_word' id='word_1_651' title='bbox 2954 4441 3056 4486; x_wconf 76' lang='lat' dir='ltr'><strong>est.</strong></span> 
     </span>
    </p>
   </div>
   <div class='ocr_carea' id='block_1_90' title="bbox 767 4511 4040 4594">
    <p class='ocr_par' dir='ltr' id='par_1_90' title="bbox 767 4511 4040 4594">
     <span class='ocr_line' id='line_1_90' title="bbox 767 4511 4040 4594; baseline 0.001 -20"><span class='ocrx_word' id='word_1_652' title='bbox 767 4523 1034 4576; x_wconf 84' lang='lat' dir='ltr'><strong>molestus</strong></span> <span class='ocrx_word' id='word_1_653' title='bbox 1088 4523 1324 4584; x_wconf 84' lang='lat' dir='ltr'><strong>videtur,</strong></span> <span class='ocrx_word' id='word_1_654' title='bbox 1364 4532 1416 4578; x_wconf 93' lang='lat' dir='ltr'><strong>et</strong></span> <span class='ocrx_word' id='word_1_655' title='bbox 1477 4524 1724 4578; x_wconf 90' lang='lat' dir='ltr'><strong>convicia</strong></span> <span class='ocrx_word' id='word_1_656' title='bbox 1776 4527 1968 4594; x_wconf 88' lang='lat' dir='ltr'><strong>recipit</strong></span> <span class='ocrx_word' id='word_1_657' title='bbox 1995 4565 2009 4588; x_wconf 86' lang='lat'><strong>.</strong></span> <span class='ocrx_word' id='word_1_658' title='bbox 2066 4541 2171 4581; x_wconf 89' lang='lat' dir='ltr'><strong>non</strong></span> <span class='ocrx_word' id='word_1_659' title='bbox 2205 4529 2349 4582; x_wconf 90' lang='lat' dir='ltr'><strong>enim</strong></span> <span class='ocrx_word' id='word_1_660' title='bbox 2388 4511 2429 4563; x_wconf 78' lang='grc' dir='ltr'><strong>ί)</strong></span> <span class='ocrx_word' id='word_1_661' title='bbox 2531 4525 2701 4579; x_wconf 84' lang='lat' dir='ltr'><strong>Porro</strong></span> <span class='ocrx_word' id='word_1_662' title='bbox 2729 4525 2870 4578; x_wconf 90' lang='lat' dir='ltr'><strong>scire</strong></span> <span class='ocrx_word' id='word_1_663' title='bbox 2909 4525 3057 4588; x_wconf 86' lang='lat' dir='ltr'><strong>licet,</strong></span> <span class='ocrx_word' id='word_1_664' title='bbox 3087 4525 3327 4593; x_wconf 79' lang='lat' dir='ltr'><strong>quinque</strong></span> <span class='ocrx_word' id='word_1_665' title='bbox 3361 4523 3643 4577; x_wconf 83' lang='lat' dir='ltr'><strong>hominum</strong></span> <span class='ocrx_word' id='word_1_666' title='bbox 3691 4539 3893 4590; x_wconf 66' lang='lat' dir='ltr'><strong>genera</strong></span> <span class='ocrx_word' id='word_1_667' title='bbox 3941 4542 4040 4578; x_wconf 85' lang='lat' dir='ltr'><strong>sa-</strong></span> 
     </span>
    </p>
   </div>
   <div class='ocr_carea' id='block_1_91' title="bbox 768 4614 2349 4686">
    <p class='ocr_par' dir='ltr' id='par_1_91' title="bbox 768 4614 2349 4686">
     <span class='ocr_line' id='line_1_91' title="bbox 768 4614 2349 4686; baseline 0.006 -20"><span class='ocrx_word' id='word_1_668' title='bbox 768 4615 1098 4686; x_wconf 85' lang='lat' dir='ltr'><strong>intelligunt,</strong></span> <span class='ocrx_word' id='word_1_669' title='bbox 1139 4630 1196 4670; x_wconf 88' lang='lat' dir='ltr'><strong>se</strong></span> <span class='ocrx_word' id='word_1_670' title='bbox 1226 4615 1276 4669; x_wconf 90' lang='lat' dir='ltr'><strong>id</strong></span> <span class='ocrx_word' id='word_1_671' title='bbox 1306 4614 1510 4682; x_wconf 78' lang='lat' dir='ltr'><strong>facere,</strong></span> <span class='ocrx_word' id='word_1_672' title='bbox 1537 4617 1682 4686; x_wconf 87' lang='lat' dir='ltr'><strong>quod</strong></span> <span class='ocrx_word' id='word_1_673' title='bbox 1713 4619 2063 4682; x_wconf 86' lang='lat' dir='ltr'><strong>erubescant,</strong></span> <span class='ocrx_word' id='word_1_674' title='bbox 2101 4621 2194 4674; x_wconf 89' lang='lat' dir='ltr'><strong>sed</strong></span> <span class='ocrx_word' id='word_1_675' title='bbox 2227 4637 2349 4675; x_wconf 91' lang='lat' dir='ltr'><strong>cum</strong></span> 
     </span>
    </p>
   </div>
   <div class='ocr_carea' id='block_1_92' title="bbox 767 4708 2355 4777">
    <p class='ocr_par' dir='ltr' id='par_1_92' title="bbox 767 4708 2355 4777">
     <span class='ocr_line' id='line_1_92' title="bbox 767 4708 2355 4777; baseline 0.004 -17"><span class='ocrx_word' id='word_1_676' title='bbox 767 4708 1115 4762; x_wconf 78' lang='lat' dir='ltr'><strong>immaculata</strong></span> <span class='ocrx_word' id='word_1_677' title='bbox 1168 4709 1560 4762; x_wconf 84' lang='lat' dir='ltr'><strong>communione</strong></span> <span class='ocrx_word' id='word_1_678' title='bbox 1619 4708 2001 4777; x_wconf 77' lang='lat' dir='ltr'><strong>puoltibentur,</strong></span> <span class='ocrx_word' id='word_1_679' title='bbox 2053 4711 2355 4766; x_wconf 84' lang='lat' dir='ltr'><strong>incitantur</strong></span> 
     </span>
    </p>
   </div>
   <div class='ocr_carea' id='block_1_93' title="bbox 768 4800 2353 4868">
    <p class='ocr_par' dir='ltr' id='par_1_93' title="bbox 768 4800 2353 4868">
     <span class='ocr_line' id='line_1_93' title="bbox 768 4800 2353 4868; baseline 0.005 -17"><span class='ocrx_word' id='word_1_680' title='bbox 768 4800 1003 4868; x_wconf 85' lang='lat' dir='ltr'><strong>amplius</strong></span> <span class='ocrx_word' id='word_1_681' title='bbox 1039 4808 1098 4852; x_wconf 93' lang='lat' dir='ltr'><strong>ut</strong></span> <span class='ocrx_word' id='word_1_682' title='bbox 1135 4815 1251 4854; x_wconf 82' lang='lat' dir='ltr'><strong>sese</strong></span> <span class='ocrx_word' id='word_1_683' title='bbox 1308 4800 1359 4852; x_wconf 94' lang='lat' dir='ltr'><strong>in</strong></span> <span class='ocrx_word' id='word_1_684' title='bbox 1393 4801 1701 4854; x_wconf 84' lang='lat' dir='ltr'><strong>vecordiam</strong></span> <span class='ocrx_word' id='word_1_685' title='bbox 1732 4842 1745 4864; x_wconf 91' lang='lat'><strong>,</strong></span> <span class='ocrx_word' id='word_1_686' title='bbox 1780 4815 2051 4855; x_wconf 85' lang='lat' dir='ltr'><strong>summum</strong></span> <span class='ocrx_word' id='word_1_687' title='bbox 2105 4815 2353 4858; x_wconf 88' lang='lat' dir='ltr'><strong>contem-</strong></span> 
     </span>
    </p>
   </div>
   <div class='ocr_carea' id='block_1_94' title="bbox 769 4891 2351 4963">
    <p class='ocr_par' dir='ltr' id='par_1_94' title="bbox 769 4891 2351 4963">
     <span class='ocr_line' id='line_1_94' title="bbox 769 4891 2351 4963; baseline 0.004 -22"><span class='ocrx_word' id='word_1_688' title='bbox 769 4904 944 4960; x_wconf 76' lang='lat' dir='ltr'><strong>ptum,</strong></span> <span class='ocrx_word' id='word_1_689' title='bbox 981 4891 1446 4961; x_wconf 84' lang='lat' dir='ltr'><strong>desperationem,</strong></span> <span class='ocrx_word' id='word_1_690' title='bbox 1483 4892 2351 4963; x_wconf 39' lang='lat' dir='ltr'><strong>perditioneinquefprmcipitent,</strong></span> 
     </span>
    </p>
   </div>
   <div class='ocr_carea' id='block_1_95' title="bbox 769 4981 2350 5050">
    <p class='ocr_par' dir='ltr' id='par_1_95' title="bbox 769 4981 2350 5050">
     <span class='ocr_line' id='line_1_95' title="bbox 769 4981 2350 5050; baseline 0.004 -16"><span class='ocrx_word' id='word_1_691' title='bbox 769 4995 871 5035; x_wconf 81' lang='lat' dir='ltr'><strong>nec</strong></span> <span class='ocrx_word' id='word_1_692' title='bbox 901 4996 928 5034; x_wconf 91' lang='lat' dir='ltr'><strong>a</strong></span> <span class='ocrx_word' id='word_1_693' title='bbox 983 4989 1135 5034; x_wconf 89' lang='lat' dir='ltr'><strong>tanto</strong></span> <span class='ocrx_word' id='word_1_694' title='bbox 1168 4981 1435 5050; x_wconf 86' lang='lat' dir='ltr'><strong>periculo,</strong></span> <span class='ocrx_word' id='word_1_695' title='bbox 1471 4989 1677 5050; x_wconf 90' lang='lat' dir='ltr'><strong>quanto</strong></span> <span class='ocrx_word' id='word_1_696' title='bbox 1727 4982 1904 5050; x_wconf 89' lang='lat' dir='ltr'><strong>majus</strong></span> <span class='ocrx_word' id='word_1_697' title='bbox 1958 4998 2058 5038; x_wconf 89' lang='lat' dir='ltr'><strong>nec</strong></span> <span class='ocrx_word' id='word_1_698' title='bbox 2089 4994 2170 5037; x_wconf 90' lang='lat' dir='ltr'><strong>est</strong></span> <span class='ocrx_word' id='word_1_699' title='bbox 2200 5023 2214 5048; x_wconf 95' lang='lat'><strong>,</strong></span> <span class='ocrx_word' id='word_1_700' title='bbox 2249 5000 2350 5040; x_wconf 87' lang='lat' dir='ltr'><strong>nec</strong></span> 
     </span>
    </p>
   </div>
   <div class='ocr_carea' id='block_1_96' title="bbox 769 5073 2352 5146">
    <p class='ocr_par' dir='ltr' id='par_1_96' title="bbox 769 5073 2352 5146">
     <span class='ocr_line' id='line_1_96' title="bbox 769 5073 2352 5146; baseline 0.004 -20"><span class='ocrx_word' id='word_1_701' title='bbox 769 5075 872 5127; x_wconf 80' lang='lat' dir='ltr'><strong>fuit</strong></span> <span class='ocrx_word' id='word_1_702' title='bbox 900 5076 1017 5144; x_wconf 85' lang='lat' dir='ltr'><strong>(per</strong></span> <span class='ocrx_word' id='word_1_703' title='bbox 1049 5073 1326 5143; x_wconf 86' lang='lat' dir='ltr'><strong>indignam</strong></span> <span class='ocrx_word' id='word_1_704' title='bbox 1364 5074 1566 5143; x_wconf 90' lang='lat' dir='ltr'><strong>quippe</strong></span> <span class='ocrx_word' id='word_1_705' title='bbox 1596 5088 1714 5127; x_wconf 92' lang='lat' dir='ltr'><strong>com</strong></span> <span class='ocrx_word' id='word_1_706' title='bbox 1729 5074 2067 5137; x_wconf 88' lang='lat' dir='ltr'><strong>munionem.</strong></span> <span class='ocrx_word' id='word_1_707' title='bbox 2099 5078 2352 5146; x_wconf 85' lang='lat' dir='ltr'><strong>corporis</strong></span> 
     </span>
    </p>
   </div>
   <div class='ocr_carea' id='block_1_97' title="bbox 768 5166 2353 5238">
    <p class='ocr_par' dir='ltr' id='par_1_97' title="bbox 768 5166 2353 5238">
     <span class='ocr_line' id='line_1_97' title="bbox 768 5166 2353 5238; baseline 0.003 -18"><span class='ocrx_word' id='word_1_708' title='bbox 768 5166 1000 5230; x_wconf 81' lang='lat' dir='ltr'><strong>Christi,</strong></span> <span class='ocrx_word' id='word_1_709' title='bbox 1029 5175 1082 5219; x_wconf 90' lang='lat' dir='ltr'><strong>ct</strong></span> <span class='ocrx_word' id='word_1_710' title='bbox 1111 5166 1394 5234; x_wconf 82' lang='lat' dir='ltr'><strong>sanguinis</strong></span> <span class='ocrx_word' id='word_1_711' title='bbox 1419 5167 1492 5220; x_wconf 89' lang='lat' dir='ltr'><strong>rei</strong></span> <span class='ocrx_word' id='word_1_712' title='bbox 1522 5168 1678 5235; x_wconf 85' lang='lat' dir='ltr'><strong>ﬁunt)</strong></span> <span class='ocrx_word' id='word_1_713' title='bbox 1705 5182 1803 5222; x_wconf 85' lang='lat' dir='ltr'><strong>eos</strong></span> <span class='ocrx_word' id='word_1_714' title='bbox 1837 5169 2114 5222; x_wconf 84' lang='lat' dir='ltr'><strong>revocanti</strong></span> <span class='ocrx_word' id='word_1_715' title='bbox 2146 5170 2353 5238; x_wconf 83' lang='lat' dir='ltr'><strong>gratias</strong></span> 
     </span>
    </p>
   </div>
   <div class='ocr_carea' id='block_1_98' title="bbox 768 5259 2352 5330">
    <p class='ocr_par' dir='ltr' id='par_1_98' title="bbox 768 5259 2352 5330">
     <span class='ocr_line' id='line_1_98' title="bbox 768 5259 2352 5330; baseline 0.002 -18"><span class='ocrx_word' id='word_1_716' title='bbox 768 5270 949 5330; x_wconf 81' lang='lat' dir='ltr'><strong>agent.</strong></span> <span class='ocrx_word' id='word_1_717' title='bbox 980 5259 1120 5325; x_wconf 91' lang='lat' dir='ltr'><strong>Quid</strong></span> <span class='ocrx_word' id='word_1_718' title='bbox 1156 5268 1336 5313; x_wconf 82' lang='lat' dir='ltr'><strong>autent</strong></span> <span class='ocrx_word' id='word_1_719' title='bbox 1366 5259 1788 5324; x_wconf 86' lang='lat' dir='ltr'><strong>intolerabilius,</strong></span> <span class='ocrx_word' id='word_1_720' title='bbox 1825 5275 1988 5329; x_wconf 90' lang='lat' dir='ltr'><strong>quam</strong></span> <span class='ocrx_word' id='word_1_721' title='bbox 2023 5260 2352 5329; x_wconf 90' lang='lat' dir='ltr'><strong>supplicium</strong></span> 
     </span>
    </p>
   </div>
   <div class='ocr_carea' id='block_1_99' title="bbox 768 5350 2349 5422">
    <p class='ocr_par' dir='ltr' id='par_1_99' title="bbox 768 5350 2349 5422">
     <span class='ocr_line' id='line_1_99' title="bbox 768 5350 2349 5422; baseline 0.003 -20"><span class='ocrx_word' id='word_1_722' title='bbox 768 5350 879 5404; x_wconf 85' lang='lat' dir='ltr'><strong>tale</strong></span> <span class='ocrx_word' id='word_1_723' title='bbox 925 5352 1208 5404; x_wconf 86' lang='lat' dir='ltr'><strong>incurrere</strong></span> <span class='ocrx_word' id='word_1_724' title='bbox 1233 5388 1249 5414; x_wconf 90' lang='lat'><strong>,</strong></span> <span class='ocrx_word' id='word_1_725' title='bbox 1283 5351 1442 5418; x_wconf 90' lang='lat' dir='ltr'><strong>quale</strong></span> <span class='ocrx_word' id='word_1_726' title='bbox 1503 5351 1897 5420; x_wconf 87' lang='lat' dir='ltr'><strong>perpetientur,</strong></span> <span class='ocrx_word' id='word_1_727' title='bbox 1927 5352 2019 5422; x_wconf 89' lang='lat' dir='ltr'><strong>qui</strong></span> <span class='ocrx_word' id='word_1_728' title='bbox 2068 5350 2349 5406; x_wconf 86' lang='lat' dir='ltr'><strong>Christum</strong></span> 
     </span>
    </p>
   </div>
   <div class='ocr_carea' id='block_1_100' title="bbox 769 5441 2348 5513">
    <p class='ocr_par' dir='ltr' id='par_1_100' title="bbox 769 5441 2348 5513">
     <span class='ocr_line' id='line_1_100' title="bbox 769 5441 2348 5513; baseline 0.003 -17"><span class='ocrx_word' id='word_1_729' title='bbox 769 5459 825 5496; x_wconf 86' lang='lat' dir='ltr'><strong>tn</strong></span> <span class='ocrx_word' id='word_1_730' title='bbox 859 5456 1079 5496; x_wconf 77' lang='lat' dir='ltr'><strong>cvucem</strong></span> <span class='ocrx_word' id='word_1_731' title='bbox 1132 5441 1400 5511; x_wconf 77' lang='lat' dir='ltr'><strong>egerunt?</strong></span> <span class='ocrx_word' id='word_1_732' title='bbox 1449 5442 1588 5508; x_wconf 80' lang='lat' dir='ltr'><strong>Quia</strong></span> <span class='ocrx_word' id='word_1_733' title='bbox 1622 5481 1637 5506; x_wconf 87' lang='lat'><strong>,</strong></span> <span class='ocrx_word' id='word_1_734' title='bbox 1685 5443 1905 5513; x_wconf 86' lang='lat' dir='ltr'><strong>inquam</strong></span> <span class='ocrx_word' id='word_1_735' title='bbox 1938 5482 1951 5506; x_wconf 90' lang='lat'><strong>,</strong></span> <span class='ocrx_word' id='word_1_736' title='bbox 2007 5444 2163 5496; x_wconf 78' lang='lat' dir='ltr'><strong>multi</strong></span> <span class='ocrx_word' id='word_1_737' title='bbox 2214 5445 2348 5500; x_wconf 80' lang='lat' dir='ltr'><strong>tales</strong></span> 
     </span>
    </p>
   </div>
   <div class='ocr_carea' id='block_1_101' title="bbox 768 5531 2345 5606">
    <p class='ocr_par' dir='ltr' id='par_1_101' title="bbox 768 5531 2345 5606">
     <span class='ocr_line' id='line_1_101' title="bbox 768 5531 2345 5606; baseline -0.001 -18"><span class='ocrx_word' id='word_1_738' title='bbox 768 5547 893 5589; x_wconf 79' lang='lat' dir='ltr'><strong>sunt</strong></span> <span class='ocrx_word' id='word_1_739' title='bbox 923 5576 937 5600; x_wconf 91' lang='lat'><strong>,</strong></span> <span class='ocrx_word' id='word_1_740' title='bbox 979 5531 1052 5588; x_wconf 85' lang='lat' dir='ltr'><strong>ita</strong></span> <span class='ocrx_word' id='word_1_741' title='bbox 1091 5549 1186 5590; x_wconf 81' lang='lat' dir='ltr'><strong>eos</strong></span> <span class='ocrx_word' id='word_1_742' title='bbox 1233 5544 1470 5590; x_wconf 89' lang='lat' dir='ltr'><strong>tractare</strong></span> <span class='ocrx_word' id='word_1_743' title='bbox 1509 5545 1746 5605; x_wconf 87' lang='lat' dir='ltr'><strong>oportet.</strong></span> <span class='ocrx_word' id='word_1_744' title='bbox 1800 5535 2056 5606; x_wconf 87' lang='lat' dir='ltr'><strong>Cogenda</strong></span> <span class='ocrx_word' id='word_1_745' title='bbox 2116 5535 2345 5591; x_wconf 81' lang='lat' dir='ltr'><strong>fratrum</strong></span> 
     </span>
    </p>
   </div>
   <div class='ocr_carea' id='block_1_102' title="bbox 771 5625 2344 5701">
    <p class='ocr_par' dir='ltr' id='par_1_102' title="bbox 771 5625 2344 5701">
     <span class='ocr_line' id='line_1_102' title="bbox 771 5625 2344 5701; baseline -0.001 -19"><span class='ocrx_word' id='word_1_746' title='bbox 771 5626 1086 5689; x_wconf 88' lang='lat' dir='ltr'><strong>multitudo,</strong></span> <span class='ocrx_word' id='word_1_747' title='bbox 1117 5635 1170 5681; x_wconf 83' lang='lat' dir='ltr'><strong>et</strong></span> <span class='ocrx_word' id='word_1_748' title='bbox 1219 5625 1364 5684; x_wconf 75' lang='lat' dir='ltr'><strong>Deus</strong></span> <span class='ocrx_word' id='word_1_749' title='bbox 1416 5643 1580 5698; x_wconf 63' lang='lat' dir='ltr'><strong>super</strong></span> <span class='ocrx_word' id='word_1_750' title='bbox 1629 5629 1695 5683; x_wconf 89' lang='lat' dir='ltr'><strong>iis</strong></span> <span class='ocrx_word' id='word_1_751' title='bbox 1739 5644 1861 5683; x_wconf 88' lang='lat' dir='ltr'><strong>cum</strong></span> <span class='ocrx_word' id='word_1_752' title='bbox 1902 5630 2158 5701; x_wconf 75' lang='lat' dir='ltr'><strong>lacrymis</strong></span> <span class='ocrx_word' id='word_1_753' title='bbox 2187 5629 2344 5683; x_wconf 90' lang='lat' dir='ltr'><strong>invo-</strong></span> 
     </span>
    </p>
   </div>
   <div class='ocr_carea' id='block_1_103' title="bbox 845 5806 1310 5875">
    <p class='ocr_par' dir='ltr' id='par_1_103' title="bbox 845 5806 1310 5875">
     <span class='ocr_line' id='line_1_103' title="bbox 845 5806 1310 5875; baseline 0 -14"><span class='ocrx_word' id='word_1_754' title='bbox 845 5809 892 5842; x_wconf 72' lang='lat'><strong><em>“</em></strong></span> <span class='ocrx_word' id='word_1_755' title='bbox 926 5806 946 5861; x_wconf 86' lang='lat'><strong>1</strong></span> <span class='ocrx_word' id='word_1_756' title='bbox 988 5806 1112 5873; x_wconf 67' lang='lat' dir='ltr'><strong>Cor.</strong></span> <span class='ocrx_word' id='word_1_757' title='bbox 1145 5823 1198 5875; x_wconf 72' lang='grc' dir='ltr'><strong>ν,</strong></span> <span class='ocrx_word' id='word_1_758' title='bbox 1223 5807 1310 5861; x_wconf 82' lang='grc' dir='ltr'><strong>Η.</strong></span> 
     </span>
    </p>
   </div>
   <div class='ocr_carea' id='block_1_104' title="bbox 1391 5806 2128 5873">
    <p class='ocr_par' dir='ltr' id='par_1_104' title="bbox 1391 5806 2128 5873">
     <span class='ocr_line' id='line_1_104' title="bbox 1391 5806 2128 5873; baseline 0.001 -12"><span class='ocrx_word' id='word_1_759' title='bbox 1391 5811 1429 5840; x_wconf 78' lang='grc'>⁷⁸</span> <span class='ocrx_word' id='word_1_760' title='bbox 1463 5809 1606 5864; x_wconf 63' lang='lat' dir='ltr'><strong>Paul.</strong></span> <span class='ocrx_word' id='word_1_761' title='bbox 1653 5824 1704 5873; x_wconf 63' lang='grc' dir='ltr'><strong>κ’,</strong></span> <span class='ocrx_word' id='word_1_762' title='bbox 1740 5811 1790 5862; x_wconf 80' lang='lat' dir='ltr'><strong>ii.</strong></span> <span class='ocrx_word' id='word_1_763' title='bbox 1871 5810 1911 5840; x_wconf 82' lang='grc'>⁷¹</span> <span class='ocrx_word' id='word_1_764' title='bbox 1935 5806 2071 5865; x_wconf 81' lang='lat' dir='ltr'><strong>ibid.</strong></span> <span class='ocrx_word' id='word_1_765' title='bbox 2100 5808 2128 5862; x_wconf 84' lang='lat'><strong>7</strong></span> 
     </span>
    </p>
   </div>
   <div class='ocr_carea' id='block_1_105' title="bbox 2461 4613 4049 4671">
    <p class='ocr_par' dir='ltr' id='par_1_105' title="bbox 2461 4613 4049 4671">
     <span class='ocr_line' id='line_1_105' title="bbox 2461 4613 4049 4671; baseline -0.003 -1"><span class='ocrx_word' id='word_1_766' title='bbox 2461 4632 2551 4671; x_wconf 90' lang='lat' dir='ltr'><strong>cra</strong></span> <span class='ocrx_word' id='word_1_767' title='bbox 2585 4616 2977 4669; x_wconf 90' lang='lat' dir='ltr'><strong>communione</strong></span> <span class='ocrx_word' id='word_1_768' title='bbox 3011 4631 3036 4666; x_wconf 77' lang='grc' dir='ltr'>τι</span> <span class='ocrx_word' id='word_1_769' title='bbox 3068 4615 3275 4668; x_wconf 85' lang='lat' dir='ltr'><strong>sanetis</strong></span> <span class='ocrx_word' id='word_1_770' title='bbox 3309 4613 3562 4667; x_wconf 82' lang='lat' dir='ltr'><strong>Patribns</strong></span> <span class='ocrx_word' id='word_1_771' title='bbox 3595 4615 3833 4667; x_wconf 72' lang='lat' dir='ltr'><strong>excludi.</strong></span> <span class='ocrx_word' id='word_1_772' title='bbox 3868 4613 4049 4666; x_wconf 80' lang='lat' dir='ltr'><strong>Primi</strong></span> 
     </span>
    </p>
   </div>
   <div class='ocr_carea' id='block_1_106' title="bbox 2462 4705 4052 4775">
    <p class='ocr_par' dir='ltr' id='par_1_106' title="bbox 2462 4705 4052 4775">
     <span class='ocr_line' id='line_1_106' title="bbox 2462 4705 4052 4775; baseline -0.003 -13"><span class='ocrx_word' id='word_1_773' title='bbox 2462 4717 2592 4762; x_wconf 89' lang='lat' dir='ltr'><strong>sunt</strong></span> <span class='ocrx_word' id='word_1_774' title='bbox 2639 4705 3041 4770; x_wconf 88' lang='lat' dir='ltr'><strong>eateehomeni,</strong></span> <span class='ocrx_word' id='word_1_775' title='bbox 3089 4715 3273 4775; x_wconf 88' lang='lat' dir='ltr'><strong>utpote</strong></span> <span class='ocrx_word' id='word_1_776' title='bbox 3329 4707 3601 4774; x_wconf 87' lang='lat' dir='ltr'><strong>baptismo</strong></span> <span class='ocrx_word' id='word_1_777' title='bbox 3651 4705 3895 4759; x_wconf 90' lang='lat' dir='ltr'><strong>nondum</strong></span> <span class='ocrx_word' id='word_1_778' title='bbox 3949 4722 4052 4758; x_wconf 65' lang='lat' dir='ltr'><strong>ev-</strong></span> 
     </span>
    </p>
   </div>
   <div class='ocr_carea' id='block_1_107' title="bbox 2457 4796 4046 4868">
    <p class='ocr_par' dir='ltr' id='par_1_107' title="bbox 2457 4796 4046 4868">
     <span class='ocr_line' id='line_1_107' title="bbox 2457 4796 4046 4868; baseline -0.001 -17"><span class='ocrx_word' id='word_1_779' title='bbox 2457 4797 2613 4868; x_wconf 90' lang='lat' dir='ltr'><strong>piati.</strong></span> <span class='ocrx_word' id='word_1_780' title='bbox 2644 4796 2905 4860; x_wconf 85' lang='lat' dir='ltr'><strong>Secundi,</strong></span> <span class='ocrx_word' id='word_1_781' title='bbox 2951 4797 3214 4864; x_wconf 80' lang='lat' dir='ltr'><strong>baptizati</strong></span> <span class='ocrx_word' id='word_1_782' title='bbox 3260 4799 3506 4866; x_wconf 86' lang='lat' dir='ltr'><strong>quidem,</strong></span> <span class='ocrx_word' id='word_1_783' title='bbox 3547 4797 3639 4851; x_wconf 90' lang='lat' dir='ltr'><strong>sed</strong></span> <span class='ocrx_word' id='word_1_784' title='bbox 3683 4798 3775 4866; x_wconf 93' lang='lat' dir='ltr'><strong>qui</strong></span> <span class='ocrx_word' id='word_1_785' title='bbox 3841 4797 4046 4850; x_wconf 84' lang='lat' dir='ltr'><strong>sordes</strong></span> 
     </span>
    </p>
   </div>
   <div class='ocr_carea' id='block_1_108' title="bbox 2460 4890 4057 4966">
    <p class='ocr_par' dir='ltr' id='par_1_108' title="bbox 2460 4890 4057 4966">
     <span class='ocr_line' id='line_1_108' title="bbox 2460 4890 4057 4966; baseline -0.001 -20"><span class='ocrx_word' id='word_1_786' title='bbox 2460 4900 2508 4946; x_wconf 88' lang='lat' dir='ltr'><strong>et</strong></span> <span class='ocrx_word' id='word_1_787' title='bbox 2535 4901 2758 4960; x_wconf 87' lang='lat' dir='ltr'><strong>peccata</strong></span> <span class='ocrx_word' id='word_1_788' title='bbox 2798 4890 3026 4960; x_wconf 88' lang='lat' dir='ltr'><strong>diligere</strong></span> <span class='ocrx_word' id='word_1_789' title='bbox 3060 4902 3350 4959; x_wconf 74' lang='lat' dir='ltr'><strong>cmperuat</strong></span> <span class='ocrx_word' id='word_1_790' title='bbox 3381 4908 3394 4944; x_wconf 91' lang='lat'><strong>:</strong></span> <span class='ocrx_word' id='word_1_791' title='bbox 3427 4907 3549 4944; x_wconf 89' lang='lat' dir='ltr'><strong>nam</strong></span> <span class='ocrx_word' id='word_1_792' title='bbox 3586 4892 3638 4944; x_wconf 90' lang='lat' dir='ltr'><strong>hi</strong></span> <span class='ocrx_word' id='word_1_793' title='bbox 3675 4891 3800 4944; x_wconf 70' lang='lat' dir='ltr'><strong>vita:</strong></span> <span class='ocrx_word' id='word_1_794' title='bbox 3835 4902 4057 4966; x_wconf 63' lang='lat' dir='ltr'><strong>sancta;</strong></span> 
     </span>
    </p>
   </div>
   <div class='ocr_carea' id='block_1_109' title="bbox 2456 4982 4050 5052">
    <p class='ocr_par' dir='ltr' id='par_1_109' title="bbox 2456 4982 4050 5052">
     <span class='ocr_line' id='line_1_109' title="bbox 2456 4982 4050 5052; baseline -0.001 -15"><span class='ocrx_word' id='word_1_795' title='bbox 2456 4982 2786 5049; x_wconf 87' lang='lat' dir='ltr'><strong>desertores,</strong></span> <span class='ocrx_word' id='word_1_796' title='bbox 2813 4991 2866 5036; x_wconf 89' lang='lat' dir='ltr'><strong>et</strong></span> <span class='ocrx_word' id='word_1_797' title='bbox 2905 4992 3166 5050; x_wconf 80' lang='lat' dir='ltr'><strong>apostata:</strong></span> <span class='ocrx_word' id='word_1_798' title='bbox 3219 4983 3598 5036; x_wconf 84' lang='lat' dir='ltr'><strong>nominantur.</strong></span> <span class='ocrx_word' id='word_1_799' title='bbox 3640 4982 3832 5046; x_wconf 87' lang='lat' dir='ltr'><strong>Tertii,</strong></span> <span class='ocrx_word' id='word_1_800' title='bbox 3866 4985 3964 5052; x_wconf 86' lang='lat' dir='ltr'><strong>qui</strong></span> <span class='ocrx_word' id='word_1_801' title='bbox 4019 5001 4050 5036; x_wconf 86' lang='lat' dir='ltr'><strong>:t</strong></span> 
     </span>
    </p>
   </div>
   <div class='ocr_carea' id='block_1_110' title="bbox 2460 5075 4048 5144">
    <p class='ocr_par' dir='ltr' id='par_1_110' title="bbox 2460 5075 4048 5144">
     <span class='ocr_line' id='line_1_110' title="bbox 2460 5075 4048 5144; baseline 0.001 -15"><span class='ocrx_word' id='word_1_802' title='bbox 2460 5075 2619 5131; x_wconf 91' lang='lat' dir='ltr'><strong>malis</strong></span> <span class='ocrx_word' id='word_1_803' title='bbox 2655 5075 2939 5144; x_wconf 83' lang='lat' dir='ltr'><strong>spiritibus</strong></span> <span class='ocrx_word' id='word_1_804' title='bbox 2971 5075 3217 5129; x_wconf 88' lang='lat' dir='ltr'><strong>humano</strong></span> <span class='ocrx_word' id='word_1_805' title='bbox 3256 5077 3435 5143; x_wconf 84' lang='lat' dir='ltr'><strong>generi</strong></span> <span class='ocrx_word' id='word_1_806' title='bbox 3471 5075 3707 5139; x_wconf 81' lang='lat' dir='ltr'><strong>infestis,</strong></span> <span class='ocrx_word' id='word_1_807' title='bbox 3752 5084 3805 5129; x_wconf 87' lang='lat' dir='ltr'><strong>et</strong></span> <span class='ocrx_word' id='word_1_808' title='bbox 3843 5079 4048 5131; x_wconf 65' lang='grc' dir='ltr'><strong>θός-οι·-</strong></span> 
     </span>
    </p>
   </div>
   <div class='ocr_carea' id='block_1_111' title="bbox 2459 5168 4047 5240">
    <p class='ocr_par' dir='ltr' id='par_1_111' title="bbox 2459 5168 4047 5240">
     <span class='ocr_line' id='line_1_111' title="bbox 2459 5168 4047 5240; baseline 0.001 -18"><span class='ocrx_word' id='word_1_809' title='bbox 2459 5169 2619 5223; x_wconf 70' lang='lat' dir='ltr'><strong>sat-iis</strong></span> <span class='ocrx_word' id='word_1_810' title='bbox 2655 5168 2986 5234; x_wconf 79' lang='lat' dir='ltr'><strong>insidentur,</strong></span> <span class='ocrx_word' id='word_1_811' title='bbox 3012 5179 3064 5222; x_wconf 88' lang='lat' dir='ltr'><strong>ct</strong></span> <span class='ocrx_word' id='word_1_812' title='bbox 3099 5178 3466 5238; x_wconf 85' lang='lat' dir='ltr'><strong>occupantur.</strong></span> <span class='ocrx_word' id='word_1_813' title='bbox 3499 5169 3712 5234; x_wconf 85' lang='lat' dir='ltr'><strong>Quarti,</strong></span> <span class='ocrx_word' id='word_1_814' title='bbox 3748 5171 3840 5240; x_wconf 94' lang='lat' dir='ltr'><strong>qui</strong></span> <span class='ocrx_word' id='word_1_815' title='bbox 3872 5185 3902 5222; x_wconf 87' lang='lat' dir='ltr'><strong>a</strong></span> <span class='ocrx_word' id='word_1_816' title='bbox 3940 5175 4047 5224; x_wconf 81' lang='lat' dir='ltr'><strong>vita</strong></span> 
     </span>
    </p>
   </div>
   <div class='ocr_carea' id='block_1_112' title="bbox 2457 5259 4049 5329">
    <p class='ocr_par' dir='ltr' id='par_1_112' title="bbox 2457 5259 4049 5329">
     <span class='ocr_line' id='line_1_112' title="bbox 2457 5259 4049 5329; baseline 0.001 -14"><span class='ocrx_word' id='word_1_817' title='bbox 2457 5259 2774 5315; x_wconf 73' lang='lat' dir='ltr'><strong>iaeinorosa</strong></span> <span class='ocrx_word' id='word_1_818' title='bbox 2816 5270 3172 5316; x_wconf 89' lang='lat' dir='ltr'><strong>recesserunt</strong></span> <span class='ocrx_word' id='word_1_819' title='bbox 3207 5262 3283 5314; x_wconf 93' lang='lat' dir='ltr'><strong>illi</strong></span> <span class='ocrx_word' id='word_1_820' title='bbox 3335 5262 3581 5329; x_wconf 90' lang='lat' dir='ltr'><strong>quidem,</strong></span> <span class='ocrx_word' id='word_1_821' title='bbox 3626 5277 3814 5316; x_wconf 86' lang='lat' dir='ltr'><strong>verum</strong></span> <span class='ocrx_word' id='word_1_822' title='bbox 3861 5263 4049 5317; x_wconf 87' lang='lat' dir='ltr'><strong>adhuc</strong></span> 
     </span>
    </p>
   </div>
   <div class='ocr_carea' id='block_1_113' title="bbox 2457 5353 4047 5423">
    <p class='ocr_par' dir='ltr' id='par_1_113' title="bbox 2457 5353 4047 5423">
     <span class='ocr_line' id='line_1_113' title="bbox 2457 5353 4047 5423; baseline 0 -17"><span class='ocrx_word' id='word_1_823' title='bbox 2457 5354 2836 5422; x_wconf 79' lang='lat' dir='ltr'><strong>pcenitentiam</strong></span> <span class='ocrx_word' id='word_1_824' title='bbox 2872 5363 3062 5423; x_wconf 74' lang='lat' dir='ltr'><strong>agunt.</strong></span> <span class='ocrx_word' id='word_1_825' title='bbox 3095 5353 3308 5418; x_wconf 85' lang='lat' dir='ltr'><strong>Quinti,</strong></span> <span class='ocrx_word' id='word_1_826' title='bbox 3363 5354 3456 5423; x_wconf 91' lang='lat' dir='ltr'><strong>qui</strong></span> <span class='ocrx_word' id='word_1_827' title='bbox 3504 5369 3609 5407; x_wconf 81' lang='lat' dir='ltr'><strong>non</strong></span> <span class='ocrx_word' id='word_1_828' title='bbox 3658 5361 3828 5408; x_wconf 88' lang='lat' dir='ltr'><strong>totam</strong></span> <span class='ocrx_word' id='word_1_829' title='bbox 3871 5356 4047 5408; x_wconf 80' lang='lat' dir='ltr'><strong>vitam</strong></span> 
     </span>
    </p>
   </div>
   <div class='ocr_carea' id='block_1_114' title="bbox 2460 5443 4049 5509">
    <p class='ocr_par' dir='ltr' id='par_1_114' title="bbox 2460 5443 4049 5509">
     <span class='ocr_line' id='line_1_114' title="bbox 2460 5443 4049 5509; baseline 0.001 -10"><span class='ocrx_word' id='word_1_830' title='bbox 2460 5458 2616 5499; x_wconf 84' lang='lat' dir='ltr'><strong>suam</strong></span> <span class='ocrx_word' id='word_1_831' title='bbox 2648 5443 2758 5500; x_wconf 89' lang='lat' dir='ltr'><strong>Deo</strong></span> <span class='ocrx_word' id='word_1_832' title='bbox 2785 5455 3207 5509; x_wconf 90' lang='lat' dir='ltr'><strong>consecrarunt,</strong></span> <span class='ocrx_word' id='word_1_833' title='bbox 3241 5460 3341 5500; x_wconf 89' lang='lat' dir='ltr'><strong>nec</strong></span> <span class='ocrx_word' id='word_1_834' title='bbox 3369 5446 3424 5498; x_wconf 92' lang='lat' dir='ltr'><strong>in</strong></span> <span class='ocrx_word' id='word_1_835' title='bbox 3455 5445 3675 5500; x_wconf 88' lang='lat' dir='ltr'><strong>Christo</strong></span> <span class='ocrx_word' id='word_1_836' title='bbox 3704 5448 4049 5501; x_wconf 73' lang='lat' dir='ltr'><strong>omnimodis</strong></span> 
     </span>
    </p>
   </div>
   <div class='ocr_carea' id='block_1_115' title="bbox 2458 5537 4049 5608">
    <p class='ocr_par' dir='ltr' id='par_1_115' title="bbox 2458 5537 4049 5608">
     <span class='ocr_line' id='line_1_115' title="bbox 2458 5537 4049 5608; baseline 0.003 -17"><span class='ocrx_word' id='word_1_837' title='bbox 2458 5538 2578 5591; x_wconf 90' lang='lat' dir='ltr'><strong>sine</strong></span> <span class='ocrx_word' id='word_1_838' title='bbox 2599 5537 2832 5592; x_wconf 90' lang='lat' dir='ltr'><strong>crimine</strong></span> <span class='ocrx_word' id='word_1_839' title='bbox 2867 5537 3076 5592; x_wconf 83' lang='lat' dir='ltr'><strong>vivunt.</strong></span> <span class='ocrx_word' id='word_1_840' title='bbox 3117 5538 3370 5605; x_wconf 81' lang='lat' dir='ltr'><strong>Quatuor</strong></span> <span class='ocrx_word' id='word_1_841' title='bbox 3412 5539 3615 5608; x_wconf 87' lang='lat' dir='ltr'><strong>quippe</strong></span> <span class='ocrx_word' id='word_1_842' title='bbox 3647 5546 3798 5603; x_wconf 88' lang='lat' dir='ltr'><strong>sunt,</strong></span> <span class='ocrx_word' id='word_1_843' title='bbox 3842 5537 4049 5607; x_wconf 77' lang='lat' dir='ltr'><strong>dignus</strong></span> 
     </span>
    </p>
   </div>
   <div class='ocr_carea' id='block_1_116' title="bbox 2458 5627 4049 5703">
    <p class='ocr_par' dir='ltr' id='par_1_116' title="bbox 2458 5627 4049 5703">
     <span class='ocr_line' id='line_1_116' title="bbox 2458 5627 4049 5703; baseline 0.003 -23"><span class='ocrx_word' id='word_1_844' title='bbox 2458 5628 2736 5698; x_wconf 85' lang='lat' dir='ltr'><strong>indignus,</strong></span> <span class='ocrx_word' id='word_1_845' title='bbox 2772 5630 2931 5702; x_wconf 79' lang='lat' dir='ltr'><strong>digne</strong></span> <span class='ocrx_word' id='word_1_846' title='bbox 2974 5627 3210 5699; x_wconf 82' lang='lat' dir='ltr'><strong>indigne.</strong></span> <span class='ocrx_word' id='word_1_847' title='bbox 3259 5631 3524 5703; x_wconf 72' lang='lat' dir='ltr'><strong>Indignus</strong></span> <span class='ocrx_word' id='word_1_848' title='bbox 3575 5633 3824 5695; x_wconf 88' lang='lat' dir='ltr'><strong>omnino,</strong></span> <span class='ocrx_word' id='word_1_849' title='bbox 3858 5647 3885 5683; x_wconf 83' lang='lat' dir='ltr'><strong>a</strong></span> <span class='ocrx_word' id='word_1_850' title='bbox 3917 5629 4049 5686; x_wconf 77' lang='lat' dir='ltr'><strong>cibo</strong></span> 
     </span>
    </p>
   </div>
   <div class='ocr_carea' id='block_1_117' title="bbox 2204 5809 2687 5873">
    <p class='ocr_par' dir='ltr' id='par_1_117' title="bbox 2204 5809 2687 5873">
     <span class='ocr_line' id='line_1_117' title="bbox 2204 5809 2687 5873; baseline -0.004 -9"><span class='ocrx_word' id='word_1_851' title='bbox 2204 5811 2246 5841; x_wconf 78' lang='grc'><strong>⁷³</strong></span> <span class='ocrx_word' id='word_1_852' title='bbox 2283 5809 2388 5864; x_wconf 81' lang='lat' dir='ltr'><strong>L-a.</strong></span> <span class='ocrx_word' id='word_1_853' title='bbox 2415 5826 2562 5873; x_wconf 61' lang='grc' dir='ltr'>ιλιι,</span> <span class='ocrx_word' id='word_1_854' title='bbox 2600 5811 2687 5865; x_wconf 66' lang='lat' dir='ltr'><strong>“li.</strong></span> 
     </span>
    </p>
   </div>
  </div>
