4188 6436
754 392 857 459 351

1991 397 2134 458 SYM
2147 396 2370 457 EOXIS
2409 393 2778 458 IUNIORIS

3916 397 4030 463 353

756 511 942 579 gravia
974 513 1260 576 sustinuit.
1290 512 1575 582 iacuitque
1602 527 1668 567 ex
1699 513 2060 569 Intolerandis
2089 514 2301 566 verberi
2364 517 2411 573 Α·
2442 514 2706 566 imitando
2736 513 3090 579 expresserit,
3131 527 3316 566 revera
3365 515 3612 568 eamdem
3644 515 3878 583 gratiam
3911 532 4040 571 non-

753 602 860 654 bus
921 605 1358 659 semimortuus?
1397 606 1589 660 Annon
1639 621 1763 659 cum
1815 607 1867 658 in
1902 607 2185 658 ecclesiam
2237 621 2338 674 pro

754 692 994 746 exanimi
1022 702 1168 746 esset
1195 694 1401 759 illatus,
1428 696 1516 748 ubi
1545 711 1744 750 sensus
1767 695 2118 755 convaluere,
2145 707 2338 764 suopte

757 780 999 847 impuisu
1060 785 1126 837 ad
1165 801 1373 852 pugnas
1405 786 1644 842 edendas
1692 788 1892 841 rediit?
1945 787 2057 842 Nisi
2092 791 2231 842 enim
2271 790 2338 843 ad

759 874 1109 928 adversarios
1148 878 1422 938 rediissel,
1473 879 1566 932 sed
1601 883 1654 932 in
1690 879 1892 932 mundo
1927 882 2240 944 mansisset,
2276 896 2339 934 ac

757 966 863 1018 ni~i
903 967 968 1019 ad
1031 971 1188 1020 tinem
1245 986 1419 1038 usque.
1457 971 1668 1024 fortiter
1712 972 2049 1033 dimicassrt.
2110 987 2340 1041 seseque

757 1058 929 1112 alacri
985 1062 1265 1114 voluntate.
1328 1065 1487 1135 morti
1559 1065 1868 1128 obtulisset,
1923 1066 2338 1132 cxoptatissimo

760 1152 978 1206 Domini
1005 1155 1090 1205 sui
1127 1167 1348 1221 aspectu
1377 1157 1635 1223 dignatus
1671 1173 1776 1210 non
1811 1158 2041 1220 fuisset;
2079 1173 2176 1212 nec
2209 1171 2338 1210 sua-

756 1261 874 1294 wm
902 1245 1047 1297 illam
1082 1262 1269 1300 vocem
1302 1249 1623 1301 οιιιιινίςειιι.
1663 1249 1766 1303 Sed
1799 1261 1909 1303 toto
1947 1261 2164 1316 pectore
2192 1266 2340 1319 quae-

757 1337 906 1396 sivit,
943 1339 1174 1406 impigre
1207 1341 1463 1406 pulsavit.
1494 1357 1666 1410 usque
1702 1345 1765 1393 ad
1802 1347 1956 1393 finem
1985 1343 2259 1406 toleravit,
2287 1350 2341 1396 et

756 1432 1066 1482 meroedem
1123 1435 1446 1496 condignam
1502 1436 1704 1489 retulit.
1767 1435 2014 1488 Mortuus
2055 1436 2201 1488 enim
2247 1451 2340 1486 vo-

759 1520 970 1572 luntate
1008 1536 1106 1588 pro
1137 1520 1380 1581 Christo.
1423 1524 1642 1592 jaccbat
1680 1526 1857 1578 instar
1887 1528 2118 1584 mortui:
2165 1527 2338 1580 donec

758 1610 1015 1672 accessit,
1056 1612 1147 1675 qui
1184 1623 1427 1664 mortuos
1481 1613 1531 1665 in
1575 1615 1740 1666 vitam
1793 1616 2053 1678 reSIituit,
2104 1629 2339 1680 eumque

762 1703 831 1755 ab
867 1703 1060 1764 inferis
1091 1704 1341 1754 excitmit
1375 1724 1386 1757 :
1417 1720 1443 1755 a
1477 1706 1738 1765 tenebris,
1769 1707 2011 1770 inquam,
2039 1706 2254 1762 anima.
2287 1715 2339 1757 et

758 1793 949 1845 eduxit
984 1793 1131 1845 illtttn
1168 1793 1220 1845 in
1258 1794 1578 1848 admirabile
1633 1795 1812 1846 lumen
1851 1797 2027 1848 vultus
2071 1797 2152 1850 sui
2190 1796 2332 1864 quod

760 1885 1018 1944 intuitus,
1057 1883 1434 1951 tnolestiisque
1461 1887 1743 1946 liberatus.
1772 1897 1823 1937 et
1853 1887 2081 1939 mirifice
2119 1903 2336 1940 recrea-

761 1984 850 2029 tus
885 1976 1060 2027 aiebat
1094 1992 1106 2026 :
1150 1977 1388 2038 Domine,
1432 1977 1521 2028 ubi
1553 1994 1669 2030 erus
1707 1980 2002 2033 hactenus?
2035 1978 2144 2034 Hdt:
2174 1981 2338 2046 igitur

761 2070 985 2118 verbum
1017 2086 1029 2120 :
1065 2067 1161 2121 Ubi
1189 2086 1324 2126 eras,
1353 2072 1575 2122 onmino
1597 2072 1898 2140 ignorantis
1929 2083 2031 2126 est.
2073 2071 2163 2124 ubi
2197 2081 2332 2124 erat.

759 2159 896 2212 lllud
935 2171 1113 2210 autem
1147 2161 1422 2224 hactenus,
1460 2176 1761 2228 aspectum.
1794 2171 1846 2215 ct
1880 2178 2126 2226 sensum,
2151 2172 2205 2216 et
2238 2179 2338 2216 no-
2376 2205 2385 2212 .

762 2251 935 2302 titiam
972 2253 1275 2316 przestmtize
1314 2252 1524 2305 Domini
1562 2253 1825 2305 declarat.
1871 2253 1928 2307 Si
1967 2269 2099 2317 ergo
2128 2270 2228 2307 nos
2264 2255 2336 2307 ita

761 2340 927 2393 rebus
961 2345 1209 2393 nuntium
1250 2346 1528 2396 remittere
1559 2346 1833 2405 nolumus,
1863 2353 1915 2396 et
1945 2354 1997 2395 ut
2029 2345 2118 2397 ille
2153 2361 2341 2413 perse-

757 2445 970 2489 verare.
998 2448 1059 2486 ac:
1091 2435 1297 2500 perpeti
1337 2451 1433 2487 no.
1465 2437 1779 2497 statuimus,
1809 2453 1936 2488 num
1963 2437 2110 2501 digni
2139 2441 2334 2504 simus,

759 2528 850 2594 qui
880 2525 1046 2576 Deum
1082 2528 1134 2578 in
1167 2527 1377 2594 Spiritu
1410 2539 1622 2587 sancto,
1657 2539 1709 2580 ut
1742 2531 1904 2591 idem,
1945 2533 2251 2597 videamus,
2285 2542 2338 2586 et

759 2620 1125 2670 ersnltatione
1154 2619 1500 2685 repleamnr?
1531 2621 1610 2672 Ah
1658 2622 1994 2687 neutiquam.

833 2708 1032 2760 Verum
1068 2712 1133 2762 ad
1169 2713 1336 2762 alium
1371 2728 1606 2780 quoque.
1647 2716 1688 2766 si
1721 2716 1918 2778 placet,
1958 2731 2055 2767 nos
2111 2733 2338 2771 conver-

759 2806 962 2850 lauius.
985 2799 1207 2862 Magnus
1233 2804 1498 2854 At‘seurus
1520 2805 1586 2855 ab
1611 2804 1764 2855 initio
1786 2807 2207 2859 renuntiationis
2225 2825 2338 2860 sum

759 2889 885 2955 quid
925 2889 1091 2943 ferit?
1121 2891 1308 2945 Novtue
1343 2895 1548 2946 relictis
1584 2896 2008 2956 imperatoribus
2041 2913 2163 2950 cum
2191 2900 2338 2966 pala-

760 2980 1136 3047 tioipsorum,
1175 2993 1226 3033 et
1259 2985 1510 3037 serit-aiis
1553 2987 1772 3049 aulicis,
1821 2988 2022 3041 relictis
2078 2992 2204 3043 item
2255 2990 2334 3045 fa-

758 3072 944 3133 mulis.
970 3082 1019 3124 et
1043 3076 1294 3127 omnibus
1324 3078 1527 3130 divitiis
1562 3083 1698 3143 suis.
1731 3081 2080 3135 incomitatus
2110 3084 2172 3136 ad
2211 3103 2332 3136 mo-

759 3167 1063 3218 nasterium
1091 3176 1145 3218 ut
1170 3184 1374 3236 pauper
1403 3181 1455 3222 et
1490 3174 1769 3226 mendicus
1801 3178 1958 3232 venit.
1999 3179 2336 3243 glmiamquc
2370 3199 2406 3250 (ἡ

762 3267 816 3308 et
851 3258 1063 3310 laudem
1101 3262 1400 3322 l-ominum,
1461 3273 1516 3315 ut
1564 3279 1591 3318 τι
1634 3267 1739 3316 lico
1782 3268 2202 3332 gloritiearetur,
2253 3274 2336 3322 l'uo

761 3347 936 3417 git-ns,
981 3352 1105 3416 quis
1150 3351 1341 3406 fuisset
1395 3357 1634 3422 igumari
1691 3357 1943 3412 studuit?
1975 3359 2113 3425 Quid
2169 3364 2339 3427 ergo?

763 3456 894 3494 nutu
932 3443 1030 3496 hoc
1062 3444 1262 3498 frcissc.
1292 3447 1426 3499 satis
1465 3448 1690 3502 habuit?
1720 3451 1866 3503 nullo
1895 3454 2077 3505 modo.
2113 3452 2217 3507 Sed
2248 3455 2334 3520 qui

760 3535 923 3587 etiam
968 3547 1024 3586 ιιι
1060 3537 1178 3589 vilis
1216 3539 1527 3592 ltoutiuiltus'
1579 3557 1700 3596 sese
1750 3545 1946 3596 vilibus
1993 3562 2210 3612 atquare
2244 3564 2340 3599 no-

763 3626 884 3684 lttit.
925 3645 1108 3680 verum
1144 3647 1240 3695 pro
1266 3647 1400 3685 caue
1432 3647 1488 3685 se
1522 3637 1818 3702 reputavit.
1849 3635 2058 3689 Etenim
2089 3655 2210 3689 cum
2260 3641 2335 3692 illi

763 3732 792 3769 a
820 3722 1108 3784 praeposito
1137 3721 1369 3775 frusutm
1403 3729 1555 3789 panis
1582 3728 1964 3795 projicvretur.
1998 3731 2158 3795 idque
2186 3732 2335 3784 humi

762 3812 1078 3873 cecidisset,
1124 3816 1653 3884 illcquadmpedcm
1708 3823 2007 3874 inci-dendo
2067 3825 2335 3886 imitatus,

762 3915 870 3953 non
905 3918 1091 3967 litanti,
1125 3904 1217 3956 sed
1257 3908 1511 3959 dentibus
1542 3925 1691 3963 more
1728 3913 1876 3964 Canis
1909 3928 2103 3980 panem
2156 3916 2340 3966 subla-

765 4003 879 4046 tum
916 3999 1172 4050 conn-dit.
1211 4000 1270 4050 In
1315 4002 1447 4050 cella
1485 4014 1664 4054 autem
1715 4005 1958 4058 residens
2001 4022 2104 4057 non
2161 4009 2335 4062 solum

762 4083 1067 4150 laborabat,
1102 4090 1192 4140 sel
1240 4091 1408 4140 inulto
1442 4107 1470 4144 e
1503 4094 1606 4144 iam
1658 4096 1857 4160 minus,
1889 4114 2051 4163 quain
2084 4115 2144 4150 ex
2175 4114 2339 4168 Opere

768 4193 1029 4230 manuum
1071 4182 1432 4244 redigebatur,
1469 4187 1533 4236 ad
1571 4191 1726 4239 usum
1758 4205 1912 4241 suum
1959 4195 2337 4256 consumebat,

765 4283 959 4337 aquam
995 4275 1266 4326 turbidatn
1304 4288 1356 4328 et
1406 4277 1646 4343 putidam
1685 4279 1894 4333 bibens.
1932 4279 2072 4346 Quin
2108 4293 2160 4334 et
2189 4283 2340 4337 labu-

765 4378 914 4422 raus.
943 4376 996 4419 ct
1030 4381 1218 4428 orans,
1249 4371 1587 4423 continenter
1619 4375 1824 4425 vultum
1854 4375 2110 4443 lacrymis
2146 4378 2308 4444 irriga
2329 4406 2342 4418 -

765 4452 900 4506 bat:
947 4463 1001 4507 ct
1044 4471 1163 4508 cum
1222 4460 1428 4525 vesperi
1468 4462 1748 4527 caepiswt,
1806 4479 1977 4530 usque
2016 4467 2066 4517 in
2126 4476 2337 4535 tempus

2441 604 2716 659 immerito
2745 613 3138 671 consequetur.
3173 603 3291 658 iam
3326 604 3370 658 si
3405 605 3530 670 quis
3565 605 3757 657 horum
3793 604 4028 658 humili-

2441 703 2630 753 tatem.
2661 695 2978 761 patientiam
3014 695 3216 749 imitari
3257 710 3366 748 non
3402 696 3538 758 vult,
3576 710 3677 748 cur
3711 697 3936 764 insuper
3967 696 4024 747 id

2444 786 2556 838 fleri
2585 800 2746 848 posse
2779 786 2977 854 negat?

2510 881 2682 934 Porro
2718 877 3020 949 Euthymii.
3072 886 3126 930 et
3186 877 3361 944 Salue,
3391 878 3836 946 reliquorumque
3873 877 4031 929 dein-

2442 985 2572 1037 ecps
2603 979 2920 1021 sanctorum
2945 969 3188 1021 actiones
3215 970 3452 1034 majores
3475 984 3638 1036 quam
3677 984 3774 1036 pro
3800 953 4031 1023 noniiize

2440 1059 2565 1126 quis
2596 1060 2926 1112 enarraverit
2950 1059 2972 1112 ?
2997 1057 3127 1113 Sive
3146 1061 3292 1112 enim
3325 1070 3449 1113 ante
3477 1068 3752 1126 acceptam
3782 1059 4030 1127 Spiritus

2441 1151 2695 1215 gratiam,
2740 1152 2855 1204 sive
2889 1159 3010 1216 post
3041 1161 3346 1218 acceptam,
3389 1152 3509 1205 sine
3541 1154 3826 1210 molestiis.
3860 1153 4026 1207 labo—

2442 1242 2615 1307 ribus,
2671 1245 2965 1311 tnultisque
3003 1245 3320 1306 sudoribus,
3360 1245 3479 1299 sine
3529 1246 3807 1302 violentia.
3847 1261 4029 1316 angu-

2442 1336 2570 1392 stia.
2612 1343 2665 1387 et
2701 1337 3078 1399 tribulatione,
3123 1353 3226 1388 nec
3253 1354 3284 1390 ο
3322 1339 3518 1390 animae
3554 1338 3839 1405 caliginem
3895 1355 4030 1404 per-

2442 1425 2604 1486 vasit,
2637 1441 2811 1490 neque
2843 1427 3180 1479 sant-tissimi
3204 1429 3443 1493 Spiritus
3469 1428 3642 1479 lucem
3675 1438 3755 1480 εει
3777 1437 4032 1481 contem-

2443 1517 2645 1584 platus.
2683 1517 2915 1587 Regnum
2952 1521 3087 1572 enim
3132 1521 3377 1572 caelorum
3431 1523 3531 1573 tu'm
3566 1523 3786 1586 patitur.
3829 1531 3880 1574 et
3921 1523 4034 1575 ttio-

2441 1593 2569 1660 lenti
2596 1612 2811 1675 rapiunt
2847 1611 2980 1663 illud
3004 1610 3072 1669 “.
3105 1613 3231 1679 quia
3265 1613 3472 1665 scilicet
3504 1631 3597 1682 per
3631 1615 3824 1666 multas
3858 1615 4034 1666 tribu-

2441 1700 2665 1754 latione:
2708 1713 2914 1768 oportet
2960 1721 3052 1756 nos
3086 1705 3308 1758 introire
3338 1707 3390 1759 in
3423 1722 3635 1774 regnum
3691 1705 3785 1757 Dei
3833 1707 3903 1757 ".
3961 1708 4032 1760 At

2442 1793 2587 1844 enim
2626 1807 2850 1860 regnum
2878 1796 3144 1847 cmlornm
3183 1795 3422 1861 Spiritus
3456 1796 3632 1848 sancti
3676 1797 4031 1866 participatio

2443 1893 2546 1936 est.
2585 1885 2696 1935 Hoc
2731 1885 2999 1948 siquidem
3037 1893 3142 1946 est,
3177 1886 3320 1952 quod
3364 1886 3607 1938 dicitur:
3642 1885 3873 1955 Regnum
3924 1905 4034 1940 ctr-

2445 1975 2617 2026 lorum
2653 1977 2792 2028 intrn
2839 1994 2924 2032 vos
2953 1988 3030 2030 est
3063 1979 3130 2039 ⁸⁸,
3167 1990 3224 2030 ut
3278 1977 3545 2047 Spiritum
3580 1989 3827 2031 sanctum
3880 1980 4028 2032 intra

2445 2081 2546 2120 nos
2579 2069 2820 2134 recipere
2872 2079 2925 2122 et
2961 2070 3162 2123 habere
3197 2071 3538 2123 stmleamus.
3575 2069 3808 2123 Parcaut
3861 2071 4032 2138 igitur

2444 2157 2652 2218 dicere.
2684 2160 2776 2227 qui
2811 2160 3036 2213 assiduo
3071 2162 3171 2212 διιιί
3208 2163 3314 2212 vim
3365 2177 3472 2214 non
3503 2162 3732 2224 iaciunt,
3764 2164 3856 2227 qui
3891 2176 4028 2227 quo-

2445 2251 2576 2304 tidie
2625 2253 2677 2306 in
2715 2253 3007 2318 angustiis,
3047 2253 3098 2304 iu
3149 2269 3327 2307 rerum
3374 2255 3658 2315 tenuitate,
3689 2265 3739 2304 et
3772 2254 4031 2309 afﬂictio-

2447 2343 2610 2397 nibus
2643 2360 2748 2396 non
2782 2351 2930 2403 sunt.
2966 2345 3104 2396 intra
3145 2360 3244 2397 nos
3278 2345 3540 2412 Spiritum
3573 2357 3825 2400 sanctum
3862 2347 4034 2398 babe-

2445 2453 2589 2494 tnus.
2646 2438 2794 2490 Citra
2849 2439 3067 2491 virtutis
3120 2440 3320 2506 quippe
3353 2440 3823 2498 exercitationem.
3886 2440 4028 2492 citra

2445 2531 2676 2582 stnl0rcs
2709 2545 2773 2582 ac
2811 2531 3027 2584 labores
3070 2531 3171 2584 ista
3224 2546 3434 2584 merces
3465 2532 3732 2596 crmtingit
3791 2530 4025 2583 nemini.

2445 2623 2626 2687 Quare
2682 2624 2808 2673 mihi
2863 2623 2989 2674 illud
3052 2624 3104 2675 in
3142 2624 3286 2684 vulgi
3347 2638 3440 2674 ore
3495 2623 3842 2691 proverbium
3891 2622 4029 2674 bene

2447 2717 2620 2784 placet
2653 2736 2666 2770 :
2707 2716 2934 2771 Ostende
2963 2733 3142 2779 opem,
3189 2731 3236 2768 et
3279 2716 3491 2781 portula
3546 2714 3854 2767 mercedem.
3890 2712 4028 2767 Novi

2447 2823 2547 2871 ego
2581 2809 2880 2872 hominem,
2918 2810 3010 2875 qui
3045 2819 3335 2874 antequam
3385 2810 3556 2860 labori
3600 2824 3658 2862 se
3691 2811 3936 2867 dederet,
3971 2815 4028 2857 ut

2445 2911 2610 2951 semet
2652 2901 2832 2950 acrius
2869 2910 3108 2961 urgeret.
3153 2915 3278 2949 cum
3323 2898 3625 2962 Scripturis
3659 2910 3839 2951 mente
3877 2909 4023 2951 recta

2444 2995 2496 3038 et
2536 2988 2766 3054 simplici
2817 3003 3040 3054 operam
3095 2989 3360 3049 dedisset,
3421 3005 3732 3055 paucosque
3785 2989 3929 3051 dies,
3974 2997 4028 3041 et

2447 3089 2636 3133 noctes
2682 3081 2798 3132 sine
2846 3082 3193 3140 lassitnline,
3243 3091 3300 3133 tit
3359 3081 3428 3131 ita
3485 3081 3683 3142 dicant,
3722 3083 4026 3146 t‘igi'ﬁS‘C",

2447 3187 2744 3238 precesque
2783 3171 3209 3238 frcqtteutasset,
3265 3187 3294 3224 a
3335 3189 3572 3236 superna
3627 3177 3800 3240 gratia
3846 3183 4029 3227 tanto.

2444 3279 2568 3326 pere
2622 3263 2976 3325 illustratum,
3033 3273 3089 3314 ut
3146 3274 3298 3315 extra
3338 3280 3558 3329 corpus.
3598 3274 3746 3316 extra
3786 3266 4028 3318 domici-

2444 3355 2594 3416 lium,
2628 3364 2781 3406 estra
2817 3363 2986 3406 totum
3020 3356 3254 3421 denique
3283 3358 3542 3408 mundum
3574 3373 3691 3410 esse
3719 3359 4020 3411 videretur.

2445 3447 2554 3499 Nox
2594 3458 2730 3504 erat.
2755 3459 2807 3500 et
2837 3449 3018 3499 divina
3051 3449 3299 3502 claritate
3333 3449 3568 3503 refulsit.
3602 3450 3870 3504 Cmterum
3898 3453 4024 3518 quia

2442 3542 2652 3592 OliOSUs
2679 3541 2897 3592 divitias
2923 3553 3234 3608 accep-rat,
3263 3552 3506 3592 actutum
3536 3557 3629 3593 eas
3653 3542 4022 3608 part-ipendit.

2442 3644 2602 3698 atque
2636 3635 2910 3700 neglexit;
2950 3637 3091 3685 unde.
3129 3635 3286 3687 simul
3329 3649 3519 3686 omnes
3554 3635 3808 3700 pcrdnbt.
3851 3652 4028 3701 iisque

2442 3727 2577 3779 adeo
2629 3735 2685 3774 ut
2736 3741 2793 3776 se
2823 3740 3058 3788 unquam
3097 3727 3256 3781 talem
3317 3725 3543 3793 gioriam
3593 3728 3932 3791 spectavisse
3963 3743 4027 3777 ne

2443 3818 2748 3868 meminerit
2782 3817 3024 3882 quidem.
3057 3818 3234 3881 Quare
3273 3831 3381 3883 quo
3413 3826 3570 3881 partu
3603 3819 3808 3882 quibus
3844 3832 4025 3883 neque.

2442 3922 2505 3958 ex
2540 3917 2691 3972 parte
2723 3909 2903 3971 aliqua
2940 3896 3218 3974 accipere.
3250 3917 3344 3957 aut
3378 3907 3697 3970 conSpicere
3728 3907 4028 3973 aliqum-io

2444 4000 2647 4052 hancce
2671 4003 2896 4065 glaciam
2932 4015 3032 4052 suo
3059 4003 3296 4067 ipsorum
3329 4000 3520 4050 merito
3544 3999 3791 4062 contigit,
3815 4014 3874 4051 se
3903 4015 4022 4051 eam

2443 4093 2750 4142 universam
2787 4092 2836 4141 in
2862 4103 3028 4144 semet
3063 4092 3262 4142 habere
3298 4099 3604 4146 autument.
3653 4090 3904 4142 dubitare
3941 4108 4026 4142 me

2443 4183 2728 4234 (‘Oufitentx
2766 4181 2894 4244 Sed,
2939 4197 2972 4234 0
3011 4183 3339 4234 cmt'itzilem!
3375 4197 3404 4230 0
3436 4183 3752 4250 Calig‘ucm!
3783 4197 3816 4232 0
3843 4185 4026 4234 stulti-

2444 4275 2569 4325 tiam
2602 4286 2654 4328 et
2675 4276 2982 4337 οιιίιιιοιιριιι
3035 4274 3102 4325 de
3152 4291 3210 4325 se
3261 4285 3601 4340 arroganth
3631 4276 3644 4327 !
3680 4274 3766 4326 ubi
3802 4274 4025 4325 tandem

2444 4365 2613 4428 istud,
2665 4376 2758 4418 aut
2813 4367 3014 4432 quibus
3055 4380 3084 4415 e
3127 4363 3426 4429 St'tl'tlilfiS
3482 4364 3831 4418 didicerunt?
3890 4364 4030 4418 \ero

2444 4472 2762 4510 et'amterttm
2792 4461 2844 4510 in
2878 4457 3286 4526 cogitationibus
3316 4458 3449 4514 suis.
3497 4466 3544 4506 et
3585 4458 3922 4509 obscuratur»
3949 4469 4027 4509 est

766 4549 1093 4600 matutinum
1143 4549 1338 4601 stando
1397 4566 1585 4617 preces
1617 4555 2015 4608 euntinuabat:
2072 4567 2235 4624 atque
2284 4560 2337 4612 iti

2448 4552 2696 4616 insipiens
2726 4567 2816 4603 cor
2867 4567 3070 4611 eorum,
3104 4561 3157 4601 et
3199 4549 3250 4600 in
3288 4547 3543 4615 Egip'o.
3585 4549 3684 4599 hoc
3706 4557 3811 4605 cst.
3849 4547 3902 4599 in
3947 4559 4027 4598 tc-

763 4646 1005 4690 ex’.rema
1034 4649 1295 4702 egestate,
1330 4643 1644 4709 \‘ilitztlcqtte
1676 4661 1849 4712 usque
1885 4649 1949 4699 a-I
1982 4650 2186 4701 obitutn
2214 4666 2341 4719 pcr-

764 4741 1058 4782 severavtt.
1086 4731 1194 4785 Cur
1228 4731 1406 4787 istud?
1431 4733 1496 4787 Ut
1525 4747 1801 4800 pateretur
1829 4755 2076 4803 prorsus.
2104 4743 2336 4795 videret-

763 4836 866 4888 que
888 4824 1047 4874 etiam
1089 4824 1204 4892 ipso
1237 4843 1357 4892 qua:
1413 4843 1640 4890 magnus
1677 4832 1949 4884 Antonius
2004 4835 2136 4896 pati,
2172 4841 2226 4883 et
2259 4836 2340 4887 vi-

762 4910 892 4962 dere
929 4914 1124 4974 dignus
1157 4923 1241 4966 est
1291 4915 1531 4968 habitus.
1577 4917 1862 4980 Quomodo
1919 4920 2086 4987 igitur
2135 4920 2199 4973 de
2236 4921 2338 4976 hoc

766 5004 1020 5056 similiter
1071 5006 1265 5056 litteris
1319 5010 1578 5059 traditum
1627 5025 1731 5061 non
1783 5020 1886 5072 est,
1922 5013 2121 5066 vniisse
2163 5013 2331 5066 Domi-

763 5097 929 5148 nuru?
961 5096 1100 5149 Num
1153 5098 1365 5150 labores
1398 5102 1656 5168 suscepit.
1699 5112 1752 5154 et
1795 5105 1948 5169 quasi
2001 5109 2334 5172 prmstruxit,

762 5183 912 5237 illum
953 5195 1133 5238 tamen
1179 5189 1358 5241 videre
1394 5206 1500 5241 non
1536 5193 1774 5244 meruit?
1809 5194 1939 5246 nihil
1977 5196 2157 5246 minus
2189 5213 2202 5248 :
2241 5197 2336 5250 sed

761 5277 879 5340 ipse
931 5291 1167 5344 quoque.
1231 5280 1446 5331 etiamsi
1500 5281 1617 5348 ejus
1671 5284 1914 5335 historia:
1969 5288 2203 5350 scriptor
2262 5288 2332 5339 ita

765 5375 952 5432 aperte.
979 5368 1080 5421 hoc
1113 5384 1220 5422 non
1266 5369 1521 5438 prodidit,
1559 5372 1638 5426 sic
1672 5374 1954 5449 Doniinnpi
1999 5377 2181 5429 videre
2214 5394 2337 5445 pro-

768 5460 988 5512 meruit.
1024 5460 1180 5524 Quod
1209 5464 1254 5515 si
1293 5475 1550 5518 accurate
1580 5467 1659 5517 vis
1707 5467 1939 5530 discere,
1977 5469 2138 5522 tilum
2168 5471 2334 5524 Arse-

771 5553 844 5602 nii
881 5551 1215 5620 descriptam
1249 5555 1454 5620 evolve,
1492 5560 1633 5611 ttndc
1660 5566 1713 5610 ct
1745 5557 1887 5613 hunc
1921 5561 2115 5616 \ltllSSO
2169 5564 2334 5616 Deum

771 5656 1093 5709 cognosces.
1136 5647 1500 5711 Quamobrem
1551 5651 1641 5719 qui
1676 5650 1824 5720 ipsos
1859 5669 2022 5721 opere
2054 5669 2112 5707 ac
2155 5655 2338 5708 labore

843 5818 888 5849 ”
920 5821 1106 5876 Matth.
1158 5842 1231 5884 ιι,
1282 5828 1362 5880 Η.
1447 5830 1490 5858 ⁸⁸
1520 5832 1636 5885 Act.
1673 5849 1778 5894 Xtr,
1811 5835 1896 5885 “.‘i.

1981 5983 1994 6005 δ

2447 4645 2627 4696 nebris
2655 4643 3128 4708 perturbationum
3154 4657 3218 4694 ac
3246 4644 3579 4703 voluptatum
3610 4656 3831 4693 suarum
3870 4655 4026 4693 man-

2444 4745 2652 4791 serunt.
2687 4736 2825 4787 Nam
2859 4734 2951 4800 qui
2989 4746 3190 4786 terram
3246 4733 3632 4802 promissionis
3668 4734 3848 4786 videte
3898 4748 4025 4786 con-

2443 4829 2792 4894 cupiverunt,
2817 4840 2978 4893 quam
3008 4834 3441 4900 mansuetoruas,
3471 4825 3756 4876 humilium
3806 4833 3857 4876 et
3894 4840 4026 4894 pau-

2442 4935 2628 4986 perum
2660 4921 2802 4971 oculi
2832 4920 3014 4972 videre
3041 4919 3188 4984 digni
3224 4928 3370 4980 sunt,
3404 4919 3650 4982 quamvis
3682 4919 4022 4983 angustiam,

2447 5011 2873 5071 tribulationem,
2902 5010 3259 5076 abjectioncm
3286 5010 3542 5064 subeunt.
3571 5017 3730 5073 atque
3753 5009 3820 5058 ab
3845 5010 4019 5070 omni,

2445 5111 2498 5155 et
2552 5105 2840 5169 omnigena
2891 5103 3135 5167 Corporis
3192 5103 3490 5168 voluptate.
3548 5099 3772 5158 honore.
3833 5099 4026 5153 remis-

2446 5195 2620 5258 sione,
2673 5204 2724 5245 et
2761 5196 2940 5258 quiete
2974 5193 3324 5245 vehementer
3357 5192 3674 5243 abstinent:
3714 5204 3886 5256 neque
3919 5192 4024 5243 hoc

2445 5293 2677 5347 tantum,
2706 5287 2800 5338 sud
2831 5286 2990 5336 etiam
3019 5285 3259 5350 cujusvis
3288 5283 3522 5334 hominis
3546 5297 3639 5333 seu
3669 5282 3894 5349 plebeii.
3926 5298 4021 5334 seu

2445 5379 2689 5447 priniarii
2722 5392 3074 5443 congressum
3106 5391 3168 5430 ac
3205 5376 3631 5428 familiaritatem
3675 5376 3883 5432 vitant;
3927 5388 4023 5427 cos

2443 5478 2578 5524 Citra
2613 5470 2793 5522 odium
2823 5469 3110 5536 fugientes.
3136 5485 3245 5536 quo
3283 5468 3430 5536 digni
3466 5467 3790 5529 habeantur,
3823 5469 3916 5534 qui
3951 5468 4020 5520 ad

2444 5563 2582 5616 hanc
2615 5563 2952 5629 perveniant,
2991 5562 3305 5630 priusquam
3340 5562 3437 5612 via:
3488 5559 3648 5628 hujus
3680 5559 3803 5612 vita:
3838 5561 4022 5611 brevi-

2447 5667 2530 5713 tas
2555 5671 2741 5712 corum
2776 5671 2996 5711 cursum
3031 5655 3411 5724 interrumpat.
3464 5653 3824 5709 liumiliautes
3867 5659 4022 5709 enim

1982 5835 2022 5859 "
2059 5834 2186 5886 Lac.
2227 5852 2361 5896 χιιι,
2397 5835 2486 5887 9.1.
