4188 6436
179 387 286 454 353

1572 380 1855 442 ORATIO
1903 378 2035 440 ΠΙ.

3347 372 3450 437 3M

181 507 337 564 se,et
376 514 476 570 pro
512 499 1025 570 Improbis,qulque
1073 497 1242 551 multa
1292 493 1638 556 ollenderiut,
1669 492 1762 546 ba-
1796 511 1837 566 Α
1869 487 2164 543 Erumnas
2217 496 2422 550 autem,
2472 485 2909 556 tcntatioucsque
2961 494 3040 539 tot
3091 484 3333 555 pertulit,
3394 492 3454 541 ut

181 591 399 652 bentes.
443 593 607 661 idque
636 608 702 648 ex
743 593 950 656 animo,
1007 591 1116 645 imo
1157 589 1436 652 inimicos,
1484 594 1539 640 ct
1587 599 1766 639 trans-

181 699 473 751 gressores
503 685 814 738 divinarum
855 686 1033 753 legum
1083 698 1141 737 se
1175 691 1512 750 reputantes,
1547 679 1763 732 sibimet

178 780 328 829 exosi
365 792 430 830 ac
469 781 644 832 uasti
679 782 843 831 vitam
897 778 1127 839 ducnnt,
1161 787 1385 828 aventes
1439 789 1596 826 nosse
1632 773 1761 840 quid

179 883 275 922 eos
308 871 378 922 ad
409 871 843 940 recuperandam
873 870 1081 923 Christi
1116 869 1327 921 homini
1370 869 1598 930 gratiam
1629 880 1764 931 priu-

176 969 325 1013 stare
355 977 499 1029 opus
530 964 618 1014 sit.
653 963 778 1014 Ideo
807 963 1070 1015 Dominus
1106 962 1174 1013 iis
1204 963 1393 1018 donat,
1444 973 1550 1009 non
1583 956 1759 1006 solum

177 1055 392 1120 utquid
427 1068 590 1119 agere
621 1055 851 1106 debeant
891 1055 1220 1122 intelligant,
1270 1066 1454 1103 verum
1485 1050 1649 1101 etiam
1687 1048 1762 1096 vi-

177 1159 289 1203 res.
324 1153 381 1194 et
427 1146 784 1212 patientiam;
843 1157 902 1197 tit
949 1161 1073 1197 cum
1123 1147 1397 1220 univorsa,
1451 1157 1572 1210 quae
1621 1142 1764 1194 scire

179 1239 404 1287 illorum
460 1239 708 1299 interest,
767 1237 1147 1303 impleverint,
1209 1246 1263 1288 ct
1311 1236 1401 1300 qui
1459 1241 1545 1286 est
1602 1245 1765 1301 super

177 1330 392 1389 omnia,
456 1337 511 1380 et
565 1331 616 1380 in
673 1330 932 1380 omnibus
984 1329 1148 1381 Deum
1208 1326 1574 1396 possederint,
1638 1337 1764 1376 tunc

177 1435 406 1487 quoque.
435 1423 582 1472 velut
613 1421 664 1472 in
694 1422 836 1473 caelo
862 1424 1068 1482 vivant,
1109 1421 1291 1486 ibique
1325 1428 1716 1472 COIIVt'l‘Btttlllll'
1747 1435 1759 1469 :

179 1527 240 1565 ac
268 1514 389 1566 siVe
419 1515 472 1564 in
500 1515 800 1580 speluncis,
832 1516 941 1566 sive
967 1518 1017 1564 in
1053 1513 1356 1572 montibus.
1385 1513 1500 1565 sive
1535 1514 1584 1562 in
1611 1506 1764 1563 cellis

177 1617 356 1656 avum
392 1605 612 1670 degant,
643 1607 757 1658 sive
806 1604 858 1657 in
893 1604 1088 1657 mediis
1143 1606 1372 1656 urbibus
1417 1617 1730 1655 eotnmoreu

179 1701 290 1758 tur,
332 1695 502 1747 etiam
529 1698 606 1748 sic
640 1711 857 1763 semper
889 1701 940 1749 in
983 1697 1207 1765 gaudio,
1271 1704 1325 1748 et
1376 1697 1672 1757 hilaritate.
1710 1701 1764 1748 et

179 1790 577 1846 exsultatione.
611 1800 813 1856 quanta
845 1790 951 1843 dici
987 1806 1093 1843 n0n
1132 1798 1329 1858 potest,
1365 1789 1466 1855 ipsi
1499 1790 1764 1843 serviant.

246 1875 354 1931 llic
388 1880 556 1947 igitur
600 1897 743 1935 nunc
771 1891 1082 1935 sanctorum
1126 1885 1300 1941 labor,
1357 1882 1472 1934 luet:
1503 1884 1646 1933 actio
1682 1888 1766 1932 est

183 1984 400 2034 eorum,
432 1975 522 2037 qui
573 1973 766 2042 spiritu
805 1975 894 2026 Uei
933 1987 1171 2043 aguntur
1204 1991 1216 2026 :
1261 1975 1438 2042 qualis
1478 1983 1530 2026 ct
1567 1973 1768 2025 nostris

185 2067 538 2143 temporibus
579 2069 785 2119 exstitit
843 2069 983 2135 pius,
1037 2081 1265 2122 Sanetus
1316 2083 1378 2118 ac.
1425 2068 1768 2120 beatissimus

188 2150 438 2213 Simeon,
474 2155 564 2220 qui
602 2157 654 2205 in
684 2156 863 2207 int-dio
894 2157 985 2208 illo
1023 2158 1164 2208 fama
1194 2166 1301 2210 tam
1331 2157 1620 2209 nobilitati)
1657 2171 1770 2207 ino-

188 2244 456 2307 nasu-rio,
485 2246 628 2310 quod
662 2243 912 2299 Studium
950 2248 1178 2311 dicitur,
1228 2252 1402 2301 instar
1450 2250 1584 2300 solis
1613 2248 1768 2300 επιει-

188 2337 272 2389 Iit.
307 2337 357 2388 Is
385 2336 440 2388 in
475 2342 654 2391 medio
693 2342 877 2391 mundi
909 2341 1208 2406 aliquando
1236 2357 1360 2394 cum
1391 2351 1554 2400 esset.
1607 2342 1770 2393 rebus

189 2426 526 2490 labentibus,
586 2434 799 2494 amicis,
850 2443 1143 2498 coanatts,
1192 2432 1436 2499 quinimo
1484 2441 1536 2484 et
1596 2433 1767 2496 curis,

190 2521 657 2574 sollici-udiuibus
688 2538 751 2574 ac
785 2522 1151 2588 voluptatibus
1184 2538 1307 2576 vita:
1345 2534 1453 2576 tam
1493 2525 1644 2577 valde
1684 2541 1769 2578 rt:-

190 2613 489 2674 nuntiavit,
528 2627 586 2664 tit
629 2629 821 2666 earum
882 2618 1201 2668 memoriam
1235 2633 1300 2669 ex
1334 2620 1520 2670 animo
1564 2618 1771 2670 deleret

188 2705 425 2768 penitus.
461 2715 624 2768 atque
650 2720 675 2755 a
707 2720 763 2758 si:
791 2708 979 2772 procul
1006 2711 1413 2761 extertninaret.
1441 2713 1544 2772 Qui
1571 2709 1771 2761 inultos

189 2793 331 2845 inter
389 2796 695 2849 ltititiatlms
737 2807 856 2849 actu
918 2802 1049 2858 vita,
1109 2800 1321 2850 biiatnut
1380 2799 1525 2850 illam
1583 2814 1768 2850 Vocem

189 2886 368 2938 emisit
402 2903 414 2937 :
446 2884 698 2950 Fratres,
726 2890 861 2940 hanc
887 2892 1172 2957 perfectam
1199 2908 1230 2942 a
1256 2892 1450 2942 mundo
1482 2896 1770 2944 SUCl'eaSlO-

191 2992 303 3029 Item
329 2989 593 3043 putatae.
629 2979 1092 3048 morti/irationem
1125 2988 1352 3051 propriis
1391 2984 1695 3037 voluntatis.
1726 2987 1770 3038 0

188 3082 438 3124 sanctam
496 3089 709 3136 voCetn,
745 3077 824 3127 \‘cI
862 3077 1063 3142 potius,
1121 3093 1153 3126 υ
1211 3088 1453 3128 sanctam
1508 3079 1767 3139 animum,

191 3177 308 3228 qua:
340 3165 467 3216 talis
500 3164 638 3229 ﬂeri,
692 3175 746 3218 et
782 3183 809 3216 a
845 3173 960 3217 toto
1004 3168 1208 3218 mundo
1240 3167 1480 3231 separari
1537 3168 1767 3219 ηερε-ιιιῑὶ

1871 596 1993 633 cum
2054 581 2241 633 multis
2300 580 2633 648 martyribus
2692 579 3085 652 illustrioribus
3146 580 3454 648 comparari

1874 681 2056 741 queat.
2093 671 2172 726 Ob
2205 674 2256 726 id
2317 687 2344 724 a
2381 672 2488 725 Dt'O
2537 674 2786 741 gloriam.
2845 680 2898 725 ct
2938 673 3450 738 tranquillissimum

1873 765 2037 818 animi
2071 775 2293 829 statum,
2337 779 2674 833 acceptoque
2728 767 2781 819 in
2818 782 2878 819 se
2907 763 3211 828 Paracleto.
3248 764 3456 820 sancti-

1871 867 2036 911 tatem
2070 870 2401 912 coiiset-utus
2447 868 2552 913 est.
2588 860 2740 911 Sicut
2777 861 2926 912 enim
2979 861 3215 912 cisterna
3250 873 3448 926 aquam

1870 949 2221 1007 deﬂuentem.
2255 954 2326 1003 ita
2367 951 2482 1015 ipse
2512 953 2576 1002 dt:
2606 950 2936 1015 plenitudine
2980 947 3182 1003 Christi
3236 947 3450 1002 Domini

1873 1042 2041 1092 nosui
2075 1043 2302 1107 act-epit.
2350 1053 2404 1094 et
2447 1040 2620 1106 gratia
2657 1042 2881 1109 Spiritus
2910 1042 3029 1104 ejus
3073 1041 3316 1109 repletus
3347 1048 3451 1105 est,

1871 1148 1989 1200 quae
2023 1143 2103 1184 est
2138 1151 2270 1199 aqua
2300 1137 2412 1188 viva
2443 1135 2511 1197 ",
2546 1146 2601 1186 ut
2643 1135 2729 1188 hic
2759 1134 2898 1186 idem
2945 1130 3184 1186 Joannes
3215 1149 3456 1196 evange-

1872 1225 1992 1279 lista
2051 1239 2313 1277 memorat
2347 1243 2360 1278 :
2395 1229 2504 1278 iIIIO
2558 1242 2685 1277 vero
2743 1228 2861 1293 ipse
2911 1223 3079 1278 Fil-us
3128 1233 3180 1276 et
3214 1221 3451 1276 Verbum

1871 1315 2102 1370 viventis
2136 1317 2249 1375 Dei.
2284 1332 2311 1366 a
2339 1333 2447 1382 quo
2476 1325 2529 1366 vt
2553 1313 2792 1370 Joannes
2825 1317 3094 1368 ειτηιοιιίς
3121 1316 3205 1368 sui
3235 1316 3456 1368 divitias

1870 1409 2100 1472 adeptus
2156 1419 2276 1462 est:
2315 1406 2418 1472 Qui
2465 1408 2610 1469 bibit,
2648 1424 2712 1461 ea:
2761 1426 2898 1476 aqua
2960 1409 3060 1461 huc
3109 1407 3454 1477 (aspectabili

1871 1501 2021 1565 puta)
2056 1499 2194 1549 sitiet
2219 1501 2405 1550 iterum
2435 1513 2451 1548 :
2478 1500 2566 1569 qui
2593 1511 2764 1550 autem
2793 1500 2980 1551 oberit
3011 1517 3074 1552 ea:
3109 1517 3266 1569 aqua.
3294 1515 3454 1569 quam

1870 1605 1966 1659 ego
1997 1589 2130 1642 dabo
2175 1591 2247 1652 ei,
2288 1607 2391 1642 non
2435 1593 2576 1644 sitiet
2608 1596 2660 1644 in
2706 1600 2959 1644 a'ternum
2992 1609 3009 1644 :
3042 1598 3130 1644 sed
3175 1594 3262 1659 ﬁet
3309 1593 3364 1646 in
3394 1607 3456 1644 eo

1871 1683 1988 1750 fons
2021 1697 2171 1749 aqua:
2205 1682 2446 1735 salientis
2478 1685 2530 1734 in
2585 1684 2744 1737 vitam
2773 1693 3027 1738 a'ternam
3055 1683 3120 1736 '9.
3171 1682 3326 1748 Quod
3371 1685 3454 1737 his

1874 1776 2055 1828 verbis
2088 1774 2434 1843 Evangelista
2481 1777 2871 1842 interpretatur
2909 1797 2921 1831 :
2965 1773 3078 1828 Hoc
3111 1779 3287 1829 autem
3320 1776 3458 1829 dixit

1871 1873 1934 1920 de
1962 1865 2185 1932 Spiritu,
2227 1884 2378 1936 quem
2411 1869 2675 1932 accepturi
2724 1877 2876 1920 erant
2915 1871 3179 1922 credentes
3226 1869 3277 1920 in
3310 1885 3451 1924 eum.

1873 1961 1936 2014 Et
1968 1966 2003 2013 Α
2018 1960 2258 2026 postolns
2289 1979 2301 2013 :
2344 1962 2454 2014 [Vos
2492 1977 2594 2012 non
2625 1960 2785 2027 hujus
2818 1963 3000 2013 mundi
3031 1964 3278 2022 spiritum
3307 1978 3455 2016 occe-

1869 2055 2039 2120 pimus
2068 2070 2084 2107 :
2116 2057 2206 2106 δεά
2233 2051 2486 2114 Spiritum
2510 2056 2598 2120 qui
2622 2069 2685 2106 ex
2721 2054 2825 2106 Ι)εο
2854 2065 2954 2118 est,
2982 2065 3038 2107 ut
3068 2056 3296 2107 sciamus
3338 2050 3454 2121 qua

1872 2159 1905 2196 a
1950 2145 2054 2197 L‘eo
2095 2147 2293 2197 donata
2326 2155 2450 2197 sunt
2482 2148 2649 2207 nolis,
2695 2163 2810 2216 quae
2857 2162 2906 2201 et
2960 2149 3224 2216 loquimur
3251 2151 3319 2203 ".
3353 2149 3455 2205 Per

1874 2238 2251 2300 hujuscemodi
2289 2238 2432 2290 enim
2488 2254 2684 2305 aquam
2741 2241 3008 2295 \'lli0!~il:t8
3053 2257 3117 2295 et
3171 2243 3350 2294 anima
3393 2249 3453 2296 ut

1873 2332 2064 2384 sordes
2115 2331 2362 2385 eluitur:
2396 2333 2512 2384 sine
2553 2349 2655 2398 qua
2698 2335 2789 2401 qui
2849 2333 3016 2387 multa
3053 2333 3266 2395 feet-rit.
3321 2335 3457 2389 nihil

1871 2421 2382 2488 cﬂieict.Quot'irea
2442 2424 2704 2477 Dominus
2753 2427 2886 2479 dicit
2935 2442 2946 2476 :
3011 2425 3192 2480 Nolite
3244 2437 3455 2490 putum,

1871 2519 1996 2586 quia
2048 2520 2160 2570 veni
2210 2521 2407 2572 solvere
2456 2519 2636 2586 legem.
2693 2531 2786 2572 aut
2822 2521 3102 2586 prophetas
3131 2538 3149 2573 ε
3182 2537 3283 2573 non
3342 2521 3457 2574 veni

1871 2611 2091 2669 soluere.
2122 2617 2209 2665 sed
2245 2613 2532 2677 adimplere
2561 2615 2626 2664 9‘.
2653 2610 2942 2666 Plenitudo
2965 2626 3145 2666 autem
3177 2616 3310 2678 legis
3342 2615 3458 2667 haec

1875 2715 1978 2764 est.
2008 2721 2075 2758 ne
2107 2706 2230 2771 quis
2263 2724 2321 2758 se
2351 2707 2402 2757 in
2431 2710 2614 2770 aliquo
2637 2706 2910 2766 dvl‘endat.
2937 2723 3270 2776 causai-ique
3298 2724 3453 2762 suam

1877 2807 2115 2859 tueatur,
2150 2815 2246 2851 nec
2298 2808 2469 2851 semvt
2502 2802 2825 2854 uiriscaltlt'.
2861 2797 2983 2852 Ilaec
3015 2802 3158 2852 cnim
3195 2815 3276 2856 est
3332 2817 3457 2870 per-

1875 2888 2015 2942 festa
2059 2891 2242 2943 mundi
2302 2893 2533 2954 relictio,
2592 2893 2822 2959 propria:
2880 2893 3178 2945 voluntatis
3240 2895 3453 2961 integra

1876 2983 2248 3037 tuortiﬁcatio.
2284 2980 2558 3050 Quidquid
2598 2986 2760 3035 etiam
2797 2983 3108 3037 :imactionis
3138 2985 3186 3039 ci
3229 2985 3452 3052 quidam

1875 3073 2180 3135 intulerint,
2217 3077 2347 3126 nihil
2382 3078 2607 3127 ninniuo
2643 3086 2915 3133 movetur,
2952 3090 3050 3129 nec
3100 3077 3452 3140 perturbatus

1876 3167 2240 3220 contiadicit:
2275 3185 2460 3220 verum
2491 3169 2747 3220 omnibus
2775 3169 2841 3221 ad
2873 3168 3075 3231 omnia,
3109 3169 3284 3221 instar
3309 3183 3460 3221 mori

191 3249 253 3305 Et
283 3255 429 3306 idem
464 3270 720 3308 rursum:
744 3254 920 3315 Debet,
957 3258 1150 3321 inquit,
1193 3262 1475 3307 monachus
1508 3258 1561 3308 in
1592 3274 1773 3309 mona-
1802 3262 1844 3323 C
1881 3261 1954 3309 tui
1986 3274 2042 3310 se
2077 3262 2283 3327 objicit,
2324 3269 2572 3312 statuens
2607 3260 2807 3321 vivere,
2838 3260 3064 3323 moveri,
3117 3269 3171 3315 et
3209 3277 3368 3330 agere
3397 3261 3452 3315 in

191 3348 350 3398 sterio
387 3350 609 3409 ret‘snri,
637 3363 698 3399 ac
722 3349 765 3399 si
794 3351 880 3409 sit,
914 3358 960 3400 et
989 3365 1090 3400 non
1123 3351 1210 3411 sit,
1240 3365 1329 3401 nec
1358 3362 1608 3418 appareat
1633 3367 1649 3402 :
1684 3367 1772 3403 seu

187 3442 381 3505 potius.
411 3442 501 3507 qui
533 3456 636 3494 non
672 3451 1061 3506 cognoscatur:
1103 3444 1242 3511 quod
1281 3448 1421 3494 hunc
1461 3442 1514 3495 in
1554 3445 1770 3496 modum

191 3535 502 3601 cspbcubut
537 3549 550 3584 :
588 3535 662 3584 Ac
695 3535 740 3585 si
767 3536 856 3594 sit,
892 3549 1122 3602 corpore
1173 3553 1186 3586 :
1241 3549 1303 3586 ac
1334 3535 1379 3586 si
1413 3550 1513 3586 non
1541 3535 1632 3597 sit,
1664 3538 1774 3602 spi-

193 3625 321 3677 ritu.
366 3623 491 3676 Non
519 3641 777 3688 apparens
813 3637 1020 3688 autem,
1057 3628 1159 3678 nisi
1193 3626 1262 3680 i.‘s
1293 3635 1528 3690 tantum,
1559 3627 1647 3691 qtti
1678 3641 1773 3695 per

194 3718 461 3787 Spiritum
491 3734 737 3772 sancuttu
769 3722 973 3773 tuundo
997 3733 1122 3774 sunt
1147 3722 1332 3773 corde.
1360 3719 1481 3774 Non
1507 3724 1769 3788 cognitus,

191 3824 246 3864 ut
302 3813 382 3864 illi
437 3811 574 3863 nihil
623 3827 743 3864 cum
799 3829 1071 3880 quoquam
1118 3815 1317 3882 negotii
1356 3816 1677 3868 interi-edat.
1726 3815 1771 3869 Ο

189 3904 374 3956 divitia
408 3907 610 3968 oratio,
633 3919 727 3971 per
754 3921 915 3968 quam
943 3908 1049 3956 vita
1072 3907 1187 3971 ejus
1207 3909 1578 3964 exet-lienttor.
1609 3923 1770 3975 quam

190 4011 287 4064 pro
320 3995 566 4055 homine.
617 4004 673 4048 et
730 3999 974 4064 angelica
1027 3997 1394 4065 praedicuur;
1448 4015 1542 4066 per
1600 4015 1760 4068 quam

191 4099 526 4154 c0titp;irat.e
582 4088 636 4139 in
677 4091 818 4141 t‘mlo
866 4090 1304 4142 conversationis
1360 4092 1472 4157 ipse
1522 4091 1625 4144 sibi
1678 4107 1773 4159 per

191 4182 459 4248 Spiritum
494 4193 743 4234 sanctum
780 4180 879 4233 fert
908 4184 1303 4236 testimonium.
1340 4185 1444 4236 Per
1471 4202 1634 4252 quant
1670 4203 1772 4238 ιιι)-

190 4275 270 4328 bis
301 4276 469 4326 vitam
519 4290 644 4326 c-..m
680 4274 790 4328 Deo
842 4278 1098 4335 insumat.
1145 4277 1272 4329 dum
1322 4280 1434 4330 ait:
1469 4277 1621 4332 Nihil
1652 4297 1770 4332 cum

192 4385 458 4438 quoquam
489 4367 677 4421 habere
703 4370 895 4436 negotii
919 4371 940 4422 .'
968 4370 1110 4436 quod
1140 4373 1358 4438 quidem
1391 4378 1590 4426 ticinim
1627 4388 1770 4429 recte

193 4477 478 4533 praestans,
511 4472 602 4514 aut
643 4478 768 4514 vere
802 4466 928 4515 licet
957 4464 1162 4527 direre,
1193 4466 1298 4517 nisi
1346 4466 1676 4519 motiunculis
1707 4480 1771 4520 ac

195 4567 338 4609 totus
371 4559 469 4608 toti
505 4554 611 4607 Deo
639 4555 825 4606 unitus
857 4553 1039 4607 fuerit.
1073 4556 1245 4607 Aliter
1277 4556 1324 4608 si
1351 4554 1574 4617 dixerit,
1600 4566 1769 4610 semet

195 4649 527 4702 lnditieatur.
571 4645 676 4711 Qui
722 4646 868 4700 enim
893 4645 1027 4698 dicit
1059 4660 1119 4700 se
1168 4661 1274 4700 non
1306 4662 1557 4716 pet-care,
1595 4663 1771 4702 caecus

193 4752 296 4805 est,
326 4741 553 4794 clausos
594 4740 799 4794 habens
829 4740 1036 4792 oculos.
1085 4740 1187 4804 Qui
1224 4756 1352 4792 vero
1387 4738 1553 4794 Deum
1589 4740 1769 4807 liabet,

194 4849 424 4905 peccare
481 4835 701 4900 nequit.
749 4832 873 4900 quia
908 4848 1082 4885 semen
1136 4831 1251 4898 ejus
1303 4835 1358 4886 in
1394 4848 1453 4886 eo
1481 4847 1654 4888 manet
1700 4836 1769 4902 ⁸⁷,

197 4931 335 4985 sicut
370 4928 609 4980 maxime
639 4925 1002 4992 tlicologicmn
1034 4923 1163 4977 illud
1207 4927 1578 4993 apostolorum
1616 4931 1765 4979 tonio

196 5036 277 5075 tru
308 5018 554 5075 Joannes
589 5015 846 5072 atlirtnat.
877 5014 941 5068 Et
972 5017 1099 5084 quia
1132 5016 1353 5070 Simeon
1398 5018 1562 5071 Deum
1594 5027 1768 5072 totum

199 5115 252 5166 in
279 5128 339 5167 se
378 5110 640 5171 habebat,
685 5108 810 5160 hinc
849 5117 904 5161 et
937 5107 1128 5162 vivens
1167 5107 1404 5171 dicebat,
1433 5119 1487 5163 et
1525 5119 1772 5164 mortuus

196 5224 289 5275 κν
320 5207 562 5259 litteram
592 5216 783 5253 manus
815 5215 925 5255 suae
955 5202 1108 5266 quasi
1134 5215 1326 5263 magna
1361 5216 1492 5254 Voce
1527 5203 1728 5255 ςιοηωι
1754 5220 1764 5252 ;

199 5301 362 5354 Deum
400 5297 492 5349 tibi
523 5295 753 5346 anticum
779 5293 1012 5360 nequire,
1052 5305 1101 5343 et
1131 5293 1400 5344 hominum
1434 5295 1635 5346 auxilio
1667 5311 1770 5347 non

200 5394 388 5462 egenis.
423 5389 622 5441 Iterum
651 5403 667 5439 :
694 5384 859 5437 Deum
892 5384 1122 5452 posside,
1148 5395 1195 5437 et
1223 5387 1358 5438 libro
1389 5387 1482 5438 tibi
1513 5403 1639 5452 opus
1668 5403 1769 5439 non

200 5489 315 5539 erit.
369 5481 667 5535 Laboravit
714 5477 800 5530 ltic
847 5488 1072 5530 sanctus
1125 5477 1286 5529 I‘uter
1335 5487 1518 5532 noster
1566 5479 1658 5540 ita,
1711 5490 1770 5531 ut

199 5578 511 5644 complures
561 5571 663 5625 SS.
729 5567 947 5622 Patrum
999 5569 1347 5638 antiquorum
1405 5571 1766 5639 superaverit.

850 5777 896 5807 ⁸⁸
924 5777 1082 5832 Joan.
1118 5794 1190 5837 Iv.
1220 5777 1304 5829 10.
1383 5776 1430 5808 ⁸⁵
1455 5775 1592 5828 Ibid.
1627 5775 1713 5828 Η.

1182 5848 1228 5879 ’³
1273 5846 1464 5901 Matth.
1503 5862 1579 5913 xi,
1608 5845 1698 5901 23.

269 5783 311 5813 "
350 5778 558 5833 lJoan.
606 5794 686 5842 tu,
717 5777 774 5833 9.

199 5853 242 5884 "
270 5851 414 5908 Ibid.
457 5849 553 5903 23.
626 5849 670 5880 ’δ
701 5845 858 5904 Joan.
903 5865 991 5913 xv,
1020 5847 1104 5902 l9.

1804 4599 1850 4654 ι)

1880 3349 1984 3401 illis
2017 3360 2249 3413 tantum,
2284 3368 2404 3416 quzu
2438 3353 2502 3402 ad
2560 3350 2726 3404 Deum
2778 3362 3029 3418 spectant
3067 3352 3360 3416 mandatis,
3399 3361 3456 3407 et

1877 3457 2098 3497 sci-vare
2129 3444 2247 3512 t-jus
2285 3455 2590 3513 praecepta;
2631 3445 2831 3498 similis
2865 3446 3027 3504 leoni.
3060 3454 3152 3498 aut
3202 3448 3456 3514 gigantro

1875 3535 2037 3587 alicui
2098 3537 2372 3600 Samsoni,
2405 3547 2498 3588 aut
2533 3540 2578 3590 si
2624 3542 2746 3607 quis
2777 3540 2918 3592 alius
2951 3539 3032 3592 vt-l
3087 3539 3207 3598 luit.
3257 3538 3338 3591 vel
3371 3550 3456 3592 est

1878 3626 1970 3678 illo
2021 3627 2253 3679 fortior:
2292 3629 2396 3691 Qui
2458 3628 2605 3681 liabet
2649 3629 2903 3682 mandata
2953 3645 3089 3691 mea,
3149 3630 3348 3695 inquit,
3404 3641 3452 3683 rt

1875 3729 2045 3770 servat
2076 3735 2156 3778 ea.
2190 3720 2276 3772 ille
2299 3730 2375 3772 est
2406 3722 2493 3789 qui
2528 3721 2699 3785 diligit
2741 3739 2819 3773 me
2856 3735 2876 3775 :
2919 3733 2968 3774 et
2999 3723 3088 3790 qui
3119 3722 3293 3790 diligit
3337 3738 3440 3777 nte.

1876 3814 2126 3881 diligetur
2155 3829 2185 3863 a
2222 3813 2381 3866 Patre
2414 3831 2525 3865 meo
2551 3815 2619 3866 ”.
2649 3813 2718 3864 Et
2746 3830 2861 3882 ego,
2892 3828 2936 3867 et
2973 3813 3134 3866 Pater
3157 3831 3250 3881 per
3279 3812 3454 3878 Spiri-

1878 3916 1987 3958 tum
2027 3909 2310 3968 veniemus,
2345 3916 2393 3958 et
2423 3908 2748 3958 mansionem
2781 3908 2922 3971 apud
2954 3923 3070 3959 eum
3102 3906 3357 3973 faciemus
3383 3906 3450 3962 ”.

1877 3998 1972 4051 "is
2001 4010 2056 4052 ct
2091 4001 2362 4052 similibus
2395 4000 2572 4052 aiebat
2609 4001 2870 4051 llominus
2905 4017 2917 4053 :
2963 3999 3061 4052 Vos
3103 4016 3204 4051 non
3234 4001 3361 4051 estis
3391 4003 3456 4052 de

1875 4093 1971 4141 hoc
2006 4091 2246 4141 muna‘o:
2281 4088 2370 4141 sed
2417 4106 2508 4156 ego
2539 4093 2667 4157 elegi
2699 4107 2786 4142 vos
2821 4093 2886 4141 de
2933 4092 3130 4142 mundo
3156 4090 3220 4142 ⁵⁸.
3277 4089 3456 4142 Venite

1877 4183 1946 4234 ad
1984 4199 2082 4244 nte,
2113 4194 2162 4236 et
2214 4199 2307 4252 ego
2360 4184 2595 4250 reﬁciunt
2633 4201 2718 4236 ros
2762 4186 2831 4236 ’⁵.
2866 4185 2967 4247 Qui
3003 4201 3144 4236 enim
3183 4185 3361 4242 aliter.
3399 4184 3454 4237 in

1876 4276 1992 4330 Suis
2033 4277 2244 4330 st-iltcet
2282 4279 2656 4330 voluntatibus
2706 4281 3225 4345 quomodocuuque,
3277 4287 3370 4329 aut
3399 4276 3455 4329 itl

1876 4371 2202 4437 quihusdam
2269 4372 2531 4436 (tpiltmllc
2591 4369 2860 4420 duntaxat
2915 4370 3077 4422 bonis
3125 4369 3454 4434 ambulant,

1877 4463 2065 4524 vitam,
2106 4477 2269 4529 quam
2307 4462 2563 4522 abst'issi,
2602 4476 2666 4513 ac
2716 4461 2875 4514 diVisi
2931 4475 2960 4512 a
2999 4465 3226 4520 saeculo.
3259 4470 3313 4514 tt
3343 4477 3457 4516 sua:

1879 4557 2143 4608 voluntati
2170 4555 2280 4622 j-nu
2318 4555 2517 4606 mortui
2551 4555 2756 4616 vident,
2791 4569 3133 4621 nequaquam
3169 4553 3452 4606 videbunt.

1949 4644 2068 4700 Jam
2110 4647 2155 4699 si
2183 4661 2284 4714 ego
2316 4646 2589 4698 humiliari
2629 4660 2692 4698 ac
2733 4644 2955 4714 subjici,
2990 4661 3039 4713 pi
3054 4645 3186 4711 enti,
3218 4645 3456 4714 ignomi-

1879 4741 1970 4794 nia
2025 4739 2185 4798 allici.
2245 4739 2545 4806 villipendi,
2600 4738 2816 4807 probris
2857 4738 3147 4793 conscindi
3195 4739 3346 4804 nolo,
3399 4745 3456 4792 ct

1880 4839 2137 4899 tanquam
2173 4845 2313 4882 unus
2346 4830 2414 4882 de
2445 4830 2721 4888 obscuris.
2749 4829 3161 4898 insipientibus,
3201 4837 3256 4883 et
3299 4827 3455 4897 abje-

1879 4927 2006 4988 etis,
2036 4931 2090 4977 et
2122 4931 2302 4976 mente
2325 4924 2525 4976 emotis
2548 4937 2655 4975 non
2684 4922 2934 4976 sustineo
2965 4920 3112 4989 ﬁeri;
3140 4923 3235 4978 sed
3274 4937 3453 4992 neque

1881 5017 1950 5069 ab
1966 5016 2142 5070 obviis
2163 5017 2459 5078 contemni,
2476 5022 2529 5069 et
2549 5017 2687 5069 velut
2711 5015 3048 5082 arreptitius.
3067 5025 3159 5069 aut
3174 5015 3454 5070 mendicus

1879 5121 1975 5176 per
1998 5110 2226 5177 plateas.
2258 5116 2312 5159 et
2343 5108 2490 5159 vicos
2533 5106 2687 5160 urbis
2717 5105 2979 5174 reputari,
3017 5107 3106 5159 die
3138 5105 3294 5163 mihi.
3321 5121 3456 5175 qna-

1881 5215 2004 5253 nam
2033 5202 2137 5254 alia
2165 5201 2373 5254 ratione
2401 5203 2634 5269 propria:
2664 5201 2924 5254 voluntati
2952 5201 3151 5255 moriar
3173 5199 3198 5254 l
3224 5200 3282 5256 Si
3309 5203 3453 5254 enim

1879 5293 1991 5346 huic
2016 5293 2081 5345 ad
2109 5293 2504 5362 pmbatiooem,
2525 5302 2578 5345 ct
2599 5309 2662 5346 ex
2674 5293 3033 5358 periinentum
3057 5292 3455 5361 supervenien-

1882 5384 1952 5435 tia
1982 5384 2250 5451 patienter
2285 5383 2409 5434 ferri
2446 5381 2583 5434 Deus
2610 5381 2699 5433 ab
2730 5382 2987 5433 omnibus
3026 5381 3182 5433 nobis
3229 5377 3454 5431 manda.

1883 5477 1957 5529 vit
1991 5493 2004 5529 :
2041 5481 2146 5528 uno
2184 5477 2486 5534 enimvero,
2521 5474 2564 5526 si
2602 5487 2707 5525 noo
2738 5472 2802 5524 ad
2845 5458 3237 5538 probationem,
3266 5477 3322 5522 et
3354 5482 3454 5521 ex—

1885 5571 2268 5639 perimentum,
2300 5569 2393 5623 scd
2415 5567 2480 5621 ad
2505 5566 2880 5636 purgationem
2901 5565 3208 5618 animorum
3237 5570 3455 5616 nostro-

1934 5774 2060 5831 Cor.
2118 5790 2178 5837 ti,
2219 5775 2303 5828 l2.
2395 5772 2439 5803 "
2476 5769 2666 5825 Matth.
2697 5784 2750 5836 ν,
2794 5767 2881 5825 17,
2956 5768 3001 5800 ”
3032 5769 3185 5822 toan.
3223 5777 3332 5830 xtv,
3357 5760 3450 5818 ει,
