4188 6436
779 405 887 471 359

2043 395 2423 457 SYMEONIS
2456 390 2842 455 IUNNORIS

3944 379 4054 443 360

781 515 1117 569 mendicum.
1143 511 1280 578 Quia
1309 509 1451 565 Deus
1482 509 1826 576 omnipotens
1851 507 2180 562 nescientem
2201 522 2259 559 se
2287 507 2370 559 nio
2401 514 2439 568 Α
2473 509 2618 576 quod
2646 504 3117 561 sanctiﬁcatorum
3169 515 3462 558 commune
3513 499 3774 554 iudicium
3805 506 3887 552 est
3917 516 3930 550 :
3955 497 4054 551 au!

785 611 858 661 hil
877 623 1018 664 esse.
1039 606 1293 675 quamvis
1313 605 1522 656 sali-are
1545 603 1694 666 velit,
1716 602 1929 654 salvare
1954 613 2130 653 tamen
2149 615 2252 652 non
2277 613 2372 665 po-

783 699 1146 752 test.Etiamsi
1165 698 1287 765 quis
1309 697 1570 748 mundum
1594 695 1911 748 universum
1935 690 2044 744 Deo
2063 694 2368 751 donaverit,

784 795 930 859 quod
983 791 1095 842 tieri
1147 789 1356 854 ιιυιιιιὶι,
1406 803 1506 841 nec
1543 796 1723 839 tamen
1781 787 1882 837 sibi
1921 783 2286 853 persuaserit,
2312 798 2368 834 se

783 882 920 933 nihil
949 895 1092 943 esse,
1152 881 1353 933 salvari
1418 896 1696 949 nunquam
1759 881 1982 946 poterit.
2047 880 2372 941 (iuomergo

782 975 926 1026 dabit
960 973 1110 1023 honto
1157 983 1627 1026 commutatam»:
1691 986 1784 1038 pro
1816 971 1994 1023 anima
2021 988 2117 1024 sua
2145 971 2186 1000 "
2219 969 2368 1022 ?uou

785 1078 917 1116 sane
956 1064 1134 1130 ipsum
1171 1065 1312 1116 scire
1340 1067 1486 1131 quod
1521 1063 1654 1114 nihil
1704 1064 1771 1112 sit
1809 1077 1822 1112 :
1859 1062 1954 1114 sed
1991 1064 2044 1112 in
2101 1075 2167 1113 eo
2221 1057 2371 1127 quod

785 1156 1025 1219 seipsutn
1059 1155 1192 1205 nihil
1225 1168 1345 1209 i'SSe
1363 1159 1490 1218 si-it,
1530 1155 1767 1207 fortasse
1799 1155 2156 1217 agnitionem.
2193 1162 2244 1203 et
2277 1166 2374 1220 per

785 1247 1119 1313 agnitionem
1203 1250 1527 1316 prudentem
1567 1265 1660 1298 cor
1691 1249 1994 1300 enutritum
2041 1255 2092 1298 et
2116 1246 2370 1295 humilia-

788 1347 926 1397 tum,
985 1337 1130 1401 quod
1187 1338 1362 1391 solum
1431 1338 1710 1404 proprium
1771 1347 1855 1390 est
1895 1337 1965 1405 pii
2002 1338 2100 1388 viri
2156 1336 2372 1387 sacrili-

786 1430 959 1490 cium,
1015 1436 1081 1480 ab
1108 1428 1226 1496 ipso
1265 1443 1509 1496 purpura
1566 1439 1761 1482 vcstto
1797 1446 1971 1498 usque
2004 1430 2067 1481 ad
2100 1445 2247 1488 cum.
2282 1429 2372 1495 qui

788 1537 882 1589 per
917 1522 1122 1585 plan-as
1170 1520 1368 1586 stipem
1409 1522 1554 1584 cogit
1594 1538 1608 1573 :
1643 1521 1789 1586 quod
1837 1525 2018 1572 solum
2066 1517 2208 1570 Deus
2264 1534 2373 1572 non

785 1612 1072 1680 ἀιδνὴ-ξεί.
1128 1613 1220 1679 qui
1299 1613 1451 1664 novit
1500 1613 1636 1664 nihil
1688 1613 1833 1663 aliud
1923 1613 2204 1679 proprium
2243 1628 2377 1678 snp-

789 1706 1036 1773 peditare
1083 1704 1314 1764 homini,
1403 1702 1550 1770 quod
1597 1704 1644 1755 ei
1704 1702 1994 1755 sat'rilicrt.
2053 1702 2234 1755 'I'estis
2291 1710 2376 1758 est

789 1795 995 1846 David:
1035 1796 1299 1855 Quoniam
1355 1795 1400 1844 at
1452 1795 1712 1846 voluisses
1772 1795 2117 1854 sacriﬁcium,
2171 1793 2370 1857 inquit,

785 1885 1041 1936 dedissent
1077 1885 1293 1947 utique:
1336 1885 1662 1934 holocaustis
1717 1899 1817 1932 non
1883 1882 2244 1934 delectubrrt's.
2273 1881 2376 1934 Su-

787 1977 1050 2040 cri/irium
1102 1973 1210 2026 Deo
1256 1977 1475 2038 spiritus
1512 1973 1901 2026 contribulatus
1934 1972 1996 2025 ”.
2049 1976 2223 2026 Corde
2251 1989 2383 2026 con-

789 2077 917 2119 ll‘ilO
965 2077 1012 2118 cl
1086 2066 1380 2118 humiliato
1463 2069 1564 2118 hoc
1643 2067 1981 2118 sin-rilicium
2039 2069 2377 2118 contini-tur.

791 2157 1276 2225 Reges,tlyuast.i-,
1311 2158 1545 2218 nobiles,
1584 2158 1886 2222 sapientes.
1920 2157 2130 2217 rustici,
2160 2157 2378 2220 divdes,

792 2264 1083 2317 pauperes.
1179 2249 1435 2308 iueudiri.
1517 2248 1786 2309 latrones,
1858 2250 2032 2310 avari,
2105 2249 2380 2315 injuriosi,

791 2342 973 2408 legum
1022 2341 1340 2400 violatores,
1401 2340 1686 2406 illlplldit’i,
1721 2341 2031 2404 homicidae,
2054 2344 2259 2408 quique
2287 2357 2382 2408 per

1179 2249 1435 2308 litetttiit‘i.

789 2448 954 2486 Omne
988 2450 1161 2502 genus
1194 2436 1463 2484 Scelerum
1516 2434 1757 2493 chrunt,
1822 2449 2093 2486 mensura:
2125 2446 2381 2500 pem-ato-

797 2540 1212 2582 ruutremensa
1259 2525 1423 2589 hujus
1483 2523 1797 2590 pra-stantia
1872 2525 2127 2577 saciilicii
2188 2525 2381 2579 salvati

793 2626 945 2676 sunt,
1003 2625 1056 2666 et
1100 2615 1487 2665 salrabuntur.
1515 2612 1628 2664 luto
1664 2615 1839 2665 sancti
1882 2632 2122 2682 quoque,
2149 2617 2382 2684 etjusti,

793 2717 850 2760 et
889 2708 1094 2758 mundo
1136 2705 1304 2756 corde
1341 2719 1434 2772 per
1467 2706 1567 2756 huc
1617 2721 1786 2757 unum
1826 2709 2156 2759 sacrtlicinut
2189 2711 2382 2763 salutis

797 2800 935 2852 liuut
973 2808 1275 2865 compotes.
1333 2797 1706 2866 lilcemosyna:
1745 2811 2026 2864 praetcrea,
2069 2803 2222 2860 lides.
2257 2804 2382 2871 fuga

795 2895 983 2946 sat-tuli
1034 2906 1087 2943 et
1121 2892 1299 2958 ipsum
1333 2890 1468 2941 illud
1516 2907 1769 2957 niagnuni
1832 2902 2129 2955 certamen,
2184 2905 2385 2964 marty-

799 2985 968 3046 rium,
1011 2984 1114 3034 sub
1147 2983 1328 3035 cinere
1385 2998 1687 3049 prunarum
1730 2983 1984 3036 sacrilicii
2014 2987 2176 3050 hujus
2208 2987 2382 3040 lucem

795 3077 953 3129 dant.
1001 3075 1064 3128 Et
1099 3077 1199 3126 hoc
1231 3084 1315 3128 est
1353 3074 1692 3127 sacriﬁcium
1723 3074 1928 3142 absque
1963 3090 2214 3146 peccato,
2238 3079 2383 3146 quod

798 3168 1097 3235 benignum
1144 3166 1310 3217 Deum
1361 3167 1554 3218 vincit.
1611 3166 1800 3218 Solum
1861 3168 2005 3220 istud
2055 3170 2382 3222 sacriﬁcium

799 3266 1037 3326 post-unt
1094 3258 1306 3318 morbi.
1363 3257 1770 3323 tribulatioues,
1837 3264 2124 3328 angustiae,
2184 3264 2380 3318 delicta

801 3355 1024 3419 animm,
1079 3347 1309 3401 aﬂ'cctus
1364 3351 1642 3418 corporis,
1701 3362 1758 3404 ut
1809 3353 1933 3420 quis
1978 3368 2042 3404 co
2092 3352 2260 3407 Deum
2299 3370 2383 3424 pic

799 3443 968 3496 colat.
1005 3440 1164 3504 Quod
1216 3441 1310 3508 qui
1363 3441 1640 3504 habuerit.
1695 3444 1916 3498 etiamsi
1971 3445 2158 3498 subter
2198 3449 2381 3500 omnia

802 3533 990 3592 fuerit.
1038 3544 1219 3585 tamen
1255 3535 1511 3587 alicunde
1544 3536 1741 3589 cadere
1785 3553 1894 3590 non
1958 3539 2180 3605 poterit.
2223 3539 2382 3593 Nulla

801 3631 1005 3697 quippe
1043 3627 1149 3680 alia
1203 3631 1268 3682 de
1309 3644 1477 3683 causa
1529 3629 1671 3685 Deus
1710 3633 1762 3685 in
1797 3641 1971 3686 terras
2007 3634 2385 3697 descendit,et

804 3721 1165 3788 sciui-tipsum
1227 3721 1538 3774 humiliavit
1588 3739 1762 3790 usque
1792 3724 1857 3776 ad
1899 3737 2154 3790 mortem,
2190 3728 2291 3779 nisi
2329 3734 2385 3778 ut

806 3814 860 3864 iu
923 3828 982 3863 se
1029 3812 1388 3866 credentibus
1419 3829 1516 3866 cor
1573 3818 1874 3867 contritum
1933 3824 1988 3870 et
2043 3817 2383 3872 humiliatum

804 3911 1038 3954 crearet.

881 4016 1017 4068 Sunt
1051 4030 1184 4084 ergo
1225 4017 1333 4066 duo
1379 4017 1671 4078 sacriﬁcia,
1744 4032 1865 4086 quae
1929 4017 2071 4072 Deus
2112 4027 2165 4072 et
2228 4020 2390 4075 Pater

807 4109 1024 4162 Domini
1069 4109 1239 4161 n09tri
1281 4107 1406 4161 Jesu
1452 4109 1658 4163 Christi
1697 4111 1952 4177 sos-cipit,
1988 4123 2038 4164 et
2071 4112 2387 4179 cujuslibet,

809 4215 976 4270 atque
1031 4203 1167 4254 adeo
1209 4205 1378 4255 iulius
1438 4203 1624 4255 nnmdi
1677 4204 1990 4255 miseretur.
2037 4202 2241 4267 L‘num,
2273 4206 2390 4273 ipse

812 4294 1083 4347 Dominus
1119 4304 1171 4346 et
1206 4305 1390 4347 uoster
1432 4293 1589 4346 Jcsus
1617 4293 1892 4358 Christus,
1936 4295 2187 4364 idemque
2220 4296 2390 4351 Filius

811 4385 927 4446 Dei,
962 4396 1020 4435 ut
1050 4384 1192 4436 Deus
1238 4385 1555 4437 incarnatus
1596 4402 1608 4437 :
1653 4386 1908 4447 alterum,
1957 4386 2391 4454 uniuscujusque

806 4493 904 4530 cor
939 4478 1240 4530 contritum
1289 4485 1343 4530 et
1421 4478 1795 4531 humiliatum.
1836 4477 1909 4530 De
1944 4491 2163 4540 caetero,
2195 4481 2238 4531 si
2267 4482 2390 4548 quis

2477 599 2743 652 routritus
2772 608 2824 652 et
2863 598 3201 662 humiliatus,
3225 596 3368 663 quod
3413 591 3806 647 misericordia:
3839 590 4058 657 adepta:

2476 699 2857 759 argumentum
2927 690 3182 743 habetur.
3255 687 3466 740 Etenim
3523 685 3696 739 lidelis
3743 682 3946 742 omnis,
4001 679 4056 732 si

2471 784 2604 851 quid
2644 791 2865 851 prOpter
2909 781 3186 834 Christum
3243 779 3451 841 fecerit,
3490 792 3585 830 cor
3647 784 3946 828 contritum
3997 779 4059 820 cl

2475 875 2819 928 humiliatum
2856 874 3096 926 vicissim
3135 875 3349 940 recipit,
3399 871 3672 927 divinum.
3727 880 3781 921 et
3841 867 4058 918 incorri-

2472 969 2718 1038 parabile
2770 969 2996 1026 donum.
3045 967 3458 1025 miraculorum,
3509 963 3788 1030 signorum
3848 968 3899 1011 et
3934 970 4061 1024 pro-

2473 1063 2746 1131 digiorum
2781 1062 2953 1114 basim
2992 1074 3055 1112 ac
3090 1057 3531 1121 fundamentum,
3601 1054 3915 1105 animarum
3971 1066 4060 1103 re-

2475 1155 2867 1209 surrectionetn
2902 1155 2954 1205 in
3011 1152 3260 1221 praesenti
3303 1152 3526 1212 smculo,
3577 1158 3700 1199 ante
3747 1146 4062 1213 generalem

2474 1245 3420 1307 resurrectionem,redemptionem,
3455 1254 3674 1308 propter
3707 1255 3873 1304 quani
3910 1236 4075 1298 dedit

2479 1339 2615 1391 Deus
2647 1337 2842 1390 Filium
2880 1351 3037 1388 suum
3079 1356 3091 1387 :
3132 1334 3199 1387 Ut
3252 1335 3422 1387 omnis
3477 1335 3567 1398 qui
3627 1335 3789 1385 credit
3816 1333 3871 1381 in
3918 1345 4063 1391 eum,

2477 1449 2577 1483 non
2609 1439 2808 1499 pereat,
2863 1427 2956 1481 sed
3008 1427 3198 1481 habent
3249 1429 3412 1479 vitam
3468 1436 3719 1479 attentam
3781 1425 3847 1476 ".
3879 1424 3946 1475 Et
4010 1430 4069 1471 ut.

2477 1527 2666 1576 vivens
2705 1530 2982 1582 coquoscat
3023 1523 3194 1573 solum
3231 1535 3407 1570 verum
3433 1518 3617 1580 Deum,
3647 1526 3696 1568 et
3727 1532 3881 1582 quem
3920 1517 4065 1566 misit

2476 1612 2662 1666 Iesum
2714 1612 2981 1665 Christum
3026 1611 3093 1663 ".
3127 1610 3376 1676 tiognitio
3407 1610 3550 1661 enim
3584 1609 3780 1659 divina:
3813 1605 4065 1670 pietatis.

2479 1706 2722 1757 habitum
2783 1704 3107 1757 hutnilita'is
3161 1704 3458 1770 ingenerat.
3503 1701 3780 1753 humilitas
3813 1699 4065 1750 halitum

2481 1796 2960 1857 mansuetudinis;
2997 1796 3090 1861 qtti
3123 1795 3234 1846 duo
3285 1795 3502 1847 habitus
3559 1793 3622 1844 ad
3659 1793 3821 1844 Dt'lltll
3855 1791 4068 1842 faciunt

2482 1886 2948 1956 appropinquare.
2984 1884 3212 1953 Semper
3251 1885 3392 1938 enim
3428 1890 3507 1936 lite
3542 1885 3662 1937 diue
3701 1885 3935 1936 virtutes
3961 1884 4064 1934 sibi

2483 1980 2749 2049 Copulata:
2777 1986 2925 2038 Sunt.
2967 1987 3022 2030 et
3062 1980 3377 2047 relig‘osum
3432 1993 3559 2046 erga
3599 1977 3766 2030 Deum
3798 1991 3899 2028 ci-u
3934 1976 4069 2026 insi-

2482 2089 2585 2143 gne
2620 2072 2893 2140 quoddam
2937 2083 2990 2125 et
3014 2079 3138 2125 nota
3175 2073 3414 2124 imlicant
3448 2084 3654 2138 proque
3687 2069 4070 2137 magnitudine

2484 2180 2578 2217 sua
2610 2164 2673 2215 ad
2709 2163 2873 2215 Deum
2939 2164 3238 2218 acceSsi-se
3293 2163 3673 2216 druioustraut
3703 2179 3716 2214 :
3755 2161 3986 2228 perinde
4013 2168 4069 2209 ut

2482 2272 2603 2323 qua
2637 2255 2929 2308 humilitati
2962 2264 3014 2309 et
3068 2256 3474 2309 mansuetudini
3512 2259 3878 2308 adversantur
3912 2254 4070 2313 vitia.

2485 2361 2680 2414 nempe
2737 2345 3015 2414 superbia,
3080 2354 3134 2398 et
3181 2347 3484 2407 iracundia,
3545 2352 3812 2412 quantum
3879 2343 3949 2396 ab
4006 2359 4073 2396 eo

2482 2440 2753 2509 quispiam
2783 2441 2946 2492 distet
2972 2438 3294 2492 ostendunt.
3335 2436 3417 2490 Oh
3451 2439 3499 2489 id
3536 2436 3795 2490 Dciuiuus
3827 2450 3891 2488 ac
3922 2435 4070 2488 Deus

2485 2545 2670 2586 noster
2702 2531 2863 2586 Jesus
2896 2532 3148 2584 Christus
3181 2531 3478 2583 altissimus
3505 2529 3856 2594 semctipsttm
3893 2543 4073 2595 ΙΙςιῖῑιξξ

2486 2626 2552 2679 ad
2608 2637 2836 2677 mortem
2897 2623 3224 2686 humiliavit,
3290 2629 3341 2674 et
3409 2629 3639 2672 mortem
3684 2619 3870 2671 crucis
3904 2619 3971 2680 "’,
4017 2630 4075 2670 ut

2487 2721 2770 2773 credente-5
2817 2720 2870 2771 in
2918 2719 3120 2787 ipsum,
3167 2727 3216 2770 et
3283 2717 3552 2785 baptismo
3585 2717 3802 2776 initiati,
3835 2716 4072 2766 edentis

2486 2815 2866 2882 ejus’corpus,
2899 2823 2950 2864 et
2985 2813 3229 2864 bibentes
3261 2811 3714 2876 ejussanguiueui
3752 2810 3825 2862 tiu
3863 2811 4070 2874 quibus

2487 2921 2676 2958 eorum
2707 2904 3050 2972 incorruptio
3084 2912 3136 2956 et
3174 2903 3301 2970 vita)
3333 2903 3472 2953 hanc
3529 2916 3747 2967 quoque
3781 2901 4074 2954 humtlita-

2488 3008 2593 3052 tem
2648 2997 2901 3048 habeant.
2958 2994 3085 3051 Tria
3133 2994 3276 3046 enim
3341 2991 3847 3051 hmcimmaeulata.
3883 3003 3936 3043 et
3977 3005 4074 3055 po-

2488 3097 2609 3141 tens
2654 3088 2784 3140 Jcsu
2831 3086 3036 3140 Christi
3088 3085 3400 3138 communio
3443 3093 3722 3152 operatur.
3759 3085 3951 3141 vitam.
3989 3084 4078 3132 iu-

2415 3189 2461 3252 ο
2493 3182 2926 3249 corruptionem.
2991 3178 3377 3230 humilitatem.
3419 3175 3564 3236 Vita.
3628 3183 3680 3228 et
3731 3175 4074 3241 incorruptio

2493 3280 2720 3340 propter
2752 3269 3134 3328 humilitatem.
3174 3267 3455 3320 humilitas
3511 3281 3575 3320 ex
3635 3268 3741 3317 vita
3769 3273 3823 3316 et
3888 3266 4076 3316 incor-

2492 3364 2744 3430 ruptione
2796 3359 2986 3415 eadem
3066 3358 3345 3411 humilitas
3405 3364 3460 3411 et
3527 3355 3720 3426 prima.
3780 3364 3832 3409 et
3889 3359 4077 3408 tertia.

2491 3458 2673 3510 Prima
2705 3454 2949 3524 quidem,
2992 3461 3044 3505 ut
3069 3453 3303 3506 duarum
3335 3450 3552 3503 occasio
3585 3466 3598 3502 :
3631 3450 3812 3513 tertia,
3865 3459 3926 3501 ιιι
3955 3465 4079 3517 qua:

2495 3551 2592 3604 has
2620 3548 3054 3616 comprehendit.
3092 3545 3274 3610 Quare
3335 3547 3378 3600 si
3413 3545 3537 3613 quis
3571 3546 3909 3598 Christianus
3933 3558 4076 3606 .non

2493 3643 2641 3696 velut
2687 3641 2904 3694 insitam
2951 3648 3004 3692 et
3067 3637 3308 3690 innatam
3361 3636 3542 3700 habet,
3598 3651 3759 3705 quam
3794 3651 3821 3687 a
3852 3635 4078 3687 Christo

2495 3734 2707 3802 accepit
2749 3731 3132 3790 humilitatem,
3178 3728 3310 3780 nihil
3361 3728 3507 3781 aliud
3566 3745 3596 3781 a
3629 3728 3848 3780 Christo
3882 3729 4074 3783 habet,

2497 3842 2673 3893 neque
2717 3823 2973 3876 Christus
3007 3822 3080 3873 illi
3128 3820 3368 3888 proderit
3398 3836 3412 3872 :
3437 3821 3634 3872 etenim
3682 3821 3806 3871 talis
3833 3822 4000 3873 homo
4023 3834 4077 3876 ct

2496 3917 2590 3972 Dei
2644 3926 2696 3970 et
2749 3921 2947 3970 suimet
2981 3899 3288 3984 ignorantia
3350 3912 3576 3965 laborat.
3627 3911 3757 3964 Nam
3793 3914 3836 3965 si
3869 3929 4082 3982 cogno-

2495 4014 2662 4065 visset
2721 4028 2778 4064 se
2823 4012 3030 4077 absque
3082 4005 3302 4059 Christo
3350 4005 3483 4058 nihil
3531 4005 3657 4057 boui
3688 4021 3955 4072 unquam,
3986 4020 4082 4058 aut

2497 4104 2736 4158 salutare
2767 4100 2976 4153 eﬂicere
3003 4114 3182 4167 posse.
3221 4106 3275 4149 et
3306 4113 3364 4150 se
3393 4096 3758 4157 humiliassel.
3786 4108 3837 4148 et
3868 4098 4078 4150 Chris'i

2496 4195 2854 4249 humilitatem
2889 4193 3043 4260 plane
3079 4190 3374 4250 induisset,
3413 4199 3468 4239 ut
3505 4190 3739 4255 regalem
3775 4187 4076 4256 diploiJeni

2499 4288 2551 4342 in
2587 4301 2691 4354 qua
2734 4284 3022 4338 christiani
3064 4296 3218 4350 reges
3267 4290 3418 4344 sunt,
3471 4295 3566 4348 per
3596 4279 3766 4346 ipsam
3805 4290 3858 4330 et
3902 4280 4079 4331 animi

2499 4376 3028 4448 perturbationibus,
3065 4384 3118 4427 et
3167 4372 3509 4426 daemonibus
3561 4371 3925 4440 imperantes.
3971 4374 4080 4426 Pro

2500 4469 2661 4522 modo
2711 4469 2855 4519 enim
2885 4467 3115 4518 sincerae
3156 4465 3508 4524 humilitatis.
3557 4465 3609 4517 in
3667 4467 3854 4525 corde,
3907 4471 4077 4518 etiam

807 4586 1002 4626 omnes
1047 4574 1341 4626 [acutiaies
1374 4587 1504 4626 suas
1549 4572 1894 4627 distribuerit
1928 4574 1980 4626 in
2020 4589 2311 4643 pauperes,
2340 4585 2395 4628 ει
2427 4550 2468 4603 ί)
2500 4560 2702 4613 modus
2732 4556 2948 4621 salutis,
2992 4557 3119 4624 quia
3168 4565 3343 4609 mater
3390 4555 3738 4620 humilitatis,
3771 4572 3932 4611 mens
3960 4557 4079 4609 illuc

809 4666 857 4717 si
903 4666 1031 4744 quis
1059 4665 1422 4734 jejuuaverit,
1475 4665 1800 4734 vigilaverit.
1854 4672 1909 4718 et
1965 4667 2011 4720 si
2048 4665 2172 4736 quis
2225 4666 2392 4719 Deum

811 4765 1002 4832 noctes
1053 4765 1216 4824 atque
1249 4756 1370 4811 dies
1422 4757 1682 4825 precibus
1741 4754 2072 4826 fatigaverit,
2119 4772 2221 4812 nec
2248 4757 2392 4810 ineo

807 4863 907 4902 cor
957 4852 1279 4913 contritum,
1355 4859 1408 4903 et
1483 4848 1835 4903 humiliatum
1913 4849 2080 4903 luerit
2144 4857 2390 4904 creatum

805 4932 1059 5010 quoniam
1106 4957 1260 4995 omne
1303 4942 1501 4994 donum
1560 4942 1852 5010 perfectum
1927 4942 2204 4995 desursum
2270 4951 2393 5007 est,

809 5033 1129 5089 descendens
1166 5051 1199 5088 ο
1244 5033 1408 5087 Patre
1455 5034 1716 5088 taurinum
1750 5034 1817 5100 “,
1849 5035 1974 5089 talis
2010 5035 2227 5089 inanem
2259 5051 2391 5105 ope-

812 5131 931 5179 ram
980 5126 1172 5179 sumit.
1208 5124 1304 5178 Illa
1338 5125 1566 5188 idcirco.
1594 5135 1649 5180 et
1708 5127 1822 5180 sola
1876 5129 1962 5179 via
1994 5128 2285 5196 quain-uda
2306 5136 2392 5183 est

812 5227 1112 5283 perquam
1160 5218 1462 5268 contritum
1497 5226 1554 5270 et
1614 5217 1964 5269 bumiliatum
2037 5227 2272 5282 creetur,
2337 5225 2392 5271 et

812 5313 1096 5358 nascatur.
1130 5304 1187 5357 In
1240 5322 1350 5376 quo
1384 5308 1530 5361 enim
1564 5323 1662 5362 cor
1707 5308 2022 5362 istiusmodi
2091 5311 2392 5376 creabitur,

813 5410 978 5464 super
1024 5405 1226 5450 terram
1272 5407 1330 5452 ut
1365 5401 1419 5452 in
1479 5415 1646 5469 regno
1714 5402 1978 5455 caelorum
2053 5401 2392 5466 ambulabit;

815 5489 1082 5556 siquidem
1133 5499 1188 5544 et
1223 5507 1346 5544 cum
1395 5493 1460 5546 ad
1495 5496 1750 5547 ultimum
1808 5495 2062 5564 spiritum
2119 5495 2392 5548 edendum

818 5575 978 5629 homo
1010 5581 1239 5645 venerit,
1263 5590 1356 5635 aut
1379 5584 1643 5653 gaudens,
1677 5593 1732 5641 et
1761 5587 2046 5642 exsultans
2087 5586 2386 5646 invenitur.

891 5751 936 5782 "
961 5749 1151 5811 Matth.
1183 5771 1294 5820 ut,
1325 5754 1412 5810 26.

1515 5758 1556 5790 "
1580 5757 1721 5812 Psal.
1766 5775 1814 5820 ι..
1849 5757 1935 5811 l8.

820 5821 850 5876 7
882 5835 1033 5890 seqq.

2034 5757 2076 5788 ¹⁸
2119 5752 2238 5808 Jac.
2269 5771 2304 5819 ι,
2338 5753 2420 5807 l7.

2495 4651 2699 4704 minata
2737 4650 2941 4703 Christi
3007 4648 3204 4717 gratia,
3271 4649 3543 4716 propriam
3584 4647 3960 4702 inﬁrmitatem
4022 4650 4078 4700 in

2494 4743 2684 4796 divino
2735 4743 2945 4796 lumine
2995 4741 3144 4795 clare
3192 4739 3532 4809 perspiciens
3564 4755 3580 4805 ;
3610 4740 4078 4809 quemadmodum

2493 4851 2693 4910 parens
2747 4836 3038 4907 superbiae,
3117 4837 3172 4890 in
3213 4837 3460 4892 tenebris
3499 4835 3746 4891 stultitia
3773 4853 3934 4892 mens
3960 4853 4081 4891 sese

2494 4929 2892 5000 contemplans.

3111 5019 3368 5076 ORATIO
3417 5021 3513 5078 IX.

3061 5113 3464 5170 AIGUIENTDI.

2501 5206 2634 5273 Qui:
2667 5207 2738 5260 sit
2801 5205 3006 5275 ἄνομος
3071 5204 3245 5268 exlex,
3313 5214 3366 5257 et
3413 5205 3533 5273 quia
3580 5205 3930 5275 παραινομος
3978 5210 4085 5260 rio-

2573 5279 2716 5331 lator
2751 5273 2915 5344 legis.
2951 5273 3085 5339 Qui;
3112 5286 3375 5341 peccator,
3401 5287 3451 5327 et
3503 5276 3621 5341 quis
3667 5273 3884 5340 impius.
3921 5276 4081 5327 Chri-

2573 5360 2708 5400 stum
2741 5357 2952 5414 propter
2997 5347 3312 5410 impietates.
3353 5353 3400 5397 et
3427 5347 3622 5397 scelera
3661 5345 3935 5397 hominum
3971 5363 4085 5398 esse

2574 5431 2862 5477 mortuum,
2888 5426 2943 5466 ut
2975 5431 3149 5467 omnes
3178 5426 3412 5467 sanaret.
3440 5415 3665 5468 Tantum
3688 5417 3794 5466 dici
3817 5419 4083 5469 Christia-

2576 5504 2691 5551 nos,
2727 5489 2902 5538 venire
2929 5487 2992 5538 ab
3023 5487 3132 5552 ipso
3167 5501 3370 5553 genere.

2571 5580 2762 5643 Exlex,
2797 5580 3029 5632 violator
3062 5579 3216 5647 legis,
3252 5586 3531 5645 peccator,
3560 5577 3784 5647 impius,
3826 5589 4022 5647 peccat
4062 5607 4081 5617 —

2541 5752 2762 5806 "Joan.
2792 5752 2982 5814 ut,16.
3097 5751 3542 5814 ’⁸1υτιιι.ιι·ιι,’5.

3651 5752 3690 5782 ”
3716 5750 3956 5821 Philipp.
4005 5770 4082 5818 ltl_
