4188 6436
162 422 270 489 361

1606 412 1891 477 υΒᾹΤΙΟ
1929 411 2006 478 Χ.

3332 423 3440 485 362

166 558 255 595 res
283 549 417 601 sunt
459 546 850 600 communiter,
892 534 1272 604 unusquisque
1324 544 1502 588 autem
1553 534 1750 589 horum
1785 537 1827 592 Α
1858 546 2214 603 cognoscere.
2252 529 2458 585 Deinde
2506 546 2627 585 eum
2677 528 2940 586 Joannem
2998 534 3298 604 Baptistam
3353 540 3438 592 di-

162 630 432 699 qniddam
494 629 770 698 peculiare
829 627 1014 680 habet.
1076 624 1268 684 Exlex.
1318 626 1409 691 qui
1459 634 1543 679 cst
1600 634 1755 678 extra

165 724 361 792 leges;
425 723 655 775 violator
710 719 866 790 legis,
934 720 1028 787 qui
1088 727 1284 787 praiter
1339 719 1506 788 leges,
1556 717 1757 785 quihus

164 815 489 881 SJiniCillll‘,
512 814 677 878 facit;
705 811 1088 883 peccator,qui
1131 810 1487 865 frustratione
1520 814 1755 879 quadam

166 922 277 959 non
315 908 453 961 bene
517 906 670 974 agit;
724 905 948 973 impius,
1026 902 1121 969 qui
1198 902 1251 955 in
1315 902 1481 955 Deum
1548 911 1757 970 peccat,

169 1010 364 1067 utpote
422 1000 513 1069 qui
548 1007 643 1051 aut
692 1000 901 1051 nullum
958 994 1151 1055 Deum.
1206 1004 1299 1048 aut
1335 997 1539 1048 mullos
1602 996 1753 1047 colit.

165 1089 417 1145 Vocatur
460 1107 625 1160 porro
676 1090 902 1143 nomine
928 1089 1078 1159 impii
1121 1088 1174 1142 in
1232 1098 1422 1142 sancta
1471 1085 1755 1155 Scriptura

163 1182 335 1233 ctiam
392 1193 669 1250 peccator,
704 1191 759 1234 et
779 1181 1015 1244 adulter,
1064 1190 1116 1234 et
1157 1193 1379 1241 avarus,
1427 1186 1481 1232 et
1514 1178 1757 1246 pecunire

162 1272 425 1340 cupidus,
482 1280 536 1325 et
570 1272 752 1325 inanis
801 1272 989 1340 gloriae
1039 1279 1305 1341 captator,
1329 1277 1383 1323 et
1421 1272 1514 1338 qui
1562 1269 1758 1335 hujus-

163 1365 381 1419 cemodi
411 1365 558 1418 vitiis
588 1379 646 1418 sc
679 1364 1026 1419 dediderunt.
1051 1364 1294 1429 Quicum
1330 1364 1529 1425 sciant,
1564 1361 1755 1425 Deum,

161 1457 254 1522 qui
306 1454 462 1506 tinxit
494 1455 738 1517 oculum,
767 1436 949 1508 omnia
1004 1452 1336 1521 perspicere,
1395 1452 1560 1503 vitam
1596 1450 1754 1503 insti-

163 1554 359 1610 tuunt,
420 1561 481 1599 ac
514 1547 560 1599 si
618 1545 763 1601 Deus
794 1560 901 1599 non
949 1544 1156 1598 videat.
1191 1543 1327 1596 Nam
1364 1544 1409 1597 si
1443 1542 1634 1607 Deum,
1661 1542 1754 1611 qui

168 1639 377 1704 uhique
408 1651 648 1704 praesens
677 1643 780 1699 est,
809 1645 864 1690 et
900 1635 1149 1688 intuetur
1174 1634 1381 1698 omnia,
1426 1648 1757 1687 venerarcn-

164 1738 277 1791 tur,
311 1730 457 1782 haud
490 1745 613 1782 eum
660 1730 818 1799 quasi
848 1744 954 1782 nou
978 1730 1278 1783 intuentem
1310 1734 1752 1782 contemnerent.

158 1821 266 1887 Qui
303 1823 450 1876 enim
506 1823 676 1891 magis
711 1822 992 1876 hominum
1054 1822 1284 1892 gloriam
1318 1821 1753 1890 diligunt,quam

168 1916 284 1978 Dei,
319 1924 374 1968 et
405 1915 497 1983 qui
534 1917 584 1969 in
616 1915 767 1969 omni
795 1930 995 1985 genere
1024 1915 1392 1985 improbitatis
1414 1916 1750 1981 volutantur,

161 2009 599 2078 existimantque
659 2022 721 2061 ea
784 2008 974 2061 fallere
1023 2009 1247 2062 oculum
1301 2022 1580 2077 nunquam
1622 2007 1753 2062 dor-

162 2101 477 2161 mitantem,
516 2100 610 2167 qui
674 2099 893 2154 tandem
932 2099 1021 2153 isti
1072 2098 1239 2153 Deum
1267 2100 1477 2161 colunt,
1510 2116 1671 2168 quem
1702 2110 1755 2153 ct

162 2192 409 2244 inanima
485 2203 745 2245 creatura
808 2192 1045 2245 tremit?
1092 2192 1277 2261 lnquit
1351 2207 1481 2260 ergo
1531 2191 1751 2245 David:

166 2282 363 2337 Perdes
392 2301 572 2338 omnes
594 2287 686 2354 qui
718 2285 1361 2350 loquunturmcndacium
1392 2284 1457 2338 ".
1494 2284 1555 2337 Et
1589 2285 1754 2353 paulo

162 2387 285 2445 post
323 2395 338 2432 ξ
376 2377 677 2431 Secundum
748 2378 1143 2431 multitudinem
1191 2376 1522 2443 impietatum
1574 2393 1754 2430 eorum

157 2471 360 2536 expelle
392 2487 479 2523 eos
518 2472 583 2534 ι’,
626 2469 936 2539 impietates
981 2477 1203 2538 peccata
1255 2483 1482 2533 vocans,
1517 2484 1637 2537 qum
1657 2483 1753 2523 eos

162 2566 308 2616 circa
340 2564 603 2615 mandata
632 2561 747 2627 Dei,
779 2578 886 2615 non
920 2562 1067 2615 circa
1132 2560 1293 2615 [idem
1348 2562 1449 2615 labi
1488 2563 1751 2615 fecerunt.

159 2654 305 2709 Idem
372 2671 569 2709 rursus
627 2656 696 2708 de
765 2655 1041 2708 adulterio
1102 2668 1227 2707 cum
1312 2653 1641 2716 Bcthsahea,
1703 2661 1757 2705 et

161 2750 308 2802 caede
347 2746 493 2799 [Irim
520 2757 826 2815 perpetrata
878 2747 950 2799 ait
980 2764 993 2800 :
1026 2746 1173 2807 Diri,
1232 2745 1521 2813 coiiﬁtcbor
1571 2746 1758 2796 advcr—

160 2858 272 2893 sum
309 2858 391 2892 me
425 2841 747 2907 injustitiant
780 2855 949 2891 meam
994 2839 1242 2900 Domino,
1289 2847 1336 2890 ct
1402 2848 1457 2889 tu
1501 2836 1757 2890 remisisti

162 2935 486 2999 impietatem
521 2931 696 2983 cordis
746 2931 936 2985 mei”.
997 2929 1075 2982 Eu
1136 2945 1235 2983 cur
1271 2928 1488 2983 Davidis
1535 2941 1757 2999 propter

169 3026 500 3092 injusttiam
544 3023 710 3092 impie
757 3023 869 3092 egit
914 3031 1007 3076 :et
1056 3021 1410 3074 Christianus
1472 3023 1607 3089 citra
1640 3034 1757 3073 tue-

164 3128 270 3169 tum
339 3131 622 3185 peccans,
713 3122 767 3168 et
852 3114 1215 3183 upprobrinm
1289 3111 1498 3165 Christi
1555 3112 1755 3174 factus,

1862 633 2075 680 centcm
2105 625 2263 679 audis
2301 643 2316 679 :
2356 623 2490 677 Ecce
2522 642 2685 693 agnus
2722 624 2859 689 Dei,
2905 629 2995 695 qui
3040 627 3180 682 tollit
3217 645 3436 695 peccata

1862 720 2043 771 mundi
2077 719 2145 750 ²·⁶
2171 756 2187 783 ,
2227 718 2294 773 de
2329 732 2438 787 qtto
2492 727 2616 773 ante
2661 720 2831 773 multa
2887 723 3082 775 sa-cula
3131 724 3437 779 vaticinans

1862 814 2034 867 Isaias
2068 813 2137 876 ”,
2168 825 2324 864 ovem
2353 820 2404 865 et
2438 825 2639 878 agnum
2674 812 2768 879 qui
2806 811 3104 868 duceretur
3151 816 3218 870 ad
3270 817 3437 871 victi-

1865 918 2033 965 mam,
2063 902 2380 972 appellavit,
2408 902 2559 956 disce
2592 912 2812 971 propter
2838 914 3119 973 peccatum
3146 922 3266 961 esse
3291 925 3439 963 mor-

1864 1006 2051 1059 tuum;
2098 994 2269 1063 utqui
2307 996 2453 1049 httuc
2492 1004 2667 1050 morte
2696 996 2945 1050 affectum
2974 1040 2988 1061 ,
3029 1011 3083 1052 et
3136 1001 3225 1053 die
3277 1006 3438 1057 tertio

1862 1088 2173 1140 redivivum
2213 1090 2581 1156 recepissent,
2615 1104 2711 1157 per
2755 1106 2873 1142 eam
2936 1094 3168 1160 amplius
3212 1109 3437 1162 peceare

1866 1196 1972 1234 non
2011 1190 2236 1248 possent
2264 1196 2278 1245 ;
2321 1196 2442 1233 nam
2480 1190 2773 1248 peccantes
2796 1198 2919 1235 eum
2952 1200 3059 1235 non
3093 1176 3436 1254 receperunt,

1860 1272 2113 1340 quamvis
2148 1273 2221 1325 ita
2266 1271 2367 1325 sibi
2396 1271 2787 1340 persuadeant.
2846 1272 3058 1327 Etenim
3106 1275 3150 1328 si
3197 1281 3440 1348 recepis-

1862 1373 2004 1426 sent,
2034 1362 2276 1418 dedisset
2302 1364 2382 1418 eis
2420 1373 2750 1433 potestatem
2781 1365 2922 1420 tisicus
2982 1367 3073 1421 Dei
3128 1370 3241 1423 tieri
3269 1409 3284 1434 ,
3344 1374 3438 1440 qui

1862 1469 2091 1526 peccare
2143 1466 2422 1523 nequeunt
2467 1474 2478 1508 :
2513 1454 2733 1523 quando
2787 1459 3053 1526 St‘t‘iplllttt
3084 1472 3163 1515 est
3201 1479 3216 1515 :
3257 1466 3440 1518 Omnis

1860 1548 1951 1616 qui
1978 1555 2181 1615 peccat,
2214 1563 2317 1600 non
2360 1547 2513 1611 cidit,
2550 1564 2641 1601 nec
2673 1553 2913 1617 cognovit
2939 1568 3058 1603 eunt
3085 1555 3152 1605 ".
3187 1554 3247 1607 Et
3279 1573 3293 1608 :
3335 1555 3441 1620 Qui

1861 1640 1995 1709 facit
2023 1641 2377 1709 iniquitatem,
2410 1656 2475 1693 ea:
2515 1640 2730 1693 diabolo
2766 1652 2841 1695 cst
2872 1642 2937 1698 “.
2970 1644 3032 1697 lit
3056 1661 3072 1698 :
3098 1643 3161 1697 In
3202 1647 3297 1699 hoc
3330 1666 3443 1700 ma-

1862 1730 2044 1798 nifesti
2073 1740 2196 1783 sunt
2220 1730 2322 1796 filii
2365 1729 2477 1793 Dei,
2504 1741 2551 1784 ct
2584 1732 2687 1799 ﬁlii
2734 1732 2937 1785 diaboli
2963 1734 3032 1788 ⁸⁵.
3092 1734 3154 1790 Et
3181 1753 3196 1789 :
3254 1739 3441 1790 Omnis

1860 1824 1949 1891 qui
1979 1840 2082 1876 non
2120 1824 2246 1893 facit
2271 1824 2563 1890 justitiam,
2594 1841 2695 1877 non
2720 1836 2798 1879 est
2822 1842 2887 1879 ea:
2929 1828 3035 1880 Deo
3058 1828 3125 1882 ".
3178 1829 3333 1895 Quod
3393 1832 3441 1885 si

1861 1915 1926 1977 is.
1972 1918 2069 1984 qui
2104 1931 2213 1969 non
2246 1915 2378 1968 facit
2405 1915 2678 1983 justitiam
2714 1960 2729 1982 ,
2765 1932 2872 1972 non
2901 1928 2985 1973 est
3018 1936 3081 1974 ex
3128 1922 3239 1976 Deo
3270 1965 3285 1987 ,
3347 1929 3439 1993 qui

1860 2007 1991 2061 facit
2036 2007 2398 2076 iniustitiam,
2430 2008 2701 2061 undenam
2753 2011 2880 2063 est?
2924 2010 2989 2064 In
3032 2016 3166 2080 hoc,
3218 2017 3441 2086 inquit,

1858 2102 2231 2170 manifestatur
2261 2111 2337 2154 est
2371 2098 2544 2152 Filius
2572 2100 2699 2159 Dei.
2732 2113 2788 2155 ut
2810 2103 3064 2158 dissolvat
3108 2123 3263 2173 opera
3323 2112 3447 2163 dia-

1859 2191 1970 2243 boli
2001 2193 2090 2255 '5‘,
2131 2192 2336 2261 quibus
2366 2208 2474 2246 non
2509 2194 2794 2249 dissolutis
2824 2237 2837 2257 ,
2874 2198 3021 2251 nulla
3055 2208 3136 2254 est
3164 2203 3441 2270 speranda

1859 2284 2089 2339 utilitas.
2155 2281 2310 2337 Multi
2383 2286 2571 2353 itaque
2615 2286 2682 2339 de
2736 2301 2934 2354 genere
2995 2290 3435 2349 Christianorum

1859 2373 2125 2441 prodesse
2158 2374 2265 2429 sibi
2308 2374 2688 2440 arbitrantur,
2737 2376 3083 2434 Christianos
3133 2383 3287 2449 dici;
3338 2401 3438 2439 ne-

1860 2466 2101 2523 scientes
2136 2466 2188 2520 id
2222 2474 2513 2537 paternum
2554 2482 2616 2519 ac
2646 2476 2953 2523 maternum
2997 2488 3154 2535 esse,
3207 2483 3261 2528 ct
3313 2492 3438 2530 cum

1862 2560 2034 2628 patria
2092 2574 2155 2614 ac
2190 2559 2413 2628 regione
2446 2559 2691 2629 ipsorum
2738 2569 2847 2614 tota
2879 2576 3170 2620 commune
3198 2584 3211 2618 :
3263 2570 3357 2636 qui
3391 2570 3439 2623 si

1862 2652 2025 2704 vitam
2058 2665 2123 2704 ex
2161 2650 2369 2704 Christi
2401 2652 2619 2719 legibus
2656 2651 3018 2716 instituerint,
3043 2666 3155 2709 tum
3186 2659 3349 2713 simul
3384 2672 3440 2714 (ι

1860 2741 2164 2796 Christiani
2199 2742 2654 2805 nominabuntur,
2689 2752 2743 2796 et
2776 2742 2829 2796 in
2878 2743 3160 2800 Christum
3214 2752 3441 2808 credere

1860 2835 2150 2897 dicentur;
2184 2834 2388 2903 alioqui
2424 2836 2724 2903 przestahat
2772 2851 2875 2891 nec
2907 2838 3137 2893 credere
3186 2840 3240 2895 in
3279 2841 3436 2896 Chri-

1861 2938 2030 2989 stum,
2065 2926 2315 2994 quinimo
2347 2940 2447 2979 nec
2475 2935 2633 2980 natos
2655 2926 2848 2981 luisse.
2868 2926 2986 2982 Non
3015 2930 3159 2984 enim
3187 2942 3437 3001 poterant

1863 3021 1915 3073 in
1950 3020 2232 3073 Christum
2267 3032 2376 3072 non
2432 3020 2658 3073 credere
2693 3036 2708 3072 :
2742 3023 2985 3076 atrocius
3029 3032 3211 3079 autem
3271 3044 3437 3096 quam

1861 3111 2111 3167 inﬁdeles
2140 3112 2465 3182 punientur.
2498 3113 2597 3167 Ast
2656 3115 2995 3184 alienigenae,
3028 3118 3122 3187 qui
3160 3126 3218 3172 ut
3274 3121 3440 3174 Chri-

163 3211 363 3279 impius
408 3218 515 3261 est.
582 3210 758 3277 Atque
806 3208 955 3260 istud
1015 3206 1236 3275 quidam
1307 3218 1335 3257 a
1387 3206 1495 3258 Deo
1541 3204 1754 3258 amatus
1784 3224 1826 3280 ρ
1863 3203 2027 3258 stiani
2060 3205 2617 3273 cognominarentur,
2654 3218 2682 3258 a
2716 3207 3021 3276 majoribus
3074 3225 3180 3263 non
3212 3226 3439 3281 accepe-

161 3312 314 3369 pater
352 3301 639 3368 evplanat,
689 3301 816 3351 dum
853 3299 1003 3352 illum
1063 3299 1143 3351 sic
1188 3297 1510 3366 alloquitur.
1551 3296 1752 3367 Impie-

163 3403 328 3445 tatem
390 3389 799 3447 commisimus,
858 3389 1118 3456 quoniam
1204 3386 1558 3455 tpprobrium
1619 3388 1747 3441 lacti

161 3501 352 3538 sumus
410 3483 615 3536 dilecto
648 3494 768 3536 tuo.
812 3481 877 3533 Et
913 3480 1052 3533 alius
1097 3480 1279 3532 divina
1319 3480 1586 3549 sapientia
1616 3496 1753 3547 prcr—

162 3580 327 3638 ditus,
370 3577 504 3645 quid
545 3574 765 3644 prodest
834 3572 936 3627 lide
982 3572 1102 3642 pios
1153 3587 1297 3638 esse,
1330 3573 1438 3625 vita
1503 3572 1754 3641 impios?

160 3671 441 3724 Postumus
476 3671 623 3723 enim
675 3668 991 3738 quempiam
1052 3682 1300 3729 avarum,
1382 3667 1746 3736 proditorem,

165 3776 489 3832 protervum
540 3777 688 3824 esse,
740 3769 795 3814 et
854 3760 1216 3815 nihilominus
1276 3768 1423 3813 recte
1476 3760 1745 3814 credere:

162 3859 286 3924 quid
330 3856 425 3909 hic
492 3855 671 3922 capiet
703 3852 1084 3915 emolumenti,
1130 3851 1175 3904 si
1219 3851 1352 3904 nihil
1384 3867 1597 3916 eorum,
1628 3867 1750 3921 qua:

161 3949 544 4001 Christianum
586 3943 804 4005 decent,
856 3940 1149 3995 habuerit?
1201 3942 1245 3994 si
1305 3940 1440 3993 nihil
1486 3941 1747 4010 cgeritcx

164 4036 245 4096 iis,
299 4049 426 4102 qua:
460 4033 719 4099 pietatem
764 4033 1052 4099 produnt;
1114 4028 1210 4084 scd
1271 4029 1525 4084 ethnicos
1579 4031 1743 4084 etiam

164 4128 309 4179 vitiis
374 4122 769 4192 superaverit?
824 4120 866 4174 si
945 4119 1309 4173 familiaribus
1364 4121 1664 4173 nocuerit?
1701 4122 1745 4175 si

166 4213 333 4266 Deum
419 4208 931 4279 ltlaspltemavet‘it?
978 4206 1026 4261 si
1099 4208 1411 4261 veneranda
1467 4209 1746 4278 religionis

164 4307 421 4376 dogmata
461 4320 557 4373 per
598 4317 763 4372 opera
793 4300 1256 4355 dedecoraverit?
1312 4298 1446 4353 Nam
1474 4299 1593 4353 ideo
1631 4318 1749 4354 nta-

164 4398 445 4466 nifestam:
474 4405 549 4447 cst
593 4392 767 4446 Filius
811 4393 925 4455 Dei,
994 4391 1299 4446 secundum
1355 4393 1747 4460 evangelistam

164 4491 427 4545 Joannem
464 4487 827 4556 Thcologum,
864 4487 911 4539 vi
939 4483 1242 4539 tlissolrerct
1269 4500 1426 4553 opera
1457 4485 1656 4537 diaboli
1680 4486 1745 4539 ".

1861 3300 2013 3354 runt,
2046 3292 2090 3344 si
2127 3293 2181 3344 in
2207 3291 2494 3345 Christum
2530 3291 2887 3357 crediderint,
2918 3310 3115 3365 magna
3143 3298 3269 3351 inde
3290 3315 3441 3353 com-

1860 3383 2018 3435 moda
2054 3381 2157 3436 sibi
2190 3382 2462 3450 parabunt
2491 3401 2503 3435 :
2532 3398 2653 3436 cum
2682 3382 2771 3435 ille
2792 3383 3071 3453 degenere
3098 3386 3436 3454 Christiano,

1857 3492 1954 3545 per
1986 3476 2120 3544 legis
2152 3474 2353 3530 Christi
2394 3476 2900 3545 prccvaricationem
2937 3477 3217 3534 Christum
3272 3482 3438 3537 inho-

1856 3576 2070 3631 norent,
2110 3576 2161 3621 et
2191 3569 2393 3621 avitam
2426 3583 2491 3621 ac
2518 3584 2699 3621 veram
2730 3569 2985 3638 pietatem
3006 3575 3433 3630 commaculent.

2458 3680 2718 3735 ORATlO
2747 3679 2816 3736 Χ.

2451 3807 2846 3849 ARGUMENTL'".

1858 3882 1979 3937 Non
2016 3884 2205 3947 Deum,
2241 3887 2333 3937 sed
2364 3886 2635 3938 tla'monas
2668 3889 2844 3951 potius
2875 3890 3123 3944 humanm
3164 3896 3431 3949 servitutis

1926 3966 2167 4029 auctores
2191 3971 2325 4029 esse.
2364 3955 2579 4029 De_ira_
2604 3958 2999 4029 et‘cupiditate,
3033 3962 3084 4011 in
3115 3964 3305 4029 quibus
3331 3983 3432 4017 non

1924 4034 1999 4077 est
2044 4028 2203 4097 ratio.
2246 4028 2309 4077 Et
2346 4026 2485 4077 unde
2526 4026 2590 4097 ab
2616 4026 2696 4078 Itis
2725 4028 2933 4081 animus
2961 4026 3243 4097 afﬁciatur.
3276 4032 3430 4087 Sicut

1924 4094 2480 4171 aspectu‘s‘corporcus
2511 4096 2681 4149 illwso
2713 4098 2971 4171 sentiendi
2995 4094 3218 4171 "organo
3240 4144 3253 4165 ,
3306 4106 3431 4156 itet-t

1925 4174 2092 4239 motu,
2127 4166 2405 4239 intervallo
2420 4181 2523 4239 Apro
2549 4175 2666 4239 rata
2694 4169 2955 4232 portione,
3000 4166 3120 4224 acre
3151 4189 3305 4239 puro,
3343 4192 3433 4226 sc-

1925 4235 1991 4287 lis
2015 4237 2129 4286 luce
2148 4236 2347 4303 indiget
2373 4252 2391 4288 :
2414 4237 2489 4288 ita
2512 4238 2670 4288 etiam
2696 4247 2967 4303 aspectum
2996 4235 3161 4293 animi
3178 4242 3259 4295 Itis
3279 4246 3435 4298 modo

1924 4310 2179 4372 quodam,
2207 4307 2298 4373 qui
2321 4306 2674 4375 intelligentia
2696 4308 3006 4375 percipitur,
3027 4326 3195 4379 cgere.

1926 4397 1985 4450 ln
2025 4398 2278 4464 presenti
2320 4397 2521 4451 steculo
2544 4439 2557 4463 ,
2601 4397 2654 4451 id
2702 4405 2788 4453 cst
2817 4436 2831 4462 ,
2865 4398 2919 4452 in
2953 4400 3054 4455 hac
3093 4401 3201 4455 vita
3233 4446 3247 4470 ,
3281 4417 3435 4474 pater

1856 4494 1962 4550 est,
2000 4494 2054 4540 et
2083 4484 2227 4540 ﬁlius
2258 4502 2274 4541 :
2307 4500 2500 4541 servus
2523 4526 2538 4551 ,
2570 4495 2624 4541 et
2673 4490 3052 4545 mercenarius
3106 4507 3433 4561 procreatus

168 4585 261 4649 Qui
297 4596 434 4651 ergo
489 4579 905 4632 manifestatum
973 4577 1069 4631 Dei
1121 4574 1319 4629 Filiqu
1378 4576 1642 4643 suscepit,
1699 4574 1745 4629 si
1780 4576 1823 4631 ι)
1856 4593 1964 4633 non
1997 4585 2114 4643 est;
2159 4592 2338 4645 neque
2366 4576 2513 4633 enim
2548 4579 2762 4647 primus
2797 4594 2997 4650 parens
3028 4622 3044 4646 ,
3089 4598 3265 4653 neque
3316 4589 3432 4656 pri-

168 4679 345 4729 adhnc
380 4674 600 4727 vinctus
641 4670 905 4740 operibus
965 4668 1166 4723 diaboli
1215 4677 1453 4730 tenetur.
1498 4683 1619 4737 qua:
1657 4668 1746 4720 hic

169 4766 256 4819 Dei
286 4766 462 4819 Filius
532 4761 915 4817 maniicstatus
972 4760 1248 4823 dissolvit,
1314 4758 1557 4813 deterior
1610 4758 1748 4828 ipsis

168 4858 507 4918 inﬁdelibus,
556 4864 609 4909 et
638 4856 813 4907 atheis
845 4853 1016 4921 magis
1052 4852 1247 4919 impius
1277 4859 1384 4904 est.

232 4950 416 5014 Quare
445 4963 571 4999 cum
613 4947 793 5007 audis,
835 4943 1001 4997 Deum
1035 4959 1157 4998 esse
1196 4944 1477 4997 hominem
1512 4942 1746 5009 laetum,

166 5047 247 5109 qui
292 5043 426 5095 fecit
479 5040 678 5094 coelum
747 5046 797 5092 ct
840 5047 1042 5091 terram
1086 5047 1139 5092 et
1207 5051 1389 5098 mare,
1425 5050 1655 5106 qumque
1687 5036 1743 5090 in

167 5136 338 5187 medio
373 5141 504 5187 sunt
537 5131 750 5191 omnia.
787 5142 838 5184 et
873 5146 995 5200 qua:
1017 5130 1196 5185 oculis
1233 5128 1477 5197 subjecta
1509 5138 1659 5192 sunt,
1685 5136 1743 5182 et

166 5240 279 5291 quae
313 5238 426 5277 non
470 5232 623 5286 sunt,
652 5230 705 5275 et
740 5222 919 5289 ipsum
950 5221 1182 5288 denique
1214 5220 1512 5281 hominem,
1544 5233 1653 5271 non
1671 5218 1741 5272 ob

166 5317 321 5367 aliam
352 5328 583 5368 causam
644 5312 850 5367 factum
884 5312 1163 5366 hominem
1218 5310 1461 5377 intrllige
1486 5349 1501 5372 ,
1538 5310 1643 5362 nisi
1686 5320 1743 5364 ut

170 5405 302 5458 Deus
335 5420 434 5473 per
472 5405 770 5456 humanam
804 5411 1057 5456 naturam
1081 5401 1220 5454 mori
1242 5411 1448 5470 posset.
1480 5400 1607 5454 Plus
1629 5401 1740 5455 noli

165 5512 407 5565 qut-arere
435 5514 448 5548 :
477 5494 573 5551 sed
601 5496 980 5550 tantummodo
1002 5509 1227 5550 causam
1255 5504 1309 5548 et
1358 5493 1740 5548 necessitatem

166 5589 527 5660 suscipienda:
576 5589 742 5660 hujus
784 5589 1141 5645 demissionis
1185 5595 1239 5643 et
1290 5586 1566 5657 patientiae
1615 5596 1741 5658 opta

232 5799 275 5831 ’⁸
307 5799 453 5854 Psal.
504 5814 557 5859 v,
593 5796 649 5852 7.
763 5796 804 5828 "
852 5795 991 5849 lhid.
1057 5798 1144 5849 Η.

163 5885 307 5944 seqq.
386 5872 433 5899 ’³
465 5868 484 5920 ι
517 5867 680 5921 Joan.
707 5881 789 5931 nt,
814 5866 865 5930 6,
940 5870 986 5897 ’δ
1015 5866 1230 5921 liiid.b'.

366 5964 643 6023 ΡΛτιιοι..
693 5960 814 6021 (in.
860 5961 1042 6022 CXX.

1342 5871 1385 5899 ”
1418 5868 1551 5922 ibid.
1590 5868 1673 5922 10.

1257 5798 1302 5829 ¹⁰
1361 5797 1512 5851 Psal.
1548 5812 1697 5861 aut,
1726 5797 1779 5850 5.
1888 5797 1929 5829 "

1342 5871 1385 5899 "
1418 5868 1551 5920 lbzd.
1590 5868 1673 5920 lO.
1752 5865 1797 5897 "
1832 5866 1950 5920 lbiil

1851 4684 1978 4723 mus
2018 4668 2138 4736 eius
2170 4667 2318 4723 ﬁlius
2345 4670 2511 4735 servi,
2546 4679 2641 4724 aut
2666 4672 2995 4725 mercenarii
3044 4672 3290 4730 luerunt.
3328 4679 3429 4733 Cui

1853 4760 2001 4814 enim
2038 4773 2138 4828 pro
2168 4759 2347 4813 servis
2408 4774 2471 4813 ac
2527 4761 2880 4818 mercenariis
2926 4762 3087 4818 subdi
3136 4771 3432 4833 poterant?

1854 4850 2105 4906 Servitus
2160 4858 2216 4905 et
2286 4866 2456 4921 Opera
2506 4853 2850 4908 mercenaria
2899 4855 3206 4923 posteriora
3260 4870 3429 4915 sunt:

1853 4940 2092 4997 servitus
2119 4941 2343 5010 quidem
2377 4956 2446 4996 ex
2475 4956 2692 5007 eorum,
2723 4943 2819 5013 qui
2852 4954 3037 4999 essent
3072 4961 3272 5015 genere
3296 4964 3399 5003 con
3419 4980 3433 4993 -

1858 5043 2042 5087 sortes
2072 5032 2427 5103 improbitate
2459 5044 2649 5088 mutua
2677 5052 2690 5088 :
2725 5050 2891 5106 opera
2920 5053 3050 5092 vero
3097 5046 3430 5109 quaestuaria

1843 5140 1906 5179 es
1943 5125 2271 5195 indigentia,
2303 5135 2527 5196 propter
2548 5141 2644 5183 eos
2674 5128 2769 5197 qui
2797 5143 2920 5182 cum
2939 5140 3124 5185 essent
3149 5132 3216 5186 de
3234 5133 3428 5187 eodem

1846 5234 2045 5285 genere
2066 5235 2187 5274 cum
2219 5220 2366 5284 aliis,
2398 5219 2522 5289 plus
2558 5218 2763 5275 habere
2794 5220 2954 5276 avide
2979 5222 3296 5291 cupiebant.
3319 5222 3425 5289 En,

1842 5322 1896 5367 et
1932 5328 2129 5369 servus
2152 5354 2168 5378 ,
2208 5320 2262 5367 et
2292 5312 2669 5367 mercenarius
2693 5328 2759 5368 ex
2788 5314 3089 5369 subsecuta
3131 5315 3417 5370 hominum

1847 5406 1979 5459 vitio
2002 5407 2332 5461 exstiterunt
2357 5419 2372 5461 ;
2394 5403 2488 5472 qui
2522 5412 2582 5456 ut
2602 5404 2953 5468 exsisterent,
2972 5408 3086 5462 sola
3112 5408 3424 5477 indigentiae

1851 5496 2157 5551 necessitas
2195 5496 2249 5550 in
2293 5507 2464 5549 causa
2503 5492 2625 5549 luit.
2654 5492 3197 5565 thuetnadmodum
3230 5513 3424 5553 servus

1852 5601 1917 5641 ac
1950 5586 2326 5641 mercenarius
2356 5598 2467 5638 non
2499 5592 2666 5655 agunt
2694 5587 3011 5655 quodlibet,
3042 5589 3135 5645 sed
3166 5605 3287 5660 quae
3339 5590 3425 5661 ip-

1888 5796 1929 5829 "
1958 5796 1975 5849 1
2004 5794 2167 5850 Joan.
2206 5812 2288 5859 ιιι,
2322 5796 2373 5847 8.
2470 5798 2532 5830 ³¹⁴
2565 5796 2721 5853 Joan.
2761 5796 2911 5860 t,9.9.
3023 5795 3069 5825 "
3099 5792 3205 5850 lsa.
3246 5808 3359 5860 Llll,
3396 5792 3420 5844 1

2045 5868 2114 5898 ἠ·
2152 5866 2289 5921 Ibid.
2317 5866 2369 5921 8.

2470 5798 2532 5830 ³¹⁴
2565 5796 2721 5853 Joan.
2761 5812 2797 5863 ι,
2820 5796 2911 5851 ‘29.

3030 5956 3102 6016 1‘2.
