4188 6436
696 462 803 525 363

697 587 883 628 serum
913 563 1155 620 dominis
1185 572 1262 624 et,

699 667 787 719 lus
846 659 1191 729 (inte'ligens
1228 653 1343 712 illa,
1370 659 1422 703 et
1466 646 1705 715 maligna
1747 639 2038 713 potestas)
2092 636 2185 704 qui
2234 648 2262 686 a

701 758 814 811 Deo
841 751 1074 808 descivit
1109 789 1122 812 ,
1156 746 1250 815 qui
1284 742 1584 811 nequitiam
1620 739 1918 791 humanam
1966 729 2268 784 fabricatus

702 856 809 911 est,
832 842 1018 912 eteius
1037 853 1276 892 amorem
1302 832 1624 887 mortalibus
1648 823 1938 898 persuasit,
1961 836 2058 877 eos
2081 820 2134 874 in
2154 833 2270 873 ser-

704 938 931 990 vitutem
969 945 1125 986 suam
1152 927 1321 981 trahit
1358 943 1370 977 :
1405 923 1493 977 cui
1535 918 1724 991 (quod
1764 913 1948 967 animo
1983 920 2037 966 et
2061 908 2270 979 cogita-

707 1030 856 1081 tione
882 1024 1148 1087 videmus)
1177 1019 1228 1071 in
1259 1014 1649 1086 voluptatibus,
1674 1006 1909 1077 rapinis,
1938 1002 2165 1059 avaritia
2222 1011 2274 1053 et

705 1119 965 1175 (minibus
992 1111 1293 1170 sceleribus
1321 1108 1573 1163 servilem
1608 1104 1660 1155 in
1707 1099 1928 1154 modum
1966 1102 2178 1166 parent.
2210 1090 2276 1145 Et

706 1214 848 1269 tales
877 1222 1000 1264 cum
1068 1205 1332 1269 sint,eos,
1357 1199 1718 1267 impudentes,
1746 1201 1799 1247 ct
1826 1187 2198 1260 superbiores,
2223 1191 2277 1239 et

707 1303 947 1362 stolidos
966 1298 1142 1353 reddit
1170 1314 1185 1362 ;
1217 1304 1278 1349 ut
1303 1305 1479 1359 neque
1507 1304 1565 1343 se
1586 1287 1688 1357 ipsi
1740 1284 2022 1339 vindicare
2043 1278 2275 1349 possint,

708 1415 881 1467 neque
909 1392 1132 1449 aliunde
1158 1386 1423 1443 vindicari
1453 1384 1510 1436 in
1534 1382 1839 1435 libertatem
1866 1373 2050 1427 velint.
2079 1372 2279 1423 Omnes

710 1495 875 1562 igitur
901 1483 1242 1556 huiusmodi,
1268 1479 1383 1533 sive
1400 1473 1630 1540 ethnici,
1652 1480 1706 1527 et
1734 1469 1901 1523 Deum
1936 1467 2278 1535 ignorantes,

710 1553 824 1639 sive
859 1553 1276 1643 inﬁdeles,,sive
1304 1568 1488 1623 ﬁdeles
1527 1562 1825 1620 Christiani
1857 1568 1913 1614 et
1947 1553 2272 1617 orthodoxi,

709 1674 926 1729 diabolo
960 1668 1260 1723 servientes
1290 1701 1305 1724 ,
1340 1658 1406 1713 ad
1452 1656 1571 1726 ejus
1621 1661 1806 1724 partes
1839 1688 1855 1714 ,
1900 1648 1990 1718 qui
2038 1647 2280 1713 ipsorum

710 1767 1026 1823 dominatur
1054 1805 1067 1827 ,
1096 1758 1415 1829 pertinent,
1462 1758 1628 1819 atque
1677 1762 1705 1799 a
1762 1745 1867 1796 Deo
1908 1739 2132 1810 projecti
2160 1775 2173 1799 ,
2227 1736 2283 1788 in

712 1861 875 1913 dumo
913 1856 1031 1925 ejus
1058 1856 1113 1907 in
1167 1858 1436 1905 :eternum
1487 1854 1709 1895 manere
1767 1851 1880 1889 non
1937 1838 2169 1901 possunt
2217 1828 2281 1881 ".

712 1952 867 2005 L'nde
900 1963 1091 2017 magna
1126 1946 1235 1999 illis
1275 1943 1324 1993 vi
1362 1950 1505 2007 opus
1535 1942 1640 1993 est,
1677 1939 1734 1983 ut
1765 1943 1794 1981 e
1831 1924 2082 1979 manibus
2130 1919 2247 1985 eius
2272 1960 2288 1985 ,

713 2045 804 2113 qui
832 2040 1146 2096 servitutem
1183 2031 1316 2103 ipsis
1345 2026 1631 2096 imposuit,
1656 2026 1941 2074 eruantur.
1971 2013 2092 2067 Alia
2116 2021 2294 2065 autem

713 2149 814 2189 nec
846 2132 1067 2185 inventa
1097 2137 1202 2190 est,
1237 2136 1341 2177 nec
1373 2114 1609 2173 inveniri
1644 2110 1823 2181 potuit
1852 2145 1865 2170 ,
1904 2119 2003 2159 nec
2034 2113 2115 2157 est
2142 2142 2155 2165 ,
2190 2100 2294 2154 nisi

715 2229 971 2283 Christus
1008 2220 1103 2273 Dei
1140 2218 1335 2269 virtus.
1364 2210 1421 2265 Si
1448 2222 1578 2277 ergo
1610 2204 1660 2261 is
1692 2199 2008 2258 liberaverit
2040 2236 2055 2260 ,
2091 2196 2166 2249 ita
2202 2194 2295 2247 de~

719 2333 867 2371 mum
902 2315 1037 2367 liber
1081 2312 1221 2370 erit,
1258 2304 1351 2373 qui
1415 2301 1685 2355 liberatus
1724 2300 1805 2347 est
1847 2290 1914 2344 ab
1960 2303 2025 2344 eo
2074 2287 2140 2341 ".
2183 2285 2296 2339 Erit

718 2413 863 2465 enim
898 2416 1111 2467 castus,
1145 2400 1366 2456 sobrius
1396 2436 1412 2461 ,
1463 2394 1643 2447 hortus
1667 2432 1681 2454 ,
1701 2387 1892 2457 justus
1913 2421 1928 2446 ,
1960 2381 2249 2447 religiosus
2279 2415 2295 2442 ,

724 2506 1021 2557 humanus,
1064 2494 1205 2562 pius,
1247 2487 1581 2547 misericors,
1607 2483 1846 2551 patiens,
1872 2473 2119 2536 humilis,
2144 2485 2296 2524 man-

722 2603 935 2656 suetos,
968 2590 1163 2642 alienis
1196 2583 1353 2636 malis
1388 2579 1583 2632 dolens
1613 2616 1628 2640 ,
1677 2571 1972 2628 continens
1998 2607 2013 2633 ,
2040 2566 2145 2619 hoc
2176 2575 2297 2626 est,

722 2702 849 2742 vere
882 2687 1069 2738 homo.
1108 2680 1211 2741 Qui
1243 2678 1327 2730 his
1362 2680 1588 2734 carent,
1626 2674 1720 2720 aut
1748 2661 1986 2734 pecudes
2014 2698 2029 2721 ,
2055 2667 2149 2712 aut
2193 2657 2303 2710 da:-

726 2795 918 2835 mones
942 2782 1088 2831 sunt.
1122 2768 1335 2825 etiamsi
1362 2760 1659 2819 Christiani
1685 2767 1738 2812 et
1756 2752 2049 2811 orthodoxi
2071 2750 2296 2812 fuerint,

728 2880 781 2925 et
816 2872 867 2923 hi
893 2868 1125 2921 maxime
1156 2862 1208 2915 in
1239 2871 1467 2913 examen
1515 2851 1763 2907 severius
1794 2848 2138 2902 adducentur
2160 2882 2174 2906 ,
2198 2855 2302 2894 nec

732 2969 974 3035 ipsorum
1002 2957 1219 3017 vindex,
1250 2961 1304 3010 et
1334 2956 1574 3005 assertor
1596 2944 1847 2998 Christus
1865 2938 2163 3007 quidquam
2198 2931 2304 2986 illis

731 3056 999 3132 proderit,
1030 3052 1155 3119 quia
1188 3046 1443 3099 nimirum
1478 3038 1771 3093 noluerunt
1811 3033 1931 3101 ejus
1984 3026 2159 3083 solius
2212 3038 2303 3075 re-

732 3116 1127 3219 demptionem,
1160 3143 1296 3194 hanc
1320 3135 1492 3188 solam
1530 3130 1839 3182 libertatem
1868 3161 1882 3184 ,
1917 3120 2068 3174 omni
2099 3116 2301 3169 virtute

1938 431 2223 495 SIMEON
2241 429 2306 486 IS
2346 425 2704 487 JUNIORIS

1296 558 1441 613 heris
1484 556 1700 624 placent
1732 569 1746 606 :
1774 548 2024 606 similiter
2072 544 2260 599 diabo-
2289 538 2337 595 Α
2364 538 2634 608 cupiditas
2666 532 3102 605 perturbationes
3130 538 3279 591 sunt,
3314 528 3408 584 sed
3475 524 3707 596 privatio
3753 532 3950 577 sanita-

3850 408 3954 476 364

2372 632 2440 685 tis
2476 630 2665 688 animi,
2704 636 2927 697 prepter
2962 640 3123 694 quam
3155 626 3237 678 ira
3265 637 3463 692 expers
3492 623 3565 675 sit
3603 619 3859 680 rationis,
3902 630 3955 671 et

2372 723 2648 793 cupiditas
2676 735 2887 780 amens.
2923 720 3035 784 illa,
3060 720 3306 787 inquam,
3341 715 3634 783 imaginem
3657 710 3955 781 perturba-

2373 817 2582 869 tionum
2617 815 2682 867 iis
2714 813 2965 882 imponit.
3005 813 3200 864 Anima
3233 811 3379 865 enim
3416 822 3585 863 unum
3613 814 3700 861 est
3736 822 3751 859 :
3785 802 3958 870 idque

2374 908 2627 976 simplex,
2671 920 2773 958 nec
2804 904 3158 973 partitionem
3223 901 3564 964 admittens,
3623 906 3684 952 ut
3740 898 3958 951 intelle-

2375 996 2558 1050 ctuale
2596 990 2855 1063 quiddam
2888 991 3122 1056 scilicet,
3155 1004 3252 1044 nec
3281 998 3363 1044 est
3392 989 3573 1058 aliqua
3607 986 3963 1055 compositio,

2378 1100 2473 1140 seu
2510 1082 2959 1154 coagmentatio,
3014 1084 3085 1136 ob
3132 1096 3295 1151 quam
3349 1080 3459 1148 pati
3512 1086 3744 1148 cogatur
3790 1078 3963 1131 sicuti

2379 1191 2582 1246 corpus
2607 1192 2668 1229 ex
2701 1184 2939 1243 quatuor
2961 1174 3248 1228 elementis
3273 1179 3618 1236 concretum,
3643 1169 3964 1224 necessario

2381 1271 2450 1325 ab
2483 1269 2666 1337 aliquo
2695 1269 2887 1322 horum
2926 1266 3178 1330 allicitur,
3209 1266 3256 1320 si
3297 1265 3381 1320 vel
3415 1262 3679 1327 abundet,
3705 1262 3789 1316 vel
3826 1260 3963 1316 deii-

2383 1361 2513 1417 ciat.
2551 1360 2727 1414 Omne
2756 1358 2902 1413 enim
2930 1356 3079 1427 quod
3102 1355 3352 1419 allicitur,
3386 1355 3456 1409 ab
3483 1353 3667 1423 aliquo
3688 1350 3967 1405 adiciatur

2388 1468 2611 1509 necesse
2637 1461 2742 1506 est.
2774 1451 3044 1517 Quoniam
3080 1439 3219 1519 ergo
3242 1448 3377 1502 nihil
3448 1445 3613 1499 habet
3656 1445 3835 1498 anima
3863 1482 3879 1507 ,
3933 1457 3965 1495 a

2385 1562 2492 1617 quo
2526 1545 2787 1615 patiatur,
2830 1550 3156 1611 constatque
3188 1543 3358 1610 ipsam
3393 1538 3717 1607 simplicem,
3749 1539 3966 1591 incom-

2388 1638 2646 1709 positam,
2679 1636 2971 1691 divisionis
3006 1644 3303 1696 exsortem,
3337 1631 3726 1699 intelligentem
3755 1668 3769 1691 ,
3807 1642 3836 1680 a
3862 1643 3968 1680 eu-

2393 1730 2730 1802 piditatibus,
2773 1736 2827 1781 et
2867 1727 2948 1780 ira
2980 1727 3192 1778 ratione
3222 1723 3545 1777 vacantibus
3603 1722 3749 1791 pati,
3798 1718 3970 1773 unde-

2394 1834 2515 1873 nam
2550 1818 2653 1887 ipsi
2682 1817 2829 1873 istud
2870 1815 3014 1884 pati,
3042 1829 3167 1867 cum
3208 1826 3370 1867 omne
3412 1810 3556 1881 quod
3607 1810 3813 1878 patitur
3838 1845 3855 1873 ,
3900 1807 3971 1859 ab

2399 1916 2503 1968 alio
2533 1911 2813 1983 patiatur?
2848 1908 3134 1964 Invenitur
3167 1906 3333 1976 igitur
3372 1904 3478 1958 alia
3513 1903 3822 1971 intelligens
3864 1916 3971 1953 na-

2400 2015 2522 2059 tura
2557 2005 2890 2068 dazmonum,
2929 2001 2982 2054 in
3010 2001 3206 2068 ipsam,
3233 1997 3379 2068 quod
3417 1994 3718 2065 intelligere
3770 2008 3975 2061 possu-

2401 2112 2543 2160 mus,
2575 2095 2795 2148 irruens
2822 2134 2838 2157 ,
2891 2098 2944 2145 et
2978 2090 3033 2144 in
3080 2087 3420 2143 motionibus
3463 2085 3583 2156 ejus
3622 2083 3975 2139 naturalibus

2405 2188 2608 2257 quibus
2669 2198 2887 2255 semper
2918 2184 3115 2246 cietur,
3154 2183 3430 2250 negotium
3483 2192 3547 2231 ae
3589 2175 3894 2230 molestiam
3921 2175 3971 2228 ei

2402 2285 2681 2336 lacessens
2736 2292 2801 2332 ac
2855 2276 3097 2331 tenebris
3152 2272 3485 2343 quibusdam
3534 2269 3770 2334 otiosis,
3822 2268 3971 2322 illam

2403 2373 2573 2444 probe
2591 2383 2817 2426 cernere
2838 2384 2945 2423 non
2971 2368 3179 2431 sinens,
3204 2364 3604 2419 desiderantem
3632 2368 3799 2424 recta,
3817 2374 3976 2420 vera,

2400 2477 2633 2535 quteque
2663 2475 2866 2516 meram
2900 2456 3347 2528 imaginazionem
3397 2464 3451 2508 et
3501 2453 3749 2508 umbram
3806 2461 3975 2519 atque

2400 2569 2643 2611 errorem
2682 2568 2787 2606 non
2845 2552 3071 2605 habent.
3124 2549 3338 2603 Etenim
3394 2545 3673 2601 naturales
3721 2544 3979 2597 humana:

2404 2658 2615 2702 naturae
2648 2645 2890 2707 habitus,
2929 2659 2957 2696 a
3004 2644 3158 2711 lapsu
3207 2639 3372 2711 primi
3434 2638 3670 2692 hominis
3718 2636 3785 2690 de
3833 2636 3977 2688 linea

2403 2738 2769 2803 deﬂexerunt,
2805 2750 2986 2800 meus,
3018 2733 3300 2805 cogitatio,
3333 2730 3539 2801 opinio,
3575 2728 3807 2783 facultas
3836 2728 3979 2779 ima-

2404 2832 2641 2903 ginatrix
2670 2869 2686 2895 ,
2738 2844 2937 2887 sensus
2972 2866 2988 2893 ,
3035 2836 3089 2882 et
3132 2825 3188 2880 in
3241 2825 3443 2894 quibus
3496 2821 3680 2877 anima
3708 2820 3979 2889 tripartita

2404 2924 2760 2995 perspicitur,
2798 2935 2994 2990 nempe
3027 2934 3155 2989 pars
3179 2918 3291 2981 illa,
3322 2917 3378 2971 in
3410 2931 3517 2985 qua
3554 2914 3697 2968 inest
3749 2914 3889 2967 ratio
3925 2921 3983 2965 et

2407 3015 2694 3071 consilium
2720 3021 2806 3078 ;et
2833 3012 3026 3076 altera,
3053 3011 3109 3063 in
3128 3026 3234 3078 qua
3261 3007 3581 3071 iracundia;
3607 3015 3660 3059 et
3681 3014 3979 3074 postrema,

2407 3108 2463 3161 in
2501 3121 2610 3175 qua
2651 3104 3005 3174 cupiditates,
3042 3101 3408 3169 libidinesque
3460 3106 3771 3153 versantur.
3802 3095 3985 3161 Atque

734 3184 1127 3219 IJCIIIPDIvln.-u’
1160 3184 1295 3194 ..ν-η-
1322 3184 1433 3188 -ννρ

734 3246 973 3299 humana
1003 3236 1284 3302 majorem.
1313 3235 1531 3296 propter
1578 3234 1740 3289 quam
1769 3229 1893 3270 cum
1928 3212 2070 3266 Deus
2111 3215 2260 3265 esset
2288 3243 2303 3269 ,
2335 3217 2379 3276 ο
2412 3200 2618 3254 idcirco
2652 3196 2973 3249 ratiocinari
3006 3192 3227 3262 quidem
3272 3192 3436 3244 homo
3493 3196 3673 3258 potest
3703 3204 3715 3239 :
3764 3185 3860 3240 sed
3913 3184 3981 3237 ad

2516 3301 2519 3302 '
2650 3289 2684 3302 "
2764 3288 2774 3299 '
2916 3286 2927 3302 ‘
3067 3284 3078 3302 θ
3128 3282 3352 3302 νίς-μειιε-
3420 3288 3494 3302 --ι
3579 3277 3981 3302 ρ,,,,,,,,,,τη,η,,

735 3337 901 3391 homo
930 3331 1080 3381 nasci
1109 3326 1361 3395 dignatus
1387 3330 1489 3376 est.
1510 3321 1563 3367 et
1588 3311 1707 3379 ejus
1732 3308 1901 3361 solius
1924 3318 2085 3359 causa
2116 3312 2304 3353 necem

738 3432 884 3484 ultro
911 3390 1333 3494 pt‘rl'IIIl.vNil|II
1381 3407 1527 3480 quod
1575 3403 1799 3475 quidam
1843 3396 2201 3454 existimant,
2254 3390 2307 3442 in

740 3522 977 3573 humana
1011 3520 1204 3564 natura
1235 3496 1699 3573 perturbationes,
1737 3498 1794 3544 ut
1820 3489 1979 3551 iram,
2016 3493 2071 3537 et
2099 3480 2313 3548 cupidi-

741 3620 907 3668 tatem
940 3602 1210 3672 ingenitas
1235 3610 1355 3648 esse
1382 3633 1396 3657 ,
1430 3604 1536 3644 non
1562 3587 1637 3639 ita
1675 3590 1759 3638 est
1789 3579 2057 3649 profecto.
2109 3574 2306 3627 Verum

742 3707 847 3766 ira,
868 3709 921 3753 et
946 3664 1214 3764 cuvpiditas
1239 3696 1342 3739 uta
1374 3684 1478 3735 Deo
1504 3688 1710 3734 natura:
1734 3680 1938 3728 nostra:
1962 3674 2089 3723 sunt
2113 3664 2308 3725 insita‘,

744 3812 851 3852 non
878 3783 1335 3860 pertm-hatioues,
1364 3776 1456 3828 sed
1505 3774 1644 3824 bona
1695 3774 1862 3829 sunt,
1909 3770 1962 3816 et
2007 3774 2103 3814 eos
2149 3757 2314 3810 homo

745 3879 1101 3951 intelligentis
1135 3884 1339 3927 natura:
1368 3880 1480 3919 sua:
1514 3855 1921 3931 quodammodo
1967 3854 2313 3904 characteres

747 3997 775 4033 a
806 3988 1019 4029 summo
1052 3969 1141 4021 illo
1168 3965 1312 4018 bono
1346 3957 1555 4024 accepit
1590 3970 1604 4006 :
1640 3965 1760 4021 qua:
1792 3959 2106 4017 quanquam
2138 3938 2315 3993 brutis

747 4082 964 4137 quoque
1004 4054 1375 4114 animantibus
1405 4050 1593 4102 insunt
1626 4083 1641 4108 ,
1686 4052 1741 4094 at
1792 4055 1899 4094 non
1958 4038 2064 4091 isto
2107 4030 2313 4087 modo:

749 4122 1019 4223 έὶςιιίιιυιιι
1062 4160 1116 4205 et
1146 4160 1275 4202 Caro
1301 4144 1390 4196 illa
1443 4137 1661 4215 quidem
1717 4140 1843 4197 est,
1901 4138 2079 4183 tamen
2129 4122 2318 4179 eadem

752 4264 882 4308 caro
913 4246 1040 4302 leris
1093 4257 1157 4297 ac
1187 4234 1485 4310 pecudibus
1512 4229 1734 4283 minime
1764 4233 1868 4280 est.

823 4345 961 4398 Sunt
997 4352 1130 4392 sane
1165 4307 1349 4386 inditze
1376 4324 1584 4380 homini
1622 4322 1699 4374 ira
1727 4358 1743 4383 ,
1788 4326 1843 4371 et
1879 4314 2152 4384 cupiditas
2178 4350 2192 4371 ,
2228 4307 2324 4364 sed

754 4439 915 4495 etiam
949 4445 1125 4489 mens,
1154 4440 1272 4493 qua:
1303 4418 1545 4489 quaudiu
1573 4413 1859 4467 sanitatem
1888 4421 2041 4461 suam
2076 4401 2321 4465 retinuit,

756 4536 838 4583 hre
880 4530 1018 4578 intra
1056 4529 1266 4573 natura:
1312 4527 1423 4567 sua:
1468 4506 1733 4562 terminos
1771 4516 1833 4554 ac
1864 4500 2064 4553 limites
2107 4510 2325 4549 mansc-
2352 4544 2404 4603 Β

757 4630 915 4679 runt;
951 4612 1224 4682 cupiditas
1256 4606 1320 4657 ad
1352 4618 1414 4657 ea
1447 4614 1568 4670 qua:
1623 4594 2003 4661 intelliguntur
2048 4587 2138 4640 Dei
2183 4586 2324 4639 bona

760 4679 1057 4777 respiciens
1086 4744 1100 4767 ,
1132 4709 1185 4754 et
1210 4698 1436 4750 incitata
1466 4694 1543 4744 ira
1573 4728 1587 4753 ,
1635 4689 1807 4757 ipsam
1857 4681 2210 4749 cupiditatem
2259 4679 2323 4731 ad

762 4772 864 4856 illa.
917 4794 1235 4867 generosius
1299 4784 1597 4856 captanda,
1657 4790 1713 4832 et
1762 4777 1825 4829 ad
1875 4772 2279 4827 ascendendum
2309 4809 2325 4833 ,

765 4897 982 4959 Deoque
1012 4884 1182 4952 magis
1208 4896 1271 4933 ac
1297 4878 1470 4945 magis
1506 4865 2056 4942 appropinquandum
2094 4862 2330 4915 extimu—

766 4988 909 5039 lans.
944 4982 1012 5032 At
1047 4982 1336 5043 postquam
1382 4980 1535 5018 mens
1568 4961 1871 5019 debilitata,
1904 4968 1958 5009 et
1994 4971 2098 5023 qua
2134 4962 2330 5006 custo-

767 5074 1016 5129 diebatur
1047 5065 1279 5119 sanitate
1313 5059 1541 5127 spoliata
1574 5064 1689 5112 est.
1749 5050 1814 5101 ad
1866 5046 2126 5101 inferiora
2167 5044 2284 5097 sola
2313 5082 2328 5105 ,

768 5177 831 5220 ut
860 5164 1047 5217 vitiata
1082 5154 1319 5215 deﬂexit,
1354 5158 1516 5218 atque
1554 5145 1762 5199 idcirco
1808 5155 1930 5209 qua:
1982 5139 2129 5192 illius
2187 5134 2333 5189 haud

772 5264 1072 5315 intersunt,
1097 5249 1419 5315 insipienter
1448 5237 1830 5305 concupiscit,
1872 5242 1926 5286 et
1970 5232 2089 5286 sine
2126 5228 2338 5282 ratione

773 5360 1036 5413 tanquam
1085 5342 1211 5396 fera:
1244 5379 1258 5402 ,
1305 5351 1366 5389 ac
1420 5332 1605 5386 bestia:
1655 5327 1928 5382 irascitur.
1990 5320 2341 5376 Christianus

774 5441 936 5510 igitur
988 5450 1055 5489 ex
1105 5429 1306 5485 Christi
1351 5422 1631 5479 consortio
1690 5429 2009 5485 recuperata
2064 5412 2340 5474 sanitate,

774 5544 996 5586 rursum
1032 5526 1121 5579 illa
1153 5524 1439 5576 duntaxat.
1476 5526 1704 5584 quorum
1741 5509 1913 5576 gratia
1953 5510 2054 5565 ira.
2104 5512 2157 5559 et
2186 5503 2343 5572 cupi-

778 5627 920 5679 ditas
948 5631 1152 5674 naturre
1186 5613 1368 5669 indita:
1398 5616 1564 5669 sunt,
1614 5601 1975 5670 concupisvit.
2028 5598 2130 5663 Qui
2186 5612 2345 5650 secus

782 5719 938 5781 facit,
977 5712 1213 5767 nomium
1249 5714 1335 5762 est
1364 5700 1733 5757 Christianus.
1768 5692 1884 5749 Non
1924 5693 2108 5760 itaque
2163 5689 2240 5742 ira
2294 5697 2347 5742 et

1850 5875 1895 5905 ¹¹⁵
1931 5871 2088 5928 leno.
2115 5884 2224 5934 xiv,
2263 5866 2357 5925 2?.

884 5898 926 5928 "'
964 5902 1111 5951 lea".
1144 5903 1253 5953 rm,
1446 5885 1490 5916 "
1521 5881 1657 5938 Ibid.
1686 5878 1774 5932 56.

2417 3286 3027 3347 recteratiocinandum
3067 3282 3362 3336 imbecillis
3414 3288 3516 3334 est.
3579 3277 3987 3345 Concupiscere

2414 3381 2634 3453 quidem
2665 3385 2863 3448 potest,
2896 3376 2990 3429 sed
3026 3374 3214 3427 stulte.
3263 3368 3434 3424 Irasci
3474 3367 3696 3436 quidem
3748 3372 3931 3432 potest
3968 3405 3985 3427 ,

2417 3473 2509 3529 sed
2534 3470 2735 3526 t'emere
2764 3468 3020 3522 irascitur
3061 3481 3075 3516 ε
3113 3463 3341 3532 ideoque
3386 3476 3587 3522 sensa,
3638 3464 3987 3511 commenta-

2416 3567 2616 3628 tiones,
2653 3561 2963 3630 opiniones,
2996 3555 3419 3625 imaginationes
3440 3591 3455 3616 ,
3483 3552 3767 3606 sessiones
3820 3548 3990 3617 perti-

2418 3656 2595 3718 nacia,
2632 3652 2887 3715 distorta,
2921 3646 3202 3703 instabilia
3254 3656 3305 3699 et
3366 3643 3574 3697 lubrica
3604 3650 3748 3693 sunt.
3782 3640 3993 3702 Quam-

2420 3750 2607 3801 obrem
2660 3753 2870 3805 sancta,
2953 3738 3277 3793 intaminata
3341 3742 3395 3788 et
3438 3734 3781 3801 omnipotens
3835 3738 3994 3805 nata-

2420 3838 2559 3892 toria
2598 3836 2726 3891 Jesu
2761 3834 2851 3887 Dei
2906 3831 3071 3885 hosce
3118 3817 3417 3884 secundum
3470 3832 3719 3877 naturam
3772 3796 3994 3873 habitus

2421 3931 2684 4000 corrigit,
2719 3925 3051 3989 conﬁrmat,
3108 3929 3162 3975 et
3210 3918 3573 3978 corroborat,
3626 3922 3680 3967 et
3732 3912 3803 3967 ob
3850 3912 3995 3964 hanc

2422 4037 2648 4081 causam
2680 4020 2764 4076 lex
2802 4026 2857 4071 et
2892 4015 3092 4084 regula:
3125 4011 3390 4065 divinitus
3438 4008 3577 4060 datae
3611 4011 3738 4058 sunt
3766 4044 3780 4066 ,
3810 4011 3871 4054 ut
3908 4004 3995 4053 in-

2424 4112 2733 4184 telligentiae
2768 4109 3066 4179 particeps,
3100 4112 3426 4171 semperque
3462 4096 3681 4150 mobilis
3714 4093 3900 4146 anima
3940 4092 3993 4145 in

2424 4204 2763 4262 mulionibus
2818 4200 2934 4253 suis
2991 4193 3288 4265 legitimis,
3338 4189 3647 4256 divinisque
3694 4185 3999 4239 canonibes

2427 4305 2760 4368 temperetur
2799 4310 2813 4347 :
2847 4307 2955 4361 quo
2988 4290 3044 4344 in
3078 4288 3146 4342 iis
3186 4286 3389 4355 iugiter
3422 4281 3710 4334 ambulans
3742 4316 3758 4337 ,
3808 4286 4000 4329 cernat

2427 4408 2547 4464 qua:
2575 4399 2723 4445 recta
2751 4394 2903 4449 sunt,
2938 4396 3168 4450 eamque
3199 4378 3396 4432 decent
3429 4392 3442 4425 :
3498 4380 3553 4425 et
3606 4371 3659 4423 in
3715 4368 3816 4420 hac
3870 4382 4002 4421 cen-

2430 4482 2785 4552 templatione
2836 4476 3136 4530 exercitata
3166 4509 3181 4534 ,
3248 4477 3561 4522 vexatorem
3614 4477 3642 4514 a
3711 4476 3770 4515 se
3814 4458 4002 4528 lugere

2434 4574 2766 4644 compellat,
2805 4576 2859 4623 et
2888 4582 3011 4621 cum
3064 4564 3119 4617 in
3154 4561 3335 4614 omnis
3368 4556 3610 4611 veritatis
3640 4551 4004 4619 comprehen-

2434 4670 2588 4723 sione
2655 4660 2946 4731 perfectior
3004 4655 3283 4713 evaserit,
3333 4651 3387 4703 in
3443 4648 3586 4700 veris
3628 4644 4009 4696 tantummodo

2436 4759 2676 4816 studium
2721 4764 2885 4821 atque
2931 4762 3155 4818 operam
3209 4757 3364 4797 suam
3421 4739 3701 4793 collecet:
3767 4748 3881 4802 quo
3932 4734 4013 4785 sic

2436 4855 2611 4923 ipsum
2642 4849 2794 4901 illum
2824 4843 3188 4911 legislaturem
3225 4836 3291 4890 ad
3330 4829 3789 4902 requiescendum
3844 4839 4013 4892 super

2438 4919 2496 5001 se
2534 4942 2795 5005 attrahat,
2830 4939 3227 5005 implenturque
3252 4930 3307 4982 in
3345 4929 3481 4996 ipsa,
3502 4922 3647 4992 quod
3678 4919 3891 4973 dictum
3925 4923 4011 4969 est

2438 5052 2466 5089 a
2500 5036 2728 5089 Domino
2767 5048 2781 5083 :
2813 5028 2917 5093 Qui
2946 5027 3120 5095 diligit
3150 5037 3250 5084 me,
3283 5031 3548 5072 sermones
3573 5027 3712 5064 meos
3736 5008 3971 5061 seri-acii
3996 5044 4014 5068 ,

2440 5137 2486 5181 et
2532 5142 2623 5195 rgo
2679 5121 2901 5191 diligam
2944 5135 3060 5172 eum
3090 5154 3105 5179 ,
3149 5124 3197 5168 et
3249 5106 3599 5178 manifestabo
3641 5105 3689 5157 ei
3733 5104 4017 5167 meipsum.

2444 5220 2511 5273 Et
2536 5234 2627 5285 ego
2649 5226 2697 5269 et
2734 5216 2891 5266 l’ater
2931 5211 3191 5265 veniemus
3220 5246 3236 5269 ,
3268 5213 3315 5257 et
3357 5200 3680 5253 "inrisionem
3722 5195 3867 5261 apud
3903 5210 4023 5246 eum

2449 5312 2704 5379 faciemus
2746 5308 2812 5359 ”.

2521 5405 2635 5458 Hoc
2663 5400 2860 5453 animae
2892 5391 3211 5465 mysterium
3248 5386 3427 5441 omnis
3472 5379 3658 5435 szeculi
3714 5376 3885 5444 hujus
3939 5390 4027 5428 επ-

2447 5498 2652 5571 ptentia
2686 5488 2957 5562 ignoravit
3001 5507 3013 5540 :
3052 5499 3173 5553 qua:
3211 5478 3480 5548 sapientia
3514 5474 3585 5528 ob
3615 5472 3665 5525 id
3724 5472 3894 5523 etiam
3930 5483 4027 5536 pa-

2447 5600 2563 5645 stus
2592 5586 2821 5640 rationis
2850 5593 3046 5650 expers
3068 5576 3305 5629 dicitur:
3336 5569 3582 5623 namhoc
3608 5565 3787 5618 solum
3821 5564 4026 5613 annuae

2451 5694 2707 5737 arcanum
2741 5685 2927 5745 pastus
2942 5685 3067 5728 cum
3099 5667 3306 5722 ratione
3323 5660 3650 5731 conjunctus
3668 5663 3773 5712 est.
3807 5653 4029 5710 Unum-
