4188 6436
201 452 309 515 355

202 673 442 730 oportet.
481 663 658 728 Illum,
697 675 753 717 ιιι
783 664 1096 727 Dominum,
1134 667 1339 733 quique
1371 665 1524 719 solus
1563 668 1784 719 salvare

202 756 398 821 possit.
432 755 633 816 Femct,
657 768 711 811 ut
747 758 1018 810 imbellem
1047 757 1312 812 adversus
1343 757 1580 819 hostem,
1608 771 1771 824 quem

202 850 391 898 animo
422 850 690 903 videmus.
712 849 1018 912 Dzemonas,
1039 861 1095 903 ut
1118 850 1301 904 hostes
1328 849 1768 916 inaspectabiles,

201 939 319 1006 qui,
356 941 501 1006 qttod
537 940 860 995 admirabile
917 950 1042 1006 est,
1094 953 1358 1012 perpetuo
1407 957 1505 994 nos
1543 957 1640 1010 per
1689 955 1785 994 nos

201 1029 358 1095 ipsos
388 1042 722 1102 oppugnant.
770 1033 836 1086 lIt
864 1036 1008 1088 enim
1042 1034 1284 1087 exterior
1305 1042 1558 1102 aspectus
1587 1041 1784 1098 praeter

199 1124 340 1175 solis
371 1125 546 1176 lucem
576 1126 642 1178 ad
677 1129 966 1196 perspicue
1006 1125 1395 1196 evidentcrque
1450 1126 1782 1194 diguoscen-

197 1213 328 1265 duttt
375 1231 460 1267 res
495 1227 734 1285 quatuor
777 1219 1028 1288 requirit,
1063 1219 1290 1274 ilhcsum
1337 1219 1594 1282 oeulunt,
1633 1233 1780 1270 com-

197 1323 446 1361 mensam
475 1313 789 1373 motionem,
815 1327 1187 1368 commensant
1209 1314 1552 1373 distantiam,
1576 1327 1775 1382 purum

196 1415 381 1454 aerent
423 1422 436 1456 :
469 1405 549 1457 sic
580 1419 713 1457 sane
743 1414 797 1459 et
837 1406 1068 1460 interior
1119 1414 1372 1475 asp-actus
1427 1415 1548 1476 eget
1596 1415 1778 1457 mente

192 1494 458 1561 pcrfecta,
483 1497 720 1553 motione
741 1515 1057 1552 commensa
1084 1499 1586 1567 contemplationis.
1610 1513 1774 1566 quant

193 1585 283 1637 Dei
317 1588 484 1640 timor
515 1605 613 1643 ceu
655 1589 808 1644 freno
842 1590 1178 1654 moderetur,
1214 1599 1262 1644 et
1293 1589 1530 1658 quadam
1571 1589 1775 1642 intelli-

190 1679 342 1747 gibili
378 1683 526 1735 acris
555 1684 811 1747 puritate,
841 1682 1132 1736 illuminati
1168 1698 1293 1736 vero
1341 1683 1580 1743 lumine,
1628 1681 1770 1750 quod

190 1783 410 1821 omnem
448 1771 729 1824 hominem
758 1771 811 1824 itt
855 1772 1116 1826 mundum
1153 1775 1415 1825 virtutum
1455 1772 1761 1824 venientem

189 1863 485 1916 illuminat.
517 1865 628 1918 Etsi
660 1881 788 1918 vero
808 1867 910 1918 hoc
933 1866 1111 1918 lumen
1141 1866 1402 1920 abSCondi
1429 1865 1770 1934 impossibile

1622 456 1907 518 ORATIO
1944 459 2047 518 Χῐ.

202 585 476 640 quemque
505 571 646 625 enim
683 575 870 639 Deum,
904 575 1140 644 scipsum
1177 614 1188 634 ,
1223 582 1273 628 et
1309 572 1584 628 daemones
1618 590 1779 628 nosse
1818 579 1853 629 Α
1888 575 1997 634 dat,
2032 584 2086 627 ut
2119 582 2463 644 corporatam
2500 581 2808 630 creaturam
2870 577 3132 645 azpiciant
3177 597 3187 631 :

3373 460 3474 526 336

3233 578 3468 632 alterum

1894 667 2034 734 quod
2075 667 2389 721 intellectile
2419 668 2598 722 lumen
2633 666 2860 732 dicitur,
2892 666 3144 722 Christus
3184 668 3349 733 Deus,
3375 671 3472 737 qut

1895 760 2204 827 aspectibus
2233 759 2660 829 intelligibilibus
2695 762 2860 814 donat
2887 800 2900 823 ,
2939 769 2997 814 ut
3036 771 3346 816 creaturam
3381 761 3469 812 in-

1893 864 2212 918 corporeant
2240 849 2655 918 intelligibiliter
2677 858 3068 908 contueantur.
3096 850 3208 906 Nisi
3234 860 3466 905 exortus

1894 937 2058 992 fuerit
2091 940 2168 994 sol
2199 979 2212 1002 ,
2251 955 2411 1007 quem
2441 955 2641 994 sensus
2690 941 2908 1008 attingit
2945 935 2971 1002 ,'
3012 940 3131 993 loca
3173 940 3329 1005 plana
3359 981 3373 1004 ,
3412 948 3468 992 et

1891 1032 2122 1096 directa,
2159 1034 2273 1085 vias
2308 1048 2498 1102 puras,
2530 1041 2585 1087 et
2611 1033 2770 1086 sorde
2803 1040 3062 1087 vacantes
3088 1045 3252 1086 nemo
3274 1032 3420 1088 videt
3448 1051 3462 1083 :

1891 1129 1965 1182 ita
1996 1127 2101 1181 nisi
2125 1126 2207 1180 sol
2269 1142 2430 1195 quem
2488 1134 2668 1180 mente
2723 1126 3128 1192 cegttoseimus,
3163 1140 3284 1180 sese
3305 1133 3464 1180 extu-

1889 1221 2013 1273 lerit
2047 1261 2061 1282 ,
2093 1220 2351 1272 vitiorum
2400 1218 2697 1287 praecipitia
2737 1257 2753 1280 ,
2805 1228 2858 1271 ct
2908 1216 3177 1272 directum
3232 1217 3464 1286 iustitia:

1888 1311 2103 1374 callem,
2129 1310 2551 1378 divinorumque
2578 1310 2962 1363 mandatorum
2988 1308 3459 1375 pulchritudinem

1889 1403 2071 1457 nullus
2107 1403 2387 1470 perspicit.
2428 1401 2482 1455 Si
2529 1416 2661 1471 ergo
2714 1401 3064 1456 Christianus
3115 1402 3416 1470 reperiatur
3445 1437 3459 1462 ,

1885 1494 1979 1562 qui
2015 1509 2110 1563 per
2148 1495 2288 1546 viant
2343 1492 2714 1561 improbitatis
2762 1501 2977 1555 totam,
3043 1501 3138 1546 aut
3187 1507 3254 1546 ex
3309 1504 3464 1558 parte

1885 1588 2224 1656 ingrediatur
2252 1629 2264 1650 ,
2300 1587 2530 1639 necdum
2581 1594 2665 1640 est
2701 1584 3067 1638 Christianus.
3122 1585 3256 1638 Nam
3294 1585 3460 1638 Chri-

1882 1681 2093 1734 stianus
2127 1680 2194 1732 ab
2226 1679 2340 1745 ipsa
2393 1693 2596 1731 arcana
2653 1677 2746 1732 Dei
2798 1677 3154 1746 cognitione,
3205 1692 3312 1745 qua
3367 1694 3461 1744 per

1881 1785 2097 1825 sacrum
2127 1770 2392 1837 baptisma
2422 1769 2710 1832 imbuitur,
2737 1770 2923 1822 divino
2947 1769 3206 1837 impletur
3229 1769 3456 1830 luntine,

1879 1872 1931 1915 ct
1965 1863 2308 1917 illuminatus
2338 1872 2443 1926 est,
2475 1878 2539 1916 ac
2576 1863 2801 1916 dicitur.
2829 1861 2994 1930 Atqui
3051 1862 3233 1916 omnis
3268 1864 3359 1929 qui
3403 1863 3456 1915 itt

185 1961 289 2016 est,
322 1954 472 2021 quod
505 1955 655 2010 ttuilo
679 1957 1009 2025 sepimento,
1042 1964 1138 2010 aut
1167 1958 1310 2009 nube
1380 1956 1764 2024 intercipitnr,
1804 1937 1842 1991 Β
1874 1954 2081 2008 lumine
2111 1955 2378 2021 ambulat,
2448 1955 2633 2010 foveas
2690 1963 2743 2008 et
2796 1955 3127 2008 offendicula
3179 1956 3344 2009 videt.
3399 1955 3454 2008 Si

186 2055 276 2098 aut
309 2046 640 2115 prohibetur
671 2089 685 2112 ,
725 2056 904 2101 tamen
934 2047 1076 2100 haud
1117 2048 1186 2099 ab
1217 2046 1528 2099 infidelibus
1559 2046 1768 2099 anima-

183 2136 422 2197 bus.sed
450 2139 517 2192 ab
543 2141 608 2193 iis
637 2140 838 2202 solum,
864 2154 985 2209 qua:
1011 2139 1361 2192 inChristum
1390 2139 1764 2199 crediderunt.

184 2229 427 2282 videtur.
465 2229 676 2285 Fideles
711 2247 877 2302 porro
911 2233 1110 2286 animae
1140 2231 1192 2284 itt
1215 2231 1445 2285 veritate
1471 2241 1618 2292 sunt,
1646 2247 1768 2299 quce

183 2330 304 2389 post
340 2325 816 2392 regenerationem
851 2325 1022 2380 divini
1086 2337 1138 2379 et
1167 2325 1310 2380 sacri
1338 2325 1685 2393 baptismatis
1713 2321 1766 2374 in

185 2421 333 2468 nullo
367 2418 587 2483 penitus
616 2419 794 2486 magni
827 2417 944 2481 Dei,
980 2429 1030 2471 et
1063 2418 1368 2471 Salvatoris
1399 2417 1573 2469 nostri
1634 2414 1763 2469 Jesu

183 2508 392 2560 Christi
460 2509 780 2562 mandatum
843 2508 1392 2579 transgrediuntur:
1480 2507 1572 2560 sed
1642 2523 1763 2561 eum

180 2611 374 2654 sancto
415 2600 619 2655 Davide
649 2609 840 2669 aptant
864 2601 1047 2656 dicere
1083 2619 1096 2653 :
1150 2601 1229 2654 Ad
1286 2600 1462 2654 omnia
1508 2599 1762 2652 mandata

181 2709 267 2743 tua
305 2694 595 2761 dirigebar.
638 2691 858 2745 Onmcm
901 2694 1038 2746 viam
1075 2694 1374 2760 iniquitatis
1427 2691 1546 2744 odio
1579 2689 1760 2755 habui,

178 2786 430 2850 quoniam
459 2785 635 2836 omnia
660 2787 912 2837 mandata
948 2785 1270 2852 tuajustitia
1309 2786 1370 2838 ³ο.
1403 2783 1590 2837 Omnis
1615 2783 1756 2834 enim

176 2879 260 2943 qui
287 2877 420 2944 facit
489 2876 785 2942 justitiam,
812 2876 1001 2927 scribit
1034 2875 1261 2927 dilectus
1296 2875 1384 2926 ille
1406 2872 1642 2926 Joannes
1662 2911 1675 2934 ,
1696 2887 1760 2922 ea:

176 2967 281 3018 Deo
317 2976 480 3018 natus
513 2975 587 3018 est
623 2981 640 3017 :
674 2966 762 3032 qui
790 2975 962 3017 autem
991 2967 1116 3035 facit
1149 2976 1441 3030 peccatum,
1466 2978 1530 3016 ex
1547 2963 1758 3014 diabolo

173 3069 244 3109 est
278 3061 348 3110 ³¹.
382 3057 628 3112 Fidelem
688 3061 870 3126 itaque
917 3067 970 3112 ct
1025 3058 1300 3111 infidelem
1358 3062 1612 3110 mandata
1639 3056 1753 3108 dis-

177 3151 462 3220 tinguant.
547 3149 681 3204 Nam
743 3161 801 3205 ut
851 3151 904 3204 itt
952 3149 1193 3220 quolibet
1244 3149 1446 3203 Christi
1499 3151 1755 3202 mandato

1875 2061 1984 2100 non
2010 2047 2179 2109 videt,
2219 2063 2318 2100 nec
2352 2049 2535 2100 lumen
2573 2048 2754 2102 habet.
2799 2046 3089 2112 Quomodo
3115 2060 3246 2118 ergo
3298 2047 3460 2099 Chr:-

1874 2139 2088 2190 stianus
2123 2136 2243 2189 est?
2279 2135 2334 2189 Si
2368 2143 2549 2189 autem
2583 2151 2640 2190 se
2664 2135 2847 2189 videre
2875 2135 3135 2201 amrmat,
3169 2145 3220 2190 et
3255 2137 3458 2190 niltiIo-

1873 2228 2055 2281 minus
2093 2228 2416 2282 deliciarum
2455 2229 2728 2282 illecebris
2779 2229 2997 2298 capitur
3023 2270 3036 2292 ,
3101 2229 3452 2284 mendacium

1871 2319 2021 2372 dicit.
2055 2319 2206 2373 Videt
2227 2320 2372 2374 enim
2392 2319 2852 2388 quemadmodum
2879 2321 2971 2389 qui
3000 2319 3207 2374 lumine
3231 2330 3447 2384 carent,

1871 2411 1920 2464 id
1951 2422 2052 2472 est,
2088 2411 2334 2464 infideles
2368 2429 2382 2467 :
2419 2421 2472 2465 et
2505 2412 2581 2465 illi
2614 2413 2819 2482 quippe
2866 2412 3011 2467 bona
3065 2422 3120 2466 et
3174 2413 3318 2464 mala
3369 2414 3453 2466 itt-

1869 2510 2190 2556 ternoscunt
2227 2503 2471 2570 quidem,
2516 2512 2894 2558 verumtamen
2927 2518 2957 2556 a
3007 2502 3153 2557 malo
3207 2518 3318 2557 non
3350 2504 3449 2557 de-

1867 2596 2074 2649 clinant
2111 2615 2122 2648 :
2167 2604 2451 2665 propterea
2481 2598 2628 2665 quod
2665 2610 2774 2650 non
2816 2607 2952 2665 pure
2985 2610 3050 2650 ac
3104 2595 3311 2665 liquido
3364 2597 3448 2649 vi-

1867 2687 2017 2751 dent,
2049 2687 2176 2758 quid
2215 2687 2433 2757 proprie
2463 2688 2670 2742 bonum
2701 2699 2794 2741 aut
2834 2690 3038 2742 tnalum
3065 2690 3156 2741 sit.
3192 2690 3259 2740 At
3286 2688 3444 2743 Chri-

1868 2780 2077 2832 stianus
2115 2781 2356 2848 quandiu
2391 2796 2501 2834 non
2534 2782 2845 2849 perspicue.
2889 2795 2951 2834 ac
2985 2780 3210 2849 limpide
3233 2782 3438 2834 malum

1865 2873 2084 2934 cernit,
2132 2871 2374 2924 nondum
2425 2870 2534 2924 fuit
2588 2870 2961 2926 Christianus.
3012 2872 3258 2926 Certabit
3314 2887 3446 2927 vero

1863 2970 2143 3016 certamen
2179 2963 2231 3015 in
2274 2963 2587 3031 gemitibus,
2613 2972 2665 3017 ct
2692 2963 2948 3032 lacrymis
2987 2971 3041 3016 et
3091 2963 3320 3033 jejuniis
3341 3004 3356 3030 ,
3385 2973 3443 3017 ut

1860 3053 1964 3108 sibi
1995 3070 2183 3108 verum
2222 3055 2638 3122 perfectumque
2693 3057 2878 3110 lumen
2931 3056 3259 3122 illucescat,
3292 3057 3442 3125 quod

1860 3158 2076 3198 omnem
2108 3144 2381 3198 hominem
2412 3146 2466 3198 iit
2504 3145 2651 3198 hunc
2705 3146 2969 3198 mundum
3011 3146 3318 3200 venientem
3373 3148 3442 3201 ilo

170 3244 525 3312 exsequendo
561 3241 692 3295 fides
738 3253 791 3294 et
843 3241 1122 3295 confessio
1161 3240 1364 3294 Christi
1411 3249 1698 3294 exercetur
1734 3255 1751 3290 :
1779 3279 1823 3339 Ο
1860 3236 2092 3290 luminat
2117 3236 2184 3299 ",
2215 3244 2269 3290 et
2299 3236 2521 3290 habitus
2553 3237 2751 3291 animae
2805 3238 3083 3292 naturales
3133 3239 3433 3302 emendet,

169 3339 245 3388 sic.
273 3337 326 3390 itt
350 3349 683 3404 unaquaque
705 3334 826 3402 ejus
847 3335 1084 3387 mandati
1115 3333 1409 3387 violatione
1463 3332 1753 3385 infidelitas

167 3439 216 3481 et
250 3429 470 3496 negatio
491 3428 783 3480 invenitur.
811 3426 1178 3479 Credentibus
1203 3425 1372 3494 igitur
1397 3424 1450 3476 in
1471 3424 1748 3477 Christum

167 3521 498 3582 animabus,
535 3526 587 3570 et
636 3518 754 3586 ejus
802 3517 956 3585 jussa
1004 3516 1258 3584 legesque
1310 3515 1591 3568 custodire
1636 3523 1749 3568 sta-

168 3611 473 3670 tuentibus,
512 3623 608 3674 pro
640 3623 893 3661 mensura
941 3607 1062 3660 fidei
1112 3616 1165 3660 et
1206 3605 1547 3665 obedientiaa,
1580 3619 1746 3673 quatn

165 3700 388 3753 CLiile
419 3707 703 3766 praestant,
737 3699 900 3751 etiam
957 3697 1066 3750 illis
1102 3705 1161 3748 ut
1207 3695 1428 3748 videant
1471 3695 1746 3764 largitur;

166 3793 307 3861 quod
347 3791 569 3860 quidem
594 3789 799 3853 videre,
829 3797 913 3842 est
947 3788 1140 3840 notitia
1167 3801 1355 3840 eorum
1382 3802 1503 3854 qua:
1530 3789 1748 3855 proprie

167 3887 304 3937 bona
340 3892 470 3938 sunt
503 3890 555 3936 et
583 3899 704 3951 qua:
735 3899 841 3934 non
873 3889 1033 3942 sunt,
1073 3896 1302 3948 quaeque
1337 3880 1389 3932 in
1439 3880 1599 3933 malis
1653 3881 1749 3934 ha-

165 3975 362 4035 benda,
397 3983 451 4025 et
485 3987 605 4039 qua:
639 3985 744 4022 non
777 3970 1048 4034 habenda,
1083 3984 1149 4022 ne
1176 3969 1403 4023 exitium
1425 3984 1524 4037 pro
1546 3971 1745 4037 salute,

165 4081 296 4119 neve
328 4065 560 4115 salutent
623 4078 719 4130 pro
774 4061 942 4114 exitio
1001 4061 1316 4113 intueamur
1362 4076 1374 4110 :
1429 4061 1524 4113 sed
1579 4061 1744 4115 veluti

163 4170 282 4206 cum
321 4168 518 4205 aurum
559 4151 858 4220 projectum
894 4152 1162 4212 videmus,
1195 4151 1260 4204 ad
1286 4150 1336 4203 id
1365 4151 1742 4220 colligendum

164 4247 552 4299 accurriutus:
607 4255 658 4295 et
708 4242 1070 4311 prtecipitium
1128 4243 1574 4310 conspicientes,
1631 4259 1740 4297 non

164 4338 285 4389 inde.
340 4351 442 4388 nos
478 4335 923 4403 prmcipitautus:
965 4335 1044 4387 sic
1081 4347 1374 4388 cernentes
1415 4333 1504 4387 Dei
1536 4336 1736 4388 volun-

164 4439 348 4490 tatem,
380 4437 634 4495 prompte
663 4427 727 4478 ad
764 4427 908 4478 illam
940 4425 1164 4478 ferimur
1192 4441 1204 4485 ;
1243 4433 1295 4477 et
1337 4425 1583 4478 videntes
1623 4441 1746 4494 pec-

162 4535 385 4582 catum,
443 4536 699 4573 cavemus
769 4534 837 4571 ne
887 4521 940 4570 in
988 4519 1038 4569 id
1097 4519 1402 4585 pt-att-ipites
1481 4519 1742 4572 abeamus

1857 3336 2021 3397 atque
2053 3328 2307 3390 illustret,
2341 3327 2638 3396 [iratosque
2666 3341 2731 3380 ac
2781 3328 2996 3383 validos
3031 3329 3224 3383 reddat
3253 3369 3268 3396 ,
3324 3347 3434 3400 quo

1855 3420 2192 3474 voluntatem
2225 3419 2318 3474 Dei
2345 3420 2568 3484 bonam,
2601 3420 3051 3488 beneplacentem
3081 3463 3095 3485 ,
3148 3429 3202 3476 et
3254 3424 3440 3489 perfe-

1854 3521 1996 3568 ctam
2035 3514 2235 3577 videat,
2267 3521 2320 3568 et
2359 3514 2606 3568 eamdem
2643 3516 2840 3584 cupide
2884 3516 3254 3586 ardenterque
3277 3532 3433 3570 com-

1854 3607 2145 3675 plectatur.
2176 3606 2277 3670 Qui
2310 3608 2455 3660 enim
2487 3607 2596 3659 vim
2623 3607 2904 3661 cmlestem
2939 3621 2967 3659 a
3000 3616 3191 3662 saneta
3255 3609 3436 3679 bapti-

1856 3699 2047 3753 smatis
2073 3699 2342 3752 natatoria
2369 3714 2476 3752 non
2497 3708 2809 3764 senserunt,
2829 3715 2949 3768 quae
2971 3701 3051 3754 vis
3093 3703 3435 3768 regeneratio

1852 3797 1906 3842 et
1936 3788 2239 3851 renovatio,
2273 3802 2351 3854 et,
2389 3801 2447 3842 ut
2479 3804 2608 3844 vere
2637 3799 2741 3852 est,
2775 3790 3090 3844 reformatio
3123 3794 3294 3846 totius
3334 3793 3434 3846 lto-

1853 3881 2017 3934 minis
2040 3889 2299 3944 vocatur,
2329 3882 2394 3934 iis
2428 3889 2551 3950 post
2591 3882 2705 3934 haec
2756 3891 2810 3935 et
2857 3881 3201 3937 institutione
3237 3892 3291 3937 et
3331 3884 3438 3936 im-

1853 3971 2123 4039 positione
2155 3972 2592 4025 venerandarum
2629 3987 2891 4025 manuum
2921 3988 2950 4026 a
2987 3975 3194 4029 sanctis
3222 3975 3432 4030 illumi-

1853 4067 2104 4133 natisque
2152 4080 2291 4132 Optls
2319 4074 2422 4119 est.
2476 4065 2590 4120 Nisi
2659 4070 2807 4120 enim
2861 4068 3062 4136 cuique
3111 4068 3434 4123 Christiano

1852 4154 2070 4208 habitus
2108 4170 2135 4207 a
2167 4165 2365 4209 natura
2411 4157 2714 4225 ingenerati
2749 4168 2911 4212 antea
2943 4162 3179 4214 correcti
3207 4202 3221 4227 ,
3253 4171 3438 4218 trans-

1849 4247 2066 4310 mutati,
2099 4261 2152 4301 et
2180 4262 2208 4300 a
2239 4249 2585 4316 turpitudine
2608 4263 2704 4302 eos
2736 4249 3067 4305 obscurante.
3092 4256 3431 4325 perpurgati,

1849 4336 2132 4405 solideun
2171 4337 2404 4391 stabiliti
2446 4339 2673 4401 fuerint,
2705 4339 3046 4408 perdifﬁcile,
3083 4344 3194 4396 imo
3223 4346 3434 4414 impos-

1851 4428 2007 4480 sibile
2035 4437 2115 4480 est
2137 4431 2363 4481 omnino
2387 4430 2562 4483 cuivis
2583 4430 2801 4490 anima},
2831 4432 3030 4487 divinis
3057 4435 3433 4490 voluntatibus

1848 4521 2098 4588 obsequi.
2130 4519 2262 4572 Nam
2316 4521 2468 4589 prius
2517 4523 2663 4590 quod
2713 4523 2893 4577 debile
2927 4532 2980 4576 et
3022 4533 3289 4594 aegrotum
3347 4540 3432 4584 est

163 4616 690 4682 confringanturque
721 4627 844 4664 ossa
883 4618 1092 4672 nostra,
1128 4617 1181 4661 ct
1211 4625 1388 4677 neque
1419 4614 1484 4662 ad
1529 4618 1737 4676 tctttpe-
1766 4614 1818 4672 D
1846 4620 2041 4665 sanato
2069 4615 2528 4681 continuataque,
2562 4614 2634 4665 ita
2667 4613 2886 4668 demum
2936 4615 3001 4669 ad
3061 4618 3430 4674 ministerium

164 4711 416 4767 iamiam,
455 4721 631 4772 neque
655 4705 717 4755 ad
739 4703 1007 4771 justitiam
1031 4711 1181 4756 stare
1211 4704 1489 4769 possimus
1515 4717 1738 4755 :veruut

163 4813 264 4849 non
303 4812 490 4857 secus,
524 4810 688 4862 quam
716 4794 806 4862 qui
837 4795 888 4846 itt
914 4794 1404 4846 lectodecumbunt
1429 4793 1739 4862 paralytici,

161 4887 338 4953 ja-cre
376 4887 612 4938 velimus
645 4885 697 4937 in
732 4881 1120 4945 immunditiis,
1148 4891 1202 4934 et
1239 4883 1493 4949 avaritia,
1525 4893 1578 4936 et
1610 4899 1743 4952 gau-

161 4980 382 5032 deamus
404 4979 585 5046 potius
614 4978 786 5029 instar
807 4977 1155 5038 delictorum,
1184 4975 1568 5042 quorutttdam,
1596 4975 1741 5028 nulla

161 5073 361 5124 idcirco
395 5070 649 5123 molestia
700 5070 998 5137 doloreque
1024 5068 1227 5121 affecti.
1275 5066 1345 5121 Ut
1381 5070 1526 5121 enim
1558 5069 1738 5122 oculis

160 5165 396 5231 subjecta
432 5173 686 5216 creatura
720 5162 899 5213 omnis
936 5163 1289 5214 continenter
1332 5161 1558 5224 lumine,
1583 5161 1732 5229 quod

160 5255 412 5310 sentitur.
457 5252 682 5319 indiget,
724 5259 780 5302 ut
807 5251 1063 5303 videatur
1100 5268 1112 5304 :
1149 5253 1263 5319 pari
1287 5253 1449 5305 modo
1485 5253 1739 5320 quaelibet

159 5345 254 5393 sub
285 5341 704 5408 ittte,~lligetttiaitt
743 5344 970 5394 veniens
1003 5349 1198 5394 natura
1227 5381 1241 5405 ,
1295 5357 1511 5411 semper
1570 5344 1736 5396 intel-

159 5437 371 5485 lectuali
402 5435 640 5501 quodam
678 5434 883 5486 lumine
919 5448 1057 5502 Opus
1093 5435 1273 5500 habet,
1303 5443 1360 5487 ut
1380 5443 1558 5488 mente
1584 5449 1736 5488 cont-

159 5529 548 5594 prehendatur.

223 5621 335 5673 Duo
363 5621 567 5689 quippe
608 5629 734 5673 sunt
792 5622 1040 5684 lumina,
1093 5639 1257 5676 unum
1314 5623 1400 5677 hic
1459 5623 1587 5687 sol,
1641 5623 1732 5690 qui

157 5727 369 5766 sensum
405 5723 628 5777 movet,
670 5723 724 5767 et
777 5715 894 5769 visu
954 5717 1274 5785 percipitur,
1305 5717 1508 5786 quique
1559 5718 1734 5771 oculis

222 5897 260 5925 ’θ
303 5894 448 5950 Psal.
474 5912 668 5958 cxvtu,
700 5895 960 5961 128,’t72.
1039 5899 1074 5928 "
1100 5900 1117 5951 ι
1143 5899 1294 5952 Joan.
1343 5915 1422 5960 tu,
1453 5898 1506 5960 'i,
1539 5899 1589 5951 3.

1672 5899 1711 5927 ³¹
1743 5894 1898 5949 Joaa.

1840 4705 2103 4760 accedere
2141 4705 2221 4758 fas
2251 4715 2357 4769 est,
2389 4706 2538 4775 quod
2581 4707 2729 4758 omni
2763 4709 2854 4759 cui
2895 4708 3246 4762 ministratur
3293 4728 3430 4766 cou-

1839 4797 2009 4852 tlucit.
2045 4798 2200 4861 Quod
2243 4797 2389 4850 enim
2455 4798 2637 4850 adhuc
2682 4797 2990 4852 morbidum
3044 4810 3168 4864 est,
3209 4804 3430 4858 cuilibet

1843 4891 1975 4944 ltero
2019 4891 2216 4943 inutile
2241 4899 2346 4943 est.
2385 4889 2458 4941 Ex
2489 4890 2589 4943 hac
2628 4891 2938 4958 ignorantia
2971 4893 3193 4960 plurimi
3231 4907 3428 4950 ascetaa

1848 4984 2154 5038 imbecilles
2202 4992 2254 5036 ct
2297 4982 2542 5045 invalidi,
2592 4982 2794 5036 frustra
2847 4984 3144 5051 laborant,
3194 4995 3246 5039 et
3297 4987 3429 5041 dor-

1852 5077 2024 5129 miunt
2057 5074 2213 5127 multi
2249 5075 2314 5138 ³³,
2349 5090 2488 5143 quos
2520 5075 2750 5146 proinde
2778 5084 3042 5131 aeternum
3070 5078 3203 5132 illud
3227 5080 3427 5134 incen-

1852 5169 2000 5221 dium
2030 5168 2320 5221 cremabit.

2440 5279 2698 5334 ORATiO
2739 5280 2830 5335 XI.

2447 5409 2834 5450 Αιιιῖυιιεκτυιι.

1848 5503 1951 5577 Qui
1978 5505 2044 5559 de
2091 5509 2376 5574 praateritis
2410 5509 2642 5574 peccatis
2695 5508 2854 5572 delet,
2899 5524 3021 5561 eum
3071 5510 3424 5577 nequidquam

1918 5575 2118 5635 doiet'c,
2147 5579 2248 5630 nisi
2299 5582 2616 5630 medicinam
2659 5595 2864 5648 quoque
2913 5581 3242 5648 inﬁrmitatis
3273 5575 3420 5644 sum,

1925 5664 2022 5710 per
2063 5664 2220 5714 quant
2270 5659 2527 5714 percal,a
2574 5648 2787 5703 Christo
2833 5649 3129 5716 ﬂagitatam
3169 5651 3421 5716 accipiat.

1922 5719 2256 5786 Quicumque
2307 5719 2543 5772 homines
2612 5721 2664 5772 in
2713 5720 2812 5771 Itac
2866 5721 2972 5775 vita
3034 5729 3222 5789 agunt,
3265 5722 3309 5774 si
3354 5723 3422 5772 ad

1970 5911 2009 5961 ι,
2061 5899 2115 5952 9.
2197 5896 2240 5926 ⁸³
2279 5897 2452 5952 lCor.
2518 5913 2577 5962 ιι,
2628 5896 2716 5951 30.
