4188 6436
232 440 340 506 369

1628 445 1912 507 ORATIO
1950 446 2088 507 XII.

3389 442 3496 509 370

311 556 454 623 Ergo
488 553 804 624 quicunque
836 554 891 609 in
943 553 1221 609 Christum
1273 556 1523 621 credunt,
1555 556 1660 613 nisi
1696 565 1823 612 ante
1850 557 1900 613 A
1927 567 2146 627 propter
2198 557 2367 613 Deum
2401 557 2733 628 jejunemus,
2781 562 2875 611 aut
2944 555 3324 626 eleemosynas
3394 558 3496 607 int-

242 646 474 699 virtutis
502 646 625 714 eius
660 648 866 701 auxilio
893 649 1194 708 mundana.
1243 659 1297 707 et
1331 651 1573 707 carnalia
1608 651 1823 706 medul-

238 734 373 788 litus
397 734 614 790 oderint
656 752 961 807 nunquam,
988 740 1082 794 ulli
1132 739 1513 795 mandatorum
1571 738 1819 809 ejusdem

235 839 433 894 gerere
456 840 665 881 morem
715 839 993 898 poterunt,
1026 832 1173 886 sicut
1225 831 1453 903 legimus
1486 849 1500 886 :
1532 829 1749 884 Declina
1789 847 1821 883 a

238 918 408 977 muto,
442 928 492 971 et
519 920 606 987 fac
636 919 827 976 bonum
854 922 920 976 ³³.
959 923 1036 978 Ex
1071 925 1274 995 quibus
1293 926 1567 995 sequitur,
1598 923 1823 979 creden-

238 1016 352 1059 tem
380 1009 437 1062 in
491 1010 772 1065 Christum
840 1023 965 1069 ante
1012 1016 1197 1071 omnia
1258 1016 1463 1072 Christi
1536 1017 1819 1079 virtutem.

237 1100 501 1169 gratiam,
561 1113 615 1157 et
695 1105 1125 1161 misericordiam
1182 1107 1431 1177 ﬂagitare
1486 1111 1703 1171 debere.
1763 1119 1822 1165 ut

239 1190 536 1254 uvrrmlum,
571 1200 625 1246 et
656 1195 932 1249 mundana
957 1200 1315 1268 carnalesque
1343 1200 1819 1269 concupiscentias

235 1279 569 1347 detestetur,
599 1294 651 1337 et
680 1285 732 1338 in
764 1286 816 1340 id
871 1301 1092 1357 operam
1143 1289 1276 1346 dare
1308 1307 1431 1346 cum
1488 1292 1614 1357 lide,
1649 1300 1709 1347 ut
1755 1306 1819 1347 ea

239 1370 575 1439 detestatus,
609 1377 774 1430 etiam
794 1393 981 1433 eorum
1010 1382 1487 1438 mortificationem
1516 1399 1822 1454 consequa-

241 1472 358 1527 tur,
407 1482 529 1534 qua:
569 1469 743 1526 solius
796 1472 891 1527 Dei
953 1483 1058 1537 est,
1089 1475 1245 1543 juxta
1312 1476 1629 1547 Apostolum
1662 1495 1676 1531 :
1710 1475 1821 1545 Ego

235 1558 405 1620 enim,
444 1559 640 1629 inquit,
695 1565 1158 1633 mortiﬁcationem
1210 1566 1340 1623 Jesu
1386 1571 1685 1638 incorpore
1709 1586 1820 1623 meo

235 1660 396 1715 porto
430 1652 499 1707 ".
562 1652 655 1708 lite
694 1666 825 1708 sunt
850 1659 960 1711 Deo
987 1668 1157 1727 graue
1182 1661 1496 1729 petitiones,
1527 1664 1593 1716 de
1622 1663 1822 1729 quibus

233 1740 263 1794 J
306 1757 483 1798 annos
525 1743 832 1815 Theologus
872 1765 885 1800 :
915 1748 1271 1821 Quodcunque
1305 1753 1608 1819 petierimus
1632 1770 1823 1808 secun-

235 1835 366 1887 dum
418 1837 738 1892 roluntatem
800 1839 914 1903 Dei,
970 1842 1130 1910 faciet
1200 1844 1347 1897 nobis
1380 1843 1450 1898 ‘°.
1503 1843 1611 1898 lsta
1672 1847 1816 1899 enim

242 1928 364 1980 sola
400 1928 653 1985 lomiues
708 1932 775 1985 ab
803 1948 861 1987 se
887 1948 1084 2003 rogare
1132 1936 1243 1989 vult
1279 1937 1419 1991 liens
1451 1953 1467 1990 :
1503 1953 1624 2007 qua:
1654 1937 1819 1991 uimi-

238 2034 363 2074 rum
399 2021 467 2073 ad
485 2032 742 2077 aeternam
765 2041 952 2080 eorum
977 2028 1206 2083 salutem
1238 2030 1651 2084 accommodata
1671 2041 1820 2087 sunt.

244 2113 505 2173 Quandiu
543 2114 710 2183 igitur
755 2117 956 2187 cuique
990 2119 1098 2172 vita
1144 2121 1479 2188 suppeditat,
1510 2137 1577 2175 ne
1617 2124 1722 2176 alia
1765 2123 1819 2177 in

244 2217 305 2257 re
337 2214 538 2272 prmter
574 2206 717 2260 hanc
746 2211 1015 2269 studium,
1072 2212 1604 2279 occupationemque
1661 2227 1817 2267 suam

244 2306 540 2351 consumat
571 2315 585 2352 :
618 2299 669 2352 iu
702 2301 801 2354 hac
860 2304 1120 2359 omnibus
1172 2304 1366 2361 diebus
1407 2306 1531 2359 vitae
1562 2322 1675 2362 suae
1705 2306 1819 2360 ela-

244 2386 423 2449 boret,
464 2398 523 2443 ut
556 2392 735 2446 anima
770 2393 889 2462 ejus
951 2411 1210 2462 supremo
1273 2397 1364 2451 illo
1425 2397 1535 2457 die.
1600 2398 1821 2467 quamlo

246 2481 496 2535 ell’undet
546 2494 849 2539 extremum
913 2488 1165 2553 halitum,
1234 2491 1373 2544 bene
1410 2491 1821 2557 valens,omni-

243 2587 354 2639 que
397 2568 585 2628 Carnis
626 2589 689 2627 ac
720 2577 911 2630 mttndi
960 2576 1155 2632 aﬂ‘eetu
1207 2580 1461 2649 expedita
1520 2596 1584 2636 ac
1649 2583 1819 2638 libera

244 2664 584 2727 inveniatur,
652 2669 1023 2723 necessarium
1054 2680 1139 2724 est
1205 2672 1392 2740 itaque
1456 2688 1575 2729 eam
1628 2690 1817 2730 sanam

241 2772 387 2818 esse,
439 2772 502 2811 ac
529 2767 828 2826 potentem,
858 2771 916 2816 ut
949 2778 1044 2832 pro
1087 2779 1217 2818 sana
1288 2766 1506 2821 Christo
1538 2769 1819 2834 inserviat,

245 2857 679 2918 sanctorumque
734 2864 799 2904 ac
869 2851 1180 2908 divinorum
1242 2856 1362 2921 ejus
1424 2868 1819 2927 praeceptorum

243 2940 523 3005 opt-ratrix
561 2942 672 2993 sit:
710 2952 765 2996 ut
822 2959 945 2997 cum
1000 2946 1067 2998 ad
1113 2946 1263 3000 illius
1305 2948 1545 3003 tribunal
1587 2953 1817 3017 steterit,

245 3047 343 3082 nec
375 3033 688 3088 erubescat.
742 3035 795 3089 ld
846 3038 889 3090 si
924 3035 1126 3090 factum
1161 3053 1266 3092 non
1301 3039 1483 3106 fuerit,
1537 3050 1593 3097 at
1625 3046 1817 3098 saltem

242 3128 511 3191 ειοδιιῑῑεηι
557 3142 676 3180 eam
723 3128 954 3185 inveniri
1006 3147 1231 3187 necesse
1299 3144 1403 3198 est,
1465 3151 1531 3191 ne
1597 3138 1821 3192 morbos

1923 649 2247 718 pertiamus,
2279 656 2374 704 aut
2403 650 2548 703 aliud
2579 647 2859 719 quippiam
2942 648 3209 701 honorum
3268 661 3496 712 operum

1924 748 2270 809 praestemus,
2313 739 2565 793 existima
2593 754 2686 793 eos
2721 738 2786 792 ad
2818 745 3058 791 nostram
3096 750 3218 791 sese
3248 734 3497 789 imbecil-

1923 834 2132 890 litatem
2164 832 2638 890 accommodantes
2681 834 2755 888 ita
2786 831 2932 900 loqui
2964 850 2976 884 :
3008 831 3151 885 Deus
3191 828 3336 883 enim
3405 826 3495 895 qui

1923 928 2071 984 nulla
2101 942 2160 982 re
2180 935 2320 997 eget,
2344 926 2546 981 nullius
2586 924 2780 979 horum
2810 923 3034 993 indiget.
3062 921 3253 975 Omnia
3288 926 3493 979 autem,

1923 1034 2047 1089 quae
2071 1019 2123 1072 in
2155 1017 2280 1072 vitae
2307 1017 2473 1083 hujus
2506 1016 2784 1071 curriculo
2814 1031 2938 1069 cum
2971 1014 3172 1068 virtute
3198 1013 3495 1080 egerimus,

1924 1113 1993 1167 ad
2028 1120 2272 1167 nostram
2310 1112 2602 1166 utilitatem
2663 1108 2973 1163 redundant
3026 1108 3140 1170 Dei,
3195 1102 3292 1171 qui
3348 1101 3495 1156 nulla

1925 1218 1986 1259 re
2021 1217 2163 1274 opus
2212 1203 2392 1265 habet,
2429 1203 2558 1257 nihil
2612 1202 2911 1256 intersunt.
2945 1199 3081 1250 Nam
3117 1196 3207 1267 qui
3256 1192 3493 1264 jejnnat,

1923 1306 1976 1351 et
2006 1298 2099 1365 qui
2151 1309 2273 1350 sese
2314 1292 2556 1359 alnictat,
2602 1302 2655 1348 et
2691 1292 2785 1361 qui
2811 1291 3191 1358 eleemosyuas
3218 1283 3494 1354 dispertit.

1924 1393 1983 1439 ut
2008 1384 2415 1439 miserationem
2474 1390 2529 1436 et
2577 1380 3008 1435 misericordiam
3068 1378 3160 1431 Dei
3187 1389 3497 1443 consequa-

1928 1487 2038 1541 tur,
2088 1477 2200 1531 hmc
2237 1475 2420 1540 faciet,
2447 1482 2501 1530 et
2542 1473 2632 1527 hic
2667 1471 2762 1527 Dei
2823 1470 3046 1537 benigni
3096 1469 3277 1523 cultus
3334 1478 3500 1534 atque

1925 1566 2247 1636 obsequium
2281 1574 2397 1633 est.,
2436 1563 2566 1617 Nam
2609 1563 2656 1619 si
2704 1563 2757 1617 in
2784 1563 2904 1615 loco
2952 1564 3074 1615 vita:
3119 1557 3283 1627 hujus
3309 1555 3499 1623 caligi-

1924 1673 2093 1723 nosae,
2124 1672 2188 1712 ac
2222 1657 2395 1727 plenae
2421 1655 2767 1710 oﬂ‘endiculis
2816 1668 2927 1707 non
2952 1652 3180 1705 libenter
3213 1645 3497 1716 angustia—

1925 1765 2069 1815 tnur,
2128 1764 2228 1805 nec
2263 1757 2474 1803 natura:
2526 1756 2728 1802 nostra:
2761 1744 2941 1798 socios
2971 1741 3326 1795 miscreamnr
3354 1735 3497 1788 Deus

1924 1843 2165 1897 vicissim
2190 1839 2567 1895 misericordia
2602 1848 2655 1892 et
2703 1835 3181 1893 commiseratione
3221 1844 3320 1883 nos
3352 1824 3496 1880 haud

1926 1933 2201 2000 dignatur.
2237 1930 2341 1998 Qtti
2398 1930 2546 1985 enim
2592 1931 2752 1983 homo
2783 1925 3021 1980 hominis
3048 1938 3153 1977 non
3186 1921 3498 1976 miseretur,

1926 2040 2025 2079 nec
2063 2029 2250 2094 justus
2312 2022 2452 2077 Deus
2482 2021 2852 2077 miserebitur.
2911 2016 3020 2082 Qui
3084 2022 3266 2068 autem
3332 2010 3501 2064 libere

1926 2125 2135 2185 peccat,
2171 2130 2272 2169 nec
2315 2114 2557 2167 dolorem
2599 2111 2670 2165 ob
2718 2111 2767 2164 id
2829 2107 3089 2175 concipit,
3146 2105 3266 2173 ejus
3324 2101 3497 2155 vitem

1925 2208 2241 2262 misericors
2296 2207 2464 2275 judex
2516 2205 2738 2258 minime
2783 2199 3009 2255 dolebit.
3078 2195 3247 2251 Nemo
3315 2198 3501 2260 itaque

1923 2315 2047 2355 Cum
2098 2297 2379 2368 quidpiam
2412 2312 2474 2351 ex
2506 2295 2707 2350 virtute
2746 2293 2898 2357 facit,
2931 2298 3151 2361 propter
3178 2289 3367 2348 Deum,
3401 2284 3495 2337 sed

1922 2400 2143 2460 propter
2188 2405 2343 2445 suam
2402 2374 2582 2458 ipsius
2642 2386 2875 2442 salutem
2909 2401 2968 2439 se
3015 2383 3067 2436 id
3124 2382 3301 2435 facere
3351 2377 3499 2432 arbi-

1923 2492 2116 2539 tretur.
2153 2483 2267 2540 Hoc
2297 2484 2567 2554 siquidem
2613 2482 2815 2542 sciens,
2878 2489 2932 2532 ct
2973 2476 3239 2538 sentiens,
3299 2481 3351 2525 et
3392 2484 3496 2523 non

1922 2580 2123 2647 poterit
2174 2578 2452 2647 quidpiam
2526 2574 2654 2629 boni
2687 2579 3002 2643 perpetrare
3044 2578 3103 2622 ut
3133 2567 3201 2620 ab
3262 2563 3499 2618 homini-

1923 2668 2052 2731 btts,
2086 2667 2181 2723 sed
2216 2675 2424 2721 tantum
2456 2676 2512 2720 ut
2546 2666 2613 2719 ab
2667 2663 2839 2717 oculis
2870 2673 3151 2729 nttnquatn
3183 2654 3499 2710 dormienti-

1927 2763 2030 2817 bus
2061 2761 2277 2816 occulta
2318 2756 2704 2829 cognoscentis
2748 2756 2837 2809 Dei
2873 2754 3142 2807 videatur.
3183 2750 3317 2803 Nam
3343 2745 3502 2799 Chri-

1925 2855 2160 2918 stianus,
2212 2851 2671 2921 potissiummque
2724 2846 2816 2916 qui
2870 2845 2922 2899 in
2956 2836 3502 2911 discipliuajustitize

1923 2946 2193 3015 procedit,
2227 2944 2334 3000 nisi
2380 2940 2694 3005 crediderit,
2753 2940 3019 3008 planeque
3052 2947 3372 3003 persuasum
3400 2931 3501 2982 ha-

1924 3038 2123 3102 buerit,
2176 3036 2633 3106 quemadmodum
2670 3042 2859 3089 noster
2913 3031 2997 3085 hic
3023 3030 3127 3091 sol,
3158 3028 3309 3081 nullo
3342 3036 3501 3091 pacto
3534 3042 3535 3045 η

1925 3131 2165 3186 hominis
2208 3129 2441 3199 alicujus
2473 3136 2595 3197 eget
2648 3128 2955 3197 (propterea
3018 3122 3164 3192 quod
3214 3119 3497 3174 servitute.

243 3218 364 3284 ejus
391 3219 656 3286 gehennae
719 3222 859 3290 ignis
914 3237 1221 3295 corruptos,
1274 3229 1488 3283 camino
1550 3246 1673 3295 suo,
1725 3233 1815 3299 qui
1847 3232 1888 3288 C
1926 3232 2020 3279 aut
2051 3222 2357 3278 ministerio
2401 3220 2654 3290 quopiam
2691 3220 2931 3272 humano
2988 3215 3303 3281 neutiquazu
3361 3224 3500 3278 opus

246 3323 530 3378 nunquam
564 3314 953 3382 exstinguitur,
1017 3318 1289 3383 cohibeat,
1341 3327 1396 3372 et
1426 3321 1544 3373 sine
1580 3321 1690 3373 ullo
1718 3322 1824 3376 fine

244 3414 469 3457 exurat.
530 3405 816 3460 Sententia
892 3409 1164 3477 siquidem
1202 3411 1466 3480 gehennae
1502 3424 1695 3465 natura
1724 3428 1821 3466 sua

243 3512 339 3551 eos
376 3506 590 3551 tantum
630 3509 811 3567 potest
863 3502 1151 3572 attingere,
1216 3517 1449 3570 quorum
1503 3505 1695 3558 aniuzte
1755 3506 1822 3559 ad

247 3588 494 3642 futurum
533 3590 666 3644 illud
692 3592 953 3646 smeulum
981 3594 1237 3648 sanitatis
1272 3603 1525 3664 expertes
1550 3597 1821 3652 abierunt.

246 3679 378 3733 Nam
414 3692 699 3749 peceatum
729 3701 792 3737 ex
834 3685 1165 3746 voluntario,
1233 3693 1288 3740 et
1351 3702 1457 3739 non
1513 3689 1824 3743 voluntario

245 3770 639 3839 proﬁciscitur,
668 3789 735 3828 ex
765 3784 1022 3846 utroque,
1086 3779 1328 3845 inquam.
1366 3777 1594 3833 Videtur
1644 3782 1826 3848 itaque

247 3880 293 3931 μί
314 3874 536 3916 ccatum
576 3867 735 3934 quasi
766 3883 886 3920 esea
922 3868 1193 3936 quaedam,
1226 3871 1289 3921 ad
1313 3885 1476 3936 quam
1509 3885 1633 3923 eum
1672 3886 1825 3926 mens

248 3955 412 4007 modo
440 3955 677 4024 quodam
706 3957 1033 4028 intelligibili
1074 3974 1134 4014 se
1187 3960 1483 4022 inclinarit,
1517 3961 1825 4014 animarum

245 4055 539 4110 tyrannus,
574 4062 734 4113 quem
767 4050 974 4112 animo,
1007 4066 1118 4103 non
1138 4054 1311 4104 oculis
1331 4054 1630 4116 cernimus,
1655 4054 1824 4123 ipsam

245 4157 272 4193 a
306 4140 703 4209 trgoiucitnt,
756 4150 815 4196 ut
879 4157 938 4197 se
993 4143 1082 4196 illa
1133 4158 1256 4197 esca
1307 4144 1520 4208 farciat,
1550 4160 1661 4213 quo
1702 4161 1828 4215 pec-

247 4244 428 4287 catqu
461 4249 525 4288 ex
560 4234 875 4288 voluntario
930 4250 1025 4305 per
1083 4236 1511 4290 involuntarium
1572 4252 1829 4293 consum-

247 4336 454 4381 matum
491 4328 820 4382 inveniatur.
846 4330 1189 4397 Quapropter
1216 4329 1481 4397 sapientia
1521 4329 1613 4384 Dei
1636 4331 1829 4388 Cirris-

248 4431 337 4475 tus
404 4422 677 4491 principia
720 4430 1068 4491 peccatorum
1139 4422 1315 4487 elidit,
1356 4430 1613 4491 utneque
1639 4424 1828 4492 cupia-

251 4530 395 4579 mus,
434 4529 615 4580 nequc
649 4515 981 4568 intueantur.
1019 4514 1231 4568 Etenim
1259 4530 1382 4568 cum
1419 4516 1472 4567 in
1508 4516 1828 4585 cupiditate,

1928 3318 2111 3380 habet,
2143 3330 2266 3370 cum
2298 3315 2415 3383 ipso
2437 3314 2615 3381 potius
2643 3310 2897 3363 omnibus
2914 3307 3240 3361 mortalibus
3272 3302 3499 3362 servim,

1925 3411 2200 3469 exoriens,
2249 3416 2532 3475 totumque
2590 3414 2861 3455 terrarum
2928 3399 3118 3453 urbem
3166 3394 3331 3448 radiis
3383 3392 3500 3445 suis

1930 3504 2238 3564 ilinstrans,
2286 3500 2501 3555 fructus
2541 3513 2733 3551 omnes
2780 3494 2961 3549 calore
3006 3491 3219 3551 fovens,
3283 3487 3351 3540 ad
3384 3502 3499 3538 tua--

1928 3596 2316 3661 turitatemquc
2358 3590 2686 3659 perducens,
2735 3594 2787 3638 et
2840 3582 2909 3636 ad
2971 3576 3498 3648 coagmentatiozicm

1926 3699 2218 3755 corporum
2273 3682 2667 3741 humanorum,
2727 3676 3219 3738 universorumque
3281 3683 3310 3722 c
3356 3673 3498 3719 terra

1928 3778 2275 3835 nascentium
2354 3774 2652 3843 plurimum
2716 3764 3015 3834 adjnmenti
3085 3759 3338 3826 aliercns)
3404 3771 3499 3808 nec.

1930 3880 2127 3944 potest,
2159 3879 2254 3925 aut
2293 3867 2491 3937 poterit
2543 3864 2828 3934 quisquam
2903 3859 3087 3912 dicere
3134 3870 3192 3909 se
3244 3852 3501 3907 servisse.

1929 3975 2022 4021 aut
2047 3966 2252 4021 servire
2275 3962 2377 4017 soli
2410 3976 2428 4015 :
2463 3960 2541 4014 sic
2572 3972 2747 4023 neque
2780 3953 2947 4006 Deum
2996 3948 3229 4017 alicujus
3279 3958 3501 4012 operam

1930 4057 2223 4127 requirere,
2257 4063 2349 4107 aut
2392 4060 2450 4105 ut
2482 4051 2529 4101 ei
2574 4065 2603 4102 a
2647 4058 2919 4113 qucquam
2965 4040 3325 4098 ministretur,
3369 4049 3504 4102 opus

1931 4126 2154 4204 habere.
2186 4145 2287 4210 Qui
2307 4146 2381 4197 ita
2403 4156 2509 4195 non
2531 4138 2716 4201 sentit,
2746 4136 2977 4205 primum
3001 4131 3227 4202 gradum
3250 4126 3503 4198 principii

1930 4239 2192 4296 salutaris
2222 4238 2321 4289 vim
2356 4233 2500 4287 haud
2533 4239 2712 4300 potest
2748 4243 2985 4296 unquam
3020 4224 3377 4289 contingere:
3411 4220 3505 4273 sei

1930 4330 2182 4402 quamvis
2214 4325 2534 4397 jejunando,
2569 4321 2861 4392 vigilando,
2884 4316 3201 4376 laborando,
3224 4312 3501 4382 psallentis

1930 4425 2303 4491 cleemosynas
2325 4432 2387 4471 ac
2408 4416 2649 4485 justitias
2665 4412 2913 4467 iaciendo
2943 4419 2996 4464 ct
3013 4408 3333 4470 docendo,ct
3353 4420 3470 4458 com
3485 4430 3503 4441 -

1934 4513 2347 4568 mouefaciendo
2374 4510 2512 4563 alios
2550 4523 2609 4561 se
2649 4507 2756 4558 Deo
2778 4500 3420 4564 servireexistitnet,cum
3443 4514 3506 4550 eo

248 4620 297 4661 et
328 4617 559 4675 aspectu
607 4607 818 4674 peccati
850 4606 1031 4659 anima
1068 4607 1251 4668 fuerit,
1298 4606 1516 4660 σΜΪὶνὶΙυ
1539 4623 1599 4662 se
1648 4618 1825 4675 potest
1860 4590 1900 4642 ί)
1933 4618 2112 4660 tamen
2134 4612 2342 4673 partem
2358 4601 2557 4654 habere
2573 4594 2980 4667 ncquibit.Nam
2999 4594 3090 4663 qui
3112 4594 3221 4645 ha‘c
3238 4590 3510 4659 a;;it,id»o

247 4706 521 4757 aret-tere,
555 4697 701 4765 quod
762 4712 793 4749 e
844 4697 1073 4765 vestigio
1137 4696 1436 4761 daemones,
1490 4697 1656 4751 citius
1720 4698 1829 4749 ictu

253 4788 395 4842 oculi
429 4801 554 4841 eam
588 4786 892 4856 impellant.
955 4789 1033 4840 Ac
1095 4788 1410 4841 necessario
1442 4788 1623 4841 omnis
1648 4787 1829 4840 anima

251 4894 534 4935 arC‘ssum
587 4879 652 4932 ad
692 4880 802 4933 haec
865 4879 1050 4947 fugere
1078 4882 1256 4933 debet.
1292 4881 1433 4950 Fuga
1485 4890 1662 4931 autem
1722 4895 1829 4931 non

252 4974 356 5027 aiia
388 4980 499 5039 est,
528 4972 635 5026 nisi
662 4979 718 5025 ut
766 4988 875 5026 non
911 4972 1297 5041 concupiscas.

825 5084 1086 5140 ORATIO
1133 5085 1248 5139 ΧΗ.

834 5179 1232 5233 Ancnnnsruu.

251 5271 307 5325 Si
340 5270 470 5341 quid
508 5269 631 5341 boui
665 5268 853 5323 actitat
893 5270 1069 5333 homo,
1101 5270 1155 5341 id
1189 5278 1358 5322 tolum
1384 5278 1597 5336 propter
1618 5286 1670 5322 se
1699 5272 1833 5321 ncli—

321 5339 459 5393 tnre.
501 5339 652 5393 Unde
684 5351 1054 5406 cognoscatur,
1080 5340 1365 5407 jejunium.
1428 5341 1830 5410 eleemosguam,

321 5410 835 5477 orationempiacere
865 5410 988 5462 Deo.
1010 5410 1285 5472 Quomodo
1315 5409 1666 5471 psallendum.
1696 5409 1834 5463 Sau-

324 5483 721 5548 ctiﬁcatiuuem.
742 5490 791 5531 et
818 5480 1107 5531 libertatem
1134 5496 1223 5545 per
1239 5481 1391 5547 ﬁderit
1420 5481 1644 5548 acquiri.
1679 5479 1833 5532 Psal-

325 5554 558 5604 modiam
578 5551 789 5618 proprie
819 5550 1170 5603 humilitatem
1189 5566 1319 5603 esse.
1341 5549 1473 5615 Qua:
1500 5567 1579 5602 res
1607 5551 1830 5619 gratiam

322 5624 684 5691 exstinguunt.

326 5714 557 5781 Qumies
602 5711 843 5765 audieris
880 5721 1101 5766 sanctos
1140 5710 1330 5766 Patres
1361 5713 1518 5765 nobis
1566 5712 1833 5771 dit-entes,

338 5894 443 5949 "ll
478 5895 611 5951 Ccr.
648 5908 722 5957 ιγ,
771 5889 851 5944 10.

928 5891 971 5915 ³⁸
1006 5891 1149 5956 ίδτειιί.
1200 5906 1383 5954 una,
1411 5890 1499 5941 ‘37.

1581 5892 1621 5922 ‘9
1667 5890 1681 5943 ί
1720 5888 1874 5943 Juzttt.
1914 5904 1966 5951 γ,
2013 5889 2092 5941 Η.

1933 4705 2153 4767 aget,ut
2202 4691 2636 4748 misericordiam
2678 4688 2820 4757 apud
2859 4688 3027 4741 Deum
3070 4684 3305 4738 inveniat
3332 4701 3345 4735 :
3371 4682 3509 4746 Quia

1931 4793 2296 4854 omnescgent
2331 4783 2501 4853 gloria
2567 4779 2735 4841 Dei,ct
2783 4778 3153 4847 justi/icautur
3211 4776 3377 4845 gratis
3420 4789 3510 4838 per

1931 4879 2157 4946 gratiam
2184 4876 2347 4943 ipsius
2368 4875 2435 4935 ⁵³.
2462 4881 2792 4942 quaerentes,
2826 4878 2877 4923 et
2911 4870 3211 4938 pulsantes,
3242 4877 3295 4920 et
3320 4876 3510 4935 peten-

1935 4983 2039 5032 tes,
2082 4977 2138 5020 ut
2179 4965 2608 5020 misericordiam
2647 4968 3073 5030 consequantur,
3125 4966 3178 5011 et
3209 4958 3377 5026 janua
3411 4957 3514 5009 mi-

1936 5062 2246 5118 sericordia:
2295 5061 2430 5127 ipsis
2454 5060 2750 5133 aperiatur.
2798 5065 2851 5109 et
2898 5054 3039 5121 apud
3069 5052 3359 5106 Dominum
3403 5053 3509 5104 mi-

1868 5192 1871 5195 λ
1934 5155 2287 5211 sericordiam
2307 5154 2609 5207 inveniant.
2628 5148 2730 5213 Qui
2749 5162 2854 5201 non
2880 5154 3244 5214 qumruntnon
3267 5144 3510 5213 pulsant,

1935 5266 2041 5304 ηοιι
2080 5256 2291 5319 petunt,
2317 5246 2593 5302 sententia
2637 5244 2827 5311 etlege
2853 5241 3056 5294 Christi
3080 5240 3226 5308 regis
3262 5240 3514 5305 omnipo-

1935 5344 2101 5397 tentis
2149 5339 2476 5394 immutabili
2513 5344 2778 5392 statutum
2828 5343 2932 5398 est,
2971 5339 3029 5387 ut
3084 5332 3511 5394 ueciuveniant,

1942 5450 2042 5488 nec
2066 5433 2175 5487 illis
2198 5432 2399 5487 ostium
2428 5427 2820 5483 misericordiae
2844 5424 3156 5480 recludatur
3185 5442 3195 5477 :
3229 5421 3335 5487 Qui
3359 5421 3515 5474 liabet

1944 5543 2098 5581 aures
2138 5524 2389 5579 audiendi
2410 5523 2594 5576 audiat
2628 5523 2693 5574 “.

2016 5616 2122 5682 Qui
2170 5616 2335 5682 igitur
2366 5612 2614 5682 jejuniis,
2659 5611 3087 5681 precatiOuibus,
3148 5611 3514 5682 elcemosynis

1948 5711 2039 5763 dat
2082 5722 2302 5777 operam
2349 5708 2470 5776 (per
2528 5720 2647 5775 qtae
2705 5704 2806 5757 tria
2869 5702 3165 5758 Christiani
3209 5716 3400 5756 omnes
3446 5704 3515 5755 ab

2729 5888 2767 5918 δέ
2801 5886 2978 5940 manu.
3032 5900 3104 5953 u,
3160 5884 3237 5937 ιδ.

3114 6000 3123 6031 i

2173 5890 2209 5919 ’θλ
2250 5888 2409 5942 lium.
2443 5904 2522 5956 ltl,
2562 5888 2648 5941 εδ.
