4188 6436
664 436 767 502 3‘ll

1918 434 2286 498 SIMEONIS
2326 434 2694 498 JUNIORIS

3821 430 3926 491 37?

663 560 858 617 exsilio
889 560 957 615 ad
997 560 1233 617 salutem
1305 570 1655 628 revocantur,
1738 574 1801 616 ac
1845 561 2237 629 restituuntur)
2265 559 2315 617 Α
2343 568 2430 613 tus
2461 567 2568 621 est,
2605 555 3033 612 sanetiflcatoris
3065 552 3149 609 sui
3187 549 3567 616 obliviscitur;
3605 548 3732 618 quis
3761 564 3923 601 nemo

662 673 735 714 ne
764 658 881 714 dies
896 656 1089 728 ieiunii
1114 665 1387 724 numeret,
1430 674 1493 711 ne
1519 657 1585 711 ad
1605 656 1964 728 eleemosyna:
1994 657 2237 718 modum,

661 766 765 805 nec
801 750 868 805 ad
891 750 1134 805 laborem
1160 750 1470 819 vigiliarum
1515 759 1680 821 atque
1699 764 1922 820 precum
1957 749 2238 817 respiciat,

663 858 830 913 quam
859 842 1093 897 multum
1126 841 1477 913 ieiunaverit,
1525 858 1690 913 quam
1723 842 1991 911 benignus
2022 843 2074 896 in
2103 857 2241 912 pau-

663 950 847 1005 peres,
878 949 1047 1005 quam
1115 935 1323 991 multus
1350 935 1408 991 in
1462 936 1721 1008 precibus
1779 934 2114 989 fueritzsed
2170 949 2239 988 an

666 1025 928 1081 Dominus
976 1025 1288 1082 attenderit.
1350 1027 1409 1082 Si
1480 1027 1735 1090 attendit,
1805 1027 1973 1082 missa
2018 1034 2101 1079 est
2139 1026 2241 1095 ipsi

662 1117 839 1185 gratia
878 1118 943 1172 de
978 1119 1139 1182 caelo,
1180 1134 1343 1188 quam
1403 1119 1449 1175 si
1480 1115 1745 1188 suscepit,
1774 1133 1833 1174 se
1862 1118 2157 1173 contritum
2191 1126 2245 1171 et

667 1211 1038 1277 humiliatum,
1072 1214 1430 1282 pmnitentem
1478 1219 1530 1268 et
1578 1223 1992 1283 compunctum.
2068 1218 2121 1265 et
2151 1225 2245 1279 per

665 1299 813 1354 hunc
846 1310 1047 1355 statum
1098 1302 1468 1357 infirmitatem
1506 1318 1685 1367 suam,
1750 1310 1971 1371 peccata
2033 1319 2129 1355 sua
2190 1311 2246 1353 ιιι

666 1388 959 1467 deformia,
1012 1402 1069 1448 ut
1117 1393 1318 1463 turpia,
1355 1402 1414 1448 ut
1446 1394 1708 1459 belluina,
1761 1406 1822 1449 ut
1851 1396 2031 1449 anima
2075 1395 2245 1447 ratio-

666 1483 753 1536 nis
781 1485 1052 1554 participe
1116 1484 1371 1556 indigna,
1406 1496 1461 1541 et
1518 1486 1585 1540 ab
1634 1486 1855 1541 homine
1900 1495 2080 1541 mente
2108 1501 2247 1554 prae-

664 1573 781 1629 dito
825 1583 1027 1630 remota
1086 1586 1403 1634 cernentem
1453 1578 1709 1633 inveniet.
1750 1577 1898 1632 Talis
1949 1578 2094 1634 enim
2124 1593 2251 1632 con-

665 1662 827 1733 tingit
876 1666 1076 1720 animm
1142 1669 1317 1738 prima
1371 1684 1400 1722 a
1448 1668 1560 1722 Deo
1637 1669 1984 1723 illuminatio.
2019 1669 2252 1723 Proinde

665 1754 784 1809 Isaae
815 1758 930 1812 visa
982 1767 1041 1812 ut
1068 1761 1194 1814 odio
1223 1760 1386 1830 digna
1439 1760 1578 1824 odit,
1624 1770 1677 1816 et
1707 1770 2042 1816 exsecratur.
2075 1761 2130 1815 Si
2172 1776 2253 1816 se-

2345 669 2409 720 pe
2437 654 2614 720 ipsum
2652 648 3013 707 sanctiticarit
3068 644 3678 709 sanctiﬁcationemque
3714 641 3767 692 in
3806 642 3927 706 ipso

2342 746 2643 809 contineat,
2675 750 2728 798 et
2770 756 2867 811 per
2908 739 3209 810 gratiarum
3250 736 3523 789 actionem
3577 734 3927 791 continuam,

2343 839 2719 907 humilemque
2769 833 3020 903 spiritum
3050 827 3347 887 custodiat.
3392 826 3500 891 Qui
3542 824 3687 908 egim
3721 838 3751 877 a
3791 830 3927 889 quo-

2345 934 2488 1003 piam
2521 948 2552 987 e
2594 927 2870 1000 profundo
2937 925 3108 979 maris
3160 926 3489 989 )extraetus,
3543 931 3607 971 ac
3663 915 3831 972 veluti
3897 929 3924 965 a

2344 1026 2581 1082 mortuis
2607 1024 2881 1077 excitatus
2932 1028 3039 1082 est,
3092 1015 3331 1085 qualem,
3370 1022 3426 1067 et
3453 1017 3716 1080 quantum
3740 1007 3927 1059 humi-

2346 1119 2518 1174 litatis
2541 1129 2764 1171 sensum
2794 1110 3015 1167 habebit
3042 1108 3067 1161 ?
3091 1107 3160 1162 In
3210 1103 3512 1160 humilitate
3547 1103 3684 1156 enim
3740 1109 3927 1150 nostra

2346 1227 2547 1266 memor
2574 1208 2674 1277 fuit
2697 1205 2867 1260 nostri
2887 1204 3143 1258 Dominus
3157 1199 3204 1234 “
3235 1215 3251 1264 ;
3290 1196 3511 1269 proprie
3544 1194 3687 1248 enim
3724 1190 3928 1245 deruis-

2347 1306 2431 1361 sio
2458 1301 2623 1357 animi
2659 1296 2978 1371 psalmodia,
3008 1305 3063 1350 et
3094 1291 3279 1349 omnia
3330 1303 3452 1361 qua
3516 1286 3767 1343 facimus,
3809 1282 3918 1334 huc

2348 1403 2613 1468 speetant.

2418 1490 2561 1555 Quid
2599 1500 2764 1555 porro
2793 1490 2877 1539 est
2920 1480 3214 1536 demittere
3256 1475 3524 1536 animum,
3573 1484 3671 1523 seu
3714 1462 3926 1520 sentire

2351 1587 2417 1641 de
2447 1554 2506 1639 se
2531 1554 2805 1638 submisse
2834 1592 2900 1631 ae
2930 1569 3257 1629 humiliter?
3288 1566 3596 1620 Humanam
3633 1554 3929 1612 imbecilli-

2352 1686 2521 1733 tatem
2547 1684 2903 1743 cognoscere,
2924 1680 3047 1735 quae
3070 1660 3335 1731 cognitio,
3361 1669 3445 1712 est
3468 1670 3495 1707 a
3519 1653 3627 1707 Deo
3653 1648 3872 1704 credent
3888 1644 3934 1696 i-

2355 1771 2459 1825 bus
2492 1769 2545 1820 in
2579 1767 2758 1835 ipsum
2794 1761 3015 1817 caelitus
3046 1754 3285 1811 demissa
3322 1744 3654 1804 illuminatio
3678 1759 3693 1796 :
3721 1735 3930 1805 alioqui

664 1849 743 1900 ita
780 1849 1138 1903 constitutum
1165 1864 1273 1904 non
1306 1853 1648 1921 cognoverit,
1703 1865 1756 1905 et
1784 1852 2016 1921 ieiunia,
2049 1861 2102 1906 et
2154 1854 2237 1907 ele

2358 1862 2523 1915 homo
2557 1856 2787 1926 quilibet
2825 1851 3069 1918 seipsum
3104 1855 3334 1899 noscere
3369 1836 3581 1906 nequit.
3609 1833 3790 1897 Quare
3834 1842 3930 1880 su-

2890 1943 2897 1945 “
3056 1939 3070 1945 ⁸
3382 1938 3394 1945 ·
3454 1944 3459 1945 γ
3490 1936 3503 1945 Α
3542 1925 3688 1945 Δ2....ι
3719 1921 3905 1945 ΠΑι-,ιυ

666 1955 978 2010 emosynas,
1007 1950 1062 1996 et
1095 1944 1661 2014 orationes.perdidit.
1696 1943 1876 1997 Unum
1908 1946 2109 2014 quippe
2137 1944 2247 1999 Deo

669 2030 1033 2095 sacriﬁcium,
1071 2048 1099 2087 a
1129 2034 1326 2103 quovis
1372 2034 1611 2097 homine,
1651 2035 1878 2103 spiritus
1911 2033 2248 2089 contribula-

669 2134 760 2178 tus
788 2124 833 2155 “
864 2141 878 2178 :
909 2140 971 2179 ac
994 2135 1215 2195 propter
1267 2127 1373 2181 tale
1410 2126 1767 2189 sacrificium,
1788 2136 2032 2197 peccata_
2056 2127 2245 2180 remit-

670 2226 895 2282 tuntur;
928 2219 1387 2286 quemadmodum
1442 2232 1659 2292 prepter
1689 2223 1865 2292 ipsum
1906 2223 2008 2276 hoc
2038 2224 2246 2277 sacrifi-

669 2308 817 2362 cium
859 2317 913 2363 et
936 2308 1231 2378 ieiunium,
1267 2320 1320 2366 et
1349 2312 1723 2383 elcemosyna,
1774 2321 1826 2366 et
1859 2316 2036 2367 oratio
2094 2315 2249 2367 insti-

670 2401 866 2455 tuitur.
921 2400 1035 2456 lloc
1064 2403 1207 2455 enim
1240 2412 1324 2457 est
1377 2404 1695 2473 mysterium
1733 2404 2049 2467 Christiani,
2077 2416 2125 2460 et
2174 2407 2247 2458 ita

671 2508 836 2564 agere
887 2509 989 2564 par
1018 2502 1123 2565 est,
1176 2495 1311 2549 Nam
1339 2496 1573 2564 ieiunia,
1605 2497 1822 2567 vigiliae,
1870 2500 2021 2551 humi
2078 2508 2247 2552 strata

669 2586 898 2651 cubilia,
947 2586 1329 2659 eleemosynze.
1384 2604 1597 2659 preces,
1640 2592 1972 2658 psalmodite,
2006 2593 2252 2647 volunta-

671 2679 1132 2742 riamendicitas,
1163 2688 1217 2734 et
1264 2694 1384 2748 quae
1458 2681 1620 2735 homo
1686 2680 1877 2735 fecerit
1924 2682 2131 2741 omnia,
2185 2684 2249 2736 ad

672 2770 846 2825 Donum
879 2772 986 2828 sibi
1047 2772 1374 2841 placandum
1445 2772 1592 2827 facit.
1643 2774 1797 2839 Quod
1837 2776 1881 2827 si
1930 2774 2018 2829 ille
2065 2790 2250 2830 secum

672 2864 730 2918 in
763 2864 996 2933 gratiam
1046 2878 1152 2918 non
1212 2863 1462 2928 redierit,
1538 2864 1683 2935 quod
1751 2865 1969 2920 tandem
2036 2867 2089 2919 in
2166 2867 2253 2921 his

674 2955 1154 3010 emolumentum?
1184 2955 1379 3009 Anima
1427 2956 1573 3010 enim
1623 2956 1734 3010 Deo
1769 2957 2122 3010 reconciliato
2154 2958 2255 3009 hu-

676 3048 849 3111 milis,
892 3055 945 3101 et
991 3053 1279 3101 mansueta
1334 3046 1414 3109 fit,
1480 3046 1701 3116 Deoque
1759 3056 1968 3111 astans,
2025 3056 2085 3101 ut
2142 3046 2256 3101 Deo

674 3145 843 3203 astat,
896 3150 998 3190 nec
1048 3151 1110 3191 se
1143 3135 1249 3190 huc
1282 3143 1337 3191 et
1379 3135 1508 3191 illuc
1542 3146 1747 3194 versat.
1780 3138 1968 3208 Itaque
2034 3139 2079 3193 si
2129 3138 2254 3199 talis

2351 1952 2555 2023 perbus
2577 1921 2718 2001 nihil
2753 1943 2951 2003 cernit,
2978 1939 3071 1993 sed
3108 1949 3285 1991 caecus
3316 1938 3421 1996 est,
3453 1936 3510 1981 ut
3539 1925 3694 1979 aiunt
3719 1921 3930 1973 Patres.

2350 2047 2451 2113 Qui
2491 2042 2762 2109 baptismo
2795 2037 3003 2091 tinctus
3043 2043 3154 2083 non
3184 2035 3290 2087 est,
3319 2036 3419 2077 nec
3446 2018 3789 2075 illuminatus
3820 2022 3927 2065 est.

2352 2139 2422 2193 Ut
2456 2146 2637 2191 autem
2667 2134 2878 2197 absque
2909 2124 3116 2180 lumine
3147 2117 3321 2173 oculis
3355 2114 3543 2167 videre
3572 2124 3678 2163 non
3707 2111 3929 2176 potest:

2352 2230 2432 2285 sic
2464 2228 2644 2281 anima
2682 2238 2711 2276 a
2743 2220 2964 2275 Christo
3001 2214 3233 2286 mystice
3257 2224 3366 2265 non
3399 2204 3733 2261 illuminata,
3770 2211 3931 2251 suam

2353 2322 2526 2391 ipsius
2578 2312 3005 2369 imbecillitatem
3060 2305 3384 2373 conspicere
3440 2295 3652 2365 nequit.
3700 2289 3808 2345 Sed
3861 2287 3931 2340 ad

2356 2417 2495 2467 hanc
2519 2406 2970 2463 illuminationem
2997 2412 3246 2469 quaenam
3280 2389 3589 2463 pertinent?
3615 2382 3935 2441 lnlidelibus

2353 2506 2573 2575 quidem
2612 2498 2744 2553 fides
2777 2498 2831 2549 in
2861 2494 3165 2551 Christum,
3191 2495 3243 2542 et
3280 2484 3525 2538 divinum
3552 2478 3843 2548 baptisma,
3872 2482 3934 2524 ut

2352 2569 2596 2650 diximus
2624 2607 2636 2645 :
2667 2599 2753 2642 ast
2791 2589 2878 2647 iis,
2911 2585 3003 2654 qui
3055 2591 3174 2651 post
3201 2577 3535 2646 baptismum
3590 2569 3889 2624 excutiunt
3915 2604 3930 2624 ,

2355 2696 2519 2753 atque
2555 2682 2677 2733 ideo
2700 2677 3046 2743 superbiuut,
3072 2681 3127 2725 et
3167 2671 3218 2722 in
3252 2669 3399 2736 leges
3426 2664 3780 2719 committunt
3804 2656 3935 2723 (Su-

2354 2748 2502 2848 perbi
2530 2774 2697 2835 enim,
2730 2769 2926 2838 inquit,
2952 2768 3177 2835 agebant
3200 2772 3564 2829 usquequaque
3591 2754 3656 2805 “.
3685 2752 3752 2806 Et
3781 2760 3797 2800 :
3830 2748 3938 2800 bo-

2355 2871 2529 2923 minus
2587 2863 2821 2931 superbis
2870 2858 3068 2912 resistit
3116 2856 3183 2907 ".
3228 2852 3315 2915 Et,
3372 2846 3705 2910 Principium
3757 2840 3935 2893 omnis

2354 2960 2551 3028 peccati
2585 2955 2828 3025 superbia
2863 2952 2931 3005 “‘.
2975 2950 3039 3003 Et
3066 2964 3080 3001 :
3111 2945 3438 3011 Principium
3474 2937 3699 3010 peccati,
3732 2932 3936 2986 nescire

2356 3056 2639 3109 Dominum
2668 3054 2760 3114 δ’).
2797 3049 3016 3110 talibus,
3053 3047 3273 3112 inquam
3299 3083 3313 3105 ,
3344 3047 3468 3094 ante
3499 3035 3602 3090 alia
3638 3029 3937 3101 mysterio-

2360 3165 2478 3201 rum
2502 3145 2829 3199 (ἰιιτὺιὶςιηω
2859 3140 2979 3193 fidei
3011 3135 3309 3196 institutio,
3333 3144 3393 3186 ut
3417 3146 3539 3185 eum
3568 3124 3937 3184 crediderint,

675 3229 920 3285 nondum
952 3238 1057 3293 est,
1091 3229 1261 3283 Deum
1322 3230 1566 3283 nondum
1634 3231 1869 3284 amicum
1922 3231 2084 3286 habet
2116 3247 2132 3285 :
2159 3233 2252 3285 sed

2362 3240 2763 3295 illuminentur.
2809 3232 2865 3286 Si
2906 3230 3054 3285 enim
3104 3228 3333 3297 primam
3373 3223 3532 3277 ﬁdem
3584 3217 3938 3275 tenuissent,

677 3323 795 3376 sive
830 3320 1051 3398 psallat,
1098 3320 1216 3376 sive
1246 3330 1383 3382 oret,
1418 3319 1598 3374 adhuc
1648 3322 1753 3375 sub
1786 3328 2052 3389 potestate
2103 3323 2259 3376 mali-

676 3412 769 3482 gni
820 3422 925 3474 est,
951 3420 1005 3467 et
1028 3411 1535 3468 reconciliationem
1577 3413 1738 3466 istam
1772 3427 1896 3468 ante
1933 3415 2175 3483 psalmos
2205 3424 2259 3467 et

677 3505 956 3561 orationes
986 3513 1169 3574 petere
1205 3514 1451 3575 oportet;
1491 3506 1696 3575 alioqui
1727 3521 1851 3575 spes
1882 3507 2074 3562 salutis
2111 3508 2257 3561 nulla

678 3604 952 3666 superest.
977 3594 1195 3658 Errant,
1215 3595 1307 3666 qui
1335 3604 1627 3666 antequam
1656 3612 1714 3652 se
1739 3596 1848 3651 Deo
1876 3599 2256 3661 reconcilient,

678 3696 910 3755 canunt,
965 3702 1029 3742 ac
1063 3687 1325 3756 psallunt,
1375 3695 1430 3743 et
1483 3703 1648 3743 voces
1705 3688 1759 3741 in
1812 3702 1992 3742 aerem
2054 3688 2257 3743 frustra

674 3781 905 3849 iactant,
961 3778 1242 3851 Deumque
1269 3779 1337 3833 ad
1363 3780 1497 3833 iram
1531 3791 1850 3849 provocant.
1873 3782 2072 3837 Avertit
2105 3781 2249 3836 enim

679 3874 750 3927 ab
777 3873 908 3942 ipsis
938 3872 1130 3927 faciem
1178 3886 1359 3930 suam.
1420 3872 1618 3926 Et-ore
1666 3874 1885 3942 quidem
1936 3875 2255 3944 psallentes,

678 3970 865 4017 mente
893 3968 949 4016 et
985 3961 1321 4031 cogitatione
1348 3961 1403 4015 in
1439 3961 1604 4016 rebus
1633 3963 1921 4019 diabolicis
1946 3975 2254 4022 versantur.

678 4055 803 4110 Non
840 4054 1002 4125 igitur
1049 4055 1166 4108 sola
1215 4052 1451 4123 ieiunia,
1508 4068 1719 4122 preces,
1769 4064 1824 4109 et
1899 4056 2259 4128 eleemosyna:

680 4146 1025 4202 sanctitatem
1078 4144 1497 4212 libertatemque
1556 4144 1770 4211 pariunt
1814 4161 1827 4197 :
1861 4145 1957 4199 sed
1986 4154 2112 4199 ante
2143 4146 2258 4198 hate

679 4240 838 4301 ﬁdes,
878 4245 934 4293 ct
959 4237 1205 4307 cognitio
1253 4234 1396 4306 eius,
1454 4236 1546 4303 qui
1604 4236 1836 4291 liberare
1875 4246 2077 4306 potest,
2118 4237 2257 4291 divi-

681 4346 877 4385 norum
908 4330 1324 4401 mysteriorum,
1356 4342 1553 4396 nempe
1599 4329 1933 4382 immaculati
1986 4331 2255 4396 corporis,

678 4434 737 4477 et
767 4422 1055 4491 sanguinis
1104 4419 1316 4475 Domini
1392 4419 1547 4484 Jesu,
1601 4434 1664 4475 ac
1720 4419 1809 4471 1)θί
1865 4420 2258 4488 omnipotentis

678 4512 1106 4569 communicatio
1160 4529 1175 4565 :
1228 4510 1335 4575 Qui
1415 4512 1543 4564 dicit
1621 4511 1698 4563 Itis
1753 4511 1841 4580 qui
1896 4512 2054 4564 vincti
2112 4522 2259 4574 sunt,

2364 3347 2471 3386 non
2508 3330 2696 3396 utique
2740 3322 3170 3378 czecutivissent.
3224 3316 3291 3369 Et
3344 3320 3639 3384 postquam
3693 3304 3936 3361 instituti

2362 3422 2589 3485 fuerint,
2616 3414 3086 3481 crediderintque,
3111 3408 3382 3463 videbunt
3419 3402 3668 3462 omnino,
3708 3408 3940 3469 totoque

2362 3514 2558 3568 affectu
2618 3506 2982 3576 pcenitebunt,
3045 3506 3355 3555 metuentes
3398 3494 3666 3565 iudicium
3716 3489 3836 3550 Dei,
3884 3497 3942 3541 et

2363 3602 2695 3674 aspicientes
2730 3610 2852 3666 quae
2882 3601 2978 3648 aut
3009 3590 3212 3659 turpia,
3242 3595 3338 3642 aut
3378 3598 3634 3655 perversa
3681 3580 3942 3649 designa-

2363 3698 2475 3753 rint
2509 3694 2725 3762 sibique
2755 3690 3167 3758 persuadentes,
3203 3679 3353 3736 mille
3387 3677 3655 3747 supplicia
3687 3689 3746 3729 se
3775 3686 3938 3726 com-

2363 3786 2653 3843 meruisse.
2689 3780 2917 3849 Turpia,
2953 3785 3013 3830 nt
3039 3775 3350 3842 voluptates
3378 3784 3442 3824 ac
3476 3766 3767 3828 libidines;
3806 3770 3937 3830 per-

2361 3892 2541 3942 versa,
2575 3884 2636 3928 ut
2672 3872 2959 3925 avaritiam
2982 3909 2998 3933 ,
3050 3864 3405 3935 iniustitiam,
3437 3860 3644 3915 dolum.
3691 3857 3757 3910 Et
3796 3868 3942 3921 quo-

2361 3976 2508 4026 niam
2542 3968 2722 4024 omnis
2752 3964 3029 4035 pmnitens
3060 3956 3403 4019 humiliatur,
3434 3953 3561 4007 huic
3613 3950 3784 4012 Deus,
3817 3960 3943 4001 tan-

2361 4078 2524 4134 quam
2571 4059 2787 4119 humili,
2828 4057 2923 4109 dat
2956 4052 3212 4123 gratiam,
3265 4057 3326 4102 ut
3376 4053 3431 4100 et
3481 4044 3817 4112 voluptates,
3888 4046 3946 4091 et

2362 4157 2660 4226 pravitates
2688 4147 2891 4213 oderit,
2925 4155 3247 4212 semperque
3291 4135 3730 4192 imbecillitatem
3776 4147 3939 4184 suam

2362 4253 2646 4319 agnoscat,
2693 4256 2804 4310 quo
2853 4254 3042 4295 eorum
3080 4237 3255 4290 vicem
3305 4231 3507 4294 doleat,
3550 4228 3641 4297 qui
3690 4225 3947 4280 similiter

2360 4340 2577 4394 vitiosis
2622 4334 3004 4389 affectionibus
3034 4330 3308 4391 laborant,
3355 4332 3413 4378 et
3463 4323 3707 4375 animum
3757 4317 3941 4369 aliena

2365 4429 2715 4499 incommoda
2758 4424 3081 4480 sentientem
3122 4425 3294 4485 gerat,
3349 4414 3797 4477 offendentesque
3833 4423 3943 4461 non

2363 4525 2712 4583 condemnet,
2762 4527 2814 4573 et
2873 4517 2945 4569 sit
2998 4512 3145 4567 mitis
3194 4525 3256 4562 ac
3306 4510 3541 4577 patiens,
3590 4503 3947 4567 inveniatque

679 4607 855 4662 ‘35“:
886 4614 933 4658 εί
960 4605 1040 4657 ¹¹ί⁸
1069 4603 1162 4673 συί
1208 4603 1264 4655 ίη
1300 4602 1554 4668 ιεηοδνίεν
1605 4604 1911 4657 τευείαηιδηὶ
1943 4603 2007 4663 iii
2055 4617 2178 4655 “'"l
2215 4604 2261 4658 i5
2293 4595 2337 4648 Ῐ)
2368 4619 2563 4672 anima:
2591 4628 2704 4669 sua!
2735 4609 3004 4678 requiem,
3033 4612 3087 4658 et
3116 4604 3194 4655 sic
3216 4600 3403 4655 Cantet
3427 4596 3651 4651 Domino
3674 4592 3947 4645 canticum

679 4697 773 4764 qui
829 4696 1224 4758 communicat,
1249 4698 1431 4748 anima
1460 4703 1509 4747 et
1543 4708 1774 4761 corpore
1806 4693 1880 4747 illi
1910 4694 2260 4763 coniungitur

682 4805 744 4847 ac
776 4790 1059 4850 miscetur,
1121 4788 1285 4855 inque
1317 4785 1539 4839 divinan
1578 4794 1826 4839 naturam
1863 4793 2257 4838 commutatur.

682 4879 800 4937 Alia
838 4880 929 4931 via
986 4876 1198 4937 fidelem
1235 4876 1456 4936 salvari,
1498 4884 1550 4929 et
1587 4875 1966 4930 remissionem
2008 4888 2259 4943 peccato-

681 4983 806 5024 sum
865 4966 1140 5035 accipere,
1182 4965 1513 5034 cmlesteque
1568 4979 1792 5031 regnum
1852 4964 2103 5019 obtinere
2161 4968 2259 5020 im-

682 5062 946 5133 possibile
982 5068 1088 5122 est,
1123 5058 1227 5115 nisi
1269 5071 1394 5114 cum
1445 5059 1640 5111 timore
1677 5069 1732 5110 et
1770 5067 2010 5112 tremore
2052 5069 2259 5128 ntystc-

683 5157 894 5210 riorum
929 5151 1207 5221 corporis,
1272 5157 1330 5203 et
1393 5147 1678 5217 sanguinis
1729 5146 1931 5200 (ἶΙιΓῘπιί
1986 5150 2259 5215 ῃπτιίουρε

687 5250 806 5303 nat.
868 5244 1013 5304 Deus
1043 5250 1224 5297 autem
1251 5240 1528 5310 quomodo
1582 5249 1747 5307 queat
1778 5256 1901 5292 esse
1936 5255 2148 5303 servus,
2172 5250 2265 5293 aut

686 5344 958 5409 impurus,
988 5344 1082 5391 aut
1114 5348 1238 5389 cum
1262 5333 1515 5388 facultate
1534 5313 1714 5399 aiiqna
1745 5331 2001 5398 peccandi
2030 5333 2050 5382 ἲ
2090 5332 2145 5383 1η
2180 5333 2262 5386 his

689 5434 837 5484 enim
889 5427 1223 5492 relinquere,
1257 5420 1639 5479 sanctimoniae
1687 5420 1921 5473 tltltiSs‘iO
1961 5434 2035 5474 est
2078 5441 2087 5473 :
2126 5425 2263 5476 amis

689 5530 773 5579 sio
818 5530 1000 5579 autem
1034 5535 1101 5575 ex
1129 5516 1475 5588 arrogantia;
1513 5515 1826 5583 arrogantia
1850 5530 1914 5568 ex
1951 5517 2261 5578 oblivione;

691 5617 897 5673 oblivio
934 5630 1000 5670 ex
1028 5621 1387 5681 contemptu;
1417 5622 1564 5671 cum,
1614 5607 1709 5676 qui
1756 5607 1922 5661 semel
1956 5607 2263 5661 sanctiﬁcav

767 5819 810 5849 ”
847 5816 987 5871 Psal.
1027 5832 1080 5879 ι..
1118 5815 1206 5870 i9.

688 5892 788 5957 15.
867 5890 909 5921 δ’
945 5887 1083 5947 Ibid.
1133 5886 1216 5941 Η.

1286 5813 1329 5845 ⁵³
1362 5812 1465 5867 lsa.
1495 5827 1639 5874 sua,
1682 5810 1731 5863 9.

1294 5886 1339 5918 '°
1381 5882 1522 5939 Psal.
1559 5896 1745 5948 naut,
1776 5879 1827 5941 4,

1813 5810 1856 5839 δ’
1890 5808 2033 5865 Psal.
2067 5824 2263 5873 casu,
2309 5812 2395 5864 Ἦ.

2369 4722 2578 4767 novum,
2614 4715 2826 4754 carmen
2860 4697 2964 4749 Deo
3004 4702 3187 4746 nostra
3222 4691 3290 4751 δι’,
3317 4702 3439 4756 qua:
3472 4692 3554 4740 est
3586 4699 3651 4737 ex
3692 4694 3835 4750 puro
3890 4686 3947 4729 ct

2366 4796 2601 4852 contrito
2623 4791 2787 4844 corde
2804 4788 3100 4858 gratiarum
3126 4783 3288 4836 actio.
3308 4780 3415 4834 Cor
3449 4778 3594 4831 enim
3639 4775 3945 4827 contritum

2366 4899 2419 4941 et
2484 4885 2856 4942 humiliatum,
2897 4886 2980 4933 est
3033 4890 3229 4945 purum
3269 4886 3365 4924 cor
3404 4887 3420 4924 :
3462 4866 3605 4937 quod
3660 4865 3706 4917 si
3760 4863 3946 4916 desit.

2369 4976 2545 5030 omnis
2577 4969 3019 5041 alia'psalmodia
3048 4966 3189 5020 nihil
3222 4965 3385 5016 valet.
3416 4959 3547 5013 Nam
3575 4956 3667 5026 qui
3702 4954 3812 5007 Deo
3845 4954 3951 5005 hoc

2370 5068 2530 5122 modo
2556 5081 2662 5119 non
2690 5063 2892 5133 psallit,
2922 5074 3032 5114 non
3073 5065 3253 5128 potest
3288 5055 3545 5124 psallere,
3576 5048 3679 5102 etsi
3713 5046 3947 5099 multum

2372 5159 2582 5213 sudarit
2617 5174 2629 5208 :
2662 5157 2754 5209 sed
2809 5155 2989 5223 lingua
3052 5150 3319 5217 loquitur,
3361 5147 3547 5199 animo
3611 5147 3796 5193 autem
3854 5137 3948 5189 illa

2372 5250 2603 5311 volutat,
2630 5262 2748 5313 quze
2783 5245 2951 5297 Deum
3006 5242 3241 5301 irritant,
3287 5237 3518 5304 eiusque
3570 5232 3706 5286 iram
3749 5236 3946 5283 contra

2375 5343 2552 5408 ipsum
2599 5338 2928 5392 accendunt.
2982 5336 3351 5400 Quapmpter,
3400 5324 3679 5395 quomodo
3731 5322 3949 5389 quzevis

2374 5440 2623 5483 creatura
2673 5426 3027 5496 aspectabilis
3080 5438 3295 5492 semper
3339 5422 3512 5475 lucem
3563 5415 3841 5487 postulat,
3892 5422 3954 5464 ut

2377 5524 2643 5584 videatur,
2680 5522 2750 5575 ita
2782 5521 2962 5573 omnis
2992 5534 3116 5587 qua:
3154 5513 3455 5570 intellectui
3494 5518 3642 5579 patet
3668 5518 3953 5565 creatura,

2378 5624 2586 5677 semper
2622 5611 2794 5662 lucem
2842 5611 2942 5663 sui:
2971 5623 3191 5661 sensum
3221 5622 3330 5658 non
3364 5603 3646 5656 cadentem
3688 5597 3951 5666 requirit,

3606 5802 3647 5830 ”
3692 5797 3857 5853 Ecdi.
3890 5813 3943 5861 ι.

2478 5812 2519 5841 ’⁸⁸
2556 5810 2675 5868 Psal
2734 5825 2918 5865 csum.
2964 5809 3049 5862 fil.
3134 5808 3171 5838 ’⁸⁷
3203 5805 3317 5861 .lac.
3364 5820 3437 5869 tv,
3471 5802 3524 5858 6.
