  <div class='ocr_page' id='page_1' title='image "/cluster/home/n/w/nwhite01/storage/ocr_20150623/120/nnc1.0046979972/186.png"; bbox 0 0 4188 6436; ppageno 0'>
   <div class='ocr_carea' id='block_1_1' title="bbox 198 462 308 527">
    <p class='ocr_par' dir='ltr' id='par_1_1' title="bbox 198 462 308 527">
     <span class='ocr_line' id='line_1_1' title="bbox 198 462 308 527; baseline 0.018 -3"><span class='ocrx_word' id='word_1_1' title='bbox 198 462 308 527; x_wconf 71' lang='grc'><strong>373</strong></span> 
     </span>
    </p>
   </div>
   <div class='ocr_carea' id='block_1_2' title="bbox 1575 462 2078 531">
    <p class='ocr_par' dir='ltr' id='par_1_2' title="bbox 1575 462 2078 531">
     <span class='ocr_line' id='line_1_2' title="bbox 1575 462 2078 531; baseline 0.016 -9"><span class='ocrx_word' id='word_1_2' title='bbox 1575 462 1861 524; x_wconf 72' lang='lat' dir='ltr'><strong>ORATIO</strong></span> <span class='ocrx_word' id='word_1_3' title='bbox 1903 466 2078 531; x_wconf 69' lang='lat' dir='ltr'><strong>XIII.</strong></span> 
     </span>
    </p>
   </div>
   <div class='ocr_carea' id='block_1_3' title="bbox 3365 470 3475 537">
    <p class='ocr_par' dir='ltr' id='par_1_3' title="bbox 3365 470 3475 537">
     <span class='ocr_line' id='line_1_3' title="bbox 3365 470 3475 537; baseline -0.036 0"><span class='ocrx_word' id='word_1_4' title='bbox 3365 470 3475 537; x_wconf 72' lang='grc'><strong>374</strong></span> 
     </span>
    </p>
   </div>
   <div class='ocr_carea' id='block_1_4' title="bbox 202 570 3475 653">
    <p class='ocr_par' dir='ltr' id='par_1_4' title="bbox 202 570 3475 653">
     <span class='ocr_line' id='line_1_4' title="bbox 202 570 3475 653; baseline 0.005 -28"><span class='ocrx_word' id='word_1_5' title='bbox 202 586 257 626; x_wconf 87' lang='grc' dir='ltr'><strong>ιιι</strong></span> <span class='ocrx_word' id='word_1_6' title='bbox 292 570 821 643; x_wconf 73' lang='lat' dir='ltr'><strong>comprehendatur.</strong></span> <span class='ocrx_word' id='word_1_7' title='bbox 872 572 937 627; x_wconf 82' lang='lat' dir='ltr'><strong>Et</strong></span> <span class='ocrx_word' id='word_1_8' title='bbox 984 571 1128 627; x_wconf 85' lang='lat' dir='ltr'><strong>sicut</strong></span> <span class='ocrx_word' id='word_1_9' title='bbox 1169 574 1295 643; x_wconf 82' lang='lat' dir='ltr'><strong>quis</strong></span> <span class='ocrx_word' id='word_1_10' title='bbox 1327 574 1394 628; x_wconf 89' lang='lat' dir='ltr'><strong>de</strong></span> <span class='ocrx_word' id='word_1_11' title='bbox 1428 574 1616 630; x_wconf 88' lang='lat' dir='ltr'><strong>multis</strong></span> <span class='ocrx_word' id='word_1_12' title='bbox 1654 590 1796 645; x_wconf 77' lang='lat' dir='ltr'><strong>prae-</strong></span> <span class='ocrx_word' id='word_1_13' title='bbox 1828 580 1871 635; x_wconf 80' lang='grc' dir='ltr'><strong>Λ</strong></span> <span class='ocrx_word' id='word_1_14' title='bbox 1904 588 1957 633; x_wconf 80' lang='lat' dir='ltr'><strong>rt</strong></span> <span class='ocrx_word' id='word_1_15' title='bbox 1989 580 2043 633; x_wconf 91' lang='lat' dir='ltr'><strong>in</strong></span> <span class='ocrx_word' id='word_1_16' title='bbox 2078 588 2330 635; x_wconf 88' lang='lat' dir='ltr'><strong>naturam</strong></span> <span class='ocrx_word' id='word_1_17' title='bbox 2367 587 2610 638; x_wconf 83' lang='lat' dir='ltr'><strong>nostram</strong></span> <span class='ocrx_word' id='word_1_18' title='bbox 2638 581 2987 653; x_wconf 86' lang='lat' dir='ltr'><strong>depravatam</strong></span> <span class='ocrx_word' id='word_1_19' title='bbox 3029 583 3334 640; x_wconf 87' lang='lat' dir='ltr'><strong>libertatem</strong></span> <span class='ocrx_word' id='word_1_20' title='bbox 3370 600 3475 640; x_wconf 88' lang='lat' dir='ltr'><strong>na-</strong></span> 
     </span>
    </p>
   </div>
   <div class='ocr_carea' id='block_1_5' title="bbox 201 663 1789 727">
    <p class='ocr_par' dir='ltr' id='par_1_5' title="bbox 201 663 1789 727">
     <span class='ocr_line' id='line_1_5' title="bbox 201 663 1789 727; baseline 0.003 -10"><span class='ocrx_word' id='word_1_21' title='bbox 201 664 370 719; x_wconf 81' lang='lat' dir='ltr'><strong>claris</strong></span> <span class='ocrx_word' id='word_1_22' title='bbox 414 663 772 727; x_wconf 80' lang='lat' dir='ltr'><strong>facinoribus,</strong></span> <span class='ocrx_word' id='word_1_23' title='bbox 815 675 869 719; x_wconf 91' lang='lat' dir='ltr'><strong>et</strong></span> <span class='ocrx_word' id='word_1_24' title='bbox 915 664 1234 719; x_wconf 79' lang='lat' dir='ltr'><strong>actionibus</strong></span> <span class='ocrx_word' id='word_1_25' title='bbox 1279 665 1398 721; x_wconf 83' lang='lat' dir='ltr'><strong>suis</strong></span> <span class='ocrx_word' id='word_1_26' title='bbox 1451 666 1635 722; x_wconf 84' lang='lat' dir='ltr'><strong>dicere</strong></span> <span class='ocrx_word' id='word_1_27' title='bbox 1680 684 1789 723; x_wconf 85' lang='lat' dir='ltr'><strong>non</strong></span> 
     </span>
    </p>
   </div>
   <div class='ocr_carea' id='block_1_6' title="bbox 203 758 1789 829">
    <p class='ocr_par' dir='ltr' id='par_1_6' title="bbox 203 758 1789 829">
     <span class='ocr_line' id='line_1_6' title="bbox 203 758 1789 829; baseline 0.004 -21"><span class='ocrx_word' id='word_1_28' title='bbox 203 766 411 825; x_wconf 86' lang='lat' dir='ltr'><strong>potest.</strong></span> <span class='ocrx_word' id='word_1_29' title='bbox 457 768 646 823; x_wconf 80' lang='lat' dir='ltr'><strong>tmrtu,</strong></span> <span class='ocrx_word' id='word_1_30' title='bbox 684 766 739 812; x_wconf 92' lang='lat' dir='ltr'><strong>et</strong></span> <span class='ocrx_word' id='word_1_31' title='bbox 772 759 893 813; x_wconf 85' lang='lat' dir='ltr'><strong>sine</strong></span> <span class='ocrx_word' id='word_1_32' title='bbox 940 758 1150 813; x_wconf 90' lang='lat' dir='ltr'><strong>lumine</strong></span> <span class='ocrx_word' id='word_1_33' title='bbox 1182 759 1284 813; x_wconf 90' lang='lat' dir='ltr'><strong>feci</strong></span> <span class='ocrx_word' id='word_1_34' title='bbox 1317 776 1330 814; x_wconf 94' lang='lat'>:</span> <span class='ocrx_word' id='word_1_35' title='bbox 1372 760 1452 815; x_wconf 89' lang='lat' dir='ltr'><strong>sic</strong></span> <span class='ocrx_word' id='word_1_36' title='bbox 1482 775 1661 829; x_wconf 87' lang='lat' dir='ltr'><strong>neque</strong></span> <span class='ocrx_word' id='word_1_37' title='bbox 1694 761 1789 829; x_wconf 87' lang='lat' dir='ltr'><strong>qui</strong></span> 
     </span>
    </p>
   </div>
   <div class='ocr_carea' id='block_1_7' title="bbox 202 849 1789 919">
    <p class='ocr_par' dir='ltr' id='par_1_7' title="bbox 202 849 1789 919">
     <span class='ocr_line' id='line_1_7' title="bbox 202 849 1789 919; baseline 0.004 -18"><span class='ocrx_word' id='word_1_38' title='bbox 202 852 374 903; x_wconf 71' lang='lat' dir='ltr'><strong>vitam</strong></span> <span class='ocrx_word' id='word_1_39' title='bbox 427 849 538 905; x_wconf 91' lang='lat' dir='ltr'><strong>Deo</strong></span> <span class='ocrx_word' id='word_1_40' title='bbox 584 852 888 919; x_wconf 76' lang='lat' dir='ltr'><strong>placentem</strong></span> <span class='ocrx_word' id='word_1_41' title='bbox 935 851 1129 919; x_wconf 82' lang='lat' dir='ltr'><strong>egerit,</strong></span> <span class='ocrx_word' id='word_1_42' title='bbox 1176 851 1362 905; x_wconf 81' lang='lat' dir='ltr'><strong>dicere</strong></span> <span class='ocrx_word' id='word_1_43' title='bbox 1402 852 1584 919; x_wconf 88' lang='lat' dir='ltr'><strong>quibit</strong></span> <span class='ocrx_word' id='word_1_44' title='bbox 1614 892 1627 913; x_wconf 92' lang='lat'><strong>,</strong></span> <span class='ocrx_word' id='word_1_45' title='bbox 1670 854 1789 908; x_wconf 82' lang='lat' dir='ltr'><strong>sine</strong></span> 
     </span>
    </p>
   </div>
   <div class='ocr_carea' id='block_1_8' title="bbox 203 941 1789 1009">
    <p class='ocr_par' dir='ltr' id='par_1_8' title="bbox 203 941 1789 1009">
     <span class='ocr_line' id='line_1_8' title="bbox 203 941 1789 1009; baseline 0.004 -17"><span class='ocrx_word' id='word_1_46' title='bbox 203 943 433 1005; x_wconf 85' lang='lat' dir='ltr'><strong>lumine,</strong></span> <span class='ocrx_word' id='word_1_47' title='bbox 468 944 613 1009; x_wconf 91' lang='lat' dir='ltr'><strong>quod</strong></span> <span class='ocrx_word' id='word_1_48' title='bbox 646 943 698 995; x_wconf 91' lang='lat' dir='ltr'><strong>in</strong></span> <span class='ocrx_word' id='word_1_49' title='bbox 734 941 1152 1008; x_wconf 81' lang='lat' dir='ltr'><strong>intelligentiam</strong></span> <span class='ocrx_word' id='word_1_50' title='bbox 1183 943 1350 1005; x_wconf 82' lang='lat' dir='ltr'><strong>cadit,</strong></span> <span class='ocrx_word' id='word_1_51' title='bbox 1378 942 1502 997; x_wconf 89' lang='lat' dir='ltr'><strong>feci.</strong></span> <span class='ocrx_word' id='word_1_52' title='bbox 1534 944 1587 996; x_wconf 90' lang='lat' dir='ltr'><strong>Si</strong></span> <span class='ocrx_word' id='word_1_53' title='bbox 1618 959 1789 999; x_wconf 86' lang='lat' dir='ltr'><strong>ausus</strong></span> 
     </span>
    </p>
   </div>
   <div class='ocr_carea' id='block_1_9' title="bbox 202 1030 1787 1101">
    <p class='ocr_par' dir='ltr' id='par_1_9' title="bbox 202 1030 1787 1101">
     <span class='ocr_line' id='line_1_9' title="bbox 202 1030 1787 1101; baseline 0.003 -20"><span class='ocrx_word' id='word_1_54' title='bbox 202 1032 389 1091; x_wconf 74' lang='lat' dir='ltr'><strong>fuerit,</strong></span> <span class='ocrx_word' id='word_1_55' title='bbox 431 1032 668 1085; x_wconf 76' lang='lat' dir='ltr'><strong>mendax</strong></span> <span class='ocrx_word' id='word_1_56' title='bbox 697 1040 802 1095; x_wconf 88' lang='lat' dir='ltr'><strong>est,</strong></span> <span class='ocrx_word' id='word_1_57' title='bbox 837 1042 891 1085; x_wconf 91' lang='lat' dir='ltr'><strong>et</strong></span> <span class='ocrx_word' id='word_1_58' title='bbox 915 1032 1063 1086; x_wconf 82' lang='lat' dir='ltr'><strong>ﬁlius</strong></span> <span class='ocrx_word' id='word_1_59' title='bbox 1098 1030 1301 1086; x_wconf 84' lang='lat' dir='ltr'><strong>diaboli</strong></span> <span class='ocrx_word' id='word_1_60' title='bbox 1346 1048 1359 1085; x_wconf 90' lang='lat'><strong>:</strong></span> <span class='ocrx_word' id='word_1_61' title='bbox 1410 1047 1509 1087; x_wconf 88' lang='lat' dir='ltr'><strong>nec</strong></span> <span class='ocrx_word' id='word_1_62' title='bbox 1544 1034 1787 1101; x_wconf 89' lang='lat' dir='ltr'><strong>seipsum</strong></span> 
     </span>
    </p>
   </div>
   <div class='ocr_carea' id='block_1_10' title="bbox 200 1124 1790 1194">
    <p class='ocr_par' dir='ltr' id='par_1_10' title="bbox 200 1124 1790 1194">
     <span class='ocr_line' id='line_1_10' title="bbox 200 1124 1790 1194; baseline 0.004 -21"><span class='ocrx_word' id='word_1_63' title='bbox 200 1124 501 1194; x_wconf 74' lang='lat' dir='ltr'><strong>aliquando</strong></span> <span class='ocrx_word' id='word_1_64' title='bbox 526 1134 610 1179; x_wconf 89' lang='lat' dir='ltr'><strong>est</strong></span> <span class='ocrx_word' id='word_1_65' title='bbox 637 1127 1063 1194; x_wconf 80' lang='lat' dir='ltr'><strong>contemplatus,</strong></span> <span class='ocrx_word' id='word_1_66' title='bbox 1095 1140 1196 1180; x_wconf 89' lang='lat' dir='ltr'><strong>nec</strong></span> <span class='ocrx_word' id='word_1_67' title='bbox 1234 1126 1377 1179; x_wconf 80' lang='lat' dir='ltr'><strong>viam</strong></span> <span class='ocrx_word' id='word_1_68' title='bbox 1410 1125 1500 1180; x_wconf 91' lang='lat' dir='ltr'><strong>Dei</strong></span> <span class='ocrx_word' id='word_1_69' title='bbox 1543 1126 1790 1181; x_wconf 90' lang='lat' dir='ltr'><strong>ambula-</strong></span> 
     </span>
    </p>
   </div>
   <div class='ocr_carea' id='block_1_11' title="bbox 200 1216 1788 1288">
    <p class='ocr_par' dir='ltr' id='par_1_11' title="bbox 200 1216 1788 1288">
     <span class='ocr_line' id='line_1_11' title="bbox 200 1216 1788 1288; baseline 0.005 -23"><span class='ocrx_word' id='word_1_70' title='bbox 200 1216 283 1269; x_wconf 79' lang='lat' dir='ltr'><strong>vit</strong></span> <span class='ocrx_word' id='word_1_71' title='bbox 314 1217 563 1271; x_wconf 84' lang='lat' dir='ltr'><strong>omnino.</strong></span> <span class='ocrx_word' id='word_1_72' title='bbox 607 1216 762 1271; x_wconf 84' lang='lat' dir='ltr'><strong>Unde</strong></span> <span class='ocrx_word' id='word_1_73' title='bbox 814 1219 1082 1287; x_wconf 85' lang='lat' dir='ltr'><strong>scriptum</strong></span> <span class='ocrx_word' id='word_1_74' title='bbox 1113 1227 1195 1274; x_wconf 82' lang='lat' dir='ltr'><strong>est</strong></span> <span class='ocrx_word' id='word_1_75' title='bbox 1228 1235 1241 1272; x_wconf 93' lang='lat'><strong>:</strong></span> <span class='ocrx_word' id='word_1_76' title='bbox 1274 1216 1375 1283; x_wconf 84' lang='lat' dir='ltr'><strong>Qui</strong></span> <span class='ocrx_word' id='word_1_77' title='bbox 1404 1218 1690 1288; x_wconf 83' lang='lat' dir='ltr'><strong>gloriatur,</strong></span> <span class='ocrx_word' id='word_1_78' title='bbox 1735 1221 1788 1273; x_wconf 84' lang='lat' dir='ltr'><strong>in</strong></span> 
     </span>
    </p>
   </div>
   <div class='ocr_carea' id='block_1_12' title="bbox 202 1308 819 1379">
    <p class='ocr_par' dir='ltr' id='par_1_12' title="bbox 202 1308 819 1379">
     <span class='ocr_line' id='line_1_12' title="bbox 202 1308 819 1379; baseline 0.01 -20"><span class='ocrx_word' id='word_1_79' title='bbox 202 1308 433 1360; x_wconf 47' lang='lat' dir='ltr'><strong>Durniuo</strong></span> <span class='ocrx_word' id='word_1_80' title='bbox 462 1310 719 1379; x_wconf 79' lang='lat' dir='ltr'><strong>glorietur</strong></span> <span class='ocrx_word' id='word_1_81' title='bbox 748 1312 819 1365; x_wconf 83' lang='grc'><strong>⁸¹.</strong></span> 
     </span>
    </p>
   </div>
   <div class='ocr_carea' id='block_1_13' title="bbox 270 1400 1790 1474">
    <p class='ocr_par' dir='ltr' id='par_1_13' title="bbox 270 1400 1790 1474">
     <span class='ocr_line' id='line_1_13' title="bbox 270 1400 1790 1474; baseline 0.005 -20"><span class='ocrx_word' id='word_1_82' title='bbox 270 1400 546 1456; x_wconf 65' lang='lat' dir='ltr'><strong>Craterum</strong></span> <span class='ocrx_word' id='word_1_83' title='bbox 579 1404 833 1459; x_wconf 85' lang='lat' dir='ltr'><strong>attendas</strong></span> <span class='ocrx_word' id='word_1_84' title='bbox 865 1415 1104 1474; x_wconf 87' lang='lat' dir='ltr'><strong>oportet,</strong></span> <span class='ocrx_word' id='word_1_85' title='bbox 1129 1423 1161 1461; x_wconf 92' lang='grc' dir='ltr'>ο</span> <span class='ocrx_word' id='word_1_86' title='bbox 1188 1406 1492 1461; x_wconf 85' lang='lat' dir='ltr'><strong>illuminate</strong></span> <span class='ocrx_word' id='word_1_87' title='bbox 1516 1423 1544 1461; x_wconf 91' lang='lat' dir='ltr'><strong>a</strong></span> <span class='ocrx_word' id='word_1_88' title='bbox 1568 1406 1790 1462; x_wconf 88' lang='lat' dir='ltr'><strong>Christo</strong></span> 
     </span>
    </p>
   </div>
   <div class='ocr_carea' id='block_1_14' title="bbox 200 1496 1787 1563">
    <p class='ocr_par' dir='ltr' id='par_1_14' title="bbox 200 1496 1787 1563">
     <span class='ocr_line' id='line_1_14' title="bbox 200 1496 1787 1563; baseline 0.009 -22"><span class='ocrx_word' id='word_1_89' title='bbox 200 1496 459 1563; x_wconf 77' lang='lat' dir='ltr'><strong>desuper,</strong></span> <span class='ocrx_word' id='word_1_90' title='bbox 492 1511 558 1550; x_wconf 92' lang='lat' dir='ltr'><strong>ne</strong></span> <span class='ocrx_word' id='word_1_91' title='bbox 588 1496 728 1552; x_wconf 86' lang='lat' dir='ltr'><strong>forte</strong></span> <span class='ocrx_word' id='word_1_92' title='bbox 752 1497 877 1552; x_wconf 81' lang='lat' dir='ltr'><strong>inde</strong></span> <span class='ocrx_word' id='word_1_93' title='bbox 903 1499 1130 1554; x_wconf 88' lang='lat' dir='ltr'><strong>veniens</strong></span> <span class='ocrx_word' id='word_1_94' title='bbox 1164 1510 1216 1555; x_wconf 89' lang='lat' dir='ltr'><strong>te</strong></span> <span class='ocrx_word' id='word_1_95' title='bbox 1240 1500 1407 1555; x_wconf 78' lang='lat' dir='ltr'><strong>lateat</strong></span> <span class='ocrx_word' id='word_1_96' title='bbox 1436 1501 1787 1563; x_wconf 85' lang='lat' dir='ltr'><strong>illuminatio,</strong></span> 
     </span>
    </p>
   </div>
   <div class='ocr_carea' id='block_1_15' title="bbox 200 1587 1790 1660">
    <p class='ocr_par' dir='ltr' id='par_1_15' title="bbox 200 1587 1790 1660">
     <span class='ocr_line' id='line_1_15' title="bbox 200 1587 1790 1660; baseline 0.007 -23"><span class='ocrx_word' id='word_1_97' title='bbox 200 1600 326 1637; x_wconf 87' lang='lat' dir='ltr'><strong>cum</strong></span> <span class='ocrx_word' id='word_1_98' title='bbox 357 1587 430 1640; x_wconf 89' lang='lat' dir='ltr'><strong>sit</strong></span> <span class='ocrx_word' id='word_1_99' title='bbox 462 1590 702 1651; x_wconf 55' lang='lat' dir='ltr'><strong>occulta,</strong></span> <span class='ocrx_word' id='word_1_100' title='bbox 740 1589 950 1659; x_wconf 89' lang='lat' dir='ltr'><strong>tibique</strong></span> <span class='ocrx_word' id='word_1_101' title='bbox 985 1606 1107 1644; x_wconf 87' lang='lat' dir='ltr'><strong>eam</strong></span> <span class='ocrx_word' id='word_1_102' title='bbox 1137 1601 1196 1645; x_wconf 92' lang='lat' dir='ltr'><strong>ut</strong></span> <span class='ocrx_word' id='word_1_103' title='bbox 1233 1593 1530 1660; x_wconf 88' lang='lat' dir='ltr'><strong>propriam.</strong></span> <span class='ocrx_word' id='word_1_104' title='bbox 1566 1603 1619 1645; x_wconf 85' lang='lat' dir='ltr'><strong>et</strong></span> <span class='ocrx_word' id='word_1_105' title='bbox 1645 1610 1709 1647; x_wconf 78' lang='lat' dir='ltr'><strong>ex</strong></span> <span class='ocrx_word' id='word_1_106' title='bbox 1739 1602 1790 1648; x_wconf 91' lang='lat' dir='ltr'><strong>te</strong></span> 
     </span>
    </p>
   </div>
   <div class='ocr_carea' id='block_1_16' title="bbox 198 1682 1790 1751">
    <p class='ocr_par' dir='ltr' id='par_1_16' title="bbox 198 1682 1790 1751">
     <span class='ocr_line' id='line_1_16' title="bbox 198 1682 1790 1751; baseline 0.007 -25"><span class='ocrx_word' id='word_1_107' title='bbox 198 1688 382 1732; x_wconf 85' lang='lat' dir='ltr'><strong>ortam</strong></span> <span class='ocrx_word' id='word_1_108' title='bbox 411 1682 654 1736; x_wconf 88' lang='lat' dir='ltr'><strong>ascribas</strong></span> <span class='ocrx_word' id='word_1_109' title='bbox 680 1699 704 1737; x_wconf 82' lang='lat'><strong>~:</strong></span> <span class='ocrx_word' id='word_1_110' title='bbox 734 1682 963 1751; x_wconf 45' lang='lat' dir='ltr'><strong>’dloque</strong></span> <span class='ocrx_word' id='word_1_111' title='bbox 992 1683 1267 1739; x_wconf 81' lang='lat' dir='ltr'><strong>ali‘oculis</strong></span> <span class='ocrx_word' id='word_1_112' title='bbox 1299 1686 1409 1739; x_wconf 88' lang='lat' dir='ltr'><strong>tuis</strong></span> <span class='ocrx_word' id='word_1_113' title='bbox 1438 1686 1640 1746; x_wconf 87' lang='lat' dir='ltr'><strong>ablata,</strong></span> <span class='ocrx_word' id='word_1_114' title='bbox 1668 1702 1790 1740; x_wconf 71' lang='lat' dir='ltr'><strong>rur.</strong></span> 
     </span>
    </p>
   </div>
   <div class='ocr_carea' id='block_1_17' title="bbox 200 1772 1789 1845">
    <p class='ocr_par' dir='ltr' id='par_1_17' title="bbox 200 1772 1789 1845">
     <span class='ocr_line' id='line_1_17' title="bbox 200 1772 1789 1845; baseline 0.006 -24"><span class='ocrx_word' id='word_1_115' title='bbox 200 1786 323 1823; x_wconf 72' lang='lat' dir='ltr'><strong>sum</strong></span> <span class='ocrx_word' id='word_1_116' title='bbox 366 1781 421 1823; x_wconf 83' lang='lat' dir='ltr'><strong>te</strong></span> <span class='ocrx_word' id='word_1_117' title='bbox 465 1772 517 1827; x_wconf 91' lang='lat' dir='ltr'><strong>in</strong></span> <span class='ocrx_word' id='word_1_118' title='bbox 552 1774 791 1828; x_wconf 88' lang='lat' dir='ltr'><strong>tenebris</strong></span> <span class='ocrx_word' id='word_1_119' title='bbox 834 1774 1074 1831; x_wconf 81' lang='lat' dir='ltr'><strong>deserat.</strong></span> <span class='ocrx_word' id='word_1_120' title='bbox 1129 1774 1272 1830; x_wconf 73' lang='lat' dir='ltr'><strong>Dens</strong></span> <span class='ocrx_word' id='word_1_121' title='bbox 1327 1776 1475 1831; x_wconf 90' lang='lat' dir='ltr'><strong>enim</strong></span> <span class='ocrx_word' id='word_1_122' title='bbox 1537 1778 1632 1845; x_wconf 90' lang='lat' dir='ltr'><strong>qui</strong></span> <span class='ocrx_word' id='word_1_123' title='bbox 1684 1780 1789 1831; x_wconf 89' lang='lat' dir='ltr'><strong>sub</strong></span> 
     </span>
    </p>
   </div>
   <div class='ocr_carea' id='block_1_18' title="bbox 202 1867 1787 1937">
    <p class='ocr_par' dir='ltr' id='par_1_18' title="bbox 202 1867 1787 1937">
     <span class='ocr_line' id='line_1_18' title="bbox 202 1867 1787 1937; baseline 0.005 -22"><span class='ocrx_word' id='word_1_124' title='bbox 202 1873 493 1933; x_wconf 71' lang='lat' dir='ltr'><strong>aspectum</strong></span> <span class='ocrx_word' id='word_1_125' title='bbox 521 1882 625 1919; x_wconf 91' lang='lat' dir='ltr'><strong>non</strong></span> <span class='ocrx_word' id='word_1_126' title='bbox 657 1867 829 1929; x_wconf 87' lang='lat' dir='ltr'><strong>venit,</strong></span> <span class='ocrx_word' id='word_1_127' title='bbox 863 1867 1069 1920; x_wconf 88' lang='lat' dir='ltr'><strong>lumine</strong></span> <span class='ocrx_word' id='word_1_128' title='bbox 1100 1868 1337 1936; x_wconf 86' lang='lat' dir='ltr'><strong>quodam</strong></span> <span class='ocrx_word' id='word_1_129' title='bbox 1364 1868 1507 1922; x_wconf 89' lang='lat' dir='ltr'><strong>haud</strong></span> <span class='ocrx_word' id='word_1_130' title='bbox 1538 1880 1787 1937; x_wconf 68' lang='lat' dir='ltr'><strong>aspreta-</strong></span> 
     </span>
    </p>
   </div>
   <div class='ocr_carea' id='block_1_19' title="bbox 204 1958 1787 2030">
    <p class='ocr_par' dir='ltr' id='par_1_19' title="bbox 204 1958 1787 2030">
     <span class='ocr_line' id='line_1_19' title="bbox 204 1958 1787 2030; baseline 0 -18"><span class='ocrx_word' id='word_1_131' title='bbox 204 1960 299 2012; x_wconf 80' lang='lat' dir='ltr'><strong>biii</strong></span> <span class='ocrx_word' id='word_1_132' title='bbox 346 1958 622 2013; x_wconf 88' lang='lat' dir='ltr'><strong>illuminat</strong></span> <span class='ocrx_word' id='word_1_133' title='bbox 657 1976 669 2011; x_wconf 90' lang='lat'><strong>:</strong></span> <span class='ocrx_word' id='word_1_134' title='bbox 699 1969 755 2013; x_wconf 93' lang='lat' dir='ltr'><strong>et</strong></span> <span class='ocrx_word' id='word_1_135' title='bbox 802 1974 866 2014; x_wconf 85' lang='lat' dir='ltr'><strong>ea</strong></span> <span class='ocrx_word' id='word_1_136' title='bbox 922 1960 1255 2015; x_wconf 87' lang='lat' dir='ltr'><strong>illuminatio</strong></span> <span class='ocrx_word' id='word_1_137' title='bbox 1299 1961 1600 2030; x_wconf 87' lang='lat' dir='ltr'><strong>(quomodo</strong></span> <span class='ocrx_word' id='word_1_138' title='bbox 1659 1961 1787 2015; x_wconf 88' lang='lat' dir='ltr'><strong>item</strong></span> 
     </span>
    </p>
   </div>
   <div class='ocr_carea' id='block_1_20' title="bbox 208 2050 1791 2121">
    <p class='ocr_par' dir='ltr' id='par_1_20' title="bbox 208 2050 1791 2121">
     <span class='ocr_line' id='line_1_20' title="bbox 208 2050 1791 2121; baseline 0.001 -18"><span class='ocrx_word' id='word_1_139' title='bbox 208 2050 374 2115; x_wconf 76' lang='lat' dir='ltr'><strong>Dens)</strong></span> <span class='ocrx_word' id='word_1_140' title='bbox 412 2050 849 2118; x_wconf 76' lang='lat' dir='ltr'><strong>inaspectubilis,</strong></span> <span class='ocrx_word' id='word_1_141' title='bbox 877 2064 942 2104; x_wconf 78' lang='lat' dir='ltr'><strong>ex</strong></span> <span class='ocrx_word' id='word_1_142' title='bbox 972 2050 1181 2106; x_wconf 66' lang='lat' dir='ltr'><strong>effectis</strong></span> <span class='ocrx_word' id='word_1_143' title='bbox 1208 2051 1325 2105; x_wconf 89' lang='lat' dir='ltr'><strong>suis</strong></span> <span class='ocrx_word' id='word_1_144' title='bbox 1358 2052 1706 2121; x_wconf 87' lang='lat' dir='ltr'><strong>perspic&#39;tur.</strong></span> <span class='ocrx_word' id='word_1_145' title='bbox 1734 2052 1791 2105; x_wconf 89' lang='lat' dir='ltr'><strong>Si</strong></span> 
     </span>
    </p>
   </div>
   <div class='ocr_carea' id='block_1_21' title="bbox 202 2144 1790 2214">
    <p class='ocr_par' dir='ltr' id='par_1_21' title="bbox 202 2144 1790 2214">
     <span class='ocr_line' id='line_1_21' title="bbox 202 2144 1790 2214; baseline 0.003 -20"><span class='ocrx_word' id='word_1_146' title='bbox 202 2155 253 2194; x_wconf 83' lang='lat' dir='ltr'><strong>te</strong></span> <span class='ocrx_word' id='word_1_147' title='bbox 286 2144 553 2196; x_wconf 82' lang='lat' dir='ltr'><strong>humilem</strong></span> <span class='ocrx_word' id='word_1_148' title='bbox 599 2153 653 2197; x_wconf 87' lang='lat' dir='ltr'><strong>et</strong></span> <span class='ocrx_word' id='word_1_149' title='bbox 676 2144 971 2197; x_wconf 86' lang='lat' dir='ltr'><strong>contritum</strong></span> <span class='ocrx_word' id='word_1_150' title='bbox 1005 2145 1311 2214; x_wconf 72' lang='lat' dir='ltr'><strong>experiere,</strong></span> <span class='ocrx_word' id='word_1_151' title='bbox 1346 2161 1509 2213; x_wconf 89' lang='lat' dir='ltr'><strong>quam</strong></span> <span class='ocrx_word' id='word_1_152' title='bbox 1543 2147 1790 2210; x_wconf 76' lang='lat' dir='ltr'><strong>humilis,</strong></span> 
     </span>
    </p>
   </div>
   <div class='ocr_carea' id='block_1_22' title="bbox 204 2235 1792 2301">
    <p class='ocr_par' dir='ltr' id='par_1_22' title="bbox 204 2235 1792 2301">
     <span class='ocr_line' id='line_1_22' title="bbox 204 2235 1792 2301; baseline 0.002 -13"><span class='ocrx_word' id='word_1_153' title='bbox 204 2247 311 2288; x_wconf 65' lang='grc' dir='ltr'>ιειτιι</span> <span class='ocrx_word' id='word_1_154' title='bbox 359 2236 702 2289; x_wconf 88' lang='lat' dir='ltr'><strong>illuminatus</strong></span> <span class='ocrx_word' id='word_1_155' title='bbox 734 2252 812 2289; x_wconf 92' lang='lat' dir='ltr'><strong>es.</strong></span> <span class='ocrx_word' id='word_1_156' title='bbox 846 2235 1065 2289; x_wconf 69' lang='lat' dir='ltr'><strong>Profirit</strong></span> <span class='ocrx_word' id='word_1_157' title='bbox 1093 2236 1237 2291; x_wconf 87' lang='lat' dir='ltr'><strong>enim</strong></span> <span class='ocrx_word' id='word_1_158' title='bbox 1272 2238 1474 2301; x_wconf 78' lang='lat' dir='ltr'><strong>anima,</strong></span> <span class='ocrx_word' id='word_1_159' title='bbox 1510 2239 1555 2291; x_wconf 92' lang='lat' dir='ltr'><strong>si</strong></span> <span class='ocrx_word' id='word_1_160' title='bbox 1598 2238 1650 2291; x_wconf 92' lang='lat' dir='ltr'><strong>in</strong></span> <span class='ocrx_word' id='word_1_161' title='bbox 1686 2238 1792 2291; x_wconf 82' lang='lat' dir='ltr'><strong>litt-</strong></span> 
     </span>
    </p>
   </div>
   <div class='ocr_carea' id='block_1_23' title="bbox 204 2328 1791 2399">
    <p class='ocr_par' dir='ltr' id='par_1_23' title="bbox 204 2328 1791 2399">
     <span class='ocr_line' id='line_1_23' title="bbox 204 2328 1791 2399; baseline 0.003 -20"><span class='ocrx_word' id='word_1_162' title='bbox 204 2328 445 2383; x_wconf 69' lang='lat' dir='ltr'><strong>lttllila’c</strong></span> <span class='ocrx_word' id='word_1_163' title='bbox 496 2328 745 2397; x_wconf 83' lang='lat' dir='ltr'><strong>proficit;</strong></span> <span class='ocrx_word' id='word_1_164' title='bbox 790 2329 1142 2399; x_wconf 84' lang='lat' dir='ltr'><strong>cognitioque</strong></span> <span class='ocrx_word' id='word_1_165' title='bbox 1189 2329 1515 2385; x_wconf 76' lang='lat' dir='ltr'><strong>humilitatis</strong></span> <span class='ocrx_word' id='word_1_166' title='bbox 1549 2339 1603 2384; x_wconf 86' lang='lat' dir='ltr'><strong>et</strong></span> <span class='ocrx_word' id='word_1_167' title='bbox 1640 2345 1791 2383; x_wconf 88' lang='lat' dir='ltr'><strong>mau-</strong></span> 
     </span>
    </p>
   </div>
   <div class='ocr_carea' id='block_1_24' title="bbox 201 2425 1790 2494">
    <p class='ocr_par' dir='ltr' id='par_1_24' title="bbox 201 2425 1790 2494">
     <span class='ocr_line' id='line_1_24' title="bbox 201 2425 1790 2494; baseline 0.001 -16"><span class='ocrx_word' id='word_1_168' title='bbox 201 2427 538 2487; x_wconf 74' lang='lat' dir='ltr'><strong>suetuilinis,</strong></span> <span class='ocrx_word' id='word_1_169' title='bbox 581 2425 667 2479; x_wconf 88' lang='lat' dir='ltr'><strong>sui</strong></span> <span class='ocrx_word' id='word_1_170' title='bbox 716 2426 912 2494; x_wconf 84' lang='lat' dir='ltr'><strong>ipsius,</strong></span> <span class='ocrx_word' id='word_1_171' title='bbox 947 2434 999 2479; x_wconf 88' lang='lat' dir='ltr'><strong>et</strong></span> <span class='ocrx_word' id='word_1_172' title='bbox 1040 2426 1133 2479; x_wconf 83' lang='lat' dir='ltr'><strong>Dei</strong></span> <span class='ocrx_word' id='word_1_173' title='bbox 1168 2426 1410 2494; x_wconf 77' lang='lat' dir='ltr'><strong>cognitio</strong></span> <span class='ocrx_word' id='word_1_174' title='bbox 1461 2434 1580 2489; x_wconf 83' lang='lat' dir='ltr'><strong>est,</strong></span> <span class='ocrx_word' id='word_1_175' title='bbox 1616 2435 1671 2479; x_wconf 93' lang='lat' dir='ltr'><strong>ut</strong></span> <span class='ocrx_word' id='word_1_176' title='bbox 1704 2427 1790 2480; x_wconf 88' lang='lat' dir='ltr'><strong>di-</strong></span> 
     </span>
    </p>
   </div>
   <div class='ocr_carea' id='block_1_25' title="bbox 203 2514 1791 2586">
    <p class='ocr_par' dir='ltr' id='par_1_25' title="bbox 203 2514 1791 2586">
     <span class='ocr_line' id='line_1_25' title="bbox 203 2514 1791 2586; baseline 0.001 -19"><span class='ocrx_word' id='word_1_177' title='bbox 203 2521 343 2570; x_wconf 73' lang='lat' dir='ltr'><strong>vina:</strong></span> <span class='ocrx_word' id='word_1_178' title='bbox 385 2516 669 2586; x_wconf 68' lang='lat' dir='ltr'><strong>sapientiae</strong></span> <span class='ocrx_word' id='word_1_179' title='bbox 707 2516 983 2570; x_wconf 75' lang='lat' dir='ltr'><strong>antisti&#39;es</strong></span> <span class='ocrx_word' id='word_1_180' title='bbox 1018 2514 1374 2568; x_wconf 81' lang='lat' dir='ltr'><strong>aﬂirmarunt.</strong></span> <span class='ocrx_word' id='word_1_181' title='bbox 1426 2514 1635 2569; x_wconf 59' lang='lat' dir='ltr'><strong>Anima:</strong></span> <span class='ocrx_word' id='word_1_182' title='bbox 1670 2530 1791 2583; x_wconf 61' lang='lat' dir='ltr'><strong>quae</strong></span> 
     </span>
    </p>
   </div>
   <div class='ocr_carea' id='block_1_26' title="bbox 206 2608 1792 2675">
    <p class='ocr_par' dir='ltr' id='par_1_26' title="bbox 206 2608 1792 2675">
     <span class='ocr_line' id='line_1_26' title="bbox 206 2608 1792 2675; baseline 0.002 -16"><span class='ocrx_word' id='word_1_183' title='bbox 206 2612 297 2663; x_wconf 70' lang='lat' dir='ltr'><strong>Ilei</strong></span> <span class='ocrx_word' id='word_1_184' title='bbox 336 2611 737 2675; x_wconf 84' lang='lat' dir='ltr'><strong>visitationem,</strong></span> <span class='ocrx_word' id='word_1_185' title='bbox 775 2610 892 2665; x_wconf 86' lang='lat' dir='ltr'><strong>sive</strong></span> <span class='ocrx_word' id='word_1_186' title='bbox 923 2610 1162 2662; x_wconf 69' lang='lat' dir='ltr'><strong>divinam</strong></span> <span class='ocrx_word' id='word_1_187' title='bbox 1198 2608 1649 2663; x_wconf 86' lang='lat' dir='ltr'><strong>illuniinationem</strong></span> <span class='ocrx_word' id='word_1_188' title='bbox 1676 2652 1689 2673; x_wconf 95' lang='lat'><strong>,</strong></span> <span class='ocrx_word' id='word_1_189' title='bbox 1729 2624 1792 2662; x_wconf 88' lang='lat' dir='ltr'><strong>ac</strong></span> 
     </span>
    </p>
   </div>
   <div class='ocr_carea' id='block_1_27' title="bbox 204 2703 1791 2773">
    <p class='ocr_par' dir='ltr' id='par_1_27' title="bbox 204 2703 1791 2773">
     <span class='ocr_line' id='line_1_27' title="bbox 204 2703 1791 2773; baseline 0 -16"><span class='ocrx_word' id='word_1_190' title='bbox 204 2704 569 2757; x_wconf 69' lang='lat' dir='ltr'><strong>serenitatem</strong></span> <span class='ocrx_word' id='word_1_191' title='bbox 612 2704 805 2773; x_wconf 89' lang='lat' dir='ltr'><strong>adepta</strong></span> <span class='ocrx_word' id='word_1_192' title='bbox 838 2713 941 2765; x_wconf 78' lang='lat' dir='ltr'><strong>est,</strong></span> <span class='ocrx_word' id='word_1_193' title='bbox 980 2710 1171 2772; x_wconf 85' lang='lat' dir='ltr'><strong>pacata</strong></span> <span class='ocrx_word' id='word_1_194' title='bbox 1202 2710 1308 2764; x_wconf 85' lang='lat' dir='ltr'><strong>est,</strong></span> <span class='ocrx_word' id='word_1_195' title='bbox 1336 2712 1391 2757; x_wconf 90' lang='lat' dir='ltr'><strong>et</strong></span> <span class='ocrx_word' id='word_1_196' title='bbox 1422 2703 1585 2756; x_wconf 91' lang='lat' dir='ltr'><strong>nullis</strong></span> <span class='ocrx_word' id='word_1_197' title='bbox 1616 2704 1791 2757; x_wconf 80' lang='lat' dir='ltr'><strong>turbis</strong></span> 
     </span>
    </p>
   </div>
   <div class='ocr_carea' id='block_1_28' title="bbox 201 2792 1790 2863">
    <p class='ocr_par' dir='ltr' id='par_1_28' title="bbox 201 2792 1790 2863">
     <span class='ocr_line' id='line_1_28' title="bbox 201 2792 1790 2863; baseline 0.001 -18"><span class='ocrx_word' id='word_1_198' title='bbox 201 2796 467 2863; x_wconf 73' lang='lat' dir='ltr'><strong>agitatur.</strong></span> <span class='ocrx_word' id='word_1_199' title='bbox 515 2792 839 2859; x_wconf 87' lang='lat' dir='ltr'><strong>llnjusmodi</strong></span> <span class='ocrx_word' id='word_1_200' title='bbox 866 2792 1286 2846; x_wconf 86' lang='lat' dir='ltr'><strong>illustrationem</strong></span> <span class='ocrx_word' id='word_1_201' title='bbox 1317 2794 1675 2858; x_wconf 75' lang='lat' dir='ltr'><strong>exSIinguunt</strong></span> <span class='ocrx_word' id='word_1_202' title='bbox 1704 2795 1790 2846; x_wconf 87' lang='lat' dir='ltr'><strong>iii--</strong></span> 
     </span>
    </p>
   </div>
   <div class='ocr_carea' id='block_1_29' title="bbox 202 2887 1787 2956">
    <p class='ocr_par' dir='ltr' id='par_1_29' title="bbox 202 2887 1787 2956">
     <span class='ocr_line' id='line_1_29' title="bbox 202 2887 1787 2956; baseline 0 -17"><span class='ocrx_word' id='word_1_203' title='bbox 202 2889 545 2953; x_wconf 77' lang='lat' dir='ltr'><strong>humanitas,</strong></span> <span class='ocrx_word' id='word_1_204' title='bbox 612 2888 862 2956; x_wconf 84' lang='lat' dir='ltr'><strong>judicare</strong></span> <span class='ocrx_word' id='word_1_205' title='bbox 927 2887 1188 2951; x_wconf 78' lang='lat' dir='ltr'><strong>fratrem,</strong></span> <span class='ocrx_word' id='word_1_206' title='bbox 1244 2897 1406 2941; x_wconf 78' lang='lat' dir='ltr'><strong>tenax</strong></span> <span class='ocrx_word' id='word_1_207' title='bbox 1464 2888 1787 2955; x_wconf 77' lang='lat' dir='ltr'><strong>injuriai-uzn</strong></span> 
     </span>
    </p>
   </div>
   <div class='ocr_carea' id='block_1_30' title="bbox 204 2980 1789 3045">
    <p class='ocr_par' dir='ltr' id='par_1_30' title="bbox 204 2980 1789 3045">
     <span class='ocr_line' id='line_1_30' title="bbox 204 2980 1789 3045; baseline 0.003 -16"><span class='ocrx_word' id='word_1_208' title='bbox 204 2982 492 3035; x_wconf 67' lang='lat' dir='ltr'><strong>memoria.</strong></span> <span class='ocrx_word' id='word_1_209' title='bbox 528 2980 630 3045; x_wconf 81' lang='lat' dir='ltr'><strong>Qui</strong></span> <span class='ocrx_word' id='word_1_210' title='bbox 656 2981 802 3035; x_wconf 88' lang='lat' dir='ltr'><strong>enim</strong></span> <span class='ocrx_word' id='word_1_211' title='bbox 832 2997 895 3036; x_wconf 79' lang='lat' dir='ltr'><strong>ex</strong></span> <span class='ocrx_word' id='word_1_212' title='bbox 936 2981 1317 3035; x_wconf 81' lang='lat' dir='ltr'><strong>misericordia</strong></span> <span class='ocrx_word' id='word_1_213' title='bbox 1366 2990 1419 3035; x_wconf 91' lang='lat' dir='ltr'><strong>et</strong></span> <span class='ocrx_word' id='word_1_214' title='bbox 1445 2982 1789 3033; x_wconf 85' lang='lat' dir='ltr'><strong>humanitate</strong></span> 
     </span>
    </p>
   </div>
   <div class='ocr_carea' id='block_1_31' title="bbox 203 3074 1790 3145">
    <p class='ocr_par' dir='ltr' id='par_1_31' title="bbox 203 3074 1790 3145">
     <span class='ocr_line' id='line_1_31' title="bbox 203 3074 1790 3145; baseline -0.001 -19"><span class='ocrx_word' id='word_1_215' title='bbox 203 3074 294 3126; x_wconf 72' lang='lat' dir='ltr'><strong>ltci</strong></span> <span class='ocrx_word' id='word_1_216' title='bbox 335 3083 591 3127; x_wconf 75' lang='lat' dir='ltr'><strong>servatus</strong></span> <span class='ocrx_word' id='word_1_217' title='bbox 624 3083 726 3145; x_wconf 76' lang='lat' dir='ltr'><strong>est,</strong></span> <span class='ocrx_word' id='word_1_218' title='bbox 766 3089 863 3142; x_wconf 85' lang='lat' dir='ltr'><strong>per</strong></span> <span class='ocrx_word' id='word_1_219' title='bbox 896 3074 1333 3127; x_wconf 88' lang='lat' dir='ltr'><strong>misericordiam</strong></span> <span class='ocrx_word' id='word_1_220' title='bbox 1390 3086 1441 3127; x_wconf 87' lang='lat' dir='ltr'><strong>et</strong></span> <span class='ocrx_word' id='word_1_221' title='bbox 1478 3074 1790 3127; x_wconf 79' lang='lat' dir='ltr'><strong>humanita-</strong></span> 
     </span>
    </p>
   </div>
   <div class='ocr_carea' id='block_1_32' title="bbox 202 3166 1784 3231">
    <p class='ocr_par' dir='ltr' id='par_1_32' title="bbox 202 3166 1784 3231">
     <span class='ocr_line' id='line_1_32' title="bbox 202 3166 1784 3231; baseline 0 -12"><span class='ocrx_word' id='word_1_222' title='bbox 202 3178 310 3219; x_wconf 76' lang='lat' dir='ltr'><strong>tem</strong></span> <span class='ocrx_word' id='word_1_223' title='bbox 350 3169 585 3221; x_wconf 90' lang='lat' dir='ltr'><strong>salutem</strong></span> <span class='ocrx_word' id='word_1_224' title='bbox 635 3166 737 3221; x_wconf 86' lang='lat' dir='ltr'><strong>sibi</strong></span> <span class='ocrx_word' id='word_1_225' title='bbox 769 3166 1067 3231; x_wconf 91' lang='lat' dir='ltr'><strong>custodiet,</strong></span> <span class='ocrx_word' id='word_1_226' title='bbox 1111 3169 1417 3222; x_wconf 79' lang='lat' dir='ltr'><strong>secundum</strong></span> <span class='ocrx_word' id='word_1_227' title='bbox 1462 3167 1701 3220; x_wconf 72' lang='lat' dir='ltr'><strong>divinam</strong></span> <span class='ocrx_word' id='word_1_228' title='bbox 1737 3181 1784 3223; x_wconf 86' lang='lat' dir='ltr'><strong>et</strong></span> 
     </span>
    </p>
   </div>
   <div class='ocr_carea' id='block_1_33' title="bbox 1895 672 3474 746">
    <p class='ocr_par' dir='ltr' id='par_1_33' title="bbox 1895 672 3474 746">
     <span class='ocr_line' id='line_1_33' title="bbox 1895 672 3474 746; baseline 0.008 -28"><span class='ocrx_word' id='word_1_229' title='bbox 1895 680 2038 732; x_wconf 78' lang='lat' dir='ltr'><strong>rtus,</strong></span> <span class='ocrx_word' id='word_1_230' title='bbox 2079 672 2382 727; x_wconf 87' lang='lat' dir='ltr'><strong>secundum</strong></span> <span class='ocrx_word' id='word_1_231' title='bbox 2419 688 2581 743; x_wconf 88' lang='lat' dir='ltr'><strong>quam</strong></span> <span class='ocrx_word' id='word_1_232' title='bbox 2625 676 2679 729; x_wconf 89' lang='lat' dir='ltr'><strong>in</strong></span> <span class='ocrx_word' id='word_1_233' title='bbox 2723 689 2843 729; x_wconf 90' lang='lat' dir='ltr'><strong>eam</strong></span> <span class='ocrx_word' id='word_1_234' title='bbox 2890 676 3040 746; x_wconf 79' lang='lat' dir='ltr'><strong>agit,</strong></span> <span class='ocrx_word' id='word_1_235' title='bbox 3088 689 3213 731; x_wconf 89' lang='lat' dir='ltr'><strong>cum</strong></span> <span class='ocrx_word' id='word_1_236' title='bbox 3264 676 3356 738; x_wconf 84' lang='lat' dir='ltr'><strong>qui</strong></span> <span class='ocrx_word' id='word_1_237' title='bbox 3404 676 3474 730; x_wconf 85' lang='lat' dir='ltr'><strong>ab</strong></span> 
     </span>
    </p>
   </div>
   <div class='ocr_carea' id='block_1_34' title="bbox 1897 764 3468 839">
    <p class='ocr_par' dir='ltr' id='par_1_34' title="bbox 1897 764 3468 839">
     <span class='ocr_line' id='line_1_34' title="bbox 1897 764 3468 839; baseline 0.004 -24"><span class='ocrx_word' id='word_1_238' title='bbox 1897 764 2018 831; x_wconf 90' lang='lat' dir='ltr'><strong>ipso</strong></span> <span class='ocrx_word' id='word_1_239' title='bbox 2055 765 2176 821; x_wconf 90' lang='lat' dir='ltr'><strong>sine</strong></span> <span class='ocrx_word' id='word_1_240' title='bbox 2217 766 2633 822; x_wconf 86' lang='lat' dir='ltr'><strong>intermissione</strong></span> <span class='ocrx_word' id='word_1_241' title='bbox 2670 778 3083 839; x_wconf 75' lang='lat' dir='ltr'><strong>oppugnantur.</strong></span> <span class='ocrx_word' id='word_1_242' title='bbox 3117 769 3335 825; x_wconf 73' lang='lat' dir='ltr'><strong>saeculis</strong></span> <span class='ocrx_word' id='word_1_243' title='bbox 3364 770 3468 825; x_wconf 87' lang='lat' dir='ltr'><strong>sibi</strong></span> 
     </span>
    </p>
   </div>
   <div class='ocr_carea' id='block_1_35' title="bbox 1894 858 3470 933">
    <p class='ocr_par' dir='ltr' id='par_1_35' title="bbox 1894 858 3470 933">
     <span class='ocr_line' id='line_1_35' title="bbox 1894 858 3470 933; baseline 0.002 -21"><span class='ocrx_word' id='word_1_244' title='bbox 1894 858 2329 917; x_wconf 88' lang='lat' dir='ltr'><strong>succedentibus</strong></span> <span class='ocrx_word' id='word_1_245' title='bbox 2368 871 2697 932; x_wconf 68' lang='lat' dir='ltr'><strong>praetereant</strong></span> <span class='ocrx_word' id='word_1_246' title='bbox 2727 877 2791 916; x_wconf 85' lang='lat' dir='ltr'><strong>ac</strong></span> <span class='ocrx_word' id='word_1_247' title='bbox 2819 861 3157 926; x_wconf 82' lang='lat' dir='ltr'><strong>dilabantur,</strong></span> <span class='ocrx_word' id='word_1_248' title='bbox 3191 864 3309 933; x_wconf 89' lang='lat' dir='ltr'><strong>ipse</strong></span> <span class='ocrx_word' id='word_1_249' title='bbox 3338 877 3470 917; x_wconf 88' lang='lat' dir='ltr'><strong>vero</strong></span> 
     </span>
    </p>
   </div>
   <div class='ocr_carea' id='block_1_36' title="bbox 1892 954 3475 1025">
    <p class='ocr_par' dir='ltr' id='par_1_36' title="bbox 1892 954 3475 1025">
     <span class='ocr_line' id='line_1_36' title="bbox 1892 954 3475 1025; baseline 0.004 -22"><span class='ocrx_word' id='word_1_250' title='bbox 1892 966 2069 1005; x_wconf 86' lang='lat' dir='ltr'><strong>annos</strong></span> <span class='ocrx_word' id='word_1_251' title='bbox 2100 954 2334 1021; x_wconf 87' lang='lat' dir='ltr'><strong>amplius</strong></span> <span class='ocrx_word' id='word_1_252' title='bbox 2376 956 2559 1009; x_wconf 73' lang='lat' dir='ltr'><strong>sexies</strong></span> <span class='ocrx_word' id='word_1_253' title='bbox 2598 955 2748 1009; x_wconf 90' lang='lat' dir='ltr'><strong>mille</strong></span> <span class='ocrx_word' id='word_1_254' title='bbox 2783 963 3074 1010; x_wconf 79' lang='lat' dir='ltr'><strong>sexcentos</strong></span> <span class='ocrx_word' id='word_1_255' title='bbox 3113 971 3329 1025; x_wconf 85' lang='lat' dir='ltr'><strong>semper</strong></span> <span class='ocrx_word' id='word_1_256' title='bbox 3369 956 3475 1009; x_wconf 57' lang='lat' dir='ltr'><strong>hoc</strong></span> 
     </span>
    </p>
   </div>
   <div class='ocr_carea' id='block_1_37' title="bbox 1895 1044 3475 1116">
    <p class='ocr_par' dir='ltr' id='par_1_37' title="bbox 1895 1044 3475 1116">
     <span class='ocr_line' id='line_1_37' title="bbox 1895 1044 3475 1116; baseline 0.002 -20"><span class='ocrx_word' id='word_1_257' title='bbox 1895 1044 1996 1097; x_wconf 79' lang='lat' dir='ltr'><strong>stis</strong></span> <span class='ocrx_word' id='word_1_258' title='bbox 2022 1044 2243 1097; x_wconf 88' lang='lat' dir='ltr'><strong>humani</strong></span> <span class='ocrx_word' id='word_1_259' title='bbox 2271 1047 2506 1114; x_wconf 78' lang='lat' dir='ltr'><strong>generis,</strong></span> <span class='ocrx_word' id='word_1_260' title='bbox 2530 1054 2583 1100; x_wconf 87' lang='lat' dir='ltr'><strong>et</strong></span> <span class='ocrx_word' id='word_1_261' title='bbox 2611 1045 2826 1116; x_wconf 82' lang='lat' dir='ltr'><strong>quidem</strong></span> <span class='ocrx_word' id='word_1_262' title='bbox 2855 1047 3104 1101; x_wconf 88' lang='lat' dir='ltr'><strong>occultus</strong></span> <span class='ocrx_word' id='word_1_263' title='bbox 3129 1056 3293 1115; x_wconf 87' lang='lat' dir='ltr'><strong>atque</strong></span> <span class='ocrx_word' id='word_1_264' title='bbox 3320 1048 3475 1099; x_wconf 83' lang='lat' dir='ltr'><strong>elau-</strong></span> 
     </span>
    </p>
   </div>
   <div class='ocr_carea' id='block_1_38' title="bbox 1893 1137 3473 1210">
    <p class='ocr_par' dir='ltr' id='par_1_38' title="bbox 1893 1137 3473 1210">
     <span class='ocr_line' id='line_1_38' title="bbox 1893 1137 3473 1210; baseline 0.002 -20"><span class='ocrx_word' id='word_1_265' title='bbox 1893 1137 2145 1193; x_wconf 83' lang='lat' dir='ltr'><strong>destinus</strong></span> <span class='ocrx_word' id='word_1_266' title='bbox 2207 1141 2593 1208; x_wconf 86' lang='lat' dir='ltr'><strong>permanserit,</strong></span> <span class='ocrx_word' id='word_1_267' title='bbox 2647 1139 3005 1209; x_wconf 81' lang='lat' dir='ltr'><strong>hominesque</strong></span> <span class='ocrx_word' id='word_1_268' title='bbox 3062 1155 3159 1210; x_wconf 88' lang='lat' dir='ltr'><strong>par</strong></span> <span class='ocrx_word' id='word_1_269' title='bbox 3210 1140 3473 1207; x_wconf 86' lang='lat' dir='ltr'><strong>ipsosmet</strong></span> 
     </span>
    </p>
   </div>
   <div class='ocr_carea' id='block_1_39' title="bbox 1893 1230 3475 1297">
    <p class='ocr_par' dir='ltr' id='par_1_39' title="bbox 1893 1230 3475 1297">
     <span class='ocr_line' id='line_1_39' title="bbox 1893 1230 3475 1297; baseline 0.004 -20"><span class='ocrx_word' id='word_1_270' title='bbox 1893 1236 2191 1294; x_wconf 68' lang='lat' dir='ltr'><strong>oppugnet,</strong></span> <span class='ocrx_word' id='word_1_271' title='bbox 2219 1237 2273 1281; x_wconf 92' lang='lat' dir='ltr'><strong>et</strong></span> <span class='ocrx_word' id='word_1_272' title='bbox 2316 1243 2413 1281; x_wconf 88' lang='lat' dir='ltr'><strong>eos</strong></span> <span class='ocrx_word' id='word_1_273' title='bbox 2450 1230 2799 1297; x_wconf 71' lang='lat' dir='ltr'><strong>praesertim,</strong></span> <span class='ocrx_word' id='word_1_274' title='bbox 2850 1231 2941 1297; x_wconf 86' lang='lat' dir='ltr'><strong>qui</strong></span> <span class='ocrx_word' id='word_1_275' title='bbox 2995 1230 3153 1283; x_wconf 91' lang='lat' dir='ltr'><strong>modo</strong></span> <span class='ocrx_word' id='word_1_276' title='bbox 3187 1240 3475 1284; x_wconf 83' lang='lat' dir='ltr'><strong>nascentes</strong></span> 
     </span>
    </p>
   </div>
   <div class='ocr_carea' id='block_1_40' title="bbox 1895 1317 3476 1388">
    <p class='ocr_par' dir='ltr' id='par_1_40' title="bbox 1895 1317 3476 1388">
     <span class='ocr_line' id='line_1_40' title="bbox 1895 1317 3476 1388; baseline 0.001 -19"><span class='ocrx_word' id='word_1_277' title='bbox 1895 1317 1946 1369; x_wconf 90' lang='lat' dir='ltr'><strong>in</strong></span> <span class='ocrx_word' id='word_1_278' title='bbox 1980 1317 2140 1369; x_wconf 89' lang='lat' dir='ltr'><strong>vitam</strong></span> <span class='ocrx_word' id='word_1_279' title='bbox 2179 1319 2525 1384; x_wconf 81' lang='lat' dir='ltr'><strong>introierunt,</strong></span> <span class='ocrx_word' id='word_1_280' title='bbox 2550 1321 2641 1388; x_wconf 88' lang='lat' dir='ltr'><strong>qui</strong></span> <span class='ocrx_word' id='word_1_281' title='bbox 2672 1336 2780 1375; x_wconf 91' lang='lat' dir='ltr'><strong>non</strong></span> <span class='ocrx_word' id='word_1_282' title='bbox 2805 1319 2981 1375; x_wconf 84' lang='lat' dir='ltr'><strong>solum</strong></span> <span class='ocrx_word' id='word_1_283' title='bbox 3019 1320 3336 1374; x_wconf 68' lang='lat' dir='ltr'><strong>Certaminis</strong></span> <span class='ocrx_word' id='word_1_284' title='bbox 3373 1321 3476 1374; x_wconf 86' lang='lat' dir='ltr'><strong>liu-</strong></span> 
     </span>
    </p>
   </div>
   <div class='ocr_carea' id='block_1_41' title="bbox 1889 1405 3475 1477">
    <p class='ocr_par' dir='ltr' id='par_1_41' title="bbox 1889 1405 3475 1477">
     <span class='ocr_line' id='line_1_41' title="bbox 1889 1405 3475 1477; baseline 0.003 -20"><span class='ocrx_word' id='word_1_285' title='bbox 1889 1405 1982 1473; x_wconf 89' lang='lat' dir='ltr'><strong>jus</strong></span> <span class='ocrx_word' id='word_1_286' title='bbox 2021 1408 2177 1474; x_wconf 87' lang='lat' dir='ltr'><strong>periti</strong></span> <span class='ocrx_word' id='word_1_287' title='bbox 2214 1423 2323 1463; x_wconf 87' lang='lat' dir='ltr'><strong>non</strong></span> <span class='ocrx_word' id='word_1_288' title='bbox 2356 1417 2521 1473; x_wconf 90' lang='lat' dir='ltr'><strong>sunt,</strong></span> <span class='ocrx_word' id='word_1_289' title='bbox 2558 1411 2652 1463; x_wconf 87' lang='lat' dir='ltr'><strong>sed</strong></span> <span class='ocrx_word' id='word_1_290' title='bbox 2688 1411 2851 1463; x_wconf 88' lang='lat' dir='ltr'><strong>etiam</strong></span> <span class='ocrx_word' id='word_1_291' title='bbox 2886 1415 3036 1464; x_wconf 82' lang='lat' dir='ltr'><strong>vires</strong></span> <span class='ocrx_word' id='word_1_292' title='bbox 3086 1410 3207 1477; x_wconf 82' lang='lat' dir='ltr'><strong>ejus</strong></span> <span class='ocrx_word' id='word_1_293' title='bbox 3249 1411 3475 1464; x_wconf 78' lang='lat' dir='ltr'><strong>bellicas</strong></span> 
     </span>
    </p>
   </div>
   <div class='ocr_carea' id='block_1_42' title="bbox 1896 1495 3472 1569">
    <p class='ocr_par' dir='ltr' id='par_1_42' title="bbox 1896 1495 3472 1569">
     <span class='ocr_line' id='line_1_42' title="bbox 1896 1495 3472 1569; baseline 0.001 -19"><span class='ocrx_word' id='word_1_294' title='bbox 1896 1495 2146 1552; x_wconf 83' lang='lat' dir='ltr'><strong>funditus</strong></span> <span class='ocrx_word' id='word_1_295' title='bbox 2176 1500 2432 1569; x_wconf 79' lang='lat' dir='ltr'><strong>ignorant</strong></span> <span class='ocrx_word' id='word_1_296' title='bbox 2475 1500 2578 1569; x_wconf 90' lang='lat' dir='ltr'><strong>(sic</strong></span> <span class='ocrx_word' id='word_1_297' title='bbox 2610 1499 2755 1553; x_wconf 89' lang='lat' dir='ltr'><strong>cnim</strong></span> <span class='ocrx_word' id='word_1_298' title='bbox 2790 1499 3085 1565; x_wconf 86' lang='lat' dir='ltr'><strong>jacnlatur,</strong></span> <span class='ocrx_word' id='word_1_299' title='bbox 3118 1508 3176 1551; x_wconf 90' lang='lat' dir='ltr'><strong>ut</strong></span> <span class='ocrx_word' id='word_1_300' title='bbox 3206 1500 3472 1563; x_wconf 80' lang='lat' dir='ltr'><strong>videatur,</strong></span> 
     </span>
    </p>
   </div>
   <div class='ocr_carea' id='block_1_43' title="bbox 1895 1591 3474 1662">
    <p class='ocr_par' dir='ltr' id='par_1_43' title="bbox 1895 1591 3474 1662">
     <span class='ocr_line' id='line_1_43' title="bbox 1895 1591 3474 1662; baseline -0.001 -21"><span class='ocrx_word' id='word_1_301' title='bbox 1895 1603 1995 1641; x_wconf 85' lang='lat' dir='ltr'><strong>nec</strong></span> <span class='ocrx_word' id='word_1_302' title='bbox 2032 1600 2211 1644; x_wconf 86' lang='lat' dir='ltr'><strong>tamen</strong></span> <span class='ocrx_word' id='word_1_303' title='bbox 2246 1591 2349 1659; x_wconf 90' lang='lat' dir='ltr'><strong>ipsi</strong></span> <span class='ocrx_word' id='word_1_304' title='bbox 2380 1592 2564 1645; x_wconf 87' lang='lat' dir='ltr'><strong>vident</strong></span> <span class='ocrx_word' id='word_1_305' title='bbox 2595 1608 2609 1646; x_wconf 90' lang='lat'><strong>:</strong></span> <span class='ocrx_word' id='word_1_306' title='bbox 2641 1601 2699 1645; x_wconf 90' lang='lat' dir='ltr'><strong>ut</strong></span> <span class='ocrx_word' id='word_1_307' title='bbox 2727 1594 2956 1659; x_wconf 73' lang='lat' dir='ltr'><strong>angelus</strong></span> <span class='ocrx_word' id='word_1_308' title='bbox 2991 1592 3126 1646; x_wconf 83' lang='lat' dir='ltr'><strong>lueis</strong></span> <span class='ocrx_word' id='word_1_309' title='bbox 3153 1602 3394 1662; x_wconf 84' lang='lat' dir='ltr'><strong>apparet.</strong></span> <span class='ocrx_word' id='word_1_310' title='bbox 3422 1604 3474 1641; x_wconf 76' lang='lat' dir='ltr'><strong>et</strong></span> 
     </span>
    </p>
   </div>
   <div class='ocr_carea' id='block_1_44' title="bbox 1895 1683 3473 1755">
    <p class='ocr_par' dir='ltr' id='par_1_44' title="bbox 1895 1683 3473 1755">
     <span class='ocr_line' id='line_1_44' title="bbox 1895 1683 3473 1755; baseline 0.005 -25"><span class='ocrx_word' id='word_1_311' title='bbox 1895 1690 1953 1732; x_wconf 88' lang='lat' dir='ltr'><strong>ut</strong></span> <span class='ocrx_word' id='word_1_312' title='bbox 1985 1683 2224 1736; x_wconf 79' lang='lat' dir='ltr'><strong>tenebra:</strong></span> <span class='ocrx_word' id='word_1_313' title='bbox 2264 1684 2463 1737; x_wconf 90' lang='lat' dir='ltr'><strong>bellum</strong></span> <span class='ocrx_word' id='word_1_314' title='bbox 2498 1686 2683 1755; x_wconf 73' lang='lat' dir='ltr'><strong>gerit),</strong></span> <span class='ocrx_word' id='word_1_315' title='bbox 2728 1684 2992 1739; x_wconf 79' lang='lat' dir='ltr'><strong>adversus</strong></span> <span class='ocrx_word' id='word_1_316' title='bbox 3030 1701 3473 1755; x_wconf 83' lang='lat' dir='ltr'><strong>unumquemque</strong></span> 
     </span>
    </p>
   </div>
   <div class='ocr_carea' id='block_1_45' title="bbox 1896 1770 3467 1843">
    <p class='ocr_par' dir='ltr' id='par_1_45' title="bbox 1896 1770 3467 1843">
     <span class='ocr_line' id='line_1_45' title="bbox 1896 1770 3467 1843; baseline 0.006 -22"><span class='ocrx_word' id='word_1_317' title='bbox 1896 1785 2002 1823; x_wconf 88' lang='lat' dir='ltr'><strong>nou</strong></span> <span class='ocrx_word' id='word_1_318' title='bbox 2043 1770 2373 1825; x_wconf 72' lang='lat' dir='ltr'><strong>mediocrem</strong></span> <span class='ocrx_word' id='word_1_319' title='bbox 2402 1790 2583 1837; x_wconf 70' lang='lat' dir='ltr'><strong>usuin,</strong></span> <span class='ocrx_word' id='word_1_320' title='bbox 2614 1776 3117 1843; x_wconf 76' lang='lat' dir='ltr'><strong>cxperientiamrpie</strong></span> <span class='ocrx_word' id='word_1_321' title='bbox 3157 1786 3240 1829; x_wconf 81' lang='lat' dir='ltr'><strong>est</strong></span> <span class='ocrx_word' id='word_1_322' title='bbox 3266 1792 3467 1831; x_wconf 81' lang='lat' dir='ltr'><strong>conse-</strong></span> 
     </span>
    </p>
   </div>
   <div class='ocr_carea' id='block_1_46' title="bbox 1895 1864 3465 1938">
    <p class='ocr_par' dir='ltr' id='par_1_46' title="bbox 1895 1864 3465 1938">
     <span class='ocr_line' id='line_1_46' title="bbox 1895 1864 3465 1938; baseline 0.004 -24"><span class='ocrx_word' id='word_1_323' title='bbox 1895 1873 2073 1917; x_wconf 82' lang='lat' dir='ltr'><strong>cutus.</strong></span> <span class='ocrx_word' id='word_1_324' title='bbox 2120 1864 2270 1920; x_wconf 76' lang='lat' dir='ltr'><strong>Finis</strong></span> <span class='ocrx_word' id='word_1_325' title='bbox 2302 1876 2482 1918; x_wconf 83' lang='lat' dir='ltr'><strong>autem</strong></span> <span class='ocrx_word' id='word_1_326' title='bbox 2514 1876 2567 1919; x_wconf 86' lang='lat' dir='ltr'><strong>et</strong></span> <span class='ocrx_word' id='word_1_327' title='bbox 2608 1882 2809 1935; x_wconf 88' lang='lat' dir='ltr'><strong>scopus</strong></span> <span class='ocrx_word' id='word_1_328' title='bbox 2858 1869 2979 1935; x_wconf 78' lang='lat' dir='ltr'><strong>ejus</strong></span> <span class='ocrx_word' id='word_1_329' title='bbox 3032 1870 3465 1938; x_wconf 63' lang='lat' dir='ltr'><strong>oppugnationis</strong></span> 
     </span>
    </p>
   </div>
   <div class='ocr_carea' id='block_1_47' title="bbox 1899 1960 3475 2021">
    <p class='ocr_par' dir='ltr' id='par_1_47' title="bbox 1899 1960 3475 2021">
     <span class='ocr_line' id='line_1_47' title="bbox 1899 1960 3475 2021; baseline 0.003 -12"><span class='ocrx_word' id='word_1_330' title='bbox 1899 1972 2004 2009; x_wconf 91' lang='lat' dir='ltr'><strong>non</strong></span> <span class='ocrx_word' id='word_1_331' title='bbox 2046 1960 2486 2011; x_wconf 81' lang='lat' dir='ltr'><strong>contemnendus</strong></span> <span class='ocrx_word' id='word_1_332' title='bbox 2513 1999 2528 2021; x_wconf 93' lang='lat'><strong>,</strong></span> <span class='ocrx_word' id='word_1_333' title='bbox 2558 1969 2611 2012; x_wconf 86' lang='lat' dir='ltr'><strong>et</strong></span> <span class='ocrx_word' id='word_1_334' title='bbox 2648 1961 3010 2015; x_wconf 64' lang='lat' dir='ltr'><strong>formidabilis</strong></span> <span class='ocrx_word' id='word_1_335' title='bbox 3042 1974 3143 2015; x_wconf 68' lang='lat' dir='ltr'><strong>est.</strong></span> <span class='ocrx_word' id='word_1_336' title='bbox 3182 1961 3313 2015; x_wconf 83' lang='lat' dir='ltr'><strong>Nam</strong></span> <span class='ocrx_word' id='word_1_337' title='bbox 3354 1978 3475 2015; x_wconf 82' lang='lat' dir='ltr'><strong>eum</strong></span> 
     </span>
    </p>
   </div>
   <div class='ocr_carea' id='block_1_48' title="bbox 1898 2048 3474 2118">
    <p class='ocr_par' dir='ltr' id='par_1_48' title="bbox 1898 2048 3474 2118">
     <span class='ocr_line' id='line_1_48' title="bbox 1898 2048 3474 2118; baseline 0.003 -17"><span class='ocrx_word' id='word_1_338' title='bbox 1898 2063 1927 2101; x_wconf 90' lang='lat' dir='ltr'><strong>a</strong></span> <span class='ocrx_word' id='word_1_339' title='bbox 1968 2048 2238 2116; x_wconf 86' lang='lat' dir='ltr'><strong>principio</strong></span> <span class='ocrx_word' id='word_1_340' title='bbox 2267 2066 2439 2118; x_wconf 79' lang='lat' dir='ltr'><strong>genus</strong></span> <span class='ocrx_word' id='word_1_341' title='bbox 2478 2052 2761 2105; x_wconf 88' lang='lat' dir='ltr'><strong>hominum</strong></span> <span class='ocrx_word' id='word_1_342' title='bbox 2796 2069 2822 2105; x_wconf 88' lang='lat' dir='ltr'><strong>a</strong></span> <span class='ocrx_word' id='word_1_343' title='bbox 2863 2052 2971 2107; x_wconf 62' lang='lat' dir='ltr'><strong>Deo</strong></span> <span class='ocrx_word' id='word_1_344' title='bbox 3007 2054 3474 2111; x_wconf 64' lang='lat' dir='ltr'><strong>t‘xtt&#39;rtnittnverit.</strong></span> 
     </span>
    </p>
   </div>
   <div class='ocr_carea' id='block_1_49' title="bbox 1896 2144 3479 2211">
    <p class='ocr_par' dir='ltr' id='par_1_49' title="bbox 1896 2144 3479 2211">
     <span class='ocr_line' id='line_1_49' title="bbox 1896 2144 3479 2211; baseline -0.001 -16"><span class='ocrx_word' id='word_1_345' title='bbox 1896 2144 2180 2197; x_wconf 71' lang='lat' dir='ltr'><strong>contendit</strong></span> <span class='ocrx_word' id='word_1_346' title='bbox 2222 2144 2604 2211; x_wconf 73' lang='lat' dir='ltr'><strong>nihilominus,</strong></span> <span class='ocrx_word' id='word_1_347' title='bbox 2633 2158 2690 2199; x_wconf 85' lang='grc' dir='ltr'><strong>ιιι</strong></span> <span class='ocrx_word' id='word_1_348' title='bbox 2724 2147 2792 2201; x_wconf 79' lang='lat' dir='ltr'><strong>ab</strong></span> <span class='ocrx_word' id='word_1_349' title='bbox 2816 2164 2880 2201; x_wconf 86' lang='lat' dir='ltr'><strong>eo</strong></span> <span class='ocrx_word' id='word_1_350' title='bbox 2907 2150 3329 2201; x_wconf 65' lang='lat' dir='ltr'><strong>t“.lt‘,l‘illillillu1ll</strong></span> <span class='ocrx_word' id='word_1_351' title='bbox 3366 2165 3479 2197; x_wconf 56' lang='lat' dir='ltr'><strong>nu;-</strong></span> 
     </span>
    </p>
   </div>
   <div class='ocr_carea' id='block_1_50' title="bbox 1897 2236 3479 2307">
    <p class='ocr_par' dir='ltr' id='par_1_50' title="bbox 1897 2236 3479 2307">
     <span class='ocr_line' id='line_1_50' title="bbox 1897 2236 3479 2307; baseline 0.002 -21"><span class='ocrx_word' id='word_1_352' title='bbox 1897 2243 2021 2286; x_wconf 84' lang='lat' dir='ltr'><strong>ncat</strong></span> <span class='ocrx_word' id='word_1_353' title='bbox 2056 2252 2071 2288; x_wconf 88' lang='lat'><strong>:</strong></span> <span class='ocrx_word' id='word_1_354' title='bbox 2106 2243 2197 2288; x_wconf 81' lang='lat' dir='ltr'><strong>aut</strong></span> <span class='ocrx_word' id='word_1_355' title='bbox 2232 2246 2290 2290; x_wconf 93' lang='lat' dir='ltr'><strong>ut</strong></span> <span class='ocrx_word' id='word_1_356' title='bbox 2316 2236 2383 2291; x_wconf 86' lang='lat' dir='ltr'><strong>ab</strong></span> <span class='ocrx_word' id='word_1_357' title='bbox 2408 2238 2601 2291; x_wconf 80' lang='lat' dir='ltr'><strong>exsilio</strong></span> <span class='ocrx_word' id='word_1_358' title='bbox 2643 2238 2709 2291; x_wconf 85' lang='lat' dir='ltr'><strong>ad</strong></span> <span class='ocrx_word' id='word_1_359' title='bbox 2745 2237 2910 2292; x_wconf 84' lang='lat' dir='ltr'><strong>Deum</strong></span> <span class='ocrx_word' id='word_1_360' title='bbox 2946 2240 3149 2293; x_wconf 66' lang='lat' dir='ltr'><strong>tjliris:i</strong></span> <span class='ocrx_word' id='word_1_361' title='bbox 3186 2256 3351 2307; x_wconf 86' lang='lat' dir='ltr'><strong>opera</strong></span> <span class='ocrx_word' id='word_1_362' title='bbox 3397 2256 3479 2293; x_wconf 79' lang='lat' dir='ltr'><strong>re-</strong></span> 
     </span>
    </p>
   </div>
   <div class='ocr_carea' id='block_1_51' title="bbox 1895 2328 3477 2401">
    <p class='ocr_par' dir='ltr' id='par_1_51' title="bbox 1895 2328 3477 2401">
     <span class='ocr_line' id='line_1_51' title="bbox 1895 2328 3477 2401; baseline 0.002 -22"><span class='ocrx_word' id='word_1_363' title='bbox 1895 2334 2150 2380; x_wconf 83' lang='lat' dir='ltr'><strong>voeatutn</strong></span> <span class='ocrx_word' id='word_1_364' title='bbox 2203 2328 2371 2397; x_wconf 82' lang='lat' dir='ltr'><strong>(sicut</strong></span> <span class='ocrx_word' id='word_1_365' title='bbox 2421 2337 2504 2383; x_wconf 82' lang='lat' dir='ltr'><strong>est</strong></span> <span class='ocrx_word' id='word_1_366' title='bbox 2560 2330 2784 2399; x_wconf 78' lang='lat' dir='ltr'><strong>sapiens</strong></span> <span class='ocrx_word' id='word_1_367' title='bbox 2834 2332 2898 2385; x_wconf 87' lang='lat' dir='ltr'><strong>ad</strong></span> <span class='ocrx_word' id='word_1_368' title='bbox 2956 2334 3096 2386; x_wconf 76' lang='lat' dir='ltr'><strong>male</strong></span> <span class='ocrx_word' id='word_1_369' title='bbox 3146 2332 3477 2401; x_wconf 62' lang='lat' dir='ltr'><strong>faciendum)</strong></span> 
     </span>
    </p>
   </div>
   <div class='ocr_carea' id='block_1_52' title="bbox 1894 2422 3481 2495">
    <p class='ocr_par' dir='ltr' id='par_1_52' title="bbox 1894 2422 3481 2495">
     <span class='ocr_line' id='line_1_52' title="bbox 1894 2422 3481 2495; baseline 0.001 -21"><span class='ocrx_word' id='word_1_370' title='bbox 1894 2436 2113 2475; x_wconf 80' lang='lat' dir='ltr'><strong>rursum</strong></span> <span class='ocrx_word' id='word_1_371' title='bbox 2153 2422 2220 2475; x_wconf 86' lang='lat' dir='ltr'><strong>ab</strong></span> <span class='ocrx_word' id='word_1_372' title='bbox 2262 2438 2327 2475; x_wconf 86' lang='lat' dir='ltr'><strong>eo</strong></span> <span class='ocrx_word' id='word_1_373' title='bbox 2378 2438 2694 2493; x_wconf 69' lang='lat' dir='ltr'><strong>segregetur</strong></span> <span class='ocrx_word' id='word_1_374' title='bbox 2740 2434 2793 2478; x_wconf 89' lang='lat' dir='ltr'><strong>et</strong></span> <span class='ocrx_word' id='word_1_375' title='bbox 2838 2426 3072 2479; x_wconf 62' lang='lat' dir='ltr'><strong>exsuli-t.</strong></span> <span class='ocrx_word' id='word_1_376' title='bbox 3127 2426 3262 2479; x_wconf 80' lang='lat' dir='ltr'><strong>Ilinc</strong></span> <span class='ocrx_word' id='word_1_377' title='bbox 3316 2428 3481 2495; x_wconf 68' lang='lat' dir='ltr'><strong>igitur</strong></span> 
     </span>
    </p>
   </div>
   <div class='ocr_carea' id='block_1_53' title="bbox 1896 2513 3479 2583">
    <p class='ocr_par' dir='ltr' id='par_1_53' title="bbox 1896 2513 3479 2583">
     <span class='ocr_line' id='line_1_53' title="bbox 1896 2513 3479 2583; baseline 0.004 -19"><span class='ocrx_word' id='word_1_378' title='bbox 1896 2513 2084 2579; x_wconf 76' lang='lat' dir='ltr'><strong>quivis</strong></span> <span class='ocrx_word' id='word_1_379' title='bbox 2139 2515 2389 2568; x_wconf 87' lang='lat' dir='ltr'><strong>scientiis</strong></span> <span class='ocrx_word' id='word_1_380' title='bbox 2440 2517 2844 2572; x_wconf 80' lang='lat' dir='ltr'><strong>scientissimus</strong></span> <span class='ocrx_word' id='word_1_381' title='bbox 2880 2520 3076 2583; x_wconf 77' lang='lat' dir='ltr'><strong>evasit,</strong></span> <span class='ocrx_word' id='word_1_382' title='bbox 3114 2518 3431 2572; x_wconf 69' lang='lat' dir='ltr'><strong>liellenismi</strong></span> <span class='ocrx_word' id='word_1_383' title='bbox 3466 2564 3479 2581; x_wconf 89' lang='lat'><strong>,</strong></span> 
     </span>
    </p>
   </div>
   <div class='ocr_carea' id='block_1_54' title="bbox 1894 2604 3479 2673">
    <p class='ocr_par' dir='ltr' id='par_1_54' title="bbox 1894 2604 3479 2673">
     <span class='ocr_line' id='line_1_54' title="bbox 1894 2604 3479 2673; baseline 0.005 -15"><span class='ocrx_word' id='word_1_384' title='bbox 1894 2604 2185 2671; x_wconf 85' lang='lat' dir='ltr'><strong>Judaismi,</strong></span> <span class='ocrx_word' id='word_1_385' title='bbox 2222 2606 2516 2671; x_wconf 71' lang='lat' dir='ltr'><strong>luerosum,</strong></span> <span class='ocrx_word' id='word_1_386' title='bbox 2546 2609 2670 2663; x_wconf 74' lang='lat' dir='ltr'><strong>vitm</strong></span> <span class='ocrx_word' id='word_1_387' title='bbox 2697 2611 3155 2673; x_wconf 66' lang='lat' dir='ltr'><strong>orthodovorum,</strong></span> <span class='ocrx_word' id='word_1_388' title='bbox 3198 2623 3252 2667; x_wconf 89' lang='lat' dir='ltr'><strong>ct</strong></span> <span class='ocrx_word' id='word_1_389' title='bbox 3282 2617 3479 2666; x_wconf 62' lang='lat' dir='ltr'><strong>ascetio</strong></span> 
     </span>
    </p>
   </div>
   <div class='ocr_carea' id='block_1_55' title="bbox 1896 2698 3478 2771">
    <p class='ocr_par' dir='ltr' id='par_1_55' title="bbox 1896 2698 3478 2771">
     <span class='ocr_line' id='line_1_55' title="bbox 1896 2698 3478 2771; baseline 0.003 -21"><span class='ocrx_word' id='word_1_390' title='bbox 1896 2710 2083 2750; x_wconf 83' lang='lat' dir='ltr'><strong>eorum</strong></span> <span class='ocrx_word' id='word_1_391' title='bbox 2117 2698 2505 2752; x_wconf 84' lang='lat' dir='ltr'><strong>certaminum.</strong></span> <span class='ocrx_word' id='word_1_392' title='bbox 2555 2699 2633 2752; x_wconf 87' lang='lat' dir='ltr'><strong>Ac</strong></span> <span class='ocrx_word' id='word_1_393' title='bbox 2681 2716 2772 2767; x_wconf 75' lang='lat' dir='ltr'><strong>per</strong></span> <span class='ocrx_word' id='word_1_394' title='bbox 2813 2700 3203 2756; x_wconf 80' lang='lat' dir='ltr'><strong>Ileilenismum</strong></span> <span class='ocrx_word' id='word_1_395' title='bbox 3233 2704 3478 2771; x_wconf 86' lang='lat' dir='ltr'><strong>quidem,</strong></span> 
     </span>
    </p>
   </div>
   <div class='ocr_carea' id='block_1_56' title="bbox 1897 2792 3477 2861">
    <p class='ocr_par' dir='ltr' id='par_1_56' title="bbox 1897 2792 3477 2861">
     <span class='ocr_line' id='line_1_56' title="bbox 1897 2792 3477 2861; baseline 0.005 -22"><span class='ocrx_word' id='word_1_396' title='bbox 1897 2804 2101 2856; x_wconf 85' lang='lat' dir='ltr'><strong>perque</strong></span> <span class='ocrx_word' id='word_1_397' title='bbox 2141 2796 2448 2851; x_wconf 79' lang='lat' dir='ltr'><strong>externam,</strong></span> <span class='ocrx_word' id='word_1_398' title='bbox 2491 2801 2548 2843; x_wconf 93' lang='lat' dir='ltr'><strong>ut</strong></span> <span class='ocrx_word' id='word_1_399' title='bbox 2576 2800 2795 2857; x_wconf 86' lang='lat' dir='ltr'><strong>vocant,</strong></span> <span class='ocrx_word' id='word_1_400' title='bbox 2839 2792 3189 2861; x_wconf 77' lang='lat' dir='ltr'><strong>Sapientiam,</strong></span> <span class='ocrx_word' id='word_1_401' title='bbox 3225 2794 3477 2848; x_wconf 86' lang='lat' dir='ltr'><strong>homines</strong></span> 
     </span>
    </p>
   </div>
   <div class='ocr_carea' id='block_1_57' title="bbox 1896 2880 3477 2951">
    <p class='ocr_par' dir='ltr' id='par_1_57' title="bbox 1896 2880 3477 2951">
     <span class='ocr_line' id='line_1_57' title="bbox 1896 2880 3477 2951; baseline 0.003 -18"><span class='ocrx_word' id='word_1_402' title='bbox 1896 2881 1949 2933; x_wconf 91' lang='lat' dir='ltr'><strong>in</strong></span> <span class='ocrx_word' id='word_1_403' title='bbox 1986 2880 2231 2933; x_wconf 81' lang='lat' dir='ltr'><strong>fraudem</strong></span> <span class='ocrx_word' id='word_1_404' title='bbox 2268 2882 2497 2946; x_wconf 78' lang='lat' dir='ltr'><strong>inducit,</strong></span> <span class='ocrx_word' id='word_1_405' title='bbox 2534 2899 2629 2951; x_wconf 88' lang='lat' dir='ltr'><strong>per</strong></span> <span class='ocrx_word' id='word_1_406' title='bbox 2652 2883 2843 2938; x_wconf 80' lang='lat' dir='ltr'><strong>Judais</strong></span> <span class='ocrx_word' id='word_1_407' title='bbox 2869 2901 2995 2937; x_wconf 64' lang='lat' dir='ltr'><strong>rum</strong></span> <span class='ocrx_word' id='word_1_408' title='bbox 3021 2900 3168 2950; x_wconf 90' lang='lat' dir='ltr'><strong>vero,</strong></span> <span class='ocrx_word' id='word_1_409' title='bbox 3192 2894 3245 2938; x_wconf 91' lang='lat' dir='ltr'><strong>et</strong></span> <span class='ocrx_word' id='word_1_410' title='bbox 3269 2888 3477 2940; x_wconf 78' lang='lat' dir='ltr'><strong>cultum</strong></span> 
     </span>
    </p>
   </div>
   <div class='ocr_carea' id='block_1_58' title="bbox 1897 2972 3477 3049">
    <p class='ocr_par' dir='ltr' id='par_1_58' title="bbox 1897 2972 3477 3049">
     <span class='ocr_line' id='line_1_58' title="bbox 1897 2972 3477 3049; baseline 0.004 -25"><span class='ocrx_word' id='word_1_411' title='bbox 1897 2972 1989 3025; x_wconf 85' lang='lat' dir='ltr'><strong>Dei</strong></span> <span class='ocrx_word' id='word_1_412' title='bbox 2034 2974 2100 3025; x_wconf 77' lang='lat' dir='ltr'><strong>ab</strong></span> <span class='ocrx_word' id='word_1_413' title='bbox 2134 2974 2225 3026; x_wconf 91' lang='lat' dir='ltr'><strong>illo</strong></span> <span class='ocrx_word' id='word_1_414' title='bbox 2256 2976 2634 3043; x_wconf 67' lang='lat' dir='ltr'><strong>prazscriptuni</strong></span> <span class='ocrx_word' id='word_1_415' title='bbox 2660 3018 2674 3038; x_wconf 90' lang='lat'><strong>,</strong></span> <span class='ocrx_word' id='word_1_416' title='bbox 2708 2976 3123 3044; x_wconf 81' lang='lat' dir='ltr'><strong>judaizantibus</strong></span> <span class='ocrx_word' id='word_1_417' title='bbox 3158 2979 3477 3049; x_wconf 82' lang='lat' dir='ltr'><strong>persuadet,</strong></span> 
     </span>
    </p>
   </div>
   <div class='ocr_carea' id='block_1_59' title="bbox 1894 3066 3479 3140">
    <p class='ocr_par' dir='ltr' id='par_1_59' title="bbox 1894 3066 3479 3140">
     <span class='ocr_line' id='line_1_59' title="bbox 1894 3066 3479 3140; baseline 0.007 -25"><span class='ocrx_word' id='word_1_418' title='bbox 1894 3080 1989 3118; x_wconf 83' lang='lat' dir='ltr'><strong>eos</strong></span> <span class='ocrx_word' id='word_1_419' title='bbox 2023 3069 2163 3119; x_wconf 83' lang='lat' dir='ltr'><strong>bono</strong></span> <span class='ocrx_word' id='word_1_420' title='bbox 2201 3066 2253 3120; x_wconf 90' lang='lat' dir='ltr'><strong>in</strong></span> <span class='ocrx_word' id='word_1_421' title='bbox 2298 3076 2441 3119; x_wconf 90' lang='lat' dir='ltr'><strong>statu</strong></span> <span class='ocrx_word' id='word_1_422' title='bbox 2492 3071 2719 3121; x_wconf 70' lang='lat' dir='ltr'><strong>versari.</strong></span> <span class='ocrx_word' id='word_1_423' title='bbox 2776 3068 2944 3137; x_wconf 73' lang='lat' dir='ltr'><strong>lilquc</strong></span> <span class='ocrx_word' id='word_1_424' title='bbox 2997 3071 3160 3124; x_wconf 86' lang='lat' dir='ltr'><strong>etiam</strong></span> <span class='ocrx_word' id='word_1_425' title='bbox 3212 3072 3479 3140; x_wconf 79' lang='lat' dir='ltr'><strong>Agarenis</strong></span> 
     </span>
    </p>
   </div>
   <div class='ocr_carea' id='block_1_60' title="bbox 1897 3156 3474 3232">
    <p class='ocr_par' dir='ltr' id='par_1_60' title="bbox 1897 3156 3474 3232">
     <span class='ocr_line' id='line_1_60' title="bbox 1897 3156 3474 3232; baseline 0.005 -23"><span class='ocrx_word' id='word_1_426' title='bbox 1897 3156 2044 3211; x_wconf 86' lang='lat' dir='ltr'><strong>fecit.</strong></span> <span class='ocrx_word' id='word_1_427' title='bbox 2084 3157 2185 3213; x_wconf 87' lang='lat' dir='ltr'><strong>l’er</strong></span> <span class='ocrx_word' id='word_1_428' title='bbox 2221 3160 2452 3213; x_wconf 71' lang='lat' dir='ltr'><strong>haereses</strong></span> <span class='ocrx_word' id='word_1_429' title='bbox 2483 3160 2725 3211; x_wconf 78' lang='lat' dir='ltr'><strong>cultores</strong></span> <span class='ocrx_word' id='word_1_430' title='bbox 2757 3161 2846 3213; x_wconf 81' lang='lat' dir='ltr'><strong>Dei</strong></span> <span class='ocrx_word' id='word_1_431' title='bbox 2890 3162 3364 3232; x_wconf 73' lang='lat' dir='ltr'><strong>circumscriptus,</strong></span> <span class='ocrx_word' id='word_1_432' title='bbox 3402 3166 3474 3217; x_wconf 88' lang='lat' dir='ltr'><strong>ab</strong></span> 
     </span>
    </p>
   </div>
   <div class='ocr_carea' id='block_1_61' title="bbox 200 3249 3478 3329">
    <p class='ocr_par' dir='ltr' id='par_1_61' title="bbox 200 3249 3478 3329">
     <span class='ocr_line' id='line_1_61' title="bbox 200 3249 3478 3329; baseline 0.004 -32"><span class='ocrx_word' id='word_1_433' title='bbox 200 3274 227 3311; x_wconf 73' lang='grc' dir='ltr'>τ</span> <span class='ocrx_word' id='word_1_434' title='bbox 263 3260 408 3328; x_wconf 57' lang='lat' dir='ltr'><strong>siam</strong></span> <span class='ocrx_word' id='word_1_435' title='bbox 447 3275 636 3313; x_wconf 68' lang='grc' dir='ltr'><strong>γουετη</strong></span> <span class='ocrx_word' id='word_1_436' title='bbox 674 3260 745 3313; x_wconf 59' lang='lat' dir='ltr'><strong>ita</strong></span> <span class='ocrx_word' id='word_1_437' title='bbox 778 3268 1060 3313; x_wconf 66' lang='grc' dir='ltr'><strong>εοηηηιριη</strong></span> <span class='ocrx_word' id='word_1_438' title='bbox 1103 3276 1115 3310; x_wconf 74' lang='grc' dir='ltr'><em>ε</em></span> <span class='ocrx_word' id='word_1_439' title='bbox 1154 3259 1218 3311; x_wconf 72' lang='lat' dir='ltr'><strong>In</strong></span> <span class='ocrx_word' id='word_1_440' title='bbox 1258 3275 1360 3329; x_wconf 75' lang='lat' dir='ltr'><strong>quo</strong></span> <span class='ocrx_word' id='word_1_441' title='bbox 1402 3258 1610 3327; x_wconf 64' lang='lat' dir='ltr'><strong>judicio</strong></span> <span class='ocrx_word' id='word_1_442' title='bbox 1638 3260 1792 3328; x_wconf 67' lang='lat' dir='ltr'><strong>judi.</strong></span> <span class='ocrx_word' id='word_1_443' title='bbox 1821 3267 1863 3324; x_wconf 70' lang='grc' dir='ltr'>ρ</span> <span class='ocrx_word' id='word_1_444' title='bbox 1901 3265 2005 3303; x_wconf 73' lang='lat' dir='ltr'><strong>ltili]</strong></span> <span class='ocrx_word' id='word_1_445' title='bbox 2051 3250 2104 3302; x_wconf 78' lang='lat' dir='ltr'><strong>ill</strong></span> <span class='ocrx_word' id='word_1_446' title='bbox 2137 3249 2304 3305; x_wconf 73' lang='lat' dir='ltr'><strong>DCIII“</strong></span> <span class='ocrx_word' id='word_1_447' title='bbox 2342 3250 2374 3302; x_wconf 73' lang='lat' dir='ltr'><strong>ii</strong></span> <span class='ocrx_word' id='word_1_448' title='bbox 2400 3250 2447 3303; x_wconf 91' lang='lat' dir='ltr'><strong>Ie</strong></span> <span class='ocrx_word' id='word_1_449' title='bbox 2479 3251 2711 3307; x_wconf 76' lang='grc' dir='ltr'><strong>(Ιίγοιιίι.</strong></span> <span class='ocrx_word' id='word_1_450' title='bbox 2741 3254 3095 3309; x_wconf 62' lang='grc' dir='ltr'>Οιῑιιεηίυςοδ</span> <span class='ocrx_word' id='word_1_451' title='bbox 3126 3271 3345 3325; x_wconf 89' lang='lat' dir='ltr'><strong>quoque</strong></span> <span class='ocrx_word' id='word_1_452' title='bbox 3383 3273 3478 3327; x_wconf 63' lang='grc' dir='ltr'><strong>[ΜΒΓ</strong></span> 
     </span>
    </p>
   </div>
   <div class='ocr_carea' id='block_1_62' title="bbox 200 3350 1788 3418">
    <p class='ocr_par' dir='ltr' id='par_1_62' title="bbox 200 3350 1788 3418">
     <span class='ocr_line' id='line_1_62' title="bbox 200 3350 1788 3418; baseline 0.001 -15"><span class='ocrx_word' id='word_1_453' title='bbox 200 3350 416 3412; x_wconf 62' lang='lat' dir='ltr'><strong>(abitis,</strong></span> <span class='ocrx_word' id='word_1_454' title='bbox 454 3351 679 3403; x_wconf 79' lang='lat' dir='ltr'><strong>ricissim</strong></span> <span class='ocrx_word' id='word_1_455' title='bbox 706 3350 1086 3417; x_wconf 78' lang='lat' dir='ltr'><strong>judicabt’mini</strong></span> <span class='ocrx_word' id='word_1_456' title='bbox 1117 3366 1133 3403; x_wconf 88' lang='lat'><strong><em>:</em></strong></span> <span class='ocrx_word' id='word_1_457' title='bbox 1170 3360 1219 3403; x_wconf 84' lang='lat' dir='ltr'><strong>et</strong></span> <span class='ocrx_word' id='word_1_458' title='bbox 1260 3367 1362 3418; x_wconf 84' lang='lat' dir='ltr'><strong>qua</strong></span> <span class='ocrx_word' id='word_1_459' title='bbox 1395 3367 1640 3404; x_wconf 74' lang='lat' dir='ltr'><strong>mensura</strong></span> <span class='ocrx_word' id='word_1_460' title='bbox 1679 3369 1788 3405; x_wconf 83' lang='lat' dir='ltr'><strong>me-</strong></span> 
     </span>
    </p>
   </div>
   <div class='ocr_carea' id='block_1_63' title="bbox 202 3439 1791 3509">
    <p class='ocr_par' dir='ltr' id='par_1_63' title="bbox 202 3439 1791 3509">
     <span class='ocr_line' id='line_1_63' title="bbox 202 3439 1791 3509; baseline 0.003 -17"><span class='ocrx_word' id='word_1_461' title='bbox 202 3444 432 3507; x_wconf 78' lang='lat' dir='ltr'><strong>tiemiui,</strong></span> <span class='ocrx_word' id='word_1_462' title='bbox 474 3442 772 3495; x_wconf 76' lang='lat' dir='ltr'><strong>remetietur</strong></span> <span class='ocrx_word' id='word_1_463' title='bbox 806 3441 949 3493; x_wconf 79' lang='lat' dir='ltr'><strong>vobis</strong></span> <span class='ocrx_word' id='word_1_464' title='bbox 978 3439 1044 3493; x_wconf 78' lang='grc'><strong>⁵³.</strong></span> <span class='ocrx_word' id='word_1_465' title='bbox 1080 3440 1286 3494; x_wconf 78' lang='lat' dir='ltr'><strong>Idcirco</strong></span> <span class='ocrx_word' id='word_1_466' title='bbox 1321 3442 1591 3509; x_wconf 64' lang='lat' dir='ltr'><strong>prtnccilat</strong></span> <span class='ocrx_word' id='word_1_467' title='bbox 1627 3442 1791 3496; x_wconf 64' lang='lat' dir='ltr'><strong>mise-</strong></span> 
     </span>
    </p>
   </div>
   <div class='ocr_carea' id='block_1_64' title="bbox 201 3527 1789 3597">
    <p class='ocr_par' dir='ltr' id='par_1_64' title="bbox 201 3527 1789 3597">
     <span class='ocr_line' id='line_1_64' title="bbox 201 3527 1789 3597; baseline 0 -15"><span class='ocrx_word' id='word_1_468' title='bbox 201 3531 470 3591; x_wconf 84' lang='lat' dir='ltr'><strong>ricordia,</strong></span> <span class='ocrx_word' id='word_1_469' title='bbox 499 3538 552 3583; x_wconf 91' lang='lat' dir='ltr'><strong>et</strong></span> <span class='ocrx_word' id='word_1_470' title='bbox 584 3537 850 3596; x_wconf 51' lang='lat' dir='ltr'><strong>sequatur</strong></span> <span class='ocrx_word' id='word_1_471' title='bbox 869 3528 1272 3582; x_wconf 80' lang='lat' dir='ltr'><strong>misericordia.</strong></span> <span class='ocrx_word' id='word_1_472' title='bbox 1303 3527 1437 3581; x_wconf 72' lang='lat' dir='ltr'><strong>Nam</strong></span> <span class='ocrx_word' id='word_1_473' title='bbox 1465 3530 1557 3597; x_wconf 90' lang='lat' dir='ltr'><strong>qui</strong></span> <span class='ocrx_word' id='word_1_474' title='bbox 1588 3545 1612 3580; x_wconf 91' lang='lat' dir='ltr'><strong>a</strong></span> <span class='ocrx_word' id='word_1_475' title='bbox 1642 3532 1789 3597; x_wconf 64' lang='lat' dir='ltr'><strong>gravi</strong></span> 
     </span>
    </p>
   </div>
   <div class='ocr_carea' id='block_1_65' title="bbox 201 3620 1795 3688">
    <p class='ocr_par' dir='ltr' id='par_1_65' title="bbox 201 3620 1795 3688">
     <span class='ocr_line' id='line_1_65' title="bbox 201 3620 1795 3688; baseline -0.003 -10"><span class='ocrx_word' id='word_1_476' title='bbox 201 3634 254 3678; x_wconf 90' lang='lat' dir='ltr'><strong>et</strong></span> <span class='ocrx_word' id='word_1_477' title='bbox 290 3622 588 3676; x_wconf 78' lang='lat' dir='ltr'><strong>iururabili</strong></span> <span class='ocrx_word' id='word_1_478' title='bbox 623 3623 819 3674; x_wconf 67' lang='lat' dir='ltr'><strong>animae</strong></span> <span class='ocrx_word' id='word_1_479' title='bbox 852 3622 1041 3673; x_wconf 88' lang='lat' dir='ltr'><strong>morbo</strong></span> <span class='ocrx_word' id='word_1_480' title='bbox 1068 3635 1163 3688; x_wconf 89' lang='lat' dir='ltr'><strong>per</strong></span> <span class='ocrx_word' id='word_1_481' title='bbox 1190 3621 1360 3674; x_wconf 83' lang='lat' dir='ltr'><strong>solani</strong></span> <span class='ocrx_word' id='word_1_482' title='bbox 1391 3620 1485 3675; x_wconf 89' lang='lat' dir='ltr'><strong>Dei</strong></span> <span class='ocrx_word' id='word_1_483' title='bbox 1527 3621 1795 3676; x_wconf 80' lang='lat' dir='ltr'><strong>visitatio-</strong></span> 
     </span>
    </p>
   </div>
   <div class='ocr_carea' id='block_1_66' title="bbox 204 3712 1786 3782">
    <p class='ocr_par' dir='ltr' id='par_1_66' title="bbox 204 3712 1786 3782">
     <span class='ocr_line' id='line_1_66' title="bbox 204 3712 1786 3782; baseline -0.002 -12"><span class='ocrx_word' id='word_1_484' title='bbox 204 3733 324 3770; x_wconf 67' lang='lat' dir='ltr'><strong>nrin</strong></span> <span class='ocrx_word' id='word_1_485' title='bbox 360 3716 648 3771; x_wconf 75' lang='lat' dir='ltr'><strong>liberatus.</strong></span> <span class='ocrx_word' id='word_1_486' title='bbox 691 3721 746 3767; x_wconf 89' lang='lat' dir='ltr'><strong>et</strong></span> <span class='ocrx_word' id='word_1_487' title='bbox 789 3712 1041 3780; x_wconf 80' lang='lat' dir='ltr'><strong>sospitati</strong></span> <span class='ocrx_word' id='word_1_488' title='bbox 1078 3713 1364 3765; x_wconf 77' lang='lat' dir='ltr'><strong>restitutus</strong></span> <span class='ocrx_word' id='word_1_489' title='bbox 1396 3722 1477 3767; x_wconf 86' lang='lat' dir='ltr'><strong>est</strong></span> <span class='ocrx_word' id='word_1_490' title='bbox 1507 3714 1786 3782; x_wconf 77' lang='lat' dir='ltr'><strong>gaudebit,</strong></span> 
     </span>
    </p>
   </div>
   <div class='ocr_carea' id='block_1_67' title="bbox 203 3805 1789 3876">
    <p class='ocr_par' dir='ltr' id='par_1_67' title="bbox 203 3805 1789 3876">
     <span class='ocr_line' id='line_1_67' title="bbox 203 3805 1789 3876; baseline -0.002 -14"><span class='ocrx_word' id='word_1_491' title='bbox 203 3822 248 3862; x_wconf 78' lang='lat' dir='ltr'><strong>et</strong></span> <span class='ocrx_word' id='word_1_492' title='bbox 278 3807 619 3873; x_wconf 75' lang='lat' dir='ltr'><strong>evsultabit;</strong></span> <span class='ocrx_word' id='word_1_493' title='bbox 653 3816 705 3861; x_wconf 81' lang='lat' dir='ltr'><strong>et</strong></span> <span class='ocrx_word' id='word_1_494' title='bbox 732 3806 824 3876; x_wconf 89' lang='lat' dir='ltr'><strong>qui</strong></span> <span class='ocrx_word' id='word_1_495' title='bbox 861 3805 1037 3875; x_wconf 82' lang='lat' dir='ltr'><strong>ipsius</strong></span> <span class='ocrx_word' id='word_1_496' title='bbox 1085 3806 1370 3869; x_wconf 86' lang='lat' dir='ltr'><strong>misertus,</strong></span> <span class='ocrx_word' id='word_1_497' title='bbox 1420 3807 1703 3860; x_wconf 84' lang='lat' dir='ltr'><strong>sanitatem</strong></span> <span class='ocrx_word' id='word_1_498' title='bbox 1740 3807 1789 3859; x_wconf 89' lang='lat' dir='ltr'><strong>ei</strong></span> 
     </span>
    </p>
   </div>
   <div class='ocr_carea' id='block_1_68' title="bbox 205 3898 1794 3964">
    <p class='ocr_par' dir='ltr' id='par_1_68' title="bbox 205 3898 1794 3964">
     <span class='ocr_line' id='line_1_68' title="bbox 205 3898 1794 3964; baseline -0.002 -8"><span class='ocrx_word' id='word_1_499' title='bbox 205 3903 457 3964; x_wconf 77' lang='lat' dir='ltr'><strong>donavit,</strong></span> <span class='ocrx_word' id='word_1_500' title='bbox 504 3900 615 3953; x_wconf 91' lang='lat' dir='ltr'><strong>Deo</strong></span> <span class='ocrx_word' id='word_1_501' title='bbox 648 3899 931 3964; x_wconf 88' lang='lat' dir='ltr'><strong>nimirum,</strong></span> <span class='ocrx_word' id='word_1_502' title='bbox 970 3907 1078 3951; x_wconf 89' lang='lat' dir='ltr'><strong>tota</strong></span> <span class='ocrx_word' id='word_1_503' title='bbox 1122 3898 1328 3961; x_wconf 86' lang='lat' dir='ltr'><strong>anima,</strong></span> <span class='ocrx_word' id='word_1_504' title='bbox 1366 3908 1417 3951; x_wconf 92' lang='lat' dir='ltr'><strong>et</strong></span> <span class='ocrx_word' id='word_1_505' title='bbox 1448 3908 1559 3952; x_wconf 87' lang='lat' dir='ltr'><strong>tota</strong></span> <span class='ocrx_word' id='word_1_506' title='bbox 1611 3908 1794 3953; x_wconf 75' lang='lat' dir='ltr'><strong>mente</strong></span> 
     </span>
    </p>
   </div>
   <div class='ocr_carea' id='block_1_69' title="bbox 205 3989 1792 4060">
    <p class='ocr_par' dir='ltr' id='par_1_69' title="bbox 205 3989 1792 4060">
     <span class='ocr_line' id='line_1_69' title="bbox 205 3989 1792 4060; baseline 0.011 -31"><span class='ocrx_word' id='word_1_507' title='bbox 205 3996 408 4057; x_wconf 56' lang='lat'><strong>&quot;31335</strong></span> <span class='ocrx_word' id='word_1_508' title='bbox 444 4004 590 4060; x_wconf 70' lang='lat' dir='ltr'><strong>aget,</strong></span> <span class='ocrx_word' id='word_1_509' title='bbox 624 3992 837 4058; x_wconf 89' lang='lat' dir='ltr'><strong>eritque</strong></span> <span class='ocrx_word' id='word_1_510' title='bbox 868 3999 1193 4043; x_wconf 69' lang='lat' dir='ltr'><strong>mansuetus</strong></span> <span class='ocrx_word' id='word_1_511' title='bbox 1229 4006 1287 4043; x_wconf 85' lang='lat' dir='ltr'><strong>ac</strong></span> <span class='ocrx_word' id='word_1_512' title='bbox 1326 3990 1461 4042; x_wconf 70' lang='lat' dir='ltr'><strong>lenis</strong></span> <span class='ocrx_word' id='word_1_513' title='bbox 1486 4032 1499 4053; x_wconf 93' lang='lat'><strong>,</strong></span> <span class='ocrx_word' id='word_1_514' title='bbox 1543 3989 1632 4043; x_wconf 70' lang='lat' dir='ltr'><strong>Dei</strong></span> <span class='ocrx_word' id='word_1_515' title='bbox 1666 4005 1792 4059; x_wconf 77' lang='lat' dir='ltr'><strong>erga</strong></span> 
     </span>
    </p>
   </div>
   <div class='ocr_carea' id='block_1_70' title="bbox 207 4082 1791 4151">
    <p class='ocr_par' dir='ltr' id='par_1_70' title="bbox 207 4082 1791 4151">
     <span class='ocr_line' id='line_1_70' title="bbox 207 4082 1791 4151; baseline -0.002 -13"><span class='ocrx_word' id='word_1_516' title='bbox 207 4102 263 4138; x_wconf 78' lang='lat' dir='ltr'><strong>se</strong></span> <span class='ocrx_word' id='word_1_517' title='bbox 290 4083 751 4145; x_wconf 86' lang='lat' dir='ltr'><strong>miscricordiam,</strong></span> <span class='ocrx_word' id='word_1_518' title='bbox 771 4083 1183 4151; x_wconf 80' lang='lat' dir='ltr'><strong>benignitatem,</strong></span> <span class='ocrx_word' id='word_1_519' title='bbox 1208 4082 1467 4150; x_wconf 79' lang='lat' dir='ltr'><strong>pietatem</strong></span> <span class='ocrx_word' id='word_1_520' title='bbox 1492 4083 1791 4137; x_wconf 78' lang='lat' dir='ltr'><strong>admirans:</strong></span> 
     </span>
    </p>
   </div>
   <div class='ocr_carea' id='block_1_71' title="bbox 208 4170 1794 4244">
    <p class='ocr_par' dir='ltr' id='par_1_71' title="bbox 208 4170 1794 4244">
     <span class='ocr_line' id='line_1_71' title="bbox 208 4170 1794 4244; baseline -0.003 -15"><span class='ocrx_word' id='word_1_521' title='bbox 208 4194 268 4229; x_wconf 78' lang='lat' dir='ltr'><strong>ac</strong></span> <span class='ocrx_word' id='word_1_522' title='bbox 301 4187 453 4230; x_wconf 80' lang='lat' dir='ltr'><strong>totus</strong></span> <span class='ocrx_word' id='word_1_523' title='bbox 509 4177 563 4229; x_wconf 90' lang='lat' dir='ltr'><strong>in</strong></span> <span class='ocrx_word' id='word_1_524' title='bbox 610 4175 1028 4244; x_wconf 79' lang='lat' dir='ltr'><strong>benign&#39;tatcm,</strong></span> <span class='ocrx_word' id='word_1_525' title='bbox 1068 4184 1117 4227; x_wconf 90' lang='lat' dir='ltr'><strong>et</strong></span> <span class='ocrx_word' id='word_1_526' title='bbox 1153 4176 1362 4227; x_wconf 76' lang='lat' dir='ltr'><strong>viscera</strong></span> <span class='ocrx_word' id='word_1_527' title='bbox 1408 4175 1630 4243; x_wconf 80' lang='lat' dir='ltr'><strong>pietatis</strong></span> <span class='ocrx_word' id='word_1_528' title='bbox 1660 4170 1794 4227; x_wconf 83' lang='lat' dir='ltr'><strong>eii&#39;u-</strong></span> 
     </span>
    </p>
   </div>
   <div class='ocr_carea' id='block_1_72' title="bbox 208 4262 1795 4329">
    <p class='ocr_par' dir='ltr' id='par_1_72' title="bbox 208 4262 1795 4329">
     <span class='ocr_line' id='line_1_72' title="bbox 208 4262 1795 4329; baseline -0.003 -10"><span class='ocrx_word' id='word_1_529' title='bbox 208 4283 317 4329; x_wconf 73' lang='lat' dir='ltr'><strong>sus,</strong></span> <span class='ocrx_word' id='word_1_530' title='bbox 347 4264 632 4318; x_wconf 84' lang='lat' dir='ltr'><strong>similibus</strong></span> <span class='ocrx_word' id='word_1_531' title='bbox 668 4263 935 4318; x_wconf 76' lang='lat' dir='ltr'><strong>obnoxios</strong></span> <span class='ocrx_word' id='word_1_532' title='bbox 972 4262 1353 4325; x_wconf 69' lang='lat' dir='ltr'><strong>niiserabitur,</strong></span> <span class='ocrx_word' id='word_1_533' title='bbox 1400 4265 1665 4316; x_wconf 76' lang='lat' dir='ltr'><strong>adversus</strong></span> <span class='ocrx_word' id='word_1_534' title='bbox 1699 4278 1795 4315; x_wconf 85' lang='lat' dir='ltr'><strong>ne-</strong></span> 
     </span>
    </p>
   </div>
   <div class='ocr_carea' id='block_1_73' title="bbox 210 4353 1795 4423">
    <p class='ocr_par' dir='ltr' id='par_1_73' title="bbox 210 4353 1795 4423">
     <span class='ocr_line' id='line_1_73' title="bbox 210 4353 1795 4423; baseline -0.003 -13"><span class='ocrx_word' id='word_1_535' title='bbox 210 4361 409 4412; x_wconf 84' lang='lat' dir='ltr'><strong>minem</strong></span> <span class='ocrx_word' id='word_1_536' title='bbox 446 4356 649 4410; x_wconf 83' lang='lat' dir='ltr'><strong>tollens</strong></span> <span class='ocrx_word' id='word_1_537' title='bbox 682 4354 1059 4423; x_wconf 83' lang='lat' dir='ltr'><strong>supercilium,</strong></span> <span class='ocrx_word' id='word_1_538' title='bbox 1097 4353 1190 4407; x_wconf 89' lang='lat' dir='ltr'><strong>sed</strong></span> <span class='ocrx_word' id='word_1_539' title='bbox 1222 4354 1482 4407; x_wconf 83' lang='lat' dir='ltr'><strong>omnibus</strong></span> <span class='ocrx_word' id='word_1_540' title='bbox 1516 4368 1574 4407; x_wconf 93' lang='lat' dir='ltr'><strong>se</strong></span> <span class='ocrx_word' id='word_1_541' title='bbox 1604 4353 1795 4406; x_wconf 75' lang='lat' dir='ltr'><strong>hilari-</strong></span> 
     </span>
    </p>
   </div>
   <div class='ocr_carea' id='block_1_74' title="bbox 211 4447 1794 4517">
    <p class='ocr_par' dir='ltr' id='par_1_74' title="bbox 211 4447 1794 4517">
     <span class='ocr_line' id='line_1_74' title="bbox 211 4447 1794 4517; baseline 0 -16"><span class='ocrx_word' id='word_1_542' title='bbox 211 4464 291 4503; x_wconf 86' lang='lat' dir='ltr'><strong>ter</strong></span> <span class='ocrx_word' id='word_1_543' title='bbox 319 4450 645 4517; x_wconf 72' lang='lat' dir='ltr'><strong>snbjicicns.</strong></span> <span class='ocrx_word' id='word_1_544' title='bbox 680 4447 769 4501; x_wconf 85' lang='lat' dir='ltr'><strong>Sic</strong></span> <span class='ocrx_word' id='word_1_545' title='bbox 804 4462 935 4501; x_wconf 88' lang='lat' dir='ltr'><strong>sane</strong></span> <span class='ocrx_word' id='word_1_546' title='bbox 982 4454 1237 4516; x_wconf 81' lang='lat' dir='ltr'><strong>peccator</strong></span> <span class='ocrx_word' id='word_1_547' title='bbox 1283 4448 1485 4501; x_wconf 85' lang='lat' dir='ltr'><strong>omnis.</strong></span> <span class='ocrx_word' id='word_1_548' title='bbox 1529 4463 1651 4501; x_wconf 88' lang='lat' dir='ltr'><strong>eum</strong></span> <span class='ocrx_word' id='word_1_549' title='bbox 1701 4464 1794 4516; x_wconf 87' lang='lat' dir='ltr'><strong>per</strong></span> 
     </span>
    </p>
   </div>
   <div class='ocr_carea' id='block_1_75' title="bbox 210 4539 1791 4607">
    <p class='ocr_par' dir='ltr' id='par_1_75' title="bbox 210 4539 1791 4607">
     <span class='ocr_line' id='line_1_75' title="bbox 210 4539 1791 4607; baseline -0.002 -12"><span class='ocrx_word' id='word_1_550' title='bbox 210 4544 489 4596; x_wconf 62' lang='lat' dir='ltr'><strong>Christum</strong></span> <span class='ocrx_word' id='word_1_551' title='bbox 533 4558 561 4593; x_wconf 88' lang='lat' dir='ltr'><strong>a</strong></span> <span class='ocrx_word' id='word_1_552' title='bbox 608 4539 939 4593; x_wconf 86' lang='lat' dir='ltr'><strong>turbulentis</strong></span> <span class='ocrx_word' id='word_1_553' title='bbox 986 4539 1226 4592; x_wconf 74' lang='lat' dir='ltr'><strong>motibus</strong></span> <span class='ocrx_word' id='word_1_554' title='bbox 1262 4539 1550 4607; x_wconf 80' lang='lat' dir='ltr'><strong>expeditus</strong></span> <span class='ocrx_word' id='word_1_555' title='bbox 1593 4539 1791 4602; x_wconf 77' lang='lat' dir='ltr'><strong>fuerit,</strong></span> 
     </span>
    </p>
   </div>
   <div class='ocr_carea' id='block_1_76' title="bbox 1897 3342 3479 3416">
    <p class='ocr_par' dir='ltr' id='par_1_76' title="bbox 1897 3342 3479 3416">
     <span class='ocr_line' id='line_1_76' title="bbox 1897 3342 3479 3416; baseline 0.006 -22"><span class='ocrx_word' id='word_1_556' title='bbox 1897 3342 1972 3402; x_wconf 88' lang='lat' dir='ltr'><strong>id,</strong></span> <span class='ocrx_word' id='word_1_557' title='bbox 2010 3342 2155 3410; x_wconf 87' lang='lat' dir='ltr'><strong>quod</strong></span> <span class='ocrx_word' id='word_1_558' title='bbox 2195 3343 2537 3407; x_wconf 58' lang='lat' dir='ltr'><strong>orthodoxa‘,</strong></span> <span class='ocrx_word' id='word_1_559' title='bbox 2570 3358 2667 3397; x_wconf 85' lang='lat' dir='ltr'><strong>seu</strong></span> <span class='ocrx_word' id='word_1_560' title='bbox 2702 3360 2765 3398; x_wconf 74' lang='lat' dir='ltr'><strong>ex</strong></span> <span class='ocrx_word' id='word_1_561' title='bbox 2799 3360 2925 3400; x_wconf 87' lang='lat' dir='ltr'><strong>vera</strong></span> <span class='ocrx_word' id='word_1_562' title='bbox 2959 3356 3011 3399; x_wconf 92' lang='lat' dir='ltr'><strong>et</strong></span> <span class='ocrx_word' id='word_1_563' title='bbox 3041 3359 3189 3401; x_wconf 88' lang='lat' dir='ltr'><strong>recta</strong></span> <span class='ocrx_word' id='word_1_564' title='bbox 3220 3349 3479 3416; x_wconf 86' lang='lat' dir='ltr'><strong>opinione</strong></span> 
     </span>
    </p>
   </div>
   <div class='ocr_carea' id='block_1_77' title="bbox 1894 3432 3478 3504">
    <p class='ocr_par' dir='ltr' id='par_1_77' title="bbox 1894 3432 3478 3504">
     <span class='ocr_line' id='line_1_77' title="bbox 1894 3432 3478 3504; baseline 0.004 -18"><span class='ocrx_word' id='word_1_565' title='bbox 1894 3432 2158 3486; x_wconf 60' lang='lat' dir='ltr'><strong>instituta:</strong></span> <span class='ocrx_word' id='word_1_566' title='bbox 2191 3432 2313 3487; x_wconf 68' lang='lat' dir='ltr'><strong>vita:</strong></span> <span class='ocrx_word' id='word_1_567' title='bbox 2343 3434 2690 3496; x_wconf 81' lang='lat' dir='ltr'><strong>adversatur,</strong></span> <span class='ocrx_word' id='word_1_568' title='bbox 2724 3449 2820 3503; x_wconf 68' lang='lat' dir='ltr'><strong>per</strong></span> <span class='ocrx_word' id='word_1_569' title='bbox 2869 3436 3206 3504; x_wconf 84' lang='lat' dir='ltr'><strong>voluptatem</strong></span> <span class='ocrx_word' id='word_1_570' title='bbox 3245 3438 3478 3492; x_wconf 87' lang='lat' dir='ltr'><strong>scilicet.</strong></span> 
     </span>
    </p>
   </div>
   <div class='ocr_carea' id='block_1_78' title="bbox 1897 3524 3477 3594">
    <p class='ocr_par' dir='ltr' id='par_1_78' title="bbox 1897 3524 3477 3594">
     <span class='ocr_line' id='line_1_78' title="bbox 1897 3524 3477 3594; baseline 0.006 -20"><span class='ocrx_word' id='word_1_571' title='bbox 1897 3539 1993 3591; x_wconf 78' lang='lat' dir='ltr'><strong>per</strong></span> <span class='ocrx_word' id='word_1_572' title='bbox 2023 3524 2336 3589; x_wconf 78' lang='lat' dir='ltr'><strong>avaritiam,</strong></span> <span class='ocrx_word' id='word_1_573' title='bbox 2382 3534 2435 3577; x_wconf 78' lang='lat' dir='ltr'><strong>et</strong></span> <span class='ocrx_word' id='word_1_574' title='bbox 2486 3540 2682 3577; x_wconf 78' lang='lat' dir='ltr'><strong>vanam</strong></span> <span class='ocrx_word' id='word_1_575' title='bbox 2717 3526 2970 3594; x_wconf 72' lang='lat' dir='ltr'><strong>gloi-iam,</strong></span> <span class='ocrx_word' id='word_1_576' title='bbox 3012 3542 3039 3580; x_wconf 87' lang='lat' dir='ltr'><strong>a</strong></span> <span class='ocrx_word' id='word_1_577' title='bbox 3079 3530 3186 3581; x_wconf 86' lang='lat' dir='ltr'><strong>Deo</strong></span> <span class='ocrx_word' id='word_1_578' title='bbox 3237 3528 3477 3583; x_wconf 85' lang='lat' dir='ltr'><strong>abducit.</strong></span> 
     </span>
    </p>
   </div>
   <div class='ocr_carea' id='block_1_79' title="bbox 1896 3612 3477 3687">
    <p class='ocr_par' dir='ltr' id='par_1_79' title="bbox 1896 3612 3477 3687">
     <span class='ocr_line' id='line_1_79' title="bbox 1896 3612 3477 3687; baseline 0.006 -22"><span class='ocrx_word' id='word_1_579' title='bbox 1896 3612 1997 3665; x_wconf 76' lang='lat' dir='ltr'><strong>l’er</strong></span> <span class='ocrx_word' id='word_1_580' title='bbox 2030 3615 2330 3670; x_wconf 81' lang='lat' dir='ltr'><strong>asceticam</strong></span> <span class='ocrx_word' id='word_1_581' title='bbox 2386 3616 2645 3683; x_wconf 83' lang='lat' dir='ltr'><strong>denique,</strong></span> <span class='ocrx_word' id='word_1_582' title='bbox 2677 3626 2732 3671; x_wconf 90' lang='lat' dir='ltr'><strong>et</strong></span> <span class='ocrx_word' id='word_1_583' title='bbox 2788 3617 3223 3687; x_wconf 75' lang='lat' dir='ltr'><strong>philosophiram</strong></span> <span class='ocrx_word' id='word_1_584' title='bbox 3262 3620 3477 3674; x_wconf 59' lang='lat' dir='ltr'><strong>vivendi</strong></span> 
     </span>
    </p>
   </div>
   <div class='ocr_carea' id='block_1_80' title="bbox 1897 3708 3482 3781">
    <p class='ocr_par' dir='ltr' id='par_1_80' title="bbox 1897 3708 3482 3781">
     <span class='ocr_line' id='line_1_80' title="bbox 1897 3708 3482 3781; baseline 0.004 -22"><span class='ocrx_word' id='word_1_585' title='bbox 1897 3723 2172 3773; x_wconf 84' lang='lat' dir='ltr'><strong>normam,</strong></span> <span class='ocrx_word' id='word_1_586' title='bbox 2219 3708 2625 3776; x_wconf 80' lang='lat' dir='ltr'><strong>multorumque</strong></span> <span class='ocrx_word' id='word_1_587' title='bbox 2659 3710 3135 3765; x_wconf 72' lang='lat' dir='ltr'><strong>incommodorum</strong></span> <span class='ocrx_word' id='word_1_588' title='bbox 3170 3715 3482 3781; x_wconf 79' lang='lat' dir='ltr'><strong>perpessio-</strong></span> 
     </span>
    </p>
   </div>
   <div class='ocr_carea' id='block_1_81' title="bbox 1896 3802 3478 3873">
    <p class='ocr_par' dir='ltr' id='par_1_81' title="bbox 1896 3802 3478 3873">
     <span class='ocr_line' id='line_1_81' title="bbox 1896 3802 3478 3873; baseline 0.003 -20"><span class='ocrx_word' id='word_1_589' title='bbox 1896 3816 2043 3862; x_wconf 79' lang='lat' dir='ltr'><strong>nem,</strong></span> <span class='ocrx_word' id='word_1_590' title='bbox 2077 3816 2200 3853; x_wconf 88' lang='lat' dir='ltr'><strong>cum</strong></span> <span class='ocrx_word' id='word_1_591' title='bbox 2233 3810 2437 3855; x_wconf 86' lang='lat' dir='ltr'><strong>vectem</strong></span> <span class='ocrx_word' id='word_1_592' title='bbox 2473 3802 2793 3869; x_wconf 74' lang='lat' dir='ltr'><strong>subjererit,</strong></span> <span class='ocrx_word' id='word_1_593' title='bbox 2827 3802 3043 3856; x_wconf 86' lang='lat' dir='ltr'><strong>initium</strong></span> <span class='ocrx_word' id='word_1_594' title='bbox 3082 3804 3478 3873; x_wconf 76' lang='lat' dir='ltr'><strong>improbitatis.</strong></span> 
     </span>
    </p>
   </div>
   <div class='ocr_carea' id='block_1_82' title="bbox 1897 3891 3485 3963">
    <p class='ocr_par' dir='ltr' id='par_1_82' title="bbox 1897 3891 3485 3963">
     <span class='ocr_line' id='line_1_82' title="bbox 1897 3891 3485 3963; baseline 0.002 -19"><span class='ocrx_word' id='word_1_595' title='bbox 1897 3907 2088 3960; x_wconf 81' lang='lat' dir='ltr'><strong>nempe</strong></span> <span class='ocrx_word' id='word_1_596' title='bbox 2128 3892 2583 3946; x_wconf 62' lang='lat' dir='ltr'><strong>existimationem</strong></span> <span class='ocrx_word' id='word_1_597' title='bbox 2618 3893 2725 3954; x_wconf 90' lang='lat' dir='ltr'><strong>sui,</strong></span> <span class='ocrx_word' id='word_1_598' title='bbox 2759 3891 2875 3947; x_wconf 87' lang='lat' dir='ltr'><strong>sive</strong></span> <span class='ocrx_word' id='word_1_599' title='bbox 2911 3895 3309 3963; x_wconf 69' lang='lat' dir='ltr'><strong>arrogantiam,</strong></span> <span class='ocrx_word' id='word_1_600' title='bbox 3340 3898 3485 3949; x_wconf 65' lang='lat' dir='ltr'><strong>desi-</strong></span> 
     </span>
    </p>
   </div>
   <div class='ocr_carea' id='block_1_83' title="bbox 1897 3982 3481 4055">
    <p class='ocr_par' dir='ltr' id='par_1_83' title="bbox 1897 3982 3481 4055">
     <span class='ocr_line' id='line_1_83' title="bbox 1897 3982 3481 4055; baseline 0.003 -19"><span class='ocrx_word' id='word_1_601' title='bbox 1897 3984 2219 4051; x_wconf 66' lang='lat' dir='ltr'><strong>deriumque</strong></span> <span class='ocrx_word' id='word_1_602' title='bbox 2248 3982 2473 4037; x_wconf 74' lang='lat' dir='ltr'><strong>honoris</strong></span> <span class='ocrx_word' id='word_1_603' title='bbox 2498 3985 2565 4037; x_wconf 86' lang='lat' dir='ltr'><strong>ab</strong></span> <span class='ocrx_word' id='word_1_604' title='bbox 2592 3986 2909 4039; x_wconf 70' lang='lat' dir='ltr'><strong>[nominibus</strong></span> <span class='ocrx_word' id='word_1_605' title='bbox 2936 3987 3481 4055; x_wconf 78' lang='lat' dir='ltr'><strong>impotentissimuut.</strong></span> 
     </span>
    </p>
   </div>
   <div class='ocr_carea' id='block_1_84' title="bbox 1900 4076 3483 4141">
    <p class='ocr_par' dir='ltr' id='par_1_84' title="bbox 1900 4076 3483 4141">
     <span class='ocr_line' id='line_1_84' title="bbox 1900 4076 3483 4141; baseline 0.004 -13"><span class='ocrx_word' id='word_1_606' title='bbox 1900 4076 2002 4128; x_wconf 90' lang='lat' dir='ltr'><strong>hoc</strong></span> <span class='ocrx_word' id='word_1_607' title='bbox 2035 4078 2280 4129; x_wconf 90' lang='lat' dir='ltr'><strong>omnium</strong></span> <span class='ocrx_word' id='word_1_608' title='bbox 2316 4076 2577 4129; x_wconf 79' lang='lat' dir='ltr'><strong>virtutum</strong></span> <span class='ocrx_word' id='word_1_609' title='bbox 2616 4076 2957 4141; x_wconf 77' lang='lat' dir='ltr'><strong>adversario,</strong></span> <span class='ocrx_word' id='word_1_610' title='bbox 3005 4086 3057 4130; x_wconf 85' lang='lat' dir='ltr'><strong>et</strong></span> <span class='ocrx_word' id='word_1_611' title='bbox 3107 4079 3333 4133; x_wconf 87' lang='lat' dir='ltr'><strong>inimico</strong></span> <span class='ocrx_word' id='word_1_612' title='bbox 3368 4098 3483 4134; x_wconf 87' lang='lat' dir='ltr'><strong>ma-</strong></span> 
     </span>
    </p>
   </div>
   <div class='ocr_carea' id='block_1_85' title="bbox 1896 4168 3481 4237">
    <p class='ocr_par' dir='ltr' id='par_1_85' title="bbox 1896 4168 3481 4237">
     <span class='ocr_line' id='line_1_85' title="bbox 1896 4168 3481 4237; baseline 0.001 -16"><span class='ocrx_word' id='word_1_613' title='bbox 1896 4168 2272 4231; x_wconf 82' lang='lat' dir='ltr'><strong>cliinauieato,</strong></span> <span class='ocrx_word' id='word_1_614' title='bbox 2305 4169 2519 4223; x_wconf 86' lang='lat' dir='ltr'><strong>animus</strong></span> <span class='ocrx_word' id='word_1_615' title='bbox 2545 4169 2597 4221; x_wconf 92' lang='lat' dir='ltr'><strong>in</strong></span> <span class='ocrx_word' id='word_1_616' title='bbox 2624 4170 2916 4223; x_wconf 82' lang='lat' dir='ltr'><strong>sanctitate</strong></span> <span class='ocrx_word' id='word_1_617' title='bbox 2944 4184 3006 4224; x_wconf 80' lang='lat' dir='ltr'><strong>ac</strong></span> <span class='ocrx_word' id='word_1_618' title='bbox 3032 4170 3246 4237; x_wconf 85' lang='lat' dir='ltr'><strong>justitia</strong></span> <span class='ocrx_word' id='word_1_619' title='bbox 3291 4172 3481 4225; x_wconf 71' lang='lat' dir='ltr'><strong>viven-</strong></span> 
     </span>
    </p>
   </div>
   <div class='ocr_carea' id='block_1_86' title="bbox 1898 4262 3481 4329">
    <p class='ocr_par' dir='ltr' id='par_1_86' title="bbox 1898 4262 3481 4329">
     <span class='ocr_line' id='line_1_86' title="bbox 1898 4262 3481 4329; baseline 0.002 -18"><span class='ocrx_word' id='word_1_620' title='bbox 1898 4262 2031 4312; x_wconf 81' lang='lat' dir='ltr'><strong>tium</strong></span> <span class='ocrx_word' id='word_1_621' title='bbox 2067 4262 2368 4329; x_wconf 84' lang='lat' dir='ltr'><strong>prosternit</strong></span> <span class='ocrx_word' id='word_1_622' title='bbox 2414 4270 2577 4329; x_wconf 84' lang='lat' dir='ltr'><strong>atque</strong></span> <span class='ocrx_word' id='word_1_623' title='bbox 2631 4262 2921 4315; x_wconf 78' lang='lat' dir='ltr'><strong>subvertit.</strong></span> <span class='ocrx_word' id='word_1_624' title='bbox 2975 4263 3311 4325; x_wconf 77' lang='lat' dir='ltr'><strong>Quibusdam</strong></span> <span class='ocrx_word' id='word_1_625' title='bbox 3355 4264 3481 4315; x_wconf 67' lang='lat' dir='ltr'><strong>item</strong></span> 
     </span>
    </p>
   </div>
   <div class='ocr_carea' id='block_1_87' title="bbox 1901 4353 3482 4421">
    <p class='ocr_par' dir='ltr' id='par_1_87' title="bbox 1901 4353 3482 4421">
     <span class='ocr_line' id='line_1_87' title="bbox 1901 4353 3482 4421; baseline 0 -16"><span class='ocrx_word' id='word_1_626' title='bbox 1901 4356 2017 4407; x_wconf 85' lang='lat' dir='ltr'><strong>zelo</strong></span> <span class='ocrx_word' id='word_1_627' title='bbox 2056 4353 2146 4407; x_wconf 78' lang='lat' dir='ltr'><strong>llci</strong></span> <span class='ocrx_word' id='word_1_628' title='bbox 2181 4353 2407 4421; x_wconf 80' lang='lat' dir='ltr'><strong>injecto,</strong></span> <span class='ocrx_word' id='word_1_629' title='bbox 2444 4354 2536 4408; x_wconf 61' lang='lat' dir='ltr'><strong>scil</strong></span> <span class='ocrx_word' id='word_1_630' title='bbox 2575 4372 2678 4407; x_wconf 90' lang='lat' dir='ltr'><strong>non</strong></span> <span class='ocrx_word' id='word_1_631' title='bbox 2710 4354 3011 4407; x_wconf 75' lang='lat' dir='ltr'><strong>secundum</strong></span> <span class='ocrx_word' id='word_1_632' title='bbox 3058 4356 3344 4409; x_wconf 72' lang='lat' dir='ltr'><strong>scientiam</strong></span> <span class='ocrx_word' id='word_1_633' title='bbox 3378 4358 3482 4407; x_wconf 85' lang='lat' dir='ltr'><strong>mi-</strong></span> 
     </span>
    </p>
   </div>
   <div class='ocr_carea' id='block_1_88' title="bbox 1902 4446 3482 4515">
    <p class='ocr_par' dir='ltr' id='par_1_88' title="bbox 1902 4446 3482 4515">
     <span class='ocr_line' id='line_1_88' title="bbox 1902 4446 3482 4515; baseline -0.001 -16"><span class='ocrx_word' id='word_1_634' title='bbox 1902 4461 2058 4499; x_wconf 86' lang='lat' dir='ltr'><strong>seros</strong></span> <span class='ocrx_word' id='word_1_635' title='bbox 2088 4446 2211 4500; x_wconf 90' lang='lat' dir='ltr'><strong>illos</strong></span> <span class='ocrx_word' id='word_1_636' title='bbox 2265 4454 2531 4515; x_wconf 78' lang='lat' dir='ltr'><strong>tyrannos</strong></span> <span class='ocrx_word' id='word_1_637' title='bbox 2569 4446 2780 4505; x_wconf 86' lang='lat' dir='ltr'><strong>reddit,</strong></span> <span class='ocrx_word' id='word_1_638' title='bbox 2811 4446 2956 4514; x_wconf 85' lang='lat' dir='ltr'><strong>quod</strong></span> <span class='ocrx_word' id='word_1_639' title='bbox 3005 4446 3250 4514; x_wconf 73' lang='lat' dir='ltr'><strong>profecto</strong></span> <span class='ocrx_word' id='word_1_640' title='bbox 3297 4449 3482 4500; x_wconf 70' lang='lat' dir='ltr'><strong>multis</strong></span> 
     </span>
    </p>
   </div>
   <div class='ocr_carea' id='block_1_89' title="bbox 1902 4537 3485 4609">
    <p class='ocr_par' dir='ltr' id='par_1_89' title="bbox 1902 4537 3485 4609">
     <span class='ocr_line' id='line_1_89' title="bbox 1902 4537 3485 4609; baseline 0.002 -19"><span class='ocrx_word' id='word_1_641' title='bbox 1902 4537 2213 4591; x_wconf 77' lang='lat' dir='ltr'><strong>deflentium</strong></span> <span class='ocrx_word' id='word_1_642' title='bbox 2251 4548 2335 4591; x_wconf 88' lang='lat' dir='ltr'><strong>est</strong></span> <span class='ocrx_word' id='word_1_643' title='bbox 2366 4538 2623 4607; x_wconf 74' lang='lat' dir='ltr'><strong>lacrymis</strong></span> <span class='ocrx_word' id='word_1_644' title='bbox 2660 4556 2671 4589; x_wconf 88' lang='lat'>:</span> <span class='ocrx_word' id='word_1_645' title='bbox 2706 4539 2974 4607; x_wconf 90' lang='lat' dir='ltr'><strong>siquidem</strong></span> <span class='ocrx_word' id='word_1_646' title='bbox 3007 4540 3369 4609; x_wconf 65' lang='lat' dir='ltr'><strong>praesentibus</strong></span> <span class='ocrx_word' id='word_1_647' title='bbox 3398 4539 3485 4593; x_wconf 84' lang='lat' dir='ltr'><strong>t&#39;u-</strong></span> 
     </span>
    </p>
   </div>
   <div class='ocr_carea' id='block_1_90' title="bbox 214 4607 3481 4701">
    <p class='ocr_par' dir='ltr' id='par_1_90' title="bbox 214 4607 3481 4701">
     <span class='ocr_line' id='line_1_90' title="bbox 214 4607 3481 4701; baseline 0 -16"><span class='ocrx_word' id='word_1_648' title='bbox 214 4635 477 4701; x_wconf 72' lang='lat' dir='ltr'><strong>gaudebit</strong></span> <span class='ocrx_word' id='word_1_649' title='bbox 529 4640 586 4687; x_wconf 88' lang='lat' dir='ltr'><strong>et</strong></span> <span class='ocrx_word' id='word_1_650' title='bbox 632 4632 930 4687; x_wconf 80' lang='lat' dir='ltr'><strong>exsultabit</strong></span> <span class='ocrx_word' id='word_1_651' title='bbox 980 4631 1033 4684; x_wconf 92' lang='lat' dir='ltr'><strong>in</strong></span> <span class='ocrx_word' id='word_1_652' title='bbox 1078 4630 1302 4683; x_wconf 80' lang='lat' dir='ltr'><strong>salutari</strong></span> <span class='ocrx_word' id='word_1_653' title='bbox 1339 4631 1478 4697; x_wconf 73' lang='lat' dir='ltr'><strong>ejus.</strong></span> <span class='ocrx_word' id='word_1_654' title='bbox 1523 4630 1578 4682; x_wconf 91' lang='lat' dir='ltr'><strong>Si</strong></span> <span class='ocrx_word' id='word_1_655' title='bbox 1614 4645 1793 4684; x_wconf 86' lang='lat' dir='ltr'><strong>autem</strong></span> <span class='ocrx_word' id='word_1_656' title='bbox 1830 4607 1872 4661; x_wconf 69' lang='grc' dir='ltr'><strong><em>υ</em></strong></span> <span class='ocrx_word' id='word_1_657' title='bbox 1904 4632 2152 4699; x_wconf 61' lang='lat' dir='ltr'><strong>turisque</strong></span> <span class='ocrx_word' id='word_1_658' title='bbox 2191 4630 2352 4685; x_wconf 81' lang='lat' dir='ltr'><strong>bonis</strong></span> <span class='ocrx_word' id='word_1_659' title='bbox 2403 4632 2708 4699; x_wconf 78' lang='lat' dir='ltr'><strong>privamur.</strong></span> <span class='ocrx_word' id='word_1_660' title='bbox 2765 4632 2905 4695; x_wconf 87' lang='lat' dir='ltr'><strong>Quid</strong></span> <span class='ocrx_word' id='word_1_661' title='bbox 2947 4634 3090 4684; x_wconf 90' lang='lat' dir='ltr'><strong>enim</strong></span> <span class='ocrx_word' id='word_1_662' title='bbox 3128 4643 3206 4685; x_wconf 89' lang='lat' dir='ltr'><strong>est</strong></span> <span class='ocrx_word' id='word_1_663' title='bbox 3247 4634 3481 4687; x_wconf 87' lang='lat' dir='ltr'><strong>aliorum</strong></span> 
     </span>
    </p>
   </div>
   <div class='ocr_carea' id='block_1_91' title="bbox 214 4723 1798 4794">
    <p class='ocr_par' dir='ltr' id='par_1_91' title="bbox 214 4723 1798 4794">
     <span class='ocr_line' id='line_1_91' title="bbox 214 4723 1798 4794; baseline 0 -19"><span class='ocrx_word' id='word_1_664' title='bbox 214 4736 330 4794; x_wconf 85' lang='lat' dir='ltr'><strong>post</strong></span> <span class='ocrx_word' id='word_1_665' title='bbox 374 4728 674 4781; x_wconf 84' lang='lat' dir='ltr'><strong>sanitatem</strong></span> <span class='ocrx_word' id='word_1_666' title='bbox 720 4723 1003 4786; x_wconf 72' lang='lat' dir='ltr'><strong>efferatur,</strong></span> <span class='ocrx_word' id='word_1_667' title='bbox 1036 4738 1207 4792; x_wconf 89' lang='lat' dir='ltr'><strong>prope</strong></span> <span class='ocrx_word' id='word_1_668' title='bbox 1249 4732 1331 4775; x_wconf 77' lang='lat' dir='ltr'><strong>est</strong></span> <span class='ocrx_word' id='word_1_669' title='bbox 1375 4733 1645 4792; x_wconf 81' lang='lat' dir='ltr'><strong>tyrannus</strong></span> <span class='ocrx_word' id='word_1_670' title='bbox 1678 4724 1798 4777; x_wconf 80' lang='lat' dir='ltr'><strong>dia-</strong></span> 
     </span>
    </p>
   </div>
   <div class='ocr_carea' id='block_1_92' title="bbox 213 4816 1788 4885">
    <p class='ocr_par' dir='ltr' id='par_1_92' title="bbox 213 4816 1788 4885">
     <span class='ocr_line' id='line_1_92' title="bbox 213 4816 1788 4885; baseline 0 -16"><span class='ocrx_word' id='word_1_671' title='bbox 213 4820 385 4879; x_wconf 87' lang='lat' dir='ltr'><strong>bolus,</strong></span> <span class='ocrx_word' id='word_1_672' title='bbox 420 4825 476 4872; x_wconf 83' lang='lat' dir='ltr'><strong>et</strong></span> <span class='ocrx_word' id='word_1_673' title='bbox 509 4818 651 4885; x_wconf 88' lang='lat' dir='ltr'><strong>apud</strong></span> <span class='ocrx_word' id='word_1_674' title='bbox 688 4831 783 4869; x_wconf 88' lang='lat' dir='ltr'><strong>eos</strong></span> <span class='ocrx_word' id='word_1_675' title='bbox 836 4816 1199 4868; x_wconf 79' lang='lat' dir='ltr'><strong>instrumenta</strong></span> <span class='ocrx_word' id='word_1_676' title='bbox 1250 4824 1551 4867; x_wconf 62' lang='lat' dir='ltr'><strong>motionum</strong></span> <span class='ocrx_word' id='word_1_677' title='bbox 1591 4817 1788 4869; x_wconf 83' lang='lat' dir='ltr'><strong>rationi</strong></span> 
     </span>
    </p>
   </div>
   <div class='ocr_carea' id='block_1_93' title="bbox 213 4906 1792 4973">
    <p class='ocr_par' dir='ltr' id='par_1_93' title="bbox 213 4906 1792 4973">
     <span class='ocr_line' id='line_1_93' title="bbox 213 4906 1792 4973; baseline -0.004 -8"><span class='ocrx_word' id='word_1_678' title='bbox 213 4928 314 4966; x_wconf 91' lang='lat' dir='ltr'><strong>non</strong></span> <span class='ocrx_word' id='word_1_679' title='bbox 370 4910 775 4966; x_wconf 87' lang='lat' dir='ltr'><strong>obedientium.</strong></span> <span class='ocrx_word' id='word_1_680' title='bbox 830 4906 1014 4961; x_wconf 83' lang='lat' dir='ltr'><strong>Gratia</strong></span> <span class='ocrx_word' id='word_1_681' title='bbox 1059 4907 1260 4960; x_wconf 67' lang='lat' dir='ltr'><strong>(liiristi</strong></span> <span class='ocrx_word' id='word_1_682' title='bbox 1313 4926 1369 4959; x_wconf 78' lang='lat' dir='ltr'><strong>si:</strong></span> <span class='ocrx_word' id='word_1_683' title='bbox 1407 4908 1700 4973; x_wconf 84' lang='lat' dir='ltr'><strong>subducet,</strong></span> <span class='ocrx_word' id='word_1_684' title='bbox 1740 4920 1792 4962; x_wconf 88' lang='lat' dir='ltr'><strong>et</strong></span> 
     </span>
    </p>
   </div>
   <div class='ocr_carea' id='block_1_94' title="bbox 210 5000 1791 5073">
    <p class='ocr_par' dir='ltr' id='par_1_94' title="bbox 210 5000 1791 5073">
     <span class='ocr_line' id='line_1_94' title="bbox 210 5000 1791 5073; baseline -0.003 -14"><span class='ocrx_word' id='word_1_685' title='bbox 210 5006 417 5059; x_wconf 73' lang='lat' dir='ltr'><strong>daemon</strong></span> <span class='ocrx_word' id='word_1_686' title='bbox 455 5004 681 5073; x_wconf 87' lang='lat' dir='ltr'><strong>propior</strong></span> <span class='ocrx_word' id='word_1_687' title='bbox 726 5000 926 5063; x_wconf 86' lang='lat' dir='ltr'><strong>factus,</strong></span> <span class='ocrx_word' id='word_1_688' title='bbox 964 5008 1142 5050; x_wconf 86' lang='lat' dir='ltr'><strong>mente</strong></span> <span class='ocrx_word' id='word_1_689' title='bbox 1181 5012 1475 5060; x_wconf 85' lang='lat' dir='ltr'><strong>concussa,</strong></span> <span class='ocrx_word' id='word_1_690' title='bbox 1517 5014 1612 5068; x_wconf 77' lang='lat' dir='ltr'><strong>per</strong></span> <span class='ocrx_word' id='word_1_691' title='bbox 1662 5014 1791 5054; x_wconf 86' lang='lat' dir='ltr'><strong>cor-</strong></span> 
     </span>
    </p>
   </div>
   <div class='ocr_carea' id='block_1_95' title="bbox 212 5090 1193 5167">
    <p class='ocr_par' dir='ltr' id='par_1_95' title="bbox 212 5090 1193 5167">
     <span class='ocr_line' id='line_1_95' title="bbox 212 5090 1193 5167; baseline -0.007 -16"><span class='ocrx_word' id='word_1_692' title='bbox 212 5112 311 5167; x_wconf 88' lang='lat' dir='ltr'><strong>pus</strong></span> <span class='ocrx_word' id='word_1_693' title='bbox 345 5097 630 5153; x_wconf 84' lang='lat' dir='ltr'><strong>deteriora</strong></span> <span class='ocrx_word' id='word_1_694' title='bbox 664 5094 944 5164; x_wconf 87' lang='lat' dir='ltr'><strong>prioribus</strong></span> <span class='ocrx_word' id='word_1_695' title='bbox 976 5092 1079 5145; x_wconf 69' lang='lat' dir='ltr'><strong>el‘lii</strong></span> <span class='ocrx_word' id='word_1_696' title='bbox 1102 5090 1193 5144; x_wconf 89' lang='lat' dir='ltr'><strong>iet.</strong></span> 
     </span>
    </p>
   </div>
   <div class='ocr_carea' id='block_1_96' title="bbox 784 5205 1226 5261">
    <p class='ocr_par' dir='ltr' id='par_1_96' title="bbox 784 5205 1226 5261">
     <span class='ocr_line' id='line_1_96' title="bbox 784 5205 1226 5261; baseline -0.005 -1"><span class='ocrx_word' id='word_1_697' title='bbox 784 5205 1042 5261; x_wconf 69' lang='lat' dir='ltr'><strong>ORATIO</strong></span> <span class='ocrx_word' id='word_1_698' title='bbox 1088 5205 1226 5258; x_wconf 69' lang='lat' dir='ltr'><strong>Xill.</strong></span> 
     </span>
    </p>
   </div>
   <div class='ocr_carea' id='block_1_97' title="bbox 800 5322 1197 5376">
    <p class='ocr_par' dir='ltr' id='par_1_97' title="bbox 800 5322 1197 5376">
     <span class='ocr_line' id='line_1_97' title="bbox 800 5322 1197 5376; baseline -0.01 0"><span class='ocrx_word' id='word_1_699' title='bbox 800 5322 1197 5376; x_wconf 63' lang='grc' dir='ltr'>Αιιοιτιιεκτιτιι.</span> 
     </span>
    </p>
   </div>
   <div class='ocr_carea' id='block_1_98' title="bbox 218 5434 1791 5507">
    <p class='ocr_par' dir='ltr' id='par_1_98' title="bbox 218 5434 1791 5507">
     <span class='ocr_line' id='line_1_98' title="bbox 218 5434 1791 5507; baseline -0.004 -15"><span class='ocrx_word' id='word_1_700' title='bbox 218 5442 457 5507; x_wconf 75' lang='lat' dir='ltr'><strong>Quinque</strong></span> <span class='ocrx_word' id='word_1_701' title='bbox 491 5454 700 5505; x_wconf 79' lang='lat' dir='ltr'><strong>magna:</strong></span> <span class='ocrx_word' id='word_1_702' title='bbox 729 5446 869 5489; x_wconf 80' lang='lat' dir='ltr'><strong>artes</strong></span> <span class='ocrx_word' id='word_1_703' title='bbox 894 5435 1113 5488; x_wconf 74' lang='lat' dir='ltr'><strong>diaboli.</strong></span> <span class='ocrx_word' id='word_1_704' title='bbox 1135 5434 1405 5507; x_wconf 80' lang='lat' dir='ltr'><strong>Quidquid</strong></span> <span class='ocrx_word' id='word_1_705' title='bbox 1435 5434 1555 5487; x_wconf 79' lang='lat' dir='ltr'><strong>boui</strong></span> <span class='ocrx_word' id='word_1_706' title='bbox 1579 5444 1791 5507; x_wconf 78' lang='lat' dir='ltr'><strong>propter</strong></span> 
     </span>
    </p>
   </div>
   <div class='ocr_carea' id='block_1_99' title="bbox 288 5505 1796 5575">
    <p class='ocr_par' dir='ltr' id='par_1_99' title="bbox 288 5505 1796 5575">
     <span class='ocr_line' id='line_1_99' title="bbox 288 5505 1796 5575; baseline -0.003 -14"><span class='ocrx_word' id='word_1_707' title='bbox 288 5505 451 5569; x_wconf 74' lang='lat' dir='ltr'><strong>Deum</strong></span> <span class='ocrx_word' id='word_1_708' title='bbox 495 5514 606 5575; x_wconf 81' lang='lat' dir='ltr'><strong>agit</strong></span> <span class='ocrx_word' id='word_1_709' title='bbox 642 5510 795 5561; x_wconf 82' lang='lat' dir='ltr'><strong>Itonia</strong></span> <span class='ocrx_word' id='word_1_710' title='bbox 838 5508 890 5559; x_wconf 86' lang='lat' dir='ltr'><strong>id</strong></span> <span class='ocrx_word' id='word_1_711' title='bbox 926 5521 1077 5573; x_wconf 76' lang='lat' dir='ltr'><strong>agerc</strong></span> <span class='ocrx_word' id='word_1_712' title='bbox 1111 5505 1185 5556; x_wconf 81' lang='lat' dir='ltr'><strong>r.l</strong></span> <span class='ocrx_word' id='word_1_713' title='bbox 1213 5509 1338 5571; x_wconf 74' lang='lat' dir='ltr'><strong>quia</strong></span> <span class='ocrx_word' id='word_1_714' title='bbox 1388 5508 1538 5571; x_wconf 74' lang='lat' dir='ltr'><strong>petit,</strong></span> <span class='ocrx_word' id='word_1_715' title='bbox 1566 5506 1644 5557; x_wconf 78' lang='lat' dir='ltr'><strong>vel</strong></span> <span class='ocrx_word' id='word_1_716' title='bbox 1671 5508 1796 5574; x_wconf 77' lang='lat' dir='ltr'><strong>quia</strong></span> 
     </span>
    </p>
   </div>
   <div class='ocr_carea' id='block_1_100' title="bbox 283 5575 1796 5647">
    <p class='ocr_par' dir='ltr' id='par_1_100' title="bbox 283 5575 1796 5647">
     <span class='ocr_line' id='line_1_100' title="bbox 283 5575 1796 5647; baseline -0.004 -16"><span class='ocrx_word' id='word_1_717' title='bbox 283 5582 489 5643; x_wconf 75' lang='lat' dir='ltr'><strong>qratias</strong></span> <span class='ocrx_word' id='word_1_718' title='bbox 524 5582 651 5647; x_wconf 71' lang='lat' dir='ltr'><strong>ng‘l.</strong></span> <span class='ocrx_word' id='word_1_719' title='bbox 680 5577 954 5643; x_wconf 66' lang='lat' dir='ltr'><strong>Quomodo</strong></span> <span class='ocrx_word' id='word_1_720' title='bbox 982 5576 1219 5647; x_wconf 64' lang='lat' dir='ltr'><strong>volunt/ts</strong></span> <span class='ocrx_word' id='word_1_721' title='bbox 1255 5575 1360 5627; x_wconf 80' lang='lat' dir='ltr'><strong>reri</strong></span> <span class='ocrx_word' id='word_1_722' title='bbox 1396 5576 1650 5635; x_wconf 75' lang='lat' dir='ltr'><strong>cupientis</strong></span> <span class='ocrx_word' id='word_1_723' title='bbox 1684 5576 1796 5627; x_wconf 78' lang='lat' dir='ltr'><strong>sul-</strong></span> 
     </span>
    </p>
   </div>
   <div class='ocr_carea' id='block_1_101' title="bbox 284 5644 1795 5710">
    <p class='ocr_par' dir='ltr' id='par_1_101' title="bbox 284 5644 1795 5710">
     <span class='ocr_line' id='line_1_101' title="bbox 284 5644 1795 5710; baseline -0.005 -9"><span class='ocrx_word' id='word_1_724' title='bbox 284 5653 419 5710; x_wconf 75' lang='lat' dir='ltr'><strong>r-iri,</strong></span> <span class='ocrx_word' id='word_1_725' title='bbox 464 5644 694 5701; x_wconf 66' lang='lat' dir='ltr'><strong>salutent</strong></span> <span class='ocrx_word' id='word_1_726' title='bbox 726 5648 853 5699; x_wconf 76' lang='lat' dir='ltr'><strong>t-ellc</strong></span> <span class='ocrx_word' id='word_1_727' title='bbox 893 5647 1097 5697; x_wconf 79' lang='lat' dir='ltr'><strong>debeat.</strong></span> <span class='ocrx_word' id='word_1_728' title='bbox 1134 5644 1367 5707; x_wconf 77' lang='lat' dir='ltr'><strong>Quorum</strong></span> <span class='ocrx_word' id='word_1_729' title='bbox 1413 5660 1502 5694; x_wconf 74' lang='lat' dir='ltr'><strong>r.-.t‘</strong></span> <span class='ocrx_word' id='word_1_730' title='bbox 1542 5647 1632 5704; x_wconf 65' lang='lat' dir='ltr'><strong>sit,</strong></span> <span class='ocrx_word' id='word_1_731' title='bbox 1666 5662 1795 5709; x_wconf 75' lang='lat' dir='ltr'><strong>(pin-</strong></span> 
     </span>
    </p>
   </div>
   <div class='ocr_carea' id='block_1_102' title="bbox 287 5716 1787 5785">
    <p class='ocr_par' dir='ltr' id='par_1_102' title="bbox 287 5716 1787 5785">
     <span class='ocr_line' id='line_1_102' title="bbox 287 5716 1787 5785; baseline -0.005 -14"><span class='ocrx_word' id='word_1_732' title='bbox 287 5738 401 5773; x_wconf 72' lang='lat' dir='ltr'><strong>rttiu</strong></span> <span class='ocrx_word' id='word_1_733' title='bbox 434 5736 540 5770; x_wconf 82' lang='lat' dir='ltr'><strong>nou</strong></span> <span class='ocrx_word' id='word_1_734' title='bbox 567 5720 658 5777; x_wconf 78' lang='lat' dir='ltr'><strong>sit,</strong></span> <span class='ocrx_word' id='word_1_735' title='bbox 694 5719 737 5769; x_wconf 82' lang='lat' dir='ltr'><strong>is</strong></span> <span class='ocrx_word' id='word_1_736' title='bbox 765 5718 853 5785; x_wconf 80' lang='lat' dir='ltr'><strong>qui</strong></span> <span class='ocrx_word' id='word_1_737' title='bbox 886 5727 961 5769; x_wconf 80' lang='lat' dir='ltr'><strong>est</strong></span> <span class='ocrx_word' id='word_1_738' title='bbox 1002 5716 1279 5776; x_wconf 65' lang='lat' dir='ltr'><strong>Dominus,</strong></span> <span class='ocrx_word' id='word_1_739' title='bbox 1318 5725 1365 5767; x_wconf 85' lang='lat' dir='ltr'><strong>et</strong></span> <span class='ocrx_word' id='word_1_740' title='bbox 1401 5730 1491 5766; x_wconf 68' lang='lat' dir='ltr'><strong>rex</strong></span> <span class='ocrx_word' id='word_1_741' title='bbox 1535 5716 1787 5766; x_wconf 51' lang='lat' dir='ltr'><strong>muniunt.</strong></span> 
     </span>
    </p>
   </div>
   <div class='ocr_carea' id='block_1_103' title="bbox 286 5825 1797 5898">
    <p class='ocr_par' dir='ltr' id='par_1_103' title="bbox 286 5825 1797 5898">
     <span class='ocr_line' id='line_1_103' title="bbox 286 5825 1797 5898; baseline -0.006 -16"><span class='ocrx_word' id='word_1_742' title='bbox 286 5832 424 5897; x_wconf 77' lang='lat' dir='ltr'><strong>Quia</strong></span> <span class='ocrx_word' id='word_1_743' title='bbox 460 5830 715 5884; x_wconf 85' lang='lat' dir='ltr'><strong>diabolus</strong></span> <span class='ocrx_word' id='word_1_744' title='bbox 743 5839 825 5883; x_wconf 86' lang='lat' dir='ltr'><strong>est</strong></span> <span class='ocrx_word' id='word_1_745' title='bbox 875 5828 1101 5898; x_wconf 85' lang='lat' dir='ltr'><strong>spiritus</strong></span> <span class='ocrx_word' id='word_1_746' title='bbox 1141 5825 1511 5893; x_wconf 53' lang='lat' dir='ltr'><strong>intelligentia!</strong></span> <span class='ocrx_word' id='word_1_747' title='bbox 1544 5840 1797 5893; x_wconf 69' lang='lat' dir='ltr'><strong>compos,</strong></span> 
     </span>
    </p>
   </div>
   <div class='ocr_carea' id='block_1_104' title="bbox 289 5942 1295 6011">
    <p class='ocr_par' dir='ltr' id='par_1_104' title="bbox 289 5942 1295 6011">
     <span class='ocr_line' id='line_1_104' title="bbox 289 5942 1295 6011; baseline -0.008 -8"><span class='ocrx_word' id='word_1_748' title='bbox 289 5950 327 5979; x_wconf 63' lang='grc' dir='ltr'><strong>δ’</strong></span> <span class='ocrx_word' id='word_1_749' title='bbox 375 5946 547 6002; x_wconf 83' lang='lat' dir='ltr'><strong>lCor.</strong></span> <span class='ocrx_word' id='word_1_750' title='bbox 586 5962 623 6011; x_wconf 86' lang='lat' dir='ltr'><strong>i,</strong></span> <span class='ocrx_word' id='word_1_751' title='bbox 665 5945 750 5999; x_wconf 75' lang='lat' dir='ltr'><strong>&#39;Jl.</strong></span> <span class='ocrx_word' id='word_1_752' title='bbox 830 5944 1061 6003; x_wconf 69' lang='lat' dir='ltr'><strong>&quot;.‘lattli</strong></span> <span class='ocrx_word' id='word_1_753' title='bbox 1116 5959 1205 6000; x_wconf 54' lang='grc' dir='ltr'>ιιει</span> <span class='ocrx_word' id='word_1_754' title='bbox 1246 5942 1295 5999; x_wconf 73' lang='lat'><strong>3.</strong></span> 
     </span>
    </p>
   </div>
   <div class='ocr_carea' id='block_1_105' title="bbox 1387 5941 1891 5995">
    <p class='ocr_par' dir='ltr' id='par_1_105' title="bbox 1387 5941 1891 5995">
     <span class='ocr_line' id='line_1_105' title="bbox 1387 5941 1891 5995; baseline 0 0"><span class='ocrx_word' id='word_1_755' title='bbox 1387 5952 1419 5975; x_wconf 56' lang='grc' dir='ltr'><strong>’θ’</strong></span> <span class='ocrx_word' id='word_1_756' title='bbox 1467 5941 1629 5995; x_wconf 50' lang='lat' dir='ltr'><strong>libs-il.</strong></span> <span class='ocrx_word' id='word_1_757' title='bbox 1673 5958 1773 5994; x_wconf 64' lang='grc' dir='ltr'>λιν.</span> <span class='ocrx_word' id='word_1_758' title='bbox 1818 5942 1891 5995; x_wconf 32' lang='lat' dir='ltr'><strong>li.</strong></span> 
     </span>
    </p>
   </div>
   <div class='ocr_carea' id='block_1_106' title="bbox 1898 4724 3479 4793">
    <p class='ocr_par' dir='ltr' id='par_1_106' title="bbox 1898 4724 3479 4793">
     <span class='ocr_line' id='line_1_106' title="bbox 1898 4724 3479 4793; baseline 0.001 -14"><span class='ocrx_word' id='word_1_759' title='bbox 1898 4726 2143 4779; x_wconf 89' lang='lat' dir='ltr'><strong>omnium</strong></span> <span class='ocrx_word' id='word_1_760' title='bbox 2176 4725 2449 4787; x_wconf 87' lang='lat' dir='ltr'><strong>interitus,</strong></span> <span class='ocrx_word' id='word_1_761' title='bbox 2478 4724 2522 4777; x_wconf 91' lang='lat' dir='ltr'><strong>si</strong></span> <span class='ocrx_word' id='word_1_762' title='bbox 2555 4740 2679 4777; x_wconf 68' lang='lat' dir='ltr'><strong>rum</strong></span> <span class='ocrx_word' id='word_1_763' title='bbox 2720 4724 2907 4776; x_wconf 85' lang='lat' dir='ltr'><strong>talium</strong></span> <span class='ocrx_word' id='word_1_764' title='bbox 2949 4726 3228 4779; x_wconf 83' lang='lat' dir='ltr'><strong>hominum</strong></span> <span class='ocrx_word' id='word_1_765' title='bbox 3263 4726 3479 4793; x_wconf 85' lang='lat' dir='ltr'><strong>jactura</strong></span> 
     </span>
    </p>
   </div>
   <div class='ocr_carea' id='block_1_107' title="bbox 1903 4814 3486 4884">
    <p class='ocr_par' dir='ltr' id='par_1_107' title="bbox 1903 4814 3486 4884">
     <span class='ocr_line' id='line_1_107' title="bbox 1903 4814 3486 4884; baseline 0.001 -14"><span class='ocrx_word' id='word_1_766' title='bbox 1903 4815 2288 4884; x_wconf 78' lang='lat' dir='ltr'><strong>comparetur?</strong></span> <span class='ocrx_word' id='word_1_767' title='bbox 2315 4814 2443 4868; x_wconf 64' lang='lat' dir='ltr'><strong>Haec</strong></span> <span class='ocrx_word' id='word_1_768' title='bbox 2475 4831 2708 4884; x_wconf 81' lang='lat' dir='ltr'><strong>namque</strong></span> <span class='ocrx_word' id='word_1_769' title='bbox 2746 4815 3042 4881; x_wconf 68' lang='lat' dir='ltr'><strong>singularis</strong></span> <span class='ocrx_word' id='word_1_770' title='bbox 3073 4826 3155 4870; x_wconf 89' lang='lat' dir='ltr'><strong>est</strong></span> <span class='ocrx_word' id='word_1_771' title='bbox 3188 4830 3241 4871; x_wconf 88' lang='lat' dir='ltr'><strong>ct</strong></span> <span class='ocrx_word' id='word_1_772' title='bbox 3276 4820 3486 4872; x_wconf 81' lang='lat' dir='ltr'><strong>inconi-</strong></span> 
     </span>
    </p>
   </div>
   <div class='ocr_carea' id='block_1_108' title="bbox 1905 4907 3479 4980">
    <p class='ocr_par' dir='ltr' id='par_1_108' title="bbox 1905 4907 3479 4980">
     <span class='ocr_line' id='line_1_108' title="bbox 1905 4907 3479 4980; baseline 0.003 -21"><span class='ocrx_word' id='word_1_773' title='bbox 1905 4908 2490 4977; x_wconf 70' lang='lat' dir='ltr'><strong>parabiliscalamitas.</strong></span> <span class='ocrx_word' id='word_1_774' title='bbox 2520 4907 2782 4975; x_wconf 79' lang='lat' dir='ltr'><strong>Sequitur</strong></span> <span class='ocrx_word' id='word_1_775' title='bbox 2801 4924 2932 4977; x_wconf 83' lang='lat' dir='ltr'><strong>ergo</strong></span> <span class='ocrx_word' id='word_1_776' title='bbox 2954 4918 3008 4961; x_wconf 87' lang='lat' dir='ltr'><strong>ut</strong></span> <span class='ocrx_word' id='word_1_777' title='bbox 3041 4910 3479 4980; x_wconf 75' lang='lat' dir='ltr'><strong>investigandum</strong></span> 
     </span>
    </p>
   </div>
   <div class='ocr_carea' id='block_1_109' title="bbox 1905 4998 3473 5068">
    <p class='ocr_par' dir='ltr' id='par_1_109' title="bbox 1905 4998 3473 5068">
     <span class='ocr_line' id='line_1_109' title="bbox 1905 4998 3473 5068; baseline -0.003 -13"><span class='ocrx_word' id='word_1_778' title='bbox 1905 5006 1999 5057; x_wconf 76' lang='lat' dir='ltr'><strong>sit.</strong></span> <span class='ocrx_word' id='word_1_779' title='bbox 2044 5015 2153 5068; x_wconf 89' lang='lat' dir='ltr'><strong>quo</strong></span> <span class='ocrx_word' id='word_1_780' title='bbox 2194 5006 2354 5067; x_wconf 87' lang='lat' dir='ltr'><strong>pacto</strong></span> <span class='ocrx_word' id='word_1_781' title='bbox 2398 4998 2518 5065; x_wconf 84' lang='lat' dir='ltr'><strong>ejus</strong></span> <span class='ocrx_word' id='word_1_782' title='bbox 2572 4999 2804 5051; x_wconf 87' lang='lat' dir='ltr'><strong>insidias</strong></span> <span class='ocrx_word' id='word_1_783' title='bbox 2838 4999 3169 5052; x_wconf 87' lang='lat' dir='ltr'><strong>devitemus.</strong></span> <span class='ocrx_word' id='word_1_784' title='bbox 3224 5002 3276 5052; x_wconf 78' lang='grc' dir='ltr'><strong>ιιι</strong></span> <span class='ocrx_word' id='word_1_785' title='bbox 3327 5003 3473 5053; x_wconf 72' lang='lat' dir='ltr'><strong>alitei</strong></span> 
     </span>
    </p>
   </div>
   <div class='ocr_carea' id='block_1_110' title="bbox 1904 5089 3481 5158">
    <p class='ocr_par' dir='ltr' id='par_1_110' title="bbox 1904 5089 3481 5158">
     <span class='ocr_line' id='line_1_110' title="bbox 1904 5089 3481 5158; baseline -0.003 -13"><span class='ocrx_word' id='word_1_786' title='bbox 1904 5091 2137 5145; x_wconf 80' lang='lat' dir='ltr'><strong>inveniri</strong></span> <span class='ocrx_word' id='word_1_787' title='bbox 2173 5106 2280 5143; x_wconf 89' lang='lat' dir='ltr'><strong>non</strong></span> <span class='ocrx_word' id='word_1_788' title='bbox 2313 5100 2510 5158; x_wconf 89' lang='lat' dir='ltr'><strong>potest,</strong></span> <span class='ocrx_word' id='word_1_789' title='bbox 2548 5090 2653 5142; x_wconf 86' lang='lat' dir='ltr'><strong>nisi</strong></span> <span class='ocrx_word' id='word_1_790' title='bbox 2688 5089 2752 5141; x_wconf 88' lang='lat' dir='ltr'><strong>ad</strong></span> <span class='ocrx_word' id='word_1_791' title='bbox 2787 5101 3086 5143; x_wconf 80' lang='lat' dir='ltr'><strong>extremam</strong></span> <span class='ocrx_word' id='word_1_792' title='bbox 3120 5092 3481 5145; x_wconf 66' lang='lat' dir='ltr'><strong>humilitatem</strong></span> 
     </span>
    </p>
   </div>
   <div class='ocr_carea' id='block_1_111' title="bbox 1902 5182 3482 5251">
    <p class='ocr_par' dir='ltr' id='par_1_111' title="bbox 1902 5182 3482 5251">
     <span class='ocr_line' id='line_1_111' title="bbox 1902 5182 3482 5251; baseline 0.001 -16"><span class='ocrx_word' id='word_1_793' title='bbox 1902 5183 2091 5245; x_wconf 86' lang='lat' dir='ltr'><strong>animi,</strong></span> <span class='ocrx_word' id='word_1_794' title='bbox 2126 5192 2180 5235; x_wconf 83' lang='lat' dir='ltr'><strong>et</strong></span> <span class='ocrx_word' id='word_1_795' title='bbox 2226 5197 2497 5235; x_wconf 84' lang='lat' dir='ltr'><strong>summam</strong></span> <span class='ocrx_word' id='word_1_796' title='bbox 2545 5182 2938 5235; x_wconf 87' lang='lat' dir='ltr'><strong>contritionem</strong></span> <span class='ocrx_word' id='word_1_797' title='bbox 2976 5184 3177 5245; x_wconf 80' lang='lat' dir='ltr'><strong>cordis,</strong></span> <span class='ocrx_word' id='word_1_798' title='bbox 3213 5196 3374 5251; x_wconf 79' lang='lat' dir='ltr'><strong>atque</strong></span> <span class='ocrx_word' id='word_1_799' title='bbox 3417 5188 3482 5238; x_wconf 72' lang='lat' dir='ltr'><strong>ail</strong></span> 
     </span>
    </p>
   </div>
   <div class='ocr_carea' id='block_1_112' title="bbox 1903 5273 3481 5341">
    <p class='ocr_par' dir='ltr' id='par_1_112' title="bbox 1903 5273 3481 5341">
     <span class='ocr_line' id='line_1_112' title="bbox 1903 5273 3481 5341; baseline 0.002 -15"><span class='ocrx_word' id='word_1_800' title='bbox 1903 5289 2069 5326; x_wconf 82' lang='lat' dir='ltr'><strong>unum</strong></span> <span class='ocrx_word' id='word_1_801' title='bbox 2108 5273 2302 5335; x_wconf 78' lang='lat' dir='ltr'><strong>Deum,</strong></span> <span class='ocrx_word' id='word_1_802' title='bbox 2343 5275 2704 5341; x_wconf 85' lang='lat' dir='ltr'><strong>eumdcmque</strong></span> <span class='ocrx_word' id='word_1_803' title='bbox 2739 5274 3040 5337; x_wconf 85' lang='lat' dir='ltr'><strong>hominem,</strong></span> <span class='ocrx_word' id='word_1_804' title='bbox 3082 5286 3135 5329; x_wconf 87' lang='lat' dir='ltr'><strong>et</strong></span> <span class='ocrx_word' id='word_1_805' title='bbox 3189 5275 3481 5330; x_wconf 78' lang='lat' dir='ltr'><strong>Dominum</strong></span> 
     </span>
    </p>
   </div>
   <div class='ocr_carea' id='block_1_113' title="bbox 1900 5363 3484 5437">
    <p class='ocr_par' dir='ltr' id='par_1_113' title="bbox 1900 5363 3484 5437">
     <span class='ocr_line' id='line_1_113' title="bbox 1900 5363 3484 5437; baseline 0.003 -20"><span class='ocrx_word' id='word_1_806' title='bbox 1900 5363 2085 5419; x_wconf 83' lang='lat' dir='ltr'><strong>Jesum</strong></span> <span class='ocrx_word' id='word_1_807' title='bbox 2131 5363 2414 5420; x_wconf 88' lang='lat' dir='ltr'><strong>Christum</strong></span> <span class='ocrx_word' id='word_1_808' title='bbox 2464 5363 2850 5432; x_wconf 73' lang='lat' dir='ltr'><strong>confugiamus</strong></span> <span class='ocrx_word' id='word_1_809' title='bbox 2882 5383 2894 5418; x_wconf 91' lang='lat'><strong>:</strong></span> <span class='ocrx_word' id='word_1_810' title='bbox 2931 5367 3035 5429; x_wconf 79' lang='lat' dir='ltr'><strong>Qui</strong></span> <span class='ocrx_word' id='word_1_811' title='bbox 3064 5383 3159 5434; x_wconf 83' lang='lat' dir='ltr'><strong>pro</strong></span> <span class='ocrx_word' id='word_1_812' title='bbox 3199 5368 3346 5421; x_wconf 80' lang='lat' dir='ltr'><strong>nobis</strong></span> <span class='ocrx_word' id='word_1_813' title='bbox 3387 5387 3484 5437; x_wconf 69' lang='lat' dir='ltr'><strong>pu-</strong></span> 
     </span>
    </p>
   </div>
   <div class='ocr_carea' id='block_1_114' title="bbox 1900 5455 3474 5526">
    <p class='ocr_par' dir='ltr' id='par_1_114' title="bbox 1900 5455 3474 5526">
     <span class='ocr_line' id='line_1_114' title="bbox 1900 5455 3474 5526; baseline 0.006 -22"><span class='ocrx_word' id='word_1_814' title='bbox 1900 5457 2100 5525; x_wconf 76' lang='lat' dir='ltr'><strong>gnabit,</strong></span> <span class='ocrx_word' id='word_1_815' title='bbox 2130 5467 2176 5509; x_wconf 88' lang='lat' dir='ltr'><strong>et</strong></span> <span class='ocrx_word' id='word_1_816' title='bbox 2209 5474 2302 5510; x_wconf 81' lang='lat' dir='ltr'><strong>nos</strong></span> <span class='ocrx_word' id='word_1_817' title='bbox 2332 5458 2616 5509; x_wconf 76' lang='lat' dir='ltr'><strong>tarebimus</strong></span> <span class='ocrx_word' id='word_1_818' title='bbox 2656 5455 2726 5519; x_wconf 60' lang='lat'><strong>&#39;5&#39;;</strong></span> <span class='ocrx_word' id='word_1_819' title='bbox 2764 5456 2817 5510; x_wconf 93' lang='lat' dir='ltr'><strong>in</strong></span> <span class='ocrx_word' id='word_1_820' title='bbox 2853 5473 2961 5526; x_wconf 88' lang='lat' dir='ltr'><strong>quo</strong></span> <span class='ocrx_word' id='word_1_821' title='bbox 2998 5460 3117 5511; x_wconf 85' lang='lat' dir='ltr'><strong>solo</strong></span> <span class='ocrx_word' id='word_1_822' title='bbox 3156 5461 3315 5511; x_wconf 86' lang='lat' dir='ltr'><strong>datur</strong></span> <span class='ocrx_word' id='word_1_823' title='bbox 3348 5477 3474 5513; x_wconf 81' lang='lat' dir='ltr'><strong>con-</strong></span> 
     </span>
    </p>
   </div>
   <div class='ocr_carea' id='block_1_115' title="bbox 1905 5549 3486 5615">
    <p class='ocr_par' dir='ltr' id='par_1_115' title="bbox 1905 5549 3486 5615">
     <span class='ocr_line' id='line_1_115' title="bbox 1905 5549 3486 5615; baseline 0.005 -16"><span class='ocrx_word' id='word_1_824' title='bbox 1905 5556 1988 5601; x_wconf 82' lang='lat' dir='ltr'><strong>tia</strong></span> <span class='ocrx_word' id='word_1_825' title='bbox 2033 5549 2245 5604; x_wconf 87' lang='lat' dir='ltr'><strong>hostem</strong></span> <span class='ocrx_word' id='word_1_826' title='bbox 2282 5550 2422 5603; x_wconf 90' lang='lat' dir='ltr'><strong>hunc</strong></span> <span class='ocrx_word' id='word_1_827' title='bbox 2464 5550 2635 5603; x_wconf 89' lang='lat' dir='ltr'><strong>aciem</strong></span> <span class='ocrx_word' id='word_1_828' title='bbox 2690 5551 2983 5613; x_wconf 88' lang='lat' dir='ltr'><strong>instruere,</strong></span> <span class='ocrx_word' id='word_1_829' title='bbox 3018 5560 3067 5605; x_wconf 91' lang='lat' dir='ltr'><strong>et</strong></span> <span class='ocrx_word' id='word_1_830' title='bbox 3104 5553 3359 5606; x_wconf 85' lang='lat' dir='ltr'><strong>resistere</strong></span> <span class='ocrx_word' id='word_1_831' title='bbox 3383 5594 3396 5615; x_wconf 91' lang='lat'><strong>,</strong></span> <span class='ocrx_word' id='word_1_832' title='bbox 3431 5570 3486 5607; x_wconf 79' lang='grc' dir='ltr'><strong>ε.</strong></span> 
     </span>
    </p>
   </div>
   <div class='ocr_carea' id='block_1_116' title="bbox 1904 5642 3481 5713">
    <p class='ocr_par' dir='ltr' id='par_1_116' title="bbox 1904 5642 3481 5713">
     <span class='ocr_line' id='line_1_116' title="bbox 1904 5642 3481 5713; baseline 0.006 -24"><span class='ocrx_word' id='word_1_833' title='bbox 1904 5642 2125 5693; x_wconf 67' lang='lat' dir='ltr'><strong>vincere</strong></span> <span class='ocrx_word' id='word_1_834' title='bbox 2160 5658 2171 5693; x_wconf 86' lang='lat'><strong>:</strong></span> <span class='ocrx_word' id='word_1_835' title='bbox 2208 5659 2303 5695; x_wconf 77' lang='lat' dir='ltr'><strong>nec</strong></span> <span class='ocrx_word' id='word_1_836' title='bbox 2335 5650 2414 5693; x_wconf 53' lang='lat' dir='ltr'><strong>est</strong></span> <span class='ocrx_word' id='word_1_837' title='bbox 2447 5642 2534 5693; x_wconf 85' lang='lat' dir='ltr'><strong>hic</strong></span> <span class='ocrx_word' id='word_1_838' title='bbox 2569 5642 2672 5695; x_wconf 84' lang='lat' dir='ltr'><strong>alia</strong></span> <span class='ocrx_word' id='word_1_839' title='bbox 2710 5646 2791 5695; x_wconf 85' lang='lat' dir='ltr'><strong>via</strong></span> <span class='ocrx_word' id='word_1_840' title='bbox 2822 5684 2833 5707; x_wconf 94' lang='lat'><strong>,</strong></span> <span class='ocrx_word' id='word_1_841' title='bbox 2876 5644 3121 5710; x_wconf 87' lang='lat' dir='ltr'><strong>ratioque</strong></span> <span class='ocrx_word' id='word_1_842' title='bbox 3171 5646 3481 5713; x_wconf 60' lang='lat' dir='ltr'><strong>sapientiae.</strong></span> 
     </span>
    </p>
   </div>
   <div class='ocr_carea' id='block_1_117' title="bbox 1974 5732 3483 5804">
    <p class='ocr_par' dir='ltr' id='par_1_117' title="bbox 1974 5732 3483 5804">
     <span class='ocr_line' id='line_1_117' title="bbox 1974 5732 3483 5804; baseline 0.005 -20"><span class='ocrx_word' id='word_1_843' title='bbox 1974 5736 2316 5801; x_wconf 52' lang='lat' dir='ltr'><strong>Quapropter</strong></span> <span class='ocrx_word' id='word_1_844' title='bbox 2375 5732 2419 5787; x_wconf 84' lang='lat' dir='ltr'><strong>si</strong></span> <span class='ocrx_word' id='word_1_845' title='bbox 2479 5734 2533 5786; x_wconf 87' lang='lat' dir='ltr'><strong>in</strong></span> <span class='ocrx_word' id='word_1_846' title='bbox 2574 5732 2783 5787; x_wconf 81' lang='lat' dir='ltr'><strong>Christi</strong></span> <span class='ocrx_word' id='word_1_847' title='bbox 2840 5735 3071 5803; x_wconf 66' lang='lat' dir='ltr'><strong>gratiam</strong></span> <span class='ocrx_word' id='word_1_848' title='bbox 3135 5736 3187 5787; x_wconf 91' lang='lat' dir='ltr'><strong>in</strong></span> <span class='ocrx_word' id='word_1_849' title='bbox 3242 5749 3483 5804; x_wconf 69' lang='lat' dir='ltr'><strong>egestate</strong></span> 
     </span>
    </p>
   </div>
   <div class='ocr_carea' id='block_1_118' title="bbox 1906 5822 3479 5896">
    <p class='ocr_par' dir='ltr' id='par_1_118' title="bbox 1906 5822 3479 5896">
     <span class='ocr_line' id='line_1_118' title="bbox 1906 5822 3479 5896; baseline 0.004 -23"><span class='ocrx_word' id='word_1_850' title='bbox 1906 5822 2177 5891; x_wconf 76' lang='lat' dir='ltr'><strong>quispiam</strong></span> <span class='ocrx_word' id='word_1_851' title='bbox 2217 5823 2400 5879; x_wconf 60' lang='lat' dir='ltr'><strong>vixerit</strong></span> <span class='ocrx_word' id='word_1_852' title='bbox 2430 5864 2442 5887; x_wconf 85' lang='lat'><strong>,</strong></span> <span class='ocrx_word' id='word_1_853' title='bbox 2496 5824 2733 5879; x_wconf 58' lang='lat' dir='ltr'><strong>inclitum</strong></span> <span class='ocrx_word' id='word_1_854' title='bbox 2769 5824 3089 5896; x_wconf 65' lang='lat' dir='ltr'><strong>vigiliasque</strong></span> <span class='ocrx_word' id='word_1_855' title='bbox 3128 5827 3436 5882; x_wconf 63' lang='lat' dir='ltr'><strong>toleraverit.</strong></span> <span class='ocrx_word' id='word_1_856' title='bbox 3467 5867 3479 5891; x_wconf 91' lang='lat'><strong>,</strong></span> 
     </span>
    </p>
   </div>
  </div>
