4188 6436
702 461 811 525 375

1962 458 2328 523 SIMEONIS
2357 458 2723 520 JUNIORIS

3869 469 3976 533 376

705 587 763 635 et
803 592 900 649 per
926 577 1318 632 continentiam
1354 590 1558 646 corpus
1592 578 1909 639 macerarit,
1941 577 2185 633 liberalis
2228 578 2287 631 in
2314 572 2365 633 Α
2386 574 2594 643 justus,
2622 574 2774 643 juste
2805 573 3046 643 postulat
3069 588 3194 630 eum
3225 574 3279 629 in
3311 571 3421 645 qu'o
3446 582 3531 632 est
3566 578 3706 633 ratio
3737 588 3791 633 et
3817 580 3947 633 intel

704 685 1000 741 pauperes,
1028 671 1259 724 alienam
1303 668 1472 724 vicem
1506 670 1700 726 dolens
1734 686 1796 725 ac
1837 670 2109 739 benignus
2165 669 2283 723 tue-

706 762 800 824 rit,
844 761 984 816 bene
1020 775 1176 823 sane,
1203 770 1333 815 sunt
1367 764 1510 816 enim
1546 763 1685 816 bona
1721 763 1855 816 haec.
1888 762 2285 817 Verumtamen

706 861 902 908 caveat
928 852 1241 921 diligenter,
1276 868 1343 907 ne
1392 852 1610 907 labores
1650 862 1703 907 et
1732 853 2038 907 mercedem
2074 851 2285 922 perdat.

707 940 825 997 Etsi
856 944 1002 997 enim
1037 942 1153 996 hinc
1200 956 1364 1011 opera
1400 942 1544 997 bona
1584 952 1753 1007 sunt,
1794 952 1977 997 tamen
2026 953 2288 1012 praeterea

710 1034 858 1087 aliud
890 1033 1147 1103 quiddam
1189 1034 1391 1088 bonum
1422 1043 1524 1101 est,
1564 1050 1659 1103 per
1691 1035 1836 1104 quod
1865 1036 2168 1099 salvantur,
2194 1036 2287 1105 qui

707 1141 808 1195 per
841 1127 946 1182 ista
991 1128 1220 1182 salutem
1273 1128 1652 1198 adipiscantur
1689 1146 1702 1181 :
1735 1130 2006 1199 siquidem
2053 1130 2286 1185 duarum

708 1235 1036 1289 magnarum
1092 1235 1276 1275 rerum
1327 1223 1691 1277 instrumenta
1727 1230 1780 1277 et
1814 1221 2105 1277 ellicientia
2137 1234 2287 1287 sunt,

711 1311 1122 1380 propitiationis
1162 1319 1289 1383 puta
1315 1353 1331 1375 ,
1369 1322 1424 1368 et
1464 1314 1766 1384 gratiarum
1820 1316 2080 1380 actionis,
2128 1326 2183 1371 et
2228 1332 2292 1371 ea

710 1414 1027 1471 comparate
1059 1405 1173 1459 tleri
1205 1419 1424 1459 necesse
1451 1416 1559 1460 est.
1592 1407 1731 1461 Nam
1759 1407 1993 1463 dilectus
2017 1408 2107 1463 ille
2131 1406 2293 1463 Joan-

710 1508 809 1547 nes
842 1493 920 1546 ait
956 1510 970 1545 :
1016 1493 1201 1549 Omnis
1237 1495 1325 1564 qui
1359 1504 1700 1563 peccat,',nou
1740 1497 1869 1549 vidit
1900 1496 2092 1564 Deum,
2125 1513 2291 1566 neque

712 1586 854 1639 novit
903 1603 1020 1640 cum
1068 1588 1138 1641 “.
1196 1587 1254 1641 Si
1286 1590 1451 1658 igitur
1478 1590 1602 1657 quis
1646 1591 1847 1659 agnitis
1886 1592 2125 1660 peccatis
2176 1592 2291 1647 suis

712 1678 1047 1743 pmnitentia:
1076 1681 1259 1736 lumen
1306 1683 1596 1750 acceperit,
1640 1691 1695 1736 ct
1733 1685 1999 1753 poenitere
2025 1686 2291 1751 coeperit,

714 1769 843 1823 talia
884 1786 1050 1841 opera
1106 1774 1390 1842 suscipiet,
1430 1781 1487 1825 ttt
1537 1774 1802 1829 Dominus
1847 1773 1968 1842 ejus
2003 1777 2295 1829 contritio-

712 1875 861 1927 netn,
899 1862 1294 1924 humilitatem,
1334 1864 1576 1918 studium
1631 1866 1812 1921 alacre
1864 1867 2078 1929 videat,
2111 1878 2166 1922 et
2199 1869 2296 1922 mi-

711 1960 891 2004 sertus
921 1953 968 2004 ei
1008 1952 1412 2008 reconcilietur.
1465 1956 1797 2022 Argumenta
1829 1966 2009 2009 autem
2042 1957 2287 2010 reconci-

711 2042 948 2096 liationis
980 2053 1128 2118 sunt,
1156 2043 1451 2099 aﬂ‘ectnum
1485 2046 1822 2100 turbidorum
1854 2048 2076 2110 sedatio,
2101 2049 2287 2101 odium

712 2134 949 2201 peccati,
988 2145 1284 2205 perpetuus
1334 2138 1426 2189 Dei
1487 2137 1689 2206 ubique
1746 2140 2032 2206 przesmttis
2088 2140 2287 2205 timor,

710 2225 1088 2287 computtctio,
1120 2214 1330 2293 religio,
1364 2225 1530 2279 animi
1565 2226 1618 2279 iu
1664 2228 1841 2281 sacris
1886 2230 2160 2287 cantibus,
2216 2230 2293 2281 lc-

711 2315 1007 2378 ctionihus,
1061 2315 1438 2370 auditionibus
1489 2332 1517 2369 a
1560 2316 1667 2370 Deo
1708 2317 2100 2385 iuSpiiatarum
2145 2319 2291 2371 Scri-

710 2415 1001 2473 pturarum
1055 2410 1307 2462 attentio.
1345 2409 1580 2462 Omnino
1609 2411 1750 2463 enim
1791 2426 1948 2465 nemo
1992 2410 2289 2479 quidquam

711 2499 906 2551 horum
934 2508 1058 2553 ante
1097 2509 1470 2569 recuperatam
1504 2502 1594 2555 Dei
1642 2503 1871 2572 gratiam
1906 2503 2286 2572 consequitur.

709 2593 965 2644 Animam
1025 2591 1226 2661 quippe
1274 2594 1446 2662 gratia
1497 2593 1591 2647 Dei
1638 2594 2046 2663 quodammodo
2083 2595 2289 2663 tangit,

711 2684 1087 2753 inaspectabili
1145 2686 1377 2754 quadam
1432 2688 1643 2741 ratione
1694 2690 1743 2741 ei
1806 2687 2203 2754 reconciliata,
2239 2698 2294 2743 et

711 2792 834 2844 qua!
881 2791 947 2831 eo
998 2792 1172 2845 usque
1219 2779 1488 2833 instabtlis
1523 2786 1579 2834 et
1622 2795 1754 2849 vaga
1809 2779 1944 2846 fuit,
1992 2780 2196 2833 ﬁrmari
2229 2796 2293 2833 ac

712 2869 941 2923 stabiliri
975 2869 1181 2937 incipit.
1215 2870 1291 2925 En
1332 2885 1490 2922 unam
1527 2886 1637 2923 rem
1675 2886 1923 2939 magnam
1957 2880 2011 2925 et
2056 2873 2293 2925 admira-

713 2960 900 3026 Iiilem,
937 2976 1037 3030 pro
1090 2976 1196 3031 qua
1246 2962 1435 3031 gratia:
1486 2963 1756 3017 debentur
1787 2965 1915 3018 Deo.
1951 2965 2293 3019 Consecutus

711 3064 893 3107 autem
924 3053 1377 3115 misericordiam.
1412 3057 1699 3109 sanitatem
1726 3097 1740 3120 ,
1774 3056 2167 3111 ﬁrmitudinem
2196 3096 2211 3119 ,
2244 3056 2290 3110 si

713 3147 827 3200 bzec
854 3161 1016 3217 opera
1047 3148 1197 3211 facit,
1233 3158 1289 3200 ut
1331 3163 1427 3212 pro
1464 3150 1678 3217 adeptis
1732 3150 1939 3217 gratias
1986 3158 2135 3218 agat,
2189 3165 2288 3219 pro

2390 669 2589 732 lectus,
2632 669 2707 721 ita
2740 683 2800 723 se
2824 682 2951 737 erga
2986 665 3155 722 Deum
3189 684 3398 737 gerere,
3440 672 3712 740 quomodo
3752 688 3814 725 se
3845 688 3973 734 erga

2390 762 2642 816 homines
2666 762 2803 830 gerit
2836 780 2848 814 :
2887 768 2941 814 et
2969 763 3163 815 timere
3190 762 3363 824 illum,
3399 772 3457 815 ut
3490 764 3740 817 homines
3771 764 3968 816 timere

2394 853 2661 909 solemus.
2696 852 2840 908 Sane
2872 852 2919 907 si
2956 868 3057 907 nos
3086 853 3411 922 dignitatem
3448 870 3510 907 ac
3554 858 3931 924 pt'n'stztntiatt:
3963 897 3977 918 ,

2390 961 2555 1015 quam
2593 947 2734 999 ratio
2765 945 2924 1000 nobis
2954 945 3131 1011 all‘ert,
3166 944 3554 999 labefactatuus
3588 957 3747 1013 atque
3796 950 3978 1000 immi-

2392 1038 2634 1102 nuimus,
2667 1039 2783 1107 ipse
2834 1054 2952 1093 cam
2999 1037 3333 1093 labefactare
3373 1048 3425 1093 et
3481 1040 3806 1092 imminuere
3869 1058 3977 1091 non

2391 1138 2572 1199 potest
2607 1146 2620 1183 :
2659 1133 2752 1184 sed
2790 1131 3096 1185 secundum
3128 1140 3379 1183 naturam
3413 1145 3443 1183 a
3470 1146 3527 1185 se
3560 1132 3760 1197 cuique
3802 1132 3981 1183 tribu-

2394 1231 2523 1284 tam,
2558 1222 2722 1276 etiam
2756 1224 2927 1293 legem
2967 1224 3140 1276 teneri
3176 1224 3289 1276 vult
3323 1224 3374 1276 in
3406 1223 3688 1277 omnibus.

2463 1315 2599 1381 Quis
2653 1330 2786 1385 ergo
2835 1318 3037 1371 salvari
3090 1316 3453 1386 concupiscit,
3505 1317 3753 1385 quamvis
3808 1316 3859 1370 id
3924 1333 3983 1370 se

2393 1408 2785 1475 concupiscere
2844 1423 3036 1463 omnes
3095 1391 3405 1462 fateantur?
3469 1407 3672 1463 Omnes
3743 1410 3981 1476 cupi-zizt

2396 1496 2750 1549 atlluentibus
2776 1510 2955 1549 rerum
2999 1496 3175 1565 copiis
3219 1495 3407 1560 ditari,
3459 1511 3761 1565 aurumque
3792 1506 3848 1550 et
3885 1511 3981 1548 ar-

2393 1597 2637 1657 gentum,
2671 1586 2882 1655 lapides
2913 1590 3209 1656 pretiosos,
3265 1590 3591 1656 margaritas
3641 1590 3779 1638 citra
3815 1589 3977 1639 labo-

2395 1695 2530 1744 rent,
2561 1679 2967 1741 lassitudinem,
2998 1695 3299 1733 aerumnam
3326 1719 3340 1743 ,
3380 1678 3801 1733 sollicitudinem
3844 1693 3976 1745 pos-

2395 1769 2600 1835 sidere,
2656 1770 2801 1838 quod
2838 1770 2954 1823 tieri
2985 1768 3126 1822 haud
3164 1778 3364 1837 poteSt.
3414 1769 3517 1834 Qui
3569 1767 3735 1836 igitur
3770 1768 3927 1819 aiunt.
3962 1784 3978 1820 :

2401 1864 2600 1917 salvari
2635 1862 2892 1916 volumus
2921 1900 2936 1924 ,
2964 1870 3018 1915 et
3053 1876 3150 1929 pro
3193 1862 3367 1916 salute
3409 1860 3744 1929 ίιςῳιὶιϊιηξα
3773 1858 3980 1913 delati-

2397 1956 2668 2026 gationem
2705 1955 2873 2008 animi
2905 1962 2960 2007 et
2986 1952 3235 2020 corporis
3266 1952 3469 2006 nullam
3500 1954 3780 2020 suscipere
3811 1951 3980 2003 insti-

2393 2058 2576 2112 tuunt,
2612 2049 2706 2118 qui
2752 2047 3214 2101 tandem’salvari
3253 2048 3501 2115 queunt?
3536 2046 3757 2114 quando
3800 2047 3972 2097 etiam

2390 2142 2486 2211 qui
2513 2142 2706 2195 salutis
2735 2157 2899 2196 causa
2934 2139 3001 2193 ad
3032 2140 3392 2195 laborandum
3424 2140 3659 2208 prompti
3694 2148 3843 2198 sunt,
3876 2148 3973 2190 to-

2393 2246 2554 2301 teque
2583 2235 2789 2298 animo,
2820 2235 2985 2287 verbo
3011 2241 3065 2287 et
3092 2248 3255 2302 opere
3287 2247 3404 2285 eam
3425 2242 3709 2299 expetunt,
3735 2248 3834 2283 nec
3869 2229 3977 2297 ipsi

2392 2326 2611 2393 quidem
2662 2325 2861 2378 salvari
2914 2332 3166 2394 possunt.
3221 2323 3285 2378 Ut
3340 2325 3509 2388 enim,
3553 2325 3797 2391 quicum
3836 2322 3979 2372 nihil

2396 2418 2665 2477 laborent.
2698 2425 2879 2471 tamen
2914 2418 3115 2470 salvari
3148 2416 3485 2478 desiderant,
3513 2415 3712 2470 salvari
3758 2416 3977 2473 Imitzttt,

2394 2527 2521 2565 cum
2560 2513 2713 2564 salus
2755 2513 2875 2565 sine
2908 2511 3093 2565 labore
3122 2525 3232 2563 non
3262 2517 3479 2563 constet
3509 2526 3522 2561 :
3566 2513 3644 2562 sic
3679 2508 3769 2576 qui
3804 2508 3983 2559 [Λα-ιιι-

2398 2614 2529 2669 tate,
2566 2602 2968 2671 prudentiaque
3017 2603 3236 2671 propria
3286 2601 3353 2653 ad
3398 2601 3614 2655 labores
3662 2616 3759 2670 pro
3792 2600 3982 2654 salva-

2398 2698 2548 2751 tione
2581 2696 2877 2750 obtinenda
2925 2694 3354 2764 aggrediuntur,
3395 2695 3515 2747 ideo
3559 2708 3619 2745 ea
3660 2692 3819 2760 potiri
3877 2704 3983 2744 ne-

2394 2795 2630 2858 queunt,
2664 2786 2812 2855 quod
2845 2801 2953 2838 non
2994 2785 3047 2836 itt
3084 2784 3287 2837 virtute
3324 2783 3523 2835 salvari
3551 2784 3847 2851 cupientis,
3878 2778 3978 2833 sed

2397 2879 2449 2931 itt
2480 2876 2860 2930 misericordia
2891 2875 2982 2929 Dei
3020 2890 3116 2942 per
3150 2874 3335 2927 Jesuut
3361 2874 3642 2927 Christum
3676 2874 3979 2925 constituta

2395 2979 2504 3021 est.
2540 2968 2695 3021 Alius
2721 2967 2868 3020 enim
2904 2978 2984 3019 est
3015 2967 3106 3033 qui
3154 2966 3420 3027 salvatur,
3462 2975 3515 3018 et
3548 2966 3689 3018 alius
3722 2965 3813 3031 qui
3869 2964 3983 3016 sal-

2395 3070 2507 3113 vat.
2553 3058 2762 3125 Absque
2806 3074 2887 3110 me
2940 3072 3040 3108 nou
3078 3066 3153 3108 est
3185 3056 3421 3108 salrator
3451 3057 3519 3118 ⁵⁵,
3568 3056 3644 3108 ait
3698 3056 3859 3110 Deus.
3913 3054 3980 3107 Et

2399 3154 2683 3221 apostolus
2721 3150 2925 3205 Paulus
2959 3171 2973 3205 :
3025 3147 3169 3201 Velle
3215 3148 3629 3215 bottttmadjuce!
3664 3148 3826 3209 mihi,
3859 3163 3979 3212 pcr-

711 3238 1180 3302 reconciliatione,
1212 3240 1453 3307 inquam,
1480 3254 1606 3292 eum
1635 3239 1763 3303 Deo,
1791 3240 1951 3292 etiam
1986 3242 2064 3293 sic
2091 3240 2287 3293 rationi
2317 3260 2359 3317 ο
2397 3242 2551 3311 ﬁcere
2574 3251 2753 3294 autem
2786 3258 2889 3294 ucn
2928 3240 3215 3293 invenio“.
3249 3239 3390 3302 Quid
3427 3240 3615 3308 igitur,
3645 3238 3846 3292 Paule?
3880 3239 3979 3290 Die

710 3331 1105 3385 convenienter
1138 3331 1344 3393 faciet,
1398 3342 1456 3385 ut
1503 3333 1799 3401 perfectam
1847 3333 2288 3401 redemptionem

709 3432 1097 3491 consequatur,
1139 3435 1192 3476 ct
1254 3423 1525 3478 diviniote
1572 3426 1889 3493 cOgnitione
1939 3427 2287 3479 oceultorum

708 3516 805 3568 Dei
856 3516 1117 3569 bonorum
1168 3516 1425 3585 (quorum
1477 3519 1823 3586 pulchritudo
1859 3520 1927 3572 ab
1970 3521 2147 3573 oculis
2180 3536 2286 3573 non

708 3606 1051 3673 peccantium
1083 3608 1267 3669 modo,
1309 3623 1494 3661 verum
1538 3611 1699 3663 etiam
1744 3613 2122 3679 pmoitentium
2159 3613 2287 3669 abs-

708 3697 929 3751 condita
969 3698 1073 3767 est)
1140 3700 1339 3768 dignus
1370 3700 1586 3754 evadat.
1618 3702 1942 3772 Quicunque
1986 3706 2153 3773 igitur
2188 3705 2291 3757 hu-

703 3789 949 3857 jusmodi
983 3791 1227 3845 atti0ues
1278 3802 1577 3861 usurpant,
1626 3794 1950 3863 simpliciter
1997 3805 2055 3848 ttt
2092 3797 2284 3859 bonas.

708 3895 810 3933 nec
843 3880 915 3934 ob
945 3881 1042 3933 has
1072 3896 1289 3942 causas,
1323 3885 1482 3950 culpa
1520 3900 1626 3936 non
1677 3898 1864 3939 carent
1886 3926 1900 3947 ,
1931 3889 2288 3957 viventesque

710 3974 763 4024 in
818 3980 1061 4041 egestate
1111 3973 1442 4039 voluntaria,
1497 3975 1835 4043 jejunantes,
1904 3976 2286 4049 eleetuosyuas

712 4066 1112 4130 trpeaieutes,
1169 4067 1481 4120 moriuntur
1537 4080 1873 4135 peccatores.
1912 4071 2088 4141 Atque
2120 4073 2170 4126 id
2206 4075 2287 4126 la-

712 4154 1007 4208 mentabile
1043 4163 1148 4216 est,
1185 4170 1279 4210 eos
1329 4158 1471 4224 .pud
1521 4167 1630 4211 tant
1669 4160 1985 4227 placabilem
2019 4162 2186 4217 Deum
2227 4181 2287 4219 se

710 4248 763 4294 in
796 4245 968 4311 gratia
1006 4260 1114 4298 non
1149 4262 1483 4315 reposuisse,
1517 4266 1692 4316 neque
1736 4253 2035 4305 secundum
2110 4255 2284 4309 ra'io-

709 4351 833 4389 nem
866 4337 1138 4401 videlicet,
1166 4355 1342 4407 neque
1377 4350 1745 4411 congruenter
1782 4347 2281 4402 reconciliationem

708 4439 988 4494 operatos.
1028 4430 1405 4498 Congrucnter
1452 4434 1597 4495 dico,
1646 4437 1770 4503 quia
1807 4436 1850 4491 si
1889 4438 1997 4504 jam
2040 4442 2286 4493 reconci-

705 4521 870 4574 liatus
893 4522 1071 4575 adhuc
1106 4525 1297 4577 iisdem
1330 4541 1427 4592 pro
1457 4528 1903 4581 t‘ecitoeiliatione
1936 4531 2277 4598 impetranda

2395 3350 2515 3405 age,
2554 3350 2661 3402 qtto
2688 3342 2848 3402 pas-to
2886 3333 3084 3385 salvari
3113 3333 3281 3386 licet?
3308 3333 3523 3384 Gratias
3551 3347 3653 3401 ago
3681 3330 3786 3383 Deo
3823 3346 3969 3390 meo,

2396 3426 2718 3493 respondet,
2753 3439 2848 3491 per
2872 3421 3063 3475 Jesuut
3092 3424 3391 3484 Christum,
3439 3422 3561 3489 quia
3616 3424 3699 3472 tea:
3746 3424 3975 3486 spiritus

2393 3518 2512 3570 vita:
2540 3518 2594 3569 iu
2626 3516 2861 3576 Christo,
2896 3514 3132 3567 liberavit
3178 3530 3258 3565 nte
3285 3530 3317 3565 a
3353 3514 3461 3582 lxyc
3490 3515 3690 3580 peccati
3736 3524 3783 3565 et
3830 3530 3976 3565 mor-

2393 3613 2459 3661 tis
2491 3609 2558 3660 ⁸⁷.
2591 3607 2655 3659 Et
2680 3609 2852 3676 gratia
2894 3606 2965 3659 sit
2998 3606 3229 3673 benigno
3258 3604 3388 3669 Deo,
3435 3606 3525 3673 qui
3581 3619 3647 3657 cx
3699 3604 3975 3658 immensa

2393 3700 2658 3753 (haritate
2684 3715 2812 3766 crga
2840 3698 3091 3751 homines
3119 3700 3295 3766 ipsum
3332 3696 3470 3749 velle
3500 3712 3623 3748 cum
3655 3696 3977 3748 infirmitate

2391 3792 2688 3860 copulavit,
2720 3799 2779 3843 ιιι
2813 3791 2977 3843 homo
3016 3790 3202 3841 volens
3254 3802 3361 3839 non
3398 3787 3570 3855 possit
3602 3787 3803 3839 bottttut
3838 3800 3975 3853 epe-

2391 3886 2522 3947 rari,
2566 3883 2779 3934 tametsi
2822 3896 2946 3933 cum
2976 3880 3162 3931 labore
3189 3880 3397 3941 multo;
3427 3887 3479 3929 et
3513 3877 3566 3930 in
3601 3878 3777 3945 ipsum
3820 3893 3977 3930 arro-

2391 3976 2588 4044 gantia.-
2615 3972 2905 4040 vcstigiutn
2941 3972 3201 4035 deeiinet,
3230 3986 3351 4039 qure
3383 3972 3618 4035 primum
3654 3979 3966 4037 peceatum,

2390 4080 2444 4121 et
2472 4067 2594 4119 fons
2632 4066 2945 4126 criminum,
2984 4072 3038 4115 et
3083 4072 3294 4115 uatum:
3344 4064 3505 4129 lapsa:
3558 4076 3623 4113 ac
3675 4061 3977 4114 deliiiitatzn

2389 4173 2555 4209 causa
2608 4156 2730 4209 fuit.
2780 4155 2911 4206 Solo
2962 4170 3197 4221 namque
3254 4153 3359 4206 Deo
3422 4154 3567 4205 vires
3623 4152 3974 4213 sullieieutc,

2389 4261 2551 4301 etiam
2588 4251 2701 4315 ipsa
2732 4247 2981 4299 Voluntas
3014 4259 3203 4298 misrra
3246 4244 3311 4296 ad
3352 4245 3472 4309 ejus
3512 4244 3849 4296 voluntatcttt
3905 4245 3974 4295 ab

2390 4340 2539 4393 omni
2572 4339 2907 4406 arrogantia‘
2941 4339 3151 4390 ntaeuia
3185 4344 3469 4402 purgatur.

2467 4435 2659 4485 Verum
2689 4431 2837 4483 dicat
2866 4428 3098 4481 fot‘lttSst‘.
3134 4429 3355 4493 alienis,
3384 4426 3513 4494 quid
3545 4441 3706 4488 porro
3735 4425 3967 4477 saftttetu

2395 4523 2755 4591 consequenti
2798 4522 3075 4589 promittat
3134 4519 3502 4585 relinquitur?
3556 4519 3609 4570 Si
3654 4518 3799 4570 cttiut
3852 4518 3969 4583 ipsa

705 4613 923 4666 deditus
951 4614 1043 4679 sit,
1075 4615 1241 4669 Deum
1283 4631 1310 4667 a
1351 4633 1408 4671 se
1446 4619 1645 4672 avertit
1683 4636 1695 4671 :
1740 4622 2199 4688 quemadnmdum
2232 4638 2283 4678 et
2314 4594 2361 4651 Β
2391 4630 2612 4684 quoque
2656 4615 2911 4666 voluntas
2958 4611 3077 4678 ejus
3130 4612 3453 4663 sublimiore
3503 4608 3736 4677 (μιλιιίειιιι
3770 4616 3975 4659 virtute

707 4714 831 4756 ante
860 4706 1385 4769 reconciliationem,
1412 4709 1453 4761 si
1486 4724 1580 4775 pro
1605 4711 1902 4778 gratiarum
1939 4715 2153 4765 actione
2183 4715 2282 4767 ista

706 4803 944 4862 praestet.
981 4794 1195 4850 Etenim
1240 4800 1423 4863 homo,
1461 4813 1514 4853 ιιι
1570 4803 1948 4872 itttcliigetitim
1980 4818 2045 4859 ac
2084 4809 2283 4861 tuentis

708 4890 979 4958 partimps
1032 4892 1233 4943 animal
1287 4892 1597 4947 tacititaiem
1646 4899 2009 4964 (οςιιοπρίξιιιιὶ
2074 4899 2237 4951 habet
2271 4938 2283 4959 ,

705 4981 999 5048 0"‘lti3illle
1027 4998 1146 5035 cum
1195 4986 1407 5037 ratione
1452 4994 1505 5039 et
1538 4989 1850 5056 (ognitione
1903 4991 1978 5042 ilii
2032 4990 2281 5043 facienda

704 5081 834 5123 Iunt
866 5090 877 5123 :
915 5072 965 5124 id
993 5076 1135 5142 quod
1163 5092 1290 5144 erga
1319 5078 1565 5133 homines
1589 5082 1723 5132 alios
1753 5082 1933 5135 taecre
1970 5083 2279 5136 consuevit.

704 5162 806 5227 Qui
845 5165 989 5217 enim
1028 5181 1208 5235 regem
1240 5185 1335 5236 pro
1370 5170 1573 5223 otiensa
1607 5173 1711 5226 sibi
1741 5176 2036 5241 propitiare
2068 5176 2277 5240 studet,

704 5267 815 5306 non
848 5255 999 5322 prius
1031 5257 1236 5324 gratias
1266 5258 1396 5326 agit,
1428 5273 1590 5333 quam
1627 5260 1678 5311 iu
1713 5260 1830 5327 ejus
1864 5263 2157 5316 amicitiam
2195 5278 2280 5314 rc-

704 5347 933 5399 stitutus
973 5349 1082 5400 sit:
1115 5348 1210 5402 sed
1260 5360 1525 5413 conatur,
1568 5359 1626 5404 ut
1677 5352 1828 5421 prius
1865 5352 2134 5419 Illilt'allllll
2182 5353 2280 5404 ha-

702 5439 847 5501 heat,
885 5455 949 5494 ac
985 5449 1095 5493 tum
1128 5442 1347 5495 demum
1391 5446 1698 5511 gratiarum
1751 5447 1967 5498 actione
2002 5445 2275 5517 fungitur.

702 5530 919 5598 Alioqui
955 5532 1043 5583 τὸν
1075 5530 1296 5599 λογικὸν
1337 5534 1560 5603 (mentis
1608 5536 1940 5604 compotem)
1976 5536 2067 5590 Dei
2102 5535 2278 5591 Patris

701 5622 854 5689 λόγος
886 5623 1085 5691 (mens)
1128 5633 1182 5677 et
1226 5623 1417 5685 Filius.
1466 5637 1513 5679 et
1564 5627 1711 5679 solus
1762 5626 2013 5680 Salvator
2068 5630 2280 5682 salvarc

701 5714 910 5781 ἀλ-ὗγως
948 5717 1089 5777 (sine
1137 5727 1313 5771 mente
1361 5734 1455 5771 seu
1492 5720 1718 5787 temere)
1753 5735 1859 5773 non
1894 5721 2030 5775 vult.
2072 5719 2177 5775 Sed
2220 5728 2278 5774 ttt

775 5892 818 5924 "
860 5894 923 5947 Δ.)
966 5917 1012 5949 u.
1062 5916 1135 5963 :tt,
1173 5901 1223 5953 t3.
1305 5902 1346 5933 "
1374 5901 1451 5956 lsa
1505 5915 1656 5969 ητις,
1698 5902 1774 5956 ΙΙ.

1854 5905 1899 5935 ⁵⁸
1932 5903 2089 5959 Rom.
2127 5919 2220 5970 vtt,
2256 5902 2339 5957 l8.

2394 4709 2619 4773 indiget,
2653 4704 2925 4773 quomodo
2970 4704 3156 4755 volens
3208 4700 3485 4753 solvatur?
3532 4698 3645 4752 Hoc
3692 4709 3775 4751 cst
3825 4700 3973 4767 quod

2393 4800 2569 4852 solum
2601 4798 2650 4849 ei
2690 4796 3035 4863 relinquitur,
3075 4804 3126 4846 ul
3162 4794 3349 4845 audiat
3391 4792 3457 4845 de
3495 4792 3691 4853 salute,
3716 4790 3837 4857 cjzts
3872 4792 3970 4841 de-

2391 4894 2594 4946 mderio
2626 4891 2837 4959 ilagret,
2866 4899 2917 4942 et
2951 4890 3095 4940 uotit
3145 4902 3293 4949 eum,
3343 4887 3433 4953 qui
3484 4887 3697 4937 saltare
3731 4884 3908 4951 possit
3952 4900 3966 4935 :

2390 4997 2590 5040 cateia
2618 4994 2674 5037 ut
2700 4984 2804 5039 sibi
2829 4984 3104 5037 donentur
3139 4985 3206 5037 ab
3237 4999 3300 5038 eo
3332 4983 3421 5051 qui
3465 4983 3696 5043 saivare,
3730 4990 3783 5035 et
3825 4996 3966 5035 cou-

2390 5093 2632 5137 srrvare,
2667 5087 2720 5130 et
2751 5078 3034 5129 restituere
3086 5076 3139 5128 itt
3183 5075 3479 5144 pristinum
3517 5083 3723 5128 statum
3761 5082 3969 5141 potest,

2389 5182 2456 5217 ex
2510 5166 2619 5218 imo
2658 5175 2901 5232 pectore,
2930 5166 3079 5217 omni
3140 5164 3482 5218 dubitatione.
3533 5172 3736 5217 remota
3774 5170 3925 5231 rOget
3955 5202 3970 5223 ,

2387 5260 2553 5311 ducto
2583 5259 2741 5310 initio
2770 5258 2838 5309 ab
2864 5256 3179 5324 accipit-ulla
3215 5256 3493 5309 voluntate
3525 5270 3629 5324 qua
3660 5256 3810 5316 velit,
3842 5271 3968 5323 qua:

2390 5350 2505 5415 "Li,
2547 5361 2602 5402 ct
2642 5349 2833 5401 salutis
2879 5359 3008 5401 sunt
3032 5389 3045 5411 ,
3081 5364 3249 5415 usque
3282 5348 3411 5401 dttttt
3446 5363 3566 5401 eam
3602 5346 3970 5415 adipiscatur,

2387 5454 2441 5499 et
2494 5446 2832 5498 desiderium
2887 5443 3263 5510 conquiescat.
3322 5441 3564 5495 Primum
3616 5440 3817 5508 quippe
3868 5440 3966 5493 Dei

2389 5554 2593 5590 tuunus
2622 5546 2724 5599 est,
2751 5536 2988 5601 aliquem
3019 5537 3086 5586 de
3116 5534 3291 5587 salute
3316 5534 3475 5587 verba
3508 5533 3793 5587 facientem
3824 5548 3966 5585 nan-

2388 5631 2553 5692 cisci;
2594 5642 2873 5697 prarcones
2922 5627 3067 5679 enim
3119 5626 3501 5695 ignorantibus
3533 5626 3827 5678 mittuntur
3859 5639 3873 5673 :
3909 5633 3969 5675 et

2390 5724 2493 5777 hoc
2524 5721 2728 5774 donum
2761 5720 2921 5789 plane
2969 5719 3241 5774 mittentis
3278 5727 3384 5775 est.
3417 5716 3734 5772 Secundum
3780 5728 3966 5771 autem

2385 5902 2426 5933 ³⁷
2468 5903 2621 5958 liom.
2657 5920 2776 5967 vttt,
2806 5903 2859 5955 2.
