4170 6452
737 413 844 481 379

1954 420 2315 479 SIMEUNIS
2347 417 2711 481 JUN'IORIS

3880 420 3987 487 38-9

738 526 969 583 rationis
1014 540 1270 597 capacem
1322 544 1547 601 regnum
1597 528 1691 584 Dei
1745 530 1985 600 attingit,
2037 541 2091 585 et
2137 532 2299 588 simul
2329 533 2377 592 Α
2406 533 2601 597 partim
2635 546 2785 597 vero,
2818 539 2874 585 ιιι
2912 546 3034 586 cum
3072 532 3379 586 libertatem
3413 547 3440 585 a
3484 532 3758 601 pert-aud.)
3793 534 3983 602 adepti

738 618 885 671 omni
919 631 1037 671 eam
1066 618 1277 687 justitia
1309 621 1571 675 cumulat.
1606 622 1743 677 llinc
1774 630 1826 677 et
1855 624 2099 690 quoddie
2135 622 2301 677 Demn

740 716 809 760 tta
843 718 1133 778 precamur
1161 726 1175 764 :
1210 711 1467 765 Adveniat
1496 730 1709 781 regnum
1742 724 1911 778 tuum,
1940 716 2037 784 ﬁat
2062 715 2303 769 voluntas

740 810 829 852 tua
848 800 913 855 ".
941 799 1049 856 Hoc
1079 802 1224 854 enim
1256 802 1393 865 vult,
1429 812 1482 858 et
1513 805 1582 856 ob
1614 806 1716 857 hoc
1752 805 1928 873 ipsum
1960 820 2163 876 corpus
2205 807 2308 860 htt-

738 904 960 943 manum
1016 891 1210 956 induit,
1262 901 1317 947 et
1371 894 1513 948 istud
1563 898 1799 965 primutn
1856 899 2085 961 editum,
2142 900 2307 953 etiam

742 979 1074 1048 principium
1109 982 1390 1052 Evangelii
1422 984 1545 1039 fuit.
1583 987 1716 1039 Nam
1752 989 1895 1057 quod
1920 988 2125 1043 dicitur
2158 1007 2171 1043 :
2200 992 2309 1061 Ap-

737 1071 1102 1141 propinquarit
1134 1090 1347 1143 regnum
1376 1078 1627 1131 caelorum
1652 1079 1715 1142 “,
1745 1080 1847 1133 hoc
1873 1089 1980 1138 est.
2014 1080 2127 1135 Nisi
2159 1083 2306 1136 enim

741 1163 1054 1233 intelligens
1099 1167 1279 1221 anima
1315 1170 1479 1223 modo
1520 1171 1846 1237 intelligibili
1892 1188 2112 1228 sensum
2156 1173 2309 1242 regni

742 1252 833 1307 Dei
872 1257 1173 1326 acceperit,
1211 1259 1360 1327 quod
1407 1262 1573 1329 ipsam
1621 1264 1821 1332 tetigit,
1859 1281 1981 1334 spes
2018 1266 2214 1321 Salutis
2255 1268 2306 1321 in

741 1344 959 1397 irritum
999 1346 1166 1401 cadit.
1198 1349 1449 1403 Animam
1483 1366 1644 1419 porro
1681 1353 1734 1406 in
1770 1369 1875 1422 qua
1922 1354 2060 1408 Deus
2094 1364 2309 1423 regnat,

743 1438 1024 1513 regnantis
1073 1438 1361 1504 beneﬁcia,
1413 1451 1461 1495 ct
1504 1443 1824 1499 emcientias
1868 1461 2029 1501 nosse
2072 1454 2307 1517 Oportet.

743 1520 845 1577 Ubi
876 1526 1019 1579 enim
1064 1543 1157 1581 rex
1192 1545 1433 1598 prresens
1464 1542 1569 1597 est,
1607 1534 1678 1588 ibi
1720 1535 1843 1588 item
1890 1538 2043 1607 regni
2088 1547 2229 1591 nota:
2258 1548 2313 1592 et

742 1615 941 1671 indicia
978 1619 1136 1688 plane
1172 1631 1322 1686 sunt,
1365 1627 1618 1695 :equitas,
1660 1631 2049 1695 mansuetudo,
2081 1634 2307 1693 veritas.

741 1706 1047 1775 humilitas,
1100 1728 1221 1782 qua:
1272 1715 1419 1769 illam
1478 1722 1620 1790 regis
1675 1722 2035 1776 humilitatem
2086 1724 2311 1789 referat,

742 1798 982 1863 bonitas,
1005 1802 1243 1873 justitia,
1269 1818 1320 1861 et
1343 1812 1521 1865 omnis
1548 1814 1743 1879 pietas.
1772 1815 2002 1883 Insuper
2028 1817 2312 1883 patientia.

2412 623 2701 689 fuerimus,
2758 626 2963 693 gratias
3019 624 3301 679 liberatori
3354 623 3675 691 magniﬁcas
3726 638 3984 693 agamus.

2414 725 2670 784 tanquam
2702 732 2801 785 pro
2835 731 2893 771 re
2924 715 3156 787 ingenti,
3191 726 3244 771 et
3274 715 3448 769 cuivis
3477 716 3704 767 omnino
3734 715 3989 780 impossi-

2414 809 2533 862 hili.
2593 808 2822 877 Propter
2868 808 2973 862 hoc
3021 807 3505 862 obsecrationibus
3544 816 3597 860 et
3638 807 3886 873 jejuuiis,
3934 817 3990 859 et

2411 900 2749 970 erogatione,
2802 910 2855 954 et
2910 900 3266 961 contritione,
3314 908 3368 953 et
3417 900 3541 953 aliis
3592 898 3989 953 afﬂictionibus

2412 1007 2551 1061 opus
2584 1002 2688 1047 est.
2720 991 2837 1045 Non
2878 994 3024 1047 enim
3058 992 3195 1045 citra
3233 992 3499 1053 laborem,
3534 1000 3587 1043 et
3618 990 3811 1043 otiosis
3854 1005 3984 1059 gra-

2413 1081 2558 1134 tuito
2592 1083 2695 1134 hoc
2728 1088 2988 1149 praestare
3018 1082 3131 1135 vult
3153 1080 3437 1142 Christus;
3475 1081 3571 1136 sed
3606 1092 3901 1149 po~tquam
3938 1081 3990 1133 id

2415 1169 2469 1223 in
2509 1171 2865 1227 immersione
2909 1172 3166 1240 baptismi
3214 1172 3512 1240 cujuslibet
3553 1171 3702 1235 fecit,
3749 1173 3992 1225 infantes

2417 1278 2697 1333 magnam,
2754 1264 3269 1334 praecellentemque
3313 1266 3565 1335 gratiam,
3628 1280 3734 1317 non
3794 1273 3989 1331 potue-

2415 1364 2544 1409 rnnt
2566 1370 2889 1424 agnoscere,
2916 1371 3141 1411 necesse
3173 1356 3276 1410 luit
3302 1358 3406 1411 hoc
3437 1371 3657 1411 rursum
3699 1372 3793 1424 per
3832 1355 3994 1409 labo-

2418 1462 2530 1498 rem
2560 1447 2797 1513 acquiri,
2829 1446 3029 1501 iterum
3057 1455 3278 1517 accepta
3305 1447 3504 1517 gratia,
3530 1461 3652 1516 quae
3680 1447 3782 1499 hoc
3806 1446 3993 1505 habet,

2418 1546 2479 1591 ut
2513 1537 2654 1605 apud
2692 1539 2965 1592 neminem
3008 1553 3068 1593 se
3111 1539 3450 1609 ignorantem
3486 1547 3799 1606 perseveret
3837 1556 3851 1590 :
3897 1539 3994 1590 sed

2419 1629 2489 1682 ob
2522 1628 2887 1697 ignorantiam
2926 1630 3071 1683 illam
3104 1632 3307 1684 avolet.
3350 1630 3610 1698 Quisquis
3643 1646 3773 1699 ergo
3827 1629 3997 1684 Chri-

2421 1721 2634 1776 stianus
2674 1722 2917 1776 nondum
2950 1740 3016 1776 ex
3050 1724 3419 1779 imbecillitate
3451 1724 3514 1775 ad
3552 1722 3857 1776 faciendam
3902 1721 3997 1774 Dei

2423 1813 2757 1867 voluntatem
2804 1830 2902 1883 per
2953 1815 3193 1869 divinam
3243 1814 3446 1868 Christi
3490 1814 3748 1868 virtutem
3792 1813 4000 1867 conﬁr-

746 1890 1081 1959 humanitas,
1130 1902 1463 1969 compaSSio,
1508 1902 1732 1959 dilcCtio
1776 1907 1893 1959 sine
1943 1909 2311 1973 simulatione,
2348 1888 2389 1942 Β
2424 1912 2601 1958 matus
2624 1914 2730 1966 est,
2763 1913 2874 1970 cat,
2905 1921 2969 1960 ac
3003 1922 3096 1975 per
3131 1906 3314 1969 ﬁdem,
3345 1916 3400 1961 et
3434 1907 3841 1974 impositiuuem
3878 1922 3999 1959 ma-

745 1982 1157 2052 longauimitas,
1219 1991 1527 2054 tolerantia.
1580 1997 1935 2053 sustinentia.
1988 2000 2055 2053 Et
2115 2000 2307 2053 horum

743 2076 1019 2131 contraria
1044 2078 1096 2132 in
1126 2080 1216 2143 iis,
1247 2082 1301 2135 in
1329 2084 1528 2152 quibus
1556 2086 1694 2141 Deus
1729 2104 1833 2142 non
1864 2098 2080 2156 regnat,
2107 2092 2317 2159 perspi-

743 2166 986 2231 ciuntur,
1021 2177 1075 2221 et
1111 2169 1237 2225 inde
1264 2184 1690 2242 cognoscuntur,
1723 2179 1789 2232 de
1824 2181 2024 2249 quibus
2058 2184 2316 2250 prmcepit

746 2254 1015 2312 Dominus
1046 2263 1381 2318 exercitibus
1406 2267 1527 2321 suis
1559 2286 1571 2320 :
1608 2268 1739 2323 Illos
1772 2271 2012 2325 inimicos
2042 2289 2202 2335 meos,
2227 2275 2315 2342 qui

744 2352 1024 2404 uoluerunt
1058 2370 1137 2408 tne
1174 2373 1393 2425 regnare
1426 2376 1581 2429 super
1615 2378 1688 2427 se,
1728 2364 1977 2417 adducite
2009 2367 2128 2427 huc,
2158 2375 2208 2417 et
2236 2366 2310 2417 in-

745 2444 967 2511 terﬁcite
997 2463 1175 2501 caram
1208 2467 1288 2503 me
1311 2453 1377 2507 ⁸⁷.
1403 2453 1503 2521 Qui
1537 2455 1681 2509 enim
1712 2458 2060 2523 audiverunt,
2090 2470 2135 2512 et
2175 2460 2316 2511 didi-

746 2545 940 2591 cerunt
980 2539 1359 2608 multifariam,
1401 2558 1500 2613 per
1539 2562 1658 2615 qua:
1697 2564 1859 2616 opera
1899 2559 1950 2603 et
1994 2554 2245 2605 mandata
2288 2565 2315 2601 a

748 2623 967 2679 Christo
990 2642 1217 2696 regnum
1252 2633 1516 2687 cmlorutn
1552 2637 1802 2706 adepturi
1841 2643 1973 2706 sint,
2009 2653 2061 2696 et
2087 2659 2148 2697 ea
2182 2659 2315 2696 eou-

749 2721 1119 2784 tempserunt.
1166 2729 1380 2776 terrena
1412 2739 1474 2779 ac
1506 2730 1814 2795 pereuntia,
1851 2735 2316 2804 temporalemque

751 2806 978 2871 gloriam
1015 2809 1391 2879 prteleremes,
1430 2831 1660 2885 prorsus
1697 2837 1860 2890 quam
1889 2824 2135 2880 inlideles
2161 2842 2319 2880 acer-

750 2898 871 2954 bius
904 2904 1222 2971 punientur,
1256 2910 1514 2977 quoniam
1552 2912 1835 2968 Christum
1864 2918 2143 2984 cognitum
2179 2920 2316 2972 rcci-

750 3006 880 3059 pere
930 2995 1245 3051 noluerunt.
1304 2998 1437 3055 Nam
1494 3002 1585 3072 qui
1643 3007 1919 3060 recusavit
1977 3008 2106 3061 illud
2156 3024 2316 3079 Opus,

750 3083 912 3151 cujus
944 3100 1111 3142 causa
1152 3088 1406 3146 Christus
1447 3109 1513 3148 ex
1564 3107 1753 3151 sancta
1796 3096 2020 3169 Virgine
2058 3111 2221 3156 natus
2267 3103 2318 3155 in

2424 2012 2590 2049 nuum
2653 1997 3099 2066 dispensatorum
3163 2000 3354 2068 gratia:
3420 2000 3778 2054 conﬁrmetur
3844 2001 3999 2069 prius

2424 2088 2567 2155 (qtttl‘.
2601 2088 2777 2157 gratia
2815 2104 2876 2142 ex
2915 2088 3019 2142 ﬁde
3058 2088 3320 2152 donatur,
3365 2106 3470 2145 non
3507 2107 3573 2145 ex
3608 2093 3894 2161 operibus)
3938 2102 3999 2143 nt

2424 2184 2625 2235 virtute
2663 2196 2728 2235 ex
2780 2182 2893 2235 alto
2939 2185 3091 2252 prius
3134 2184 3385 2250 indutus,
3439 2185 3512 2237 ita
3563 2184 3780 2238 demum
3828 2188 3999 2237 vitam

2423 2269 2740 2323 Christiano
2785 2270 3006 2340 dignam
3046 2273 3348 2343 transigere
3392 2274 3565 2342 possit
3600 2289 3615 2327 :
3650 2290 3716 2328 ne
3759 2276 3943 2328 nudus
3971 2290 4000 2327 a

2423 2361 2637 2416 Christi
2681 2361 2858 2432 gratia
2910 2362 3189 2428 inventus,
3226 2372 3380 2417 extra
3412 2362 3614 2418 Christi
3650 2378 3855 2432 partem
3898 2365 4004 2431 eji-

2426 2450 2601 2503 ciatur
2639 2468 2651 2504 :
2691 2464 2791 2503 nec
2826 2452 2968 2504 enim
3009 2460 3215 2506 tantum
3256 2463 3473 2522 propter
3513 2463 3791 2523 peccatum
3831 2470 3992 2507 rece-

2426 2543 2524 2605 dit,
2559 2543 2651 2612 qui
2680 2544 2769 2597 illa
2804 2545 3008 2612 potitus
3035 2544 3156 2611 fuit,
3191 2554 3456 2614 quantum
3487 2556 3708 2616 propter
3740 2548 4003 2615 ignorau-

2427 2636 2580 2688 tiam.
2612 2635 2745 2689 Nam
2776 2637 2879 2690 hoc
2902 2648 2984 2693 cst
3016 2653 3233 2693 omnem
3267 2640 3542 2693 hominem
3578 2640 3713 2693 velle
3747 2639 3812 2691 ad
3849 2640 4007 2697 agni-

2428 2726 2629 2781 tionem
2679 2729 2924 2783 veritatis
2959 2730 3146 2783 vcuire
3182 2731 3249 2762 σν
3284 2770 3298 2793 ,
3358 2731 3618 2799 quoniam
3688 2744 3792 2782 non
3852 2730 4005 2781 aliud

2428 2818 2651 2885 quidem
2696 2820 2919 2883 veritas,
2965 2837 3124 2887 quam
3174 2822 3345 2890 gratia
3387 2822 3613 2883 Christi,
3667 2837 3728 2875 ac
3781 2831 4008 2888 prepter

2428 2925 2546 2961 eam
2593 2910 2826 2977 gratiam
2870 2912 3036 2972 venit,
3089 2919 3141 2964 et
3181 2911 3400 2964 occisus
3443 2919 3526 2963 est
3566 2908 3819 2960 Christus
3859 2926 3871 2960 :
3913 2909 4004 2976 qui

2428 3014 2551 3052 eum
2588 2999 2754 3063 Deus,
2794 2998 3057 3053 Dominus
3096 3014 3157 3053 ac
3200 3000 3373 3054 turres
3417 2999 3489 3053 sit
3525 3000 3701 3053 omnis
3737 3007 4009 3051 creatura:

2431 3106 2526 3160 per
2579 3092 2757 3162 ipsum
2809 3094 3065 3156 conditte,
3110 3102 3544 3162 potestatemque
3588 3091 3786 3145 habeat
3832 3092 3888 3143 in
3943 3104 4005 3144 ea

754 3177 1015 3230 iiutndum
1064 3179 1235 3245 venit,
1267 3183 1623 3241 manifestum
1652 3197 1736 3243 est
1765 3191 1952 3260 utique
1984 3208 2107 3247 eum
2144 3210 2322 3263 neque

754 3266 1029 3288 l‘l__!-.d_-
1062 3284 1112 3288 μ,
1161 3273 1171 3284 ο
1391 3276 1425 3288 ,ι
1558 3277 1568 3287 ι
2081 3282 2092 3288 .
2120 3283 2133 3288 -

2431 3197 2551 3251 qua
2596 3183 2863 3245 condidit,
2913 3198 3019 3237 non
3063 3191 3247 3237 tamen
3279 3183 3441 3237 habet
3478 3190 3799 3253 potestatem
3833 3180 4008 3248 gratis

752 3266 1034 3323 Christum
1061 3273 1333 3342 recipere,
1356 3276 1570 3331 etiamsi
1595 3292 1720 3332 eum
1748 3294 2022 3348 recepisse
2045 3282 2320 3340 videatur.

753 3353 856 3419 Qui
891 3369 1072 3414 autem
1110 3377 1239 3417 vere
1268 3364 1322 3417 in
1356 3364 1635 3421 Christum
1680 3369 2050 3437 crediderunt,
2090 3386 2327 3441 eumque

754 3462 1077 3520 receperunt
1110 3472 1125 3506 :
1166 3454 1325 3510 Dedit
1368 3458 1442 3510 eis
1480 3467 1788 3525 potestatem
1817 3461 1955 3528 ﬁlios
1991 3463 2085 3517 Dei
2116 3466 2233 3533 ﬁeri
2256 3466 2324 3522 ⁸⁸.

757 3539 879 3594 Mox
910 3546 1056 3598 enim
1088 3556 1147 3601 ut
1173 3550 1551 3616 crediderunt,
1594 3551 1858 3608 divinitas
1896 3554 2018 3623 ejus
2048 3556 2181 3625 ipsis
2208 3572 2326 3612 cre-

755 3630 928 3697 ditur,
973 3645 1033 3690 ut
1075 3640 1538 3707 quemadmodum
1581 3642 1671 3697 ille
1714 3653 1798 3698 est
1842 3645 1983 3703 Deus
2015 3648 2180 3704 homo
2278 3652 2328 3706 ic

758 3725 851 3793 qtti
879 3728 1052 3782 credit
1105 3732 1177 3785 sit
1212 3732 1377 3788 homo
1409 3734 1577 3790 Deus.

1328 3849 1586 3908 ORATIO
1626 3855 1763 3911 XIV.

1353 3981 1740 4026 Διιουκειιτωι.

763 4069 1278 4154 ριιαηιδροιεεεαιεηι
1323 4079 1567 4135 Christus
1608 4085 1884 4151 acceperit.
1930 4083 2090 4138 Prius
2130 4085 2331 4140 Christi

827 4150 1059 4218 gratiam
1108 4150 1454 4214 participare,
1508 4162 1661 4218 atque
1711 4158 1786 4206 ita
1836 4155 1997 4206 vitam
2044 4157 2331 4209 secundant

832 4211 994 4292 Deum
1030 4211 1323 4292 consectari
1352 4211 1611 4292 oportere.
1644 4221 1717 4275 De
1746 4236 1981 4285 peccato,
2019 4237 2065 4278 et
2090 4229 2328 4292 jnstitia.

833 4280 1174 4404 (ierim-nali,
1220 4303 1268 4343 et
1304 4280 1594 4359 spirituali.
1646 4292 1723 4346 De
1746 4280 2012 4348 'virtuluin
2051 4280 2244 4362 capite,
2284 4308 2331 4350 et

833 4368 890 4404 ue
931 4370 944 4402 t
988 4371 1066 4404 us.

829 4368 1066 4415 peawus.

830 4462 984 4531 Apud
1020 4466 1275 4523 Davidem
1302 4469 1531 4540 legimus
1562 4473 1745 4540 δρψ
1771 4486 1849 4529 est
1874 4476 2027 4529 Immo
2058 4480 2149 4544 qui
2179 4480 2330 4541 viret,

2428 3271 2591 3327 dandi
2644 3271 2785 3326 hanc
2820 3273 3050 3339 gratiam
3095 3274 3413 3329 hominibus
3461 3292 3473 3327 :
3527 3274 3787 3337 Quoniam
3821 3271 4009 3339 justus

2428 3365 2710 3431 Dominus,
2734 3375 2783 3420 et
2812 3365 3060 3434 justitias
3099 3366 3373 3431 dilexit”,
3430 3366 3697 3432 lnjustum
3733 3364 4007 3433 siquidem

2428 3465 2567 3522 erat,
2602 3458 2898 3523 volentem,
2925 3466 2979 3513 et
3009 3459 3158 3513 nulla
3191 3458 3537 3526 compulsum
3570 3458 3926 3516 necessitate,
3956 3466 4011 3509 et

2431 3568 2527 3623 per
2563 3552 2814 3608 dolosum
2854 3552 3196 3606 mendacium
3246 3559 3460 3605 tantum
3507 3566 3568 3605 ca
3602 3560 3792 3620 Sponte
3829 3549 4007 3602 nuda-

2433 3653 2569 3709 tum,
2631 3654 2687 3699 et
2737 3645 2943 3700 scelere
2996 3644 3365 3713 inquinatum,
3422 3644 3541 3696 sine
3594 3656 3786 3711 magna
3846 3642 3892 3692 vi
3955 3642 4007 3692 in

2431 3734 2741 3790 resistendo
2802 3734 3087 3798 adhibita,
3144 3734 3332 3787 eadem
3395 3748 3590 3786 rursus
3648 3730 4008 3785 cirrumdttri.

2432 3822 2642 3877 idcirco
2671 3831 2724 3878 et
2757 3824 2954 3877 nobilis
2990 3822 3132 3876 facta
3162 3831 3245 3876 est
3279 3821 3679 3890 compensatio,
3720 3822 3858 3873 Deus
3892 3821 4011 3887 ipse

2434 3923 2594 3969 natus
2625 3915 2812 3977 homo,
2846 3914 2902 3967 in
2932 3913 3261 3967 sacriﬁcium
3299 3929 3395 3983 pro
3424 3928 3486 3967 ea
3521 3913 3682 3965 datus
3720 3922 3825 3965 est.
3854 3909 4012 3963 [n-le

2432 4016 2484 4060 et
2515 4005 2767 4060 Christus
2793 4016 2915 4074 post
2951 4006 3412 4061 resurrectionem
3447 4006 3521 4057 ait
3553 4020 3565 4057 :
3606 4004 3745 4055 Dula
3774 4013 3847 4055 εει
3881 4004 4011 4053 mihi

2434 4099 2604 4151 ontnis
2638 4107 2873 4167 potestas
2911 4098 2965 4150 in
3000 4098 3151 4162 ca‘lo,
3193 4107 3240 4148 et
3280 4097 3334 4149 in
3378 4105 3543 4148 terra.
3591 4092 3786 4147 Euntes
3831 4094 4013 4145 decet:

2434 4207 2611 4244 omnes
2638 4201 2831 4260 gentes,
2856 4200 2905 4244 et
2936 4191 3200 4259 baptizata
3233 4206 3318 4242 eos
3363 4190 3418 4241 in
3461 4190 3669 4242 nomine
3714 4186 3921 4247 Patris,
3963 4196 4013 4239 et

2435 4283 2580 4345 Filii,
2622 4294 2671 4336 et
2703 4283 2937 4351 Spiritus
2968 4284 3163 4344 sancti,
3191 4282 3435 4335 docentes
3466 4297 3548 4332 eos
3581 4296 3787 4332 strrare
3832 4282 4011 4331 ontnia

2435 4390 2757 4444 quacunque
2799 4373 3053 4427 mandavi
3094 4373 3330 4426 vobis".
3374 4371 3511 4424 llinc
3557 4382 3612 4424 et
3665 4386 3860 4424 nomen
3892 4372 4014 4438 ejus

2436 4476 2523 4521 est
2551 4465 2694 4536 apud
2722 4465 2914 4520 Isaiam
2942 4463 3382 4532 ⁷¹ὲξο·.›σιαστὴς,
3419 4471 3739 4529 potestatem
3780 4462 4012 4521 habens,

759 4563 939 4607 etnon
988 4559 1183 4612 videbit
1231 4573 1471 4627 mortem,
1520 4576 1571 4619 et
1615 4578 1759 4621 eruet
1801 4573 2037 4623 animam
2079 4590 2230 4626 suam
2270 4574 2333 4627 de

2439 4576 2545 4613 non
2593 4570 2653 4612 ut
2699 4558 2815 4619 Dei,
2857 4558 2951 4611 sed
3002 4565 3061 4611 ut
3099 4556 3477 4626 (λεανθρώπου,
3520 4554 3612 4608 Dei
3652 4565 3703 4607 et
3746 4555 4011 4607 hominis.

763 4664 922 4699 manu
960 4650 1117 4716 inferi
1139 4653 1203 4706 “.
1234 4653 1285 4707 Si
1321 4656 1486 4724 igitur
1521 4658 1664 4713 istud
1696 4662 1870 4714 cuivis
1901 4674 1955 4716 et
1992 4663 2194 4733 ubique
2229 4666 2331 4718 im-

762 4740 1043 4806 possibile,
1071 4744 1169 4796 soli
1198 4755 1381 4799 autem
1412 4749 1633 4804 Christo
1661 4755 1925 4821 possibile
1948 4765 2053 4815 est.
2082 4757 2153 4809 ob
2182 4757 2327 4826 quod

761 4831 925 4896 etiam
965 4832 1017 4884 in
1069 4842 1244 4889 terras
1293 4838 1462 4901 venit,
1512 4839 1567 4894 id
1612 4852 1716 4901 est.
1760 4843 1902 4899 Deus
1953 4845 2115 4898 homo
2152 4846 2330 4901 lactus

760 4928 866 4981 est,
920 4935 1079 4973 nemo
1129 4933 1351 4991 propter
1400 4928 1545 4982 aliud
1595 4932 1904 5000 quippiam,
1955 4934 2057 4988 nisi
2111 4944 2332 5004 propter

762 5009 866 5063 hoc
896 5013 1072 5065 solum
1104 5016 1211 5068 vim
1252 5017 1474 5084 inferat,
1517 5021 1569 5075 id
1596 5033 1699 5089 est,
1737 5034 1795 5077 ut
1828 5026 2099 5078 volentem
2140 5042 2335 5081 omnes

761 5103 1025 5170 liberare,
1090 5118 1249 5175 cogat
1305 5121 1357 5165 et
1424 5126 1708 5183 cogentem
1778 5117 2035 5172 liberare.
2104 5119 2335 5187 Cogitur

762 5196 962 5266 quippe
996 5212 1089 5251 rex
1121 5198 1303 5267 Jesus,
1342 5205 1527 5260 volens
1564 5207 1663 5261 hoc
1693 5223 1802 5261 non
1841 5219 2066 5279 prOpter
2094 5224 2153 5265 se
2185 5229 2199 5263 :
2235 5212 2329 5264 sed

762 5289 891 5355 quia
934 5303 1019 5343 res
1068 5293 1239 5346 ardua
1279 5303 1385 5359 cst,
1426 5306 1479 5349 et
1526 5313 1627 5352 nos
1664 5300 2094 5369 magnitudinem
2137 5302 2332 5357 salutis

765 5379 1102 5447 ignoramus,
1148 5386 1263 5439 vult
1303 5402 1332 5439 a
1365 5388 1521 5442 nobis
1552 5390 1695 5458 cogi,
1735 5400 1788 5444 et
1836 5393 1942 5443 vim
1976 5407 2113 5459 pene
2151 5402 2337 5463 tyran—

766 5471 961 5523 nieam-
990 5476 1286 5541 sustinere,
1326 5489 1384 5531 ut
1417 5480 1615 5547 partim
1648 5482 1867 5550 quidem
1903 5497 1966 5535 cx
2002 5483 2066 5535 iis
2097 5499 2216 5547 qum
2248 5498 2340 5549 pa-

767 5563 955 5629 timur,
983 5580 1012 5617 a
1039 5577 1265 5634 peccato
1286 5572 1527 5637 graviter
1549 5571 1931 5637 circumsessi;
1961 5573 2334 5641 intelligamus

766 5653 820 5707 in
870 5657 1086 5724 qualem
1140 5662 1523 5715 necessitatem
1569 5679 1677 5717 non
1730 5675 1924 5732 sponte
1970 5668 2278 5719 venerimus
2322 5683 2333 5716 :

838 5795 880 5823 ⁸⁵
911 5793 1095 5850 Matth.
1126 5813 1198 5861 vr,
1227 5799 1313 5852 10.

1428 5800 1472 5831 “
1507 5800 1695 5854 Matth.
1728 5819 1780 5861 ι.
1814 5804 1865 5855 7.

773 5878 830 5925 tt,
874 5865 923 5919 ι.
1001 5868 1045 5900 ⁷ο
1079 5868 1221 5924 Psal.
1250 5870 1359 5933 x,8.

1946 5803 1988 5832 ⁸⁷
2026 5802 2154 5853 Luc,
2213 5817 2324 5860 λιι,
2366 5800 2458 5853 27,
2510 5789 2587 5849 (λθ,
2620 5796 2775 5847 Ιιιειη.
2817 5794 2964 5854 ΜΓΞ.
3006 5797 3051 5826 ’θ
3085 5792 3226 5846 l’sal.
3265 5808 3369 5847 ιιι
3418 5806 3566 5859 [VIIII

1440 5872 1481 5904 ⁷¹
1514 5870 1700 5927 Matth.
1735 5888 1919 5933 nvm,
1960 5873 2041 5932 l8,
2073 5873 2151 5927 ιιι.
2228 5872 2272 5899 τ’
2304 5872 2405 5925 lsa.
2431 5872 2573 5939 ις,ιῇ
2609 5866 2848 5919 73Curtlat.
2892 5880 2969 5929 ιιι,
3005 5862 3091 5918 ξῈἹ.

2439 4652 2655 4707 Etenim
2688 4660 2745 4704 ut
2780 4651 2945 4717 Deus,
2976 4650 3252 4721 quomodo
3292 4664 3507 4710 eorum,
3554 4663 3674 4718 quae
3713 4648 4014 4701 fabricatus

2438 4754 2545 4809 est,
2578 4760 2687 4798 non
2732 4744 2963 4798 habebat
3006 4741 3376 4811 potestatem?
3409 4738 3515 4794 Sed
3560 4748 3618 4792 ut
3658 4739 3843 4802 homo,
3890 4754 4014 4792 cum

2441 4852 2499 4893 se
2520 4838 2711 4890 volens
2737 4849 2835 4904 pro
2860 4833 3236 4902 redemptione
3260 4833 3314 4885 in
3347 4830 3677 4885 sacriﬁcium
3703 4830 4014 4891 obtulisset,

2442 4931 2511 4982 ab
2546 4929 2661 4996 ipsa
2691 4936 2883 4979 natura
2915 4926 3101 4994 operis
3136 4924 3280 4993 quod
3316 4923 3632 4992 peragebat,
3685 4929 4012 4989 potesmten:

2441 5020 2673 5087 accepit.
2730 5017 2789 5069 Si
2836 5018 2981 5069 enim
3034 5017 3173 5069 Deus
3232 5016 3284 5067 in
3338 5016 3572 5082 pretium
3625 5013 4019 5080 redemptionis

2440 5112 2722 5178 impensus
2768 5118 2875 5172 cst,
2914 5115 3059 5173 patet
3097 5123 3203 5161 non
3242 5106 3413 5159 fuisse
3450 5104 3619 5158 ullum
3667 5106 3871 5155 donum
3913 5105 4019 5156 isto

2439 5202 2813 5270 pratsmntius,
2852 5200 2997 5268 quod
3041 5199 3107 5252 ad
3148 5196 3578 5252 oblitterandunt
3635 5195 3824 5248 Adami
3878 5196 4016 5249 deli-

2439 5304 2589 5347 ctum
2645 5293 2925 5346 Divittitati
2961 5291 3274 5347 olli-t‘retur.
3312 5289 3522 5357 Lapsus
3556 5290 3699 5341 enim
3748 5288 4014 5349 AdamUs,

2438 5385 2765 5453 intelligibili
2818 5382 2911 5437 Dei
2957 5387 3132 5447 gratia
3184 5397 3290 5449 qua
3338 5382 3643 5441 fruebatur,
3684 5390 3882 5434 exutus
3912 5390 4014 5439 est.

2438 5493 2601 5545 qttam
2638 5492 2783 5529 nunc
2814 5476 3041 5529 salutari
3088 5472 3348 5543 perfusus
3387 5472 3531 5526 unda
3562 5473 3794 5540 quilibet
3830 5488 4019 5526 Flll‘S'H

2441 5568 2639 5621 induit.
2692 5566 2824 5619 Nam
2873 5566 3171 5635 quicunque
3222 5567 3274 5617 in
3316 5564 3529 5619 Christo
3578 5563 3838 5630 baptizati
3877 5578 4018 5621 sunt,

2451 5664 2721 5719 Christum
2755 5659 3037 5712 induerunt
3065 5659 3127 5710 ⁷³.

3738 5791 3803 5819 δ”
3845 5787 4019 5841 ΙῘειιι.
