4170 6452
182 414 284 479 381

1564 427 1849 490 ORATIO
1886 430 2045 495 XIV.

3334 433 3439 499 33'!

251 529 446 599 Itaque
492 529 731 585 humana
769 545 892 603 quae
934 531 1274 596 sentiuntur,
1320 546 1761 608 cernunturque.
1792 538 1837 595 A
1871 539 2108 594 breviter
2157 540 2360 604 dicam,
2419 538 2627 597 frustra
2671 540 2973 599 Christiani
3029 557 3227 600 nomen
3279 548 3441 613 gent,

184 620 557 675 humanorum
608 638 732 691 qua:
789 632 1001 678 tantum
1050 626 1450 695 intelliguntur,
1509 642 1609 684 nec
1659 628 1764 683 sub

180 714 379 769 oculos
419 714 672 780 veniunt,
716 716 904 772 formze
938 727 993 771 et
1030 719 1301 789 imagines
1332 722 1580 790 quadam
1615 730 1763 776 sunt.

181 804 436 875 Exempli
466 820 663 873 causa,
694 809 859 863 homo
889 810 1134 864 nascitur
1164 812 1367 875 nudus,
1398 826 1533 881 puer
1557 812 1765 874 infans,

180 899 276 965 qui
333 898 481 951 nulla
528 914 587 953 re
627 908 803 955 semet
842 901 1040 970 juvare
1080 912 1281 973 potest,
1324 904 1569 973 quandiu
1625 904 1765 959 laeto

182 997 437 1043 materno
464 991 650 1056 alitur,
675 993 744 1046 ab
773 1006 835 1047 ea
860 994 976 1048 sola
1002 1003 1232 1048 curatur
1260 1011 1276 1050 :
1313 1005 1400 1050 ast
1428 995 1520 1049 ubi
1550 996 1764 1050 ratione

171 1080 290 1147 jam
325 1077 428 1138 uti,
468 1087 523 1132 et
566 1078 806 1146 institui,
846 1095 912 1136 ac
955 1082 1221 1153 proiicere
1249 1084 1500 1153 coeperit,
1536 1091 1593 1137 nt
1627 1084 1762 1139 sibi-

180 1177 295 1224 met
343 1184 505 1240 opem
558 1171 708 1227 ferre
754 1182 943 1243 queat,
985 1184 1100 1229 tum
1140 1175 1403 1231 nimirum
1435 1191 1682 1247 quaerere
1710 1185 1764 1231 et

181 1272 389 1327 rogare
416 1266 619 1327 potest.
654 1262 772 1315 Pari
807 1264 970 1318 modo
1001 1264 1184 1318 anima
1208 1268 1357 1320 omni
1387 1268 1590 1321 virtute
1617 1269 1760 1319 nuda

177 1360 461 1405 creatur:
517 1367 753 1423 cumque
799 1354 864 1407 ad
917 1358 1387 1423 regenerationem
1444 1359 1761 1423 accesserit,

177 1441 464 1497 Christum
495 1445 691 1509 induit,
720 1460 748 1498 a
773 1444 996 1501 Christo
1022 1450 1289 1510 nutritur,
1314 1450 1585 1512 eruditur,
1615 1464 1763 1515 qua-

175 1548 307 1587 rere
348 1544 407 1589 et
450 1550 645 1603 rogare
685 1536 875 1592 discit.
924 1537 1131 1593 Exinde
1176 1540 1282 1595 nisi
1323 1551 1497 1609 roget,
1540 1542 1677 1595 nihil
1712 1541 1762 1595 ei

176 1622 443 1679 Christus
484 1625 740 1693 largitur.
782 1626 1016 1697 Rogabit
1056 1644 1185 1683 vero
1216 1631 1607 1687 conducibilia.
1639 1630 1761 1684 Pri-

176 1729 332 1769 mum
389 1717 613 1786 quidem
668 1719 881 1783 lumen,
936 1730 994 1776 ut
1049 1723 1252 1778 videat.
1311 1723 1527 1779 Videbit
1579 1733 1760 1779 autem

176 1821 404 1859 omnem
442 1807 496 1860 in
530 1808 713 1877 seipsa
746 1810 1048 1874 miseriam,
1075 1812 1333 1882 illicoque
1365 1813 1760 1878 hutniliabitur,

173 1904 229 1948 et
256 1896 544 1949 lmmiliata
570 1908 947 1961 mansucscet,
979 1900 1354 1957 mansuefacta
1399 1902 1514 1956 vias
1543 1901 1757 1956 Domini

172 2001 202 2041 a
248 1986 486 2040 Domino
516 1990 745 2059 mystice
774 1990 1061 2046 docebitur
1094 2010 1107 2046 :
1145 1992 1252 2060 Qui
1281 1996 1432 2048 mites
1464 1994 1616 2047 docet
1644 1997 1757 2049 vias

170 2097 303 2133 suas
330 2078 401 2134 ".
432 2080 575 2135 Sane
607 2083 698 2152 qui
731 2083 886 2152 prius
910 2084 1145 2153 gratiam
1169 2084 1373 2139 Christi
1412 2100 1521 2140 non
1556 2084 1756 2148 induit,

168 2180 346 2240 atque
404 2173 479 2225 ita
537 2174 604 2225 ad
655 2174 845 2242 vitam,
897 2190 1191 2245 moresque
1238 2177 1588 2231 Christianos
1635 2191 1756 2232 sese

169 2261 291 2324 dat,
339 2277 563 2332 operam
596 2265 793 2334 perdit.
830 2265 1183 2337 Quaecunque
1215 2268 1362 2322 enim
1401 2268 1540 2320 mala
1572 2275 1756 2335 pertu-

169 2353 325 2418 lerit,
361 2365 457 2408 aut
488 2356 627 2410 bona
663 2357 857 2426 egerit,
894 2359 1137 2413 nondum
1187 2349 1392 2413 Christi
1448 2358 1621 2426 gratia
1663 2373 1757 2413 ve-

169 2444 363 2508 stitus,
388 2448 595 2501 nullam
624 2448 749 2504 inde
776 2451 1062 2505 utilitatem
1088 2451 1412 2520 reportabit,
1441 2459 1667 2522 perinde
1697 2458 1755 2505 ut

169 2535 350 2593 Judaei
391 2549 447 2594 et
480 2541 687 2598 ethnici
725 2540 891 2596 Deum
929 2543 1240 2598 nescientes
1278 2560 1294 2601 :
1337 2543 1604 2613 siquidem
1644 2558 1753 2597 non
1802 2614 1805 2617 ν

166 2642 250 2688 est
292 2633 351 2687 in
398 2633 534 2687 orbe
569 2642 843 2688 terrarum
874 2636 1165 2705 quisquam
1205 2635 1343 2690 adeo
1383 2636 1612 2706 impius,
1655 2634 1753 2705 qui

170 2740 458 2795 nunquam
506 2726 713 2795 aliquid
759 2741 883 2780 cum
915 2728 1119 2783 virtute
1147 2727 1505 2797 coniunctum
1542 2736 1754 2782 naturae

169 2819 397 2872 hortatu
428 2816 691 2872 effecerit.
722 2816 884 2873 Prius
913 2818 1083 2888 igitur
1104 2820 1572 2883 contendendum,
1605 2818 1749 2889 quod

168 2922 341 2979 supra
386 2908 702 2972 docuimus,
741 2917 801 2963 ut
836 2926 931 2980 per
972 2912 1161 2975 lidcm,
1211 2928 1308 2982 per
1349 2913 1750 2982 pmnitentiam,

173 3016 272 3064 per
304 2999 721 3068 impositionem
754 3014 976 3054 manum
1025 3001 1330 3073 presbyteri
1370 3003 1601 3073 gratiam
1634 3002 1753 3056 adi-

168 3089 419 3157 spiscare
461 3106 475 3143 :
531 3089 652 3144 sine
686 3089 886 3158 quibus
911 3091 976 3146 ad
1005 3106 1122 3157 eos,
1158 3092 1248 3160 qui
1283 3092 1455 3163 ipsam
1497 3101 1620 3162 post
1657 3093 1753 3146 ba-

166 3186 436 3253 plismum
482 3184 806 3250 amiserunt,
840 3200 947 3239 non
996 3185 1260 3240 reveniat.
1306 3186 1461 3250 Quod
1500 3187 1543 3240 si
1584 3187 1749 3241 etiam

166 3280 307 3331 citra
343 3292 607 3330 manuum
644 3277 1049 3346 impositioucm
1093 3279 1145 3331 in
1173 3278 1384 3347 aliquos
1416 3280 1582 3342 venit,
1605 3290 1753 3335 certe

168 3382 368 3421 eorum
402 3368 637 3435 exiguus
670 3374 753 3421 est
783 3382 1068 3431 numeros,
1099 3369 1209 3423 duo
1232 3378 1323 3421 aut
1354 3380 1466 3423 tres
1498 3368 1751 3433 forsitan,

166 3467 218 3513 et
262 3460 472 3512 raritas
497 3458 684 3527 [legem
731 3457 992 3513 Ecclesia:
1037 3475 1144 3512 non
1191 3459 1438 3529 prmﬁgit.
1472 3459 1581 3515 Nec
1616 3475 1750 3530 pec-

166 3568 325 3607 racse
347 3552 566 3619 itaque,
587 3566 686 3605 nec
712 3566 939 3619 peccare
955 3562 1236 3621 peccatum
1263 3563 1342 3607 est
1367 3553 1751 3621 :quemadmo-

163 3645 294 3697 dum
324 3657 427 3697 nec
461 3657 606 3697 catco
633 3650 727 3697 aut
746 3641 1040 3697 ollendisse
1066 3644 1253 3710 pedem
1284 3644 1632 3709 ambulando,
1657 3652 1752 3699 aut

164 3737 451 3791 oilendere
468 3734 686 3791 carcitas
710 3743 927 3799 cst,nec
945 3744 1149 3805 aegroto
1172 3736 1394 3791 morbus
1415 3736 1519 3789 cibi
1547 3745 1752 3791 stoma-

166 3830 272 3883 cho
297 3828 557 3881 nocentis
580 3828 841 3896 appetitio
867 3845 879 3881 :
906 3826 1001 3881 scd
1026 3841 1133 3881 non
1162 3828 1488 3897 participare
1509 3827 1748 3882 divinam

168 3931 427 3975 naturam
455 3918 600 3989 ejus,
625 3922 716 3989 qui
740 3934 838 3989 pro
864 3918 1023 3973 nobis
1056 3920 1109 3972 in
1138 3934 1302 3974 cruce
1326 3919 1582 3989 pependit
1605 3917 1749 3974 Deus

159 4014 325 4067 lesus
348 4012 630 4073 Christus,
655 4012 760 4066 hoc
781 4020 1063 4081 peccatum
1092 4019 1195 4067 est.
1223 4010 1321 4066 Est
1340 4014 1483 4065 enim
1520 4010 1747 4065 nimium

161 4115 436 4172 quantum
487 4102 725 4167 dillicile,
763 4112 925 4171 atque
964 4101 1097 4157 adeo
1136 4101 1499 4170 impossibile,
1540 4109 1597 4154 ut
1636 4116 1746 4156 non

163 4201 382 4261 peccet,
438 4192 534 4260 qui
582 4206 705 4245 cum
750 4190 877 4246 Jesu
921 4190 1363 4244 communionem
1406 4206 1513 4244 non
1562 4190 1746 4246 habet.

166 4285 291 4338 llmc
324 4284 495 4338 etiam
524 4283 738 4351 justitia
761 4291 870 4347 est,
898 4285 1227 4353 participare
1252 4290 1308 4337 et
1337 4285 1749 4339 communicare

162 4391 287 4429 cium
314 4374 475 4429 Jesu.
501 4374 637 4428 Cum
666 4374 770 4427 hoc
797 4375 890 4442 qui
916 4389 1023 4427 non
1053 4375 1438 4441 communicat,
1466 4392 1745 4448 nunquam

165 4490 191 4518 κ
234 4476 468 4536 peccato
514 4468 890 4522 mundabitur.
917 4468 1362 4523 Communicanti
1399 4477 1583 4526 autem
1618 4486 1744 4526 cum

166 4571 251 4621 eo,
296 4569 589 4628 peccatum
632 4576 741 4615 non
779 4560 1176 4615 dominabitur.
1224 4560 1282 4614 in
1336 4562 1453 4626 ipso
1485 4563 1630 4617 enim
1664 4564 1744 4617 vi-
1780 4579 1825 4633 ι)

166 4662 319 4713 vunt,
379 4662 672 4707 moventur
718 4663 772 4707 ct
824 4658 952 4708 sunt
994 4650 1297 4706 Christiani
1326 4653 1395 4706 ".
1452 4656 1632 4724 Atque
1684 4663 1745 4708 ut

234 4836 452 4887 npal,
508 4848 658 4898 xxxv,
721 4832 775 4887 9.
848 4833 895 4868 "
937 4833 1059 4889 Act.
1105 4850 1236 4897 xvn,
1275 4832 1367 4889 28.

238 5045 314 5112 (Si)
351 5043 534 5096 Locus
576 5041 820 5096 lubricus
863 5056 1208 5112 censuraque
1260 5043 1483 5113 dignus,
1524 5045 1740 5101 videtur

171 5117 315 5166 cnim
362 5113 585 5166 Simeou
628 5113 965 5183 existimare,
1010 5123 1227 5179 peccata
1274 5116 1343 5167 ab
1390 5115 1611 5169 homine
1650 5129 1746 5183 per

176 5185 411 5237 liberum
445 5182 733 5234 arbitrium
763 5197 869 5235 non
911 5183 1204 5244 committi,
1236 5184 1328 5237 sed
1364 5187 1545 5251 potius
1574 5199 1605 5238 a
1634 5182 1743 5239 da:-

1868 634 1958 701 qui
2010 634 2064 687 in
2111 633 2391 702 agnitione
2437 632 2567 689 Jesu
2599 636 3041 691 communionem
3078 650 3200 688 cum
3230 651 3297 690 eo
3328 651 3437 691 non

1869 724 2054 780 habet.
2086 724 2232 779 Talis
2296 740 2462 796 porro
2501 740 2568 781 ex
2614 726 2943 780 conﬁdentia
2976 735 3032 781 et
3065 728 3295 780 audacia
3337 728 3437 781 sd-

1871 832 2061 871 versus
2092 815 2276 870 divina
2314 826 2369 871 et
2408 830 2588 881 sacra,
2627 831 2694 871 ex
2745 816 3011 871 iracundo
3036 826 3090 871 et
3124 815 3435 886 praefracto,

1866 906 2259 976 arrogantique
2316 905 2542 971 animo;
2594 905 2871 976 quomodo
2924 906 3066 960 alius
3121 915 3312 962 contra
3371 920 3436 959 ex

1850 997 2173 1053 reverentia
2220 1004 2275 1051 et
2321 996 2522 1066 pietate
2572 1011 2699 1065 erga
2745 1012 2835 1052 res
2877 997 3092 1052 divinas
3129 1006 3183 1052 et
3227 1010 3436 1059 sacras,

1867 1090 1996 1144 item
2034 1106 2100 1143 ex
2138 1104 2353 1144 summa
2394 1103 2608 1144 morum
2651 1088 2942 1153 suavitate,
3002 1096 3057 1144 et
3096 1088 3265 1143 animi
3306 1088 3437 1142 sub-

1868 1181 2133 1235 missione
2164 1180 2539 1250 cognoscitur.
2590 1179 2724 1234 Nam
2757 1187 2818 1233 ut
2860 1178 2951 1233 ille
2981 1180 3179 1243 nescit,
3211 1179 3293 1234 sic
3336 1178 3438 1232 iste

1867 1273 2041 1336 novit,
2079 1274 2214 1327 nihil
2261 1289 2321 1328 se
2362 1272 2565 1328 fecisse
2607 1271 2902 1335 laudabile,
2946 1271 3050 1325 nisi
3093 1271 3147 1324 in
3188 1285 3440 1326 commu-

1868 1368 2030 1421 nione
2071 1364 2200 1419 boni
2233 1363 2387 1430 Jesu,
2422 1363 2517 1433 qui
2560 1378 2733 1433 usque
2762 1377 2829 1417 eo
2870 1378 2930 1417 se
2974 1362 3133 1415 nobis
3174 1369 3438 1429 attempe-

1868 1454 2026 1519 ravit,
2078 1461 2138 1507 ut
2179 1452 2411 1506 formam
2454 1460 2620 1521 atque
2664 1452 3027 1507 substantiam
3070 1450 3248 1505 nostri
3284 1450 3439 1503 simi-

1868 1544 1972 1597 lem
2012 1543 2064 1595 in
2100 1556 2157 1595 se
2192 1550 2533 1609 capesseret,
2565 1551 2623 1594 ιιι
2655 1555 2751 1609 per
2781 1540 3160 1608 cognationem
3195 1553 3438 1593 commu-

1866 1634 2197 1700 nionemqne
2228 1644 2355 1683 cum
2380 1644 2466 1695 eo,
2496 1629 2622 1683 vitae
2658 1628 2929 1682 rationem
2964 1627 3169 1681 homini
3205 1640 3434 1696 respon-

1866 1724 2082 1779 dentem
2112 1722 2482 1777 inveniamus.

1939 1819 2080 1871 Sunt
2103 1832 2236 1871 vero
2266 1815 2359 1886 qui
2387 1817 2439 1870 in
2472 1816 2633 1872 terris
2660 1817 2823 1871 etiam
2847 1825 2903 1870 et
2934 1816 2984 1869 in
3013 1829 3245 1885 corpore
3271 1829 3434 1884 ange-

1795 1885 1835 1941 B
1866 1908 2003 1962 licos
2045 1922 2228 1962 mores
2263 1908 2613 1972 aemulantur,
2658 1922 2784 1961 cum
2834 1908 3053 1976 penitus
3091 1916 3204 1961 tota
3239 1907 3435 1960 anima:

1862 2010 1916 2053 et
1958 1999 2211 2067 corporis
2261 2006 2455 2051 natura
2494 1996 2653 2053 Jesus
2702 1998 3131 2052 communicanti
3170 1996 3273 2050 sibi
3313 2010 3432 2063 per-

1862 2090 2062 2144 mistus
2095 2088 2283 2155 fuerit,
2315 2097 2370 2143 et
2398 2102 2524 2143 cum
2559 2102 2624 2143 eo
2651 2103 2820 2142 unum
2852 2088 3115 2153 evaserit,
3144 2098 3202 2141 ut
3237 2088 3433 2158 hujus-

1859 2182 2007 2237 modi
2044 2182 2206 2237 homo
2236 2181 2410 2251 possit
2441 2195 2709 2254 usurpare
2738 2180 2874 2234 illud
2905 2200 2917 2235 :
2964 2180 3090 2235 Vivo
3121 2191 3296 2235 autem
3311 2181 3432 2249 jam

1859 2284 1964 2322 non
2006 2284 2118 2337 ego,
2156 2268 2280 2323 vivit
2323 2283 2442 2322 vero
2485 2268 2541 2321 in
2578 2284 2659 2323 me
2694 2268 2937 2323 Christus
2963 2270 3029 2322 ".
3076 2270 3193 2323 Duo
3231 2270 3434 2338 quippe

1860 2366 1986 2425 sunt
2017 2358 2169 2433 citra
2187 2356 2565 2436 confusionem
2584 2358 2751 2436 unita
2783 2377 2797 2413 :
2827 2359 3219 2430 disiunguntur
3247 2368 3429 2415 autem

1857 2446 2173 2517 aliquando,
2203 2434 2382 2518 idque
2410 2449 2466 2503 in
2510 2434 2670 2522 nobis
2717 2450 2869 2519 ipsis,
2896 2460 2951 2505 et
2988 2466 3051 2506 ea
3092 2451 3331 2505 carnalia
3366 2466 3429 2505 ac

1857 2528 2165 2611 spiritualia-
2199 2540 2497 2597 dicuntur:
2540 2541 2765 2613 quando
2790 2542 2930 2598 idem
2958 2542 3118 2597 homo
3157 2544 3428 2598 interdum

1856 2634 2137 2697 carnalia,
2191 2632 2467 2688 interdum
2533 2633 2841 2704 spiritualia
2918 2635 3083 2704 sapit.
3162 2634 3263 2700 Qui
3330 2635 3434 2706 ἰδ’-

1857 2732 1947 2778 tur
1994 2725 2295 2795 spiritualia
2346 2725 2509 2796 sapit,
2539 2734 2595 2779 et
2646 2728 2783 2796 agit,
2820 2719 2998 2781 ﬁdelis
3032 2734 3139 2789 est,
3170 2736 3223 2780 ct
3259 2728 3432 2781 nomi-

1858 2826 2042 2881 natur;
2068 2816 2173 2871 nisi
2198 2817 2343 2871 enim
2365 2817 2417 2870 in
2441 2817 2621 2886 seipso
2640 2819 2872 2887 gratiam
2900 2817 3236 2872 sanctissimi
3266 2816 3435 2887 Spiri-

1855 2914 1949 2961 tus
1979 2907 2223 2970 haberet,
2251 2907 2354 2962 sibi
2380 2907 2666 2969 creditam,
2694 2908 3079 2977 spiritualibus
3110 2924 3216 2963 non
3243 2908 3432 2979 funge-

1857 3007 2025 3054 retur.
2051 2998 2153 3065 Qui
2187 3008 2367 3055 autem
2403 3015 2523 3069 qua:
2555 3001 2706 3054 carni
2739 3000 2919 3054 aliinia
2949 3010 3075 3056 sunt
3106 3011 3162 3055 et
3186 3003 3350 3071 sapit,
3377 3011 3430 3055 ut

1857 3091 1988 3158 agit,
2020 3090 2275 3157 inﬁdelis,
2308 3100 2360 3145 et
2389 3089 2590 3146 nullius
2615 3091 2769 3160 pretii
2799 3100 2908 3146 est.
2933 3092 3086 3157 Quod
3115 3093 3220 3146 nisi
3248 3094 3320 3145 ita
3346 3106 3433 3145 cs-

1856 3190 1961 3245 sct,
1980 3198 2260 3253 nunquam
2285 3198 2491 3239 vacuus
2508 3184 2683 3254 gratia
2708 3182 2912 3239 Christi
2931 3194 2983 3238 et
3000 3185 3200 3240 diaboli
3219 3186 3434 3255 patiens

1863 3275 2142 3339 incursus,
2202 3275 2445 3329 carnalia
2500 3284 2825 3343 operaretur
2868 3292 2884 3330 :
2938 3277 3066 3347 quia
3117 3278 3297 3331 omnis
3337 3277 3432 3346 qui

1862 3367 1994 3420 facit
2026 3367 2251 3432 malum,
2286 3381 2353 3420 ex
2399 3366 2638 3437 maligno
2676 3376 2761 3421 est
2782 3368 2852 3422 ".
2893 3368 3106 3423 Idcirco
3152 3368 3245 3437 qui
3293 3367 3435 3422 male

1860 3466 2054 3527 agunt,
2100 3472 2197 3513 eos
2244 3466 2456 3513 certum
2502 3465 2585 3511 est
2636 3471 2666 3510 a
2697 3457 3044 3513 dremonibns
3076 3458 3305 3527 imprlli,
3335 3460 3434 3510 ha-

1858 3550 2050 3604 bentes
2081 3551 2341 3619 nequitia:
2377 3553 2705 3624 principem,
2754 3547 2859 3624 qui
2892 3554 2945 3605 in
3002 3549 3135 3620 ipsis
3186 3551 3432 3604 habitare

1858 3643 2233 3713 cognoscitur.
2261 3645 2474 3699 Etenim
2508 3646 2738 3715 spiritus
2772 3660 3006 3714 nequam
3040 3651 3095 3698 et
3131 3643 3435 3711 intelligen-

1858 3737 1947 3792 tia:
2000 3745 2165 3790 notus
2210 3744 2319 3801 est,
2376 3738 2469 3807 qui
2513 3737 2788 3802 inﬁdeles,
2844 3747 2899 3791 et
2953 3750 2983 3790 a
3029 3736 3210 3789 divina
3258 3735 3430 3805 gratia

1860 3830 2111 3885 desertos
2143 3829 2509 3898 spiritualiter
2548 3829 2716 3883 amat.
2752 3829 3019 3895 Quocirca
3053 3827 3266 3882 ratione
3298 3840 3433 3895 prae-

1859 3921 1981 3984 diti,
2024 3933 2079 3976 e‘.
2120 3920 2292 3976 libera
2329 3921 2614 3975 voluntate
2648 3920 3013 3984 cohonestati,
3058 3919 3207 3972 velut
3251 3916 3431 3971 alieno

1858 4016 2091 4071 arbitrio
2148 4015 2379 4085 subjecti
2430 4023 2735 4071 cernuntur
2782 4015 2920 4083 regi,
2977 4012 3196 4067 sibimet
3238 4008 3429 4081 ignoti,

1856 4110 1911 4157 et
1947 4104 2241 4172 opinantes
2274 4118 2337 4157 ex
2385 4103 2476 4157 illa
2530 4120 2629 4159 sua
2672 4103 2924 4158 libertate
2959 4102 3162 4154 malmn
3193 4116 3253 4154 se
3283 4113 3431 4153 com-

1856 4194 2095 4251 mittere.
2149 4195 2324 4259 Quam
2368 4194 2682 4264 opinionem
2734 4208 2990 4263 magnum
3036 4194 3205 4245 robur
3252 4189 3432 4244 archi-

1858 4285 1988 4341 tecti
2025 4285 2396 4354 improbitatis
2425 4300 2548 4341 esse
2582 4286 2834 4341 novimus
2870 4299 2883 4338 :
2918 4284 3079 4351 cujus
3114 4298 3276 4338 omne
3310 4293 3428 4336 stu-

1858 4377 2007 4432 dium
2041 4377 2095 4430 in
2132 4376 2186 4430 id
2228 4377 2586 4447 impenditur,
2624 4386 2683 4431 ut
2712 4391 2781 4433 eo
2809 4377 3115 4437 annitente,
3149 4376 3201 4428 in
3235 4375 3302 4428 iis
3332 4375 3424 4442 qui

1856 4468 2061 4521 malum
2083 4476 2401 4536 operantur,
2421 4475 2713 4537 operantes
2730 4483 2791 4523 se
2810 4466 2863 4522 id
2889 4464 3070 4523 facere
3090 4466 3425 4521 existiment.

1925 4558 2066 4625 Quid
2100 4556 2307 4628 igitur?
2337 4558 2482 4613 dicet
2503 4558 2798 4629 quispiam,
2832 4559 2995 4629 periit
3020 4557 3234 4612 arbitrii
3258 4558 3425 4611 liber-

1852 4660 1939 4709 tas
1962 4652 2077 4723 (5)?
2111 4650 2277 4717 Sane,
2307 4662 2360 4707 at
2386 4669 2495 4708 non
2528 4662 2667 4709 tota.
2694 4652 2976 4710 Remansit
2996 4654 3143 4710 enim
3176 4653 3230 4708 in
3263 4652 3423 4709 nobis

1442 4833 1485 4864 "
1523 4834 1704 4890 Galat.
1740 4850 1803 4903 ll,
1837 4834 1929 4892 20.
2005 4834 2053 4867 ’τ
2091 4833 2296 4891 lJoan.
2331 4849 2413 4902 Ill,
2454 4834 2507 4889 8.

1840 5044 2012 5099 rendo
2036 5054 2085 5097 et
2116 5042 2494 5113 persuadendo
2524 5042 2798 5111 obiectum
2829 5045 3178 5111 propositum
3209 5045 3410 5103 habere

1842 5114 2115 5168 rationem
2146 5114 2296 5175 boni,
2332 5115 2460 5182 quia
2488 5120 2540 5166 et
2583 5127 2903 5180 suggerens,
2936 5123 2990 5168 et
3025 5114 3286 5179 suadens,
3317 5132 3414 5171 seu

1841 5186 2182 5252 persuadens
2206 5183 2825 5255 aliqualitergproponit,
2854 5187 3127 5252 proprium
3156 5186 3418 5255 objeclum

173 5270 331 5306 mune
376 5253 433 5305 in
491 5252 713 5304 homine
756 5260 810 5304 et
861 5267 956 5319 per
1007 5252 1604 5325 hominetn,_tanquatn
1648 5270 1747 5325 per
1839 5251 2121 5313 uoluntati,
2157 5254 2301 5325 quod
2326 5262 2403 5304 est
2436 5252 2662 5325 ratio_n_is
2700 5251 2916 5325 bonum‘
2936 5270 3123 5325 verum,
3150 5251 3228 5308 vel
3255 5270 3419 5323 appa-

172 5326 604 5375 instrumonlnm
639 5331 932 5387 operante;
968 5322 1111 5389 quod
1140 5324 1277 5375 adeo
1314 5322 1508 5378 falsum
1544 5322 1664 5387 est,
1683 5332 1745 5377 ut

176 5392 387 5454 peccati
433 5391 576 5443 ratio
617 5392 761 5461 nulla
796 5390 1009 5461 ratione
1040 5391 1343 5446 subsistere
1384 5394 1598 5461 possit;
1635 5394 1739 5447 nisi

172 5477 198 5511 a
231 5464 409 5515 libero
442 5460 677 5513 arbitrio
707 5460 1003 5528 procedat;
1036 5475 1210 5528 neque
1238 5470 1323 5516 est
1351 5460 1458 5516 ulla
1487 5479 1573 5516 res
1597 5478 1739 5530 prae-

172 5540 250 5581 ter
280 5534 465 5598 ipsum
500 5530 777 5582 hominem
811 5531 905 5598 qui
950 5540 1173 5597 peccat;
1229 5547 1348 5599 quae
1397 5534 1734 5586 voluntatem

171 5600 380 5653 directe
428 5600 497 5653 ad
546 5610 830 5671 peceatum
874 5614 1093 5671 movere
1137 5608 1193 5652 et
1234 5601 1500 5656 inclinare
1546 5612 1735 5671 queat,

171 5672 325 5725 docet
353 5667 588 5724 sanctus
613 5667 873 5743 Thomas,
899 5668 1015 5743 i-jZ,
1043 5671 1351 5743 qtuest._80,
1372 5680 1479 5743 art.
1504 5667 1734 5743 εξιηιιξτ

173 5752 310 5795 recte
352 5751 539 5793 tamen
574 5747 757 5808 potest
791 5739 1028 5793 et'solet
1073 5739 1326 5795 diabolus
1369 5742 1625 5795 inducere
1671 5742 1734 5793 ad

174 5809 233 5860 ad
268 5821 594 5877 peccatum;
631 5810 711 5861 vel
748 5812 1105 5876 proponendo
1131 5820 1181 5861 et
1221 5811 1532 5875 obiiciendo
1569 5823 1735 5868 ntale-

179 5878 323 5943 rimh
372 5897 481 5950 qua
524 5880 646 5951 quis
691 5880 754 5933 ad
798 5889 1080 5949 peccatum
1125 5880 1384 5947 allicitur,
1424 5885 1503 5937 vel
1540 5896 1733 5949 sugge-

1843 5339 1987 5384 rens,
2014 5331 2072 5375 ut
2104 5322 2283 5387 inquit
2311 5331 2536 5375 sanctus
2562 5321 2802 5374 Thomas
2829 5338 2844 5374 :
2877 5320 2981 5376 Sed
3009 5324 3156 5378 nullo
3190 5320 3416 5378 istorum

1846 5393 2123 5444 modorum
2156 5400 2321 5454 potest
2353 5390 2558 5458 aliquid
2599 5406 2711 5443 esse
2753 5392 2955 5444 directa
2992 5410 3157 5448 causa
3193 5397 3416 5462 peccari,

1843 5466 1968 5532 quia
2000 5462 2239 5513 voluntas
2284 5479 2387 5532 non
2420 5475 2484 5513 ea:
2521 5461 2829 5532 necessitate
2854 5472 3094 5516 movetur
3132 5465 3197 5516 ab
3237 5461 3416 5531 aliquo

1846 5529 2067 5598 objecta,
2103 5532 2205 5583 nisi
2232 5531 2309 5602 ab
2347 5532 2533 5583 ultimo
2569 5530 2688 5596 fine.
2726 5529 2874 5584 (inde
2918 5548 3020 5585 non
3050 5542 3128 5585 est
3159 5529 3417 5602 sufﬁciens

1843 5618 2003 5655 causa
2039 5601 2261 5668 peccati,
2298 5617 2460 5667 neque
2494 5616 2573 5652 res
2601 5601 2833 5671 exterius
2865 5601 3071 5663 oblata,
3113 5619 3274 5671 neque
3302 5605 3416 5666 ille,

1842 5674 1932 5737 qui
1978 5688 2091 5723 cant
2137 5672 2404 5737 proponit,
2452 5685 2612 5736 neque
2658 5670 2771 5729 ille.
2818 5673 2908 5739 qui
2935 5670 3236 5735 persuadet.
3276 5673 3418 5727 Pnda

1844 5742 2103 5803 sequitur,
2130 5742 2266 5807 quod
2293 5741 2531 5791 diabolus
2568 5756 2668 5790 non
2698 5740 2767 5795 sit
2798 5756 2958 5793 causa
2994 5744 3195 5807 peccati
3221 5745 3417 5797 directe

1845 5812 1919 5862 re!
1961 5812 2292 5878 sumi-imiter,
2327 5811 2415 5861 scd
2458 5810 2624 5864 solum
2667 5827 2755 5874 per
2797 5812 3003 5862 modum
3045 5812 3415 5877 persuadentis

1844 5881 1918 5935 re!
1963 5882 2297 5949 ιηηψοηιηιὲε
2352 5881 2648 5947 (tapetibus.
2697 5879 2821 5936 lle:
2878 5891 3110 5939 sanctus
3157 5881 3416 5936 Thomas.
