4170 6452
208 452 315 515 385

1631 450 1914 511 ORATIO
1945 454 2066 515 XV.

3372 462 3477 525 386

212 564 387 623 litate,
430 573 689 631 tanquam
742 579 773 617 a
822 564 1051 633 pcdibas
1099 574 1429 619 sustentata.
1468 565 1788 632 Paupertas,
1823 564 2272 620 Atttattlt‘itatcttt
2312 584 2419 620 non
2453 568 2743 638 pertingit,
2802 570 2899 624 sed
2952 570 3167 626 inutilis
3215 573 3473 629 eﬂicituro

207 654 506 721 jejunium,
568 656 942 718 continentia,
1003 656 1137 721 ira},
1175 657 1416 727 linguae,
1476 658 1794 725 cupiditatis

213 746 400 797 omnis
455 744 559 797 sub
608 744 743 813 jugo
782 754 913 799 sunt
967 745 1216 815 justitiae,
1254 762 1377 816 qua:
1426 746 1606 801 virum
1645 746 1795 815 pium

211 849 279 889 ac
330 837 649 906 religiosum
679 841 855 903 decet,
889 847 949 894 ut
979 855 1047 894 ne
1075 840 1148 894 sit
1180 840 1446 907 injustus,
1485 856 1583 895 nec
1602 840 1793 903 alium,

210 926 309 982 sed
336 938 464 981 ante
516 930 653 984 alios
696 938 868 983 semet
929 930 1143 985 multct.
1206 928 1373 982 Plura
1427 933 1573 984 enim
1630 943 1794 997 quam

212 1020 526 1074 necessitas
575 1022 809 1089 requirit
859 1022 1164 1089 possidere,
1211 1032 1306 1076 aut
1337 1023 1649 1077 necessaria
1677 1022 1799 1090 qui-

212 1110 368 1175 dem,
398 1114 815 1182 sumptuosiora
870 1123 1075 1178 tamen,
1124 1115 1392 1183 injustilia
1442 1124 1526 1171 est
1557 1133 1571 1169 :
1603 1131 1796 1183 quem-

210 1204 512 1257 admodum
564 1214 619 1259 et
650 1206 827 1260 ventri
876 1207 1103 1260 deﬁnito
1154 1206 1415 1261 alimento
1468 1208 1590 1277 plus
1641 1207 1794 1274 dare,

210 1295 487 1364 injustitia
525 1304 631 1351 est.
665 1297 766 1352 Ira:
817 1305 997 1351 autem
1055 1297 1240 1353 frenos
1287 1298 1490 1364 laxare,
1534 1300 1794 1365 stultitia;

210 1398 470 1453 proterve
500 1389 671 1458 loqui,
707 1390 933 1442 fatuitas
960 1406 975 1455 ;
1000 1391 1393 1460 cupiditatibus
1441 1391 1796 1447 saecularibus

210 1482 527 1550 indulgere,
561 1482 826 1537 amentia.
860 1482 977 1535 Non
1034 1483 1179 1535 enim
1214 1484 1389 1537 virtus
1420 1490 1527 1546 est,
1569 1498 1598 1536 a
1656 1485 1798 1537 malo

212 1574 559 1629 abstinuisse
592 1591 609 1625 :
645 1575 750 1628 etsi
783 1574 876 1642 qui
920 1574 1120 1627 tnalum
1154 1590 1262 1628 non
1308 1572 1457 1639 fecit,
1488 1590 1595 1627 non
1628 1590 1800 1644 vapu-

215 1667 380 1731 labit,
413 1667 559 1721 sicut
587 1668 678 1720 ille
704 1669 917 1722 scilicet
950 1668 1044 1737 qui
1076 1667 1223 1722 fecit.
1275 1669 1330 1723 Si
1382 1678 1563 1722 autent
1614 1668 1797 1731 faciet,

212 1758 444 1809 omnino
501 1757 992 1826 etiamVapulabit.
1048 1757 1118 1812 At
1168 1761 1260 1826 qui
1316 1758 1522 1812 bonmn
1582 1755 1799 1820 fecerit,

215 1849 295 1902 illi
352 1850 495 1904 bene
548 1850 637 1903 [iet
672 1869 687 1905 :
727 1867 833 1904 non
886 1850 1104 1919 quidem
1162 1850 1464 1905 secundum
1528 1851 1794 1904 rationem

1900 656 2205 726 meliusque
2245 665 2385 723 erat,
2423 660 2467 713 si
2520 676 2621 715 nec
2673 676 2703 715 a
2752 662 3023 732 principio
3062 667 3473 733 germinasset:

1898 748 1979 802 sic
2010 751 2100 817 qui
2134 751 2309 804 calori
2351 752 2488 806 solis
2519 754 2687 819 illius,
2717 769 2879 823 quem
2916 756 3276 826 intelligentia
3302 758 3478 823 perci-

1898 840 2102 908 pimus,
2136 858 2255 896 sesc
2294 859 2390 913 per
2438 845 2707 901 orationis
2758 849 3140 916 praestantiam
3197 864 3308 901 non
3344 848 3478 902 sub-

1894 934 2046 1002 jecit,
2080 950 2357 1004 nunquam
2415 936 2659 991 fructum
2711 950 2988 993 maturum
3041 955 3132 1008 per
3184 941 3476 994 lectionem

1899 1023 2060 1078 edere
2092 1027 2294 1093 poterit
2326 1045 2340 1080 :
2382 1028 2655 1096 siquidem
2711 1040 2766 1082 et
2813 1031 3032 1086 discere
3062 1032 3240 1101 prius,
3278 1050 3475 1100 quem-

1901 1116 2198 1170 admodum
2234 1122 2411 1172 oratio
2437 1121 2774 1176 instituenda
2806 1126 2899 1186 sit,
2939 1134 2995 1177 ut
3051 1126 3143 1178 ubi
3190 1126 3471 1193 didiceris,

1898 1208 2067 1263 etiam
2101 1224 2261 1264 orare
2294 1227 2488 1280 queas,
2544 1215 2778 1267 multum
2821 1225 3056 1283 tempus,
3099 1217 3471 1287 laboremque,

1898 1309 1951 1355 et
1982 1299 2149 1353 animi
2196 1304 2371 1371 magis
2422 1318 2586 1369 quam
2644 1306 2890 1374 corporis
2940 1306 3236 1362 desiderat.
3268 1314 3475 1374 Quam-

1899 1391 2089 1445 obrem
2131 1401 2185 1445 et
2217 1392 2512 1459 Apostolus
2582 1394 2832 1462 hortatur
2876 1396 3100 1449 assidue
3151 1406 3373 1451 cantare
3424 1406 3479 1452 et

1902 1484 2135 1552 psallere
2171 1482 2278 1537 Deo
2308 1486 2360 1535 in
2391 1484 2555 1538 corde
2591 1501 2700 1538 non
2728 1488 2783 1539 in
2812 1487 3054 1541 labiis".
3083 1488 3188 1542 Sed
3216 1491 3478 1559 quoniam

1898 1589 1964 1627 ea:
1997 1576 2327 1628 abundantia
2356 1576 2593 1645 loquitur
2616 1577 2686 1642 ⁸⁸,
2719 1593 2941 1632 necesse
2976 1588 3061 1632 est
3090 1582 3253 1634 etiam
3292 1598 3385 1651 per
3412 1598 3477 1637 os
3568 1628 3571 1629 ν

1900 1680 1964 1720 ex
1993 1667 2323 1721 abundantia
2362 1669 2510 1722 illius
2543 1669 2850 1723 orationem
2890 1671 3088 1738 promi,
3123 1687 3245 1725 enm
3299 1674 3477 1739 ipsum

1903 1772 1998 1809 cor
2067 1760 2217 1827 prius
2288 1761 2551 1813 mundum
2614 1773 2884 1825 creatum,
2980 1764 3179 1816 deinde
3256 1763 3477 1818 divinus

1905 1849 2252 1904 reetitutlinis
2320 1850 2559 1919 Spiritus
2641 1855 2931 1908 innovatus
3018 1853 3181 1908 fuerit
3258 1872 3273 1910 :
3354 1866 3480 1925 post

209 1940 462 2009 justiti.e,
497 1941 589 1995 sed
627 1956 692 1996 cx
739 1943 1083 1998 humanitate
1122 1951 1178 1999 et
1223 1944 1467 1998 bonitate
1516 1942 1636 1998 Dei.
1680 1942 1796 1997 Utta
1833 1915 1872 1968 Β
1903 1941 2148 1994 laetitiam
2178 1941 2442 1995 salutaris
2475 1943 2566 1995 Dei
2596 1946 2915 2011 gustaverit,
2953 1961 3073 2013 quze
3101 1962 3165 1999 ex
3195 1949 3480 2001 consortio

216 2032 365 2084 enim
401 2032 649 2100 quaedam
684 2032 896 2087 Christi
948 2037 1218 2089 sententia
1255 2041 1364 2098 est,
1394 2048 1501 2103 qua
1552 2034 1753 2087 dicitur
1785 2054 1798 2091 :

215 2122 327 2185 Qui
354 2128 599 2193 cognovit
636 2127 963 2181 voluntatem
1012 2126 1227 2180 Domini
1272 2127 1378 2190 sui,
1411 2137 1460 2181 et
1497 2143 1601 2180 non
1652 2127 1799 2194 fecit,

216 2218 496 2280 rrijulabit
529 2220 716 2273 multis
740 2220 805 2272 ⁸².
833 2220 951 2273 Alia
980 2236 994 2272 :
1027 2219 1161 2274 Cum
1206 2218 1444 2288 feceritis
1476 2220 1655 2272 omnia
1686 2234 1802 2287 qua:

216 2319 482 2375 purcepta
518 2322 642 2364 sunt
676 2313 843 2373 vobis,
878 2313 1062 2375 dicite,
1116 2313 1252 2364 servi
1288 2311 1508 2365 inutiles
1558 2326 1741 2365 sumus
1782 2325 1800 2364 :

215 2402 341 2467 quia
372 2402 513 2469 quod
540 2400 716 2467 facere
737 2402 1038 2467 debuimus,
1076 2404 1302 2469 lecimus
1326 2402 1394 2457 ⁸³.

746 2515 1085 2571 ORATIO
1156 2516 1294 2573 XV.

838 2646 937 2685 ABG
947 2647 1219 2687 [TIENTUDL

221 2721 436 2795 Tenere,
494 2739 585 2775 seu
641 2724 915 2795 obseruare
958 2740 1077 2792 qua:
1134 2724 1189 2776 in
1242 2723 1438 2778 divinis
1510 2723 1803 2795 Scripluris

294 2793 564 2861 leguntur,
596 2800 761 2844 totum
800 2792 893 2845 Dei
922 2809 1112 2846 nmnus
1140 2809 1273 2846 esse.
1322 2796 1398 2847 De
1443 2792 1705 2853 oratione.
1754 2810 1802 2851 et

291 2865 541 2926 lectione,
565 2872 615 2914 et
642 2863 903 2931 quomodo
935 2864 1240 2917 Christiano
1268 2865 1609 2932 psallendum
1643 2869 1733 2920 sit.

289 2952 396 3019 Qui
430 2956 679 3019 docetur,
715 2954 822 3008 nisi
857 2970 977 3023 qua:
1019 2954 1219 3010 doctus
1255 2966 1339 3011 est
1391 2958 1444 3010 in
1496 2959 1682 3012 animo
1720 2974 1805 3013 re-

219 3046 379 3106 tinet,
420 3044 556 3099 nihil
592 3043 848 3114 proiecit.
882 3044 987 3110 Qui
1023 3046 1237 3101 litteras
1278 3048 1485 3112 sciens,
1524 3049 1669 3118 legit,
1700 3051 1804 3105 nisi

221 3136 497 3206 intelligat
522 3152 643 3205 qua:
678 3137 828 3205 legit,
879 3137 1288 3206 quodammodo
1333 3139 1648 3196 illitteratus
1696 3152 1802 3196 est.

1902 2042 1957 2087 et
2020 2036 2407 2088 communione
2453 2036 2656 2089 Christi
2709 2036 2926 2089 exsistit
2982 2052 2997 2088 :
3053 2037 3252 2092 deinde
3306 2040 3479 2107 gratia

1907 2122 2146 2193 Spiritus
2202 2126 2520 2195 principalis
2594 2127 2903 2180 tirtnitatcm
2968 2128 3363 2196 acquisiverit,
3424 2139 3483 2182 ut

1904 2217 2213 2285 spiritualia
2272 2218 2549 2285 nequitia),
2588 2234 2707 2287 qua:
2759 2221 3100 2287 cogitatione
3155 2232 3481 2290 cernuntur,

1904 2309 2052 2361 nulla
2075 2323 2138 2361 cx
2165 2318 2320 2376 parte
2358 2310 2477 2373 ejus
2503 2309 2798 2370 motiones,
2836 2311 3073 2379 c0gitata
3106 2321 3403 2365 concutere
3429 2323 3483 2365 et

1904 2416 2175 2469 quassare
2206 2402 2323 2454 suis
2350 2399 2571 2454 ﬂatibus
2597 2402 2801 2470 possint
2824 2402 2892 2455 ⁸⁷.
2924 2403 3004 2458 Αε
3052 2412 3183 2459 tunc
3223 2406 3482 2474 precibus

1904 2488 2109 2542 divinis
2138 2503 2360 2554 vacans,
2387 2505 2484 2558 per
2516 2491 2703 2544 radios
2734 2494 2999 2561 mysticos
3037 2507 3135 2561 per
3173 2495 3479 2548 orationem

1906 2595 2070 2649 super
2104 2590 2349 2634 orantem
2381 2592 2602 2636 exertos
2656 2584 2874 2651 cognita
2931 2594 2986 2638 et
3022 2586 3231 2653 agnita,
3266 2586 3333 2639 ad
3366 2585 3484 2639 l'ru-

1905 2688 2024 2743 gem
2063 2682 2333 2726 maturam
2368 2673 2672 2744 perducere
2713 2685 2893 2745 potest
2925 2692 2940 2730 :
2976 2676 3183 2747 alioqui
3216 2678 3487 2747 insipiens

1906 2780 1969 2818 ac
2010 2766 2262 2833 stupidus
2302 2776 2407 2821 est.

1978 2856 2220 2911 Psallcre
2268 2857 2433 2926 igitur
2479 2857 2588 2911 Deo
2620 2859 2820 2912 bonum
2862 2870 2968 2927 est,
3021 2863 3149 2932 quia
3198 2865 3253 2917 in
3291 2864 3484 2933 primis

1910 2946 2281 3002 fructuosum.
2315 2947 2371 3000 Si
2402 2951 2548 3002 enim
2580 2949 2841 3019 quiddam
2888 2954 3167 3021 singulare
3213 2964 3319 3017 est,
3359 2970 3485 3008 cum

1908 3057 2035 3109 rege
2061 3049 2285 3095 terreno
2315 3041 2574 3108 colquni,
2608 3054 2815 3110 quanto
2838 3044 3176 3113 singularius
3208 3061 3331 3100 cum
3363 3062 3489 3117 rege

1910 3133 2164 3188 cueicsti?
2190 3132 2326 3197 Quis
2350 3133 2611 3187 accedere
2634 3136 2883 3202 propius,
2919 3146 2971 3188 et
3002 3136 3329 3205 cujusquam
3359 3155 3483 3192 eum

218 3228 327 3292 Qui
361 3228 493 3297 legit
520 3238 574 3281 et
598 3228 879 3298 intelligit,
924 3229 1328 3285 nisiintcllecta
1354 3246 1577 3287 servare
1605 3244 1803 3303 potest,
1831 3256 1876 3318 η
1913 3241 2038 3296 rege
2100 3240 2408 3281 sermonem
2469 3226 2833 3280 ίιιωτιυτὺπε
2876 3228 3079 3281 διιδειῖ
3154 3230 3246 3284 Sic
3312 3247 3490 3300 neque

219 3321 364 3374 nihil
411 3320 460 3374 ei
514 3322 731 3390 podest.
786 3320 1010 3377 Divinas
1067 3322 1384 3391 Scripturas
1442 3324 1643 3395 legere,
1698 3328 1802 3381 nisi

222 3413 528 3469 arbitratus
578 3422 665 3469 est
722 3415 1026 3485 intelligere
1082 3415 1219 3470 lecta
1271 3417 1327 3470 in
1383 3418 1542 3474 nobis
1588 3428 1692 3483 est,
1752 3430 1805 3474 et

218 3522 333 3560 non
368 3514 479 3561 est.
536 3507 596 3560 In
647 3506 830 3573 nobis,
877 3508 1119 3560 studium
1154 3524 1169 3560 :
1209 3507 1512 3579 intelligere
1562 3526 1591 3564 a
1630 3513 1804 3580 gratia

218 3599 318 3652 Dei
352 3598 573 3667 pendet.
612 3597 809 3653 Verum
838 3608 1050 3663 tenere,
1082 3615 1179 3655 seu
1208 3612 1473 3667 priestare
1500 3604 1802 3669 intellecta,

221 3691 275 3744 id
316 3698 497 3745 totum
546 3706 815 3758 suprema:
847 3693 1033 3759 gratiis
1085 3702 1365 3760 acceptum
1398 3694 1587 3746 referri
1622 3694 1803 3748 debet.

220 3782 501 3848 Quocirca
567 3783 726 3851 pauci
785 3792 915 3837 sunt
966 3784 1060 3853 qui
1113 3799 1181 3838 ea
1236 3793 1499 3852 praestant
1523 3786 1599 3852 “;
1662 3787 1807 3842 sicut

222 3875 396 3943 pauci
431 3884 561 3927 sunt
594 3875 686 3942 qui
720 3873 1024 3928 salvantur.
1060 3874 1197 3927 Sunt
1224 3889 1352 3944 ergo
1389 3876 1521 3938 duo,
1557 3879 1734 3931 oratio
1759 3889 1811 3932 et

220 3964 413 4028 lectio,
436 3975 670 4031 quorum
697 3962 813 4016 haec
838 3978 943 4031 qua
980 3963 1067 4016 via
1091 3962 1157 4017 ad
1187 3963 1355 4018 Deum
1389 3966 1804 4033 perveniamus;

221 4054 425 4114 docet,
485 4052 731 4120 facitque
780 4054 1056 4107 hominem
1115 4056 1361 4107 divinum
1418 4073 1430 4107 :
1490 4056 1579 4108 illa
1639 4055 1805 4110 Deum

224 4146 417 4210 ﬂectit,
449 4154 509 4199 ut
538 4154 774 4199 mentem
807 4144 1040 4213 legentis
1092 4146 1390 4209 illuminct,
1453 4161 1563 4214 quo
1590 4146 1724 4201 lecta
1756 4156 1811 4201 et

223 4238 527 4305 intelligat,
554 4244 606 4289 ct
634 4235 911 4290 observet.
962 4236 1082 4287 Alia
1133 4236 1336 4289 etenim
1391 4237 1594 4305 scripta
1628 4239 1813 4306 perci-

225 4344 359 4398 pere
386 4337 444 4383 et
468 4342 803 4396 cognoscere
827 4336 1062 4396 possunt
1082 4327 1173 4395 qui
1206 4328 1397 4395 legunt
1424 4348 1437 4382 :
1466 4344 1811 4399 quweunquc

225 4432 414 4475 autem
475 4422 660 4474 divina
724 4427 780 4475 et
839 4419 1104 4473 salutaria
1155 4428 1307 4481 sunt,
1374 4421 1511 4473 citra
1573 4421 1814 4490 Spiritus

226 4514 410 4567 sancti
443 4512 905 4566 illuminationem
930 4512 1322 4580 comprehendi
1358 4513 1682 4581 servarique
1714 4531 1812 4568 ne-

229 4613 478 4672 queunt.
512 4601 580 4655 Et
612 4602 836 4671 quidem
863 4603 954 4670 qui
980 4604 1217 4670 orarequ
1237 4604 1419 4675 debet,
1449 4606 1676 4657 edoctus
1706 4614 1811 4669 est,

229 4704 525 4764 tantOpere
575 4695 830 4748 lectionis
880 4708 991 4747 non
1041 4693 1331 4763 indigebit,
1379 4694 1579 4748 divina:
1628 4696 1815 4761 gratiae

230 4788 420 4842 divino
452 4785 660 4839 lumine
692 4785 939 4853 replente
976 4784 1097 4853 ejus
1127 4785 1391 4847 animam,
1431 4794 1485 4838 et
1522 4785 1574 4838 in
1610 4796 1812 4841 statum

231 4878 526 4949 quemdam
558 4877 885 4931 diviniorem
919 4877 1270 4930 immutante.
1312 4876 1417 4941 Qui
1457 4887 1638 4931 autem
1686 4893 1815 4931 con-

234 4976 446 5027 tinuam
480 4970 777 5024 lectionem
837 4967 1012 5038 pluris
1077 4966 1231 5030 facit,
1287 4976 1579 5033 antequam
1632 4983 1811 5032 orare,

235 5075 293 5118 ut
330 5071 571 5133 oportet,
607 5060 889 5125 didicerit,
926 5066 1098 5123 errat,
1135 5074 1305 5127 seque
1347 5060 1528 5129 ipsum
1565 5073 1594 5112 a
1626 5059 1810 5113 divina

235 5156 417 5210 salute
476 5152 700 5207 abducit
733 5169 745 5204 :
786 5152 893 5204 imo
927 5166 1057 5205 vero
1108 5164 1307 5204 sensus
1344 5152 1571 5205 omnino
1617 5166 1816 5221 expers

234 5255 339 5309 est,
388 5245 612 5297 tametsi
655 5242 709 5296 in
756 5251 871 5295 tota
897 5243 1181 5311 Scriptura
1233 5256 1389 5295 sacra
1456 5243 1815 5296 exercitatum

235 5354 314 5400 se,
370 5346 425 5391 et
491 5350 611 5389 eam
667 5336 903 5390 recitare
951 5334 1271 5388 memoriter
1325 5348 1493 5405 posse
1558 5334 1815 5393 fateatur.

237 5427 306 5481 lit
350 5426 499 5481 enim
559 5427 693 5480 citra
734 5426 971 5478 calorem
1031 5424 1191 5488 solis,
1248 5422 1461 5479 fructus
1512 5425 1809 5493 provenire

237 5535 345 5573 non
382 5526 586 5588 potest,
610 5517 705 5571 sed
755 5517 936 5572 hieme
966 5515 1187 5585 quidem
1229 5515 1497 5581 nascitur,
1530 5530 1657 5571 vere
1692 5531 1810 5569 ma-

233 5621 521 5666 turescere
549 5610 760 5679 incipit,
797 5609 998 5679 frigore
1030 5616 1211 5663 autcm
1244 5608 1518 5673 nascitur,
1544 5622 1669 5663 vere
1696 5624 1813 5662 ma—

236 5712 519 5758 turescere
568 5700 781 5771 incipit,
836 5699 1040 5771 frigore
1072 5707 1255 5754 autem
1317 5707 1708 5768 perseverante
1740 5700 1807 5755 ad

1914 3318 2190 3372 daemones
2265 3318 2331 3370 ad
2419 3318 2570 3370 illum
2653 3320 3096 3388 appmpinquare
3163 3324 3487 3388 Sustiueul,

1914 3413 2007 3479 qui
2045 3424 2170 3464 cmn
2227 3407 2339 3463 Deo
2369 3409 2632 3479 loquitur.
2684 3409 2801 3464 Non
2843 3413 3076 3481 psallere
3131 3413 3261 3477 Deo,
3295 3431 3487 3484 magna

1913 3504 2241 3571 estjactura
2280 3516 2294 3554 :
2334 3504 2516 3555 anima
2549 3503 2753 3572 quippe
2803 3518 2911 3556 non
2974 3504 3253 3570 psallentis
3300 3505 3489 3559 dl\'tl|0

1910 3593 2139 3657 lumine,
2168 3592 2350 3647 divina
2385 3592 2588 3647 virtute
2626 3600 2681 3646 et
2728 3595 2913 3662 quiete
2960 3596 3250 3651 insnltibus
3282 3597 3486 3650 daemo-

1914 3701 2045 3740 nutn
2076 3685 2340 3756 primitur,
2373 3695 2427 3738 ει
2458 3686 2639 3739 omnis
2668 3688 2990 3753 petulantia,
3014 3690 3195 3743 omnis
3247 3690 3490 3742 inunuu-

1915 3779 2073 3840 ditia,
2105 3778 2283 3831 omnis
2316 3777 2636 3844 improbitas
2662 3789 2716 3831 et
2761 3779 3050 3847 injustitia,
3084 3782 3262 3834 omnis
3289 3780 3489 3845 fastus,

1917 3871 2231 3939 ostentatio,
2258 3870 2569 3937 arrogantia
2602 3869 2670 3922 ab
2704 3870 2895 3922 iisdem
2944 3872 2997 3923 in
3030 3870 3276 3924 eamdem
3341 3874 3493 3927 iuve-

1918 3966 2087 4020 hitur.
2126 3964 2281 4017 Sicut
2327 3964 2475 4017 enim
2529 3962 2652 4016 cmli
2707 3961 3040 4029 aSpiratioue
3092 3976 3342 4031 corpora,
3417 3965 3491 4017 ita

1917 4055 2139 4120 perenni
2168 4051 2258 4105 Dei
2301 4050 2559 4105 memoria
2584 4051 2761 4103 omnis
2795 4051 2974 4102 anima
3008 4065 3232 4118 prorsus
3261 4050 3485 4120 indiget.

1918 4142 2114 4197 Verum
2148 4143 2423 4197 enimvero
2465 4142 2695 4212 psallere
2736 4141 2844 4197 Deo
2896 4143 3218 4211 simpliciter
3254 4160 3317 4197 ac
3372 4162 3492 4213 perv

1917 4237 2210 4301 functarie,
2247 4249 2297 4290 ct
2343 4237 2462 4291 sine
2491 4238 2709 4301 timore,
2757 4235 2849 4305 qui
2891 4235 2997 4290 Deo
3043 4238 3239 4290 astanti
3280 4248 3363 4290 est
3398 4254 3493 4291 non

1917 4328 2216 4391 cessarius,
2252 4343 2412 4395 quem
2454 4327 2751 4382 Cherubim
2787 4336 3048 4386 treniunt.
3077 4338 3285 4381 tantum
3312 4331 3490 4393 abest,

1919 4428 1977 4473 ut
2012 4420 2213 4487 aliquid
2255 4418 2552 4484 commodi,
2606 4431 2663 4472 ut
2704 4420 2885 4488 potius
2928 4420 3356 4489 incomparabile
3394 4425 3491 4475 de-

1921 4513 2236 4565 trimentum
2299 4509 2523 4575 ali‘erat;
2574 4509 2699 4577 quia
2766 4509 2934 4563 Deum
2989 4519 3297 4578 exasperat,
3358 4521 3412 4564 ει
3459 4526 3489 4564 a

1925 4606 2082 4658 nobis
2112 4604 2331 4666 avertit,
2362 4618 2573 4672 nosque
2599 4602 2666 4655 ab
2697 4602 2791 4655 illo
2823 4610 3081 4672 tanquam
3139 4605 3193 4657 in
3239 4605 3493 4658 exsilium

1916 4696 2089 4763 ejicit.
2151 4695 2417 4748 Nimirum
2463 4695 2923 4762 quemadmodum
2982 4711 3106 4749 cum
3174 4706 3491 4766 contemptu

1917 4790 2026 4858 τιιεί
2062 4796 2332 4841 astantem
2366 4787 2631 4841 satellites
2663 4788 2806 4856 regis
2852 4787 3150 4856 abripiunt,
3196 4798 3248 4842 et
3281 4806 3311 4842 a
3361 4806 3494 4843 cnn-

1916 4889 2104 4947 spectu
2131 4880 2249 4947 ejus
2275 4879 2588 4943 exturbant,
2624 4879 2785 4949 idque
2813 4896 2906 4935 rex
2937 4881 3161 4935 mininte
3194 4884 3492 4949 reprehen-

1918 4972 1998 5025 dit
2062 4988 2076 5024 :
2138 4972 2220 5025 sic
2276 4971 2452 5040 angeli
2512 4970 2629 5033 Dei,
2673 4980 2907 5024 mentem
2968 4975 3317 5040 contemptim
3380 4970 3492 5026 Deo

1916 5063 2155 5119 astantis
2194 5077 2223 5114 a
2260 5060 2353 5115 Dei
2386 5061 2698 5115 visitatione
2725 5062 2975 5131 ejiciunt,
3003 5079 3164 5132 quam
3198 5063 3490 5118 confestim

1915 5154 2190 5211 danuones
2230 5161 2523 5222 arreptam,
2556 5154 2764 5221 majore
2787 5154 3111 5208 auctoritate
3138 5154 3491 5223 libertathue

1918 5248 2068 5316 (quia
2093 5246 2239 5299 velut
2262 5259 2290 5297 a
2316 5244 2567 5312 lupanari
2599 5257 2694 5297 aut
2725 5246 2998 5313 caupona)
3037 5245 3329 5313 imperiose
3353 5263 3492 5314 quo-

1920 5336 2077 5401 libet,
2111 5335 2225 5390 sive
2259 5332 2328 5387 ad
2354 5333 2532 5403 turpia
2572 5342 2629 5388 et
2657 5333 2915 5398 nefanda,
2950 5335 3065 5389 sive
3100 5334 3169 5389 ad
3219 5337 3486 5404 improha,

1921 5423 2037 5479 sive
2067 5422 2131 5477 ad
2162 5436 2299 5477 vana
2330 5431 2383 5474 et
2416 5420 2596 5476 inania
2625 5422 2896 5476 ductitant
2925 5439 2938 5475 :
2970 5432 3024 5476 et
3065 5438 3237 5492 neque
3263 5423 3355 5492 qui
3392 5439 3489 5493 pa-

1925 5516 2062 5571 titur
2110 5515 2518 5581 animadvertit,
2578 5531 2755 5585 neque
2796 5514 2939 5571 Deus
2973 5516 3184 5581 liberat,
3228 5519 3491 5585 quoniam

1924 5610 2152 5679 ipsemet
2177 5620 2392 5676 spretus
2422 5617 2586 5677 atque
2612 5616 2962 5675 contemptus
3011 5616 3113 5662 est.
3156 5608 3300 5678 Lege
3346 5611 3491 5661 enim

1923 5699 2000 5753 ita
2037 5697 2219 5753 sanxit
2250 5714 2265 5751 :
2298 5694 2500 5752 Servite
2531 5697 2755 5754 Domino
2794 5701 2848 5751 in
2877 5699 3080 5762 timore,
3128 5710 3179 5751 et
3229 5701 3494 5751 exsultare

307 5849 349 5876 δ’
384 5844 519 5900 Luc.
561 5860 658 5910 xu,
686 5844 775 5899 t7.
850 5845 895 5877 ⁸³
935 5844 1067 5902 Luc.
1101 5860 1235 5915 xm,
1269 5842 1359 5902 10.
1435 5844 1483 5878 ⁸⁵
1513 5842 1699 5901 Matth.
1738 5859 1804 5900 vn

1910 5846 1948 5901 ι.
2022 5843 2067 5877 ⁸⁸
2102 5842 2299 5914 Ephes.
2336 5842 2443 5912 v,i
2481 5857 2636 5913 seqq.
2708 5843 2754 5875 "
2792 5842 2928 5898 Luc.
2961 5840 3143 5908 vt,45.
3217 5839 3264 5874 "
3290 5839 3489 5908 Ep‘it-s.

240 5931 308 5978 τι,
346 5917 431 5969 12.
