4170 6452
750 471 847 533 38Ἱ

747 689 865 733 erat
893 681 1109 745 melius,
1167 682 1212 736 si
1270 697 1377 736 non
1438 685 1712 752 psalleret.
1760 683 2042 740 Βωιιιοιιεε
2094 698 2330 751 namque

748 771 804 824 in
835 773 1047 827 eteteris
1080 774 1323 841 peccatis
1358 777 1617 829 omnibus
1665 792 1773 830 non
1808 792 1981 846 reque,
2026 784 2083 829 ut
2114 777 2167 828 in
2220 774 2329 828 isto

747 868 1066 931 contemptu
1123 864 1217 917 Dei
1278 867 1330 919 in
1367 867 1605 919 animam
1658 867 1927 921 dominari
1976 874 2221 936 possunt.
2264 866 2330 918 Et

749 966 844 1006 rex
875 954 1093 1022 quidem
1125 966 1378 1011 terrenus
1410 959 1709 1024 debitores,
1742 959 1945 1028 quique
1988 959 2042 1011 in
2092 973 2152 1013 se
2200 972 2325 1025 pec-

747 1055 965 1108 carunt,
1019 1048 1247 1114 patitur,
1311 1055 1718 1115 contemptores
1772 1062 1962 1101 severe
2018 1047 2323 1101 ulciscitur.

747 1133 932 1198 Quare
974 1150 1097 1189 cum
1134 1146 1456 1206 contemptu
1494 1139 1727 1207 psallere
1769 1148 2054 1209 peccatum
2093 1146 2176 1191 est
2210 1152 2327 1189 om-

745 1227 893 1280 nium
925 1229 1246 1284 maximum.
1287 1228 1427 1284 lleus
1454 1232 1599 1284 enim
1631 1246 1755 1285 cum
1792 1247 1821 1285 a
1862 1246 2093 1300 corpore
2139 1245 2327 1300 segre-

741 1328 903 1387 gatus
927 1320 1018 1382 sit,
1048 1335 1150 1374 nec
1186 1322 1365 1376 oculis
1418 1321 1538 1375 istis
1586 1322 1907 1391 aspiciatur,
1956 1322 2119 1375 etiam
2164 1321 2324 1374 modo

741 1412 980 1478 quodam
1018 1411 1343 1480 incorporeo
1398 1420 1453 1466 et
1488 1412 1692 1467 visibili
1742 1414 1961 1467 colitur.
1992 1411 2164 1477 Quem
2198 1426 2324 1464 cor-

742 1517 915 1570 porea
968 1505 1201 1567 ratione,
1244 1512 1297 1557 et
1345 1514 1401 1557 ut
1434 1504 1603 1559 videri
1652 1507 1846 1573 possit,
1881 1504 2082 1568 colere,
2141 1503 2322 1556 minus

739 1602 824 1647 est
881 1596 956 1648 illi
1007 1598 1347 1653 conveniens
1406 1613 1469 1652 ac
1518 1600 1825 1667 proprium,
1890 1598 2033 1653 sicut
2080 1605 2135 1652 et
2180 1596 2320 1665 apud

738 1683 995 1738 Davidem
1046 1697 1129 1742 est
1182 1705 1195 1742 :
1236 1690 1501 1755 Quoniam
1554 1691 1602 1742 si
1668 1691 1947 1752 voluisses,
1996 1688 2321 1755 sacri/icium

735 1778 993 1829 dedissem
1048 1780 1228 1847 utique
1276 1796 1295 1832 .'
1344 1780 1666 1834 holocaustis
1727 1798 1829 1833 non
1889 1778 2317 1832 dctectaberis".

734 1866 952 1921 Idcirco
1003 1887 1094 1923 cor
1145 1873 1434 1925 contritum
1478 1883 1529 1927 et
1596 1875 1941 1928 ltumiliutnm
2015 1874 2156 1927 Deus
2217 1889 2319 1925 non

732 1960 982 2023 despiciet
1002 1964 1069 2019 '°.
1106 1963 1380 2019 Contritio
1420 1976 1602 2021 autem
1650 1969 1835 2021 cordis
1867 1976 2046 2021 mente
2086 1976 2139 2020 ct
2171 1968 2319 2034 cogi-

734 2050 941 2104 talione
974 2053 1085 2107 liat.
1123 2053 1239 2109 Non
1272 2066 1503 2125 tangunt
1546 2058 1831 2111 oculorum
1890 2072 2113 2112 sensum
2163 2072 2318 2111 mens

733 2152 919 2195 nostra
954 2154 1007 2197 et
1038 2147 1318 2215 cogitatio,
1358 2148 1408 2202 id
1433 2158 1540 2211 est,
1572 2149 1689 2217 ipsa
1736 2149 1940 2202 anima.
1997 2148 2119 2203 Haec
2153 2150 2318 2218 igitur

732 2248 907 2299 mens,
940 2235 1186 2305 inquam,
1222 2248 1276 2292 et
1322 2240 1585 2310 cogitatio
1618 2239 1728 2294 Deo
1779 2241 1869 2309 qni
1904 2240 2314 2310 intelligibitur,

736 2340 839 2379 nec
868 2327 1099 2394 videtur,
1152 2330 1332 2385 danda
1387 2342 1533 2387 sunt.
1580 2332 1637 2387 In
1672 2334 1773 2387 hoc
1811 2332 1954 2387 enim
1984 2332 2163 2387 cultus
2197 2333 2317 2401 ejus

731 2420 1006 2483 consiSIit,
1031 2432 1088 2474 ut
1122 2422 1531 2493 inaspertabilia
1562 2425 1964 2495 inaspectahili,
1999 2426 2314 2496 intelligibi-

736 2509 809 2565 lia
854 2513 1200 2582 intelligibili,
1236 2524 1290 2571 et
1313 2518 1618 2588 corporalia
1646 2534 1769 2573 cum
1807 2519 1983 2573 anima
2010 2534 2227 2589 quoque
2248 2520 2316 2573 ad

732 2601 902 2656 Deum
955 2607 1245 2661 colendum
1299 2624 1358 2664 se
1414 2611 1733 2681 subjiciam,
1775 2611 1868 2679 qui
1921 2612 2173 2665 manibus
2209 2610 2315 2664 hu-

731 2696 911 2748 manis
942 2699 1164 2752 colitur.
1223 2699 1378 2765 Quod
1425 2717 1553 2756 vero
1600 2704 1786 2767 etiam,
1839 2717 1960 2771 qua:
2007 2702 2062 2755 in
2116 2717 2313 2758 sensus

730 2783 955 2851 cadunt,
996 2801 1107 2841 non
1142 2792 1375 2858 respuit,
1417 2790 1725 2855 sciendum,
1760 2799 1892 2845 tunc
1932 2806 1995 2845 ea
2040 2791 2310 2859 accipere,

729 2888 855 2928 cum
894 2888 1074 2931 mente
1108 2895 1241 2947 pura
1275 2897 1337 2935 ac
1372 2881 1586 2936 sincera
1619 2882 1802 2937 oblata
1836 2882 2060 2936 iuerint.

808 2965 1001 3023 Omnis
1035 2972 1237 3039 quippe
1268 2973 1467 3034 oratio,
1498 2988 1559 3027 ac
1586 2973 1886 3039 psalmodia
1935 2974 2136 3028 divinae
2168 2972 2314 3027 Scri-

734 3066 931 3125 pturae,
969 3074 1092 3112 cum
1133 3061 1239 3115 Deo
1268 3062 1645 3117 reconciliatio
1677 3075 1781 3119 est.
1811 3066 1920 3117 Aut
1943 3064 2085 3119 enim
2124 3064 2312 3132 petitio

728 3155 813 3199 est
840 3162 1029 3201 eorum
1062 3166 1183 3219 qua:
1215 3151 1357 3206 Deus
1386 3168 1479 3220 per
1510 3155 1766 3225 gratiam,
1808 3172 1906 3224 pro
1944 3171 2009 3209 co
2040 3169 2102 3208 ac
2132 3157 2311 3226 ipsum

1989 469 2354 534 SIMEONIS
2387 464 2751 530 JUNIORIS

752 590 800 641 ei
830 605 944 641 cum
981 596 1206 643 tremore
1226 590 1295 645 ⁸³.
1330 591 1668 661 Quapiopter
1735 591 1942 645 homini
2016 591 2110 644 tali
2158 588 2329 641 multo
2359 590 2401 645 Α
2435 586 2595 638 nibus
2649 586 3067 642 sanctiﬁcentur

3913 472 4025 534 383

3111 603 3127 640 :
3171 599 3225 641 ut
3273 586 3341 642 de
3394 594 3590 641 ca‘tcro
3634 589 3857 656 penitus
3908 605 4023 644 non

2435 679 2671 734 habeant
2725 681 2781 733 in
2831 680 3027 750 seipsis
3058 680 3224 736 vitam
3274 689 3614 751 corruptam,
3668 696 3794 750 quae
3842 685 4019 747 possit

2433 772 2728 840 appetitum
2764 772 2962 826 anima:
2994 774 3047 825 in
3085 774 3336 828 carnales
3381 786 3434 828 et
3469 775 3779 829 mundanas
3808 778 4027 843 appeti-

2433 865 2634 927 tioncs,
2659 864 3099 933 cupiditatesque
3129 867 3472 922 abstrahere.
3509 868 3612 932 Qui
3649 883 3783 938 ergo
3832 868 3900 921 de
3929 868 4022 920 his

2429 964 2485 1007 et
2512 952 2784 1007 similibus
2821 953 2991 1008 Deum
3047 970 3156 1025 qua
3204 955 3316 1022 die,
3355 971 3462 1026 qua
3512 966 3696 1021 nocte,
3732 967 3789 1010 et
3836 958 4021 1025 longis

2430 1055 2735 1113 temporum
2768 1046 2960 1114 spatiis
2984 1045 3309 1115 alloquitur,
3357 1055 3411 1101 et
3459 1047 3645 1115 lingua
3676 1045 3899 1116 quidem
3932 1048 4021 1101 Ισ-

2429 1149 2628 1203 quens,
2671 1143 2854 1189 mente
2917 1136 3095 1191 nescit
3154 1138 3284 1205 quid
3346 1137 3627 1205 loquatur,
3698 1151 3885 1191 nonne
3926 1136 4021 1190 liic

2428 1227 2622 1295 nugari
2658 1227 3186 1281 videturiNondum
3243 1242 3375 1282 sane
3437 1228 3611 1283 tidelis
3668 1227 4016 1296 huiusmodi,

2427 1331 2603 1388 neque
2638 1316 2751 1372 Deo
2784 1318 3176 1374 reconciliatus
3223 1327 3328 1373 est.
3366 1317 3569 1374 Fidelis
3602 1319 3875 1388 siquidem
3906 1330 4016 1383 esu

2425 1418 2479 1464 et
2502 1409 2832 1480 appellatur,
2869 1410 2959 1465 cui
2988 1412 3192 1465 donum
3227 1411 3406 1466 sancti
3439 1409 3684 1481 Spiritus
3725 1411 4019 1466 concredi-

2424 1510 2541 1557 tum
2572 1512 2678 1569 est,
2703 1505 2928 1574 quique,
2981 1504 3114 1558 illud
3147 1506 3351 1573 habet,
3383 1503 3530 1573 quod
3582 1504 3787 1558 donum
3845 1504 4015 1559 simul

2426 1603 2666 1648 mentem
2722 1598 2896 1664 ipsam
2968 1598 3360 1666 accipientium
3409 1598 3669 1660 illustrat,
3725 1605 3781 1650 et
3844 1594 4017 1650 simul

2425 1687 2691 1750 continet,
2717 1688 2986 1757 colligens
3018 1699 3072 1741 et
3133 1703 3474 1744 conservans
3532 1688 3729 1742 horum
3770 1688 4014 1740 duorum

2426 1780 2861 1849 intelligentiam,
2891 1782 2976 1834 cui
3005 1780 3220 1834 dicatur
3263 1791 3318 1834 et
3373 1781 3502 1848 quid
3548 1780 3790 1834 dicatur.
3849 1779 4016 1832 Prius

2428 1874 2609 1941 itaque
2654 1871 2899 1934 credere,
2949 1883 3004 1925 et
3054 1871 3402 1927 reconciliari
3461 1871 3571 1924 Deo
3616 1884 3843 1926 necesse
3904 1881 4013 1932 est,

2422 1972 2475 2017 et
2528 1972 2640 2016 tum
2707 1963 2784 2014 illi
2842 1963 3077 2031 psallere
3126 1963 3207 2015 sic
3252 1970 3313 2015 ut
3370 1960 3463 2031 qui
3504 1961 3735 2030 psallere
3797 1962 4014 2015 consti-

2423 2057 2549 2121 tuit,
2588 2065 2711 2109 ante
2740 2055 2954 2109 veniam
2989 2055 3057 2107 de
3091 2053 3352 2109 admissis
3398 2069 3502 2123 qua
3552 2055 3869 2116 verborum,
3902 2067 4016 2121 qua

2421 2163 2674 2217 operum,
2721 2162 2829 2217 qua
2888 2146 3192 2211 actionum,
3236 2160 3340 2214 qua
3393 2144 3786 2214 cegitationum
3834 2149 4013 2210 petat.

2421 2238 2787 2293 Reconciliata
2812 2250 2991 2291 autem
3015 2237 3124 2292 Deo
3154 2238 3360 2301 anima,
3395 2245 3713 2299 mansueta,
3751 2234 4007 2299 humilis,

2418 2342 2473 2386 et
2501 2331 2737 2386 contrita
2767 2328 3022 2394 edicitur,
3071 2330 3124 2384 id
3168 2330 3316 2399 quod
3368 2329 3831 2384 reconciliationis
3876 2344 4005 2383 cum

2423 2423 2532 2477 Deo
2572 2430 2951 2493 argumentum
2975 2430 3077 2475 est.
3117 2419 3261 2475 Sunt
3286 2422 3432 2475 enim
3468 2422 3573 2475 ista
3606 2421 3883 2490 pracipua
3913 2420 4010 2474 Dei

2422 2519 2584 2580 duna,
2636 2525 2690 2570 ct
2746 2516 3119 2580 charismata,
3173 2514 3539 2569 mansuetudo
3588 2525 3645 2568 et
3700 2514 4009 2569 humilitas.

2422 2609 2678 2661 Animam
2714 2608 2901 2662 mitem
2935 2617 2988 2661 et
3015 2607 3275 2660 humilem
3305 2608 3580 2662 dmmonrs
3608 2605 3673 2659 ad
3698 2605 4010 2676 voluptates

2420 2699 2691 2771 corporis,
2744 2707 2841 2756 aut
2903 2700 3213 2765 avaritiam,
3260 2708 3355 2753 aut
3403 2698 3470 2752 ad
3523 2713 3716 2751 vanam
3776 2698 4010 2767 gloriam

2421 2792 2619 2846 iterum
2649 2806 2991 2860 Oppugnare,
3020 2799 3073 2844 ut
3114 2797 3266 2856 ante,
3296 2804 3407 2843 non
3446 2799 3699 2859 possunt.
3738 2789 3802 2841 Et
3829 2792 3886 2841 in
3919 2790 4006 2841 bis

2418 2884 2635 2937 dnobus
2664 2883 2869 2937 Christi
2915 2883 3075 2937 donis
3114 2884 3471 2947 levationem,
3522 2897 3587 2935 ac
3636 2880 3884 2951 requiem
3935 2880 4007 2933 ab

2418 2974 2734 3044 linjusmodi
2785 2974 3230 3037 necessitatibus,
3282 2974 3491 3027 invenit
3549 2973 3757 3025 anima.
3789 2968 4009 3035 Quam-

2417 3066 2605 3121 obrem
2655 3080 2847 3133 pauca,
2893 3079 3016 3118 cum
3071 3064 3268 3118 timore
3324 3071 3379 3116 et
3436 3062 3712 3116 intellectu
3761 3064 4005 3130 psallere

2418 3157 2704 3213 debemus.
2732 3155 2887 3221 Quod
2942 3165 3122 3209 tamen
3174 3154 3326 3208 omni
3392 3155 3665 3218 saeculari,
3706 3157 4003 3215 monacho,

734 3238 913 3303 decet,
944 3241 1255 3298 hominibus
1280 3244 1485 3299 donare
1523 3248 1681 3301 solet.
1715 3250 1820 3299 Ant
1846 3257 1975 3302 sunt
2010 3252 2307 3318 gratiarum
2337 3253 2386 3316 ο
2417 3252 2787 3313 anachoretm,
2822 3248 3050 3312 clerico,
3096 3248 3352 3310 diacono,
3389 3247 3687 3309 sacerdoti,
3738 3247 4007 3315 episcopo

732 3332 980 3390 actiones
1014 3332 1121 3387 Deo
1154 3350 1251 3403 pro
1281 3337 1519 3404 opiﬁcio,
1552 3339 1644 3406 qui
1698 3340 1844 3392 nulla
1899 3339 2144 3409 subjecta
2191 3356 2307 3393 ma-

728 3423 864 3473 teria
900 3427 1214 3491 procreavit
1243 3429 1519 3483 universa.
1548 3430 1655 3483 Aut
1684 3445 2178 3487 commemoramus
2211 3449 2309 3502 per

723 3523 914 3567 aetates
957 3516 1277 3571 admiranda
1307 3535 1496 3589 opera,
1531 3522 1775 3591 prodigia
1803 3533 1856 3577 et
1895 3526 2049 3593 signa
2080 3525 2145 3578 ad
2195 3528 2306 3595 glo-

670 3652 675 3659 ,
728 3602 865 3655 riam
895 3606 1039 3673 ejus,
1074 3616 1130 3661 et
1167 3610 1397 3666 salutem
1434 3615 1740 3678 hominum,
1767 3626 1820 3670 et
1868 3618 2165 3671 vindictam
2198 3620 2308 3672 ini-

724 3710 982 3763 quorum,
1004 3698 1489 3773 improborumque
1509 3706 1772 3760 exhibita.
1797 3710 1901 3761 Aut
1925 3712 2305 3766 arcaniorihus

725 3788 1036 3844 rationibus
1085 3793 1324 3846 divinam
1374 3797 1492 3863 ejus
1530 3798 1964 3853 administratam
2020 3805 2309 3870 providen-

725 3880 879 3933 tiam.
935 3884 1043 3937 Aut
1104 3888 1422 3953 mysterium
1481 3887 1884 3946 lncarnationis
1951 3893 2113 3948 Verbi
2165 3896 2301 3961 Dei,

723 3973 1000 4038 quomodo
1037 3991 1201 4043 quem
1240 3978 1621 4033 univcrsitatis
1673 3982 1911 4036 ambitus
1956 4001 2062 4036 non
2114 3990 2301 4054 cwpit,

724 4062 1091 4118 immaculata:
1124 4064 1365 4134 Virginis
1397 4080 1553 4123 utero
1582 4083 1796 4140 captus,
1825 4084 2003 4141 natus,
2034 4077 2301 4132 educatus

731 4154 822 4216 sit,
880 4158 1273 4225 C(Blcstcntqne
1329 4161 1545 4214 vivendi
1616 4180 1863 4218 normam
1932 4166 2183 4221 docuerit
2250 4180 2301 4224 et

721 4251 1044 4314 nstemlerit,
1096 4254 1503 4322 salutaremque
1564 4266 1796 4309 mortem
1858 4274 2175 4328 perpessus,
2232 4266 2300 4315 ab

722 4336 918 4394 inferis
976 4345 1368 4409 resurrexcrit,
1428 4361 1689 4414 spemque
1744 4352 2187 4415 resurrectionis,
2245 4367 2299 4408 et

721 4431 848 4483 vita:
893 4442 1111 4488 eterna:
1172 4439 1355 4504 generi
1419 4437 1701 4493 hominum
1761 4443 2082 4507 donaveiit,
2138 4455 2192 4500 et
2243 4449 2298 4502 in

720 4521 942 4605 cmlunt,
980 4532 1036 4575 ut
1088 4526 1275 4586 homo,
1329 4539 1645 4596 assumptus
1697 4531 1881 4595 fuerit,
1922 4544 1979 4586 ut
2027 4537 2293 4603 Spiritum

718 4622 968 4663 sanctum
1004 4629 1068 4666 ex
1120 4615 1231 4669 Deo
1285 4618 1444 4671 Patre
1497 4637 1596 4672 suu
1642 4626 2049 4690 procedentem,
2097 4630 2150 4680 in
2202 4645 2297 4681 eos

716 4702 900 4769 quiin
955 4707 1129 4772 ipsum
1181 4710 1566 4774 credidissent,
1620 4716 1959 4781 demitteret;
2018 4736 2179 4787 quem
2232 4724 2297 4772 ab

718 4793 878 4846 initio
908 4798 1161 4865 princeps
1206 4800 1369 4853 homo
1413 4804 1655 4857 Adamus
1708 4809 1916 4873 habuit,
1957 4818 2009 4861 et
2051 4812 2120 4863 ob
2179 4810 2297 4863 inti-

715 4884 995 4940 dclitatem
1052 4891 1254 4944 amisit.
1316 4893 1412 4947 llic
1468 4913 1705 4966 namque
1759 4902 1928 4955 totius
1972 4905 2295 4956 oeconomia:

718 4979 865 5041 finis,
906 4990 963 5033 ut
993 4985 1279 5039 credentes
1319 4987 1373 5040 in
1410 4990 1589 5057 ipsum
1617 4995 1760 5046 velut
1795 4994 1960 5047 Deum
2009 5008 2062 5049 ct
2118 4996 2293 5049 homi-

716 5086 863 5135 nem,
898 5074 948 5125 in
977 5074 1190 5131 duabus
1224 5083 1438 5137 naturis
1470 5098 1579 5136 non
1637 5088 1902 5153 separatis
1942 5103 2118 5156 neque
2162 5104 2290 5143 wn-

718 5164 857 5216 l'usis
928 5180 1096 5218 unmn
1138 5166 1440 5235 Christum,
1479 5174 1741 5241 Spiritum
1773 5188 2028 5229 sanctum
2063 5179 2117 5230 in
2164 5195 2294 5231 suas

713 5255 947 5319 animas,
978 5259 1137 5323 quasi
1170 5263 1407 5317 animam
1448 5268 1741 5335 accipiant,
1794 5280 1847 5322 et
1884 5272 1956 5323 ita
2002 5272 2293 5325 nominen—

717 5354 807 5395 tur
849 5347 1055 5413 lldeles,
1087 5359 1143 5405 et
1173 5357 1331 5421 quasi
1370 5372 1588 5411 sursum
1613 5360 1857 5426 conﬂati,
1890 5377 1951 5414 ac
1982 5363 2048 5415 de
2079 5362 2291 5432 integro

714 5438 845 5502 licti,
888 5450 943 5493 et
997 5457 1026 5495 a
1095 5448 1369 5518 principio
1421 5452 1720 5518 informati,
1786 5471 1849 5509 ac
1893 5473 1989 5525 per
2038 5468 2289 5512 sanetum

716 5529 990 5599 baptisma
1022 5538 1325 5607 reformati,
1358 5543 1599 5614 factique
1634 5547 1835 5613 denuo,
1867 5551 2044 5616 qualis
2076 5552 2291 5619 primus

716 5623 878 5683 homo
909 5638 1051 5697 erat,
1080 5635 1265 5689 animo
1308 5644 1360 5691 et
1391 5640 1750 5705 conscientia,
1793 5650 1847 5694 et
1881 5644 2133 5696 sensibus
2174 5658 2292 5697 om-

784 5839 833 5873 "
866 5842 1012 5896 l’sal.
1048 5860 1110 5907 ti,
1147 5845 1238 5899 Η.
1311 5847 1358 5879 ⁹⁹
1395 5848 1541 5903 Psal.
1568 5862 1619 5907 ι,
1651 5847 1735 5902 l8.
1841 5849 1887 5881 ”
1921 5847 2057 5903 Ibid.
2093 5847 2181 5903 19.

718 5912 763 5944 ’⁸
793 5911 837 5967 ιι
875 5913 999 5970 Cor.
1034 5931 1104 5981 νι,
1160 5916 1246 5970 lt.

1311 5847 1358 5879 "
1395 5848 1541 5903 Psal.
1568 5862 1619 5912 L,
1651 5847 1735 5902 l8.

2295 5849 2339 5881 "
2374 5847 2392 5902 l
2427 5847 2557 5907 Cor.
2590 5863 2686 5914 xu,
2719 5846 2773 5902 3.

2415 3340 2753 3411 impossibile
2794 3350 2879 3395 est
2903 3356 3156 3410 prorsus,
3194 3340 3301 3394 nisi
3330 3341 3530 3393 horum
3558 3336 4008 3406 uniuscujusque

2415 3435 2600 3489 anima
2635 3449 2736 3503 pro
2774 3449 3031 3487 mensura
3064 3432 3191 3486 nilei
3226 3432 3401 3500 ipsius
3445 3431 3501 3483 in
3537 3430 3842 3493 Christum,
3878 3428 4007 3498 Spi-

2416 3528 2558 3581 ritus
2614 3528 2790 3579 sancti
2825 3525 3098 3595 particeps
3151 3528 3263 3576 liat.
3294 3524 3566 3587 Quoniam
3624 3538 3777 3575 nemo
3834 3534 4008 3587 potest

2412 3619 2587 3670 dicere
2622 3616 2881 3669 Dominus
2927 3614 3111 3677 Jesus,
3137 3615 3238 3665 nisi
3268 3615 3320 3666 in
3358 3612 3559 3678 Spiritu
3606 3622 3792 3666 sancto
3812 3613 3882 3662 ".
3940 3610 4009 3663 Et

2410 3710 2539 3777 quia
2604 3708 2833 3775 spiritus
2904 3716 3008 3770 est,
3054 3708 3106 3760 in
3149 3723 3255 3772 quo
3333 3706 3654 3765 adoramus,
3705 3715 3760 3756 et
3812 3718 4009 3769 preces

2411 3805 2617 3857 inimus
2640 3804 2707 3856 θ’.
2744 3802 2810 3854 Ει
2855 3803 2981 3871 quia
3019 3801 3117 3854 Ubi
3168 3800 3403 3867 Spiritus
3445 3800 3679 3861 Domini,
3716 3798 3788 3850 ibi
3835 3800 4005 3850 liber-

2411 3906 2491 3949 tos
2521 3897 2590 3957 ”,
2627 3896 2847 3947 libertas
2894 3905 3075 3947 autem
3137 3902 3191 3946 et
3244 3891 3511 3945 securitas
3568 3906 3596 3942 a
3654 3891 4007 3944 datinonibus

2410 3990 2690 4053 videlicet,
2744 3988 2838 4056 qui
2875 3987 3082 4050 tulium,
3142 3986 3447 4049 tristitiam,
3503 3985 4005 4053 perturbationem,

2408 4080 2943 4146 pusillanimitatem,
2994 4078 3321 4145 pravitatem
3380 4089 3617 4135 morum,
3676 4075 4008 4155 nequitiam.

2406 4172 2874 4232 incredulitatem,
2934 4168 3316 4227 iracundiam,
3378 4166 3862 4232 intemperantiam
3946 4167 4001 4217 in

2406 4265 2589 4315 anima
2622 4263 2890 4316 excitant.
2929 4259 3142 4325 Quibus
3182 4260 3275 4327 qui
3310 4258 3600 4311 constricti
3660 4265 3814 4319 sunt,
3858 4256 4007 4326 jeju-

2405 4366 2622 4418 nantes,
2663 4356 2828 4406 vitam
2883 4354 3189 4405 solitariam
3275 4351 3633 4417 quietamque
3691 4358 4001 4410 sectantes.

2405 4447 2849 4517 possessionibus
2876 4455 3150 4503 carentes.
3204 4445 3437 4495 multum
3486 4442 3806 4511 psallentes.
3854 4442 4003 4494 divi-

2404 4555 2601 4593 narum
2640 4538 3052 4605 Scripturarum
3103 4537 3509 4603 explanatores,
3559 4532 4001 4586 ortlmdosornm

2404 4633 2718 4699 dogmatum
2744 4630 3177 4694 conscriptores,
3208 4637 3261 4679 et
3304 4625 3553 4693 magistri
3591 4622 3998 4689 Ecclesiarum,

2400 4734 2454 4777 et
2484 4721 2847 4781 sanctissimi,
2877 4719 3275 4787 acjustissiuil,
3304 4726 3355 4770 et
3387 4719 3549 4782 longe
3568 4714 4005 4803 religiosissimi.

2398 4830 2523 4867 eum
2586 4814 2831 4873 Christo,
2871 4826 3000 4863 vero
3046 4812 3275 4870 lumine,
3304 4810 3397 4877 qui
3435 4823 3655 4859 ιιιιιιιυιιι
3715 4811 4001 4863 hominem

2399 4914 2595 4975 sponte
2631 4921 2728 4957 sua
2769 4906 2821 4957 in
2859 4919 3048 4957 verum
3098 4903 3362 4956 mundum
3386 4905 3651 4958 virtutum
3681 4906 4002 4957 venientem

2402 5002 2703 5061 illuminat,
2774 5009 2985 5066 partem
3046 4998 3249 5050 habere
3312 5014 3418 5051 non
3474 5006 3763 5069 possunt:
3821 4996 3993 5049 Nulla

2401 5096 2533 5145 enim
2568 5092 2790 5145 societas
2825 5092 2928 5143 luci
2954 5090 3022 5141 ad
3051 5090 3287 5142 tenebras
3314 5089 3380 5145 ⁵⁸.

2975 5245 3232 5301 ORATIO
3266 5245 3405 5303 XVI.

3001 5376 3277 5414 Αςιιέωιεκῑ
3292 5377 3382 5413 illi.

2406 5505 2572 5557 Deum
2606 5512 2817 5567 propter
2848 5501 3184 5553 c.rre.'.'c::'em
3212 5499 3525 5549 c':ari’a!em
3560 5495 3743 5547 multis
3768 5494 3998 5546 calami-

2485 5578 2683 5625 tatibus
2718 5573 2859 5623 lunai
2901 5589 2978 5623 em
3012 5570 3337 5631 t’.t]l()5lll.s‘>e.
3375 5568 3684 5619 Peuurium.
3724 5581 3814 5617 seu
3858 5567 4001 5616 iudi-

2481 5654 2706 5712 gcutmm
2738 5641 2832 5694 Dei
2859 5657 3045 5693 munus
3075 5656 3208 5701 esse,
3242 5640 3431 5707 quique
3465 5654 3583 5690 eam
3634 5637 3771 5705 fugit
3801 5677 3815 5699 ,
3874 5652 3997 5688 cum

2890 5847 2936 5878 θ’
2964 5842 3122 5899 Joan.
3166 5858 3241 5911 iv,
3268 5843 3359 5897 24.
3464 5842 3511 5874 ’³
3549 5841 3593 5895 ιι
3630 5838 3763 5895 Cor.
3795 5855 3877 5905 tu,
3908 5840 3996 5893 Π.

2402 5930 2453 6075 ἒ
