4170 6452
112 458 224 523 389

1515 437 1800 501 ORATIO
1836 438 1982 501 XVI.

3276 432 3378 496 390

185 560 654 620 Christianismum
697 559 872 627 fugere
905 572 921 610 :
957 553 1048 627 Dei
1072 553 1208 627 enim
1241 550 1552 604 sententiam
1589 565 1684 600 na-
1714 545 1762 602 Λ
1788 559 1840 603 et
1880 549 2212 603 inevitabilia
2261 547 2474 602 vincula
2530 547 2840 618 indigentia:
2893 549 3079 618 fugere
3127 543 3323 606 volens
3362 570 3376 592 ν

191 650 372 688 turam
408 632 556 683 "Obls
594 623 831 695 factum;
868 636 912 678 et
955 623 1326 695 tribulatione:
1358 637 1532 674 omnes
1559 634 1686 684 gra-

189 710 391 758 tiarum
428 693 683 753 actionem
705 700 907 748 ducere.
929 693 1095 760 Cujus
1119 693 1194 743 rei
1213 707 1371 743 causa
1394 699 1687 757 peccatum,

187 775 388 837 ntorbi,
420 784 468 824 et
503 787 640 824 mors
670 769 990 821 exstiterint.

191 887 334 941 Deus
360 883 637 939 hominem
672 887 795 952 post
825 880 1036 948 lapsum
1073 875 1362 930 timoribus
1395 872 1604 930 multis.
1639 879 1692 924 et

119 977 432 1046 omnigenis
454 975 702 1036 casibus,
730 972 889 1042 quasi
926 984 1083 1023 muro
1112 967 1353 1028 vallavit,
1378 972 1431 1018 et
1457 963 1695 1026 undique

118 1073 247 1124 fecit
298 1069 479 1122 turbis
529 1082 592 1120 ac
647 1064 960 1120 terroribus
1006 1061 1190 1126 itnpeti
1245 1069 1410 1127 atque
1453 1056 1693 1124 jactari,

119 1162 417 1228 ipsumque
449 1161 503 1213 in
531 1173 590 1213 se
620 1172 651 1211 a
691 1154 988 1222 semetipso
1014 1150 1341 1222 Oppugnari.
1376 1148 1557 1202 Causa
1599 1147 1698 1199 hu-

117 1254 206 1320 jus
239 1253 345 1312 rei,
374 1248 737 1311 admirabilis,
770 1245 1028 1314 omnique
1055 1242 1321 1298 charitate
1347 1255 1410 1295 ac
1458 1239 1699 1294 bonitate

121 1341 322 1392 referta
353 1346 460 1392 est.
499 1337 654 1391 Sicut
679 1337 826 1391 enim
857 1343 1012 1403 pater
1043 1331 1320 1401 quispiam
1351 1369 1368 1396 ,
1425 1329 1578 1383 dives
1635 1340 1699 1378 ac

124 1435 436 1481 fortunatus
496 1427 656 1480 bonis
696 1423 974 1488 omnibus,
1035 1422 1080 1476 si
1125 1421 1294 1475 ﬁlium
1339 1418 1560 1471 haberet
1598 1415 1701 1470 sibi

125 1519 296 1571 multo
331 1517 747 1581 cbarissimnm,
776 1529 840 1568 ac
871 1522 1094 1583 propter
1127 1509 1526 1566 vehementiam
1551 1522 1702 1560 amo-

123 1613 199 1665 ris
225 1627 352 1680 erga
385 1611 527 1664 hunc
567 1622 884 1679 germanum
917 1621 981 1659 ac
1011 1606 1274 1659 dilectum
1310 1601 1480 1654 lilium
1538 1615 1698 1653 suum

127 1717 223 1753 nec
267 1702 478 1764 cibum,
513 1715 613 1753 nec
643 1708 828 1767 potum
856 1738 871 1761 ,
904 1710 1005 1750 nec
1034 1704 1241 1748 vestem
1269 1732 1284 1757 ,
1321 1708 1422 1747 nec
1445 1692 1657 1746 calceos
1683 1728 1701 1755 ,

128 1809 226 1846 nec
260 1793 410 1846 aliud
439 1790 807 1854 commodum,
832 1787 1318 1851 recreationemvc,
1347 1786 1452 1839 nisi
1487 1792 1703 1837 tantum

128 1889 194 1939 ab
227 1902 285 1942 se
317 1886 563 1955 genitore
596 1883 754 1938 vellet
794 1882 948 1936 illum
980 1879 1228 1949 accipere
1255 1920 1269 1941 ,
1319 1887 1380 1932 ut
1433 1876 1641 1930 idcirco
1673 1887 1702 1927 a
1735 1884 1778 1938 Β

129 1979 299 2048 patris
335 1979 510 2032 latere
539 1988 821 2043 nunquam
870 1972 1218 2034 discederet,
1271 1975 1324 2022 et
1365 1981 1531 2035 super
1584 1964 1704 2031 ejus

127 2084 301 2139 genua
334 2068 711 2136 requiesceret
740 2083 752 2117 :
791 2064 836 2119 si
867 2061 1087 2130 quando
1113 2070 1290 2113 autem
1315 2073 1344 2110 a
1382 2065 1541 2125 patre
1576 2055 1706 2109 alie-

129 2161 245 2212 nari
279 2173 415 2210 cum
448 2157 809 2223 contingeret,
838 2162 893 2207 et
919 2154 987 2206 ab
1017 2150 1156 2214 aliis,
1191 2164 1299 2202 non
1335 2162 1364 2200 a
1392 2155 1615 2216 parente
1639 2144 1705 2198 ad

130 2267 284 2304 nsunt
324 2265 488 2304 suum
520 2247 830 2302 necessaria
867 2244 970 2300 sibi
999 2242 1229 2312 praeberi
1267 2241 1447 2304 vellet,
1469 2246 1562 2292 aut
1595 2251 1704 2290 non

131 2341 425 2414 inveniret,
457 2346 553 2392 aut
577 2337 821 2392 invenire
851 2334 1071 2404 quidem
1099 2373 1112 2397 ,
1144 2332 1237 2387 sed
1294 2333 1348 2385 in
1395 2332 1596 2386 sudore
1641 2344 1706 2384 ac

130 2433 312 2485 labore
343 2441 394 2485 et
433 2429 728 2483 alliictioue
760 2428 1053 2494 acciperet,
1087 2424 1229 2492 quod
1263 2422 1520 2476 omnibus
1564 2421 1705 2489 patri

130 2522 502 2578 servientibus
536 2517 693 2573 valde
741 2517 889 2573 serio
932 2516 1262 2585 imperatum
1306 2520 1491 2578 esset,
1545 2513 1706 2567 talem

131 2617 294 2668 lilium
331 2613 566 2668 missum
601 2610 802 2672 facere,
835 2607 1124 2678 repellere,
1159 2615 1214 2661 et
1243 2605 1420 2660 modis
1451 2604 1708 2659 omnibus

131 2703 398 2758 molestiis
435 2701 668 2765 aﬂicere,
701 2698 922 2769 quando
955 2704 1110 2750 extra
1143 2695 1314 2764 patris
1346 2702 1705 2764 causpectum

131 2805 439 2851 versantem
473 2791 750 2855 viderent,
772 2799 829 2842 ut
854 2790 982 2843 alibi
1007 2803 1115 2842 non
1132 2787 1419 2841 inveniens
1444 2786 1707 2854 requiem,

133 2887 351 2940 adactus
390 2882 737 2944 necessitate,
768 2888 821 2933 et
847 2877 1048 2932 invitus
1080 2876 1148 2930 ad
1177 2884 1384 2944 patrem
1411 2915 1426 2941 ,
1457 2874 1552 2944 qui
1582 2890 1706 2930 eum

135 2976 549 3037 incredibiliter,
585 2981 640 3025 et
676 2970 798 3040 plus
828 2969 1087 3022 omnibus
1123 2967 1429 3031 dilexisset,
1464 2978 1708 3020 reverte-

137 3083 272 3125 retur
299 3111 315 3134 ,
343 3070 403 3122 in
430 3081 608 3134 eoque
635 3062 1060 3130 conquiesceret
1099 3075 1113 3110 :
1151 3057 1344 3112 eodem
1370 3057 1534 3111 modo
1568 3055 1710 3111 Deus

137 3162 235 3229 egit
265 3174 395 3212 cum
431 3155 657 3209 homine
684 3192 699 3217 ,
728 3160 787 3205 ut
817 3151 1020 3204 nullatn
1052 3149 1110 3203 in
1143 3149 1245 3202 hac
1278 3148 1390 3203 vita
1429 3148 1710 3216 rebusque

1801 657 2126 710 magnopere
2166 640 2487 703 contendit,
2531 640 2673 694 utin
2723 641 2832 695 vita
2884 642 3034 695 nulla
3080 656 3139 694 re
3190 634 3375 711 egeat.

1799 731 1935 786 llinc
1982 743 2073 785 aut
2122 732 2412 794 occultus,
2468 741 2560 784 aut
2611 730 2933 786 manifestus
2979 742 3033 786 et
3077 732 3374 803 impudens

1797 825 2094 877 alienorum
2146 825 2365 877 invasor
2391 864 2404 887 ,
2439 837 2636 877 avarus
2661 866 2676 889 ,
2711 823 2944 890 iujustus
2973 864 2986 886 ,
3038 839 3206 894 rapax
3248 833 3324 879 stt
3353 864 3371 888 ,

1799 915 1914 970 zelo
1940 915 2195 980 agitatur,
2232 914 2473 972 invidet,
2511 913 2721 965 risatur
2747 955 2760 974 ,
2798 913 3059 968 mentitur
3090 955 3105 978 ,
3135 915 3370 984 pejerat,

1800 1007 2113 1067 insidiatur,
2150 1004 2539 1066 calumniatur,
2581 1004 2878 1070 maledicit,
2917 1014 3142 1074 pugnat,
3177 1006 3376 1060 irasci-

1800 1109 1911 1162 tur,
1936 1099 2120 1160 bellat,
2141 1113 2199 1152 se
2224 1098 2534 1159 ulciscitur,
2565 1095 2789 1160 occidit,
2807 1097 2972 1150 etiam
2999 1096 3180 1166 ipsum
3205 1097 3373 1152 Deum

1799 1200 2156 1247 contemnens
2185 1189 2612 1258 quodammodo,
2645 1189 2739 1259 qui
2771 1189 2916 1241 velut
2962 1199 3379 1258 temporaneum

1801 1281 2130 1354 supplicium
2162 1280 2214 1333 in
2267 1280 2368 1333 hac
2419 1279 2928 1349 vita‘indigentiatn
2985 1293 3105 1334 esse
3157 1282 3378 1348 voluit,

1803 1391 1966 1446 quam
2021 1373 2337 1426 mortalium
2391 1371 2574 1440 generi
2625 1371 2948 1440 protoplnsti
3011 1371 3379 1441 transgressio

1804 1467 2062 1528 induxit,
2104 1473 2156 1520 et
2190 1464 2300 1518 Deo
2355 1461 2673 1516 inimicitias
2731 1461 2947 1528 indicit,
2981 1476 3043 1518 ac
3083 1470 3376 1532 propterea

1804 1573 1985 1613 rerum
2026 1556 2211 1625 cupias
2239 1556 2344 1610 sibi
2371 1570 2592 1626 parans,
2621 1553 2746 1608 inde
2769 1551 3059 1623 gloriosus,
3087 1557 3382 1624 superbus,

1801 1649 2172 1721 jactabundus
2201 1649 2468 1703 redditur.
2500 1649 2642 1714 Quid
2694 1649 2936 1704 deinde?
2983 1649 3241 1705 Dominus
3287 1667 3382 1704 su-

1805 1745 1976 1812 perbis
2007 1742 2207 1796 resistit
2245 1741 2314 1806 ",
2351 1749 2405 1794 et
2437 1740 2656 1795 tandem
2689 1749 2932 1795 extrema
2968 1742 3090 1812 ejus
3123 1743 3178 1798 in
3230 1758 3381 1798 eam-

1807 1837 1929 1892 dem
2005 1833 2413 1888 damnationem
2474 1848 2610 1886 cum.
2657 1831 2938 1886 desertore
2999 1834 3093 1887 Dei
3128 1866 3132 1871 -
3163 1831 3383 1888 diabolo

1807 1927 2029 1984 cadunt.
2059 1925 2212 1980 Scire
2244 1925 2410 1993 igitur
2445 1923 2592 1988 licet,
2636 1922 2998 1991 indigentiam
3029 1923 3240 1994 justum
3263 1939 3385 1980 csse

1807 2034 1836 2074 a
1867 2019 1976 2074 Deo
2008 2015 2333 2085 supplicium
2355 2051 2372 2078 ,
2405 2022 2670 2083 gratoque
2725 2014 3006 2068 ferendam
3051 2015 3236 2069 animo
3259 2055 3275 2080 ,
3323 2023 3386 2070 ut

1807 2112 1880 2166 ita
1914 2106 2448 2164 commiserationem
2479 2115 2535 2160 et
2565 2105 3007 2160 misericordiam
3039 2147 3053 2170 ,
3110 2115 3165 2161 et
3197 2108 3384 2174 provi-

1808 2200 2045 2256 dentiam
2070 2199 2160 2252 Dei
2194 2197 2250 2250 in
2279 2211 2380 2251 nos
2416 2196 2742 2249 excitemus.
2771 2195 2986 2250 Idcirco
3023 2194 3184 2260 Quem
3210 2199 3386 2266 diligit

1809 2294 2063 2348 Dominus
2093 2289 2340 2359 castigat,
2383 2289 2544 2357 longe
2585 2304 2711 2343 eum
2766 2303 2793 2341 a
2848 2290 3104 2360 superbia
3159 2300 3386 2360 propter

1810 2385 2163 2454 indigentiam
2216 2396 2562 2438 removens:
2632 2381 2893 2451 Flagellat
2962 2393 3136 2436 autem
3181 2401 3386 2439 onmem

1809 2479 2001 2547 ﬁlium,
2025 2492 2174 2545 quem
2209 2476 2387 2541 recipit
2421 2475 2494 2539 ",
2538 2489 2632 2542 per
2657 2474 2878 2528 morbos
2923 2475 3104 2528 varios
3127 2516 3143 2541 ,
3199 2483 3254 2530 et
3303 2477 3390 2531 in-

1810 2570 2154 2626 valetudines
2186 2584 2310 2623 eum
2338 2567 2440 2622 sibi
2470 2567 2758 2636 copulans,
2790 2566 2994 2635 gratias
3037 2575 3307 2634 agentem,
3332 2575 3386 2622 et

1810 2663 2129 2733 patientem,
2160 2670 2215 2716 et
2244 2676 2342 2730 pro
2375 2659 2758 2728 hujuscemodi
2779 2658 3138 2713 certaminum
3173 2674 3379 2715 corona

1816 2753 2159 2822 adoptionem
2187 2758 2587 2820 reportantem.
2624 2749 2839 2803 Etenim
2869 2749 3246 2818 proleplastus
3276 2764 3385 2804 non

1814 2845 1885 2898 ob
1912 2844 2058 2896 aliud
2092 2842 2313 2896 violavit
2342 2841 2687 2904 mandatum,
2719 2841 2824 2895 nisi
2860 2840 3005 2909 quod
3047 2841 3192 2895 nulla
3228 2856 3391 2910 pror-

1815 2949 1911 2990 sus
1943 2950 2000 2989 re
2041 2943 2249 3004 egeret,
2285 2939 2543 3001 essetque
2575 2931 2697 2986 sine
2718 2931 2903 2985 labore
2936 2930 3092 2986 dives
3117 2931 3388 2986 bonorum

1814 3026 2084 3079 omnium.

1887 3137 2066 3202 Quare
2096 3135 2186 3203 qui
2225 3132 2580 3202 indigentiam
2616 3131 2774 3202 fugit,
2799 3146 2962 3201 quam
2987 3130 3224 3204 eli'ugere
3247 3149 3390 3188 nun-

140 3250 316 3305 mundi
354 3248 602 3314 requiem
658 3242 944 3299 inveniens
998 3241 1295 3310 (quoniam
1351 3240 1466 3294 haec
1527 3239 1711 3293 omnia
1744 3226 1790 3285 ϐ
1822 3244 1981 3302 quam
2019 3227 2238 3298 poterit.
2279 3225 2392 3280 Deo
2421 3225 2640 3278 videtur
2671 3223 2994 3289 adversari,
3049 3232 3102 3279 et
3154 3223 3221 3279 ab
3271 3226 3390 3294 ipso

138 3342 384 3405 vanitas)
419 3340 483 3391 ad
521 3340 725 3391 bonum
759 3335 950 3398 Deum,
992 3332 1303 3396 Dominum,
1338 3329 1563 3396 Ilerum,
1599 3329 1712 3383 Pa-

139 3448 288 3498 trem,
324 3432 616 3493 Tutorem,
657 3427 1004 3481 Provisorem
1034 3465 1049 3488 ,
1084 3424 1501 3492 Redemptorem
1532 3462 1548 3487 ,
1593 3422 1717 3476 Sal-

139 3533 375 3579 vatorem
407 3526 784 3576 reverteretur
812 3556 827 3580 ,
857 3523 911 3570 et
938 3529 1062 3569 cum
1094 3529 1158 3568 eo
1188 3503 1538 3568 continenter
1591 3527 1718 3567 ver-

143 3625 364 3675 saretur,
394 3620 453 3667 et
485 3607 761 3662 inveniret
789 3604 905 3673 ipse
935 3604 1161 3674 quidem
1201 3605 1446 3672 requiem
1487 3641 1503 3669 ,
1552 3600 1717 3657 Pater

146 3715 312 3761 autem
329 3715 384 3759 et
404 3702 551 3756 Deus
570 3714 635 3754 eo
652 3696 1049 3767 perirueretur,
1067 3710 1130 3748 ac
1147 3710 1309 3765 super
1327 3709 1394 3748 eo
1417 3695 1714 3749 laetaretur.

148 3800 258 3853 Erat
284 3800 459 3858 enim,
490 3810 616 3850 cum
648 3795 811 3847 homo
858 3789 1264 3846 circumﬂueret
1318 3788 1574 3842 omnibus
1620 3801 1716 3843 co-

147 3895 278 3962 piis,
331 3899 389 3945 et
440 3895 664 3957 propter
710 3899 829 3939 eam
888 3883 1289 3937 abundantiam
1348 3881 1402 3934 in
1432 3880 1620 3950 quiete
1651 3892 1716 3933 ac

147 3986 415 4052 voluptate
447 3987 596 4034 esset
623 4015 639 4038 ,
677 3982 1008 4044 vacaretque
1057 3973 1353 4027 afﬂictione
1398 3981 1452 4026 et
1500 3970 1719 4040 aegritu-

149 4074 280 4138 dine,
316 4069 569 4141 gaudeus
608 4075 663 4122 et
706 4065 991 4121 exsultans
1017 4107 1032 4129 ,
1086 4064 1435 4132 nesciretque
1490 4075 1717 4132 prorsus

150 4164 264 4230 quid
290 4159 562 4228 aegritudo
589 4165 757 4213 esset.
795 4156 870 4209 Ex
902 4155 1232 4226 negligentia
1265 4154 1433 4224 igitur
1495 4161 1719 4222 propter

152 4255 470 4309 aliiuentiam
496 4251 830 4304 desiderium
861 4247 1154 4318 parturivit
1181 4259 1371 4300 eorum
1404 4260 1526 4313 qua:
1552 4259 1720 4313 supra

153 4352 310 4415 ipsum
339 4355 525 4408 erant,
560 4353 612 4396 et
640 4357 766 4410 qua:
794 4342 1016 4408 assequi
1054 4351 1158 4392 non
1203 4345 1451 4406 poterat,
1485 4345 1541 4389 et
1599 4350 1721 4405 quae

155 4458 259 4492 tlllll
290 4437 566 4505 tetigisset
594 4477 609 4498 ,
647 4442 705 4484 ut
737 4432 813 4484 illi
848 4429 1136 4483 videbatur
1165 4467 1180 4491 ,
1209 4427 1274 4480 de
1304 4428 1417 4494 ipsa
1447 4427 1535 4478 illa
1565 4427 1720 4494 copia

157 4541 200 4584 et
228 4528 563 4583 abundantia
607 4524 853 4592 dejectus
875 4563 889 4585 ,
921 4521 988 4574 ad
1069 4518 1364 4571 multorum
1392 4560 1406 4581 ,
1449 4518 1558 4571 imo
1590 4532 1721 4571 sane

157 4621 378 4674 omnium
410 4616 704 4687 penuriam
733 4611 987 4666 redactus
1035 4618 1117 4663 est
1143 4649 1156 4674 ,
1191 4608 1245 4661 in
1291 4615 1441 4661 tanta
1488 4618 1725 4677 egestate

159 4713 476 4765 constitutus
504 4747 518 4770 ,
554 4717 612 4760 ut
646 4719 872 4759 summae
925 4701 1272 4756 abundantia:
1319 4715 1533 4755 summa
1586 4699 1730 4754 indi-

161 4804 319 4868 gentia
342 4820 371 4858 e
404 4801 636 4869 regione
665 4837 680 4859 ,
711 4804 763 4849 et
789 4811 853 4848 ex
897 4794 1170 4848 diametro
1201 4802 1562 4860 opponeretur
1599 4808 1614 4856 ;
1642 4805 1730 4844 ar-

162 4896 448 4962 tOgantiam
476 4891 599 4945 scil.
643 4888 946 4950 vindicans,
989 4885 1127 4939 unde
1150 4886 1322 4937 audax
1353 4885 1484 4937 illud
1515 4883 1728 4939 facinus

163 4985 462 5048 exstitisset,
500 4994 610 5049 quo
656 4979 711 5032 in
769 4978 1026 5031 donatam
1075 4976 1182 5030 sibi
1234 4973 1568 5029 amuentiam
1621 4988 1729 5043 pra:

165 5077 392 5128 satietate
422 5071 867 5127 contumeliosus
899 5068 1207 5123 exstiterat.
1261 5066 1337 5119 Ex
1394 5081 1502 5135 quo
1544 5075 1726 5120 autem

167 5166 215 5219 in
237 5177 532 5234 egestatem
586 5163 838 5225 devenit,
896 5161 1088 5214 multis
1142 5158 1211 5212 ob
1252 5172 1371 5211 eam
1429 5158 1728 5223 erumnis,

169 5257 450 5320 laboribus,
481 5255 964 5324 defatigationibus
991 5253 1326 5317 cumulatur,
1356 5267 1458 5305 nec
1516 5253 1728 5320 expleta

170 5351 396 5414 penuria,
420 5354 696 5411 tristalur,
729 5345 1278 5414 aiﬂigitur,desperat
1313 5343 1729 5412 :naturaliaque

1233 5520 1278 5551 "’
1323 5516 1458 5572 Cen.
1501 5532 1586 5582 Ill,
1629 5516 1716 5570 t9.

231 5524 408 5578 “Jac.
447 5540 526 5586 Iv,
567 5521 618 5575 6,
694 5521 924 5575 “Hebr.
959 5538 1057 5586 xtl,
1099 5523 1152 5578 ὓ.

233 5679 302 5746 (6)
334 5681 428 5733 Illa
464 5679 634 5733 verba
692 5677 901 5731 Domini
956 5676 1024 5730 ad
1073 5675 1338 5728 Adamum
1398 5681 1522 5746 post
1558 5672 1729 5746 divini

178 5743 404 5817 prarcepti
455 5749 955 5814 transgressionem
1009 5746 1146 5800 Gen.
1181 5760 1240 5797 Ill
1265 5785 1279 5806 ,
1311 5746 1395 5817 i9.
1435 5743 1501 5817 In
1539 5743 1730 5817 sudore

180 5812 440 5871 rullus-tui
478 5812 702 5871 vesceris
730 5834 863 5882 pane
891 5827 979 5868 tuo
1006 5857 1020 5878 ,
1053 5831 1159 5870 non
1207 5816 1377 5884 magis
1418 5812 1729 5884 signiﬁcant

182 5899 518 5959 preceptum,
559 5881 736 5958 quam
761 5889 852 5942 illa
879 5887 1119 5957 ejusdem
1157 5885 1222 5939 ad
1258 5881 1509 5940 eumdem
1548 5900 1559 5936 :
1598 5881 1725 5936 Pul-

1817 3319 2227 3391 pronuntiatam
2259 3315 2608 3379 sententiam,
2643 3326 2964 3384 naturaeque
2997 3315 3116 3370 loco
3169 3319 3390 3372 consti-

1818 3419 2014 3474 tutam,
2046 3408 2201 3478 quasi
2233 3415 2417 3462 everte
2432 3421 2489 3460 re
2521 3405 2732 3470 conari,
2763 3421 2957 3474 nempe
2984 3420 3091 3475 qua
3115 3407 3290 3474 jubet,
3333 3418 3394 3464 ttt

1817 3503 1873 3555 in
1902 3501 2090 3556 sudore
2122 3500 2295 3554 vultus
2339 3497 2509 3551 nostri
2538 3513 2724 3565 panem
2750 3507 2989 3550 nostrum
3035 3502 3392 3563 comedamus.

1819 3595 1982 3648 donec
2013 3601 2339 3646 revertamur
2359 3590 2413 3641 in
2439 3597 2658 3651 terram,
2696 3586 2763 3640 de
2781 3603 2885 3655 qua
2905 3590 3104 3656 sumpti
3125 3591 3392 3644 sumus".

1819 3683 2090 3750 Quoniam
2121 3680 2286 3750 igitur
2323 3677 2624 3747 indigentia
2667 3676 2898 3745 quilibet
2949 3678 3155 3731 homini
3204 3678 3261 3732 in
3292 3679 3396 3734 hoc

1821 3779 2042 3840 saeculo,
2077 3788 2247 3844 parvo
2285 3780 2340 3826 et
2371 3784 2567 3839 magno
2600 3771 2874 3829 naturalis
2909 3784 3074 3837 paena
3115 3778 3204 3825 est
3229 3810 3245 3835 ,
3297 3770 3394 3840 qui

1821 3871 1962 3925 hanc
1990 3867 2181 3936 quaerit
2207 3863 2493 3932 etfugere,
2546 3861 2598 3914 in
2658 3876 2847 3929 poenas
2896 3863 3258 3929 sempiternas
3309 3863 3399 3917 in-

1822 3967 2025 4016 curret.
2060 3958 2232 4012 Aliter
2265 3955 2412 4009 enim
2445 3968 2611 4021 quam
2649 3967 2744 4021 per
2781 3953 3071 4007 avaritiam
3098 3991 3116 4019 ,
3177 3954 3398 4023 injusti-

1822 4055 1974 4114 tlam,
2003 4051 2272 4118 rapinam,
2304 4055 2631 4117 praesentem
2665 4044 3024 4112 indigentiam
3050 4046 3266 4114 explere
3290 4064 3396 4105 non

1823 4146 2002 4200 datur.
2038 4142 2190 4196 Solet
2227 4147 2412 4194 autem
2471 4139 2742 4193 bonorum
2788 4135 2946 4205 copia
2999 4151 3260 4204 generare
3304 4153 3399 4192 su-

1825 4238 2090 4309 perbiam,
2124 4233 2271 4288 unde
2305 4234 2549 4302 peccatis
2579 4228 2909 4298 principium
2935 4268 2950 4292 ,
2981 4233 3036 4280 et
3085 4237 3270 4297 caput.
3320 4229 3398 4284 Ea

1824 4336 2119 4400 prostrata,
2164 4325 2462 4394 superbum
2513 4330 2569 4375 et
2619 4330 2970 4389 arrogantem
3035 4321 3211 4389 turpia
3254 4321 3403 4376 desi-

1825 4421 2024 4490 gnandi
2053 4418 2307 4472 voluntas
2338 4414 2548 4467 invadit
2577 4451 2592 4474 ,
2623 4426 2744 4480 quae
2777 4426 2845 4464 ex
2881 4410 3120 4462 amentia
3151 4449 3168 4474 ,
3215 4422 3268 4466 et
3290 4413 3404 4469 dis-

1826 4527 1981 4566 cessu
2038 4525 2067 4561 a
2103 4516 2250 4562 recta
2303 4505 2517 4559 ratione
2556 4502 2932 4572 progignitur.
2975 4499 3168 4555 Omnis
3218 4502 3403 4570 itaque

1827 4602 2173 4657 Christianus
2207 4597 2301 4667 qui
2329 4597 2689 4662 indigentiam
2722 4596 2908 4659 tngere
2950 4590 3160 4645 laborat
3187 4632 3202 4657 ,
3235 4595 3401 4650 etiam

1828 4706 2139 4765 germanum
2177 4689 2668 4743 Christianismum
2697 4684 2857 4752 fugit.
2888 4680 3024 4734 Esse
3056 4685 3200 4737 enim
3238 4686 3402 4740 Chri-

1831 4787 2091 4844 stianum,
2129 4790 2182 4834 et
2211 4780 2415 4833 nullius
2441 4793 2601 4848 egere
2625 4818 2640 4842 ,
2666 4776 3007 4847 impossibile
3048 4783 3153 4829 est.
3187 4773 3402 4831 Etenim

1833 4874 1973 4928 Deus
1998 4871 2174 4926 nostri
2210 4869 2406 4924 similis
2440 4870 2580 4922 inter
2608 4883 2710 4923 nos
2740 4868 2945 4931 factus,
2999 4877 3058 4922 ut
3103 4869 3403 4922 humanam

1829 4975 2079 5022 naturam
2107 4978 2280 5033 usque
2306 4976 2334 5015 a
2361 4961 2633 5030 principio
2655 4962 3012 5025 instauraret,
3040 4962 3254 5016 decreta
3279 4975 3403 5022 sua,

1830 5074 1950 5129 quae
1982 5057 2047 5111 ad
2083 5055 2488 5110 damnationem
2521 5055 2960 5120 transgressoris
3011 5051 3251 5106 mandati
3293 5051 3404 5113 sui,

1833 5153 2017 5223 primi,
2053 5151 2298 5219 inquam,
2332 5147 2578 5216 parentis
2609 5145 2783 5199 nostri
2818 5145 2969 5210 fecit,
3000 5143 3404 5212 corruptionem

1838 5243 2098 5297 videlicet
2123 5250 2176 5295 et
2201 5245 2430 5292 mortem
2461 5276 2476 5301 ,
2524 5252 2648 5291 eum
2678 5236 2814 5289 dixit
2849 5254 2864 5290 :
2906 5236 2968 5290 In
3011 5236 3202 5289 sudore
3230 5234 3405 5287 vultus

1836 5336 1912 5388 tui
1953 5333 2184 5388 comedes
2212 5346 2398 5398 panem
2426 5339 2574 5383 tuum
2603 5327 2680 5398 (6)
2717 5348 2729 5383 ε
2761 5327 2828 5382 Et
2865 5349 2878 5385 :
2915 5327 3079 5382 Terra
3107 5343 3160 5380 es
3187 5365 3203 5391 ,
3250 5333 3301 5378 et
3345 5325 3404 5380 iu

1836 5674 1913 5727 eis
1941 5688 2018 5732 es,
2051 5685 2100 5724 et
2133 5673 2184 5724 in
2218 5669 2484 5736 puluerem
2517 5677 2811 5720 reverteris.
2898 5665 2946 5720 el
2987 5664 3075 5718 illa
3099 5661 3164 5715 ad
3191 5661 3352 5716 Evam
3391 5680 3405 5713 :

1839 5742 1906 5795 In
1947 5743 2128 5793 dolore
2152 5741 2329 5806 paries
2357 5741 2537 5808 ﬁlios;
2579 5737 2670 5790 sed
2697 5736 3010 5806 significans
3036 5748 3272 5800 poenam,
3300 5747 3332 5808 q
3359 5746 3409 5785 xa

1838 5812 1980 5867 Deus
2012 5815 2214 5878 primos
2241 5805 2496 5879 parentes
2517 5847 2531 5870 ,
2560 5805 2860 5879 eorumque
2918 5813 3165 5879 posteros
3218 5805 3408 5879 umna-

1838 5883 1935 5938 vit.
1972 5869 2133 5953 Ergo,
2168 5869 2262 5952 qui
2296 5881 2470 5937 modis
2497 5869 2664 5935 licitis
2696 5869 2933 5945 operatu'
2952 5876 3047 5931 dat
3072 5915 3087 5945 ,
3126 5879 3184 5929 ut
3230 5869 3402 5923 ιδιιαν
