4170 6452
725 390 825 455 391
1980 371 2351 434 SiMEONlS
2382 368 2746 432 JUNIORIS

724 514 919 553 terram
950 497 1221 551 reverteris
1248 494 1317 558 ",
1352 508 1417 545 re
1451 516 1457 539 ι
1500 494 1572 545 ita
1613 489 1811 543 leviter
1860 487 2107 541 sustulit.
2168 484 2303 537 Ecce
2334 482 2385 539 A

719 594 865 646 cnim
899 598 952 645 et
989 590 1155 644 sudor
1211 586 1279 640 ad
1326 600 1518 654 panem
1553 581 1950 651 acquirendum
1983 584 2300 648 permanet;

720 677 776 735 et
806 680 863 733 in
898 689 1099 733 terram
1136 675 1201 728 de
1246 691 1353 743 qua
1411 671 1614 740 sumpti
1668 683 1896 731 smnus,
1954 666 2301 721 revertimur.

727 768 834 821 Sed
870 768 1090 820 virtutis
1124 780 1237 819 Suae
1289 774 1347 817 ut
1386 762 1584 815 divina:
1622 760 1873 822 virtutis,
1916 766 1969 812 et
2021 756 2304 825 sapientia:

725 877 835 916 sum
858 869 917 912 ut
951 860 1148 911 divina:
1177 856 1459 921 sapientite
1495 854 1787 923 participes
1841 848 2050 902 faciens
2074 886 2088 908 ,
2124 847 2214 916 qui
2252 844 2303 897 in

729 953 852 1021 ejus
872 954 1307 1005 incarnationem
1326 950 1696 1002 crediderunt.
1714 952 1941 996 eatenus
1963 944 2133 1009 legero
2151 952 2303 992 suam

728 1045 1007 1107 itilir.i.at;
1039 1046 1150 1111 ipse
1186 1044 1417 1109 primum
1447 1040 1603 1091 nobis
1632 1036 1912 1101 exemplar
1936 1035 2137 1094 lactus,
2158 1031 2311 1083 mul-

725 1138 800 1190 tis
858 1136 1141 1187 όιιξοιίιυηε
1172 1145 1225 1186 et
1274 1130 1358 1184 am
1387 1131 1659 1183 ctionibus
1724 1144 1899 1192 usipte
1958 1128 2021 1179 ad
2068 1136 2297 1179 mortem

730 1229 910 1281 crucis
932 1227 1342 1292 ignominiosam
1376 1222 1734 1291 perferendis.
1760 1219 2022 1272 Similiter
2074 1215 2305 1286 apostoli

727 1328 783 1373 ct
817 1310 1001 1371 ﬁdeles
1030 1334 1221 1371 Omnes
1259 1333 1286 1369 a
1323 1314 1544 1368 Christo
1582 1315 1716 1366 bene
1766 1312 2130 1375 corroborati,
2169 1325 2295 1362 cum

730 1407 928 1479 gaudio
950 1412 1179 1462 sudores
1210 1422 1264 1465 et
1296 1410 1627 1461 tentatioucs
1658 1414 1953 1466 SitSllllt‘lH,
1982 1415 2035 1455 ct
2062 1403 2114 1456 in
2140 1404 2307 1454 multa

730 1506 992 1573 patientia
1027 1503 1262 1556 tinctum
1305 1505 1505 1555 lerunt.
1544 1500 1768 1566 Propter
1802 1500 1901 1550 hoc
1958 1498 2082 1549 item
2111 1506 2311 1563 marty-

731 1612 818 1649 res
845 1604 897 1648 ct
935 1605 1130 1649 ascctm
1158 1638 1172 1659 ,
1203 1596 1277 1647 illi
1309 1595 1524 1662 quidem
1569 1593 1747 1660 pmnis
1797 1603 1847 1643 ct
1884 1590 2164 1655 suppliciis
2200 1603 2307 1639 non

729 1689 918 1748 eximi,
954 1690 1003 1740 lii
1036 1704 1163 1741 vero
1200 1689 1417 1738 lahorcs
1454 1688 1725 1738 asm-ticos
1756 1698 1862 1735 non
1903 1681 2139 1745 abjieere
2169 1717 2184 1739 ,
2214 1679 2310 1731 scd

732 1784 1006 1847 egregiam
1046 1780 1147 1832 sibi
1199 1779 1547 1830 tolerantiam
1600 1772 1939 1840 suppeditari
1997 1770 2307 1836 rogabant,

733 1874 1073 1940 propositum
1108 1881 1381 1923 certamen
1418 1884 1511 1934 per
1544 1866 1863 1934 patientiam
1909 1870 2210 1923 certantes,
2251 1871 2309 1914 ut

736 1980 834 2034 pro
864 1965 1046 2017 labore
1076 1980 1176 2015 suo
1203 1962 1505 2017 mercedem
1533 1959 1585 2011 in
1645 1959 1829 2010 futuro
1863 1955 2061 2009 saeculo
2104 1953 2314 2021 recipe-

734 2065 876 2109 rent.
916 2054 1068 2108 Unde
1111 2056 1254 2107 Deus
1284 2055 1559 2122 patientiae
1598 2060 1651 2103 et
1683 2048 2115 2122 longanimitatis
2170 2044 2312 2098 Deus

738 2148 1053 2201 nosninatur
1080 2147 1148 2199 ”.
1182 2144 1349 2214 Igitur
1387 2160 1483 2213 pro
1506 2143 1730 2195 cuilibet
1756 2120 2030 2208 angustia,
2060 2148 2113 2189 ct
2136 2136 2314 2189 omnis

2973 475 3236 532 ORATIO
3273 473 3439 530 XVII.

3003 607 3393 649 ARGEIENTUI.

2411 718 2485 771 De
2512 734 2631 771 vero
2667 714 2942 768 monacho.
2975 722 3025 766 et
3073 713 3329 778 pecunia.
3375 713 3469 761 aut
3518 704 3842 772 voluptatis,
3892 710 3993 753 aut

2477 790 2664 857 gloria'
2695 787 2965 852 cupidum.
3014 801 3117 837 non
3152 798 3268 835 esse
3308 779 3619 857 nionitrltmn
3651 793 3667 829 :
3698 779 3787 837 qui
3823 788 3998 857 morm

2482 845 2539 911 iit
2576 877 2603 910 rt
2660 845 2771 909 Deo.
2824 864 3111 911 sanentur.
3172 852 3366 906 ascetis
3415 850 3547 899 dum
3596 845 3999 910 perpeitierda.

2478 928 2583 983 Cur
2629 942 2779 978 omne
2828 942 2959 993 opus
3013 924 3203 993 bnmtm
3252 922 3389 971 hit-ie
3438 918 3628 993 [inhiat
3681 919 3878 993 linea,
3935 922 3999 963 ut

2486 986 2964 1060 sanctiﬁcationein
3008 992 3137 1046 ϐίονὶ
3170 996 3209 1045 ti
3249 992 3489 1055 recipiat.
3538 986 3665 1060 Crm
3724 986 4002 1035 intellectu

2488 1058 2741 1136 psallere,
2802 1066 2963 1120 solius
2997 1063 3087 1116 Dei
3139 1064 3386 1136 taetre/icio
3438 1059 3608 1136 (iacuit:
3637 1066 3846 1135 _iirtr_ini._
3882 1058 4003 1115 uno

2479 1126 2633 1206 pacto
2687 1126 2823 1189 inter
2867 1136 3053 1197 Deum,
3117 1146 3163 1187 et
3199 1133 3446 1202 homines
3491 1128 3787 1180 inimicuiw
3832 1126 4001 1175 inier-

2483 1218 2693 1263 cedant.

2484 1322 2785 1377 Monachus
2812 1330 2918 1384 est,
2943 1320 3033 1389 qui
3070 1315 3355 1388 professus
3395 1328 3584 1367 coram
3633 1311 3737 1363 Deo
3788 1320 3843 1364 et
3902 1325 4006 1361 an-

2414 1417 2571 1486 gelis,
2609 1434 2666 1470 se
2695 1419 2920 1477 mundo,
2956 1424 3009 1466 et
3037 1416 3102 1467 iis
3139 1427 3257 1481 qme
3295 1411 3348 1463 in
3398 1407 3603 1462 mundo
3636 1416 3759 1457 sunt
3791 1446 3805 1466 ,
3866 1420 4005 1455 nun'

2416 1510 2545 1562 tium
2590 1507 2897 1573 remisisse,
2958 1513 3013 1559 et
3064 1504 3130 1556 ad
3183 1502 3462 1555 Christu-n
3516 1515 3572 1551 se
3625 1510 3961 1563 agere-gaeso
3993 1534 4007 1553 .

2412 1600 2593 1653 divina
2627 1598 2818 1667 gratia,
2852 1612 2972 1663 quae
3011 1596 3195 1648 animo
3226 1592 3536 1652 concipitur
3562 1632 3576 1652 ,
3635 1588 3867 1656 myst‘ce
3920 1584 4013 1633 di-

2414 1700 2611 1762 gnatus
2654 1698 2759 1753 est,
2790 1700 2843 1741 et
2872 1688 2991 1755 ejus
3028 1689 3215 1753 grati:c
3252 1701 3473 1739 sensum
3511 1680 3801 1749 quemdam
3843 1676 4010 1728 intel-

2420 1785 2673 1853 ligibilem
2711 1783 2914 1834 hausit.
2937 1780 3055 1832 Prae
3080 1780 3193 1845 ipsa
3220 1778 3364 1831 enim
3403 1790 3598 1827 omnes
3634 1774 3821 1825 Carnis
3854 1784 4015 1820 unn-

2415 1878 2577 1946 diqne
2606 1877 2895 1928 illecebras
2938 1877 3268 1933 detestatus,
3300 1885 3395 1937 per
3426 1866 3670 1921 ean-den:
3728 1873 4011 1919 nmituus,

2414 1980 2467 2023 et
2499 1968 2565 2019 ad
2603 1982 2795 2018 omnes
2823 1965 2947 2017 illas
2979 1962 3265 2021 inhabilis,
3298 1968 3351 2011 et
3384 1959 3604 2019 ineptus
3642 1953 3897 2005 cllicituv'.
3942 1954 4019 2002 Ac

2422 2067 2554 2110 tunc
2589 2072 2716 2109 cum
2742 2069 2958 2109 summo
2993 2053 3213 2122 gaudio,
3260 2050 3601 2111 [αι-νυιιῑὶτμιε
3633 2045 3911 2097 desiderio
3947 2042 4011 2093 ad

2417 2148 2602 2203 divina
2630 2146 2837 2202 Christi
2872 2145 3130 2198 mandata
3180 2141 3239 2194 ﬁt
3300 2151 3557 2196 Strenuus
3589 2177 3607 2203 ,
3644 2148 3697 2190 et
3744 2136 3811 2188 ab
3862 2134 4018 2186 owni

737 2239 956 2292 triStitia
991 2238 1306 2291 necessaria
1339 2244 1444 2298 est,
1481 2243 1762 2303 propterea
1806 2231 1950 2300 quod
1989 2238 2117 2283 ante
2150 2244 2316 2283 omne

738 2338 1131 2383 tentatur-ritum
1165 2343 1325 2381 nemo
1362 2328 1725 2379 tentationum
1768 2323 2019 2377 notitiam
2059 2320 2316 2388 adipisci-

742 2429 852 2475 tur.
893 2418 991 2474 Ulli
1020 2432 1198 2472 autent
1233 2434 1263 2472 a
1290 2418 1686 2471 tentatiouibus
1711 2415 2050 2469 irruentibus
2076 2414 2321 2467 vindica-

742 2521 830 2564 tus
870 2512 1070 2575 fuerit,
1104 2512 1304 2564 \indici
1342 2510 1457 2564 sive
1492 2510 1602 2564 Deo
1630 2550 1646 2573 ,
1694 2509 1809 2562 sive
1855 2506 2062 2560 homini
2115 2505 2320 2571 gratias

742 2601 875 2673 agit.
932 2603 1066 2654 Cum
1116 2602 1298 2669 itaque
1352 2601 1513 2652 homo
1545 2615 1572 2651 a
1616 2597 2011 2651 tentationibus
2062 2593 2322 2647 immunis

742 2694 1072 2756 Cusuiditur,
1108 2692 1172 2745 ad
1209 2692 1414 2760 gratias
1445 2691 1514 2743 ob
1549 2689 1602 2742 id
1636 2689 1742 2742 Deo
1771 2688 2012 2756 agendas
2049 2685 2233 2755 segnis
2258 2697 2322 2737 ac

745 2785 897 2853 piger
932 2795 1037 2838 est.
1073 2783 1279 2853 Lapsus
1317 2792 1497 2837 autem
1527 2784 1581 2835 in
1618 2785 2047 2841 tentationcs,ct
2075 2785 2322 2846 ereptus,

747 2875 991 2943 impense
1018 2879 1063 2929 ei
1094 2878 1297 2945 gratias
1328 2876 1461 2941 agit.
1498 2872 1644 2937 Quin
1682 2871 1727 2925 si
1759 2872 1882 2939 quis
1910 2870 2075 2922 etiam
2107 2881 2325 2933 semper

748 2964 861 3020 Deo
890 2968 1094 3035 gratias
1144 2975 1303 3035 agat,
1331 2980 1439 3018 non
1473 2965 1545 3015 ita
1570 3004 1583 3023 ,
1627 2979 1726 3016 nec
1772 2968 2056 3028 tantopere
2104 2967 2328 3026 tamque

750 3056 1004 3112 alacriter
1028 3058 1159 3127 agit,
1188 3076 1349 3127 quam
1413 3055 1809 3109 tcntalionibus
1849 3066 1901 3107 et
1948 3051 2325 3104 tribulationi-

2426 2241 2754 2307 voluptate,
2814 2236 3332 2306 pecuniaruntqne,
3385 2237 3441 2282 et
3502 2231 3772 2281 honorum
3832 2226 4021 2278 stu-lio

2421 2334 2631 2387 alienus
2665 2328 2846 2397 (velut
2883 2328 2970 2395 qtti
3005 2335 3155 2379 extra
3191 2338 3434 2383 carnem,
3473 2330 3527 2374 et
3568 2318 3828 2371 mundum
3863 2316 4023 2368 vive.

2420 2425 2537 2489 ret)
2570 2421 2940 2482 cognoscitur,
2968 2425 3022 2470 et
3051 2418 3149 2471 soli
3188 2413 3415 2484 5μὶγίιυὶ
3445 2422 3634 2464 sancto
3698 2410 4023 2463 arctissime

2423 2517 2773 2581 coniunctus.
2821 2528 3037 2580 semper
3067 2512 3224 2564 Letus
3255 2516 3308 2561 et
3342 2509 3616 2572 psallens:
3658 2502 3767 2567 Ego
3829 2512 4015 2553 autent

2424 2608 2479 2661 in
2510 2606 2737 2659 Domino
2764 2604 3040 2675 gaudebo,
3088 2611 3137 2655 et
3188 2599 3467 2653 exsultatio
3516 2598 3568 2648 in
3621 2595 3723 2647 Deo
3775 2592 4019 2644 salrttitri

2428 2717 2539 2753 meo
2574 2701 2614 2752 ¹.
2657 2699 2827 2751 Aliter
2859 2695 3133 2764 quispiam
3168 2693 3355 2745 referri
3410 2689 3462 2741 iti
3492 2689 3674 2740 album
3714 2685 4024 2736 monacho-

2429 2808 2551 2845 rum
2584 2791 2900 2859 neutiquam
2938 2796 3130 2856 potest.
3170 2783 3300 2837 Tria
3329 2784 3474 2835 enim
3513 2790 3636 2833 sunt
3667 2821 3681 2839 ,
3714 2780 3977 2841 voluptas
4008 2816 4022 2836 ,

2432 2884 2691 2952 pecunia,
2743 2882 2937 2947 gloria.
2972 2877 3274 2930 Monachus
3303 2875 3593 2944 qniailliuc
3644 2871 4028 2937 \‘oittptattliits

2432 2989 2489 3030 sc.
2521 2972 2822 3033 submittit,
2872 2970 3113 3023 nonduin
3164 2967 3509 3027 monachus,
3565 2962 3658 3016 sed
3710 2967 3856 3011 etia‘:
3888 2976 4021 3012 nam

2390 3070 2393 3071 ⁷
2439 3066 2668 3137 peccati,
2702 3073 2757 3116 et
2784 3062 3001 3116 Satanae
3036 3060 3374 3126 mancipium
3425 3067 3527 3110 cst.
3595 3056 3896 3107 Monachus
3938 3070 4029 3103 cn.

749 3150 854 3208 bus
896 3153 1158 3205 liberatus
1188 3165 1348 3220 agi-re
1382 3150 1691 3203 consuevit.
1726 3145 1797 3199 Ut
1832 3162 1965 3214 ergo
1991 3161 2056 3197 ex
2101 3145 2286 3197 animo
2311 3182 2325 3207 ,

2439 3174 2592 3210 arnor
2625 3157 2868 3224 pecunia:
2904 3154 3081 3205 adhuc
3115 3152 3381 3217 imperat.
3420 3149 3661 3200 nondum
3693 3148 4027 3204 lllOtIﬂCil'iS,

750 3256 803 3300 ct
831 3262 894 3298 ex
935 3255 1043 3297 tota
1076 3254 1255 3297 mente
1284 3285 1298 3308 ,
1351 3252 1403 3295 ct
1450 3258 1513 3295 ex
1567 3243 1823 3294 omnibus
1866 3238 2077 3292 viribus
2120 3240 2329 3308 gratias

752 3346 879 3408 agat
924 3337 976 3389 in
1029 3337 1362 3389 tentationes
1384 3348 1436 3390 et
1466 3333 1810 3389 alﬂictiones.
1842 3341 1896 3386 et
1934 3332 2243 3399 angusnas,
2276 3341 2331 3385 et

752 3430 1008 3486 tristitias
1035 3429 1276 3482 incidere
1300 3436 1551 3495 Oportet,
1584 3435 1644 3479 ut
1700 3428 1955 3479 virtutem
1994 3424 2086 3476 Dei
2129 3439 2331 3491 cegizo-

753 3533 893 3578 Scal.
927 3524 1146 3588 Alioqui
1172 3524 1457 3583 remissio.
1496 3530 1550 3574 ct
1582 3520 1731 3574 feria:
1771 3520 1880 3571 duo
1906 3534 2010 3570 non
2034 3519 2331 3571 mediocria

754 3617 896 3670 mala
926 3617 1171 3685 pariunt,
1205 3618 1487 3676 nimirum,
1530 3624 1589 3668 ut
1621 3630 1725 3667 non
1760 3623 1870 3667 tota
1916 3614 2095 3665 anima
2146 3614 2333 3681 gratim

756 3718 985 3775 agantur
1021 3706 1240 3767 Deo;et
1269 3714 1327 3758 ut
1365 3721 1519 3775 mens
1556 3706 1705 3757 cniis
1744 3707 1997 3761 inanibus
2016 3715 2331 3772 occupetur.

757 3796 946 3847 Adamn
972 3811 997 3848 s
1027 3797 1079 3848 in
1117 3796 1207 3848 illa
1241 3811 1338 3848 sna
1371 3796 1555 3864 quiete
1583 3836 1598 3858 ,
1626 3797 2138 3868 tranquillitathue
2184 3799 2336 3852 inex-

758 3887 1021 3953 plicabili,
1048 3887 1093 3939 si
1128 3885 1237 3939 Deo
1276 3887 1477 3954 gratias
1506 3888 1729 3955 egisset,
1766 3887 2031 3955 deceptus
2065 3904 2171 3942 non
2204 3889 2338 3943 fuis-

759 3986 877 4041 set;
908 3992 1083 4044 neque
1117 3977 1318 4028 malum
1353 3977 1482 4029 illud
1536 3978 1825 4029 consilium
1882 3994 2121 4046 unquam
2164 3979 2340 4031 adrni-

760 4069 945 4128 SiSSt‘l,
982 4084 1157 4135 neque
1194 4066 1331 4119 Deus
1354 4067 1465 4119 ﬁeri
1484 4069 1909 4135 concupivissizt.
1935 4067 2116 4133 Quare
2137 4087 2333 4138 quem-

760 4156 1052 4211 admodum
1108 4158 1440 4225 aspiratione
1464 4158 1636 4219 aeris,
1669 4159 1749 4210 sic
1781 4161 2081 4227 gratiarum
2126 4162 2341 4214 actione

762 4264 890 4316 erga
932 4249 1098 4302 Dcuin
1137 4264 1275 4317 Opus
1309 4250 1599 4310 habemus,
1632 4250 1676 4302 si
1706 4251 1759 4301 in
1799 4250 2134 4304 tentationes
2164 4291 2175 4311 .
2205 4249 2343 4302 ami-

766 4342 1000 4405 ctiones,
1032 4342 1336 4411 angustias,
1385 4356 1676 4408 ntmrores,
1712 4343 1859 4412 quod
1899 4343 2032 4397 velle
2056 4344 2340 4405 debemus,

768 4433 1151 4486 inciderimus.

843 4648 890 4683 ”
914 4649 1050 4705 Gen.
1079 4666 1160 4715 ιιι,
1190 4652 1276 4706 19.
1343 4650 1391 4683 ⁹⁹
1430 4650 1590 4705 Rom.
1632 4665 1670 4705 ll
1702 4660 1756 4706 et
1791 4667 1877 4705 xv.

1959 4652 1977 4684 ¹
2022 4652 2226 4708 llabac.
2271 4669 2351 4719 ut,
2394 4652 2483 4711 18.

2436 3253 2530 3306 sed
2564 3251 2844 3303 iatololatra
2889 3257 2999 3299 cst.
3036 3243 3341 3299 Monachus
3399 3243 3578 3294 adhuc
3636 3240 3979 3291 ambitionis
4014 3275 4034 3301 ,

2436 3344 2680 3398 nondum
2741 3340 3081 3399 monachus,
3142 3337 3235 3391 Sed
3300 3335 3568 3405 principis
3626 3334 3791 3397 huius
3840 3333 4034 3384 trittndi

2438 3434 2862 3506 probatissimos
2893 3432 3049 3484 miles
3081 3441 3185 3482 est.
3216 3426 3319 3492 Qui
3356 3429 3523 3495 igitur
3581 3426 3905 3494 possidetur
3936 3434 4035 3476 aut

2437 3530 2505 3582 ab
2534 3529 2616 3580 his
2642 3528 2820 3580 tribus
2856 3541 2917 3576 ex
2957 3533 3134 3592 parte,
3175 3530 3270 3573 aut
3306 3521 3375 3573 ab
3438 3534 3548 3571 uno
3613 3518 3703 3571 hor
3721 3534 3810 3570 um
3864 3518 4036 3569 trinnt

2438 3622 2716 3681 universe,
2748 3634 2843 3671 seu
2876 3615 3084 3685 jejunet
3113 3653 3126 3676 ,
3166 3629 3263 3667 seu
3325 3613 3552 3681 vigilet,
3587 3626 3684 3665 seu
3728 3618 3893 3685 oret,
3935 3626 4035 3663 seu

2440 3712 2658 3779 psallat,
2693 3725 2788 3762 seu
2825 3707 2976 3761 humi
3010 3706 3197 3769 cubet,
3220 3713 3271 3755 et
3302 3704 3508 3771 quicvis
3529 3703 3634 3755 alia
3658 3702 3941 3755 incommo
3966 3703 4041 3765 εἰ,

2441 3800 2764 3866 laboresque
2800 3812 2866 3849 ac
2905 3795 3185 3849 molestias
3223 3795 3440 3856 subeat,
3475 3808 3806 3859 omnemque
3840 3792 4037 3842 scien-

2441 3889 2572 3941 tiam
2609 3888 2774 3950 noiit,
2810 3902 2929 3939 cum
2960 3889 3143 3947 Patre.
3184 3885 3341 3949 Filio,
3374 3893 3428 3937 et
3467 3883 3674 3950 Spiritu
3710 3892 3906 3933 sancto
3944 3899 4045 3933 so-

2441 3980 2697 4033 cietatem
2729 3994 2837 4031 non
2869 3979 3051 4031 habet.
3100 3976 3336 4030 Necesse
3375 3985 3456 4029 est
3490 3975 3635 4025 enim
3696 3973 3843 4025 hunc
3882 3975 3985 4040 pii
4016 3988 4043 4024 s

2444 4072 2776 4134 libertatem,
2815 4085 2936 4139 qua:
2969 4078 3147 4122 mente
3187 4068 3401 4122 videtur
3422 4082 3449 4118 a
3480 4065 3569 4118 Dei
3607 4064 3743 4117 Filio
3769 4064 3901 4130 ailip
3929 4067 4039 4123 Sci.

2447 4163 2539 4231 qui
2564 4162 2661 4221 ait.
2690 4161 2876 4215 Omnis
2900 4163 2989 4231 qui
3017 4162 3147 4229 facit
3185 4171 3455 4229 peccatum
3490 4174 3665 4210 serius
3690 4166 3764 4207 est
3792 4156 3998 4220 peccati"
4027 4171 4045 4206 :

2447 4271 2626 4308 servus
2653 4263 2827 4306 autem
2847 4255 3048 4319 peccati
3080 4270 3182 4305 non
3211 4262 3381 4305 manet
3412 4253 3466 4303 in
3498 4251 3652 4302 domo
3678 4248 3770 4301 Dei
3800 4249 3855 4298 in
3884 4259 4046 4299 aver-

2449 4361 2575 4397 nttm
2610 4346 2652 4396 ’.
2698 4344 2787 4397 list
2818 4354 2998 4397 autem
3034 4345 3229 4396 domus
3256 4344 3343 4394 Dei
3384 4357 3609 4406 regnum
3647 4340 3693 4403 ej
3723 4358 3789 4390 is.
3834 4338 4045 4388 Andin'

2454 4436 2857 4490 l'ormidandam
2893 4435 3262 4491 sententiam?
3292 4433 3353 4486 Si
3398 4433 3561 4501 igitur
3590 4431 3736 4498 littus
3782 4445 3870 4481 eos
3915 4429 4048 4479 liac-

2561 4655 2582 4685 ³
2614 4652 2773 4708 Joan.
2806 4668 2923 4720 vin,
2960 4653 3048 4717 δι,
3082 4651 3173 4707 55.

777 4919 874 4959 seu
908 4899 1289 4968 indigentiam,
1314 4898 1485 4968 partis
1533 4898 1771 4970 opibus.
1823 4896 2049 4969 etiugiat
2079 4938 2094 4963 ,
2144 4899 2189 4954 is
2242 4915 2328 4955 net

2464 4919 2561 4957 nas
2594 4910 2647 4956 et
2674 4904 3010 4970 paupertatis
3037 4902 3379 4957 incommoda
3407 4900 3709 4969 exigerent,
3734 4916 3898 4965 quam
3924 4918 4051 4967 pm-

778 4974 953 5041 magis
989 4979 1177 5041 pem-at
1206 4971 1259 5022 in
1292 4980 1622 5041 praeceptum
1655 4968 1749 5021 Dei
1779 4968 1955 5036 quam
1997 4970 2041 5022 si
2088 4970 2178 5023 det
2221 4986 2355 5037 0pc-

775 5038 893 5098 rani
926 5049 986 5093 ut
1013 5039 1231 5093 morbos
1256 5038 1514 5108 effugiat;
1550 5040 1835 5107 ipsamque
1867 5048 2125 5102 mortem,
2154 5041 2196 5092 si
2238 5058 2345 5094 non

776 5125 996 5180 semper
1020 5110 1188 5180 _vitet,
1222 5122 1370 5163 certe
1404 5108 1645 5162 ditIerat.
1680 5108 1869 5180 Itaque
1891 5109 2109 5177 quando
2135 5110 2351 5164 Simeon

778 5177 913 5233 dii-it
949 5196 963 5234 :
1010 5178 1280 5246 Eum,qui
1316 5180 1664 5246 indigentiam
1710 5177 1888 5247 fugere
1920 5181 2129 5240 nititur,
2172 5180 2352 5248 fugere

779 5252 940 5303 etiam
973 5265 1285 5318 germanum
1315 5248 1809 5311 Christianismum,
1840 5257 1894 5302 et
1922 5250 1967 5302 si
2019 5250 2151 5318 quid
2204 5251 2350 5304 aliud

783 5322 950 5388 bnjUs
987 5319 1202 5388 generis
1234 5319 1287 5372 in
1340 5321 1441 5371 hac
1465 5318 1713 5371 oratione
1761 5327 2054 5380 occurret,
2110 5320 2163 5371 id
2214 5322 2361 5373 acci-

783 5390 1042 5457 piendum
1078 5399 1161 5442 est
1190 5389 1256 5441 de
1283 5389 1379 5441 illo
1406 5388 1499 5456 qui
1526 5394 1901 5456 paupertatem
1955 5388 2356 5449 intolerandum

782 5459 1285 5527 gravissimumque
1319 5460 1523 5510 malum
1552 5463 1788 5524 reputat,
1817 5457 2231 5527 immissamque
2259 5459 2358 5512 sibi

784 5532 958 5584 invito
988 5537 1041 5581 et
1068 5530 1256 5595 iniquo
1284 5528 1466 5580 animo
1497 5529 1697 5579 tolerat
1728 5541 1742 5577 :
1800 5528 2006 5580 oblitus
2056 5528 2358 5582 Salvatoris

786 5600 893 5663 sui,
932 5600 1027 5666 qui
1064 5598 1209 5650 hanc
1241 5597 1494 5651 erunibus
1524 5596 1735 5649 divitiis
1773 5598 2127 5666 anteposuit,
2164 5599 2360 5652 innue-

786 5665 1013 5737 niorque
1043 5682 1217 5736 pinna:
1240 5667 1399 5737 illius,
1421 5666 1712 5733 prima-Vin,
1736 5680 1917 5737 ‘quatn
1948 5665 2092 5719 Dens
2123 5669 2175 5721 in
2207 5683 2357 5720 tuor-

784 5734 1175 5802 talesistatuit,
1207 5745 1265 5791 ut
1306 5736 1513 5790 scilicet
1543 5738 1598 5788 iii
1652 5734 1849 5789 sudore
1899 5739 2085 5789 vultus
2134 5738 2217 5791 sui
2271 5752 2360 5790 ve-

788 5816 1078 5864 scerentur
1109 5824 1248 5874 pane
1278 5821 1405 5874 suo,
1437 5807 1711 5876 vitamque
1738 5807 1881 5863 inter
1921 5807 2103 5863 varias
2153 5821 2357 5862 acrum-

2466 4989 2616 5037 naru,
2646 4989 2769 5026 cum
2800 4989 2829 5027 a
2879 4975 2991 5027 Deo
3022 4973 3319 5042 inﬂigitur,
3348 4973 3528 5040 quivis
3582 4976 3861 5042 patienter
3922 4990 4055 5038 pcr-

2464 5044 2676 5096 solvere
2712 5044 2909 5106 debet;
2944 5040 3160 5097 tametsi
3204 5043 3433 5109 ipsemet
3455 5056 3517 5093 ca
3557 5057 3614 5095 sc
3643 5040 3860 5092 allicere
3887 5080 3903 5101 .
3948 5058 4052 5095 nec

2463 5122 2703 5175 tenetur,
2740 5114 3108 5177 nccjubelur.
3146 5116 3209 5166 Et
3246 5113 3290 5165 si
3321 5114 3445 5179 quis
3473 5120 3566 5162 aut
3599 5112 3917 5165 exsisteret.
3953 5120 4055 5164 aut

2460 5198 2699 5251 unquam
2727 5186 3054 5248 exsutiSsct,
3075 5198 3237 5249 quem
3256 5181 3423 5235 sudor
3444 5185 3547 5234 iste
3565 5182 3747 5234 vultus
3765 5196 4053 5247 nunquam

2464 5254 2777 5320 tetigisset,
2835 5256 3128 5322 omnisque
3179 5252 3496 5322 indigentiae
3542 5263 3821 5322 cxyerteni
3878 5252 4053 5302 vitam

2468 5319 2825 5384 traduxisset.
2861 5319 3084 5389 paratus
3113 5323 3257 5376 ferre
3287 5319 3332 5374 si
3368 5320 3497 5389 quid
3525 5336 3554 5372 a
3586 5319 3694 5372 Deo
3721 5321 3824 5372 sibi
3860 5328 4055 5389 mitte—

2465 5403 2651 5445 retur:
2688 5395 2731 5446 is
2765 5395 2899 5447 nihil
2930 5404 3219 5461 propterea
3261 5394 3315 5444 in
3356 5388 3524 5442 ullum
3578 5398 3913 5461 praeceptum
3952 5388 4050 5461 Dei

2464 5464 2835 5516 commisisset
2866 5503 2881 5527 ,
2930 5459 3247 5531 quanquam
3273 5462 3399 5529 quis
3450 5474 3711 5531 unquam
3744 5459 3847 5511 fuit
3876 5497 3891 5517 .
3953 5460 4048 5524 qui

2461 5531 2819 5601 indigentiam
2861 5536 3080 5601 penitus
3101 5528 3140 5585 ’τι
3171 5547 3272 5586 suo
3292 5528 3500 5583 ’hnn’ne
3518 5528 3813 5601 excludere
3843 5536 4040 5593 potue-

2460 5602 2552 5665 rit,
2587 5598 2642 5655 ct
2682 5605 2784 5654 hoc
2814 5598 3016 5656 sudore
3042 5616 3304 5670 aspersus
3356 5616 3462 5653 non
3511 5598 3723 5670 fuerit?
3772 5600 3889 5649 imo
3941 5612 4057 5665 quo

2462 5673 2591 5743 quis
2612 5674 2831 5724 avarior
2890 5682 3017 5737 est;
3067 5667 3135 5727 co
3187 5672 3433 5743 egentior
3484 5679 3587 5725 est.
3648 5667 3788 5723 Vere
3840 5679 4002 5735 poeta
4034 5682 4056 5721 :

2469 5738 2684 5809 Semper
2707 5757 2901 5795 avarus
2933 5752 3064 5813 eget.
