4170 6452
160 407 264 470 393

1525 393 1809 455 ORATIO
1854 398 2044 457 XVII.

3324 393 3423 458 εθι

160 516 373 579 rat-erit,
414 513 617 582 inquit.
642 528 754 566 rere
778 511 926 564 liberi
952 511 1099 564 eritis
1137 510 1177 563 '.
1210 508 1345 563 Cum
1388 525 1517 580 ergo
1551 511 1676 579 quis
1706 524 1735 561 a
1768 514 1810 570 Α
1844 510 2007 564 sibilc
2051 517 2153 562 est.
2215 506 2463 563 Alii-ctus
2531 507 2675 561 enim
2733 508 2926 562 inorbo
2981 508 3249 579 quispiam
3282 549 3297 574 ,
3336 509 3426 577 qui

159 609 330 662 tribus
364 608 513 658 hisce
552 605 811 657 liberatus
842 605 1027 668 fuerit,
1063 611 1176 655 tum
1205 602 1422 656 demum
1447 644 1461 665 ,
1523 613 1579 655 ιιι
1622 603 1733 671 jam

158 699 525 757 Christianus,
559 706 612 750 et
639 697 843 751 Christi
874 712 1068 750 servus
1103 696 1330 750 eﬂ‘ectus
1359 735 1375 761 ,
1420 694 1654 765 psallere
1682 704 1736 749 et

159 809 313 848 orate
354 794 534 846 debet.
566 790 723 845 Certe
756 793 902 845 enim
938 790 1031 861 qtti
1072 799 1165 844 aut
1204 792 1272 843 ab
1303 790 1389 844 his
1448 790 1624 843 tribus
1654 799 1737 859 ty—

159 888 401 939 rannicis
431 883 835 946 alTeciionibus,
867 893 961 937 aut
992 883 1058 935 ab
1086 884 1277 936 harum
1326 883 1507 953 aliqua
1539 881 1733 949 subju-

158 990 315 1046 gatus
349 987 455 1039 est,
488 981 652 1031 etiam
686 978 948 1031 volensin
992 976 1301 1029 libertatem
1354 992 1412 1030 se
1454 976 1738 1030 vindicare

158 1072 365 1139 nequit.
400 1069 514 1124 Soli
545 1072 690 1123 enim
725 1070 815 1122 Dei
848 1069 1007 1131 Filio,
1040 1079 1205 1138 atque
1233 1068 1363 1139 Regi
1405 1067 1533 1123 Jesu
1576 1068 1738 1121 Chri-

156 1173 258 1226 sto,
292 1151 599 1216 seruulum
635 1171 962 1229 potes'atcm
1031 1178 1196 1230 quam
1240 1177 1270 1215 a
1309 1164 1466 1215 Patre
1521 1171 1741 1231 propter

158 1274 341 1311 neeem
378 1272 695 1325 perpessam
732 1256 964 1324 accepit.
1001 1257 1164 1310 istam
1199 1256 1404 1308 donare
1431 1254 1738 1307 libertatein

158 1364 480 1402 concessum
506 1358 611 1408 est,
636 1350 727 1416 qui
755 1359 875 1416 post
907 1347 1358 1401 resurrectionem
1386 1361 1540 1399 suam
1564 1344 1698 1398 dicit
1723 1359 1739 1398 :

159 1442 297 1494 Data
329 1451 407 1494 est
449 1442 576 1493 milii
611 1440 779 1493 omnis
825 1448 1054 1507 potestas
1083 1443 1136 1492 in
1168 1439 1295 1491 uelo
1334 1447 1382 1489 et
1434 1438 1485 1489 in
1516 1450 1658 1489 terra
1698 1436 1739 1487 ⁸.

159 1534 228 1586 Ad
263 1534 617 1587 liberatorem
647 1533 813 1600 igitur
850 1531 1320 1596 confugiendum,
1354 1544 1511 1597 quem
1567 1542 1742 1597 penes

158 1626 332 1678 solum
371 1634 457 1677 est
485 1625 587 1676 ista
626 1621 944 1674 auctoritas.
977 1618 1043 1673 Et
1091 1635 1158 1672 ne.
1198 1635 1229 1686 q
1258 1617 1328 1671 :id
1381 1619 1699 1671 omittamus
1726 1656 1741 1681 ,

160 1734 260 1783 quo
297 1718 368 1768 ab
401 1731 510 1767 eoa
540 1715 716 1769 tribus
751 1714 902 1766 hisce
937 1711 1191 1778 tyrannis
1224 1712 1276 1763 in
1312 1711 1620 1763 libertatem
1655 1722 1745 1761 as.

161 1822 433 1869 serantur,
467 1821 563 1872 pro
592 1820 654 1857 ea
691 1817 793 1857 nos
828 1801 1009 1854 inedia
1062 1815 1439 1863 maceremus,
1492 1806 1547 1851 ct
1604 1796 1744 1849 clee-

1840 603 1994 674 prius
2042 603 2181 658 bene
2230 603 2445 656 valebat
2474 642 2490 667 ,
2536 603 2605 657 de
2653 610 2799 656 statu
2845 618 2947 658 suo
3002 604 3053 656 in
3104 618 3214 673 quo
3255 620 3426 661 sanus

1841 706 1959 749 erat
1988 736 2002 757 ,
2050 695 2270 766 cogitat.
2310 696 2508 748 Verum
2543 695 2611 749 ab
2651 695 2767 765 ipsa
2796 698 3189 764 conceptione,
3225 697 3423 750 nedum

1842 786 1923 840 alr
1952 793 2072 837 ortu
2107 796 2160 838 et
2198 787 2345 840 exitu
2380 786 2433 839 in
2473 786 2672 847 lucem,
2713 796 2907 840 natura
2950 802 3112 857 niger,
3145 791 3425 858 quomodo

1839 877 1969 947 quid
2003 876 2072 931 sit
2101 879 2306 931 sanitas
2346 894 2507 933 nosse
2558 878 2776 946 possit?
2821 877 2925 945 Qui
2979 880 3142 933 etiam
3181 882 3247 936 de
3272 881 3424 936 sani.

1842 978 1953 1023 tate
1987 972 2222 1023 audiens
2252 1012 2265 1033 ,
2315 988 2422 1025 non
2451 971 2613 1025 modo
2646 971 2952 1026 doctrinam
2994 988 3104 1026 non
3154 975 3424 1044 complec-

1857 1070 2025 1119 tetur.
2065 1067 2158 1114 sed
2190 1071 2367 1129 ctpro
2401 1063 2558 1133 nugis
2605 1063 2798 1129 ducet,
2828 1080 2948 1134 qua!
2990 1064 3269 1131 dicuntur,
3306 1081 3427 1134 pro-

1842 1162 1965 1221 pter
2003 1168 2158 1205 suam
2192 1153 2631 1208 incredulitatem
2669 1156 2851 1207 omnia
2882 1155 3123 1224 ,jejunia
3174 1157 3385 1211 scilicet
3412 1198 3424 1217 .

1845 1246 2077 1313 ejusque
2108 1246 2341 1297 comites
2374 1261 2470 1314 pro
2515 1247 2929 1301 incredibilibus
2964 1248 3172 1303 habens
3200 1291 3215 1313 ,
3243 1259 3297 1303 et
3330 1264 3427 1319 pro

1842 1336 2079 1390 vinculis
2135 1337 2327 1391 ferreis
2385 1339 2451 1391 de
2503 1342 2740 1407 peccatis
2798 1350 2914 1393 tum
2976 1343 3255 1409 propriis,
3308 1350 3429 1395 tum

1851 1430 2082 1483 fratrum
2125 1430 2195 1483 do
2219 1446 2310 1483 ere
2336 1472 2351 1495 ,
2407 1439 2461 1485 et
2520 1432 2649 1486 ﬂere
2678 1448 2802 1487 cum
2853 1435 3148 1496 flentibus,
3183 1443 3239 1488 ut
3267 1437 3429 1488 etiam

1848 1518 2259 1595 gaudere-cum
2296 1524 2683 1591 gaudentibus.
2736 1524 2843 1578 Sed
2881 1529 2995 1581 haec
3031 1528 3214 1580 omnia
3245 1528 3387 1581 bona
3415 1566 3432 1589 ,

1848 1616 2219 1681 admirabilia,
2255 1628 2308 1670 ct
2356 1617 2517 1671 laude
2544 1617 2712 1685 digna
2772 1618 2826 1670 in
2861 1620 3091 1672 nihilum
3140 1620 3431 1679 recidunt.

1849 1710 1894 1763 si
1926 1710 1971 1762 is
2001 1747 2017 1769 ,
2046 1710 2137 1775 qui
2170 1723 2231 1760 ea
2265 1718 2638 1775 consectatur,
2672 1708 2763 1763 Dei
2813 1712 3271 1765 sanctiﬁcationis
3310 1727 3431 1781 par-

1850 1799 2020 1868 ticeps
2054 1815 2160 1853 non
2191 1800 2282 1852 liat
2328 1817 2340 1853 :
2380 1800 2484 1853 huc
2522 1802 2667 1854 enim
2715 1816 2823 1855 una
2875 1802 3107 1855 tendunt
3136 1804 3390 1857 universa
3416 1842 3430 1865 ,

162 1912 424 1969 mosynas
457 1897 881 1956 distribuamus,
913 1900 972 1947 ut
1002 1893 1183 1947 videat
1203 1906 1303 1945 nos
1353 1905 1553 1959 cupere
1584 1888 1751 1944 liber-
1782 1882 1827 1938 Β
1854 1893 1995 1948 sicut
2029 1894 2328 1961 Apostolus
2355 1894 2432 1946 ait
2462 1894 2480 1924 '
2519 1893 2586 1947 de
2620 1896 2687 1948 iis
2718 1911 2856 1963 quos
2889 1898 3029 1952 Deus
3068 1898 3288 1953 erudire
3312 1907 3430 1953 tan-

161 1998 362 2051 tatem,
416 1988 511 2055 qui
562 1988 676 2038 vult
735 1984 1195 2039 misericordiam.
1248 1982 1517 2036 Czeterum
1577 1991 1745 2053 parne

164 2076 433 2129 libertatis
461 2075 723 2128 indicium
766 2084 869 2136 est,
904 2073 1205 2143 perfectum
1249 2074 1431 2126 odimn
1486 2074 1744 2137 illorum;

165 2181 270 2222 uta
308 2183 543 2237 quorum
586 2166 896 2222 cervicibus
930 2164 1245 2233 hocjugum
1295 2165 1495 2219 servile
1555 2163 1748 2234 depul-

163 2276 279 2317 sum
320 2275 428 2325 est,
468 2262 580 2314 haec
640 2270 896 2327 tanquam
945 2269 1189 2313 monstra
1236 2258 1578 2323 fmdissima,
1627 2273 1749 2328 quae

166 2356 468 2409 secundum
503 2351 814 2405 Salomonis
845 2354 1280 2406 exsecrationem
1332 2366 1614 2420 nunquam
1645 2353 1747 2404 im-

164 2448 297 2517 plrri
331 2457 536 2515 queant
567 2446 587 2477 '
614 2482 629 2507 ,
681 2446 1019 2498 detestentur
1065 2444 1253 2498 etiam.
1310 2442 1501 2512 Itaque
1544 2443 1745 2497 bonum

164 2550 245 2592 est
278 2540 526 2608 psallere
561 2536 694 2599 Deo,
732 2551 911 2600 orare,
940 2534 1212 2604 ieiunare.
1242 2536 1489 2601 vigilare,
1533 2536 1750 2590 miseri-

166 2636 413 2687 cordiam
452 2648 731 2692 exercere,
769 2643 823 2685 et
870 2642 1091 2700 propter
1119 2628 1396 2682 Christum
1428 2642 1608 2699 cgere.
1644 2626 1750 2680 Bo-

171 2741 296 2778 num
339 2740 398 2779 se
445 2724 735 2778 humiliare
769 2740 783 2775 :
827 2721 920 2776 sed
959 2721 1208 2774 videmus
1244 2719 1297 2772 in
1339 2719 1425 2773 his
1454 2758 1468 2782 ,
1506 2717 1706 2773 fratres
1731 2758 1747 2785 ,

168 2821 375 2873 multos
412 2817 466 2870 iu
501 2830 732 2870 vacuum
768 2821 857 2867 aut
883 2812 1219 2877 cucurrisse,
1255 2822 1349 2863 aut
1396 2825 1661 2875 currere,
1695 2818 1749 2864 et

168 2912 422 2964 laborare
454 2907 749 2961 inutiliter.
773 2904 953 2959 Causa
984 2914 1171 2971 aperta
1200 2911 1301 2955 est.
1336 2902 1550 2955 Etenim
1584 2900 1750 2970 quid-

170 3004 296 3071 quid
338 3003 543 3068 agitur,
571 3007 794 3068 propter
824 2997 1031 3066 aliquid
1066 2998 1268 3065 agitur.
1294 2994 1434 3060 Quia
1477 3008 1608 3048 vero
1636 3001 1747 3047 tota

171 3106 369 3148 natura
405 3093 693 3146 hominum
744 3097 867 3159 post
916 3088 1424 3157 praevaricationem
1478 3086 1747 3156 corrupti-

170 3185 293 3241 bilis
335 3193 389 3238 ct
440 3182 693 3236 mortalis
721 3196 845 3236 esse
883 3179 1073 3249 cmpit,
1104 3187 1270 3247 atque
1323 3177 1529 3232 idcirco
1572 3178 1747 3231 imbe-

174 3276 296 3328 cilla
324 3284 379 3329 et
406 3286 746 3334 :rrumnosa,
782 3270 1137 3338 omniumque
1171 3267 1427 3321 vitiorum
1478 3277 1533 3321 et
1563 3266 1748 3321 stulti-
1775 3238 1819 3297 δ

174 3368 259 3421 tia:
288 3382 506 3436 capax,
534 3379 773 3433 quonam
826 3373 985 3431 pacto
1036 3363 1153 3430 ipsa
1200 3376 1323 3416 sese
1376 3376 1403 3413 a
1453 3360 1748 3429 semetipsa

175 3459 530 3515 liberaverit?
560 3458 845 3523 Quomodo
874 3470 1006 3523 ergo
1036 3452 1400 3507 liberabitur?
1435 3451 1489 3505 Si
1521 3451 1750 3519 jejunia,

178 3556 406 3624 vigilias.
439 3552 786 3623 precationes
828 3547 1217 3616 frequentarii,
1266 3556 1316 3600 ct
1353 3546 1655 3608 lahorarit,
1698 3552 1754 3597 et

175 3647 467 3702 facultates
509 3659 639 3699 suas
669 3643 999 3712 pauperibus
1035 3640 1381 3693 distribuerit
1414 3678 1427 3702 ,
1461 3646 1522 3690 ut
1558 3654 1585 3689 a
1634 3654 1755 3690 cor-

174 3750 329 3809 rupta
364 3739 653 3791 voluntate
682 3735 955 3789 dit-iniore
983 3734 1186 3786 virtute
1239 3731 1503 3785 liberetur
1527 3771 1541 3793 ,
1580 3730 1647 3783 ab
1688 3744 1755 3782 eo

174 3836 267 3903 qui
304 3835 458 3887 solus
485 3831 702 3892 liberat,
733 3837 786 3881 et
817 3827 911 3895 qui
940 3826 1087 3879 venit
1109 3825 1299 3878 tollere
1327 3832 1545 3891 peccata
1566 3822 1755 3875 mundi

176 3923 330 3979 Jesus
360 3922 620 3977 Christus
659 3928 715 3972 et
753 3918 917 3972 Deus.
963 3914 1066 3981 Qui
1121 3915 1192 3969 ob
1225 3914 1367 3967 hanc.
1401 3928 1619 3967 causam
1674 3914 1757 3981 je-

174 4018 349 4087 junat,
383 4015 604 4085 vigilat,
634 4013 851 4080 aliaque
886 4008 1040 4072 facit,
1074 4016 1131 4061 et
1162 4008 1395 4070 laborat,
1430 4006 1633 4073 Optatis
1663 4020 1758 4073 po-

178 4109 361 4167 tietur,
390 4113 447 4159 et
484 4109 801 4171 cognoscet.
832 4105 886 4152 et
922 4098 1127 4167 gratias
1150 4104 1272 4164 aget
1299 4134 1315 4160 ο
1350 4103 1404 4147 et
1451 4094 1757 4146 Immitiabi-

180 4212 265 4253 tur
289 4200 384 4253 sub
408 4198 615 4264 potenti
640 4209 803 4246 manu
830 4192 924 4245 Dei
948 4192 991 4247 ⁸.
1012 4190 1115 4256 Qui
1143 4197 1319 4243 autem
1342 4188 1393 4241 in
1419 4190 1525 4241 vita
1550 4188 1756 4257 agenda

180 4295 325 4347 hutic
354 4304 589 4358 scopum
620 4286 726 4341 sibi
760 4286 1105 4354 pr0positnm
1141 4294 1250 4334 non
1276 4278 1460 4339 habet,
1481 4278 1756 4331 incassum

181 4383 475 4445 laborabit,
513 4379 812 4446 infelixque
843 4386 897 4429 et
924 4379 1093 4427 miser
1121 4370 1469 4426 Christianus
1503 4371 1569 4424 ad
1606 4369 1760 4423 futu-

183 4492 299 4529 rum
336 4472 607 4528 sa-cnlum
635 4467 1061 4521 transmittetnr.

1849 2001 2015 2055 quam
2055 1987 2195 2040 Iilios
2251 1986 2534 2056 dignatur,
2561 1988 2821 2054 quoniam
2870 1990 3049 2043 erudit
3086 1990 3153 2043 ad
3200 1990 3253 2045 id
3286 1991 3432 2061 quod

1850 2078 1982 2130 utile
2032 2084 2157 2138 est,
2211 2077 2265 2130 in
2356 2062 2671 2148 recipiendo
2743 2080 3235 2136 sanetificationem
3288 2086 3431 2153 ejus.

1849 2167 2004 2234 Quod
2037 2169 2141 2223 nisi
2177 2168 2269 2222 ﬁat
2296 2211 2310 2232 ,
2348 2168 2526 2224 inanis
2556 2170 2732 2234 labor,
2762 2170 2941 2226 inanis
2977 2171 3133 2228 ﬁdes.
3187 2173 3430 2229 Primum

1849 2261 2014 2330 igitur
2048 2276 2223 2331 neque
2258 2262 2375 2315 rinc
2408 2261 2609 2316 virtute
2632 2259 2762 2317 Iesu
2788 2303 2801 2323 ,
2839 2274 2894 2317 et
2926 2265 3017 2317 Dei
3049 2267 3164 2335 ipsa
3196 2265 3432 2334 legitime

1850 2369 2107 2407 exercere
2161 2355 2341 2423 possis
2378 2372 2391 2407 :
2433 2362 2487 2408 et
2534 2370 2643 2409 non
2678 2365 2999 2420 coronatur,
3030 2359 3123 2427 qui
3157 2372 3265 2412 non
3301 2358 3432 2430 logi-

1851 2444 1982 2497 time
2012 2453 2207 2497 certat.
2240 2440 2347 2499 Lex
2400 2461 2566 2515 porro
2593 2446 2649 2503 in
2686 2448 2769 2502 his
2830 2463 2935 2501 una
2963 2488 2978 2511 ,
3028 2458 3085 2503 ut
3111 2450 3325 2507 occulte
3378 2461 3435 2522 et

1849 2536 2167 2591 cautissime
2218 2538 2347 2592 fiant
2375 2577 2390 2602 ,
2422 2553 2608 2593 coram
2652 2539 2827 2595 oculis
2872 2541 3045 2596 solius
3094 2542 3229 2606 Dei,
3262 2559 3435 2614 usque

1855 2629 1993 2685 adeo
2043 2631 2352 2700 diiigi'nter,
2399 2640 2454 2686 ut
2512 2648 2690 2703 neque
2740 2634 2959 2689 sinistra
3010 2646 3198 2691 nostra
3230 2653 3435 2708 cogito.-

1849 2733 1966 2776 sca'.
1995 2763 2008 2784 ,
2047 2724 2174 2792 quid
2208 2724 2433 2777 dextera
2491 2724 2674 2779 faciat.
2708 2726 2841 2792 Quae
2875 2738 3053 2781 autem
3104 2728 3352 2792 sinistra,
3383 2742 3437 2795 et

1850 2828 1971 2882 qua:
1999 2813 2266 2866 dextera?
2306 2813 2534 2867 Dextera
2564 2826 2668 2879 εει,
2694 2831 2813 2882 qua:
2846 2815 3125 2871 Christum
3158 2818 3433 2881 dicentem

1850 2902 2003 2956 audit
2060 2920 2074 2957 :
2122 2903 2255 2957 Cum
2306 2906 2484 2957 omnia
2531 2905 2797 2973 feceritis,
2864 2907 3054 2974 dicite,
3104 2910 3229 2979 quia
3302 2913 3438 2977 serti

1848 2996 2061 3049 inutiles
2116 3012 2336 3058 sumus,
2398 2998 2649 3065 quoniam
2710 2999 2849 3066 quod
2903 3000 3076 3067 facere
3149 3001 3435 3073 debemus,

1849 3088 2065 3157 fecimus
2089 3089 2131 3138 ⁸.
2168 3087 2271 3140 Sed
2300 3090 2445 3141 enim
2471 3129 2486 3151 ,
2524 3089 2648 3158 quis
2678 3090 2765 3144 ille
2797 3093 2887 3159 qui
2920 3092 3105 3147 omnia
3142 3093 3291 3161 fecit,
3315 3111 3437 3165 quae

1852 3181 2033 3235 facere
2059 3181 2263 3236 debet?
2321 3183 2476 3248 Quod
2514 3184 2559 3237 si
2591 3188 2717 3252 quis
2753 3191 2846 3237 aut
2877 3187 3060 3239 omnia
3091 3225 3106 3249 ,
3152 3194 3247 3239 aut
3291 3201 3438 3247 non-

1854 3275 2001 3329 nulla
2061 3275 2355 3345 aliquando
2412 3274 2539 3328 fecit
2565 3315 2579 3338 ,
2611 3277 2736 3344 quis
2785 3276 2889 3330 hoc
2940 3278 3117 3346 potuit
3145 3317 3159 3341 ,
3196 3288 3252 3330 ut
3284 3278 3436 3347 prius

1855 3368 2137 3439 mysticam
2196 3369 2396 3422 Christi
2448 3369 2702 3422 virtutem
2760 3384 2868 3423 non
2924 3371 3281 3438 susceperit?
3337 3371 3434 3440 Sin

1855 3472 2032 3518 autem
2089 3460 2208 3515 sine
2255 3460 2472 3515 Christo
2503 3459 2629 3514 fecit
2652 3504 2666 3525 ,
2695 3477 2775 3515 vae
2820 3460 2922 3528 ipsi
2951 3505 2966 3527 ,
2999 3473 3051 3515 ct
3088 3464 3242 3533 operi
3294 3464 3432 3534 eius,

1858 3553 2206 3607 Sinistraest
2237 3594 2250 3616 ,
2285 3568 2406 3604 cum
2458 3552 2584 3621 quis
2635 3552 2815 3605 ofﬁcio
2870 3554 3093 3608 functus
3120 3594 3135 3618 ,
3169 3555 3432 3619 honorem

1856 3646 1960 3701 sibi
2004 3663 2031 3699 a
2081 3646 2190 3700 Deo
2231 3645 2414 3698 deberi
2468 3646 2760 3698 existimat.
2821 3644 2970 3700 Talis
3038 3656 3161 3716 post
3223 3656 3434 3715 tantum

1857 3746 2136 3791 certamen
2168 3777 2182 3801 ,
2214 3747 2267 3790 et
2294 3736 2532 3788 laborem
2564 3751 2627 3789 ac
2660 3736 3107 3806 defatigationem
3149 3755 3431 3808 nunquam

1856 3829 2056 3883 Christi
2111 3827 2545 3882 sanctiﬁcatione
2614 3827 2980 3895 impcrtietur.
3050 3829 3115 3883 Et
3174 3845 3253 3884 va:
3309 3832 3433 3902 illi,

1857 3931 2146 3991 postquam
2181 3935 2248 3974 ex
2290 3919 2392 3972 hac
2423 3924 2543 3972 luce
2576 3919 2911 3989 migraverit.
2974 3920 3039 3976 Et
3063 3938 3184 3991 quas
3217 3925 3433 3983 tandem

1859 4013 2190 4082 receptionis
2218 4012 2400 4066 nunc?
2429 4012 2594 4083 quae?
2623 4010 2740 4067 Non
2777 4014 2941 4069 irasci
2971 4055 2986 4077 ,
3021 4017 3284 4071 mundum
3313 4034 3435 4073 esse

1860 4114 1887 4151 a
1928 4101 2223 4164 sordibus,
2269 4116 2408 4169 quas
2459 4114 2612 4151 amor
2654 4100 2881 4169 impurae
2919 4104 3217 4173 voldptatis
3261 4113 3436 4159 crc'at.

1858 4187 1990 4243 Item
2020 4189 2399 4252 mansuetudo,
2437 4198 2490 4242 ct
2517 4188 2827 4244 ﬁrmissima
2854 4191 3051 4246 horum
3079 4193 3227 4247 basis
3259 4192 3442 4247 humi—

1860 4282 2025 4346 litas,
2079 4284 2345 4333 malorum
2404 4282 2696 4335 tolerantia
2759 4292 2813 4337 et
2867 4284 3247 4352 compassione
3326 4300 3437 4341 non

1867 4384 2026 4425 secus
2054 4383 2218 4439 quam
2263 4370 2454 4423 ferreis
2491 4371 2621 4423 fulta
2655 4372 2974 4426 tibicinibus
3011 4372 3190 4430 ferens
3216 4375 3443 4432 dextera

1863 4462 2082 4531 globum
2131 4476 2357 4513 aureum
2384 4500 2399 4524 ,
2450 4461 2727 4515 lucentem
2762 4472 2817 4515 et
2847 4477 3138 4518 coruscam
3167 4504 3181 4530 ,
3225 4467 3442 4537 simpli-

251 4568 670 4637 Intelligendum
699 4572 783 4618 est
806 4572 1008 4626 autem,
1037 4575 1252 4615 onmem
1281 4575 1502 4629 cperant
1530 4559 1756 4623 diaboli,
1794 4586 1836 4639 Β
1864 4567 2007 4611 cem.
2044 4551 2449 4603 inullaculatam
2484 4553 2604 4620 (per
2635 4551 2832 4605 bonam
2865 4560 2991 4621 puta
3022 4555 3441 4625 conscientiam)

184 4662 609 4723 dremonumqne
656 4661 922 4708 adversus
951 4654 1294 4707 Christianos
1341 4653 1395 4704 in
1440 4651 1545 4705 hoc
1590 4652 1760 4703 εοιιο-

184 4755 333 4813 cari,
396 4760 457 4801 ut
510 4751 654 4799 hanc
702 4742 1064 4814 ignorantiam
1118 4756 1212 4811 per
1251 4743 1495 4794 omnium
1552 4749 1762 4793 mentes

183 4843 520 4896 dtflnntlant.
576 4842 755 4908 Atque
800 4840 872 4890 ob
912 4849 1031 4888 cam
1064 4849 1177 4887 rem
1208 4833 1479 4887 daniones
1525 4832 1591 4883 ad
1624 4830 1766 4899 jeju-

186 4938 293 4996 nia.
318 4935 560 5003 vgilias,
595 4932 746 4983 humi
766 4929 1112 4987 cubationes,
1143 4937 1199 4980 et
1230 4937 1446 4989 caetera,
1477 4939 1598 4993 qua:
1619 4924 1764 4975 dit-ta

187 5039 340 5091 sunt,
367 5039 609 5078 asreuca
648 5022 1008 5074 administros
1035 5034 1094 5073 se
1134 5020 1402 5087 prtebent,
1458 5029 1517 5069 ut
1556 5015 1650 5085 qui
1702 5028 1762 5069 se

187 5117 430 5187 afﬂigunt
451 5153 468 5176 ,
501 5127 712 5166 cumse
742 5122 886 5164 recte
926 5109 1121 5163 fecisse
1163 5106 1509 5177 putaverint,
1541 5104 1763 5157 minime

189 5221 246 5259 se
293 5225 320 5257 a
358 5203 492 5258 Jcsu
550 5211 776 5255 curatos
827 5200 1125 5253 inveniant.
1192 5197 1302 5251 Lex
1351 5198 1496 5251 enim
1548 5196 1764 5249 Christo

192 5300 366 5365 posita
396 5307 484 5348 cst
515 5292 842 5347 inviolabilis
867 5331 883 5358 ,
910 5305 978 5345 ne
1024 5303 1354 5359 quemquam
1398 5288 1767 5358 perturbatio-

190 5404 307 5452 nes,
330 5398 378 5441 cl
420 5388 649 5440 morbos
677 5400 829 5449 suos,
858 5397 1159 5452 eorumque
1186 5381 1481 5445 medicum,
1510 5388 1565 5435 et
1592 5380 1767 5449 ipsam

193 5480 537 5532 sanationem
573 5478 915 5545 ignorantem
950 5489 1147 5528 curare
1179 5473 1350 5543 possit
1381 5490 1395 5526 :
1441 5486 1605 5540 quam
1640 5470 1765 5540 qui-

194 5571 313 5625 dein
344 5576 580 5641 primum
614 5570 846 5637 apostoli
871 5608 885 5629 ,
912 5579 1034 5637 post
1061 5582 1252 5621 eorum
1282 5566 1533 5635 discipuli
1564 5565 1764 5619 docue-

198 5671 345 5716 runt.
372 5660 541 5729 Atqui
575 5672 684 5713 non
717 5657 929 5723 doceri,
958 5666 1013 5711 et
1040 5672 1204 5711 nosse
1236 5657 1525 5711 sanitatem
1562 5656 1765 5723 impos-

266 5776 288 5806 ³
326 5775 462 5829 ibid.
493 5774 587 5829 56.
664 5773 686 5802 ⁵
713 5770 903 5825 Matth.
935 5785 1127 5833 xxviii,
1166 5768 1247 5822 IS.

197 5846 283 5899 10.
359 5848 379 5876 ’
409 5845 547 5901 Gen.
580 5857 672 5903 xv,
710 5842 764 5894 6.

559 5940 833 5999 Partum.
863 5940 978 5999 Gn.
1022 5936 1206 6001 CXX.

1323 5769 1345 5799 '
1376 5769 1535 5823 Prov.
1568 5781 1741 5833 uvu,
1779 5765 1870 5821 20.

1862 4657 2089 4711 quinque
2121 4656 2399 4708 nunquam
2437 4642 2640 4695 excidit
2667 4682 2682 4706 ,
2721 4643 3008 4711 benignam
3052 4645 3382 4700 charitatem
3427 4663 3441 4699 :

1863 4734 2085 4788 sinistra
2112 4741 2292 4785 autem
2329 4734 2510 4796 fidem,
2546 4742 2603 4786 ut
2636 4747 2786 4786 arma
2814 4737 3170 4790 solidissima.
3204 4736 3444 4792 Credidit

1863 4827 2009 4879 enim
2056 4824 2159 4877 Deo
2182 4826 2301 4878 sine
2333 4825 2677 4879 dubitatione
2701 4865 2717 4889 ,
2759 4835 2809 4879 et
2834 4838 3134 4894 reputatum
3177 4839 3253 4882 est
3300 4832 3347 4883 ei
3375 4832 3444 4883 ad

1866 4916 2176 4980 iustitiam’
2206 4933 2227 4971 :
2283 4918 2486 4987 alioqui
2538 4919 2722 4971 omnia
2772 4920 2934 4974 faciet
2982 4921 3172 4976 volt-ns
3209 4923 3404 4977 nolens
3429 4968 3442 4982 .

1871 5017 1929 5060 ut
1962 5008 2299 5076 gloriﬁcetur
2330 5014 2399 5062 ab
2434 5010 2774 5069 hominibus.
2828 5011 2946 5066 Non
2977 5014 3123 5067 enim
3158 5018 3249 5069 ubi
3282 5016 3445 5069 Chri-

1871 5114 2012 5165 ειυς,
2048 5101 2159 5155 illic
2205 5102 2528 5167 daemones;
2582 5103 2674 5156 ubi
2726 5111 2909 5158 autem
2958 5106 3234 5162 daemones
3261 5146 3279 5171 ,
3311 5109 3384 5163 ibi
3416 5128 3443 5159 a

1869 5191 2149 5245 curriculo
2191 5204 2354 5245 recte
2404 5191 2637 5247 rationis
2666 5189 2995 5250 deﬂectitur.
3032 5191 3168 5247 Nam
3225 5206 3284 5249 ut
3322 5212 3445 5250 ves-

1873 5282 2193 5353 pertiliones
2226 5293 2390 5337 noctu
2419 5284 2853 5348 circumvolant,
2892 5294 2951 5339 et
2983 5296 3290 5354 pascuntur
3318 5303 3335 5341 :
3368 5289 3443 5341 ita

1871 5374 2038 5429 etiam
2064 5377 2341 5429 daemones
2393 5388 2518 5429 cum
2558 5376 2808 5445 principe
2846 5391 2971 5440 suo,
3000 5385 3209 5434 naturae
3237 5378 3444 5432 intelli-

1872 5478 2105 5537 gentes,
2163 5467 2471 5535 solutaque
2527 5481 2591 5522 ac
2645 5468 2830 5523 libere
2886 5468 2942 5524 in
2999 5470 3108 5522 vita
3161 5470 3442 5524 hominum

1870 5560 2070 5615 misera
2100 5575 2164 5614 ac
2198 5561 2442 5629 perdita,
2473 5560 2625 5614 velut
2657 5570 2823 5616 noctu
2854 5569 3033 5619 terras
3068 5572 3235 5633 atque
3267 5562 3444 5617 aerias

1873 5654 2123 5724 regiones
2156 5653 2556 5722 perambulant.

1950 5767 1969 5797 ⁸
2010 5765 2153 5820 Petr.
2197 5782 2247 5831 ν,
2282 5765 2335 5818 6.

2414 5767 2433 5796 ’
2460 5766 2501 5822 il
2528 5765 2669 5823 Tim.
2706 5782 2767 5833 tt,
2804 5770 2828 5821 1
2866 5783 3023 5838 seqq.
3097 5768 3119 5800 ⁸
3147 5768 3269 5821 Ιδιιο
3310 5784 3417 5835 vvr;

3016 5931 3084 5993 13
