4170 6452
730 408 840 469 395

1967 412 2353 471 SYMEUNIS
2403 413 2777 472 JUNIURIS

3889 420 3998 487 396

809 519 1234 576 Sit‘mntutlinem
1266 522 1539 589 quiSpiatu
1575 538 1639 577 ex
1681 533 1865 575 nostra
1916 535 2094 577 mente
2127 524 2311 577 ducat.
2343 527 2389 583 Α
2421 525 2583 580 rebus
2616 528 3017 591 contendimus,
3050 542 3099 580 et
3127 530 3431 596 jurgamur,
3458 529 3714 584 adhibere
3738 533 3994 585 solemus.

733 615 866 677 Qua:
918 614 1062 665 enim
1122 615 1237 666 haec
1275 612 1573 681 aliquando
1630 616 1904 681 cognovit,
1960 616 2312 684 quantumvis

740 704 899 770 ionge
928 705 1103 772 posita
1134 742 1148 765 ,
1180 714 1457 756 momento
1491 718 1553 755 ac
1589 713 1788 769 puncto
1820 706 2081 773 temporis
2124 719 2316 772 perva-

733 802 834 856 dit.
893 798 1055 864 idque
1101 795 1278 847 adhuc
1328 795 1573 862 corporis
1624 795 1707 848 sui
1735 796 2026 849 constricta
2061 795 2311 848 vinculis.

734 890 875 944 lline
929 904 1035 940 non
1084 898 1165 940 est
1196 894 1504 955 promptum
1548 903 1675 939 vero
1702 886 2017 940 CltriSIiano
2068 889 2311 939 animum

733 998 952 1037 sursum
1009 980 1077 1033 ad
1128 980 1332 1041 Deum,
1392 978 1815 1045 divinorumque
1876 980 2311 1047 perspicientiam

732 1078 973 1144 erigere,
1011 1084 1170 1140 atque
1196 1069 1524 1131 sustollere,
1559 1080 1613 1123 et
1640 1086 1765 1123 cum
1805 1070 1895 1122 ilio
1927 1085 2142 1126 summo
2173 1072 2314 1123 bono

733 1165 991 1233 colloqui,
1025 1171 1077 1218 et
1113 1177 1208 1231 per
1236 1148 1617 1215 sanctissimas
1653 1164 1907 1215 notiones
1944 1164 2053 1213 illic
2086 1163 2314 1214 circum-

735 1259 839 1313 fusi
888 1256 1113 1310 luminis
1164 1254 1485 1324 participem
1533 1254 1647 1307 fieri
1680 1296 1694 1320 ,
1723 1256 1826 1309 nisi
1880 1263 2005 1308 ante
2043 1270 2070 1307 a
2109 1254 2312 1323 Spiritu

733 1359 925 1405 sancto
963 1349 1112 1402 velut
1151 1348 1333 1416 sigillo
1372 1348 1666 1415 insignitus
1699 1349 1792 1400 sit.
1847 1347 1986 1399 Cum
2019 1348 2163 1401 enim
2201 1348 2317 1400 dia-

735 1432 895 1497 bolus
941 1456 1059 1493 eam
1112 1439 1295 1493 divina
1324 1438 1496 1505 gratia
1530 1438 1842 1492 destitutam
1872 1479 1885 1502 ,
1920 1454 2101 1493 aerem
2156 1443 2318 1494 modo

735 1533 973 1604 quodam
1022 1531 1292 1601 spirituali
1328 1531 1657 1584 concitatam
1690 1542 1975 1598 penetrare
2005 1574 2017 1595 ,
2052 1543 2103 1585 et
2147 1532 2314 1585 lit-um

734 1627 1041 1694 concipere,
1076 1637 1413 1691 suorumque
1443 1633 1748 1677 eri-atorum
1790 1624 2068 1677 recordari
2100 1625 2317 1692 vident,

735 1716 998 1769 audacter
1030 1717 1173 1767 viam
1219 1714 1537 1768 custodiens
1566 1756 1578 1779 ,
1617 1715 2020 1781 quodaunnodo
2073 1716 2267 1768 clamat
2298 1758 2313 1779 ,

735 1807 857 1873 Quo
892 1807 1077 1860 infelix
1114 1821 1210 1874 per
1243 1820 1423 1857 meum
1460 1804 1745 1873 imperium
1775 1805 1997 1874 pergis?
2031 1806 2138 1873 ligo
2172 1809 2318 1874 prin-

734 1916 866 1969 Ct'pS
907 1898 1277 1952 tenebrarum.
1314 1894 1426 1964 Ego
1450 1910 1641 1949 eorum
1672 1898 1765 1965 qui
1802 1898 2063 1949 mumltnn
2102 1899 2321 1964 sapiunt

734 1994 993 2060 princeps
1032 1989 1342 2058 appellatus
1368 2002 1512 2041 sum.
1552 1989 1665 2056 ligo
1696 1990 1937 2057 corrupti
1969 1988 2112 2041 aeris
2141 1987 2321 2041 Domi»

736 2101 843 2139 nus
876 2092 929 2137 ct
981 2083 1189 2135 arbiter
1224 2080 1481 2132 Satanas.
1543 2078 1795 2132 Nondum
1840 2094 1869 2131 e
1905 2088 2168 2147 potestate
2199 2092 2319 2131 mea

738 2176 1004 2229 translata
1066 2190 1126 2227 es
1198 2174 1283 2242 (ut
1330 2172 1505 2241 inquit
1532 2172 1828 2240 Apostolus
1857 2171 1900 2201 ³⁸
1933 2172 1998 2224 de
2040 2171 2144 2233 his,
2181 2186 2320 2239 quos

743 2267 1001 2321 Christus
1037 2265 1321 2318 transtulit
1351 2264 1417 2317 de
1444 2274 1714 2333 potestate
1765 2267 1981 2317 Salaria:
2008 2264 2074 2315 ad
2106 2263 2318 2332 Deum.)

735 2357 931 2410 Adhuc
954 2354 1144 2408 ditioni
1178 2370 1310 2407 more
1334 2353 1601 2422 subjecta,
1631 2370 1750 2422 quae
1777 2370 1892 2406 mea
1927 2362 2052 2406 sunt
2086 2353 2317 2421 respice.

738 2450 853 2502 Elea
882 2457 966 2503 est
992 2448 1134 2500 enim
1166 2448 1425 2499 salacitas
1448 2489 1460 2511 ,
1500 2447 1829 2506 insolentia,
1876 2446 2142 2510 injustitia
2171 2488 2183 2509 ,
2217 2445 2319 2498 im-

736 2543 1005 2609 probitas,
1035 2555 1157 2606 quze
1193 2549 1246 2593 te
1275 2550 1431 2593 antea
1460 2578 1473 2601 ,
1509 2548 1568 2592 ut
1626 2540 1918 2591 admodum
1957 2538 2099 2591 bona
2136 2539 2319 2593 docui.

746 2634 983 2694 Vidisti,
1018 2634 1252 2701 gustasti
1284 2673 1297 2695 ,
1338 2634 1603 2685 delectata
1631 2646 1710 2695 cs,
1766 2647 1925 2684 mane
1983 2633 2149 2685 infra.
2197 2633 2321 2685 ldeo

736 2725 1001 2793 scriptum
1037 2730 1122 2776 est
1152 2739 1166 2777 :
1200 2721 1263 2774 Et
1291 2738 1438 2774 nemo
1468 2731 1636 2788 potest
1667 2721 2123 2787 dicere,00mittus
2141 2720 2318 2786 Iesus,

737 2815 843 2870 nisi
867 2815 919 2866 itt
948 2812 1153 2878 Spiritu
1184 2821 1366 2864 sitm-to
1400 2813 1464 2864 ¹¹.

811 2906 929 2961 Νοιι
988 2920 1120 2973 ergo
1167 2904 1335 2957 ullum
1382 2903 1756 2957 Christianum
1808 2906 1873 2959 ad
1919 2907 2275 2974 psalmodiam
2305 2947 2317 2969 ,

737 2999 1068 3066 divinosque
1128 2997 1364 3066 hymnos
1414 2996 1786 3051 eoncinendus
1839 3008 2020 3051 astare
2063 3007 2318 3068 oportet,

737 3091 831 3157 q’ti
861 3090 1013 3157 prius
1048 3104 1077 3141 a
1103 3098 1294 3142 sancto
1343 3088 1547 3156 Spiritu
1580 3097 1817 3142 mentem
1862 3091 2172 3159 insignitum
2214 3106 2318 3144 non

739 3182 1037 3246 habuerit;
1075 3196 1141 3235 ne
1168 3194 1351 3233 coram
1388 3177 1503 3232 Deo
1525 3191 1735 3245 astans,
1768 3197 1887 3248 quae
1924 3180 2138 3235 Satante
2172 3191 2318 3243 sunt,

738 3282 801 3327 ut
832 3273 1084 3327 minister
1120 3272 1242 3341 ejus
1271 3311 1285 3335 ,
1309 3271 1539 3339 operari
1587 3271 1925 3338 intelligatur
1959 3288 1971 3323 :
2024 3280 2078 3324 et
2125 3287 2187 3324 ex
2223 3271 2325 3325 hac

739 3382 905 3421 causa
934 3366 1190 3420 sordibus
1242 3362 1599 3432 inquinatior,
1638 3363 1904 3430 tnaIiSque
1958 3366 2051 3415 irae
2076 3404 2089 3427 ,
2118 3374 2171 3416 et
2204 3380 2325 3417 cat--

738 3458 881 3512 nalis
924 3455 1244 3527 cupiditatis
1298 3454 1510 3518 dirius,
1544 3460 1599 3506 et
1635 3452 1860 3507 suavius
1900 3454 2140 3522 repletus
2191 3452 2324 3506 sub-

736 3559 1006 3605 vertatur.
1057 3548 1163 3614 Qui
1198 3561 1437 3615 namque
1484 3546 1539 3598 in
1591 3544 1867 3598 officinam
1900 3545 2325 3598 medicamenta-

738 3645 879 3698 riam
936 3644 1259 3711 ingressus,
1314 3637 1541 3691 vulnera
1602 3636 1844 3689 vibicum
1907 3636 2171 3689 immitius
2221 3636 2325 3689 sibi

739 3733 1053 3790 refricuerit
1081 3770 1097 3795 ,
1137 3728 1436 3799 praestabat
1494 3727 1640 3780 hunc
1670 3742 1736 3780 eo
1789 3742 2065 3795 nunquam
2123 3730 2328 3795 ingres-

742 3839 888 3878 sum.
932 3822 1099 3874 Multo
1161 3820 1327 3888 igitur
1378 3816 1584 3880 studio,
1628 3819 2095 3887 accurationeque
2140 3819 2328 3887 cujus-

741 3929 848 3986 que
881 3911 1183 3967 Christiani
1230 3925 1384 3964 mens
1434 3908 1757 3978 corrigenda
1791 3919 1874 3962 est
1914 3911 2085 3978 prius,
2120 3926 2187 3963 ne
2223 3912 2327 3964 hoc

744 4008 868 4076 ipso
900 4005 993 4058 flat
1019 4004 1288 4068 deterior,
1318 4001 1462 4071 quod
1514 4011 1640 4053 ante
1675 4003 2068 4054 correctionem
2102 4002 2285 4071 psallit
2309 4042 2325 4067 ,

743 4100 1085 4169 hymnosque
1141 4110 1205 4147 ae
1257 4108 1447 4164 preces
1470 4092 1749 4162 persolvit.
1795 4092 1912 4147 Non
1960 4095 2102 4148 enim
2152 4106 2327 4163 potest

742 4189 994 4256 impurus
1048 4186 1267 4241 animus
1318 4194 1499 4240 astare
1542 4184 1673 4249 Deo,
1710 4189 2066 4254 quantumvis
2126 4204 2326 4259 corpus

743 4286 885 4334 astet
940 4296 953 4333 :
1006 4279 1133 4348 quia
1200 4293 1308 4332 non
1393 4277 1511 4346 ipse
1570 4279 1992 4346 unusquisque,
2047 4280 2139 4333 sed
2208 4297 2329 4350 qua:

742 4386 1193 4440 unumquemque
1244 4368 1543 4424 obumbrat
1599 4368 1804 4423 Christi
1846 4372 2060 4439 gratia,
2093 4388 2155 4426 ea
2201 4383 2324 4439 est,

745 4479 866 4532 qua:
908 4461 1078 4517 Deum
1112 4460 1393 4516 benedicit
1417 4499 1433 4526 ,
1463 4468 1518 4515 et
1540 4460 1593 4514 in
1624 4462 1745 4529 ipso
1779 4460 1994 4524 laudat,
2030 4473 2083 4516 et
2128 4472 2328 4533 myste-

2417 617 2555 672 llinc
2591 622 2938 688 perspicitur,
2975 638 3083 690 quo
3137 634 3291 690 pacto
3331 624 3580 677 diabolus
3629 633 3860 677 mentem
3902 627 4003 680 hoc

2420 717 2529 759 tam
2593 709 2743 774 gravi
2799 710 2939 760 tnalo
2980 710 3203 762 involuti
3260 712 3654 766 circumducat.
3712 712 3774 764 Et
3827 717 4004 766 omnis

2418 797 2687 850 medicina
2722 800 3021 868 spiritualis
3047 840 3060 863 ,
3092 804 3413 871 curatioque
3446 806 3770 872 experienda
3804 816 3911 869 est,
3951 817 4004 859 ut

2420 891 2661 943 medicus
2694 892 3039 957 animorum,
3076 906 3127 947 et
3152 911 3439 963 corporum
3480 895 3640 951 Jesus
3673 899 3817 950 hunc
3861 916 4003 950 mor—

2419 982 2545 1036 bunt
2580 992 2755 1037 sanet.
2787 984 2879 1037 Sin
2916 986 3128 1049 minus,
3163 987 3404 1055 psalmod
3430 1004 3460 1041 a
3502 998 3643 1050 tota,
3676 991 4004 1055 ιιειὺὶιιιςιμιρ

2420 1078 2485 1129 ad
2540 1076 2705 1130 Deum
2766 1094 2949 1134 sermo
3007 1080 3183 1131 inanis
3219 1090 3334 1140 est,
3389 1090 3437 1132 et
3489 1084 3780 1135 evanescit.
3824 1081 4005 1147 Quare

2420 1167 2777 1235 ingemiscere
2806 1209 2819 1230 ,
2863 1178 2913 1222 et
2953 1169 3163 1237 plorare
3210 1169 3552 1236 insipienter,
3588 1186 3649 1223 ac
3693 1172 3809 1223 sine
3850 1173 4007 1224 intel-

2422 1259 2562 1312 lcctu
2613 1261 2927 1328 psallcntcm
2966 1270 3217 1329 oportet,
3258 1278 3354 1314 nec
3392 1273 3619 1327 putare,
3652 1280 3710 1324 se
3765 1267 4006 1331 psalmos

2422 1350 2710 1403 cecinisse.
2741 1350 2895 1415 Quod
2931 1352 2974 1403 si
3005 1352 3207 1404 idcirco
3234 1368 3338 1403 nan
3374 1352 3519 1406 dolet
3546 1394 3560 1411 .
3605 1356 3732 1422 quid
3771 1357 4005 1409 salutem

2424 1442 2647 1511 sperat?
2693 1442 2826 1495 lllttd
2877 1445 3019 1496 enim
3055 1461 3067 1493 :
3100 1442 3217 1494 .‘Con
3261 1453 3336 1495 est
3375 1445 3606 1510 aprciosa
3661 1448 3775 1498 laus
3815 1447 3870 1497 in
3925 1463 4011 1498 ore

2420 1536 2712 1600 peceatoris
2758 1535 2842 1600 ",
2883 1551 2987 1588 non
3047 1537 3111 1587 de
3159 1537 3337 1597 atheo,
3393 1544 3444 1587 et
3499 1539 3700 1593 infideli
3746 1541 4009 1606 quopiam

2423 1628 2685 1695 Scriptum
2720 1638 2803 1681 est
2835 1630 3043 1698 (nullus
3075 1634 3273 1700 quippe
3322 1634 3513 1685 horum
3564 1634 3747 1686 laudat
3795 1633 3971 1686 Dentri
3996 1671 4011 1691 ,

2423 1732 2583 1783 quem
2623 1718 2857 1787 ignorat)
2896 1723 2987 1773 sed
3029 1723 3095 1775 de
3120 1738 3183 1774 eo
3215 1725 3304 1791 qui
3345 1726 3507 1777 [lcum
3540 1740 3881 1792 cngno~cens
3908 1766 3923 1787 ,
3955 1733 4007 1776 et

2424 1808 2478 1862 in
2524 1826 2644 1862 eum
2675 1810 2905 1865 credens
2932 1851 2945 1874 ,
2983 1826 3079 1879 per
3128 1828 3292 1882 opera
3350 1814 3485 1867 mala
3527 1814 3763 1883 impius,
3806 1822 3863 1867 et
3915 1830 4013 1883 per

2348 1874 2395 1933 Β
2425 1917 2489 1969 pe
2526 1912 2705 1954 catum
2766 1901 2856 1955 Dei
2894 1902 3147 1957 inimicus
3176 1915 3338 1972 atque
3388 1905 3558 1959 hostis
3599 1917 3701 1959 est.
3736 1903 4011 1969 Quemad~

2425 1992 2645 2045 modum
2686 2008 2920 2061 namque
2949 1993 3256 2061 Speciosum
3288 1996 3489 2064 aliquid
3524 1995 3806 2063 pulchrum
3840 2003 3925 2048 νει
3962 2006 4011 2046 Ct

2422 2082 2641 2151 elegans
2666 2122 2679 2146 ,
2711 2092 2769 2136 ut
2800 2084 3256 2151 pulcbritmlinetn
3285 2092 3338 2137 ct
3376 2087 3693 2149 elegantiam
3719 2086 4011 2137 continens

2424 2185 2758 2243 aspectuque
2781 2175 3270 2243 iucundissimum,
3306 2185 3357 2228 et
3384 2174 3505 2229 ideo
3534 2178 3693 2227 etiam
3723 2174 4011 2227 oculowm

2422 2266 2672 2321 obtutum
2703 2266 2770 2319 ad
2810 2281 2866 2319 se
2896 2266 3114 2318 allectat
3154 2284 3168 2320 :
3223 2266 3472 2319 deforme
3506 2274 3693 2317 contra
3734 2276 3815 2318 est
3851 2265 4009 2315 odio-

2424 2374 2583 2424 Sum,
2618 2369 2666 2411 ct
2719 2358 3050 2412 intuentium
3096 2359 3286 2413 oculos
3322 2374 3351 2411 a
3383 2375 3440 2412 se
3474 2360 3668 2411 avertit
3701 2376 3714 2410 :
3753 2358 3834 2410 sic
3890 2358 4009 2409 laus

2424 2452 2728 2521 petcatoris
2777 2451 2990 2505 divinos
3022 2454 3211 2505 oculos
3245 2466 3271 2502 a
3306 2467 3365 2503 se
3397 2453 3630 2518 repellit.
3676 2450 3817 2504 Solis
3860 2450 4007 2502 enim

2423 2542 2581 2596 labiis
2612 2560 2729 2595 eam
2768 2543 3088 2611 pronuntiat
3117 2583 3131 2606 ,
3170 2541 3334 2595 corde
3361 2550 3539 2594 autem
3569 2558 3693 2594 cum
3723 2541 3964 2609 peccatis
3996 2584 4009 2601 .

2423 2654 2544 2707 quas
2573 2637 2623 2689 id
2660 2646 3109 2705 praeoccuparunt
3137 2675 3152 2697 ,
3190 2636 3471 2703 loquitur:
3506 2651 3534 2687 a
3564 2636 3758 2703 quibus
3796 2646 3854 2686 ut
3892 2642 4009 2686 tuta

2424 2742 2487 2781 ac
2538 2737 2688 2781 certa
2722 2728 3005 2798 possessio
3037 2728 3322 2781 retinetur.
3372 2726 3541 2781 Nemo
3596 2727 3863 2797 siquidem
3900 2725 4011 2779 Deo

2426 2830 2670 2883 cantare,
2700 2829 2753 2874 et
2780 2821 2995 2874 interim
3023 2836 3128 2873 non
3158 2821 3210 2873 in
3244 2828 3461 2889 pectore
3510 2819 3729 2871 infanda
3764 2819 4014 2870 volutare

2424 2922 2643 2983 potest,
2678 2915 2731 2967 ni
2759 2914 2912 2982 prius
2946 2929 3041 2982 per
3078 2912 3476 2982 paenitentiam,
3516 2921 3569 2964 et
3606 2910 4015 2963 confessionem

2425 3007 2577 3060 illum
2646 3007 2750 3060 sibi
2816 3006 3443 3072 rcconciliaverit;qu:e
3504 3003 3879 3057 reconciliatio
3929 3012 4016 3055 est

2425 3099 2670 3169 quaedam
2699 3137 2715 3163 ,
2754 3114 2874 3168 qua:
2927 3099 3210 3153 intellectu
3264 3097 3583 3164 percipitur,
3616 3096 3736 3163 ejus
3776 3094 3845 3147 ad
3896 3095 4014 3148 ani—

2348 3211 2393 3273 C
2428 3208 2569 3246 mam
2602 3191 2969 3246 obumbratio.
3021 3189 3192 3254 Cujus
3226 3190 3665 3244 ohumbrationis
3717 3202 4015 3257 argumen-

2431 3288 2537 3337 lum
2566 3323 2581 3347 ,
2614 3285 2669 3337 in
2706 3283 2959 3337 laudibus
2998 3282 3198 3335 divinis
3247 3282 3443 3335 timore
3486 3280 3720 3348 quodam
3777 3287 3829 3331 et
3862 3294 4017 3333 reve-

2428 3378 2602 3431 rentia
2657 3374 2917 3444 perfusus
2970 3374 3188 3428 animus
3216 3412 3232 3437 ,
3265 3374 3439 3427 bonus
3484 3373 3643 3433 ordo,
3676 3380 3729 3424 et
3782 3371 4018 3423 attentio

2427 3470 2495 3521 ad
2554 3483 2615 3520 ea
2667 3481 2790 3536 qua:
2851 3476 3124 3519 canuntur
3179 3480 3193 3517 :
3237 3466 3379 3531 Quia
3429 3480 3579 3516 nemo
3623 3472 3789 3530 potest
3838 3465 4021 3516 dicere

2432 3558 2711 3612 Dominum
2741 3556 2923 3610 luunt
2944 3597 2958 3618 ,
2982 3558 3085 3610 nisi
3115 3558 3167 3609 in
3193 3556 3397 3625 Spiritu
3420 3565 3622 3609 sancto.
3653 3555 3755 3619 Qui
3790 3555 3870 3608 sic
3910 3570 4018 3607 non

2430 3652 2694 3716 laudant,
2729 3652 2845 3705 sive
2892 3652 3206 3704 sacerdotes
3242 3652 3351 3702 sint
3375 3690 3388 3710 ,
3423 3651 3537 3701 sive
3586 3648 3850 3700 celsiores
3885 3646 3977 3701 his
4002 3684 4017 3707 ,

2430 3746 2661 3799 aliorum
2715 3745 2857 3813 apud
2899 3741 3065 3796 Deum
3114 3742 3443 3811 interpretes
3496 3756 3557 3792 ac
3589 3740 4019 3809 deprecatores,

2443 3838 2624 3891 adhuc
2661 3852 2689 3888 a
2721 3837 2907 3889 divino
2938 3841 3231 3903 conspectu
3268 3832 3460 3886 remoti
3500 3840 3648 3884 sunt.
3690 3829 3845 3895 Quod
3886 3831 3929 3883 si
3967 3829 4019 3881 hi

2430 3930 2635 3983 inimici
2670 3934 2800 3983 sunt
2829 3926 2951 3993 ejus
2984 3923 3121 3993 apud
3162 3939 3323 3991 quem
3351 3924 3453 3977 hoc
3477 3923 3659 3976 officio
3691 3920 4019 3987 funguntur,

2429 4023 2557 4091 quid
2586 4020 2822 4080 facient,
2852 4018 2946 4085 qui
2986 4015 3295 4082 hujusmodi
3329 4017 3654 4082 interpretes
3680 4054 3698 4075 ,
3730 4024 3784 4067 et
3832 4027 4022 4065 causa:

2430 4126 2541 4164 suae
2584 4119 2798 4162 actores
2845 4107 3259 4177 quasiverunt?
3316 4108 3383 4159 At
3414 4107 3557 4158 enim
3596 4108 3641 4156 si
3678 4104 3756 4158 sol
3793 4104 4019 4158 calidus

2428 4217 2553 4256 cum
2598 4202 2670 4257 sit
2696 4241 2711 4266 ,
2749 4201 3062 4270 apt-ieantes
3096 4198 3265 4253 radiis
3296 4199 3413 4252 suis
3446 4196 3749 4251 calefacere
3782 4211 4022 4251 consue-

2430 4296 2506 4348 vit
2536 4313 2549 4348 :
2579 4294 2855 4363 quomodo
2896 4291 3040 4346 Deus
3067 4332 3082 4356 ,
3111 4305 3237 4344 cum
3288 4292 3360 4344 sit
3403 4298 3649 4351 sanctus,
3674 4303 3869 4341 omnes
3927 4302 4025 4355 per

2428 4388 2731 4443 orationem
2765 4400 2952 4440 secum
2987 4394 3211 4452 agentes
3244 4399 3349 4435 non
3381 4380 4024 4443 sanctitieat?Quoniam

2436 4480 2510 4534 ibi
2553 4480 2632 4533 sol
2686 4479 2752 4531 iis
2798 4477 2890 4546 qui
2954 4477 3212 4530 caleliunt
3259 4490 3478 4528 sensum
3532 4473 3724 4534 affert,
3776 4475 4025 4525 sentiunt

745 4558 888 4608 rium
938 4553 1083 4607 illud
1155 4551 1480 4605 admirabile
1538 4551 1801 4606 admittit.
1865 4551 2067 4607 Omnes
2145 4555 2328 4623 itaque
2366 4547 2636 4637 unippe
2685 4584 2745 4621 se
2796 4567 3031 4619 caleﬁeri
3066 4605 3081 4627 ν
3135 4574 3188 4618 οι
3240 4567 3309 4616 ut,
3358 4565 3459 4615 ι,οε
3514 4563 3692 4629 ipsum
3738 4563 3803 4614 ad
3846 4565 4024 4614 εοιοιη

743 4648 993 4701 homines
1033 4643 1450 4712 congredientes
1476 4684 1490 4708 ,
1525 4652 1727 4697 norunt
1753 4644 1881 4713 quid
1928 4645 2241 4713 loquantur,
2273 4655 2327 4701 et

745 4751 999 4808 quaenam
1060 4737 1192 4799 sint,
1233 4750 1354 4804 qua:
1385 4743 1576 4788 tnutuo
1605 4735 1927 4800 disserunt,
1966 4748 2324 4805 cognoscunt.

745 4828 847 4896 Qui
882 4843 1010 4883 vero
1045 4828 1318 4891 audiunt,
1366 4842 1488 4896 qua:
1522 4827 1658 4897 ipsis
1704 4828 1956 4881 dicantur
2009 4845 2118 4882 non
2175 4830 2327 4900 igno-

744 4929 906 4981 rant;
954 4926 1008 4972 et
1037 4926 1121 4971 est
1148 4918 1447 4971 manifesta
1499 4917 1733 4970 stultitia
1763 4960 1777 4983 ,
1817 4919 2194 4987 colloquentes
2243 4922 2324 4974 vi-

746 5008 931 5062 cissim
991 5021 1152 5061 aures
1209 5022 1317 5060 non
1350 5008 1497 5061 dare.
1548 5005 1816 5071 Quoniam
1874 5024 2023 5071 vero,
2059 5025 2179 5063 cum
2221 5009 2329 5064 Deo

747 5108 993 5153 astantes
1043 5114 1167 5152 eum
1212 5100 1565 5167 alloquimur,
1600 5108 1659 5151 ut
1690 5100 2059 5169 imprudentes
2104 5116 2166 5154 ac
2200 5100 2330 5156 fatui

746 5192 989 5246 animum
1039 5192 1086 5245 ei
1146 5206 1257 5244 non
1327 5190 1699 5257 attendimus,
1756 5193 1896 5247 unde
1947 5194 2171 5247 salutem
2236 5210 2331 5250 nos

747 5284 1042 5351 adepturus
1074 5282 1443 5336 conliditnus?
1483 5284 1783 5351 prmsertim
1821 5283 1867 5334 si
1918 5282 1968 5335 id
2006 5285 2096 5336 diu
2140 5284 2333 5338 feceri-

750 5389 906 5438 tnus,
970 5385 1157 5428 noctes
1211 5375 1417 5429 scilicet
1470 5389 1531 5428 ac
1588 5375 1704 5430 dies
1762 5376 1833 5427 ita
1888 5377 2005 5428 sine
2056 5377 2328 5430 intellectu

750 5467 1062 5535 psallentes,
1088 5476 1140 5521 et
1166 5482 1262 5521 nos
1295 5466 1403 5520 Deo
1431 5467 1728 5535 plaeituros
1754 5469 2149 5523 existimantes.
2184 5470 2334 5539 Opus

752 5566 834 5610 est
869 5558 1011 5610 enim
1037 5572 1158 5610 cum
1201 5557 1310 5611 Deo
1346 5561 1629 5628 loquentes
1678 5568 1882 5612 tantam
1924 5561 2114 5613 saltem
2168 5573 2333 5616 allen.

755 5650 953 5700 tionem
1009 5649 1301 5713 adhibere,
1354 5660 1611 5718 quantam
1667 5652 1794 5703 dttm
1853 5667 1950 5719 pro
2000 5653 2162 5721 hujus
2217 5657 2335 5707 vita:

829 5829 872 5858 ²⁶
900 5828 1120 5918 Coloss.
1186 5849 1225 5892 ι,
1286 5830 1372 5884 15.
1456 5832 1495 5861 ³¹
1532 5832 1703 5887 lCor.
1740 5850 1836 5899 xu,
1872 5836 1922 5891 5.

2047 5839 2087 5867 ¹³
2129 5838 2299 5892 Εςςιι.
2336 5852 2426 5893 xv.
2464 5839 2515 5891 9.

2437 4660 2626 4712 sedere
2676 4673 2734 4709 se
2769 4658 2989 4719 sciunt;
3023 4656 3075 4707 hi
3130 4664 3309 4706 autem
3368 4654 3460 4721 qui
3500 4654 3612 4705 Deo
3664 4668 3855 4719 preces
3896 4651 4025 4703 fun-

2438 4751 2573 4803 dunt
2604 4790 2617 4812 ,
2647 4750 2775 4817 quid
2815 4756 3003 4817 petant
3050 4748 3305 4800 nesciunt
3342 4765 3353 4799 :
3391 4746 3532 4814 quod
3584 4744 3743 4796 matri
3784 4746 4024 4797 tilioruut

2438 4840 2680 4895 Zebcda‘i
2708 4880 2722 4902 ,
2768 4840 3007 4908 ipsisque
3052 4839 3177 4892 filiis
3225 4838 3344 4906 ejus
3401 4837 3654 4889 Christus
3706 4836 3922 4888 dicebat
3955 4836 4021 4888 τ’.

2438 4931 2684 4993 Talibus,
2717 4940 2772 4984 ut
2805 4933 2885 4983 vel
2912 4939 3131 4982 centum
3163 4944 3335 4982 annos
3366 4931 3640 4996 precando
3668 4936 4024 4989 consumant,

2438 5024 2580 5077 Deus
2635 5023 2766 5075 nihil
2818 5023 2928 5074 dat.
2960 5022 3096 5086 Quia
3146 5018 3310 5089 igitur
3351 5022 3553 5072 frustra
3596 5019 3839 5071 laborant
3868 5061 3884 5081 ,
3928 5022 4023 5087 qui

2434 5115 2674 5182 psallunt
2727 5120 2783 5165 et
2842 5121 3001 5164 orant
3026 5152 3040 5175 ,
3076 5127 3177 5164 nec
3205 5110 3636 5173 sanctilicantur,
3668 5111 3963 5178 magistros
3994 5130 4025 5161 τι

2436 5202 2545 5255 Deo
2576 5201 2787 5254 aﬂlatos
2821 5201 2972 5269 prius
3007 5200 3226 5261 adeant,
3259 5210 3312 5254 et
3343 5202 3665 5263 doceantur,
3699 5201 3828 5269 quid
3863 5217 4027 5253 orare

2435 5294 2688 5347 tlt‘beulil.
2728 5294 2789 5345 Ni
2826 5293 3041 5357 faxint,
3068 5308 3163 5346 seu
3197 5296 3506 5361 sapientes,
3542 5308 3638 5345 seu
3695 5293 4026 5361 insipientes

2439 5390 2587 5451 sint,
2627 5388 2835 5456 profani
2894 5400 3054 5456 atque
3100 5388 3299 5456 impuri
3354 5388 3677 5441 morientur.
3724 5386 3862 5441 Nam
3888 5389 4025 5458 quid

2441 5488 2617 5546 petant
2654 5481 2977 5540 nescientes,
3013 5478 3152 5533 Deus
3182 5480 3438 5534 exaudire
3470 5484 3663 5534 nescit.

3190 5645 3257 5657 .-

2606 5842 2649 5871 ”
2676 5841 2863 5897 Matth.
2906 5857 2993 5907 xx,
3032 5840 3121 5894 22.
