4170 6452
168 441 267 502 39Ἲ

700 548 957 603 ORATIO
1035 546 1222 600 X‘i'lil.

776 674 1158 715 ABGIIMENTLTM.

173 784 244 839 De
269 782 643 836 immutatione
673 780 898 838 animm,
932 786 979 829 et
1012 778 1250 845 corporis
1284 791 1347 827 ex
1369 776 1432 826 iis
1463 790 1579 842 qua:
1603 772 1758 845 nobis

240 869 353 907 tum
387 854 449 905 ub
475 870 629 911 aere.
658 850 963 915 (tuterisque
994 843 1258 900 cluniculis
1282 884 1295 905 ,
1327 859 1433 897 tum
1470 863 1498 895 (ι
1518 843 1655 914 _t'ib0
1698 859 1759 894 ac

242 939 480 993 patrone.
504 934 661 992 atque
696 921 854 973 etiam
900 936 928 970 α
958 919 1284 970 da'monilms
1311 917 1583 967 acridtmt.

239 1017 359 1069 Non
394 1018 571 1068 solum
608 1012 995 1068 conversiones
1023 1052 1036 1075 ,
1071 1018 1125 1063 et
1158 1012 1518 1065 mutationes,
1552 1020 1673 1073 quae
1704 1003 1756 1057 in

171 1109 357 1161 animo
387 1108 695 1169 exsistunt,
722 1120 908 1157 verum
941 1104 1104 1156 etiam
1142 1114 1331 1153 eurum
1364 1112 1560 1151 causas
1582 1137 1594 1157 .
1627 1111 1762 1165 qua-

172 1201 249 1253 les
283 1200 504 1252 tandem
537 1201 645 1251 sint
675 1239 689 1261 ,
721 1205 772 1249 et
810 1197 950 1250 unde
982 1193 1083 1248 sibi
1125 1193 1417 1252 eveniant,
1459 1189 1761 1240 Iltttllilt‘llUS

172 1296 313 1347 srire
346 1334 359 1355 ,
413 1302 577 1359 atque
626 1289 927 1358 intelligere
981 1288 1160 1340 debet.
1226 1281 1503 1337 Interdum
1556 1280 1759 1349 quippe

172 1384 519 1449 repentiutnn
572 1382 833 1451 gaudium
879 1380 1116 1432 animum
1164 1377 1437 1430 incessit:
1488 1374 1759 1426 interdum

172 1478 471 1544 improvisa
531 1474 754 1527 tristitia
802 1473 1047 1526 eamdem
1089 1480 1357 1538 occupat,
1391 1476 1444 1520 et
1498 1476 1759 1533 tanquam

172 1584 316 1621 onus
364 1564 638 1631 quoddam
695 1564 911 1633 premit.
977 1560 1042 1615 Et
1110 1576 1255 1614 nunc
1320 1559 1537 1626 quidem
1598 1554 1763 1607 facile

173 1659 789 1726 compungiturznnnc
845 1656 918 1708 ita
981 1653 1047 1705 ad
1111 1653 1350 1705 dolorem
1402 1650 1469 1702 de
1523 1647 1761 1717 peccatis

173 1755 521 1816 oblirmatur,
551 1758 603 1803 et
636 1749 951 1802 nbdurescit
974 1788 988 1811 ,
1038 1755 1095 1799 ut
1142 1754 1254 1798 tota
1292 1759 1456 1797 saxea
1488 1743 1758 1795 videatur.

176 1842 490 1913 Aliquando
542 1843 692 1896 mitis
748 1842 845 1904 lit,
900 1849 955 1893 et
1010 1839 1234 1892 Immitis
1268 1853 1284 1890 :
1316 1838 1479 1906 paulo
1531 1843 1653 1903 post
1702 1848 1760 1887 se

178 1938 340 2007 erigit
370 1979 383 2000 ,
432 1936 823 2003 iracundiaque
858 1944 910 1987 et
945 1935 1094 1988 rabie
1126 1934 1399 1989 concitata
1430 1970 1444 1994 ,
1496 1930 1758 1983 adversus

177 2043 371 2081 onmes
428 2028 624 2081 fratres
685 2027 850 2088 furit,
886 2037 941 2081 et
998 2026 1223 2080 insanit.
1265 2025 1357 2078 Est
1405 2024 1623 2094 quando
1683 2038 1766 2075 rc-

177 2121 347 2172 missa
376 2158 393 2179 ,
427 2128 482 2171 et
513 2120 661 2171 iners
707 2119 772 2171 ad
800 2134 961 2172 omne
999 2133 1139 2188 opus
1187 2118 1388 2170 bonum
1424 2124 1642 2183 torpet;
1686 2124 1768 2167 est

179 2213 405 2279 quando
429 2212 705 2264 excitatur
737 2221 789 2263 et
821 2211 1029 2277 vigilat,
1064 2218 1116 2263 e‘.
1154 2210 1219 2261 ad
1254 2223 1469 2261 omnem
1508 2206 1768 2260 obedien-

179 2306 309 2359 tiam
348 2306 515 2374 gestit
540 2344 554 2365 ,
587 2316 646 2357 ut
701 2312 755 2357 ct
791 2305 844 2358 iu
880 2305 1061 2359 socios
1097 2320 1156 2356 ac
1188 2302 1481 2356 familiares
1526 2303 1764 2370 juvetur,

176 2412 384 2465 eosque
419 2397 483 2449 ad
524 2398 914 2466 capessendam
948 2398 1201 2451 virtutem
1251 2396 1583 2451 exstimulct.
1622 2393 1767 2446 Non-

177 2505 464 2558 nunquam
561 2492 755 2543 timore
828 2491 1212 2552 contrahitur,
1272 2497 1323 2540 et
1395 2487 1768 2558 circumspicit

177 2587 404 2650 omnia;
474 2599 870 2651 nonnunquam
943 2599 1001 2638 se
1088 2582 1431 2653 impudenter
1514 2582 1764 2637 ellundit.

177 2677 338 2732 Modo
374 2688 730 2747 nugator-um,
763 2688 815 2731 et
850 2677 1205 2731 ridiculorum
1238 2678 1471 2731 libenter
1500 2679 1764 2745 meminit,

175 2788 381 2842 eosque
414 2773 481 2825 ad
514 2788 573 2827 se
604 2775 833 2825 accersit
863 2788 878 2836 ;
917 2773 1074 2825 modo
1109 2788 1205 2825 nec
1239 2772 1362 2825 illos
1393 2811 1407 2836 ,
1445 2787 1545 2825 nec
1578 2780 1772 2825 contu-

179 2867 432 2921 beruales
492 2865 694 2920 intueri
740 2864 995 2919 stistinet.
1040 2863 1379 2929 Quandoque
1431 2862 1484 2917 in
1535 2878 1591 2917 se
1654 2863 1769 2932 ipsa

178 2966 247 3018 ita
296 2968 603 3030 pressatur,
646 2967 700 3013 et
748 2967 1012 3024 are-tatur,
1072 2964 1127 3010 nt
1180 2956 1343 3010 etiam
1411 2956 1575 3026 hujus
1631 2957 1769 3012 lucis

177 3054 507 3123 pertaedeat;
536 3051 863 3121 quandoque
886 3051 965 3106 sic
999 3050 1278 3115 dilatatur,
1308 3064 1359 3103 et
1388 3049 1470 3104 sic
1499 3049 1771 3119 ampliﬁce

178 3149 415 3202 exsultat
452 3189 465 3207 .
519 3158 579 3202 ut
631 3148 882 3217 quamvis
927 3161 1120 3217 magno
1177 3154 1376 3199 conatu
1429 3146 1767 3214 reprimere,

1556 430 1841 491 ΟΗᾹΊἾΟ
1879 432 2099 492 ΜἨῐ.

1784 549 1827 601 Δ
1859 546 2076 613 tingunt
2107 586 2119 607 ,
2152 545 2255 599 etsi
2290 561 2454 610 parvo
2487 545 2708 615 negotio
2751 545 3037 598 videantur
3067 558 3227 611 posse
3255 540 3455 609 dijudi-

3348 428 3455 490 398

1864 641 1977 695 cari
2010 682 2023 704 ,
2062 640 2328 709 l‘acileque
2380 642 2635 709 cognosci
2666 682 2679 703 ,
2717 649 2895 695 tamen
2928 640 3104 693 aliter
3150 654 3236 692 res
3271 639 3452 693 habet.

1864 735 1921 788 In
1984 735 2085 787 hoc
2153 734 2297 786 enim
2361 735 2702 803 potissimum
2786 735 2952 787 multa
3017 734 3456 803 frequentissime

1864 824 2054 878 incidit
2084 825 2329 879 mutatio.
2364 826 2560 878 Anima
2599 841 2831 895 namque
2880 836 3073 878 natura
3120 837 3171 879 et
3219 825 3457 878 essentia

1863 910 2221 971 immutabilis
2259 926 2338 971 est
2378 935 2390 971 ε
2437 916 2690 970 similiter
2715 928 2768 970 et
2801 933 2954 970 mens
3008 916 3079 969 illi
3109 931 3134 968 a
3161 916 3458 972 Conditore

1864 1017 2186 1060 concreatau
2266 1009 2406 1062 Sola:
2484 1008 2717 1061 consilio
2788 1018 3070 1074 reguntur,
3131 1010 3458 1076 propriaque

1865 1100 2141 1152 voluntate
2173 1100 2427 1153 virtutem
2479 1108 2567 1153 aut
2596 1100 2723 1153 vitia
2771 1108 3120 1167 capessentes
3143 1142 3156 1164 ,
3191 1100 3410 1156 luminis
3437 1139 3451 1158 .

1865 1200 1958 1243 aut
2025 1192 2372 1243 tenebrarum
2439 1194 2601 1244 soci-.e
2657 1200 2708 1243 et
2777 1190 3018 1244 luere-des
3075 1190 3124 1243 in
3191 1200 3455 1245 :eternum

1873 1284 2317 1349 constituuntur;
2376 1286 2600 1347 anima,
2666 1283 2929 1352 inquam,
2986 1292 3039 1336 et
3095 1301 3248 1345 ruens
3299 1284 3457 1338 alteri

1873 1376 2070 1428 horum
2109 1377 2358 1441 consilio,
2394 1386 2451 1429 ut
2482 1375 2687 1428 dictum
2727 1384 2812 1431 est
2840 1415 2855 1439 ,
2905 1384 2958 1430 et
2994 1377 3273 1430 voluntate
3305 1378 3457 1430 ultro

1875 1469 2214 1522 adhazrentes
2246 1507 2260 1531 ,
2292 1485 2388 1523 seu
2428 1469 2595 1532 bono,
2629 1468 2765 1522 bona
2796 1471 2929 1523 liuut
2952 1508 2967 1531 ,
3004 1485 3099 1523 seu
3129 1469 3289 1530 malo,
3318 1472 3458 1522 mala

1867 1573 2150 1617 vocantur.
2204 1562 2272 1614 At
2325 1578 2452 1616 vero
2505 1578 2706 1631 corpus
2756 1564 2921 1617 etiam
2975 1573 3169 1617 natura
3227 1578 3325 1615 sua
3375 1574 3460 1617 est

1866 1655 2125 1708 mutabile
2150 1696 2162 1715 ,
2197 1655 2323 1723 quia
2356 1656 2717 1722 compositum
2746 1694 2760 1717 ,
2809 1663 2863 1707 et
2912 1656 3152 1709 essentia
3212 1656 3454 1717 ﬂuxum;

1865 1760 2059 1813 nempe
2093 1760 2156 1798 ex
2185 1748 2411 1800 materia
2446 1746 2959 1801 interitui'obnoxia
2984 1786 2998 1811 ,
3024 1759 3076 1800 ct
3107 1748 3310 1802 caduca
3340 1789 3351 1811 ,
3391 1763 3453 1801 ex

1866 1837 2162 1891 contrariis
2198 1839 2408 1891 scilicet
2448 1842 2798 1894 commistum
2852 1841 2966 1894 sive
2996 1849 3456 1909 coagmentatum.

1872 1929 1942 1982 Ex
1976 1930 2158 1983 ealido
2191 1931 2335 1985 enim
2370 1938 2423 1983 ct
2460 1930 2657 2000 frigido
2691 1931 2772 2002 (ut
2796 1933 2995 1987 docent
3019 1932 3326 2002 philostiphi
3354 1972 3368 1995 ,
3406 1942 3459 1986 et

1869 2022 2070 2075 veritas
2117 2021 2258 2074 idem
2310 2028 2566 2091 testatur)
2617 2038 2683 2077 ex
2735 2025 2888 2078 arido
2916 2034 2969 2079 et
3023 2026 3246 2079 humido
3294 2026 3460 2095 bujes

1868 2114 2106 2168 essentia
2156 2113 2455 2169 conﬂatur.
2487 2114 2873 2171 Verumtamen
2924 2119 3104 2187 ipsum
3155 2118 3458 2173 secundum

1870 2221 1927 2261 se
1980 2205 2231 2273 arbitrio,
2281 2216 2335 2262 et
2387 2208 2668 2263 voluntate
2734 2218 2917 2271 caret,
2967 2221 3131 2282 atque
3174 2213 3380 2279 etiam,
3413 2213 3456 2266 si

1870 2297 2166 2353 dicendum
2227 2312 2309 2354 est
2339 2342 2353 2368 ,
2392 2310 2543 2355 motu
2588 2319 2600 2355 :
2650 2301 2755 2356 nisi
2787 2303 3012 2358 omnino
3060 2304 3222 2372 hujus
3263 2304 3460 2358 ﬂuxio—

1872 2406 1991 2444 uem
2032 2409 2487 2464 progressumque
2534 2396 2599 2449 ad
2632 2397 2939 2461 interitum,
2972 2397 3267 2453 motionem
3301 2399 3459 2469 quis-

1874 2484 2014 2554 piam
2061 2484 2183 2554 ejus
2242 2485 2601 2555 hypostaseos
2652 2490 2951 2543 naturalem
3012 2490 3191 2557 dicat,
3241 2490 3297 2546 in
3350 2508 3459 2561 qua

1870 2578 2006 2630 nihil
2038 2578 2266 2633 rationis
2297 2580 2565 2633 cernitur.
2613 2579 2771 2647 Quod
2820 2597 2944 2635 eum
2985 2582 3057 2637 ita
3093 2584 3203 2649 sit,
3248 2593 3456 2639 certum

1868 2678 1955 2724 est
1986 2672 2192 2737 etiam,
2228 2686 2334 2725 non
2386 2671 2565 2727 inesse
2616 2683 2900 2745 peccatum
2928 2716 2942 2742 ,
2974 2692 3074 2731 nec
3117 2692 3236 2730 eam
3271 2692 3301 2730 a
3350 2677 3462 2733 Deo

1872 2763 2249 2816 condemnari.
2289 2763 2357 2817 Et
2402 2766 2618 2821 merito.
2696 2766 2851 2833 Quod
2892 2770 3035 2823 enim
3077 2780 3326 2824 naturam
3367 2785 3463 2827 co-

1874 2857 2119 2922 mitatur,
2153 2858 2285 2914 illud
2316 2875 2534 2929 quoque
2559 2859 2963 2916 damnationem
3007 2864 3153 2918 haud
3193 2876 3460 2919 meretur.

1870 2947 2136 3003 Ardorem
2219 2962 2397 3007 autem
2438 2993 2453 3019 ,
2520 2955 3024 3024 appetitionemque
3092 2957 3458 3025 nuptiarum,

1872 3040 2315 3109 Conjunctionem
2361 3059 2655 3113 corporum
2715 3061 3001 3101 venerearn
3033 3088 3049 3112 ,
3082 3049 3415 3119 voluptatem
3443 3092 3460 3114 ,

1876 3131 2290 3194 ln-lluationem.
2328 3135 2644 3205 ingluviem,
2682 3139 3127 3204 somnolenliam,
3161 3142 3463 3211 pigritiam.

180 3250 344 3309 atque
400 3240 664 3293 cohibere
696 3254 756 3293 se
818 3245 1071 3307 nequeat.
1133 3236 1197 3290 Et
1232 3236 1334 3291 ista
1371 3236 1589 3305 quidem
1621 3238 1765 3291 circa
1797 3256 1842 3317 ο
1874 3235 2130 3281 ornatum
2184 3230 2417 3283 νεειίιιιιι
2450 3273 2463 3297 υ
2527 3232 2744 3303 aliaeue
2799 3238 2980 3290 omnia
3011 3276 3027 3303 ,
3081 3253 3204 3307 qua:
3266 3239 3463 3306 vulgus

178 3334 464 3387 naturales
492 3332 658 3384 animi
694 3331 966 3384 motiones
1000 3329 1117 3383 licri
1160 3338 1603 3393 consueverunt,
1637 3344 1762 3383 cum

180 3424 247 3478 ad
293 3433 576 3479 cenamen
623 3424 677 3476 in
709 3422 1010 3477 exercenda
1062 3422 1260 3476 virtute
1283 3460 1302 3485 ,
1333 3430 1387 3476 et
1416 3422 1479 3477 ad
1511 3423 1766 3477 mandata

179 3517 524 3572 observanda
576 3516 899 3585 accingitur.
978 3513 1083 3569 Sed
1129 3513 1590 3585 quemadmodum
1645 3518 1765 3571 ani-

182 3625 337 3672 mus,
368 3612 445 3663 ita
488 3618 540 3662 et
588 3623 743 3662 mens
786 3619 972 3662 nostra
1030 3608 1349 3662 immutatur
1391 3608 1764 3678 variaturque.

182 3702 328 3756 Alias
370 3700 574 3754 etenim
626 3700 692 3753 ad
728 3698 1135 3768 intelligendum
1177 3699 1428 3768 expedita
1459 3708 1544 3754 est
1574 3737 1589 3762 ,
1616 3707 1669 3753 et
1699 3697 1767 3753 ad

183 3810 245 3849 ea
290 3808 414 3863 qua:
465 3791 758 3860 intelligit,
785 3805 881 3847 seu
944 3790 1206 3861 perspicit
1248 3792 1498 3845 celeriter
1545 3804 1773 3859 percur-

184 3887 351 3941 renda
393 3898 461 3938 ac
506 3882 868 3937 discernenda
917 3883 1271 3952 expeditior:
1307 3883 1441 3937 alias
1495 3882 1646 3954 pigra
1671 3922 1685 3946 ,
1717 3891 1771 3937 et

180 3976 332 4030 tarda
384 3975 454 4030 ad
482 3982 795 4043 utrumque.
838 3971 1116 4028 Interdum
1169 3973 1358 4029 eadem
1400 3988 1556 4030 mens
1610 3980 1769 4046 quasi

184 4077 405 4129 amens,
458 4071 610 4116 muta
661 4068 714 4115 et
782 4062 948 4115 surda
993 4060 1053 4115 lit
1104 4060 1435 4116 :interdum
1486 4061 1666 4132 viget,
1716 4073 1771 4119 et

183 4152 419 4207 facunda
461 4161 586 4215 est,
649 4160 703 4205 et
748 4149 939 4204 audire
997 4156 1215 4219 potest,
1267 4158 1431 4221 atque
1469 4153 1768 4221 percipere.

186 4246 494 4314 Aliquando
525 4257 665 4296 caeca
689 4283 705 4305 ,
739 4241 1032 4312 aliquando
1065 4242 1280 4297 oculata
1304 4284 1318 4307 ,
1350 4244 1403 4297 in
1437 4245 1772 4312 profundita—

184 4344 292 4391 tem
335 4346 392 4391 et
437 4333 782 4388 altitudinem
818 4333 1293 4400 contemplationis
1340 4349 1503 4402 supra
1554 4344 1771 4406 captum

187 4429 439 4479 humanae
508 4434 715 4477 natura
778 4424 989 4492 ingredi
1039 4425 1300 4489 enititur;
1362 4426 1653 4494 aliquando
1707 4427 1772 4482 ad

187 4533 399 4571 munem
454 4516 971 4584 contemplationem
1022 4516 1248 4585 inepta,
1299 4531 1472 4586 eaque
1524 4534 1769 4582 Vacans,

185 4623 440 4661 universe
490 4618 838 4675 peccatorum
873 4609 1276 4674 praeteritorum
1311 4610 1595 4672 meminit,
1636 4611 1771 4664 nihil

186 4700 486 4767 quitquam
522 4696 699 4749 simile
724 4698 1046 4766 exeogitans
1078 4712 1341 4767 prorsus;
1378 4716 1769 4771 nonnunquam

184 4788 353 4849 varie,
388 4788 540 4841 velut
576 4802 682 4841 non
711 4786 851 4841 tacta
917 4791 1165 4856 cogitans
1188 4828 1202 4851 ,
1235 4799 1291 4844 et
1323 4792 1770 4859 eomminiseens,

183 4890 238 4933 et
289 4881 548 4947 nequiter
600 4894 807 4950 agens,
843 4886 896 4933 et
949 4887 1205 4948 tanquam
1243 4878 1460 4936 ﬂamma
1510 4883 1565 4935 in
1610 4883 1771 4951 lignis

187 4974 431 5028 humidis
460 4973 614 5025 fumo
646 4972 908 5026 sulfocata
935 5013 951 5038 ,
980 4971 1041 5026 lit
1084 4971 1349 5043 maligna,
1391 4988 1499 5028 non
1538 4975 1589 5027 in
1632 4990 1771 5044 prce-

187 5072 373 5116 seutes
436 5071 694 5124 tantum,
754 5062 849 5117 sed
893 5070 948 5117 et
989 5061 1057 5117 de
1109 5063 1427 5119 absentibus
1498 5068 1777 5121 nonnullis

189 5170 332 5225 sape
368 5155 598 5213 inania.
643 5164 698 5207 et
751 5154 885 5207 falsa
936 5154 993 5208 in
1036 5155 1328 5225 semetipsa
1383 5156 1680 5213 fabricans.
1712 5159 1779 5214 Et

188 5262 313 5299 cum
360 5261 458 5300 cor
506 5247 737 5300 multum
768 5250 1141 5311 contristetur,
1170 5264 1269 5303 nec
1317 5263 1443 5303 cum
1499 5260 1679 5306 mente
1723 5254 1774 5305 in

191 5342 393 5395 talibus
432 5340 672 5404 sentiat,
705 5340 834 5393 nihil
876 5341 1093 5409 penitus
1125 5350 1305 5397 tamen
1345 5344 1606 5411 prolicere
1627 5382 1643 5408 ,
1674 5360 1775 5398 nec

191 5444 439 5486 avertere
490 5430 665 5499 ipsam
718 5443 747 5482 a
779 5432 934 5485 vanis
981 5434 1404 5501 cogitationibus
1458 5444 1659 5504 potest.
1714 5434 1775 5490 Et

192 5525 461 5578 hactenus
514 5524 583 5577 de
635 5524 1028 5578 mutationibus
1061 5528 1295 5587 mentis.
1344 5530 1647 5597 animaeque
1679 5543 1778 5582 no-

189 5627 316 5668 stra:
345 5614 705 5681 intelligentia
734 5654 749 5678 ,
779 5629 842 5669 ac
872 5614 1068 5670 divinae
1094 5617 1301 5672 dictum
1350 5626 1487 5671 esto.

261 5705 397 5773 Quae
452 5720 621 5776 porro
673 5707 820 5761 circa
865 5722 1063 5776 corpus
1097 5710 1390 5766 varietates
1429 5710 1588 5765 nobis
1642 5727 1773 5765 con-

268 5885 306 5915 "
344 5885 479 5943 (ἔξω.
525 5902 589 5954 ιι,
639 5886 689 5945 7.

809 5890 849 5921 ³³
888 5890 1020 5944 Gen.
1061 5889 1201 5953 11,9.
1286 5888 1325 5921 λ’
1352 5890 1484 5945 Ibid.
1516 5889 1583 5941 23$

1871 3318 2153 3374 existimat
2220 3335 2421 3390 corpus
2493 3324 2811 3393 requirere,
2863 3341 2975 3381 non
3033 3341 3237 3397 corpus
3290 3327 3458 3393 (haud

1869 3411 2082 3480 magis,
2116 3427 2277 3480 quam
2327 3430 2451 3469 cum
2498 3418 2751 3472 exanime
2793 3417 2959 3489 jacet)
2991 3418 3090 3475 sed
3138 3420 3317 3474 anima
3365 3435 3464 3489 per

1870 3503 1973 3559 hoc
2025 3504 2291 3574 requirit,
2346 3509 2563 3571 anima,
2619 3510 2886 3579 inquam,
2937 3513 3105 3566 semel
3158 3512 3286 3566 huic
3345 3511 3463 3568 luto

1870 3595 2044 3653 indita
2070 3638 2083 3662 ,
2116 3597 2357 3666 gaudens
2386 3640 2400 3662 ,
2434 3608 2488 3653 et
2522 3600 2667 3654 velut
2691 3616 2788 3657 sus
2815 3601 2871 3656 in
2900 3617 3058 3658 οωιιο
3091 3602 3146 3658 in
3187 3603 3273 3658 bis
3308 3604 3463 3659 voluo

1871 3689 1974 3758 tari
2011 3691 2409 3758 concupiscens
2440 3730 2454 3752 ,
2488 3692 2781 3763 carnisque
2811 3694 2916 3749 sibi
2946 3695 3274 3750 consociata:
3306 3698 3462 3750 volu-

1870 3786 2050 3848 ptates
2076 3779 2359 3836 aﬂectans.
2388 3782 2569 3847 Quare
2595 3799 2760 3840 nemo
2786 3798 2818 3839 a
2849 3799 3080 3854 corpore
3113 3800 3215 3840 suo
3244 3786 3309 3841 ad
3343 3788 3460 3842 ha‘c

1871 3872 2165 3940 compelli,
2194 3879 2248 3926 et
2296 3873 2417 3942 cogi
2457 3889 2517 3929 se
2566 3875 2886 3942 arbitretur,
2921 3876 3066 3947 quod
3116 3876 3313 3933 falsum
3356 3892 3461 3937 est.

1875 3963 1981 4018 Sed
2008 3964 2135 4018 audi
2156 4002 2172 4027 ,
2202 3972 2255 4018 et
2287 3964 2524 4035 intelligo
2550 3968 2842 4035 quomodo.
2870 3966 2911 4023 E
2945 3970 3100 4042 gleba
3134 3982 3292 4027 terra:
3320 3970 3464 4028 Deus

1875 4054 2147 4111 hominem
2197 4054 2372 4111 ﬂuxit.
2435 4056 2511 4111 En
2547 4058 2762 4114 ostendi
2807 4059 2920 4130 jam
2973 4062 3067 4117 tibi
3115 4078 3338 4135 corpus.
3375 4063 3457 4118 Tu

1873 4147 2154 4211 vicissim,
2187 4150 2376 4217 quales
2439 4149 2491 4203 in
2546 4165 2611 4204 eo
2663 4152 3101 4219 concitationes,
3135 4171 3198 4210 ac
3257 4156 3461 4213 turbidi

1875 4249 2056 4294 motus
2115 4243 2258 4306 sint,
2302 4242 2535 4298 ostende
2566 4286 2579 4307 ,
2612 4246 2754 4316 quod
2804 4250 3022 4316 penitus
3073 4265 3182 4305 non
3233 4253 3459 4321 poteris.

1876 4331 2013 4397 Quid
2051 4334 2279 4401 postea?
2308 4332 2376 4387 Et
2420 4338 2699 4406 inspiravit
2746 4338 2883 4393 Deus
2926 4342 2981 4393 in
3010 4341 3200 4409 faciem
3226 4343 3341 4411 ejus
3361 4384 3376 4406 .
3409 4355 3462 4399 lt

1878 4427 2047 4496 factus
2083 4439 2158 4481 est
2194 4429 2345 4483 homo
2376 4433 2432 4481 in
2462 4432 2693 4483 animam
2719 4432 2968 4485 virentem
2998 4432 3062 4485 “.
3100 4432 3165 4486 Et
3196 4434 3265 4488 ab
3298 4436 3464 4489 humo

1878 4520 2186 4578 excitatus.
2215 4522 2415 4589 spiritu
2449 4523 2541 4591 qui
2574 4522 2626 4575 in
2664 4524 2781 4587 ipso
2819 4535 2936 4576 erat
2979 4523 3158 4589 (herili
3194 4524 3461 4593 videlicet}

1807 4599 1850 4649 ο
1880 4625 2083 4679 corpus
2138 4621 2391 4666 movente
2447 4612 2796 4679 auibulabat;
2834 4614 3022 4677 ardor,
3068 4624 3163 4667 aut
3214 4616 3464 4669 incitatio

1883 4704 2153 4768 libidinis,
2186 4716 2278 4759 aut
2329 4707 2489 4760 bruta
2527 4706 2732 4761 ventris
2758 4706 2971 4763 insania
2993 4750 3007 4773 ,
3043 4720 3099 4763 et
3133 4709 3466 4764 immodera-

1882 4804 1970 4851 tus
2028 4798 2131 4851 cibi
2194 4798 2467 4866 appetitus
2515 4814 2785 4864 nusquam
2841 4801 3021 4854 adhuc
3083 4801 3460 4870 apparebant,

1880 4889 2099 4955 vitaque
2136 4888 2461 4957 tranquille,
2497 4898 2550 4943 et
2597 4891 2732 4942 citra
2782 4890 3086 4945 molestiam
3140 4892 3466 4946 traduceba-

1883 4989 1991 5032 tur.
2041 4976 2336 5033 Videamus
2391 4980 2576 5048 igitur,
2609 4996 2678 5035 ne
2708 4982 2843 5036 forte
2868 5022 2882 5045 ,
2919 4984 3045 5051 quia
3072 4997 3178 5037 non
3211 4985 3465 5043 exstabat

1886 5071 2088 5125 lemina
2121 5112 2136 5137 ,
2166 5081 2261 5126 aut
2290 5074 2417 5141 quia
2452 5087 2558 5125 non
2593 5074 3016 5141 suppeditabant
3046 5090 3219 5138 εςεω,
3253 5076 3465 5143 cupidi-

1882 5170 2050 5216 tatem
2104 5165 2381 5217 irritantes
2404 5199 2420 5227 ,
2457 5163 2663 5217 idcirco
2698 5165 2859 5218 homo
2894 5181 2993 5219 nec
3033 5165 3099 5218 ad
3138 5168 3463 5221 concubitus

1882 5253 2215 5309 desiderium
2247 5296 2261 5319 ,
2317 5269 2417 5307 nec
2483 5254 2551 5307 ad
2611 5255 2905 5323 ingluviem
2960 5266 3289 5310 numeretur.
3321 5258 3460 5322 Quid

1881 5360 2013 5414 ergo
2063 5344 2181 5397 ait?
2228 5341 2595 5409 Produxitque
2657 5344 2909 5397 Dominus
2975 5345 3109 5396 Deus
3177 5345 3240 5396 de
3306 5344 3461 5395 Immo

1884 5453 2037 5491 omne
2075 5436 2271 5506 lignum
2326 5438 2601 5504 pulchrum
2654 5436 2767 5490 risu
2797 5438 2869 5488 ".
2903 5435 2967 5489 Et
3014 5445 3163 5489 erant
3211 5435 3379 5489 Adam
3414 5446 3464 5489 et

1887 5528 1999 5582 Era
2044 5530 2095 5582 in
2129 5529 2381 5596 paradiso
2425 5530 2579 5589 nudi,
2621 5538 2669 5582 et
2702 5546 2803 5582 non
2837 5529 3201 5582 erubescebant
3234 5529 3296 5579 “‘.
3330 5528 3467 5580 Cer—

1887 5622 2011 5682 nis,
2056 5636 2232 5689 neque
2278 5621 2405 5687 quia
2460 5620 2658 5673 femina
2715 5627 2859 5673 esset
2905 5618 3012 5672 Eva
3046 5660 3060 5681 ,
3114 5632 3289 5686 neque
3338 5618 3466 5687 quia

1881 5723 2067 5766 essent
2119 5711 2278 5765 ambo
2309 5711 2475 5775 nudi,
2526 5710 2646 5765 ideo
2702 5710 2926 5764 alterius
2985 5724 3047 5762 ex
3102 5707 3236 5776 ipsis
3282 5709 3465 5766 taceam
