4170 6452
701 396 808 456 399

1950 381 2333 442 SYMEONIS
2366 379 2736 443 IUNlO’dlS

3862 375 3978 437 400

702 525 825 563 esse
892 505 1252 577 pudicitiam?
1304 504 1407 558 Sed
1455 511 1507 558 et
1553 505 1683 561 nudi
1727 510 1918 568 erant,
1975 512 2026 557 et
2072 518 2129 557 se
2179 518 2283 554 non
2314 504 2361 563 Α
2391 499 2587 553 fundit.
2618 497 2905 553 Postremo
2938 497 3041 551 alia
3079 505 3270 560 restat,
3309 511 3430 565 qua:
3465 496 3797 551 connivente
3835 498 3980 549 bono

702 599 1150 670 cognoscebant,
1204 613 1305 652 nec
1359 597 1801 660 er:.bcsecbaut,
1868 608 1971 647 nec
2026 606 2203 647 tamen
2256 606 2284 644 a

706 705 900 745 natura
936 693 1187 763 corporis
1232 693 1297 746 ad
1333 708 1446 746 rem
1496 688 1798 744 habendam
1830 687 2282 742 sollicitabantur.

706 785 810 840 Sed
859 793 985 856 post
1016 794 1301 853 peccatum
1325 826 1339 850 ,
1379 793 1432 837 et
1466 782 1963 853 transgressimrern
1993 820 2007 844 ,
2050 787 2102 832 et
2136 785 2287 847 post-

708 876 1165 946 quam'pzn'adiso
1220 875 1360 944 pulsi
1391 912 1405 937 ,
1457 889 1519 927 ac
1556 874 1666 925 Deo
1724 873 1907 925 nudati
1952 872 2205 934 fuerunt,
2236 878 2288 921 et

707 966 888 1017 divina
945 965 1066 1034 ejus
1121 964 1289 1033 gloria
1335 963 1689 1021 exciderunt,
1731 971 1893 1020 tune,
1926 968 1985 1011 ut
2025 959 2286 1024 scriptum

707 1064 791 1109 est
827 1072 844 1111 :
876 1056 1125 1124 Cognatit
1160 1056 1332 1107 Adam
1380 1070 1594 1107 uxorem
1649 1069 1830 1114 suam,
1864 1052 2195 1118 concepitque
2241 1059 2289 1100 et

710 1143 905 1215 peperit
946 1149 1009 1201 ¹⁷.
1064 1146 1297 1200 Proinde
1323 1187 1337 1208 .
1374 1147 1570 1200 dilecte
1598 1185 1612 1209 ,
1647 1146 1691 1197 si
1746 1156 1799 1196 tu
1852 1159 2068 1213 quoque
2123 1143 2290 1194 Deum

711 1240 926 1293 sinuere
974 1238 1244 1303 putaveris
1279 1280 1292 1304 ,
1324 1247 1377 1292 et
1418 1240 1469 1292 in
1507 1241 1623 1307 ejus
1658 1237 1949 1290 dilectione
1983 1235 2250 1287 manseris
2276 1272 2291 1297 ,

713 1348 989 1402 nunquam
1045 1332 1191 1384 ullus
1241 1331 1405 1384 animi
1460 1339 1642 1384 motus
1675 1346 1701 1381 a
1737 1330 1948 1381 ratione
1976 1327 2185 1379 alienus
2214 1324 2293 1377 tui

711 1426 1085 1483 donnnabitur
1124 1443 1138 1480 :
1183 1442 1359 1495 neque
1403 1425 1653 1494 corporis
1689 1423 2013 1476 necessitate
2056 1421 2290 1489 quadam

712 1520 998 1589 tyrannide
1030 1521 1321 1589 opprimet.
1358 1519 1513 1573 Sicut
1543 1518 1687 1571 enim
1724 1532 1924 1584 corpus
1958 1518 2075 1569 sine
2109 1516 2292 1566 anima

712 1611 777 1662 ad
822 1610 958 1663 nihil
1011 1610 1213 1661 moveri
1247 1616 1425 1677 potest
1464 1625 1477 1661 :
1513 1607 1590 1660 sic
1637 1622 1811 1676 neque
1843 1604 1952 1659 Deo
1982 1621 2075 1674 per
2111 1604 2297 1656 chari-

714 1712 878 1757 tatem
938 1703 1229 1771 conjuncta
1278 1704 1460 1755 anima
1522 1701 1587 1754 ad
1648 1700 1857 1753 ventris
1910 1709 1963 1753 et
2013 1698 2297 1752 libidinum

710 1796 1016 1864 voluptates
1047 1794 1390 1864 pcssumdari
1421 1812 1434 1848 :
1464 1808 1564 1847 nec
1589 1792 1655 1845 ad
1685 1793 1822 1846 alias
1851 1790 2115 1861 quasdam
2145 1790 2297 1858 cupi-

712 1887 910 1941 ditates
967 1902 1146 1941 rerum
1196 1885 1653 1954 aspectabilium,
1686 1896 1780 1937 aut.
1818 1900 1931 1937 non
1988 1882 2301 1952 aspectabi-

711 1978 864 2043 lium,
898 1979 949 2031 in
980 1979 1180 2048 quibus
1218 1978 1395 2031 loemn
1433 1978 1594 2032 habet
1627 1979 1961 2047 perturbatio
2002 1978 2300 2046 :quando-

713 2070 934 2139 quidem
992 2071 1269 2141 appetitus
1326 2070 1504 2125 cordis
1540 2070 1699 2137 ejus,
1753 2077 1846 2123 aut
1899 2070 2080 2138 potius
2125 2070 2306 2123 omnis

712 2160 996 2216 inclinatio
1048 2158 1345 2213 voluntatis
1397 2158 1559 2225 ejus,
1601 2173 1725 2211 cum
1774 2158 1919 2212 dulci
1973 2172 2159 2211 amore
2211 2154 2303 2209 Dei

636 2284 639 2286 -
714 2253 969 2307 devincta
1002 2260 1107 2307 est.
1142 2253 1262 2320 lpsa
1300 2251 1469 2321 igitur
1499 2250 1784 2305 Conditori
1812 2266 1913 2305 suo
1943 2252 2219 2316 colligata,
2249 2258 2306 2302 tit

716 2345 957 2400 diximus
988 2388 1001 2411 ,
1034 2344 1191 2408 cedo,
1229 2345 1504 2413 quomodo
1551 2359 1582 2397 a
1638 2358 1869 2412 corpore
1914 2343 2131 2396 incendi
2162 2382 2175 2406 ,
2212 2350 2306 2396 aut

718 2441 969 2503 moveri,
1003 2447 1097 2490 aut
1148 2452 1243 2505 per
1291 2436 1467 2505 ipsum
1523 2451 1654 2491 suas
1704 2436 1927 2491 omnino
1979 2435 2306 2505 Cttpiditules

714 2529 929 2599 explere
966 2529 1186 2599 potest?

794 2621 1054 2676 Naturam
1088 2634 1265 2674 autem
1294 2628 1713 2690 consequentes,
1748 2630 1802 2673 et
1834 2619 1885 2673 in
1922 2619 2039 2689 ipso
2068 2635 2305 2689 corpore

718 2715 1047 2770 essistentes
1086 2724 1419 2766 mutationes
1471 2712 1777 2766 manifesta:
1824 2723 1992 2780 sunt;
2044 2715 2303 2768 omnibus

719 2807 886 2871 enim,
918 2806 1078 2860 etiam
1109 2807 1335 2870 sanctis,
1376 2806 1725 2873 contingunt.
1758 2806 2069 2876 Aliquando
2104 2808 2304 2859 ctenim

720 2913 913 2954 sanum
948 2913 1070 2951 esse
1096 2896 1318 2959 dicitur,
1348 2912 1471 2948 cum
1500 2895 1592 2947 illa
1623 2911 1688 2949 ex
1720 2896 1921 2964 quibus
1951 2909 2299 2962 concretum,

722 3005 773 3046 et
810 2992 1172 3061 compositum
1208 2999 1312 3052 est,
1354 3004 1465 3043 non
1506 2988 1795 3042 dissident.
1821 2987 2129 3057 Aliquando
2158 3003 2303 3042 mor-

725 3087 850 3138 bum
884 3083 1092 3135 sentire
1117 3082 1353 3151 cogitur,
1380 3080 1599 3148 quando
1632 3096 1801 3133 unum
1835 3096 1897 3133 ex
1932 3093 2167 3149 quatuor
2199 3082 2308 3133 Cit)-

724 3177 922 3231 mcntis
963 3177 1145 3243 seipso
1180 3174 1259 3228 vel
1286 3177 1522 3238 acutius,
1548 3177 1632 3228 vel
1662 3175 1928 3227 minutius
1971 3184 2162 3253 contra
2201 3174 2303 3225 alia
2330 3212 2376 3273 ϐ

730 3270 1109 3335 insurrexerit,
1156 3268 1265 3320 into
1304 3268 1373 3319 ab
1415 3267 1522 3320 illis
1567 3268 1839 3319 devictum
1878 3280 2305 3334 oppressumque

729 3360 912 3417 fuerit.
971 3360 1109 3413 Hinc
1164 3358 1584 3418 distillationcs,
1636 3368 2003 3410 extremarum
2058 3358 2306 3426 corporis

731 3456 963 3524 partium
1000 3451 1400 3511 mutilationes,
1440 3457 1493 3501 et
1547 3463 1937 3516 nonnunquam
1975 3446 2146 3500 totius
2179 3446 2303 3497 ani-

735 3548 936 3600 mantis
972 3544 1243 3612 pernicies
1269 3553 1320 3594 et
1348 3540 1625 3603 interitus,
1653 3540 1791 3592 citra
1826 3542 2083 3591 damnum
2111 3540 2307 3592 anima:

732 3649 953 3702 nostra,
985 3651 1107 3688 cum
1144 3635 1340 3687 borum
1378 3631 1610 3700 plurima
1659 3645 1724 3684 ex
1772 3631 2188 3697 intemperantia
2238 3630 2309 3681 vi-

735 3737 857 3782 etus
900 3734 1253 3798 generentur.
1287 3722 1662 3788 Quorumdam
1695 3735 1825 3775 vero
1860 3736 2151 3789 corporum
2186 3737 2309 3775 mu-

741 3822 873 3875 tatio
906 3820 1085 3874 ventis
1111 3826 1163 3872 et
1215 3815 1327 3870 acri
1365 3812 1687 3869 ascribenda
1730 3824 1834 3867 est.
1868 3812 1974 3866 Acr
2006 3812 2151 3865 enim
2181 3812 2309 3882 quia

738 3914 969 3985 [τίςίιειιε
994 3954 1008 3977 ,
1040 3909 1289 3979 corporis
1322 3907 1574 3976 frigidam
1608 3907 1804 3961 sortita
1842 3916 2095 3959 naturam
2136 3904 2307 3960 oﬂen-

738 4007 840 4069 dit,
883 4020 947 4059 ac
980 4003 1250 4061 debilitat,
1297 4009 1356 4052 ut
1392 3999 1620 4052 nimium
1672 3998 1995 4064 refrigerata
2036 3998 2309 4051 videlicet.

743 4100 879 4160 Alia.
928 4096 1186 4166 quoniam
1248 4090 1648 4147 constitutione
1695 4090 1955 4144 calidiora
1989 4098 2141 4155 sunt,
2175 4092 2314 4144 cado

748 4188 1027 4258 frigidiore
1072 4184 1397 4254 temporaria
1437 4183 1620 4252 potius
1667 4196 1730 4235 ac
1752 4182 2052 4235 valentiora
2081 4182 2315 4234 reddun-

743 4295 852 4336 tur.
887 4280 1111 4341 Contra,
1141 4294 1266 4331 cum
1306 4291 1399 4329 aer
1446 4276 1756 4337 incaluerit,
1805 4274 2001 4343 frigida
2051 4274 2313 4329 foventur

741 4371 1166 4443 quodammodo,
1198 4378 1252 4424 et
1283 4368 1613 4422 reviviscunt
1642 4384 1655 4420 :
1688 4377 1745 4420 ut
1772 4383 1995 4431 muscae,
2020 4378 2073 4421 et
2106 4367 2314 4436 reliqua

746 4469 949 4521 insecta
984 4480 1012 4517 a
1048 4464 1217 4516 radiis
1253 4462 1525 4516 solaribus
1557 4458 1848 4529 tepefacta,
1877 4467 1929 4512 et
1952 4460 2235 4522 validiora,
2263 4466 2316 4512 et

2391 592 2519 655 Deo,
2569 605 2634 645 ac
2680 590 2910 644 Domino
2953 598 3165 655 nostro,
3221 591 3524 643 secundum
3575 591 3978 642 ceconomicam

2391 683 2790 735 institutionem
2827 678 2891 732 ad
2930 680 3290 733 humilitatem
3342 681 3500 731 nobis
3551 692 3580 730 a
3622 678 3973 732 d'emonibus

2392 774 2624 827 infertur
2654 773 2903 826 tentatio.
2928 769 2974 837 Q
2998 788 3190 825 ta-nam
3220 770 3444 824 istliaec?
3475 772 3649 838 ipsum
3682 770 3785 822 hoc
3813 786 3979 827 onus,

2391 878 2437 919 et
2480 869 2691 934 pondus
2725 866 2973 934 corporis
3006 865 3204 927 nostri,
3239 864 3384 933 quod
3412 863 3663 931 quamvis
3694 862 3842 914 nulla
3873 861 3981 912 alia

2391 961 2458 1014 tle
2498 975 2687 1023 causa,
2722 970 2947 1028 propter
2986 974 3183 1011 vanam
3218 959 3448 1026 gloriam
3494 957 3669 1010 Solum
3705 996 3717 1017 ,
3746 967 3844 1008 aut
3876 956 3985 1009 ela-

2395 1055 2602 1107 tiOuem
2651 1054 2821 1105 animi
2873 1062 2967 1105 aut
3014 1067 3109 1120 per
3157 1050 3566 1104 damnationem
3623 1050 3873 1111 alterius,
3930 1059 3986 1100 ut

2397 1143 2748 1213 negligentis,
2787 1150 2882 1194 aut
2923 1151 3147 1211 propter
3187 1144 3324 1194 alias
3371 1148 3535 1196 etiam
3568 1156 3768 1194 causas
3818 1140 3987 1198 niuri-

2397 1249 2535 1295 mas,
2568 1234 2801 1287 daemoni
2845 1235 3085 1285 traditur
3116 1233 3169 1284 in
3210 1233 3494 1284 interitum
3539 1233 3748 1293 carnis,
3773 1244 3825 1284 et
3861 1247 3967 1286 con

2397 1328 2676 1381 tritionem
2710 1327 2930 1383 animas;
2961 1326 3343 1395 probationem
3377 1341 3529 1389 vero,
3558 1334 3611 1378 ct
3643 1328 3989 1378 exercitatzo-

2398 1437 2518 1475 nem
2547 1419 2869 1488 ampliorem
2896 1421 3169 1487 ejusdem,
3194 1432 3247 1473 et
3270 1428 3327 1472 ut
3351 1435 3474 1470 eum
3501 1421 3707 1473 viseesa
3741 1420 3985 1486 pietatis.

2398 1526 2451 1570 et
2478 1514 2883 1567 miserationem
2911 1512 3001 1565 Dei
3033 1516 3178 1566 circa
3207 1528 3303 1565 nos
3330 1512 3777 1580 rogum'erimus,
3809 1522 3985 1563 totum

2400 1608 2606 1662 amoris
2634 1606 2886 1659 affectum
2925 1605 2991 1659 ad
3021 1620 3145 1659 eum
3194 1605 3624 1666 transferamus,
3658 1615 3888 1672 totoque
3928 1607 3983 1656 ia

2404 1700 2555 1753 ilium
2590 1699 2866 1753 desiderio
2901 1698 3165 1751 feramur.
3202 1696 3383 1762 Quare
3419 1709 3471 1751 et
3509 1697 3623 1751 haec
3651 1714 3758 1750 non
3789 1712 3987 1749 omnes

2402 1796 2585 1849 omnia
2625 1802 2831 1847 norunt
2873 1809 2887 1844 :
2919 1793 3013 1847 sed
3044 1793 3241 1845 animas
3277 1794 3498 1861 quidem
3530 1793 3913 1854 alterationcs,
3940 1800 3991 1841 et

2404 1887 2651 1956 corporis
2686 1887 3020 1941 mutationes
3047 1926 3060 1949 ,
3095 1885 3189 1954 qui
3239 1884 3586 1939 mediocriter
3629 1884 3694 1937 ad
3729 1888 3989 1937 virtutezn

2403 1977 2582 2031 affecti
2625 1987 2774 2036 sunt.
2806 1992 2997 2030 eorum
3030 1978 3265 2045 quisque
3296 1991 3360 2030 ex
3391 1989 3542 2044 parte
3571 1977 3743 2035 novit,
3775 1976 3819 2029 si
3852 1975 3991 2029 forte

2405 2069 2700 2139 contigerit
2755 2069 2809 2121 in
2866 2069 2986 2138 ipso
3027 2069 3311 2138 quippiam
3369 2067 3747 2136 hujuscemodi
3796 2083 3809 2118 :
3862 2081 3989 2119 nam

2406 2166 2571 2232 plane
2613 2162 2857 2215 tenebris
2889 2161 3095 2215 oﬂusos
3128 2177 3236 2215 non
3271 2174 3551 2214 curamus.

2472 2257 2541 2308 At
2567 2270 2705 2324 quas
2739 2269 2892 2306 mens
2923 2254 3131 2322 patitur
3178 2252 3591 2310 conversiones.
3640 2258 3693 2305 et
3738 2251 3997 2303 mutatio-

2406 2363 2529 2413 nes,
2576 2347 2643 2401 dc
2691 2346 2891 2416 quibus
2948 2346 3210 2407 diximus,
3267 2346 3370 2398 soli
3424 2344 3659 2398 turbidis
3701 2342 3996 2397 affectibus

2404 2449 2677 2503 carentes,
2706 2449 2759 2493 et
2805 2438 3065 2507 perfecti,
3122 2437 3242 2507 puri
3294 2446 3347 2491 et
3402 2437 3555 2490 liberi
3594 2438 3775 2490 anima
3826 2449 3996 2503 atque

2407 2542 2587 2587 tuente
2647 2540 3009 2603 cognoscunt.
3068 2530 3212 2596 Quin
3260 2546 3329 2584 nc
3404 2529 3508 2599 ipsi
3562 2528 3807 2598 quidem.
3872 2524 3994 2580 Non

2404 2629 2548 2681 enim
2584 2628 2669 2681 sui
2712 2627 2979 2693 ipsorum,
3016 2627 3111 2679 St'd
3148 2624 3377 2677 alterius
3405 2631 3554 2685 sunt,
3587 2639 3617 2676 a
3644 2637 3754 2689 quo
3789 2620 3859 2674 de
3908 2621 3995 2672 his

2404 2722 2567 2775 etiam
2604 2721 2956 2773 erudiuntur.
2996 2718 3276 2772 Interdum
3307 2719 3509 2786 quippe
3544 2732 3608 2770 es
3650 2718 3770 2770 istis
3805 2718 3997 2769 diver-

2405 2812 2661 2864 sitatibus
2694 2812 2861 2864 menti
2910 2811 3320 2874 accidentibus,
3353 2810 3774 2877 constringitur,
3801 2809 3999 2861 trista-

2407 2911 2605 2971 turquc
2666 2904 2871 2968 anima,
2932 2920 3054 2957 cum
3112 2904 3179 2957 de
3237 2902 3488 2972 przesenti
3543 2903 3741 2969 gauiio
3789 2899 3997 2969 aliquid

2410 2998 2676 3050 amisi-rit.
2710 2994 3101 3050 Verumtamen
3138 2997 3369 3051 tirilitcr
3403 3005 3634 3049 mentem
3663 2977 3995 3046 exsuscitat.

2411 3090 2683 3141 Interdum
2723 3104 2851 3141 vero
2909 3104 3065 3141 mens
3124 3089 3175 3139 in
3233 3089 3316 3141 his
3374 3103 3493 3156 quas
3552 3086 3755 3155 patitur
3809 3086 3997 3135 anima

2410 3182 2742 3250 cotnpatitur
2776 3189 2828 3233 et
2862 3181 2999 3247 ipsa.
3032 3193 3082 3235 ct
3120 3180 3172 3233 iu
3208 3190 3369 3233 nocte
3402 3180 3611 3233 versari
3647 3188 3876 3245 urgetur
3906 3179 3997 3229 ilia

2411 3275 2655 3341 quidem,
2696 3271 2792 3326 sed
2825 3288 2932 3323 non
2966 3272 3117 3324 cedit
3153 3287 3165 3320 :
3197 3281 3431 3325 conatur
3465 3281 3645 3322 autem
3683 3284 3909 3321 manere
3943 3271 3994 3319 in

2410 3365 2635 3429 lumine,
2676 3375 2730 3418 et
2759 3363 2989 3416 forsitan
3035 3365 3200 3417 etiam
3250 3365 3488 3415 animam
3544 3364 3805 3415 illustrat.
3844 3363 3999 3413 ATias

2412 3472 2631 3510 rursum
2671 3458 2737 3509 ab
2768 3456 3103 3509 inconstanti
3143 3467 3196 3510 et
3241 3455 3490 3524 inaequali
3528 3459 3775 3522 corporis
3804 3455 3997 3506 habitu

2413 3561 2643 3619 utraque
2680 3560 3005 3618 Pretnuntnr-
3037 3550 3409 3602 vehementer.
3449 3547 3758 3615 Aliquando
3787 3548 4000 3600 extrin-

2414 3659 2572 3697 secus
2615 3651 2950 3710 gravantur,
3006 3649 3060 3694 et
3107 3657 3249 3695 onus
3293 3641 3570 3703 sentiunt;
3616 3646 3671 3691 et
3712 3646 3897 3691 tamen
3945 3640 4000 3691 in

2415 3750 2551 3805 pace
2622 3744 2773 3789 sunt.
2808 3733 3105 3789 interdum
3162 3732 3495 3785 intrinsecus
3562 3731 3895 3793 turbantur,
3950 3741 4005 3784 et

2416 3834 2861 3889 commoventur,
2892 3825 3508 3895 perturbatiouibustjue
3540 3823 3841 3892 generatim
3869 3821 4005 3875 Sub-

2418 3922 2646 3981 duntur,
2689 3920 2869 3989 utqui
2906 3920 3135 3987 patitur,
3167 3917 3404 3988 priorem
3439 3916 3854 3981 tranquillitatis
3891 3930 4005 3967 sua:

2419 4013 2785 4065 conditionem
2828 4024 3055 4079 sperare
3090 4023 3194 4061 non
3234 4006 3430 4075 possit.
3459 4005 3548 4059 Sic
3580 4007 3763 4071 itaque
3794 4004 4004 4065 anima.

2419 4112 2473 4157 et
2513 4118 2668 4156 mens
2696 4116 2727 4156 a
2759 4117 3011 4170 corpore,
3057 4115 3212 4153 mens
3250 4098 3317 4152 ab
3345 4098 3526 4151 anima
3553 4098 3693 4165 ipsa,
3729 4106 3782 4149 et
3820 4098 4009 4147 anima

2420 4196 2659 4264 denique
2690 4210 2719 4247 a
2750 4203 2952 4259 mente,
2986 4201 3040 4248 ct
3075 4208 3305 4260 corpore
3330 4191 3516 4251 habet,
3542 4190 3683 4255 quod
3707 4189 4008 4255 delinquit.

2421 4286 2606 4357 Neque
2639 4287 2752 4339 hinc
2774 4287 2904 4347 duo,
2930 4286 3111 4338 anima
3139 4293 3195 4338 et
3222 4298 3373 4337 mens
3406 4297 3622 4350 semper
3658 4282 3962 4334 turbantur
3990 4301 4003 4334 :

2423 4379 2517 4432 sed
2559 4394 2622 4432 ex
2661 4379 2726 4430 iis
2758 4383 2842 4430 est
2879 4376 3098 4443 quando
3136 4376 3316 4427 anima
3362 4375 3568 4441 patitur
3598 4374 3737 4432 sola,
3768 4388 4011 4439 percun-

2424 4478 2710 4537 ctaturque
2739 4483 2916 4527 mens,
2945 4474 3021 4527 et,
3050 4466 3202 4534 quid,
3238 4464 3440 4531 inquit.
3469 4471 3555 4516 est
3586 4463 3722 4515 tibi?
3754 4464 4012 4529 illamque

748 4559 972 4628 agiliora
1005 4556 1261 4610 evadunt.
1303 4555 1371 4607 At
1427 4554 1625 4623 quibus
1662 4553 1981 4607 constitutio
2005 4551 2178 4605 calida
2209 4562 2306 4614 est,

2426 4560 2767 4614 consolatur.
2807 4557 3083 4612 Interdum
3122 4571 3274 4610 mens
3311 4566 3664 4619 excaecatur,
3712 4564 3763 4607 et
3799 4556 4012 4624 obtegi-

748 4648 1223 4703 vebcmentissime
1257 4647 1619 4699 cxardescunt
1644 4687 1656 4709 ,
1692 4653 1745 4699 et
1785 4644 1851 4698 ad
1884 4660 2101 4698 omnem
2137 4645 2312 4696 actio-

748 4755 867 4793 nem
896 4750 1058 4806 atque
1099 4748 1308 4791 m0tum
1344 4737 1596 4790 similiter
1629 4736 1909 4805 languida,
1949 4745 2001 4789 et
2043 4734 2312 4788 imbecilla

748 4834 881 4885 liunt
908 4847 922 4883 :
952 4839 1004 4883 et
1034 4830 1257 4883 omnino
1296 4828 1729 4898 unumquodque
1768 4842 1865 4895 pro
1890 4835 2319 4897 temperamento

750 4939 849 4976 suo
885 4924 937 4977 in
982 4925 1123 4976 aeris
1149 4932 1539 4990 ventorumque
1569 4921 1869 4974 mutatione
1893 4921 2068 4989 ipsum
2100 4935 2319 4989 quoque

749 5032 847 5085 pro
876 5025 991 5068 rata
1022 5014 1270 5085 portione
1297 5014 1656 5067 mutationem
1692 5013 1948 5066 admittit.
1982 5011 2123 5077 Quin
2152 5014 2316 5081 etiam

752 5108 869 5163 sine
898 5107 983 5160 his
1013 5107 1304 5174 separatim
1340 5121 1404 5157 ex
1450 5105 1593 5167 cibo,
1643 5115 1882 5173 potuqzie
1921 5101 2234 5164 immodico,
2268 5112 2322 5153 et

750 5215 817 5252 ex
850 5198 1265 5266 intemperantia
1300 5198 1609 5249 immutatio
1644 5197 1915 5264 sequitur.
1949 5195 2226 5259 Praeterea.
2257 5208 2320 5245 ex

754 5290 924 5342 multo
976 5303 1190 5353 somno,
1242 5305 1304 5342 ac
1364 5288 1570 5353 labore,
1624 5299 1717 5343 aut
1776 5289 1992 5358 pigritia
2056 5288 2324 5355 corporis.

753 5380 990 5434 llttrsum
1022 5382 1122 5433 alia
1153 5391 1259 5444 est,
1289 5382 1433 5451 quod
1485 5398 1549 5435 ex
1602 5384 1714 5452 ipsa
1750 5382 2099 5434 concretione
2134 5394 2328 5448 corpo-

753 5480 847 5534 ris.
883 5484 935 5527 et
966 5476 1145 5528 calore
1182 5477 1416 5527 naturali
1464 5475 1788 5545 producitur
1818 5475 2090 5527 furnasum
2129 5474 2322 5526 inccn-

751 5574 897 5619 mum
924 5605 936 5626 ,
986 5566 1131 5619 velut
1172 5568 1239 5620 ab
1272 5582 1409 5636 aqua
1445 5568 1733 5621 exstinctis
1769 5566 2104 5621 carbonibus
2128 5606 2143 5629 ,
2172 5563 2318 5633 quod

754 5661 886 5714 alias
916 5669 1075 5728 caput
1110 5661 1283 5714 solum
1319 5662 1470 5730 petit,
1517 5661 1649 5717 alia;
1687 5669 1800 5713 toto
1852 5676 1908 5713 se
1953 5671 2182 5727 corpore
2214 5655 2320 5711 dif-

820 5847 829 5869 ³
894 5840 1027 5897 Gott.
1066 5855 1137 5907 Iv,
1166 5841 1215 5893 1.

2427 4667 2537 4715 tur,
2574 4654 2869 4720 animaque
2922 4665 3045 4702 cum
3110 4648 3183 4702 sit
3234 4648 3429 4710 libera,
3472 4651 3675 4701 virtute
3733 4648 3874 4717 ignis
3924 4650 4012 4702 sui

2426 4746 2775 4817 persequitur
2818 4743 3108 4810 caliginem
3132 4779 3148 4804 ,
3185 4752 3235 4793 ct
3266 4741 3485 4795 sublato
3524 4742 3793 4793 velamine
3846 4757 4014 4794 men-

2428 4847 2531 4890 tem
2567 4836 2695 4889 facit
2734 4834 2999 4903 aspicere.
3032 4830 3403 4897 Quamobrem
3432 4874 3445 4897 ,
3480 4840 3667 4900 patres
3699 4841 3755 4883 et
3809 4830 4017 4885 fratres

2430 4930 2557 4992 mei,
2597 4945 2703 4982 non
2736 4928 2912 4982 solum
2942 4925 3299 4984 mutationes.
3330 4925 3726 4978 conversiones
3777 4940 4017 4993 quaeque

2428 5024 2587 5076 nobis
2639 5020 2900 5075 eveniunt
2953 5016 3344 5080 alterationes,
3400 5030 3591 5068 verum
3640 5017 3806 5068 etiam
3862 5016 4016 5069 unde,

2426 5114 2702 5169 eveniant.
2740 5119 2794 5164 et
2826 5109 3123 5179 quomodo,
3174 5116 3228 5162 et
3272 5108 3554 5177 aquibus,
3594 5110 3799 5176 quique
3853 5112 4013 5161 veuti

2427 5203 2818 5271 cogitationum
2851 5201 3083 5268 spirent,
3121 5208 3174 5251 ct
3201 5214 3267 5253 ex
3306 5198 3506 5265 quibus
3537 5213 3830 5265 pravarum
3867 5198 4015 5252 απυδ

2428 5298 2699 5360 etionum,
2730 5292 3204 5360 tentationumque
3250 5290 3477 5345 ﬂumina
3509 5290 3864 5351 descendant,
3919 5301 4018 5343 aut

2434 5385 2843 5455 superveniant,
2874 5383 3176 5453 intelligere
3214 5382 3504 5443 debemus,
3530 5390 3591 5433 ut
3631 5382 3856 5434 domum
3893 5383 4020 5433 ani-

2432 5494 2533 5532 ma:
2568 5486 2686 5531 tuto
2717 5476 3018 5537 firmemus,
3050 5485 3104 5528 et
3146 5473 3347 5540 navigii
3397 5474 3613 5528 clavum
3650 5474 3787 5527 bene
3818 5475 4015 5527 mode-

2430 5585 2615 5625 remur
2645 5584 2709 5622 ne
2730 5569 2866 5622 artis
2891 5567 3151 5637 imperiti.
3187 5577 3495 5635 naturaque
3520 5565 3796 5619 inhabiles
3825 5566 4014 5633 ipsum

2434 5676 2714 5717 versemus
2754 5678 2768 5713 :
2806 5674 3041 5730 quorum
3084 5658 3453 5730 cognitionem
3486 5658 3595 5712 vita
3640 5656 3894 5713 studiose
3926 5674 4013 5714 se-
