4170 6452
191 420 287 482 401

1604 418 1888 479 ORATIO
1918 421 2083 483 XIX.

3346 423 3450 485 402

189 533 434 587 cundum
494 536 738 602 regulam
784 545 1044 603 perpetuo
1092 544 1210 589 acta
1263 534 1593 602 suppeditat.
1652 534 1767 588 Sibi
1802 539 1847 593 Α
1879 539 2023 605 pias;
2059 539 2150 592 sed
2185 539 2422 593 arculam
2456 540 2672 608 quidem
2721 541 3087 609 obsignatam.
3123 556 3447 609 magnoque.

191 628 337 679 enim
379 628 480 695 ipsi
511 631 802 682 terminum
852 644 913 681 ac
968 638 1154 699 typum
1189 642 1391 696 ponere
1443 626 1772 681 monarthn

190 729 430 785 oportet,
463 731 518 773 ct
544 721 687 775 scire
725 736 833 789 quo
874 730 1034 789 pacto
1080 720 1279 788 singuli
1321 718 1437 773 dies
1486 722 1774 788 peragendi

190 815 319 875 sint,
354 823 411 865 nt
442 815 780 866 curriculum
812 814 1035 866 virtutis
1057 812 1310 880 expedite
1335 820 1495 877 queat
1523 827 1771 873 currere,

190 916 241 959 ct
291 921 366 959 ne
406 921 506 975 per
542 909 819 960 inscitiam
872 922 1071 960 cursus
1121 908 1240 974 ejus
1288 906 1641 974 impediatur.
1684 907 1774 959 Sic

188 999 354 1050 etiam
389 1000 493 1053 sibi
532 1000 675 1051 viam
708 1001 925 1052 virtutis
959 1015 1208 1065 aSperatn
1249 1000 1413 1053 simul
1452 1009 1499 1053 et
1534 1001 1769 1053 laborio-

190 1106 302 1143 sam
340 1092 717 1159 coerplanabit
747 1107 761 1143 :
798 1106 920 1143 runt
948 1091 1206 1143 nimirum
1242 1090 1513 1153 habitum,
1541 1107 1771 1145 censue

191 1184 554 1252 tudinentqtte
578 1193 724 1238 recte
752 1183 987 1237 faciendi
1012 1184 1353 1252 acquisierit,
1383 1196 1435 1238 ct
1462 1186 1771 1253 profuicns,

189 1277 659 1345 ascensionesque
687 1278 740 1328 iu
767 1276 934 1329 corde
954 1292 1056 1327 suo
1082 1276 1403 1344 disponens,
1427 1284 1477 1331 ct
1500 1292 1563 1329 ex
1594 1279 1774 1345 parvis

189 1369 252 1418 ad
291 1367 501 1435 majora
535 1368 970 1436 perfectiut‘aqtte
1001 1382 1059 1419 se
1096 1368 1348 1420 attollens
1378 1365 1487 1420 Deo
1514 1368 1771 1433 placebit,

187 1460 581 1525 dictorumque
606 1475 636 1513 a
668 1460 827 1513 nobis
859 1461 1102 1512 omnium
1148 1462 1399 1514 notitiam
1436 1461 1659 1513 habebit
1703 1461 1770 1523 ¹⁸,

187 1564 238 1607 et
273 1556 576 1605 umltorum
610 1554 839 1605 aliorum
872 1551 1136 1619 magister
1168 1552 1371 1615 audiet,
1410 1567 1687 1615 sermone,
1716 1563 1772 1607 et

189 1659 408 1696 morum
455 1644 766 1697 innocentia
800 1659 896 1697 eos
932 1644 1024 1711 qui
1079 1658 1202 1696 cum
1244 1644 1363 1711 ipso
1395 1644 1767 1696 versabuutur

190 1736 537 1797 illuminans,
568 1744 627 1788 ut
663 1736 756 1804 qui
793 1736 957 1789 etiam
992 1735 1105 1803 ipse
1148 1735 1385 1803 desuper
1426 1736 1773 1789 illuminatus

1877 639 1931 684 et
1974 629 2233 699 opulento
2280 631 2536 684 thesauro
2584 630 2868 695 refertam,
2918 630 3159 700 quandiu
3223 630 3275 683 in
3345 635 3449 683 vita

1877 723 2258 785 commoraris,
2304 722 2685 787 circumferas,
2734 733 2792 778 ut
2838 722 3099 785 diximus,
3158 733 3212 773 tn
3267 732 3446 775 autem

1879 815 1996 883 ipse
2030 816 2235 869 interea
2279 815 2442 878 fame,
2476 816 2588 879 siti,
2634 815 2878 870 nuditate
2910 815 3213 869 crucieris?
3260 812 3447 867 Nullus

1877 908 2037 977 plane
2071 909 2286 976 opinor.
2318 909 2425 963 Ista
2454 910 2612 970 mihi,
2647 909 2811 961 frater
2845 909 2914 959 mi
2940 950 2953 972 ,
2983 907 3150 960 etiam
3188 906 3254 957 de
3289 905 3447 974 spiri-

1878 1002 2119 1055 tualibus
2150 1004 2346 1070 cogita,
2381 1012 2435 1056 et
2473 1002 2672 1056 arculas
2711 1001 2931 1054 nomine
2962 999 3163 1053 Christi
3213 996 3455 1063 Evange—

1877 1093 2030 1156 linm,
2066 1106 2398 1162 exterasque
2431 1092 2748 1161 Scripturas
2795 1091 3063 1158 intelligo,
3106 1091 3371 1144 halsentes
3403 1089 3454 1141 in

1879 1198 1937 1235 se
1970 1184 2313 1248 conclusam,
2348 1193 2401 1238 ct
2429 1185 2696 1253 signatam
2730 1185 2893 1237 vitam
2928 1193 3211 1242 aeternam.
3242 1192 3295 1235 et
3326 1196 3450 1233 cum

1878 1274 2064 1328 dadem
2096 1292 2217 1344 qua:
2246 1276 2295 1328 in
2336 1276 2424 1330 illa
2458 1286 2623 1339 sunt,
2663 1276 2827 1329 trullis
2854 1274 3209 1343 exprimenda
3246 1271 3449 1329 verbis.

1878 1382 2107 1435 quaeque
2138 1368 2313 1420 oculis
2340 1369 2619 1437 corporeis
2653 1384 2760 1423 non
2799 1376 3101 1422 cernuntur
3133 1366 3273 1419 bona
3299 1372 3457 1416 arter-

1878 1472 1968 1521 na,
1999 1458 2297 1511 secundum
2334 1457 2545 1512 Domini
2577 1474 2761 1512 vocent
2792 1476 2803 1511 :
2838 1456 3169 1512 Scrutumini
3208 1454 3452 1520 Scriptu-

1878 1567 1991 1616 ras,
2027 1553 2276 1619 quoniam
2311 1553 2365 1605 in
2408 1553 2537 1622 ipsis
2566 1563 2642 1604 est
2686 1554 2794 1605 vita
2827 1562 3025 1604 (eterna
3066 1551 3132 1604 ".
3171 1547 3456 1602 llotuinem

1880 1658 2064 1712 porro,
2097 1646 2189 1712 qui
2221 1646 2464 1698 arculam
2494 1646 2545 1699 in
2577 1645 2834 1698 lmmeros
2861 1644 3107 1707 sustulit,
3138 1657 3276 1711 pone
3304 1642 3455 1695 illum

1879 1751 2024 1802 esse,
2058 1737 2150 1806 qui
2192 1736 2509 1806 Scriptor-as
2548 1753 2739 1792 omnes
2774 1737 3007 1793 reddere
3035 1746 3197 1804 queat
3246 1750 3310 1787 ex
3349 1749 3455 1787 tno~

189 1828 293 1891 sit;
326 1836 383 1880 ct
414 1826 683 1896 profunda
734 1827 985 1881 revolans
1020 1827 1126 1891 his,
1176 1828 1270 1896 qui
1325 1843 1447 1881 cum
1501 1826 1774 1883 desiderio
1808 1871 1853 1929 Β
1881 1833 2075 1896 moria,
2106 1841 2159 1887 et
2190 1833 2240 1886 itt
2290 1848 2387 1887 ore
2422 1848 2516 1887 eas
2548 1848 2760 1901 semper
2794 1832 3008 1886 habeat.
3043 1829 3148 1883 l-Jas
3176 1830 3361 1898 itaque
3404 1829 3459 1881 in

188 1924 445 1983 q’uzerunt
494 1920 705 1974 discere
747 1919 1018 1989 profunda
1072 1921 1301 1990 spiritus
1332 1920 1397 1984 ".
1450 1920 1505 1977 in
1554 1921 1773 1978 Christo

186 2010 344 2071 l-su.
371 2010 607 2065 Domino
638 2023 851 2074 nostro,
883 2014 972 2067 cui
1000 2014 1195 2084 gloria.
1229 2021 1283 2067 et
1328 2015 1504 2084 imper
1529 2027 1617 2067 um
1650 2028 1773 2068 eum

188 2102 373 2165 Patre,
411 2112 465 2157 et
496 2113 688 2160 sancto
715 2105 917 2176 Spiritu
949 2120 1096 2161 nunc
1127 2115 1182 2161 et
1216 2105 1270 2161 in
1303 2106 1501 2162 saecula
1534 2107 1770 2161 saeculo-

195 2209 344 2248 rum.
378 2199 575 2250 Amen.

765 2315 1021 2373 ORATIO
1061 2316 1186 2372 XIX

784 2431 1189 2488 Aacuusuruu.

200 2541 273 2596 De
314 2548 616 2611 cognitione
661 2546 933 2614 spirituali
967 2564 985 2601 .°
1013 2557 1060 2600 et
1098 2548 1402 2600 thesaurum
1443 2550 1662 2610 spiritus
1718 2554 1771 2605 in

266 2617 444 2667 littera
479 2627 783 2671 sanct‘rrunt
817 2617 1219 2682 Scripturarum
1255 2617 1644 2680 absconditum,
1676 2640 1775 2674 non

268 2687 533 2745 omnibus,
569 2704 867 2753 quanquam
897 2688 1227 2745 cup'entibns
1265 2690 1600 2755 manifestum
1625 2709 1735 2745 esse
1760 2708 1778 2745 .'

266 2755 356 2827 gr!
392 2756 780 2827 renidentibus
824 2758 1084 2809 duntaxat
1130 2759 1301 2819 illum,
1334 2760 1423 2827 qui
1456 2777 1662 2814 sensum
1711 2762 1779 2815 at!

265 2821 576 2891 Scriptura;
610 2825 979 2896 intelligendas
1013 2830 1206 2895 aperit.

267 2934 586 3000 Spiritnalis
621 2938 893 3007 cognitio,
933 2938 1154 3003 fratres,
1211 2940 1453 3009 cuipiam
1506 2943 1692 2998 domui
1725 2949 1775 3000 in

198 3030 377 3083 medio
408 3032 716 3096 mundanas,
744 3041 797 3085 et
838 3031 1057 3099 gentilis
1109 3034 1437 3102 cognitionis
1488 3037 1772 3092 mitificant:

198 3122 394 3176 similis
424 3134 511 3176 est
539 3145 549 3177 :
579 3124 635 3177 in
662 3139 764 3192 qua
789 3124 972 3189 domo,
999 3126 1143 3178 velut
1168 3126 1487 3179 scriniolum
1521 3129 1778 3196 solidum,

1878 1926 2063 1981 arcula
2097 1927 2403 1981 memoriali
2432 1927 2646 1988 animae,
2678 1924 2931 1978 mandata
2969 1922 3059 1977 Dei
3088 1932 3146 1976 ut
3179 1920 3461 1991 prctiOsos

1878 2020 2141 2089 quosdam
2200 2021 2407 2087 lapides
2468 2020 2805 2079 continente,
2856 2016 2910 2070 in
2960 2015 3158 2083 quibus
3216 2020 3299 2067 cst
3349 2010 3460 2064 vita

1878 2120 2082 2166 aeterna
2116 2112 2301 2179 (verba
2329 2113 2475 2165 enim
2508 2110 2709 2164 Christi
2741 2111 2831 2163 lus
2857 2115 2911 2163 et
2935 2107 3041 2160 vita
3075 2114 3204 2160 sunt.
3241 2112 3295 2156 ut
3319 2100 3460 2156 idem

1880 2204 1996 2273 ipse
2043 2204 2119 2257 ait
2147 2203 2214 2266 “,
2245 2212 2298 2257 et
2329 2203 2422 2273 qui
2462 2217 2570 2256 non
2607 2200 2781 2255 credit
2836 2200 2889 2253 in
2943 2196 3142 2251 Filium
3192 2195 3312 2258 Dei,
3353 2207 3460 2246 non

1879 2295 2086 2350 videbit
2119 2294 2308 2363 vitam)
2335 2300 2606 2363 apportat.
2637 2292 2773 2347 (ἰὴ-ιιι
2825 2290 3097 2344 mandatis
3124 2297 3307 2342 autem
3349 2287 3463 2338 vir-

1882 2396 2028 2441 tutes
2061 2428 2076 2452 ,
2114 2396 2173 2441 nt
2219 2387 2544 2453 margaritas
2600 2387 2865 2455 quasdam
2890 2425 2904 2448 ,
2941 2401 2968 2437 a
3009 2382 3281 2438 mandatis
3321 2382 3462 2436 enim

1882 2480 2134 2543 virtutes,
2155 2480 2207 2534 in
2227 2481 2427 2550 quibus
2461 2481 2847 2552 mysteriorum
2874 2480 2926 2534 in
2958 2480 3132 2532 littera
3154 2478 3462 2541 latentium,

1880 2579 1933 2626 et.
1960 2572 2333 2625 0b\'('.i:tlul‘ttttt
2384 2573 2663 2625 revelatio.
2705 2571 3046 2625 Factitandis
3098 2572 3244 2625 enim
3294 2583 3460 2622 mane

1881 2664 2026 2716 datis
2082 2663 2315 2717 virtutes
2370 2672 2701 2717 exercentur
2743 2681 2755 2715 :
2807 2664 3102 2716 virtutibus
3142 2662 3464 2716 exercendis

1884 2755 2146 2810 mandata
2181 2756 2498 2825 implentur.
2527 2755 2704 2824 Atque
2739 2756 2810 2807 ita
2850 2770 2943 2823 per
2973 2754 3087 2807 hcce
3112 2753 3268 2809 nobis
3294 2755 3462 2823 janua

1886 2849 2223 2917 cognitionis
2262 2849 2538 2917 aperitur;
2578 2849 2689 2901 imo
2736 2863 2865 2901 vero
2898 2863 3005 2899 non
3059 2862 3155 2916 per
3184 2848 3323 2912 haec,
3370 2862 3461 2902 seu

1883 2956 1979 3012 per
2025 2956 2147 2997 etim
2197 2942 2289 3009 qui
2337 2942 2473 2996 dixit
2514 2960 2527 2994 :
2562 2942 2666 3008 Qui
2702 2958 2780 2994 nte
2810 2940 3005 3009 diligit,
3054 2948 3307 2994 mandato
3350 2957 3462 2994 mea

1885 3034 2136 3094 seri-alit,
2168 3043 2216 3087 et
2242 3037 2406 3087 Pater
2443 3052 2587 3088 meus
2621 3036 2799 3104 diliget
2830 3050 2946 3086 eum
2971 3073 2987 3097 ,
3022 3041 3071 3086 et
3123 3048 3214 3103 ego
3242 3033 3466 3103 manifs-

1885 3125 2035 3178 stubo
2066 3126 2115 3178 ei
2146 3127 2401 3191 meipsum
2432 3126 2499 3183 ”.

195 3226 248 3268 cl.
287 3217 690 3270 communitum
732 3225 815 3271 est
849 3218 1089 3285 cognitio
1143 3234 1171 3271 a
1226 3218 1336 3273 Deo
1388 3220 1777 3290 inspiratarum
1811 3222 1854 3280 C
1958 3215 2014 3270 Si
2051 3230 2185 3286 ergo
2238 3216 2608 3280 habitaverit,
2660 3224 2714 3271 et
2763 3218 3125 3273 ambulaverit
3165 3219 3311 3273 inter
3358 3235 3458 3273 nos

200 3307 637 3376 Scripturarum,
668 3316 722 3362 et.
770 3309 1107 3376 divitiarum,
1140 3325 1263 3380 qua:
1305 3311 1359 3365 in
1385 3326 1452 3367 eo
1481 3312 1784 3382 inexplica-

200 3401 355 3463 liiles,
385 3403 564 3453 instar
598 3402 840 3457 thesauri
872 3402 1059 3471 jacent
1099 3404 1429 3458 recondita}:
1471 3421 1656 3475 quem,
1689 3409 1782 3477 qui

198 3494 420 3543 domum
459 3492 860 3560 ingreliuntur,
894 3493 1079 3547 videre
1110 3503 1410 3559 nequeunt,
1450 3497 1553 3551 nisi
1594 3501 1785 3555 arcula

201 3584 302 3635 illis
328 3584 550 3650 penitus
578 3596 872 3649 reseretur;
903 3600 1066 3653 quant
1094 3596 1274 3639 tamen
1302 3587 1539 3643 humana
1568 3593 1787 3660 sapien-

202 3676 267 3728 tia
323 3690 578 3729 rest-rare
623 3691 906 3745 nunquam
963 3678 1182 3732 valebit.
1232 3679 1503 3745 Quocirca
1558 3684 1784 3750 spiritus

204 3780 335 3832 opes
367 3766 422 3817 in
463 3781 525 3818 ea
566 3772 852 3835 repositae,
901 3769 1226 3823 mortalibus
1280 3772 1554 3827 universis
1596 3777 1789 3842 ignotae

200 3867 445 3911 manent.
485 3857 555 3910 Et
598 3859 1093 3927 quemadmodum,
1148 3860 1274 3915 licet
1326 3862 1495 3931 ipsam
1543 3868 1786 3923 arculam

200 3958 367 4000 totam
405 3949 654 4000 humeris
693 3950 807 4003 suis
844 3949 1153 4019 impositam
1184 3953 1309 4020 quis
1354 3956 1513 4015 ferat.
1550 3957 1787 4013 locatum

200 4039 249 4091 in
276 4056 341 4093 ea
373 4041 700 4093 thesaurum
731 4041 985 4109 ignorat:
1018 4042 1120 4105 sic,
1140 4044 1244 4097 etsi
1273 4046 1395 4113 quis
1418 4062 1610 4101 omnes
1638 4049 1789 4102 Scri-

201 4144 390 4199 pturas
422 4132 640 4197 legerit,
675 4133 809 4187 etin
845 4142 1062 4201 pectore
1109 4136 1500 4199 rerondidcrit,
1540 4147 1592 4192 et
1626 4141 1784 4209 quasi

201 4240 369 4275 unum
409 4224 688 4292 psalmum
740 4239 833 4277 eas
879 4226 1110 4278 recitare
1156 4241 1219 4279 es
1277 4231 1543 4283 memoria
1596 4233 1786 4299 possit,

204 4317 590 4370 absconditum
627 4316 988 4371 nihilominus
1016 4319 1068 4370 in
1097 4320 1284 4372 arcula
1329 4322 1505 4374 sancti
1550 4321 1787 4389 Spiritus

204 4411 404 4463 donqu
437 4411 638 4463 nescit.
673 4410 858 4478 Neque.
882 4413 1025 4464 enim
1048 4428 1140 4481 per
1168 4414 1408 4468 arculam
1441 4430 1563 4483 quae
1599 4417 1788 4470 insunt

206 4505 249 4555 in
284 4506 502 4566 arcula,
534 4518 713 4571 neque
747 4520 841 4573 per
871 4503 1213 4573 Scriptorum
1249 4521 1369 4574 qua:
1400 4508 1606 4561 suntin
1640 4507 1789 4560 Scri-

205 4611 382 4664 p'ura,
446 4608 761 4651 uolt-scunt.
820 4598 959 4650 Amli
1013 4614 1251 4667 quanam
1305 4599 1538 4653 ratione.
1584 4600 1784 4655 Cernis

207 4706 388 4741 arcam
424 4690 729 4754 parvulam,
760 4690 895 4742 brue
928 4689 1169 4741 clausam
1199 4689 1460 4756 undique,
1492 4699 1789 4756 quantum—

206 4796 302 4846 que
336 4798 403 4833 ex
435 4784 556 4841 ejus
592 4781 936 4846 putniere,(n
962 4780 1236 4832 exteriore
1266 4779 1535 4842 elegantia
1570 4780 1787 4849 Cnlﬁgis

209 4874 321 4937 {aut
359 4873 594 4924 lorsi:a;i
636 4871 799 4922 etiam
847 4871 915 4923 ab
961 4869 1080 4922 aliis
1119 4870 1399 4937 audivisti)
1447 4871 1626 4924 credis
1658 4872 1791 4925 tlte-

211 4978 431 5015 saurum
479 4964 628 5015 intus
661 4962 826 5014 latere
865 4979 877 5013 :
920 4975 1025 5027 qua
1055 4960 1215 5013 etiam
1252 4961 1489 5024 subiata,
1522 4962 1789 5017 festinan—

212 5066 286 5108 ter
316 5056 591 5107 ambulas.
638 5053 806 5106 Narra
842 5054 1006 5120 igitur
1054 5053 1208 5116 mihi,
1249 5054 1378 5122 quid
1418 5056 1697 5122 proderit,
1739 5057 1782 5111 si

210 5148 576 5216 obsignatam,
611 5158 665 5199 et.
698 5147 942 5199 clausam
969 5145 1144 5212 ipsum
1184 5145 1354 5198 snlatu
1392 5148 1444 5197 in
1488 5147 1636 5198 omni
1676 5147 1783 5201 vita

210 5238 589 5301 circumferas,
656 5252 753 5289 nec
786 5236 1025 5305 aperias,
1081 5249 1181 5287 nec
1232 5235 1528 5303 aliquando
1576 5236 1779 5289 ibidem

214 5333 513 5397 repositum
564 5331 879 5382 thesaurum
931 5328 1238 5395 inspicias?
1294 5329 1339 5381 si
1378 5327 1690 5395 lapillorum
1728 5328 1783 5382 in

215 5436 270 5475 ea
305 5423 601 5492 fulgorum,
637 5419 1057 5487 margaritarum
1110 5418 1439 5479 claritatem,
1472 5420 1589 5470 auri
1628 5432 1789 5472 coru-

217 5528 361 5568 scum
404 5513 753 5582 splendorem
786 5527 893 5565 non
934 5509 1160 5563 videas?
1192 5508 1327 5573 Quis
1359 5508 1591 5570 fructus,
1624 5509 1667 5564 si
1702 5510 1789 5563 di-

217 5620 347 5673 gnus
382 5622 492 5659 non
527 5606 626 5664 sis,
657 5604 751 5669 qui
780 5618 846 5657 ex
890 5604 956 5656 iis
985 5604 1065 5655 vel
1100 5600 1403 5669 pauxillum
1434 5600 1653 5654 auferas
1678 5640 1692 5662 ,
1734 5610 1790 5653 et

220 5697 334 5750 inde
361 5698 426 5750 ad
460 5698 663 5750 victum
704 5696 1031 5750 vestitumve
1073 5693 1280 5764 aliquid
1312 5692 1586 5747 commodi
1618 5693 1794 5762 perci-

294 5842 331 5869 "
363 5841 506 5895 l‘sal.
554 5857 785 5897 txxsnt.
823 5841 874 5894 6.
958 5844 1000 5873 "
1041 5843 1061 5895 l
1095 5840 1220 5893 Cor.
1254 5853 1312 5907 tt,
1359 5839 1443 5893 ιο.

234 5910 347 5967 loss.
377 5929 459 5981 nt,
501 5913 558 5968 5.
676 5911 722 5945 "'
754 5912 913 5968 llom.
944 5928 1059 5971 rut.
1094 5911 1181 5969 t7.

1522 5843 1566 5874 ’θ
1606 5837 1763 5895 Joan.
1825 5854 1878 5908 ν,
1910 5838 1997 5893 59.

1889 3307 2057 3375 Deus,
2098 3318 2152 3362 et
2188 3309 2304 3377 ipse
2338 3310 2581 3375 scipsum
2620 3308 2780 3365 nobis
2810 3310 2958 3363 clare
3005 3308 3463 3372 tnanifestaverit.

1888 3407 2020 3453 tunc
2051 3415 2172 3468 qum
2202 3401 2255 3454 in
2286 3401 2493 3463 arcula,
2548 3402 2598 3455 id
2640 3410 2748 3466 est,
2799 3402 2852 3455 in
2904 3402 3109 3457 divinis
3161 3401 3466 3474 Scripturjs

1891 3492 2211 3546 abscondita
2241 3503 2370 3547 sunt
2394 3493 2675 3563 mysteria,
2704 3494 3087 3563 cognoscendo
3112 3493 3465 3551 intuebimur:

1890 3585 2056 3641 aliter
2090 3585 2172 3640 fas
2201 3600 2309 3639 non
2340 3594 2445 3641 est.
2479 3584 2647 3640 Nemo
2673 3596 2841 3646 erret,
2871 3585 3028 3656 quasi
3058 3588 3105 3641 ei
3133 3586 3321 3640 arcula
3370 3600 3461 3642 co-

1891 3677 2154 3747 gnitionis
2194 3686 2381 3747 aperta
2419 3679 2511 3742 sit,
2561 3686 2616 3733 et
2670 3679 2829 3732 bonis
2862 3694 2981 3746 quae
3007 3679 3060 3733 in
3091 3694 3153 3731 ea
3184 3686 3313 3733 sunt
3343 3695 3469 3748 per-

1893 3769 2143 3835 fruatur;
2180 3778 2276 3822 aut
2326 3785 2517 3823 eorum
2556 3771 2630 3822 sit
2670 3770 2967 3838 particeps,
3014 3784 3183 3838 eaque
3214 3770 3464 3836 aspiciat.

1892 3857 2148 3925 Qnafium
2179 3874 2332 3925 vero,
2381 3875 2728 3928 quorumque
2778 3859 2998 3925 horum,
3042 3860 3311 3914 obsecro?
3351 3876 3469 3930 per-

1892 3950 2045 4005 fecta:
2080 3952 2367 4005 charitatis
2402 3966 2530 4019 erga
2559 3950 2752 4016 Deum,
2777 3960 2828 4005 et
2858 3952 3184 4020 proximum.
3207 3951 3467 4006 Contem-

1890 4052 2017 4113 ptus
2053 4058 2243 4097 eorum
2279 4058 2402 4112 qua:
2425 4044 2684 4097 videntur
2708 4045 2991 4107 omnium;
3027 4043 3468 4099 mortificationis

1894 4136 2101 4197 carnis,
2140 4142 2193 4187 et
2228 4136 2599 4189 membrorum
2630 4137 2770 4204 ejus,
2818 4152 2937 4204 qua:
2984 4145 3114 4190 sunt
3152 4151 3318 4205 super
3362 4144 3471 4190 ter-

1890 4239 2031 4283 ram.
2062 4238 2234 4290 usque
2260 4222 2325 4275 ad
2355 4224 2553 4276 malam
2590 4225 2941 4293 cupiditatem
2973 4225 3020 4257 "
3056 4243 3069 4279 :
3108 4233 3166 4278 ut
3195 4228 3469 4294 quomodo

1895 4324 2149 4369 mortuus
2184 4315 2402 4384 penitus
2452 4331 2554 4369 nec
2610 4317 2838 4385 cogitat,
2878 4333 2979 4371 nec
3027 4318 3196 4371 sentit
3227 4319 3465 4387 aliquid.

1893 4405 1964 4459 ita
1996 4414 2051 4459 et
2083 4421 2185 4459 nos
2218 4406 2322 4474 ipsi
2360 4406 2564 4459 nullam
2596 4409 2984 4475 cogitationem
3017 4408 3281 4477 improbae
3315 4410 3467 4478 cupi-

1894 4499 2107 4563 ditatis,
2162 4508 2256 4553 aut
2292 4514 2492 4554 sensus
2541 4515 2665 4553 cum
2716 4501 3134 4569 perturbatione
3189 4502 3466 4572 conjuncti

1893 4595 2122 4647 omnino
2157 4607 2395 4660 unquam
2424 4592 2842 4660 concipiamus;
2871 4600 2964 4644 aut
3012 4594 3312 4662 tyrannicae
3352 4602 3467 4646 tur—

1895 4683 2131 4736 bationis
2164 4682 2363 4735 malum
2382 4682 2751 4750 experiamur,
2775 4692 2819 4732 et
2846 4689 3058 4733 tantum
3085 4681 3467 4734 mandatorum

1897 4772 2201 4827 Salvatoris
2237 4789 2507 4825 memores
2540 4771 2732 4824 simus.
2763 4772 2991 4841 insuper
3017 4773 3466 4837 itunmrtalilatis,

1896 4863 2353 4932 ineorruptinnis,
2387 4871 2603 4915 actenus:
2649 4862 2866 4930 gloriae,
2912 4863 3033 4915 vitze
3080 4863 3465 4929 sempiternae,

1897 4959 2054 5024 regni
2112 4955 2421 5017 cmlorum,
2486 4954 2798 5022 adoptionis
2853 4970 2947 5022 per
3001 4954 3469 5023 regenerationem

1896 5048 2068 5100 sancti
2114 5046 2374 5116 Spiritus,
2427 5054 2481 5099 ct
2513 5055 2572 5099 ut
2605 5061 2700 5114 per
2744 5045 3091 5114 adoptionem
3114 5085 3129 5110 ,
3162 5054 3215 5099 et
3244 5046 3469 5113 gratiam

1895 5140 1968 5193 dii
2005 5139 2198 5192 fiamus
2223 5179 2236 5198 ,
2278 5152 2649 5205 vovemurqne
2688 5136 2933 5190 lueredes
2978 5137 3071 5189 Dei
3096 5178 3109 5199 ,
3156 5137 3471 5191 coha'redcs

1894 5242 2075 5287 autem
2108 5230 2312 5285 Christi
2342 5230 2411 5296 “,
2446 5238 2501 5284 et
2538 5244 2644 5282 una
2697 5244 2821 5283 cum
2865 5230 2951 5285 his
2996 5229 3204 5285 Christi
3250 5245 3466 5284 sensum

1893 5323 2294 5394 possideamus,
2330 5338 2425 5389 per
2452 5336 2609 5390 quem
2650 5321 2842 5387 Deum,
2882 5331 2933 5375 et
2963 5321 3244 5375 Christum
3285 5322 3463 5390 ipsuut

1896 5418 2200 5474 secundum
2249 5415 2592 5470 divinitatem
2649 5413 2791 5466 inter
2843 5429 2943 5467 nos
2998 5413 3367 5473 habitantem,
3417 5422 3469 5465 et

1898 5510 2271 5564 ambulantem
2311 5507 2614 5568 videamus,
2645 5511 2699 5556 et
2722 5518 3139 5574 cognoscamus.
3177 5502 3270 5557 llis
3303 5504 3467 5567 igitur

1899 5602 2183 5665 omnibus,
2240 5610 2294 5654 et
2326 5598 2411 5652 his
2458 5596 2787 5667 majoribus,
2829 5610 2952 5665 quae
2998 5597 3184 5650 verbis
3212 5611 3465 5663 compre-

1902 5693 2066 5747 hendi
2097 5698 2151 5744 et
2181 5690 2441 5759 explicari
2474 5697 2778 5759 nequeunt,
2818 5686 3074 5741 mandata
3108 5685 3198 5741 Dei
3232 5687 3461 5739 audien-

3285 5825 3330 5860 ⁸⁸
3365 5828 3464 5880 (ξι)-

2076 5836 2115 5868 ¹¹
2155 5834 2314 5890 Joan.
2374 5832 2569 5899 vn“.
2648 5830 2882 5887 "Jnan.
2938 5844 3049 5895 xiv,
3120 5828 3207 5882 5i.
