4170 6452
734 388 841 451 403

1980 398 2361 460 SYMEONIS
2401 396 2769 460 JUNIORIS

3886 398 3989 454 404

741 519 843 565 tes.
877 520 1051 576 eaque
1081 506 1455 565 custodientes
1486 523 1547 563 ac
1595 509 1883 577 facientes,
1928 527 2027 575 per
2059 520 2302 582 apertam
2332 502 2384 562 Α
2410 523 2513 576 que
2542 510 2596 564 in
2638 510 2773 580 ipsis
2827 517 2913 565 est
2955 506 3185 579 gloriam
3238 505 3469 577 mystice
3515 506 3987 561 demonstrantcm

739 616 944 667 arcam,
979 603 1045 656 de
1084 617 1189 672 qua
1220 602 1388 658 locuti
1428 621 1637 667 sumus.
1671 607 1724 661 id
1757 614 1861 672 est,
1892 623 1989 675 per
2020 608 2309 661 revelatio-

737 706 859 746 tiem
915 682 1345 761 intelligibilittm
1396 695 1711 758 oculorum,
1764 696 1968 749 intuitu
2020 697 2073 749 in
2124 697 2307 749 divina

739 784 1027 852 Scriptura
1064 787 1347 840 latentium
1379 788 1529 857 digni
1562 789 1853 850 habentur,
1885 800 1940 842 et
1985 790 2051 843 iis
2089 789 2310 859 largiter

738 876 1022 957 fruuntur.
1056 877 1253 932 Cmteri
1289 880 1472 933 omnia
1504 897 1624 947 quae.
1650 883 1853 950 seripta
1888 892 2017 936 sunt
2061 883 2310 949 imperite

738 970 1061 1034 nescientes,
1087 986 1277 1025 corum
1314 973 1656 1027 dulcedinem
1680 975 1844 1027 vitam
1873 986 2134 1030 :eternam
2162 990 2312 1029 com-

737 1062 1055 1129 plectentem
1122 1079 1229 1117 non
1290 1073 1669 1130 gustaverunt,
1719 1068 1818 1121 soli
1895 1066 2309 1137 Scripturarum

739 1150 1005 1204 doctrina:
1030 1153 1343 1215 innitentes,
1370 1169 1508 1222 quos
1533 1154 1649 1222 ipsa
1678 1156 1732 1209 in
1761 1156 1931 1217 evitu,
1955 1157 2124 1225 magis
2146 1170 2307 1222 quam

738 1258 832 1296 eos
857 1245 1210 1311 qui.omnino
1243 1246 1697 1307 non'audierunt,
1723 1247 2058 1313 judicatur‘a.
2092 1254 2144 1299 et
2178 1260 2311 1299 con-

739 1336 1056 1392 demnatum
1098 1345 1203 1391 est.
1242 1340 1316 1392 Ex
1345 1339 1429 1392 his
1458 1340 1601 1393 enim
1635 1339 1855 1407 quidam
1900 1349 2167 1402 errantes,
2196 1352 2312 1391 om-

741 1432 838 1481 nes
876 1428 1093 1483 divinas
1129 1430 1447 1498 Scripturas
1486 1441 1829 1498 pervertunt,
1865 1446 1957 1484 eas
2002 1429 2306 1484 secundum

738 1532 938 1586 pravas
974 1520 1218 1586 ipsorum
1271 1520 1604 1589 cupiditates
1656 1521 2105 1587 interpretantes,
2157 1534 2309 1573 com-

740 1612 1005 1664 mendare
1048 1614 1299 1666 volentes
1347 1613 1590 1681 seipsos;
1626 1614 1783 1682 quasi
1834 1613 2093 1666 nimirum
2147 1612 2309 1665 etiam

740 1699 858 1754 sine
911 1713 1170 1756 accurata
1224 1703 1605 1755 mandatorum
1660 1703 1874 1755 Christi
1920 1701 2311 1755 observatione

2413 602 2688 658 habuerit.
2713 600 2901 672 Neque
2933 603 3035 655 hoc
3068 602 3267 666 solum,
3301 600 3393 654 sed
3420 600 3582 652 etiam
3613 599 3666 651 in
3697 597 3782 651 bis
3816 598 3991 648 laten-

2413 696 2512 756 tia,
2552 705 2603 750 ct
2632 705 2830 750 aeterna
2863 696 2955 748 Dei
2992 695 3153 756 bona,
3182 709 3305 746 cum
3356 693 3469 760 ipsa
3521 691 3634 744 lucc
3669 689 3991 743 effundente

2412 787 2621 839 Deitate
2650 787 2977 841 revelantctn
3014 805 3028 841 :
3062 801 3181 855 qua:
3205 783 3461 838 omnibus
3492 780 3989 850 contemptoribus,

2412 887 2465 932 et
2503 879 2984 947 negligentioribus
3029 888 3216 945 operta
3248 887 3301 929 et
3340 877 3575 927 obscura
3630 882 3759 927 sunt
3811 871 3989 925 omni-

2413 973 2609 1024 modis.
2646 970 2753 1024 Nec
2790 970 3013 1039 injuria.
3052 969 3191 1034 Quia
3221 971 3365 1022 enim
3409 981 3601 1021 sensus
3634 980 3763 1018 suos
3792 978 3989 1017 omnes

2415 1064 2602 1117 mundi
2669 1065 3005 1117 vanitatibus
3060 1062 3382 1121 aﬂixeruut.
3435 1069 3489 1113 et
3548 1057 3991 1127 jucumlitatibtts

2414 1155 2555 1217 vita},
2586 1170 2986 1222 corporumque.
3011 1154 3414 1223 pulchrittnliue
3439 1150 3766 1207 afficiuntur.
3794 1151 3993 1202 animae

2414 1245 2632 1300 videndi
2664 1246 2974 1301 facultatem
3002 1245 3359 1312 caliginosam
3386 1240 3869 1298 circumferentes,
3906 1240 3989 1292 ia-

2415 1338 2815 1396 enarrabilium
2841 1338 3110 1391 bonorum
3138 1337 3464 1404 elegantias,
3509 1334 3573 1385 ad
3603 1349 3742 1400 (μηδ
3778 1331 3983 1384 intelli-

2412 1432 2592 1502 gentia
2637 1438 2974 1499 peuetratur.
3023 1428 3219 1481 intueri
3269 1434 3569 1494 nequeunt.
3614 1426 3676 1478 lit
3704 1422 3993 1489 quomodo

2413 1524 2502 1579 cui
2540 1524 2737 1579 obtusa
2774 1532 2859 1577 est
2904 1522 3050 1576 acies
3088 1520 3400 1582 oculorum,
3434 1535 3534 1573 nec
3585 1518 3777 1571 leviter
3817 1526 3997 1584 potest

2415 1617 2687 1685 puriorem
2738 1614 2870 1668 solis
2922 1614 3131 1667 radium
3184 1613 3453 1680 aspicere,
3506 1610 3601 1663 sed
3645 1612 3688 1663 si
3745 1612 3798 1662 in
3841 1610 3993 1661 illttm

2413 1706 2605 1760 oculos
2658 1704 2927 1768 intendat,
3000 1705 3182 1757 statim
3243 1717 3404 1771 quem
3462 1702 3651 1755 habuit
3709 1710 3994 1769 aspectum

737 1794 973 1846 salutem
1009 1793 1259 1861 adepturi
1289 1792 1421 1858 sint,
1452 1793 1710 1847 virtutem
1748 1801 2064 1847 sanctarum
2098 1791 2310 1844 littera-
2342 1837 2387 1893 Β
2415 1798 2577 1868 plane
2610 1798 2810 1851 amittit
2853 1812 2867 1848 :
2910 1795 2991 1851 sic
3039 1811 3234 1862 nempe
3266 1797 3359 1863 qui
3400 1795 3623 1848 vitiatos
3654 1792 3820 1847 animi
3861 1806 3997 1845 ocu-

738 1901 860 1939 rum
912 1885 1163 1940 funditus
1214 1887 1572 1955 abnegantes.
1624 1885 1688 1938 Et
1741 1889 1957 1940 merito.
2013 1882 2313 1953 Obsignata

736 1981 905 2043 enim,
934 1988 991 2033 et
1025 1980 1234 2044 clausa,
1258 1994 1380 2048 quae
1416 1979 1552 2031 nulli
1593 1979 1905 2032 mortalium
1938 1992 2040 2032 nec
2066 1978 2180 2030 visa
2212 1990 2315 2030 nec

736 2074 953 2142 cognita
976 2082 1128 2139 sunt,
1162 2087 1191 2125 a
1223 2072 1343 2128 solo
1372 2082 1554 2128 autem
1581 2079 1779 2127 sancto
1806 2070 2012 2142 Spiritu
2044 2079 2313 2132 reserata,

737 2176 792 2220 et
828 2167 900 2220 ita
934 2167 1092 2221 nobis
1140 2166 1377 2221 revelata
1401 2206 1417 2228 .
1467 2166 1723 2235 factaque
1772 2164 2091 2234 spectabilia
2112 2202 2127 2228 ,
2159 2170 2213 2216 et
2245 2161 2312 2215 ad

738 2258 1182 2328 cognoscendum
1233 2256 1505 2325 exposita,
1545 2254 1823 2325 quomodo
1873 2253 2092 2309 tandem
2146 2250 2314 2315 scire,

740 2360 834 2405 aut
862 2363 1221 2419 cognoscere,
1254 2356 1347 2402 aut
1380 2349 1574 2403 saltem
1608 2348 1944 2418 aliquantum
1976 2346 2159 2398 animo
2186 2357 2315 2413 per-

742 2454 983 2498 tractare
1036 2452 1316 2513 poterunt,
1352 2443 1446 2512 qui
1484 2443 1777 2498 adventum
1836 2442 2015 2499 sancti
2050 2439 2311 2514 Spiritus,

744 2537 1223 2596 illuminatiouem.
1266 2534 1710 2597 illustrationem,
1748 2534 2209 2597 inbabitationem
2257 2544 2312 2599 in

742 2630 1058 2699 semetipsis
1114 2644 1391 2699 nunquam
1447 2644 1506 2683 se
1552 2631 1876 2697 cognovisse
1924 2632 2152 2687 dicunt?
2195 2634 2313 2700 Quo

744 2732 904 2791 pacto
965 2722 1091 2776 talia
1147 2721 1406 2789 mysteria
1457 2731 1840 2790 assequuntur,
1889 2725 1984 2793 qui
2026 2742 2309 2794 nunquam

740 2829 973 2884 prorsus
1005 2830 1126 2869 sese
1179 2813 1249 2867 ab
1300 2814 1492 2867 codem
1538 2814 1731 2883 spiritu
1781 2816 1976 2871 iterum
2024 2819 2312 2884 conflatos,

740 2914 1061 2966 renovatus,
1107 2906 1448 2973 immutatos,
1508 2917 1856 2978 regeneratos
1909 2910 2314 2967 animadverte-

744 2997 914 3051 runt?
949 2997 1100 3063 Quod
1146 2997 1189 3051 si
1221 3000 1464 3055 nondum
1504 3000 1558 3055 in
1590 3000 1793 3070 Spiritu
1824 3012 2017 3057 sancto
2058 3004 2311 3073 baptizati

745 3097 911 3159 sunt,
937 3089 1374 3144 immutationem
1414 3094 1469 3146 in
1510 3108 1577 3147 eo
1607 3094 2001 3164 baptizatorum
2036 3097 2313 3165 quomodo

2415 1893 2522 1957 los,
2556 1899 2610 1946 et
2645 1906 2843 1945 sensus
2870 1890 3021 1958 ipsos
3052 1888 3398 1942 motionibus
3441 1885 3773 1941 turbulentis
3814 1884 3995 1937 obno-

2414 1980 2536 2036 xios
2588 1982 2786 2047 habet,
2832 1981 2952 2035 sine
3003 1979 3392 2041 commotione,
3445 1978 3692 2045 citraque
3728 1974 3993 2027 damnum

2412 2083 2758 2132 venustatem
2803 2074 3240 2145 elegantiamque
3274 2085 3564 2139 corporum
3611 2066 3862 2123 contueri
3898 2081 3997 2119 ne-

2414 2166 2573 2238 quit?
2608 2166 2703 2222 sed
2754 2174 2809 2221 et
2862 2180 3028 2235 quam
3077 2171 3205 2218 ante
3244 2163 3297 2217 id
3340 2170 3557 2231 tempus
3598 2157 3996 2228 cogitationum

2414 2275 2631 2332 pacem.
2661 2268 2715 2314 et
2763 2274 2793 2314 a
2844 2258 3029 2327 pravis
3087 2254 3479 2324 cupiditatibus
3537 2250 3997 2319 tranquillitatem

2414 2350 2725 2414 obtinebat,
2776 2350 2919 2403 hanc
2953 2349 3126 2417 ipsam
3163 2347 3218 2400 in
3255 2344 3610 2400 meditatione
3643 2342 3877 2396 affectus
3910 2341 3998 2394 sui

2414 2457 2763 2498 commorans
2822 2439 3042 2494 amittit.
3106 2436 3345 2493 Proinde
3409 2449 3511 2490 nec
3558 2433 3995 2487 imbecillitatem

2417 2554 2575 2596 suam
2624 2539 2752 2593 talis
2782 2537 2896 2591 ullo
2936 2538 3099 2589 modo
3131 2547 3462 2601 pernoscere
3492 2538 3689 2600 potest.
3726 2526 3784 2581 Si
3840 2527 3992 2580 enim

2416 2650 2474 2690 se
2502 2642 2674 2688 totum
2706 2638 2969 2700 aegrotare
3003 2628 3106 2684 sibi
3142 2626 3527 2696 persuasisset,
3556 2623 3692 2676 alios
3716 2618 3995 2689 quosdam

2406 2722 2555 2781 bene
2607 2725 2789 2779 valere
2831 2722 3178 2785 credidisset,
3228 2728 3281 2773 et
3330 2718 3559 2772 forsitan
3603 2711 3900 2782 aliquando
3936 2725 3995 2763 se

2419 2820 2599 2888 ipsum
2634 2819 2962 2876 incusasset,
2997 2828 3164 2882 seque
3188 2812 3407 2864 sibimet
3429 2822 3647 2863 causam
3672 2805 3845 2856 morbi
3873 2816 3999 2855 esse

2417 2910 2667 2969 dixisset,
2693 2916 2749 2959 et
2798 2920 2917 2973 qtue
2951 2904 3015 2955 ad
3054 2901 3345 2955 sanitatem
3390 2892 3817 2963 recuperandam
3860 2888 3999 2942 atti-

2418 3009 2632 3062 nerent,
2671 2998 2854 3052 animo
2885 3002 3210 3065 reputasset.
3237 2991 3390 3043 Nunc
3423 2984 3801 3054 hujuscemodi
3828 2982 3998 3033 homo

2416 3110 2607 3150 omnes
2643 3092 2920 3144 arbitrans
2950 3085 3302 3154 passionibus
3342 3080 3578 3139 deditos,
3617 3093 3675 3131 se
3710 3076 3818 3129 illis
3845 3086 3995 3126 exae-

744 3182 887 3234 scire
915 3183 1185 3248 possunt?
1215 3182 1316 3246 Qui
1346 3185 1525 3237 denuo
1555 3186 1663 3238 nati
1697 3202 1802 3239 non
1828 3196 1977 3249 sunt,
2011 3187 2192 3242 denuo
2222 3204 2318 3242 na-
2344 3183 2386 3239 C
2422 3193 2572 3255 quat,
2603 3191 2656 3235 et
2687 3190 2744 3233 nt
2782 3180 2899 3243 ipse
2928 3176 3077 3230 solus
3113 3175 3185 3228 sit
3218 3172 3477 3232 invictus,
3508 3178 3563 3221 et
3593 3166 3848 3220 omnibus
3887 3179 3989 3216 su-

743 3280 920 3322 torum
966 3274 1041 3335 (ut
1084 3273 1159 3324 ait
1211 3272 1500 3341 Dominus)
1527 3291 1591 3329 ex
1630 3275 1758 3339 Deo,
1796 3278 2042 3346 inquam.
2079 3287 2133 3333 et
2169 3280 2316 3333 inter

744 3366 885 3418 tilios
922 3365 1010 3417 Dei
1054 3366 1417 3434 ascript'rum
1461 3368 1690 3436 gloriam
1735 3372 2007 3438 quomodo
2057 3372 2318 3425 videant?

744 3456 846 3520 Qui
889 3457 989 3508 hoc
1019 3458 1119 3509 sibi
1154 3456 1472 3526 contingere
1512 3460 1830 3523 uoluerunt.
1864 3463 1956 3515 sed
2012 3463 2151 3516 hanc
2200 3462 2315 3528 glo-

744 3550 882 3601 riam
933 3550 1243 3617 neglcctum
1280 3550 1518 3612 iverunt,
1552 3552 1774 3618 (etenim
1804 3562 2127 3621 potestatem
2161 3569 2317 3606 aeee-

745 3652 954 3710 perant,
992 3650 1047 3692 nt
1087 3642 1220 3695 tales
1255 3641 1463 3707 ﬁerent)
1490 3644 1577 3696 die
1618 3645 1772 3705 mihi,
1821 3647 1964 3713 quali
2007 3648 2317 3711 cognitione

744 3732 1075 3800 perspicere,
1108 3742 1199 3785 aut
1233 3733 1419 3785 saltent
1448 3748 1665 3800 quoquo
1693 3736 1853 3788 tuodo
1883 3739 2208 3803 cogitatione
2234 3739 2318 3791 in—

746 3825 983 3876 formare
1016 3834 1291 3891 poterunt,
1333 3827 1519 3893 quales
1554 3828 1628 3879 illi
1664 3829 1911 3895 appellati
1946 3831 2109 3883 sunt?

820 3916 1061 3983 Spiritus
1094 3925 1177 3969 cst
1215 3917 1378 3982 Deus,
1422 3920 1513 3985 qui
1549 3920 1655 3972 sub
1680 3931 1956 3988 aspectum
1992 3939 2097 3977 non
2135 3926 2315 3986 venit,

753 4010 1079 4059 immortalis
1142 4010 1477 4094 iuncccssus.
1533 4011 2061 4081 inromprrlicusus;
2095 4027 2149 4070 et.
2183 4018 2318 4071 tales

749 4102 927 4161 diﬁcit,
966 4116 1029 4154 ex
1073 4104 1129 4154 se
1167 4112 1344 4167 natos,
1382 4105 1589 4159 similes
1617 4109 1759 4174 patri
1796 4124 1913 4172 suo,
1948 4125 1976 4163 a
2007 4127 2115 4178 quo
2150 4110 2314 4180 geniti

750 4204 901 4257 sunt,
936 4210 1162 4261 Corpore
1195 4197 1312 4248 solo
1342 4200 1889 4266 COHth'CIICIISibiICS,
1920 4211 1972 4256 et
2015 4205 2317 4271 aspectabi-

750 4291 848 4346 les,
876 4296 1069 4339 czt-ti-ra
1102 4290 1199 4342 soli
1238 4290 1344 4341 Deo
1377 4293 1648 4360 cognitos,
1692 4303 1747 4346 ct
1787 4295 1963 4347 solum
2014 4296 2177 4349 Deum
2221 4310 2317 4353 co-

747 4390 1100 4445 grnsccnles,
1123 4382 1201 4432 vel
1233 4384 1413 4448 potius
1442 4398 1469 4434 a
1500 4385 1618 4437 Solo
1645 4383 1750 4439 Deo
1775 4389 2028 4451 cognosci
2051 4391 2314 4453 volentes,

748 4475 813 4524 ad
848 4488 1007 4539 quem
1043 4481 1095 4523 et
1144 4488 1358 4541 semper
1393 4476 1685 4542 respicere,
1722 4480 1870 4531 etab
1905 4498 1968 4534 eo
1997 4483 2192 4550 l'f‘SpiCi
2225 4485 2317 4539 (16-

748 4564 1015 4619 siderant.
1049 4564 1311 4619 Pin-terea
1355 4567 1514 4620 sicuti
1549 4578 1805 4636 expettes
1854 4573 2184 4635 litterarum,
2219 4592 2314 4645 pe-

748 4659 905 4710 rinde
946 4668 999 4710 ιιι
1036 4674 1221 4710 earum
1253 4661 1403 4725 gnari
1437 4661 1608 4713 libros
1656 4663 1833 4731 bgere
1878 4676 2159 4736 nequeunt
2192 4685 2204 4721 :
2239 4673 2317 4723 sic

751 4766 929 4818 neque
974 4752 1064 4818 qui
1125 4750 1285 4805 fartis
1333 4768 1425 4818 per
1472 4752 1669 4807 Christi
1725 4757 1979 4811 mandata
2036 4761 2318 4815 ambulare

750 4844 1066 4907 uoluerunt,
1116 4860 1286 4911 :rque,
1321 4854 1378 4897 ut
1423 4847 1514 4912 qui
1554 4847 1685 4914 ipsis
1722 4848 2093 4917 invigilarunt,
2150 4868 2319 4919 eaque

749 4936 1133 5001 impleverunt,
1166 4945 1219 4985 et
1257 4951 1352 5002 pro
1386 4937 1450 4989 iis
1486 4940 1807 5006 sanguinem
1840 4956 1997 4995 Sttlltn
2064 4946 2321 5010 profude-

758 5037 909 5085 runt,
930 5026 1104 5077 sancti
1122 5024 1359 5093 Spiritus
1384 5027 1736 5092 revelatione,
1757 5033 1896 5082 sicut
1922 5032 1995 5083 illi
2026 5034 2318 5101 aliquando

748 5122 1136 5190 tligrtztlttlttlttr.
1176 5120 1308 5173 Nam
1343 5132 1399 5173 ut
1426 5124 1585 5177 homo
1612 5132 1834 5193 accepto
1865 5126 2000 5181 libro
2028 5128 2230 5189 clauso,
2267 5138 2318 5182 ct

751 5224 988 5280 signato.
1048 5216 1099 5265 iu
1150 5229 1216 5267 eo
1266 5218 1466 5281 scripta
1518 5217 1697 5268 videre
1741 5228 1830 5271 a:t
1885 5220 2063 5286 qualia
2115 5221 2318 5289 scripta

751 5307 883 5358 sint.
917 5308 1158 5365 («uitare
1186 5322 1289 5359 non
1338 5316 1537 5374 potest,
1568 5310 1807 5375 quandiu
1854 5312 1986 5363 ltlter
2017 5314 2234 5367 clausus
2268 5324 2321 5366 et

751 5399 997 5458 signatus
1030 5408 1132 5456 est.
1172 5400 1524 5465 quantumvis
1558 5404 1860 5452 unéver~am
1900 5404 2083 5453 tnttttdi
2113 5405 2323 5467 sapien-

753 5495 879 5541 tiam
912 5489 1157 5541 didicerit
1189 5507 1201 5539 :
1230 5494 1309 5542 sic
1355 5507 1523 5557 neque
1574 5495 1665 5560 qui
1722 5510 1930 5546 sacram
1981 5497 2318 5558 Scripturam

753 5592 919 5633 totam
956 5584 1006 5632 in
1042 5598 1136 5632 ore.
1174 5584 1332 5634 habet
1360 5622 1374 5641 ,
1424 5592 1481 5634 nt
1525 5584 1861 5645 dicebamus,
1914 5590 2219 5653 mysticam,
2270 5599 2323 5641 et

753 5670 864 5721 tlivi
911 5687 994 5720 am
1032 5672 1285 5736 gloriam,
1325 5672 1683 5737 virtutemque
1735 5673 1786 5724 in
1841 5676 1969 5740 ipsis
2018 5686 2319 5729 rotati-ctam

753 5776 937 5820 nosse,
972 5770 1026 5812 et
1063 5765 1368 5829 perspicere
1408 5764 1700 5830 aliquando
1752 5768 1971 5831 poterit.
2008 5768 2109 5819 nisi
2142 5769 2321 5821 notuit

759 5853 849 5906 Dei
890 5853 1164 5917 mandata,
1203 5870 1263 5907 ea
1303 5858 1568 5910 servando
1620 5860 1773 5925 quasi
1824 5862 2213 5927 peragi-ararit,
2263 5871 2315 5911 et

757 5944 1093 6001 Paraclctum
1128 5961 1283 6001 sensa
1311 5949 1409 6015 illi,
1444 5956 1505 6005 ut
1541 5948 1740 6006 librum
1776 5953 2131 6022 aperientem,
2164 5967 2307 6021 (ιιιευσ

2419 3279 2625 3347 perior,
2668 3273 2782 3329 ﬁeri
2816 3272 3132 3338 neutiquam
3169 3280 3330 3334 posse
3373 3271 3638 3317 autumat.
3672 3258 3812 3324 Quid
3852 3255 3998 3308 hoc?

2420 3382 2478 3427 ut
2508 3385 2616 3424 una
2662 3384 2785 3422 cum
2824 3366 3072 3432 improbo
3109 3360 3302 3414 affectu
3352 3372 3455 3412 suo
3499 3354 3764 3408 moriatur
3802 3350 3997 3411 miser,

2420 3464 2488 3519 ab
2524 3463 2627 3516 hoc
2659 3459 2802 3513 malo
2834 3455 3055 3511 liberari
3087 3452 3386 3520 refugiens.
3422 3448 3480 3502 Si
3525 3446 3669 3499 enim
3726 3442 3999 3495 voluisset

2422 3552 2668 3615 liberari,
2731 3550 3017 3619 potuisset,
3069 3552 3257 3613 utpote
3300 3541 3392 3611 qui
3434 3555 3461 3591 a
3515 3536 3621 3589 Deo
3667 3540 3997 3602 potestatem

2421 3652 2727 3717 arceperat.
2765 3642 3089 3708 Quicunque
3116 3635 3258 3689 enim
3295 3635 3347 3686 in
3397 3632 3618 3686 nomine
3657 3629 3778 3687 eius
3820 3622 4003 3690 bapti-

2421 3757 2540 3796 smo
2588 3736 2760 3793 abluti
2796 3748 3008 3789 sumus.
3048 3728 3381 3799 pra~teritam
3432 3723 3826 3792 ignobilitatem
3871 3731 3999 3768 cor-

2424 3833 2717 3902 ruptionis,
2761 3836 2821 3879 ut
2851 3828 3234 3879 vestimentum
3271 3830 3427 3871 vetus
3454 3813 3705 3870 exuendi,
3736 3820 3785 3862 et
3829 3808 3999 3861 Chri-

2423 3898 2571 3978 stum
2622 3915 3076 3988 superimluendi,
3111 3927 3174 3965 ac
3229 3911 3369 3963 filios
3406 3908 3497 3959 Dei
3549 3921 3645 3959 nos
3687 3898 3997 3971 app‘llundi

2423 4017 2804 4070 aurtoritatem
2838 4011 2905 4062 ab
2935 4025 3000 4061 co
3032 4004 3316 4059 consecuti
3347 4015 3559 4056 sumus.
3599 3996 3793 4048 \‘crum
3827 3992 3999 4047 absit.

2423 4113 2640 4165 fratres.
2670 4114 2727 4157 ut
2765 4104 2835 4156 ita
2870 4100 3097 4161 alinctis,
3132 4108 3185 4151 et
3214 4096 3341 4147 talia
3374 4089 3713 4159 sapientibus
3741 4091 3906 4153 caput
3928 4085 3999 4145 is,

2423 4221 2485 4256 ac
2550 4199 2785 4254 terrenis
2838 4196 3048 4249 similes
3097 4189 3423 4243 evadamus.
3464 4183 3753 4248 Contingat
3812 4186 3999 4229 autem

2425 4293 2580 4359 5M“;
2614 4289 2913 4346 Christum,
2944 4284 3033 4352 qui
3070 4290 3254 4333 nostra
3291 4288 3453 4331 causa
3504 4280 3752 4324 mortuus
3788 4276 3893 4329 cst,
3948 4274 4005 4317 et

2425 4382 2744 4441 resurrexit,
2778 4389 2831 4431 ct
2862 4391 2959 4428 nos
2996 4388 3182 4427 secum
3218 4370 3267 4422 iu
3301 4369 3498 4421 malum
3532 4360 3812 4419 cvaltavit,
3846 4359 4001 4421 ejus-

2424 4492 2527 4542 que
2563 4472 2805 4540 vestigiis
2842 4481 3058 4534 semper
3088 4463 3364 4523 insistere,
3413 4454 3656 4524 purgatis
3697 4467 3789 4518 per
3819 4447 4004 4515 prmi-

2425 4572 2652 4623 tentiam
2690 4580 2717 4617 a
2765 4563 2885 4615 labe
2932 4558 3161 4628 peccati,
3224 4567 3286 4606 ac
3334 4546 3709 4618 Supertndutis
3755 4541 3998 4593 lucidam

2424 4661 2669 4717 tunicam
2710 4648 3143 4720 incorruptionis
3203 4647 3454 4715 spiritus,
3504 4643 3556 4693 in
3608 4640 3725 4707 ipso
3776 4636 4004 4687 Christo

2428 4755 2536 4808 Deo
2568 4760 2776 4809 nostro,
2816 4749 2900 4800 cui
2934 4744 3125 4811 gloria,
3157 4750 3207 4794 et
3236 4738 3521 4804 imperium
3558 4747 3681 4784 eum
3716 4727 3903 4784 Patre.
3948 4734 4005 4776 et

2425 4854 2615 4899 sancto
2649 4838 2855 4907 Spiritu
2888 4849 3033 4888 nttnc
3075 4839 3129 4885 et
3170 4842 3404 4896 semper,
3428 4834 3481 4878 et
3513 4825 3567 4877 in
3604 4836 3796 4875 omnes
3826 4832 4006 4870 5mm»

2424 4937 2599 4989 lorum
2627 4940 2834 4985 aetates.
2864 4929 3058 4980 Amen.

2990 5037 3079 5092 0B
3101 5035 3243 5089 \TlO
3311 5031 3430 5086 XX.

3006 5155 3403 5207 Ancumesruu.

2429 5280 2501 5333 De
2530 5295 2588 5331 ea
2614 5293 2728 5341 qua:
2765 5271 3085 5341 certantibus
3118 5265 3355 5333 ﬁdelibus
3385 5278 3418 5341 e_
3434 5258 3631 5323 Spiritu
3658 5262 3790 5340 ipes!
3840 5258 4000 5337 ξιῐσενι

2498 5329 2861 5400 (ιιιιίιιιυνιοηι
2894 5338 3096 5403 t‘t'riﬁm
3118 5329 3125 5333 ’
3151 5351 3313 5390 mors.
3376 5335 3479 5384 sire
3537 5329 3881 5403 morti/[ratio
3906 5339 4001 5403 ct

2494 5419 2581 5486 qui
2616 5418 2666 5466 in
2700 5415 2873 5481 (traria
2916 5399 3075 5472 supra
3100 5408 3257 5466 leqem
3284 5406 3401 5469 jam
3435 5412 3578 5486 “uti.
3608 5417 3692 5451 cos
3716 5401 3883 5477 diripi
3910 5399 4005 5478 01η-

2497 5468 2648 5537 nimis
2677 5468 2905 5546 (iratum:
2946 5468 2995 5529 in
3023 5480 3205 5543 :cipsis
3231 5468 3483 5525 (recinere.
3524 5472 3674 5533 Ouml
3699 5470 3787 5531 qui
3827 5469 3877 5517 in
3901 5468 3999 5515 im:

2498 5560 2601 5609 rita
2641 5542 2815 5606 edenti
2848 5553 3072 5603 nondum
3100 5542 3245 5602 sunt,
3276 5561 3434 5609 neque
3460 5544 3511 5593 id
3536 5542 3733 5604 quuiJo
3752 5548 3996 5609 retulit".

2497 5608 2579 5679 m
2616 5614 2784 5676 adhuc
2827 5625 2919 5672 sub
2964 5619 3147 5667 umbro
3184 5616 3307 5681 legis
3347 5608 3477 5669 esse.
3517 5625 3562 5663 et
3598 5611 3660 5658 ob
3692 5626 3753 5659 ea
3780 5608 3970 5673 jmlira

2500 5709 2611 5747 tua:
2646 5698 2732 5745 iri.
2770 5690 3221 5753 mendnmdnm
3246 5684 3422 5750 [Μαίας
3444 5682 3699 5753 Spiritum
3730 5689 4003 5730 sanctum.

2500 5750 2927 5821 snite/inmutat“,
2952 5775 3116 5822 rrrgm
3134 5756 3506 5820 baiionumqnc
3528 5750 3841 5801 maritalem
3873 5763 3978 5799 mm

2499 5854 2688 5888 (tamn.
2703 5852 2781 5885 (ω’.

2499 5949 2819 6005 Srrutauriui
2850 5948 3175 6013 δίωγμα-ηε,
3211 5942 3385 6011 inquit
3434 5940 3694 5995 Dominus
3762 5952 3823 5989 ac
3860 5934 3917 5987 Ib
3943 5951 4008 5985 us
