4170 6452
752 400 854 462 407

1980 396 2367 465 SYMEONIS
2404 400 2770 464 JUNlOltIS

3915 405 4008 468 λοι

755 520 1099 582 aberrantes,
1135 520 1232 573 lilii
1266 521 1493 582 ancilbe.
1531 531 1583 575 et
1626 521 1722 576 tilii
1781 523 2128 578 tenebrarum
2177 535 2327 586 sunt,
2361 518 2408 574 Α
2435 522 2695 593 omnique
2727 523 3027 592 ignominia
3056 525 3294 593 undique
3325 525 3709 593 replebuntur.
3737 523 3851 580 Nec
3881 526 4008 580 istuc

754 613 872 666 sive
898 612 1281 681 imperatores,
1326 615 1443 668 sive
1493 616 1844 684 patriarchae,
1882 616 2002 671 sive
2059 618 2329 688 episcopi,

754 705 872 759 sive
901 708 1242 766 sacerdotes,
1272 705 1388 759 sive
1421 706 1719 776 principes,
1771 706 1886 763 sive
1922 706 2177 778 subjeCti,
2233 725 2331 763 seu

754 797 997 876 profani,
1029 815 1123 852 seu
1150 801 1430 865 monachi,
1470 816 1566 853 seu
1606 809 1827 863 ascetzn,
1864 817 1959 855 seu
2019 804 2328 872 pra'positi.

754 904 855 941 seu
901 903 1197 957 pauperes,
1262 906 1358 944 seu
1400 892 1625 955 divites,
1677 908 1775 946 seu
1821 895 2036 962 aegroti,
2072 911 2169 949 seu
2206 897 2332 951 sani

754 982 887 1036 sint.
932 981 1138 1037 Omnes
1165 986 1338 1049 enim,
1371 987 1466 1055 qui
1501 987 1554 1040 in
1587 988 1832 1042 tenebris
1857 991 2072 1051 sedent,
2107 999 2162 1044 et
2209 1007 2330 1058 pce—

755 1076 930 1130 niterc
962 1079 1177 1142 nolunt,
1213 1080 1306 1133 filii
1338 1080 1688 1135 tenebrarum
1732 1095 2111 1138 numerantur.
2151 1085 2332 1140 Posui-

754 1172 924 1223 tenlia
969 1171 1236 1240 siquidem
1265 1179 1348 1225 est
1377 1173 1570 1238 janna.
1609 1190 1731 1242 quae
1763 1191 1792 1230 e
1829 1179 2072 1232 tenebris
2118 1179 2327 1246 educit,

754 1272 807 1313 et
836 1263 901 1314 ad
939 1264 1120 1343 lu‘men
1171 1263 1413 1319 deducit.
1450 1265 1559 1331 Qui
1596 1267 1762 1333 igitur
1787 1269 1852 1321 ad
1887 1272 2067 1325 lumen
2120 1273 2331 1344 ingrcs-

751 1371 846 1414 sus
890 1372 997 1408 non
1030 1364 1137 1418 est,
1180 1359 1406 1425 jauuam
1465 1362 1804 1426 pceniteolize
1849 1380 1958 1418 non
2012 1366 2149 1419 bene
2205 1384 2328 1434 per-

749 1449 993 1502 transiit.
1025 1449 1157 1502 Nam
1187 1449 1231 1502 si
1270 1454 1692 1518 pettrattsissel,
1723 1457 1788 1509 ad
1825 1459 2006 1510 lumen
2060 1460 2324 1514 venisset.

748 1541 851 1605 Qtti
895 1551 1077 1607 autem
1134 1558 1240 1596 non
1285 1545 1534 1610 pmnitet,
1598 1559 1808 1614 peccat,
1859 1558 2148 1617 propterea
2198 1555 2328 1620 quia

751 1648 855 1685 non
890 1635 1119 1701 pmuitet
1165 1650 1178 1686 :
1222 1634 1425 1689 Scienti
1473 1639 1610 1689 enim
1654 1637 1869 1700 bonum,
1913 1642 2112 1708 inquit,
2140 1652 2327 1697 etnon

747 1726 987 1795 facienti,
1018 1740 1284 1790 peccatum
1314 1739 1391 1781 est
1423 1730 1508 1782 illi
1534 1729 1599 1782 ³⁷.
1625 1729 1744 1784 Jam
1767 1735 1857 1800 qui
1880 1735 2012 1798 facit
2031 1746 2325 1803 peccatum,

2438 625 2676 683 tantum,
2725 616 2820 672 sed
2855 626 2909 672 et
2936 617 3117 671 omnis
3170 616 3471 684 cujuslibet
3527 617 3671 669 actio
3706 631 3807 670 seu
3853 617 4007 678 bona,

2436 725 2532 764 seu
2563 711 2728 774 mala,
2753 711 2936 765 omnis
2967 725 3166 776 Sermo,
3211 710 3397 763 omnis
3425 709 3689 776 cogitatio
3724 724 4007 762 commen-

2437 806 2682 872 tatioque
2708 804 2777 858 ab
2817 805 2937 872 ipso
2961 802 3231 872 cujusque
3259 812 3383 854 ortu
3417 802 3695 860 videlicet.
3745 817 3924 868 usque
3954 803 4009 854 ad

2437 896 2692 950 ultimum
2743 895 2972 950 halitum
3010 896 3119 948 illic
3151 895 3426 949 collectim
3471 895 3525 948 in
3561 909 3900 962 unoquoque
3927 893 4012 946 lm-

2435 991 2643 1042 minum
2681 989 2985 1057 apparebit.
3017 988 3085 1040 Et
3117 1004 3310 1057 quam,
3342 1003 3554 1057 qumso,
3591 987 3817 1047 fratres,
3866 989 4013 1048 igno-

2436 1083 2659 1137 miniam
2698 1099 2820 1137 cum
2869 1081 2993 1143 hac,
3027 1096 3149 1150 quae
3190 1096 3318 1134 vere
3371 1080 3487 1133 soia
3545 1088 3629 1132 est
3688 1078 4012 1139 ignominia,

2434 1189 2565 1230 tunc
2626 1175 3118 1243 comparabimus?
3172 1181 3268 1228 aut
3320 1187 3444 1242 qua:
3496 1186 3652 1240 pmua
3687 1169 3890 1222 timore
3932 1169 4014 1222 iiio

2433 1273 2750 1344 pudoreque
2787 1272 2985 1335 maior,
3021 1287 3167 1333 cum,
3203 1281 3262 1322 ut
3296 1270 3508 1322 dictum
3547 1276 3654 1326 est.
3687 1269 3825 1320 adeo
3862 1277 4009 1318 tene-

2434 1368 2605 1431 brmi,
2634 1377 2688 1420 et
2714 1367 2831 1419 sine
2867 1364 3214 1417 illuutinantc
3261 1362 3457 1430 Spiritu
3511 1361 3719 1413 inventi
3763 1357 4013 1409 fuerint?

2432 1459 2654 1526 Qualem
2687 1474 2852 1527 porro
2883 1457 3071 1515 vitam.
3096 1453 3257 1523 quale
3291 1453 3756 1506 tibiCClﬂlltt'lllttttt
3795 1449 4011 1501 habebit

2433 1553 2618 1612 homo,
2656 1551 2748 1619 qui
2777 1553 2827 1602 in
2867 1548 3112 1602 tenebris
3145 1546 3319 1607 sedet,
3349 1559 3411 1598 ac
3453 1543 3669 1602 metuit,
3705 1556 3772 1593 ne
3808 1555 4012 1607 repen-

2432 1646 2544 1700 tina
2573 1643 2716 1698 lucis
2747 1641 3155 1696 illuminatione
3201 1637 3581 1704 cogitationis,
3635 1645 3730 1689 aut
3779 1633 4014 1689 actionis

2431 1737 2666 1806 alicujus
2699 1736 2892 1794 sordes
2922 1735 2974 1786 in
3008 1733 3129 1801 ipso
3160 1729 3554 1798 reperiantur?

745 1834 922 1871 servus
957 1821 1276 1886 estpeccmi,
1317 1831 1367 1873 et
1403 1822 1729 1885 oditlucem,
1761 1837 1810 1878 et
1842 1843 1946 1878 non
1967 1829 2104 1880 venit
2136 1829 2207 1881 ad
2232 1828 2320 1881 lu-
2356 1861 2397 1915 Β
2501 1829 2687 1896 Quare
2727 1827 3071 1889 Studeamus,
3133 1823 3335 1877 fratres
3390 1821 3521 1879 mei.
3572 1819 3698 1872 hinc
3747 1817 3862 1886 jam
3921 1832 4013 1886 per

744 1928 875 1976 rein,
901 1928 964 1964 ne
989 1923 1286 1979 arguantur
1317 1930 1476 1982 opera
1501 1917 1616 1982 ejus
1649 1915 1715 1968 ³⁸.
1750 1915 1906 1972 Nunc
1929 1922 2074 1973 enim
2103 1932 2324 1990 sponte,

746 2013 799 2060 et
826 2015 1018 2060 nostro
1057 2007 1302 2074 ipsorunt
1353 2007 1624 2069 arbitratu
1658 2009 1724 2063 ad
1756 2009 1938 2064 lumen
1998 2027 2098 2079 per
2150 2015 2328 2081 paeni-

746 2101 974 2155 tentiam
1031 2101 1268 2169 ingressi
1304 2102 1712 2169 redarguimur,
1742 2112 1797 2156 et
1823 2105 2142 2169 judicamur
2178 2125 2191 2160 :
2227 2108 2326 2162 sed

748 2197 976 2266 mysuce
1002 2195 1269 2260 judicium
1306 2195 1469 2258 istuc,
1507 2203 1560 2248 et
1590 2195 1932 2260 abscondite,
1973 2199 2027 2252 in
2062 2199 2328 2256 interiore

744 2287 1053 2339 animarum
1105 2296 1418 2345 nostrarum
1478 2288 1756 2350 cubiculo,
1789 2288 1854 2342 ad
1915 2293 2321 2359 purgationem,

745 2385 796 2429 ut
830 2377 1211 2430 remissionem
1245 2387 1591 2442 peceatorqu
1647 2388 1963 2433 nostrorum
2015 2383 2326 2436 misericor-

745 2469 856 2530 dia,
885 2477 938 2521 et
970 2467 1310 2536 benignitate
1344 2466 1436 2520 Dei
1472 2468 1746 2531 subimus,
1772 2471 1891 2524 Solo
1921 2472 2182 2526 nimirum
2213 2474 2323 2530 Deo

747 2577 835 2615 res
871 2571 1097 2614 nostras
1154 2562 1364 2612 sciente
1414 2574 1477 2612 ac
1513 2561 1786 2616 intuente.
1852 2563 1965 2618 lloc
2005 2567 2170 2634 igitur
2212 2578 2322 2623 tam

745 2655 1010 2720 prmclaro
1061 2653 1276 2719 judicio
1329 2653 1585 2721 quisquis
1646 2653 1736 2709 hic
1781 2654 2068 2723 judicatus
2131 2659 2320 2725 fuerit,

743 2747 886 2799 aliud
928 2745 1263 2813 supplicium
1315 2754 1409 2796 aut
1467 2761 1698 2800 examen
1754 2763 1859 2800 non
1920 2750 2159 2816 timebit,
2219 2769 2322 2808 nec

742 2841 1080 2893 tentationes
1131 2838 1237 2890 sibi
1287 2848 1721 2906 superventttras
1783 2840 2124 2898 forntislabit.
2179 2844 2320 2899 Tum

743 2946 894 2989 vero,
932 2929 1036 2982 hoc
1070 2937 1173 2985 est.
1219 2930 1272 2981 in
1311 2931 1551 2982 adventu
1615 2929 1855 2994 Domini,
1922 2933 1990 2986 iis
2026 2936 2119 3004 qui
2169 2952 2320 2990 nunc

741 3024 806 3076 ad
843 3024 1024 3075 lumen
1059 3021 1269 3082 venire,
1323 3027 1379 3074 et
1410 3021 1478 3075 ab
1515 3022 1633 3090 ipso
1660 3022 1924 3090 judieari,
1984 3030 2318 3099 purgarique

743 3117 955 3177 nolunt,
1010 3114 1103 3168 sed
1156 3113 1207 3166 id
1241 3114 1498 3176 oderunt,
1532 3116 1676 3183 quod
1716 3118 1879 3170 modo
1934 3119 2316 3176 absconditum

2435 1919 2815 1994 paenitentiam
2849 1929 3062 1987 portam
3089 1926 3378 1985 angustam
3406 1915 3614 1966 intrare
3653 1911 3722 1971 δ’,
3755 1913 4014 1980 quodque

2432 2017 2585 2072 intus
2610 2026 2697 2071 est
2727 2017 2910 2068 lumen
2943 2021 3215 2082 spectare.
3251 2008 3454 2068 Etiam,
3491 2021 3646 2073 rogo,
3685 2022 3754 2058 ne
3787 2006 4013 2059 deﬁria-

2431 2125 2558 2163 mus
2591 2105 2884 2176 pulsando,
2939 2101 3262 2173 quaerendo,
3317 2109 3373 2153 et
3433 2100 3671 2167 petendo
3719 2106 4012 2165 ante-quam

2430 2201 2812 2261 exaudiamur,
2855 2207 2910 2250 et
2936 2196 3243 2264 aperiatur,
3270 2201 3324 2245 et
3348 2191 3512 2243 detur
3537 2190 3697 2242 nobis
3733 2206 3746 2242 :
3788 2189 4015 2256 insuper

2428 2297 2605 2351 donec
2638 2290 2872 2362 ingressi
2924 2289 3107 2343 lumen
3142 2287 3505 2354 accipiamus,
3531 2293 3585 2337 et
3627 2283 3760 2336 illud
3797 2284 4012 2336 esstin-

2428 2399 2576 2445 etum
2612 2389 2665 2442 in
2697 2384 2963 2438 cordibus
3001 2382 3210 2435 nostris
3256 2379 3581 2433 habeamus.
3623 2375 3808 2430 t‘Iuiite
3851 2377 4014 2443 igitur

2427 2497 2639 2538 errare.
2670 2479 2888 2533 fratres.
2921 2475 3026 2543 Qui
3069 2475 3124 2527 in
3160 2472 3405 2526 tenebris
3437 2471 3592 2529 vivit.
3625 2480 3780 2522 extra
3809 2469 4011 2522 ostium

2429 2585 2534 2632 est.
2584 2573 2687 2640 Qui
2741 2581 2922 2624 autem
2966 2582 3026 2621 se
3079 2568 3388 2635 ingressum
3449 2563 3756 2622 existimat,
3817 2570 3874 2613 et
3925 2574 4017 2623 per

2427 2667 2631 2721 ostium
2663 2664 2950 2730 ingressus
2981 2672 3088 2710 non
3126 2662 3233 2717 est,
3267 2653 3434 2706 etiam
3492 2651 3608 2718 ipse
3657 2661 3815 2702 extra
3878 2647 4017 2700 ovi‘ie

2429 2764 2531 2811 est.
2567 2753 2625 2806 Si
2655 2754 2800 2806 enim
2839 2750 2930 2802 lux
2987 2746 3200 2807 mundi,
3242 2753 3294 2798 et
3348 2744 3554 2796 ostium
3602 2751 3687 2794 est
3735 2739 4016 2801 Christus,

2426 2847 2651 2902 Omnino
2688 2841 2938 2896 lucidmtt
2969 2840 3174 2893 ostium
3199 2845 3312 2896 est,
3350 2851 3458 2887 non
3515 2836 3721 2887 ostium
3752 2835 4014 2897 simplex.

2427 2942 2493 2994 Et
2519 2940 2611 3007 qui
2644 2937 2696 2989 itt
2727 2951 2792 2989 eo
2822 2941 2928 2994 est,
2967 2933 3019 2984 itt
3079 2931 3200 2984 luce
3249 2928 3440 2981 mundi
3477 2939 3584 2981 est.
3645 2925 3762 2979 Lux
3829 2937 4014 2979 autem

2428 3030 2617 3083 mundi
2651 3035 2757 3088 est,
2794 3039 2900 3078 non
2932 3036 3095 3088 quam
3143 3019 3428 3073 oculorum
3471 3033 3668 3072 sensus
3723 3018 4016 3084 peri-ipiat,

2427 3123 2520 3176 sed
2575 3134 2740 3187 quant
2809 3115 3028 3168 animus
3096 3112 3300 3174 videat,
3371 3118 3538 3177 atque
3583 3112 4013 3178 contctnpletur_

740 3219 826 3263 est
867 3211 1048 3260 lumen
1102 3206 1459 3267 revelabitur,
1503 3207 1829 3277 oet-ultaque
1881 3209 2072 3263 borum
2136 3215 2320 3266 omnia
2354 3213 2398 3273 C
2433 3213 2566 3268 Nam
2600 3211 2683 3265 sol
2724 3210 2836 3268 hic,
2865 3221 3028 3276 quem
3079 3219 3280 3259 sensus
3328 3203 3572 3268 attingit,
3627 3201 4017 3253 tantummodo

737 3303 1259 3359 manifestabuntur.
1297 3299 1359 3354 Et
1382 3302 1571 3370 quales
1607 3317 1753 3355 nunc
1793 3318 1984 3358 sumus
2019 3307 2321 3376 unusquis-

736 3413 845 3466 que
875 3408 1145 3457 nostium,
1175 3409 1277 3448 nos
1306 3394 1454 3460 ipsos
1488 3395 1855 3455 occultantes.
1889 3406 1944 3450 et
1992 3412 2090 3465 per
2139 3400 2318 3468 ιιωηὶ-

736 3494 964 3550 tentiam
1004 3503 1193 3542 nostra
1239 3485 1596 3538 manifestare
1649 3489 1924 3550 nolentes,
1962 3498 2092 3542 tunc
2123 3505 2151 3542 a
2195 3493 2318 3546 luce

737 3580 1036 3642 manifesti,
1065 3589 1118 3633 et
1148 3579 1320 3647 aperti
1357 3576 1464 3631 Deo
1495 3589 1547 3632 et
1579 3580 1838 3634 omnibus
1874 3596 2090 3645 sumus,
2127 3589 2181 3637 et
2215 3583 2319 3636 eri-

738 3689 901 3738 ntus;
938 3682 995 3725 et
1029 3671 1346 3740 magnitudo
1378 3672 1606 3740 pudoris
1639 3685 1701 3726 ac
1729 3672 2020 3727 dedecoris
2067 3673 2180 3729 illic
2217 3689 2316 3745 pro

736 3765 1050 3836 spectaculo
1078 3767 1204 3820 erit.

807 3857 1193 3911 Eteniatsieut
1253 3857 1308 3910 in
1362 3855 1526 3910 domo
1569 3857 1770 3924 januas
1825 3857 1976 3912 intus
2031 3857 2317 3915 obseratas

735 3955 997 4017 habente,
1050 3955 1094 4007 si
1133 3955 1256 4020 quis
1287 3969 1318 4006 e
1351 3953 1532 4010 nobis.
1566 3953 1721 4020 quasi
1771 3951 1904 4007 foris
1935 3969 1964 4005 ει
1997 3955 2212 4008 nemine.
2247 3955 2322 4008 vi-

738 4064 834 4102 sus
875 4049 1048 4100 cause
1096 4057 1310 4113 peccet,
1347 4045 1617 4098 adulteria
1651 4046 1880 4108 scilicet,
1911 4058 2005 4098 ant
2039 4048 2318 4101 masculo-

737 4157 859 4194 rum
887 4139 1244 4200 concubitus,
1289 4146 1382 4189 aut
1415 4137 1519 4189 alia
1570 4139 1908 4190 exsecranda
1970 4148 2317 4207 perpetrans,

735 4234 933 4287 deinde
968 4233 1152 4285 subito
1185 4233 1238 4283 itt
1272 4231 1387 4297 ipso
1427 4229 1634 4298 flagitio
1687 4231 2149 4299 depreliet‘idatur,
2204 4246 2321 4284 nta-

738 4341 898 4394 gnam
937 4324 1175 4377 incurrit
1211 4323 1538 4388 infamiam;
1575 4331 1670 4376 aut
1695 4324 1777 4390 (ut
1823 4323 1970 4376 aliud
2005 4323 2317 4392 CXt'nlplttttt

737 4421 978 4483 demus),
1011 4417 1056 4468 si
1089 4418 1211 4485 quis
1240 4415 1506 4469 adversus
1535 4430 1714 4483 regem
1753 4415 1980 4470 insidias
2011 4416 2312 4470 meditetur

2425 3307 2676 3376 corporis
2736 3303 2930 3356 oculos
2985 3299 3259 3352 illuminat
3316 3296 3628 3380 hominum,
3685 3293 4016 3353 bestiarum,

2419 3403 2708 3457 volucrum
2753 3416 2767 3450 :
2802 3407 2855 3448 at
2883 3394 2962 3447 Sol
2993 3393 3086 3460 qui
3118 3388 3664 3456 subintelligentiam
3712 3387 3888 3445 cadit,
3921 3387 4015 3452 qui

2420 3492 2630 3550 mundo
2666 3489 2872 3550 illusit,
2905 3486 3120 3539 animas
3171 3483 3442 3535 dumaxat
3473 3483 3691 3531 ratione
3726 3476 4010 3546 praeditas,

2419 3601 2601 3656 neque
2653 3583 2756 3636 has
2816 3581 2959 3633 citra
3029 3577 3330 3630 discrimen
3380 3585 3594 3633 omnes,
3645 3580 3701 3624 et
3764 3571 4019 3640 indignas

2418 3679 2582 3734 etiam
2622 3672 2939 3728 illuminare
2967 3671 3140 3722 norit.
3181 3666 3337 3720 Haud
3373 3667 3520 3718 enim
3555 3665 3855 3722 innuimus,
3888 3681 4013 3734 seu,

2423 3778 2485 3826 ttt
2515 3767 2711 3822 melius
2743 3766 2946 3826 dicant,
2980 3776 3090 3814 non
3144 3759 3345 3813 animal
3381 3767 3485 3816 est,
3523 3770 3623 3809 nec
3661 3773 3886 3819 servus,
3922 3771 4020 3810 aut

2423 3873 2680 3918 creatura
2727 3857 2792 3911 ad
2841 3857 2964 3909 aliis
3000 3851 3429 3908 tninistramlunt
3480 3851 3809 3910 constituta,
3875 3853 4021 3902 sicut

2427 3969 2626 4022 nempe
2661 3952 2763 4005 iste
2800 3949 2877 4002 so!
2907 3962 3072 4016 quem
3110 3945 3423 4006 cernimus,
3465 3943 3671 4010 quique
3699 3957 3756 3994 οι
3779 3944 3894 3993 itur
3917 3958 4020 3994 su-

2419 4062 2517 4118 per
2541 4046 2722 4113 justos
2744 4049 2798 4094 et
2825 4039 3087 4108 injustos,
3121 4035 3324 4105 probos
3357 4034 3520 4085 simul
3547 4043 3599 4086 et
3633 4033 3920 4100 ill-probos
3945 4032 4020 4085 se.

2423 4141 2529 4194 Sed
2562 4150 2877 4206 quanquam
2911 4133 3028 4192 lux,
3079 4139 3132 4181 ct
3172 4127 3253 4181 sol
3310 4127 3656 4186 nominatur,
3707 4134 3898 4177 tamen
3963 4133 4021 4177 et

2422 4245 2595 4302 supra
2628 4231 2830 4290 lucem,
2861 4234 2914 4279 et
2962 4237 3127 4290 Supra
3171 4223 3368 4281 solent,
3392 4228 3446 4274 ct
3483 4229 3538 4270 nt
3571 4218 3711 4270 luris
3759 4233 3829 4268 ac
3880 4217 4022 4270 solis

2421 4326 2680 4382 conditor
2712 4335 2776 4373 ac
2814 4315 3082 4369 Dominus
3127 4323 3230 4372 est.
3278 4311 3412 4370 Vita.
3466 4310 3741 4367 \‘iViliCIIS.
3778 4312 4018 4364 \‘t‘riiF-S.

2416 4417 2657 4492 justitia,
2699 4423 2752 4468 et
2781 4409 3148 4465 sanctiﬁcatio
3180 4406 3247 4466 ",
3283 4403 3539 4470 simplex,
3573 4403 3641 4453 ab
3676 4401 3827 4453 omni
3859 4417 4020 4453 com-

734 4527 935 4579 casque
967 4509 1040 4562 illi
1079 4513 1281 4576 scripto
1307 4518 1560 4575 expuunt,
1590 4517 1684 4561 aut
1710 4511 1754 4562 si
1797 4510 1986 4573 dicat,
2041 4518 2320 4564 statuatur
2350 4551 2394 4605 υ
2426 4512 2709 4582 positione
2740 4506 2900 4566 liber,
2936 4511 2989 4556 et
3022 4514 3185 4552 oiuue
3241 4498 3470 4556 bonum.
3518 4501 3572 4546 et
3607 4496 3806 4546 melior
3862 4497 4020 4545 omni

734 4605 891 4657 nefas
926 4601 1170 4670 aliquod,
1205 4601 1430 4652 onmino
1468 4601 1611 4654 intra
1667 4600 1836 4665 aedes,
1870 4611 1926 4654 ut
1957 4602 2164 4656 dictum
2207 4612 2311 4667 est,

733 4695 983 4755 latitans,
1025 4707 1149 4761 post
1182 4709 1273 4746 rex
1310 4708 1434 4746 cum
1475 4702 1591 4746 toto
1625 4705 1820 4748 senatu
1856 4709 1979 4758 suo,
2014 4707 2313 4748 consueto-

731 4803 839 4856 que
875 4786 1048 4841 satelli
1081 4787 1133 4838 io
1185 4786 1477 4848 adveniat,
1513 4796 1566 4839 et.
1600 4787 1824 4840 domum
1860 4789 2066 4856 cingat,
2099 4791 2313 4842 statim~

732 4896 839 4950 que
872 4896 934 4933 ea
964 4887 1078 4932 tota
1127 4893 1319 4931 eversa
1359 4879 1494 4946 ipse,
1552 4889 1607 4932 et
1659 4881 1843 4932 omnia
1897 4881 2018 4951 ejus
2076 4881 2310 4936 consilia

733 4981 1056 5039 appareant,
1102 4986 1316 5038 paruam
1348 4986 1596 5037 magnam
1634 4972 2154 5041 damnatimietnque
2190 4988 2314 5026 sus-

733 5070 911 5128 tinet;
961 5065 1025 5116 ad
1070 5065 1318 5118 eumdem
1359 5065 1578 5117 moduni
1629 5077 1759 5117 time
1799 5066 2056 5118 omnibus
2102 5067 2194 5135 qui
2253 5067 2307 5119 itt

733 5160 939 5212 tnundo
981 5168 1107 5211 sunt
1145 5160 1253 5211 lict.
1298 5155 1365 5208 Et
1400 5174 1502 5210 nua:
1531 5159 1738 5226 quidem
1767 5159 1904 5211 sicut
1942 5159 2052 5211 dies
2105 5159 2308 5210 illumi-

733 5253 952 5307 nabitur
981 5255 1046 5318 ³³,
1087 5255 1286 5308 domus
1341 5261 1522 5304 autem
1564 5255 1770 5316 otunis,
1821 5263 1876 5306 et
1925 5253 2206 5318 spelunca,
2253 5259 2309 5304 et

733 5348 935 5400 caelum
989 5347 1164 5414 ipsum
1208 5362 1270 5398 ac
1327 5354 1470 5397 terra
1514 5345 1794 5409 tollentur,
1842 5360 2146 5411 onttieSque
2211 5344 2304 5412 qui

731 5439 1012 5490 Christum
1049 5453 1154 5489 non
1194 5439 1512 5502 induerunt,
1542 5455 1633 5491 seu
1667 5440 1760 5506 qui
1797 5441 1976 5490 lumen
2008 5455 2112 5490 non
2149 5453 2306 5492 acce-

732 5540 948 5600 perunt,
986 5543 1042 5584 ut
1075 5547 1241 5598 supra
1273 5533 1635 5595 detrahamus,
1667 5542 1717 5582 et
1752 5531 1804 5583 in
1842 5533 1961 5598 ipso
1995 5532 2147 5598 prius
2194 5547 2302 5584 non

736 5625 974 5685 luerunt.
1006 5633 1059 5678 et
1102 5625 1282 5678 lumen
1332 5639 1441 5678 non
1477 5624 1722 5688 fuerunt,
1755 5624 1886 5678 nudi
1942 5623 2301 5692 apparebunt,

803 5831 844 5860 ¹¹τ
882 5832 994 5887 J'tc.
1027 5849 1096 5894 tv,
1132 5835 1214 5888 Π.
1292 5836 1335 5867 ³⁸
1365 5831 1522 5889 Joan.
1571 5849 1649 5899 ιιι,
1693 5831 1786 5886 ει.

736 5911 769 5955 ι,
825 5901 907 5953 3η,

1865 5832 1909 5864 δ’
1943 5829 2087 5884 Psal.
2129 5845 2366 5893 rxxxitt,
2406 5828 2486 5880 i-Z.

2425 4609 2588 4661 bono.
2631 4600 2699 4655 Ut
2731 4600 2898 4668 igitur
2948 4594 3151 4646 veritas
3199 4599 3285 4643 est
3331 4604 3394 4641 ac
3431 4590 3652 4646 dicitur,
3705 4602 3832 4637 vere.
3881 4603 4023 4639 cun—

2418 4693 2767 4750 vertentibus
2833 4704 2893 4743 sc
2945 4687 3155 4740 veritas
3203 4682 3456 4735 eliicitur.
3516 4678 3584 4732 Ut
3641 4680 3862 4746 justitia
3905 4691 4018 4736 est,

2419 4804 2640 4844 omnem
2679 4781 3011 4852 iniustitiam
3047 4777 3267 4832 exorsis
3293 4773 3508 4842 justitia
3536 4781 3646 4824 est.
3688 4769 3760 4824 Ut
3796 4772 4018 4823 sancti-

2419 4880 2624 4941 ficatio,
2651 4876 2818 4931 elutis
2843 4888 2906 4926 ac
2933 4886 3032 4942 per
3066 4871 3337 4938 Iacrymas
3359 4866 3620 4932 purgatis.
3656 4861 3720 4918 Ut
3747 4863 4016 4931 simplex,

2420 4972 2530 5025 illis
2557 4969 2652 5036 qui
2690 4965 2896 5020 nullam
2931 4960 3367 5030 pert/ersitatem,
3404 4966 3496 5008 aut
3523 4955 3828 5021 nequitiam
3858 4957 4019 5007 intus

2420 5069 2640 5136 gestant
2669 5061 2722 5112 iu
2755 5055 3095 5127 pt'aaeordiis.
3141 5051 3209 5106 Ut
3239 5065 3348 5104 non
3381 5047 3747 5114 compositus,
3795 5047 4014 5099 nullam

2420 5155 2825 5225 duplicitatem,
2873 5156 2968 5200 aut
2997 5143 3437 5212 ambiguitatem,
3496 5147 3590 5191 aut
3646 5136 4020 5190 incredulita-

2418 5259 2526 5304 tem
2576 5245 2742 5300 animi
2779 5237 3128 5294 habentibus.
3178 5232 3246 5288 Ut
3285 5233 3483 5290 bonus.
3515 5231 3582 5283 iis
3609 5231 3702 5297 qui
3737 5229 4017 5296 spiritum

2419 5341 2562 5395 libus
2595 5331 2937 5407 poenitentia:
2981 5327 3268 5396 operibus,
3301 5324 3366 5376 ad
3407 5338 3630 5389 corpus,
3685 5331 3778 5374 aut
3827 5323 4012 5375 vitam

2421 5437 2579 5487 istam
2626 5429 2964 5498 pertinentes
3010 5435 3176 5473 curas
3209 5433 3271 5470 ac
3312 5416 3716 5468 sollicitudines
3765 5429 3874 5464 non
3912 5415 4011 5465 itt—

2421 5525 2652 5582 ducunt,
2713 5517 2914 5586 quibus
2968 5529 3029 5566 ea
3085 5513 3354 5564 misceant
3403 5520 3566 5578 atquc
3626 5505 4008 5567 confundant;

2417 5617 2510 5674 sed
2538 5615 2682 5669 nuda
2717 5611 3019 5668 voluntate.
3051 5618 3104 5660 et
3137 5603 3501 5671 applicatione
3531 5601 3699 5654 animi
3736 5601 3789 5652 in
3821 5599 4009 5652 malo-

3738 5801 3780 5831 "
3818 5797 4006 5854 iCt‘r-

2570 5823 2612 5853 δ’
2645 5816 2833 5874 Matth.
2870 5831 2962 5878 vn,
3003 5813 3089 5866 i5.
3177 5810 3218 5841 ”
3253 5807 3444 5864 .‘lattb.
3476 5821 3528 5863 ν,
3566 5803 3653 5857 45.
