4170 6452
731 402 848 473 415

1989 408 2376 469 ΒΥῘιῙΞΞΟΝῙΞ
2413 408 2789 470 JUNlOI‘tIS

3894 410 3996 473 “6

731 524 968 573 animam
1004 534 1100 589 pro
1136 519 1403 574 fratribus
1436 529 1687 589 prompte
1718 520 1785 573 ad
1822 527 2050 573 mortem
2084 518 2303 575 oﬂ‘crre.
2334 516 2383 577 Α
2410 515 2580 572 Multo
2622 518 2790 588 igitur
2829 518 2972 588 ignis
3014 519 3377 589 intelligibilis
3421 522 3474 575 in
3509 523 3641 592 ipsis
3674 523 3988 590 intelligibi~

726 611 928 666 Audite
962 612 1146 679 igitur,
1180 613 1435 675 obsecro,
1468 612 1764 666 Christiani
1802 612 2024 671 fratres.
2064 620 2119 666 et
2166 613 2302 667 resi-

727 704 947 770 piscite.
990 713 1043 758 et
1080 704 1275 768 videte.
1324 722 1450 759 num
1499 706 1678 759 lumen
1715 707 1767 759 in
1812 706 2073 761 cordibus
2102 709 2301 761 vestris

724 797 1004 861 illuxeril;
1058 814 1185 854 num
1245 814 1499 864 magnum
1559 798 1689 851 illud
1744 799 1925 851 lumen
1968 801 2301 869 cognitionis

723 891 1049 954 aspexeritis
1091 909 1103 944 :
1156 907 1283 941 num
1330 890 1633 944 visitaverit
1673 905 1770 944 vos
1817 890 2014 946 Oriens
2059 907 2123 945 ex
2162 894 2298 956 alio,

724 978 1084 1032 illuserscens
1118 981 1275 1033 vobis
1317 982 1368 1035 in
1405 982 1663 1043 tenebris,
1706 993 1755 1033 et
1797 984 1847 1035 in
1881 985 2071 1035 umbra
2107 985 2299 1037 mortis

723 1072 1042 1123 sedentibus
1066 1072 1129 1123 ".
1164 1071 1307 1123 Deus
1339 1074 1481 1124 enim
1516 1089 1637 1124 cum
1666 1075 1872 1125 nullius
1905 1084 2081 1135 egeat,
2117 1075 2299 1142 sitque

722 1162 991 1213 haunt-um
1023 1163 1233 1230 plenus,
1273 1166 1407 1217 nihil
1440 1180 1467 1216 a
1502 1167 1661 1217 nobis
1692 1176 1885 1233 prmter
1919 1168 2147 1221 salutem
2178 1182 2301 1221 nos-

690 1265 857 1307 train
893 1258 1157 1322 requirit;
1208 1274 1312 1323 qua
1366 1259 1525 1311 aliter
1560 1260 1715 1325 potiri
1764 1261 1843 1311 l'as
1894 1276 2004 1313 non
2042 1269 2146 1321 εει.
2189 1260 2296 1314 nisi

720 1364 877 1400 mens
914 1360 1095 1401 nostra
1135 1350 1319 1403 divina
1364 1353 1562 1403 virtute
1612 1352 1949 1414 imumtetur,
1988 1361 2047 1404 ut
2083 1355 2153 1405 sit
2195 1368 2297 1407 en-

718 1441 865 1502 thea’,
899 1440 948 1491 id
980 1451 1083 1500 est,
1116 1439 1349 1494 Numine
1377 1441 1577 1504 amata,
1616 1458 1643 1494 a
1680 1442 1789 1497 Deo
1818 1454 1961 1504 arta,
1998 1444 2115 1497 sivn
2144 1445 2296 1499 omni

719 1534 1134 1599 perturbatione
1186 1548 1404 1596 carens,
1446 1543 1499 1587 et
1553 1549 1763 1589 saneta.
1821 1535 1971 1589 Mens
2026 1538 2169 1589 enim
2201 1553 2299 1591 en-

718 1628 840 1679 thea
885 1636 987 1690 est,
1025 1643 1147 1686 uitae
1190 1628 1353 1681 Deum
1398 1630 1450 1681 in
1497 1644 1555 1682 se
1603 1628 1789 1681 habet.
1837 1628 1987 1682 Talis
2040 1641 2220 1684 autem
2266 1647 2293 1685 a

720 1717 1009 1784 seuietipsa
1046 1720 1157 1770 ﬁeri
1192 1719 1330 1769 haud
1364 1726 1561 1785 potest.
1590 1716 1708 1771 Jain
1734 1720 1825 1787 qui
1867 1719 1974 1773 Deo
2008 1737 2104 1789 per
2136 1721 2295 1775 tidem

715 1809 1046 1873 conjUnctns
1072 1818 1180 1867 est.
1209 1826 1413 1878 perque
1442 1811 1825 1864 mamlatormn
1853 1812 2291 1865 observationem

2412 610 2556 665 libus
2604 611 2894 677 occultior,
2925 620 2979 667 et
3020 627 3261 669 arcanus
3296 614 3492 685 magis,
3527 632 3689 686 quam
3720 616 3997 672 sensibilis

2411 701 2466 755 in
2496 701 2870 760 sensibilibus.

2485 791 2721 847 Proinde
2753 795 3134 863 inspiciamus.
3187 795 3411 858 fratres.
3444 797 3828 866 subtiliterque
3864 812 3997 851 nos-

2412 895 2520 939 met
2551 895 2986 954 perscrutemur,
3021 896 3482 956 etpernHScamus
3508 889 3723 940 animos
3750 893 3998 943 nostros.

2409 993 2538 1031 num
2569 979 2623 1031 in
2676 980 2836 1032 nobis
2867 979 3072 1032 Christi
3150 981 3495 1047 signaculum
3546 980 3641 1034 sit.
3714 981 4000 1032 Disramus

2408 1088 2475 1126 an
2520 1072 2575 1124 in
2630 1073 2788 1125 nobis
2822 1074 2895 1125 sit
2948 1072 3219 1133 Christus,
3276 1088 3341 1125 ex
3405 1073 3627 1125 indiciis
3667 1078 3719 1124 et
3798 1072 3997 1137 signis.

2409 1176 2531 1228 «iure
2586 1164 2934 1229 protulimus.
2976 1161 3128 1227 Quod
3172 1163 3215 1215 si
3266 1162 3571 1226 Christum,
3613 1170 3707 1214 aut
3739 1161 3860 1224 eius
3918 1162 3997 1214 si-

2409 1253 2701 1321 gnacnlnm
2736 1253 2965 1305 necdum
3022 1254 3362 1320 aecepimus,
3414 1254 3671 1323 dictaque
3724 1255 3878 1318 signa
3942 1254 3995 1305 in

2407 1346 2565 1399 nobis
2592 1345 2725 1408 ipsis
2756 1346 2898 1397 hami
2950 1347 3304 1414 agnoscimus
3339 1362 3355 1399 :
3389 1350 3519 1411 quin
3556 1354 3748 1398 contra
3786 1346 3995 1411 potius,

2408 1439 2645 1491 mundus
2679 1438 2837 1491 fallax
2880 1439 2930 1490 in
2975 1438 3129 1491 nobis
3178 1439 3331 1497 vivit,
3367 1453 3579 1503 nosque
3616 1438 3667 1490 in
3702 1440 3824 1505 ipso
3857 1438 3997 1492 infe-

2407 1531 2540 1583 lices
2581 1532 2840 1593 vivimus,
2904 1532 3233 1598 temporaria
3286 1532 3464 1597 magni
3506 1533 3791 1595 ducentes,
3823 1540 3875 1583 et
3940 1533 3994 1585 iu

2404 1622 2789 1676 tribulationes
2836 1622 3157 1684 incidimus.
3227 1628 3282 1677 et
3341 1634 3566 1690 propter
3634 1623 3996 1691 ignominias,

2406 1728 2468 1765 ac
2528 1712 2854 1765 detrimenta
2903 1715 3237 1777 cruciamur,
3309 1713 3614 1767 honoribus
3681 1715 3767 1768 ide
3806 1728 3993 1775 verso.

2404 1804 2630 1869 divitiis,
2690 1804 2902 1859 deliciis
2942 1805 3245 1874 gaudemus
3312 1814 3365 1859 et
3404 1807 3775 1867 exsultainus,
3854 1807 3994 1875 proh

720 1898 869 1950 illum
932 1900 1105 1963 norit,
1168 1916 1291 1954 eum
1350 1916 1573 1969 quoque
1629 1917 1727 1969 per
1777 1902 2291 1969 contemplationem
2328 1881 2367 1933 Β
2398 1894 2681 1958 damnum.
2712 1897 2847 1965 proh
2881 1897 3271 1967 ignorantiam.
3306 1900 3439 1967 proh
3469 1901 3793 1962 caecitatem,
3858 1900 3992 1968 proh

715 2006 943 2045 cernere
986 1994 1209 2045 omnino
1256 1994 1453 2061 dignus
1503 2003 1608 2047 est.
1664 1993 1767 2049 Per
1820 1994 1979 2047 fidem
2018 1996 2291 2063 siquidem

717 2095 923 2137 certam
960 2084 1212 2140 Christus
1246 2087 1389 2139 ineo
1419 2088 1651 2151 habitat,
1688 2096 1741 2142 et
1772 2104 1925 2143 mens
1958 2091 2157 2143 enthea
2210 2091 2291 2144 fit.

717 2181 977 2232 Servatur
1019 2196 1184 2247 porro
1228 2183 1425 2233 enthea
1466 2196 1529 2233 ex
1565 2196 1654 2241 eo,
1695 2182 1840 2248 quod
1888 2198 1973 2236 res
2008 2184 2072 2235 ad
2105 2184 2295 2237 Chris-

715 2282 831 2323 tum
887 2274 1225 2338 pertinentes
1273 2288 1491 2337 semper
1538 2283 1778 2335 exercet,
1820 2285 1868 2327 et
1920 2276 2131 2344 legibus
2174 2276 2295 2344 ejus

718 2361 965 2415 attendit.
997 2362 1124 2415 Inde
1156 2362 1235 2425 lit,
1265 2371 1322 2414 ut
1366 2364 1530 2416 etiam
1568 2366 1821 2417 mandata
1852 2366 1969 2429 ejus
1998 2368 2291 2434 custodiat,

718 2455 1180 2521 ouemzulniodum
1210 2472 1275 2509 ex
1306 2471 1370 2507 eo
1402 2457 1549 2523 quod
1585 2466 1820 2510 mentem
1855 2460 2116 2511 divinitus
2144 2459 2295 2513 allia-

723 2559 834 2599 tam
866 2547 1049 2606 habet.
1080 2546 1336 2607 efﬁcitur.
1376 2559 1433 2601 ut
1466 2550 1721 2603 mandata
1750 2550 1955 2603 Christi
1986 2560 2040 2604 et
2064 2557 2289 2620 cogitet,

714 2648 771 2690 et
797 2647 1135 2703 exsequatur
1166 2654 1181 2691 :
1214 2639 1441 2710 ‘singula
1474 2641 1619 2691 enim
1652 2651 1705 2693 et
1744 2642 2021 2702 cohibent,
2055 2644 2296 2710 comple-

717 2736 1049 2794 ctunturque
1093 2706 1237 2791 quod
1289 2730 1597 2797 proximum
1638 2744 1741 2792 εει.
1775 2741 1828 2784 et
1860 2732 2188 2785 cohibentur
2227 2735 2296 2787 ab

718 2818 859 2882 ipso,
909 2818 1369 2887 continenturque
1417 2828 1472 2872 et
1528 2822 1830 2873 continent.
1884 2820 2296 2877 Contendamus

717 2908 899 2974 itaque
948 2908 1039 2961 Dei
1090 2912 1374 2977 praeceptis
1425 2912 1765 2967 facesseudis
1804 2914 1924 2981 (per
1966 2915 2109 2979 qmid
2151 2917 2295 2969 divi-

718 3015 845 3051 num
884 3000 1063 3053 lumen
1100 3003 1335 3069 amplius
1371 3018 1656 3070 apparere,
1693 3015 1746 3059 et
1786 3007 2112 3071 amplilieari
2158 3023 2295 3061 con-

716 3090 916 3158 suevit)
945 3091 1188 3143 divinum
1226 3095 1403 3159 ignem
1438 3095 1491 3147 in
1532 3096 1690 3148 nobis
1722 3097 2095 3151 abundantius
2125 3100 2291 3153 alere.

718 3181 789 3236 Ut
834 3183 979 3235 enim
1035 3183 1173 3251 apud
1221 3202 1320 3239 nos
1376 3185 1517 3254 ignis
1559 3186 1663 3240 sub
1707 3202 1927 3240 sensum
1985 3189 2189 3245 cadens
2241 3192 2292 3244 in
2325 3222 2366 3277 ε

718 3274 865 3341 ligno
895 3276 1258 3343 conspicitur.
1289 3284 1342 3329 et
1376 3278 1701 3342 srintillula,
1736 3279 1781 3333 si
1823 3282 2104 3335 materiam
2141 3298 2292 3335 cout-

718 3366 1088 3433 prehenderit,
1136 3384 1383 3437 magnam
1422 3369 1594 3424 facem
1629 3372 1896 3433 incendit,
1935 3376 2296 3443 appositoque

715 3462 1055 3515 nutrimento
1105 3462 1377 3517 llnnmam
1432 3465 1706 3532 ingrnleln
1758 3466 1989 3519 suscitat
2043 3484 2059 3519 :
2106 3467 2184 3520 sic
2236 3482 2295 3522 se

720 3553 881 3606 habet
908 3556 1048 3622 ignis
1093 3557 1182 3609 ille
1230 3557 1553 3623 spiritualis.
1598 3560 1649 3609 in
1688 3557 1773 3610 his
1813 3573 1933 3623 quae
1966 3560 2065 3611 soli
2097 3560 2296 3614 intelli-

716 3650 913 3713 gentia:
948 3659 1152 3714 patent.
1196 3649 1350 3713 Quod
1389 3651 1553 3717 igitur
1587 3651 1790 3717 lignum
1828 3659 1912 3703 est
1949 3652 2056 3719 igni
2100 3667 2294 3720 corpoc

718 3749 859 3802 iatn,
896 3738 1000 3793 huc
1030 3741 1209 3793 anima
1251 3742 1479 3794 rationis
1511 3756 1735 3810 compos
1771 3742 1977 3797 habens
2011 3745 2289 3809 mandata,

722 3830 825 3896 igni
866 3831 1193 3885 Divinitatis.
1226 3832 1336 3883 Non
1362 3833 1507 3884 enim
1542 3834 1843 3886 secundum
1874 3836 2110 3903 seipsam
2147 3835 2294 3888 Divi-

720 3921 864 3975 uitas
915 3923 1268 3987 perspicitur,
1321 3923 1367 3977 si
1421 3925 1472 3975 in
1525 3924 1599 3985 id,
1646 3926 1789 3992 qttnd
1840 3934 1925 3978 est
1974 3927 2200 3981 rationis
2239 3938 2295 3982 et

717 4014 930 4065 consilii
982 4015 1274 4078 particeps,
1320 4030 1425 4066 non
1478 4014 1752 4069 inciderit.
1809 4014 1963 4069 Sicut
2013 4028 2192 4070 autem
2234 4034 2294 4073 se

719 4105 877 4158 habet
914 4106 1054 4173 ignis
1082 4108 1167 4158 hic
1195 4122 1381 4160 thSlel'
1407 4107 1458 4159 in
1491 4108 1595 4167 his.
1628 4109 1693 4160 ad
1718 4124 1838 4175 quae
1866 4126 2062 4164 sensus
2088 4116 2293 4179 pertin-

718 4195 790 4261 git
846 4213 857 4247 :
911 4195 985 4246 ita
1039 4197 1178 4263 ignis
1217 4198 1575 4265 intelligihilis
1616 4200 1667 4252 in
1704 4201 1785 4254 his
1820 4216 1943 4267 qua:
1984 4201 2050 4254 atl
2091 4202 2294 4255 intelli-

718 4293 951 4350 gentiam
985 4298 1252 4353 spectant.
1297 4292 1357 4342 lit
1388 4291 1665 4353 quomodo
1700 4292 1838 4359 ignis
1876 4293 2154 4347 sensibilis
2184 4309 2291 4347 non

719 4381 951 4442 \idetur,
983 4381 1082 4432 nisi
1114 4381 1165 4434 in
1202 4383 1423 4433 materia
1455 4381 1615 4434 fuerit
1645 4387 1918 4437 excitatus
1953 4403 1965 4437 :
2006 4387 2077 4436 ita
2117 4399 2293 4453 neque

719 4473 1070 4538 intelligiblis
1113 4476 1164 4524 in
1208 4474 1658 4541 intelligibilibus.
1710 4476 1807 4527 nisi
1857 4475 1908 4528 in
1945 4479 2168 4529 materia
2202 4493 2289 4531 sa-

2401 1988 2707 2054 miseriam,
2739 2001 3127 2060 stuporemque
3148 2001 3420 2053 nostrum,
3457 2007 3485 2045 a
3521 1993 3725 2061 quibus
3749 1992 3993 2054 subacti,

2398 2086 2453 2139 in
2494 2094 2690 2137 terram
2746 2086 3157 2153 proculcantur.
3222 2086 3366 2139 Sane
3402 2086 3766 2147 miserabiles,
3803 2086 3994 2153 longe-

2397 2192 2504 2246 que
2544 2176 2934 2240 infelicissimi,
2971 2187 3135 2245 atque
3167 2177 3235 2231 ab
3270 2179 3386 2245 ipsa
3426 2185 3633 2231 :eterna
3698 2178 3809 2231 vita
3853 2187 3908 2231 et
3961 2193 3991 2231 a

2401 2284 2570 2338 regno
2597 2270 2865 2323 caelorum
2901 2270 3147 2323 extranei
3206 2285 3422 2327 sumus.
3467 2285 3575 2323 non
3641 2271 3878 2337 amplius
3934 2270 3990 2323 in

2404 2362 2561 2414 nobis
2594 2361 2732 2428 ipsis
2804 2361 3086 2415 Christum
3141 2362 3512 2431 possidentes,
3559 2362 3655 2416 sed
3721 2360 3989 2414 mundum

2400 2456 2452 2508 in
2490 2455 2902 2522 nobismetipsis
2933 2458 3204 2509 viventem
3242 2455 3527 2517 habentes,
3561 2466 3749 2522 utpote
3788 2456 3841 2507 in
3870 2456 3993 2525 ipso

2400 2548 2671 2609 viventes,
2707 2554 2760 2601 et
2793 2557 3007 2599 terrena
3065 2546 3361 2614 sapientes.
3410 2546 3511 2611 Qui
3561 2550 3630 2599 ita
3664 2556 3743 2600 est
3772 2546 3989 2599 anima-

2400 2648 2510 2701 tus,
2562 2639 2817 2703 inimicus
2868 2639 2959 2692 Dei
3000 2648 3222 2707 apertus
3282 2650 3387 2693 est.
3437 2639 3568 2693 Nam
3604 2639 3823 2691 allo-vtio
3857 2654 3990 2700 erga

2400 2729 2682 2795 mundum,
2722 2731 2939 2782 inimica
2975 2745 3057 2784 est
3084 2730 3190 2782 Deo
3220 2731 3287 2792 τί,
3341 2731 3495 2798 juxta
3533 2732 3665 2785 illud
3690 2732 3942 2798 Apostoli
3974 2751 3986 2785 :

2404 2824 2485 2878 Ne
2518 2823 2755 2891 diligatis
2777 2824 3052 2885 mundum,
3091 2840 3254 2891 neque
3271 2841 3331 2877 ea
3350 2842 3466 2893 qua!
3490 2826 3543 2877 in
3563 2827 3758 2877 mundo
3774 2836 3895 2878 sum
3920 2826 3967 2856 ⁷⁸

2400 2915 2537 2982 Quia
2575 2931 2737 2969 nemo
2786 2925 2958 2983 potest
3005 2915 3114 2968 Deo
3148 2917 3374 2978 servire.
3410 2926 3465 2971 et
3524 2918 3826 2971 secundum
3891 2918 3991 2971 lio-

2402 3008 2603 3061 minem
2693 3008 2896 3061 virere.
2974 3006 3114 3061 Vere
3169 3008 3303 3061 nihil
3379 3010 3594 3071 melius,
3658 3008 3876 3065 fratres.
3932 3010 3987 3066 in

2403 3098 2632 3163 mundo,
2670 3114 2835 3167 quant
2875 3098 3012 3151 nihil
3068 3098 3270 3151 haltere
3324 3099 3536 3166 mundi,
3607 3115 3784 3167 neque
3841 3100 3987 3153 ultra

2401 3204 2463 3243 ca
2496 3204 2618 3257 qua:
2667 3190 2882 3255 corpori
2933 3192 3244 3244 necessaria
3288 3200 3437 3251 sunt,
3472 3191 3794 3245 desiderare
3828 3191 3993 3260 quid-

2403 3295 2589 3350 quam.
2631 3280 2946 3335 Necessitas
2970 3291 3149 3336 autem
3226 3283 3350 3344 ista,
3406 3284 3450 3335 si
3502 3284 3763 3336 rationem
3800 3283 3994 3337 audia-

2404 3385 2550 3435 mus,
2593 3379 2679 3423 est
2712 3372 2870 3438 panis
2900 3380 2953 3424 et
2981 3387 3144 3438 aqua,
3196 3373 3578 3426 vestimentum
3614 3382 3665 3424 et
3700 3381 3991 3436 tegumen-

2402 3471 2539 3525 tum,
2607 3463 2907 3516 secuudum
2968 3464 3213 3517 divinum
3300 3464 3648 3531 Apostolum,
3732 3466 3989 3517 habentes

2400 3556 2593 3607 victum
2633 3564 2683 3608 et
2710 3557 2976 3618 vestitum,
3011 3556 3089 3609 his
3142 3559 3374 3610 contenti
3425 3558 3621 3609 erimus
3651 3557 3697 3587 ⁷³
3746 3556 3907 3621 Quod
3942 3558 3987 3610 si

2399 3661 2457 3699 re
2477 3648 3217 3715 aliquainsuperegebimus,
3251 3649 3369 3718 ipse
3410 3663 3508 3711 pro
3534 3660 3685 3701 certo
3718 3648 3989 3718 pra-bebit

2398 3737 2557 3791 nobis
2620 3738 2973 3792 credentibus
3049 3746 3102 3791 et
3161 3741 3534 3807 εῃντςιιιιίιιιιε.
3610 3739 3704 3806 qui
3776 3739 3987 3802 u-ajora

2399 3830 2625 3895 largitus
2672 3837 2776 3892 est,
2802 3842 2848 3883 et
2874 3831 3052 3897 implet
3088 3848 3236 3884 omne
3276 3831 3477 3883 animal
3521 3830 3880 3883 benedictione
3922 3831 3990 3895 ",

2403 3922 2568 3975 modo
2604 3932 2800 3977 cartera
2862 3925 3046 3976 omnia
3081 3924 3244 3991 hujus
3300 3923 3457 3975 ﬂuxae
3508 3932 3560 3977 et
3612 3924 3831 3973 ('adtu‘a-
3862 3924 3989 3974 vitae

2398 4014 2818 4081 relinquamus;
2873 4024 3002 4083 puta
3091 4030 3285 4067 vanam
3355 4015 3609 4083 gloriam,
3674 4014 3985 4066 invidiam:

2398 4107 2813 4159 contentionem
2863 4114 3131 4170 mutuam,
3184 4107 3392 4169 dolum,
3460 4105 3983 4165 murmurationem,

2396 4199 2566 4261 rixas,
2608 4199 2971 4255 mendacium.
3024 4199 3345 4266 perjurium,
3421 4197 3747 4265 iniustitiam
3803 4198 3988 4250 avari-

2400 4288 2551 4351 tiam,
2584 4290 3001 4353 contumeliam,
3042 4290 3401 4352 calumniam,
3448 4290 3824 4349 maledictnm,
3852 4304 3991 4343 con-

2396 4384 2787 4444 certationem,
2830 4381 3309 4443 obtreetationem,
3379 4380 3847 4439 criminationem,
3894 4396 3990 4433 su-

2398 4474 2665 4540 pel‘bintn,
2687 4474 2967 4525 hominum
2986 4474 3196 4535 odium,
3219 4473 3648 4539 improbitatem.
3675 4483 3990 4539 caeteraque

716 4581 879 4618 crmu
908 4585 935 4610 ιι
993 4582 1021 4615 ιι
1049 4566 1396 4624 andaturum,
1449 4566 1605 4628 quasi
1655 4565 1707 4617 in
1756 4566 1919 4629 lignis
1970 4567 2240 4621 exstiterit
2277 4584 2291 4622 ε
2327 4571 2371 4623 ι)
2402 4566 2683 4622 universa,
2735 4578 2853 4629 qua:
2895 4561 3146 4613 diabolus
3177 4575 3355 4628 genus
3429 4561 3728 4612 humanum
3773 4560 3985 4613 docuit.

718 4654 818 4719 Qui
849 4655 1016 4724 diligit
1059 4671 1159 4714 me,
1196 4654 1371 4720 inquit
1412 4655 1697 4717 Dominus,
1739 4656 1994 4708 mandata
2036 4672 2150 4707 mea
2187 4673 2296 4709 ser.

717 4748 880 4806 t'ubit.
928 4760 975 4799 rt
1023 4764 1116 4814 ego
1165 4748 1381 4815 diligam
1429 4764 1567 4809 eunt,
1614 4757 1661 4799 et
1712 4749 2060 4811 manifestabo
2094 4750 2140 4801 ei
2190 4765 2297 4801 nte-

718 4837 887 4895 ipsum
912 4837 978 4888 ⁷⁸³.
1030 4836 1174 4898 Ignis
1216 4852 1374 4901 quem
1410 4851 1573 4888 sensu
1617 4838 1969 4904 percipimus,
2003 4848 2294 4905 antequam

716 4928 928 4987 i-niiCt-t,
967 4927 1094 4980 latet
1136 4928 1186 4978 in
1223 4929 1579 4981 Settsiltililius
1614 4947 1626 4981 :
1665 4938 1713 4982 et
1756 4930 1998 4981 abditum
2037 4940 2124 4983 est
2154 4930 2296 4982 diti-

721 5034 847 5068 num
883 5019 1084 5082 ιιιειριι,
1119 5022 1436 5089 priusquam
1471 5022 1705 5085 eluceat,
1746 5023 1797 5073 in
1832 5022 1915 5075 liis
1944 5039 2063 5090 qme
2097 5024 2299 5077 intelli-

719 5109 914 5165 trentia)
957 5120 1104 5164 sunt.
1158 5112 1301 5179 Ignis
1355 5114 1687 5180 principium
1728 5129 1835 5165 non
1870 5113 2293 5181 comprehendi-

719 5213 828 5260 tur.
874 5215 1070 5269 estque
1111 5205 1385 5256 OCt‘ttltttnI
1437 5206 1488 5257 in
1528 5206 1883 5258 sensibilibus
1930 5222 1942 5259 :
1983 5216 2038 5258 et
2084 5206 2293 5259 intelle-

719 5295 916 5348 ctualis
956 5295 1096 5363 ignis
1128 5298 1475 5365 principium,
1511 5308 1589 5350 est
1620 5300 1898 5350 occultum
1936 5298 1987 5350 in
2024 5300 2189 5352 rebus
2225 5299 2291 5351 ad

721 5389 1134 5448 intelligentiam
1167 5392 1561 5456 spectantibus.
1594 5390 1795 5444 Verum
1843 5392 2123 5446 sensibilis
2155 5393 2293 5459 ignis

724 5482 1078 5535 sensibilibus
1130 5485 1435 5537 substantia
1489 5485 1682 5537 similis
1730 5492 1815 5537 est
1867 5502 1879 5537 :
1938 5485 2296 5548 intelligibil‘is

727 5585 905 5628 autem
958 5577 1099 5645 ignis
1149 5578 1581 5644 intelligibilibus
1640 5576 1950 5630 substantia
2004 5577 2294 5631 dissimilis

723 5676 831 5735 est,
872 5669 998 5736 quia
1049 5668 1231 5739 epifex
1270 5686 1395 5725 cum
1441 5670 1659 5739 opiﬁcio
1708 5686 1809 5724 suo
1859 5670 2001 5724 idem
2040 5685 2144 5724 non
2185 5678 2289 5724 est.

730 5787 839 5909 ’δι’
870 5784 1004 5840 Luc.
1048 5802 1087 5852 ι,
1127 5786 1217 5853 73,
1250 5788 1337 5839 τεν.

1413 5788 1458 5820 ’⁸
1481 5787 1637 5842 Joan.
1673 5804 1782 5853 xlv,
1827 5787 1920 5843 21.

1997 5786 2179 5840 “Jac.
2221 5805 2291 5847 μ’,
2324 5790 2373 5841 i.

2401 4651 2631 4719 Propter
2670 4653 2783 4704 haec
2834 4653 2979 4703 enim
3024 4666 3132 4703 non
3196 4652 3423 4719 diligere
3470 4650 3754 4711 mundum,
3793 4666 3893 4703 nec
3927 4665 3988 4702 ea

2399 4762 2520 4814 qua:
2555 4747 2607 4797 in
2658 4744 2866 4797 mutulo
2929 4756 3076 4804 sunt,
3111 4743 3250 4811 jussi
3322 4759 3536 4797 Sttlttlls.
3593 4742 3712 4795 Nm
3740 4752 3796 4793 ut
3828 4758 3990 4795 crua-

2399 4846 2549 4891 tut‘as
2586 4838 2678 4889 Dei
2710 4839 2829 4889 sine
2868 4837 2977 4889 ullo
3010 4838 3333 4890 discrimine
3366 4837 3496 4888 odio
3539 4850 3944 4903 persequamur
3974 4854 3985 4887 :

2400 4940 2491 4982 sed
2528 4939 2583 4981 ut
2619 4931 2886 4982 malorum
2946 4931 3267 4983 oci-asioncs
3313 4928 3695 4995 przncidamus,
3758 4924 3989 4993 Propter

2403 5022 2515 5074 lucc
2547 5020 2732 5088 itaque
2779 5022 3067 5082 mumlum,
3116 5030 3170 5072 ct
3226 5021 3407 5071 omnia
3454 5034 3482 5071 a
3518 5018 3629 5071 Deo
3662 5021 3988 5077 ax'erteutia,

2400 5124 2452 5166 ut
2490 5114 2552 5166 ad
2576 5115 2877 5183 periculum
2908 5116 3103 5166 animae
3123 5112 3451 5165 deducentia
3470 5111 3740 5177 fugiamus
3759 5125 3989 5163 censeo.

2404 5210 2611 5261 l-ltenim
2654 5209 2776 5276 quis
2817 5210 3004 5274 gloria:
3063 5217 3116 5260 et
3170 5209 3401 5260 honoris
3470 5205 3694 5257 humani
3768 5206 3991 5267 aiidus,

2400 5309 2708 5351 extremum
2770 5301 3209 5369 vilissimumque
3295 5300 3541 5351 omnium
3610 5313 3668 5351 se
3744 5314 3990 5364 unquam

2403 5393 2701 5459 inputabit,
2751 5401 2804 5445 et
2866 5392 3089 5446 humilis
3134 5392 3352 5458 Spiritu,
3411 5401 3505 5443 aut
3558 5392 3723 5443 corde
3773 5392 3993 5443 οινιιιινί-

2403 5495 2494 5539 lus
2533 5486 2641 5547 lict,
2696 5494 2790 5537 aut
2848 5484 3035 5549 lugere
3123 5500 3385 5549 unquam,
3457 5485 3683 5536 omnino
3746 5482 3993 5549 poterit?

2402 5578 2537 5641 Quis
2554 5579 2679 5629 item
2703 5593 2897 5630 amans
2920 5577 3166 5640 divitias,
3213 5578 3681 5645 pecuniarumque
3704 5586 3755 5628 et
3774 5591 3993 5641 posses-

2404 5674 2620 5724 sionum
2645 5672 2942 5739 cupiditate
2967 5672 3378 5739 pessumdatus,
3404 5670 3471 5724 ad
3492 5669 3615 5723 aliis
3636 5668 3992 5721 tribuendum

3022 5789 3105 5841 "l
3137 5789 3277 5842 Tim.
3312 5806 3386 5850 γι,
3426 5788 3479 5843 8.

3123 5500 3385 5550 unquam,

2452 5789 2533 5842 "l
2561 5788 2716 5843 Jean.
2754 5805 2811 5849 ιι,
2857 5789 2943 5842 lii.
3022 5789 3105 5841 "l
3137 5789 3277 5842 Tim.
3312 5806 3386 5849 γι,
3426 5788 3479 5843 8.
3556 5789 3601 5819 "
3626 5786 3773 5840 Psal.
3808 5801 3988 5849 cxtiv,
