4170 6452
168 419 266 483 491

1522 407 1807 468 ORATIO
1833 409 2031 471 XXII.

3327 415 3432 479 422

171 536 559 601 scparossenl,
626 526 694 579 its
745 523 838 593 qui
894 523 949 575 in
1006 518 1291 575 montibus
1341 526 1395 573 et
1466 517 2137 587 speluncisAambulare
2174 528 2487 585 coeperunt,
2528 520 2593 572 ad
2626 534 2789 573 unam
2825 526 3022 574 metant
3054 522 3253 578 debent
3304 540 3432 579 cur-

173 629 438 675 mtcrunt
474 617 825 679 illustriores,
850 613 963 667 ﬁde
1007 622 1059 665 et
1097 611 1343 664 moribus
1380 624 1476 679 per
1505 610 1749 661 charita-

171 724 276 767 tcnt
308 728 440 780 erga
472 710 643 763 Deum
680 703 1243 775 conspicuiJ’rimum
1268 703 1407 754 enim
1427 713 1474 754 et
1504 717 1750 767 magnum

171 806 489 856 utandatum
560 811 660 864 est,
691 801 912 867 diligere
951 799 1114 849 Deum
1146 811 1211 848 ea:
1254 804 1366 846 toto
1395 794 1572 854 corde,
1607 804 1653 846 et
1689 808 1752 845 ea:

170 906 277 949 tota
331 899 544 954 anima,
578 904 627 946 et
654 909 717 945 ex
743 892 866 943 totis
913 891 1133 949 viribus,
1168 899 1216 941 et
1243 902 1309 940 ea:
1357 897 1467 939 tota
1499 886 1748 945 mente“,

175 996 230 1041 ut
271 988 394 1050 ipse
446 983 711 1035 Dominus
735 988 787 1033 et
825 982 1050 1046 antiqua
1083 980 1165 1029 lex
1198 977 1294 1029 ait.
1326 976 1597 1036 Alterum,
1624 974 1751 1025 ttili~

173 1097 289 1148 gere
323 1080 654 1146 proximum,
683 1085 739 1127 ut
772 1077 998 1141 seipsum
1023 1073 1089 1125 ⁸³.
1119 1071 1272 1124 Nota:
1312 1077 1518 1132 autem,
1552 1078 1606 1120 et
1630 1082 1755 1136 pro-

174 1173 430 1226 liat:encs
466 1170 632 1223 Deum
686 1170 922 1221 amantis
956 1174 1106 1224 sunt,
1139 1166 1435 1217 observare
1488 1164 1751 1214 mandata

175 1264 406 1325 t'hristi,
473 1272 525 1314 et
564 1276 665 1328 pio
696 1275 762 1312 co
809 1274 983 1327 usque
1059 1256 1125 1308 ad
1184 1266 1415 1308 mortem
1460 1254 1595 1306 dura
1633 1268 1757 1321 per-

179 1353 286 1417 peti
328 1370 343 1403 :
382 1350 489 1415 Qui
514 1351 692 1412 liabet,
724 1350 923 1417 inquit,
957 1349 1213 1399 mandata
1241 1362 1374 1410 ιτξειι,
1404 1355 1453 1397 et
1481 1354 1754 1405 servatea,

176 1445 269 1494 iste
299 1455 379 1494 est
431 1444 520 1510 qui
566 1444 741 1507 diligit
778 1442 937 1493 me”.
985 1442 1048 1494 lit
1100 1442 1439 1508 Apostolus:
1484 1440 1614 1501 Quis
1662 1455 1753 1492 nos

177 1534 450 1599 separabit
482 1550 511 1585 α
545 1533 807 1584 cltarttute
855 1533 1090 1586 Christi?
1119 1532 1419 1591 tribulatio,
1456 1547 1523 1582 an
1560 1544 1754 1597 angus-

179 1626 277 1685 tia,
307 1640 385 1679 an
436 1626 753 1689 persecutio.
791 1641 859 1675 uti
899 1625 1087 1689 fames,
1117 1641 1183 1675 an
1222 1624 1461 1687 auditas,
1494 1640 1561 1676 an
1619 1625 1758 1686 peri-

178 1712 383 1772 culum,
442 1728 508 1761 an
576 1713 841 1777 gladius?
882 1713 1016 1763 sicut
1067 1713 1321 1777 scriptum
1368 1722 1464 1771 est,
1505 1716 1756 1780 quoniam

178 1813 400 1869 propter
431 1814 481 1855 te
509 1804 581 1867 (id
613 1817 717 1865 est,
750 1804 957 1872 justum
995 1806 1308 1858 mandatum
1338 1814 1538 1873 tuum),
1570 1810 1759 1860 morti-

1864 621 2003 672 rere,
2034 615 2088 659 ut
2114 622 2177 660 cx
2203 607 2434 661 diversis
2460 610 2772 666 regionibus
2803 618 2855 663 et
2895 610 3029 665 locis
3065 614 3116 666 in
3153 631 3315 668 unam
3345 632 3438 669 ur-

1862 698 1982 751 bent
2023 700 2271 766 (regnum
2324 698 2588 751 cmlorutn
2652 703 2823 767 puta),
2854 711 2912 753 ut
2949 716 3112 770 supra
3166 704 3434 772 diximus,

1862 789 2208 849 conveniant,
2276 798 2328 842 et
2385 790 2534 856 digni
2594 791 2960 857 habebuntur,
3012 794 3107 861 qui
3167 810 3272 847 una
3307 811 3435 851 cum

1860 880 2082 934 Christo
2114 891 2360 948 regnent.
2395 882 2593 934 υνιςιιιιι
2638 884 2721 935 hic
2755 900 2913 935 unum
2957 886 3108 948 mihi,
3147 902 3255 938 non
3293 888 3438 939 mul-

1863 980 1969 1034 tas.
2006 983 2276 1037 sanctam,
2327 983 2379 1027 et
2433 976 2766 1030 individuam
2824 977 3088 1029 virtutum
3142 979 3437 1036 trinitatem

1865 1066 2150 1134 intelligito
2184 1083 2197 1118 :
2241 1068 2324 1118 vel
2386 1078 2563 1133 potius
2617 1071 2843 1134 primam
2884 1071 3242 1137 reliquarum,
3276 1089 3437 1138 quam

1863 1167 1919 1212 et
1952 1161 2194 1212 ultimam
2226 1159 2435 1221 dicunt,
2471 1172 2523 1213 ιιι
2558 1163 2717 1213 linem
2776 1162 3040 1213 bonorum
3074 1170 3128 1215 et
3180 1166 3440 1229 majOrem

1864 1252 2141 1314 omnibus,
2177 1254 2519 1311 charitatcm,
2560 1254 2805 1320 inquam,
2842 1269 2907 1305 ex
2956 1272 3082 1321 qua,
3140 1264 3191 1307 et
3229 1255 3280 1307 iu
3331 1269 3438 1323 qua

1867 1345 1999 1398 ﬁdes
2036 1344 2216 1398 omnis
2245 1344 2488 1405 fundata,
2520 1352 2569 1396 et
2616 1360 2740 1412 spes
2784 1346 3047 1398 aaitlitrata
3090 1357 3194 1411 est,
3228 1362 3291 1400 ac
3324 1351 3441 1401 sine

1866 1437 1967 1489 hac
2021 1435 2153 1488 nihil
2204 1450 2389 1487 eorum
2448 1450 2569 1501 qua:
2624 1442 2773 1493 sunt,
2830 1444 3226 1495 t‘Olthll‘lll'lllm,
3280 1448 3443 1502 atque

1867 1528 2229 1581 constitutum
2257 1536 2361 1585 est,
2399 1542 2495 1581 nec
2548 1527 2914 1579 constituetur
2952 1529 3193 1580 omnino.
3233 1528 3442 1579 Etenim

1867 1622 2097 1674 virtutes
2136 1635 2327 1674 omnes
2366 1620 2485 1673 sine
2519 1621 2618 1671 hac
2655 1621 2929 1682 marcida),
2978 1632 3031 1671 ct
3065 1623 3282 1673 inutiles
3311 1637 3445 1676 cen-

1870 1726 2081 1770 sentur.
2115 1716 2179 1766 Et
2210 1716 2299 1783 qui
2335 1717 2600 1767 ehmitate
2635 1714 3032 1774 destituuntur,
3074 1718 3322 1781 quamvis
3360 1715 3445 1766 iu-

1872 1812 2024 1861 terim
2076 1809 2222 1859 nulla
2282 1808 2480 1860 virtute
2519 1816 2764 1867 careant,
2802 1808 2983 1859 divina
3022 1806 3191 1872 pluria
3230 1806 3355 1858 nudi
3393 1808 3444 1859 in

177 1898 413 1962 ﬁcimmr
453 1908 562 1947 tota
589 1896 695 1957 die,
720 1898 971 1949 wstiiituti
999 1914 1183 1950 sumus
1217 1900 1350 1951 sicut
1382 1916 1500 1952 oves
1533 1902 1756 1954 occisio-
1792 1873 1832 1926 Β
1867 1900 1953 1954 die
1996 1900 2187 1969 judicii
2225 1900 2590 1951 invenientur.
2648 1898 2860 1965 Corpus
2912 1898 3179 1965 siquidem
3241 1900 3447 1964 alrsque

180 1988 348 2040 nis“.
386 1986 659 2051 Quienim
711 1990 1003 2042 universas
1035 1990 1156 2042 vitae
1183 1990 1350 2058 hujus
1390 1994 1760 2058 cogitationes

181 2078 672 2142 transcctidetttes,
725 2081 861 2133 nihil
899 2081 1069 2144 aliud,
1103 2097 1269 2148 quam
1325 2083 1497 2135 solum
1532 2084 1625 2136 Dei
1666 2100 1761 2137 γο-

181 2172 456 2225 luntatem
487 2174 753 2241 cogitant,
789 2184 846 2225 ut
885 2177 951 2225 ad
989 2177 1288 2243 ptrrlt‘Clttlll
1337 2175 1540 2229 Christi
1578 2179 1762 2230 chari-

184 2274 356 2316 tatem
393 2265 682 2332 pervenire
712 2264 947 2331 possint,
1009 2267 1255 2333 quotidie
1284 2268 1615 2320 moriuntur.
1652 2267 1766 2321 Hoc

185 2358 317 2408 item
346 2356 547 2408 beatus
570 2354 777 2409 Paulus
804 2355 1128 2410 desiderans
1150 2360 1367 2410 dicebat
1396 2376 1410 2411 :
1447 2358 1765 2427 Persequor,

183 2450 230 2500 si
267 2463 374 2516 quo
407 2448 563 2499 modo
590 2449 1055 2515 comprehendunt,
1088 2450 1140 2501 in
1168 2466 1269 2517 quo
1294 2460 1341 2502 et
1369 2452 1766 2514 comprehensus

185 2558 302 2593 sum
366 2559 399 2593 η
447 2540 753 2606 Christo”,
788 2542 888 2596 hoc
925 2552 1027 2608 est,
1073 2551 1130 2595 nt
1184 2547 1431 2612 diligam,
1464 2546 1515 2597 itt
1572 2561 1682 2614 quo
1715 2554 1769 2600 et

184 2636 423 2688 dilectus
470 2650 593 2687 sum
632 2650 661 2687 a
720 2634 963 2702 Christo,
1024 2647 1466 2690 consummatam
1525 2638 1769 2692 cbarita-

188 2736 298 2777 tem
331 2741 430 2792 per
464 2726 845 2794 hujuscemodi
880 2729 1043 2781 verba
1072 2731 1345 2783 indicatis.

255 2819 658 2871 Documentum
685 2835 845 2886 porro
870 2836 977 2871 non
1012 2821 1287 2886 diligentis
1314 2822 1499 2887 Deum,
1527 2831 1578 2874 et
1607 2822 1772 2877 Chri-

187 2921 337 2965 stum
394 2912 537 2978 ejus,
574 2921 660 2963 est
707 2912 974 2966 mandatis
1020 2914 1166 2965 illius
1214 2928 1322 2967 non
1381 2930 1591 2980 parere,
1630 2916 1775 2983 quod

190 3004 308 3070 ipse
346 3001 614 3057 Dominus
649 3003 997 3066 testiﬁcatur,
1029 3020 1152 3057 cum
1183 3006 1280 3065 ait,
1315 3005 1414 3069 Qui
1464 3024 1566 3059 non
1601 3008 1777 3076 diligit

186 3112 290 3159 me,
328 3113 597 3149 sermones
634 3112 773 3149 meos
813 3113 916 3149 non
947 3107 1117 3149 servat
1146 3098 1213 3150 ”.
1250 3097 1483 3151 Proinde
1509 3109 1561 3151 et
1594 3101 1775 3162 nubis,

1863 1996 2041 2063 capite
2092 2002 2393 2050 mortuum.
2444 2007 2506 2044 ac
2568 1992 2765 2059 spiritu
2824 2006 3055 2041 vacuum
3117 2000 3221 2043 est.
3282 1988 3448 2042 Multa

1867 2103 2031 2154 porro
2090 2086 2374 2138 charitatis
2429 2084 2673 2146 numina,
2740 2086 2922 2135 multa:
2957 2085 3221 2143 actiones,
3276 2083 3447 2134 multa

1867 2175 2091 2238 indicia,
2148 2175 2507 2242 proprietates
2564 2176 2762 2227 divina:
2810 2184 2860 2227 et
2921 2176 3190 2242 plurimm.
3249 2186 3448 2227 natura

1868 2284 1995 2332 una,
2020 2279 2072 2322 et
2102 2269 2386 2337 aequaliter
2404 2268 2661 2321 munibus
2689 2282 2916 2333 prursus
2949 2268 3256 2325 inetiahilis,
3283 2284 3448 2335 ange-

1869 2363 2045 2432 lisqne
2074 2372 2125 2416 et
2160 2363 2494 2421 hominibus,
2525 2370 2576 2413 ct
2613 2362 2759 2413 omni
2784 2362 2873 2413 alii
2901 2360 3264 2427 creatura-(7)
3300 2360 3446 2429 (apta:

1872 2458 2011 2511 forte
2041 2456 2323 2522 ignoratur
2355 2470 2383 2507 a
2419 2454 2620 2519 nobis),
2656 2457 2867 2505 ratione
2916 2453 3448 2520 incomprehensibi-

1871 2550 1963 2611 lis,
2014 2549 2186 2619 gloria
2229 2548 2529 2607 inaccessa,
2578 2546 2813 2600 consilio
2865 2560 2970 2598 non
3031 2545 3449 2613 investigatiilis,

1874 2652 2100 2702 (eterna,
2141 2642 2267 2707 quia
2301 2650 2355 2693 ct
2401 2642 2520 2693 sine
2563 2649 2826 2704 tempore,
2879 2637 2980 2690 sub
3008 2647 3288 2706 aspectum
3344 2651 3451 2688 non

1876 2734 2103 2794 cadens,
2144 2741 2195 2785 et
2254 2746 2374 2797 quae
2431 2730 2757 2796 intelligitur
2812 2729 3057 2796 quidem,
3117 2742 3221 2779 non
3273 2738 3453 2780 tamen

1876 2822 2384 2891 comprchemlitnr.
2432 2819 2593 2872 Multa
2636 2820 2799 2886 hujus
2851 2834 2958 2873 nun
3011 2826 3357 2871 ntauul'actte.
3398 2826 3455 2871 et

1879 2927 2081 2972 saucue
2129 2913 2310 2969 Siunis
2336 2915 2538 2967 decora
2566 2924 2620 2967 ct
2663 2914 2977 2981 elegantias,
3032 2929 3193 2982 quam
3241 2915 3332 2983 qui
3369 2914 3454 2967 in.

1882 3012 2019 3065 tueri
2052 3010 2238 3078 coepit,
2268 3010 2333 3060 de
2357 3007 2570 3061 caeteris
2611 3009 2943 3076 spectaculis
2974 3022 3194 3059 sensum
3228 3022 3452 3061 moven-

1883 3106 2031 3157 tibus
2068 3119 2175 3155 non
2226 3102 2563 3163 delectatur;
2609 3114 2716 3151 non
2777 3099 3009 3169 amplius
3047 3101 3235 3169 gloria:
3266 3100 3455 3154 mundi

188 3188 414 3251 fratres,
447 3201 552 3240 una
588 3189 893 3242 communis
945 3189 1030 3241 via
1078 3196 1218 3250 esto,
1273 3189 1526 3245 mandata
1564 3192 1774 3247 scilicet
1803 3202 1846 3259 ο
1887 3199 2044 3265 hujus
2073 3198 2336 3250 attineret.

192 3278 424 3337 (Lhristi,
456 3292 577 3344 qua:
612 3293 713 3331 nos
766 3279 831 3329 ad
879 3278 1099 3337 malum.
1145 3294 1208 3331 ac
1246 3279 1413 3333 Deum
1452 3285 1771 3349 perducant.

188 3365 518 3435 Quanquam
570 3369 715 3420 enim
775 3382 931 3421 sacra
998 3367 1279 3437 Scriptura
1346 3369 1595 3427 diversas
1656 3374 1773 3427 vias

189 3459 526 3528 prmscribit,
563 3475 667 3512 non
725 3471 901 3513 tamen
930 3460 1145 3529 penitus
1179 3460 1481 3516 secundum
1520 3473 1772 3518 naturam

187 3571 381 3618 suam;
422 3569 610 3607 verum
646 3554 712 3607 ad
751 3552 1085 3616 facultatem,
1119 3555 1413 3609 consilium
1455 3566 1619 3624 atque
1650 3573 1772 3611 seo-

189 3664 317 3715 puni
353 3648 625 3715 Cujusque
662 3648 714 3698 in
745 3647 909 3699 multa
956 3648 1177 3715 [igurari
1209 3647 1431 3710 dicitur,
1454 3650 1677 3717 quando
1707 3667 1773 3704 ex

190 3738 405 3800 multis,
459 3747 513 3791 et
571 3737 803 3791 diversis
848 3740 1111 3805 operibus
1165 3741 1582 3809 actionibusque
1634 3745 1774 3797 inci-

188 3832 426 3898 pientes,
460 3831 620 3897 quasi
658 3844 723 3883 ex
759 3829 897 3883 locis
929 3830 1183 3897 diversis,
1220 3834 1516 3904 multisque
1548 3838 1775 3894 urbibus

190 3924 396 3993 singuli
442 3921 744 3985 abiremus,
779 3925 831 3976 in
866 3938 1031 3977 unum
1066 3925 1455 3992 diversorium,
1492 3945 1688 3999 nempe
1720 3933 1773 3986 in

190 4030 421 4084 regnum
457 4017 723 4070 cwlnrum
753 4016 1040 4071 studemus
1073 4018 1353 4074 devenire.
1387 4021 1647 4077 Actiones
1673 4038 1774 4076 au-

190 4117 321 4170 tem,
356 4118 412 4160 et
440 4107 758 4174 spirituales
798 4108 1108 4162 divinorum
1144 4112 1385 4165 virorum
1417 4116 1514 4166 vite
1542 4116 1773 4169 virtutes

194 4198 572 4265 intelligenda:
603 4206 755 4250 sunt.
789 4196 979 4251 Omnis
1011 4200 1156 4253 cnim
1188 4204 1360 4255 virtus
1404 4202 1496 4255 Dei
1550 4205 1775 4257 manda-

197 4300 307 4341 tum
363 4296 469 4343 est.
528 4286 797 4342 Caeterum
853 4290 1002 4344 aliud
1057 4292 1318 4353 mandati,
1367 4294 1513 4347 aliud
1554 4295 1773 4351 virtutis

198 4383 335 4435 actio
361 4390 473 4447 est,
508 4381 725 4435 tametsi
756 4383 1021 4436 bonorum
1057 4384 1377 4439 oceasiones
1401 4402 1463 4439 ex
1496 4402 1555 4441 se
1582 4397 1774 4443 mutuo

202 4474 492 4542 accipiant.
526 4476 685 4527 Actio
732 4476 971 4528 mandati
1003 4484 1106 4536 est,
1163 4475 1341 4531 lacere
1370 4480 1513 4546 quod
1564 4482 1770 4546 justnsn

1955 3291 1999 3346 Ο
2033 3290 2494 3344 desideratissima
2532 3287 2796 3349 charitas,
2854 3286 3046 3340 beatus
3082 3286 3172 3354 qui
3215 3296 3265 3338 te
3300 3301 3455 3339 com-

1884 3386 2078 3452 plexus
2105 3393 2211 3444 est,
2232 3385 2491 3450 quoniam
2513 3388 2635 3450 post
2665 3380 2808 3432 hanc
2840 3388 3112 3431 terrenam
3149 3380 3457 3447 pulchritu-

1883 3476 2065 3528 dinem
2097 3474 2319 3527 turhido
2363 3471 2597 3541 agitatus
2638 3469 2837 3523 aﬂ‘ectu
2893 3484 2999 3521 non
3033 3469 3452 3537 amplexabitur.

1884 3568 2083 3622 Beatus
2111 3566 2205 3636 qui
2228 3581 2295 3619 ex
2326 3579 2513 3618 amore
2548 3563 2639 3616 Dei
2666 3561 2761 3615 tibi
2787 3567 2870 3615 est
2903 3560 3201 3627 itttpllcitus
3234 3572 3249 3609 :
3282 3568 3458 3613 totum

1881 3661 2083 3731 quippe
2117 3659 2378 3713 tnundum
2425 3656 2738 3724 abnegabit,
2773 3662 2827 3707 et
2885 3669 3008 3706 cum
3065 3653 3281 3705 homine
3316 3665 3459 3719 quo—
3525 3670 3528 3672 τ

1882 3766 2101 3817 cunque
2133 3746 2457 3803 familiarius
2485 3759 2733 3808 versans,
2760 3756 3106 3811 nequaquam
3141 3740 3458 3807 inquinabi-

1876 3854 1988 3897 tur.
2019 3841 2215 3895 Beatus
2242 3840 2335 3908 qui
2370 3846 2681 3892 venustates
2715 3845 2837 3889 tuas
2862 3836 3208 3888 exosculatus
3262 3844 3367 3894 est,
3403 3841 3457 3885 et

1883 3931 2092 3988 inlinit:
2113 3932 2194 3985 tui
2219 3929 2476 3997 cupidine
2503 3930 2558 3982 in
2578 3938 2635 3982 te
2662 3927 2890 3982 delicias
2915 3941 3045 3979 suas
3074 3924 3259 3977 habuit
3286 3941 3299 3976 :
3331 3938 3454 3977 nam

1882 4039 2022 4092 aqua
2048 4032 2104 4077 et
2120 4024 2384 4090 sanguine
2410 4035 2473 4072 et
2507 4027 2559 4071 te
2586 4018 2793 4085 puriter
2812 4016 3129 4079 distillattte,
3154 4014 3456 4069 secundum

1881 4117 2119 4169 animam
2171 4110 2623 4177 sanctiﬁeahitur.
2661 4110 2861 4162 Beatus
2904 4107 2995 4175 qni
3044 4118 3095 4160 te
3143 4106 3338 4174 cupide.
3370 4116 3458 4157 at-

1881 4207 2067 4267 traxit,
2136 4206 2263 4272 quia
2323 4203 2549 4270 pulchra
2609 4200 2988 4253 immutatione
3052 4200 3457 4261 immntabitur,

1881 4299 2184 4366 spirituque
2217 4304 2270 4347 et
2302 4308 2485 4346 annuo
2514 4294 2806 4351 Ia-tabitur.
2838 4293 3100 4359 quoniam
3138 4298 3192 4341 tn
3232 4306 3291 4342 es
3324 4304 3458 4355 gau-

1881 4393 2028 4445 dium
2060 4386 2462 4455 inexplicabile.
2496 4383 2695 4437 Beatus
2725 4384 2816 4450 qni
2858 4391 2909 4433 te
2964 4382 3278 4449 acquisivit,
3315 4393 3456 4447 quo-

1882 4484 2027 4534 niam
2088 4480 2371 4531 thesauros
2426 4474 2610 4526 mundi
2667 4486 2765 4540 pro
2814 4471 2987 4523 nihilo
3044 4469 3334 4535 reputabit.
3374 4465 3455 4519 Tu

200 4576 315 4626 est,
342 4562 590 4626 virtutis,
628 4575 687 4616 ut
722 4568 864 4632 quod
898 4564 977 4628 tit,
1002 4567 1213 4619 veritati
1252 4568 1479 4636 placeat.
1514 4569 1607 4622 Est
1629 4571 1774 4623 cnim
1808 4551 1854 4608 ι)
1884 4573 2029 4627 enim
2054 4585 2235 4623 revera
2268 4568 2591 4621 inexhausta
2624 4580 2682 4617 es
2706 4564 3005 4631 opulentia.
3034 4560 3254 4620 Beatus,
3285 4573 3347 4611 ac
3378 4568 3460 4610 ter

202 4657 290 4720 qui
324 4655 589 4707 mandato
634 4654 996 4726 obtemperat.
1029 4666 1083 4711 et
1118 4669 1303 4726 aperte
1333 4661 1528 4714 vitioso
1558 4661 1775 4717 atlectui

206 4746 391 4809 servit,
454 4755 509 4796 et
552 4744 733 4811 pravis
780 4746 1203 4813 cogitationibus
1260 4750 1455 4803 bonam
1507 4755 1777 4807 actionem

206 4837 483 4899 obscurat,
518 4850 583 4889 ac
608 4835 844 4905 perimit.
871 4836 974 4901 Qui
997 4837 1159 4909 igitur
1181 4838 1233 4893 in
1269 4841 1540 4897 mandatis
1571 4843 1782 4899 Christi

271 5018 313 5087 ’ξ
350 5018 544 5071 Matth.
590 5033 725 5083 mi,
762 5019 851 5087 57,
882 5020 970 5074 58.

205 5088 249 5119 ’³
274 5086 432 5141 Joau.
466 5104 581 5152 XIV,
612 5088 703 5140 ‘23.

1076 5021 1120 5053 "
1153 5020 1284 5077 Ibid.
1318 5022 1405 5077 59.

268 5298 344 5361 (Ἰ)
390 5294 621 5347 Videtur
650 5294 882 5364 Symcon
916 5292 1185 5353 dubitare,
1225 5308 1350 5364 num
1386 5309 1580 5361 ιιιπιιμι·
1606 5310 1773 5361 ange-

206 5370 352 5423 licam
407 5375 463 5418 et
529 5362 818 5416 humanam
867 5372 1166 5415 creaturam
1225 5362 1291 5414 sit
1333 5364 1433 5414 alia
1498 5367 1770 5417 intellectu

206 5439 443 5507 prmtlita.
505 5434 610 5507 Sed
664 5450 761 5502 pro
795 5442 969 5507 re_rtn__
997 5434 1345 5507 statuendum
1396 5442 1477 5484 est
1516 5450 1618 5483 nun
1653 5450 1772 5486 esse

205 5501 394 5569 aliam;
425 5522 455 5556 ιι
474 5505 577 5557 nde
601 5506 743 5555 enim
772 5504 894 5568 quis
922 5501 1125 5553 divinet
1160 5502 1319 5551 aliam
1349 5518 1490 5560 esse,
1519 5520 1639 5555 cum
1670 5519 1767 5557 nec

207 5577 520 5642 Scripturze,
553 5588 651 5625 nec
676 5572 1048 5632 Conciliurum,
1081 5587 1176 5622 nec
1203 5570 1418 5621 Patrum
1450 5572 1771 5631 auctoritas,

210 5662 295 5700 nec
327 5649 467 5698 ratio
500 5654 591 5695 aut
627 5642 957 5707 experientia
1014 5642 1309 5707 quidquam
1343 5642 1406 5690 de.
1434 5656 1496 5695 ca
1554 5643 1770 5693 tradat?

210 5716 309 5768 lino
345 5718 399 5767 in
431 5730 554 5782 eap.
587 5712 858 5772 Firmiter,
883 5719 1057 5782 cxtrti.
1088 5709 1216 5776 Vitr.
1260 5710 1329 5760 lle
1349 5727 1538 5782 suum.
1576 5710 1766 5765 Triuit.

209 5796 248 5836 et
275 5786 373 5851 ﬁde
415 5779 676 5837 cirtltolira
714 5782 914 5833 dicitur
962 5779 1102 5851 Deus
1134 5789 1341 5830 creator
1375 5781 1605 5832 ninnium
1643 5783 1766 5833 visi-

215 5860 377 5905 ι-ιιιςε-ιε
410 5866 455 5909 et
489 5851 861 5916 iut'isibilium,
902 5850 1259 5908 spiritualium
1293 5860 1336 5901 et
1387 5852 1762 5911 corporalium,

1515 5026 1557 5055 ’°
1591 5023 1751 5080 Joan.
1793 5041 1902 5088 xlv,
1930 5024 2020 5080 2|.

1888 4663 2104 4723 beatus,
2136 4673 2297 4727 quem
2353 4666 2408 4709 tu
2440 4654 2809 4722 assumpsisti.
2848 4651 2961 4703 Erit
3010 4651 3154 4703 enim
3199 4650 3249 4701 iu
3304 4651 3457 4715 alije-

1889 4756 2067 4809 ctione
2097 4767 2217 4819 qua:
2252 4750 2520 4810 cernitur,
2558 4746 2815 4799 omnibus
2856 4745 3112 4811 gloriosis
3148 4742 3456 4809 gloriosior,

1890 4856 1942 4901 et
1969 4844 2252 4899 honoratis
2291 4841 2548 4896 oamihus
2585 4838 2924 4892 honoratior,
2952 4845 3115 4903 atque
3150 4836 3455 4902 augustior.

2130 5022 2173 5053 "
2213 5019 2370 5073 llom.
2400 5033 2515 5080 vni,
2580 5016 2671 5081 ὃὸ,
2709 5015 2799 5068 56.
2909 5014 2954 5043 ⁵³¹
2985 5011 3215 5078 Philipp.
3252 5024 3333 5072 ni,
3371 5010 3455 5064 ll.

1863 5314 1951 5363 qui
1987 5314 2084 5350 sua
2115 5298 2459 5361 omnipotenti
2494 5298 2683 5347 rirmte
2718 5294 2879 5347 simul
2905 5294 2970 5346 ab
3016 5293 3168 5344 initio
3207 5292 3457 5363 temporis

1867 5360 2145 5434 utramque
2173 5369 2235 5418 tle
2262 5360 2422 5417 iiiiiilu
2447 5367 2766 5425 ce'mllizlerit,
2796 5374 3095 5415 ri'eutumm
3121 5360 3451 5422 spirituulent

1864 5447 1911 5487 et
1944 5433 2301 5500 corporalem;
2348 5437 2635 5494 un.‘;elirnin
2673 5438 2903 5485 videlicet
2936 5446 2981 5483 ct
3018 5433 3364 5483 mundanum.
3396 5445 3452 5480 vc

1879 5506 2074 5558 deinde
2125 5508 2436 5561 lanuuinum,
2490 5511 2640 5573 quasi
2690 5520 3017 5555 contumacia
3073 5518 3137 5552 cit
3167 5502 3359 5564 spiritu
3405 5511 3453 5550 et

1881 5592 2093 5640 turpare
2136 5578 2493 5628 curiatitutavn.
2539 5574 2635 5627 libi
2685 5575 2830 5625 nulla
2867 5573 2966 5623 alia
3011 5584 3258 5623 creatura
3306 5585 3452 5640 mere

1879 5638 2178 5712 spiritualis
2214 5649 2534 5707 agnoscitur
2570 5655 2765 5709 pra-ter
2817 5644 3118 5705 angelicam
3149 5658 3161 5704 ;
3219 5654 3268 5689 et
3304 5638 3452 5712 nulla

1880 5709 2072 5781 partim
2126 5716 2449 5783 spiiitnahs.
2511 5717 2700 5784 partim
2757 5711 3052 5782 corpora‘is
3104 5725 3297 5779 pra-ter
3348 5709 3455 5761 hu-

1878 5799 2116 5841 lllalliilﬂ.
