  <div class='ocr_page' id='page_1' title='image "/cluster/home/n/w/nwhite01/storage/ocr_20150623/120/nnc1.0046979972/211.png"; bbox 0 0 4170 6452; ppageno 0'>
   <div class='ocr_carea' id='block_1_1' title="bbox 765 401 876 465">
    <p class='ocr_par' dir='ltr' id='par_1_1' title="bbox 765 401 876 465">
     <span class='ocr_line' id='line_1_1' title="bbox 765 401 876 465; baseline 0.027 -4"><span class='ocrx_word' id='word_1_1' title='bbox 765 401 876 465; x_wconf 65' lang='grc'><strong>423</strong></span> 
     </span>
    </p>
   </div>
   <div class='ocr_carea' id='block_1_2' title="bbox 2046 385 2825 453">
    <p class='ocr_par' dir='ltr' id='par_1_2' title="bbox 2046 385 2825 453">
     <span class='ocr_line' id='line_1_2' title="bbox 2046 385 2825 453; baseline -0.004 -4"><span class='ocrx_word' id='word_1_2' title='bbox 2046 386 2428 453; x_wconf 71' lang='grc' dir='ltr'><strong>ΞῩΜΕΟΧΙΞ</strong></span> <span class='ocrx_word' id='word_1_3' title='bbox 2461 385 2825 447; x_wconf 73' lang='lat' dir='ltr'><strong>JUNlORIS</strong></span> 
     </span>
    </p>
   </div>
   <div class='ocr_carea' id='block_1_3' title="bbox 3921 389 4029 453">
    <p class='ocr_par' dir='ltr' id='par_1_3' title="bbox 3921 389 4029 453">
     <span class='ocr_line' id='line_1_3' title="bbox 3921 389 4029 453; baseline -0.056 0"><span class='ocrx_word' id='word_1_4' title='bbox 3921 389 4029 453; x_wconf 55' lang='lat'><strong>42$</strong></span> 
     </span>
    </p>
   </div>
   <div class='ocr_carea' id='block_1_4' title="bbox 764 500 4032 581">
    <p class='ocr_par' dir='ltr' id='par_1_4' title="bbox 764 500 4032 581">
     <span class='ocr_line' id='line_1_4' title="bbox 764 500 4032 581; baseline -0.003 -10"><span class='ocrx_word' id='word_1_5' title='bbox 764 512 1083 572; x_wconf 82' lang='lat' dir='ltr'><strong>Laudabilis</strong></span> <span class='ocrx_word' id='word_1_6' title='bbox 1117 509 1208 581; x_wconf 89' lang='lat' dir='ltr'><strong>qui</strong></span> <span class='ocrx_word' id='word_1_7' title='bbox 1246 518 1299 565; x_wconf 89' lang='lat' dir='ltr'><strong>te</strong></span> <span class='ocrx_word' id='word_1_8' title='bbox 1327 514 1541 578; x_wconf 44' lang='lat' dir='ltr'><strong>quandi,</strong></span> <span class='ocrx_word' id='word_1_9' title='bbox 1571 507 1895 562; x_wconf 82' lang='lat' dir='ltr'><strong>latulabiiior</strong></span> <span class='ocrx_word' id='word_1_10' title='bbox 1930 508 2097 575; x_wconf 86' lang='lat' dir='ltr'><strong>quite</strong></span> <span class='ocrx_word' id='word_1_11' title='bbox 2125 504 2350 559; x_wconf 68' lang='lat' dir='ltr'><strong>invi-uit.</strong></span> <span class='ocrx_word' id='word_1_12' title='bbox 2381 508 2424 561; x_wconf 87' lang='grc' dir='ltr'><strong>Α</strong></span> <span class='ocrx_word' id='word_1_13' title='bbox 2459 502 2575 571; x_wconf 88' lang='lat' dir='ltr'><strong>ipse</strong></span> <span class='ocrx_word' id='word_1_14' title='bbox 2601 500 2857 555; x_wconf 76' lang='lat' dir='ltr'><strong>Christus</strong></span> <span class='ocrx_word' id='word_1_15' title='bbox 2890 500 3242 571; x_wconf 76' lang='lat' dir='ltr'><strong>loquebatur.</strong></span> <span class='ocrx_word' id='word_1_16' title='bbox 3276 503 3531 573; x_wconf 80' lang='lat' dir='ltr'><strong>Quinque</strong></span> <span class='ocrx_word' id='word_1_17' title='bbox 3576 505 3723 560; x_wconf 86' lang='lat' dir='ltr'><strong>enim</strong></span> <span class='ocrx_word' id='word_1_18' title='bbox 3755 506 4032 562; x_wconf 73' lang='lat' dir='ltr'><strong>excellen-</strong></span> 
     </span>
    </p>
   </div>
   <div class='ocr_carea' id='block_1_5' title="bbox 765 598 2336 673">
    <p class='ocr_par' dir='ltr' id='par_1_5' title="bbox 765 598 2336 673">
     <span class='ocr_line' id='line_1_5' title="bbox 765 598 2336 673; baseline -0.008 -13"><span class='ocrx_word' id='word_1_19' title='bbox 765 608 983 662; x_wconf 84' lang='lat' dir='ltr'><strong>Beatior</strong></span> <span class='ocrx_word' id='word_1_20' title='bbox 1008 605 1100 673; x_wconf 88' lang='lat' dir='ltr'><strong>qui</strong></span> <span class='ocrx_word' id='word_1_21' title='bbox 1137 610 1424 671; x_wconf 85' lang='lat' dir='ltr'><strong>susceptus</strong></span> <span class='ocrx_word' id='word_1_22' title='bbox 1477 612 1558 655; x_wconf 84' lang='lat' dir='ltr'><strong>cst</strong></span> <span class='ocrx_word' id='word_1_23' title='bbox 1586 615 1613 652; x_wconf 89' lang='lat' dir='ltr'><strong>a</strong></span> <span class='ocrx_word' id='word_1_24' title='bbox 1652 606 1724 663; x_wconf 92' lang='lat' dir='ltr'><strong>te,</strong></span> <span class='ocrx_word' id='word_1_25' title='bbox 1779 600 1871 669; x_wconf 89' lang='lat' dir='ltr'><strong>qui</strong></span> <span class='ocrx_word' id='word_1_26' title='bbox 1905 599 2100 650; x_wconf 85' lang='lat' dir='ltr'><strong>doctus</strong></span> <span class='ocrx_word' id='word_1_27' title='bbox 2135 598 2230 649; x_wconf 82' lang='lat' dir='ltr'><strong>alis</strong></span> <span class='ocrx_word' id='word_1_28' title='bbox 2262 606 2336 661; x_wconf 92' lang='lat' dir='ltr'><strong>te,</strong></span> 
     </span>
    </p>
   </div>
   <div class='ocr_carea' id='block_1_6' title="bbox 761 688 2341 771">
    <p class='ocr_par' dir='ltr' id='par_1_6' title="bbox 761 688 2341 771">
     <span class='ocr_line' id='line_1_6' title="bbox 761 688 2341 771; baseline -0.009 -16"><span class='ocrx_word' id='word_1_29' title='bbox 761 701 856 771; x_wconf 91' lang='lat' dir='ltr'><strong>qui</strong></span> <span class='ocrx_word' id='word_1_30' title='bbox 887 700 1148 753; x_wconf 72' lang='lat' dir='ltr'><strong>habitavit</strong></span> <span class='ocrx_word' id='word_1_31' title='bbox 1186 697 1238 749; x_wconf 90' lang='lat' dir='ltr'><strong>in</strong></span> <span class='ocrx_word' id='word_1_32' title='bbox 1270 706 1340 758; x_wconf 90' lang='lat' dir='ltr'><strong>te,</strong></span> <span class='ocrx_word' id='word_1_33' title='bbox 1378 696 1469 766; x_wconf 88' lang='lat' dir='ltr'><strong>qui</strong></span> <span class='ocrx_word' id='word_1_34' title='bbox 1497 710 1591 758; x_wconf 89' lang='lat' dir='ltr'><strong>per</strong></span> <span class='ocrx_word' id='word_1_35' title='bbox 1631 694 1946 747; x_wconf 82' lang='lat' dir='ltr'><strong>alimentum</strong></span> <span class='ocrx_word' id='word_1_36' title='bbox 2003 703 2154 745; x_wconf 90' lang='lat' dir='ltr'><strong>tuum</strong></span> <span class='ocrx_word' id='word_1_37' title='bbox 2182 688 2341 743; x_wconf 87' lang='lat' dir='ltr'><strong>Chri-</strong></span> 
     </span>
    </p>
   </div>
   <div class='ocr_carea' id='block_1_7' title="bbox 762 784 2337 851">
    <p class='ocr_par' dir='ltr' id='par_1_7' title="bbox 762 784 2337 851">
     <span class='ocr_line' id='line_1_7' title="bbox 762 784 2337 851; baseline -0.007 -5"><span class='ocrx_word' id='word_1_38' title='bbox 762 801 909 846; x_wconf 85' lang='lat' dir='ltr'><strong>stum</strong></span> <span class='ocrx_word' id='word_1_39' title='bbox 946 789 1310 843; x_wconf 72' lang='lat' dir='ltr'><strong>immortalem</strong></span> <span class='ocrx_word' id='word_1_40' title='bbox 1348 786 1588 839; x_wconf 78' lang='lat' dir='ltr'><strong>nutritus</strong></span> <span class='ocrx_word' id='word_1_41' title='bbox 1632 797 1736 839; x_wconf 88' lang='lat' dir='ltr'><strong>est.</strong></span> <span class='ocrx_word' id='word_1_42' title='bbox 1772 784 1814 839; x_wconf 95' lang='grc' dir='ltr'>Ο</span> <span class='ocrx_word' id='word_1_43' title='bbox 1854 784 2036 837; x_wconf 77' lang='lat' dir='ltr'><strong>divina</strong></span> <span class='ocrx_word' id='word_1_44' title='bbox 2072 785 2337 851; x_wconf 84' lang='lat' dir='ltr'><strong>charitas,</strong></span> 
     </span>
    </p>
   </div>
   <div class='ocr_carea' id='block_1_8' title="bbox 762 868 2341 936">
    <p class='ocr_par' dir='ltr' id='par_1_8' title="bbox 762 868 2341 936">
     <span class='ocr_line' id='line_1_8' title="bbox 762 868 2341 936; baseline -0.004 0"><span class='ocrx_word' id='word_1_45' title='bbox 762 884 856 936; x_wconf 89' lang='lat' dir='ltr'><strong>ubi</strong></span> <span class='ocrx_word' id='word_1_46' title='bbox 911 868 1194 935; x_wconf 82' lang='lat' dir='ltr'><strong>Christum</strong></span> <span class='ocrx_word' id='word_1_47' title='bbox 1247 878 1536 931; x_wconf 83' lang='lat' dir='ltr'><strong>contines?</strong></span> <span class='ocrx_word' id='word_1_48' title='bbox 1573 878 1661 929; x_wconf 92' lang='lat' dir='ltr'><strong>ubi</strong></span> <span class='ocrx_word' id='word_1_49' title='bbox 1709 893 1831 930; x_wconf 87' lang='lat' dir='ltr'><strong>eum</strong></span> <span class='ocrx_word' id='word_1_50' title='bbox 1868 877 2198 930; x_wconf 75' lang='lat' dir='ltr'><strong>abscondis?</strong></span> <span class='ocrx_word' id='word_1_51' title='bbox 2232 876 2341 930; x_wconf 88' lang='lat' dir='ltr'><strong>Cur</strong></span> 
     </span>
    </p>
   </div>
   <div class='ocr_carea' id='block_1_9' title="bbox 764 969 2341 1042">
    <p class='ocr_par' dir='ltr' id='par_1_9' title="bbox 764 969 2341 1042">
     <span class='ocr_line' id='line_1_9' title="bbox 764 969 2341 1042; baseline -0.004 -15"><span class='ocrx_word' id='word_1_52' title='bbox 764 984 985 1042; x_wconf 78' lang='lat' dir='ltr'><strong>arrepto</strong></span> <span class='ocrx_word' id='word_1_53' title='bbox 1023 971 1307 1025; x_wconf 74' lang='lat' dir='ltr'><strong>Salvatore</strong></span> <span class='ocrx_word' id='word_1_54' title='bbox 1343 971 1528 1022; x_wconf 89' lang='lat' dir='ltr'><strong>mundi</strong></span> <span class='ocrx_word' id='word_1_55' title='bbox 1567 971 1724 1038; x_wconf 73' lang='lat' dir='ltr'><strong>longe</strong></span> <span class='ocrx_word' id='word_1_56' title='bbox 1755 984 1781 1019; x_wconf 89' lang='lat' dir='ltr'><strong>a</strong></span> <span class='ocrx_word' id='word_1_57' title='bbox 1818 969 1973 1022; x_wconf 87' lang='lat' dir='ltr'><strong>nobis</strong></span> <span class='ocrx_word' id='word_1_58' title='bbox 2020 969 2341 1022; x_wconf 83' lang='lat' dir='ltr'><strong>recessisti?</strong></span> 
     </span>
    </p>
   </div>
   <div class='ocr_carea' id='block_1_10' title="bbox 762 1064 2342 1135">
    <p class='ocr_par' dir='ltr' id='par_1_10' title="bbox 762 1064 2342 1135">
     <span class='ocr_line' id='line_1_10' title="bbox 762 1064 2342 1135; baseline -0.004 -14"><span class='ocrx_word' id='word_1_59' title='bbox 762 1070 926 1135; x_wconf 79' lang='lat' dir='ltr'><strong>Aperi</strong></span> <span class='ocrx_word' id='word_1_60' title='bbox 982 1070 1142 1117; x_wconf 86' lang='lat' dir='ltr'><strong>etiam</strong></span> <span class='ocrx_word' id='word_1_61' title='bbox 1193 1066 1352 1116; x_wconf 87' lang='lat' dir='ltr'><strong>nobis</strong></span> <span class='ocrx_word' id='word_1_62' title='bbox 1391 1064 1626 1129; x_wconf 72' lang='lat' dir='ltr'><strong>indignis</strong></span> <span class='ocrx_word' id='word_1_63' title='bbox 1670 1064 1924 1116; x_wconf 85' lang='lat' dir='ltr'><strong>ostiolum</strong></span> <span class='ocrx_word' id='word_1_64' title='bbox 1970 1071 2145 1127; x_wconf 90' lang='lat' dir='ltr'><strong>tuum,</strong></span> <span class='ocrx_word' id='word_1_65' title='bbox 2201 1072 2257 1114; x_wconf 93' lang='lat' dir='ltr'><strong>ut</strong></span> <span class='ocrx_word' id='word_1_66' title='bbox 2288 1070 2342 1115; x_wconf 92' lang='lat' dir='ltr'><strong>ct</strong></span> 
     </span>
    </p>
   </div>
   <div class='ocr_carea' id='block_1_11' title="bbox 763 1157 2342 1223">
    <p class='ocr_par' dir='ltr' id='par_1_11' title="bbox 763 1157 2342 1223">
     <span class='ocr_line' id='line_1_11' title="bbox 763 1157 2342 1223; baseline -0.002 -13"><span class='ocrx_word' id='word_1_67' title='bbox 763 1176 863 1210; x_wconf 78' lang='lat' dir='ltr'><strong>nos</strong></span> <span class='ocrx_word' id='word_1_68' title='bbox 890 1175 1013 1212; x_wconf 89' lang='lat' dir='ltr'><strong>eum</strong></span> <span class='ocrx_word' id='word_1_69' title='bbox 1046 1159 1351 1221; x_wconf 78' lang='lat' dir='ltr'><strong>videamus,</strong></span> <span class='ocrx_word' id='word_1_70' title='bbox 1377 1158 1681 1217; x_wconf 77' lang='lat' dir='ltr'><strong>Christum,</strong></span> <span class='ocrx_word' id='word_1_71' title='bbox 1720 1157 1965 1223; x_wconf 81' lang='lat' dir='ltr'><strong>inquam,</strong></span> <span class='ocrx_word' id='word_1_72' title='bbox 2000 1165 2219 1223; x_wconf 84' lang='lat' dir='ltr'><strong>propter</strong></span> <span class='ocrx_word' id='word_1_73' title='bbox 2244 1169 2342 1207; x_wconf 83' lang='lat' dir='ltr'><strong>nos</strong></span> 
     </span>
    </p>
   </div>
   <div class='ocr_carea' id='block_1_12' title="bbox 762 1249 2342 1319">
    <p class='ocr_par' dir='ltr' id='par_1_12' title="bbox 762 1249 2342 1319">
     <span class='ocr_line' id='line_1_12' title="bbox 762 1249 2342 1319; baseline -0.001 -17"><span class='ocrx_word' id='word_1_74' title='bbox 762 1265 1011 1319; x_wconf 73' lang='lat' dir='ltr'><strong>passum,</strong></span> <span class='ocrx_word' id='word_1_75' title='bbox 1063 1259 1116 1301; x_wconf 81' lang='lat' dir='ltr'><strong>et</strong></span> <span class='ocrx_word' id='word_1_76' title='bbox 1162 1252 1450 1302; x_wconf 77' lang='lat' dir='ltr'><strong>credamus</strong></span> <span class='ocrx_word' id='word_1_77' title='bbox 1517 1250 1905 1302; x_wconf 71' lang='lat' dir='ltr'><strong>misericordia:</strong></span> <span class='ocrx_word' id='word_1_78' title='bbox 1961 1249 2125 1307; x_wconf 89' lang='lat' dir='ltr'><strong>illtts,</strong></span> <span class='ocrx_word' id='word_1_79' title='bbox 2166 1258 2222 1300; x_wconf 93' lang='lat' dir='ltr'><strong>nt</strong></span> <span class='ocrx_word' id='word_1_80' title='bbox 2276 1262 2342 1300; x_wconf 86' lang='lat' dir='ltr'><strong>eo</strong></span> 
     </span>
    </p>
   </div>
   <div class='ocr_carea' id='block_1_13' title="bbox 764 1335 2341 1409">
    <p class='ocr_par' dir='ltr' id='par_1_13' title="bbox 764 1335 2341 1409">
     <span class='ocr_line' id='line_1_13' title="bbox 764 1335 2341 1409; baseline -0.001 -16"><span class='ocrx_word' id='word_1_81' title='bbox 764 1335 1063 1407; x_wconf 72' lang='lat' dir='ltr'><strong>compecto</strong></span> <span class='ocrx_word' id='word_1_82' title='bbox 1095 1358 1156 1392; x_wconf 76' lang='lat' dir='ltr'><strong>ne</strong></span> <span class='ocrx_word' id='word_1_83' title='bbox 1188 1342 1419 1409; x_wconf 79' lang='lat' dir='ltr'><strong>amplius</strong></span> <span class='ocrx_word' id='word_1_84' title='bbox 1456 1342 1770 1394; x_wconf 82' lang='lat' dir='ltr'><strong>moriamur.</strong></span> <span class='ocrx_word' id='word_1_85' title='bbox 1807 1342 1967 1407; x_wconf 78' lang='lat' dir='ltr'><strong>Aperi</strong></span> <span class='ocrx_word' id='word_1_86' title='bbox 2004 1340 2182 1401; x_wconf 77' lang='lat' dir='ltr'><strong>nobis,</strong></span> <span class='ocrx_word' id='word_1_87' title='bbox 2222 1355 2341 1407; x_wconf 72' lang='lat' dir='ltr'><strong>qua:</strong></span> 
     </span>
    </p>
   </div>
   <div class='ocr_carea' id='block_1_14' title="bbox 768 1434 2343 1501">
    <p class='ocr_par' dir='ltr' id='par_1_14' title="bbox 768 1434 2343 1501">
     <span class='ocr_line' id='line_1_14' title="bbox 768 1434 2343 1501; baseline 0.001 -17"><span class='ocrx_word' id='word_1_88' title='bbox 768 1434 910 1485; x_wconf 77' lang='lat' dir='ltr'><strong>facta</strong></span> <span class='ocrx_word' id='word_1_89' title='bbox 957 1450 1015 1486; x_wconf 87' lang='lat' dir='ltr'><strong>es</strong></span> <span class='ocrx_word' id='word_1_90' title='bbox 1066 1434 1181 1501; x_wconf 71' lang='lat' dir='ltr'><strong>ejus</strong></span> <span class='ocrx_word' id='word_1_91' title='bbox 1230 1434 1419 1500; x_wconf 87' lang='lat' dir='ltr'><strong>janua.</strong></span> <span class='ocrx_word' id='word_1_92' title='bbox 1458 1442 1515 1485; x_wconf 86' lang='lat' dir='ltr'><strong>ut</strong></span> <span class='ocrx_word' id='word_1_93' title='bbox 1562 1434 1612 1485; x_wconf 91' lang='lat' dir='ltr'><strong>in</strong></span> <span class='ocrx_word' id='word_1_94' title='bbox 1666 1447 1831 1486; x_wconf 87' lang='lat' dir='ltr'><strong>carne</strong></span> <span class='ocrx_word' id='word_1_95' title='bbox 1877 1441 2182 1499; x_wconf 80' lang='lat' dir='ltr'><strong>appareret.</strong></span> <span class='ocrx_word' id='word_1_96' title='bbox 2221 1449 2343 1499; x_wconf 61' lang='grc' dir='ltr'><strong>(ποτε</strong></span> 
     </span>
    </p>
   </div>
   <div class='ocr_carea' id='block_1_15' title="bbox 769 1523 2340 1592">
    <p class='ocr_par' dir='ltr' id='par_1_15' title="bbox 769 1523 2340 1592">
     <span class='ocr_line' id='line_1_15' title="bbox 769 1523 2340 1592; baseline 0.001 -17"><span class='ocrx_word' id='word_1_97' title='bbox 769 1525 941 1591; x_wconf 56' lang='lat' dir='ltr'><strong>larga,</strong></span> <span class='ocrx_word' id='word_1_98' title='bbox 973 1534 1024 1576; x_wconf 83' lang='grc' dir='ltr'>ι·ι</span> <span class='ocrx_word' id='word_1_99' title='bbox 1068 1540 1188 1592; x_wconf 75' lang='lat' dir='ltr'><strong>qua:</strong></span> <span class='ocrx_word' id='word_1_100' title='bbox 1235 1524 1352 1591; x_wconf 51' lang='lat' dir='ltr'><strong>cogi</strong></span> <span class='ocrx_word' id='word_1_101' title='bbox 1410 1540 1514 1576; x_wconf 88' lang='lat' dir='ltr'><strong>non</strong></span> <span class='ocrx_word' id='word_1_102' title='bbox 1573 1532 1825 1591; x_wconf 80' lang='lat' dir='ltr'><strong>poterant</strong></span> <span class='ocrx_word' id='word_1_103' title='bbox 1874 1524 2081 1577; x_wconf 76' lang='lat' dir='ltr'><strong>viscera</strong></span> <span class='ocrx_word' id='word_1_104' title='bbox 2128 1523 2340 1576; x_wconf 81' lang='lat' dir='ltr'><strong>Domini</strong></span> 
     </span>
    </p>
   </div>
   <div class='ocr_carea' id='block_1_16' title="bbox 763 1602 2343 1685">
    <p class='ocr_par' dir='ltr' id='par_1_16' title="bbox 763 1602 2343 1685">
     <span class='ocr_line' id='line_1_16' title="bbox 763 1602 2343 1685; baseline -0.001 -15"><span class='ocrx_word' id='word_1_105' title='bbox 763 1602 961 1673; x_wconf 79' lang='lat' dir='ltr'><strong>nostri,</strong></span> <span class='ocrx_word' id='word_1_106' title='bbox 1017 1628 1239 1685; x_wconf 78' lang='lat' dir='ltr'><strong>peccata</strong></span> <span class='ocrx_word' id='word_1_107' title='bbox 1294 1630 1347 1670; x_wconf 88' lang='lat' dir='ltr'><strong>et</strong></span> <span class='ocrx_word' id='word_1_108' title='bbox 1408 1618 1755 1669; x_wconf 72' lang='lat' dir='ltr'><strong>inlit‘milalcs</strong></span> <span class='ocrx_word' id='word_1_109' title='bbox 1814 1617 2053 1668; x_wconf 84' lang='lat' dir='ltr'><strong>omnium</strong></span> <span class='ocrx_word' id='word_1_110' title='bbox 2123 1626 2343 1685; x_wconf 78' lang='lat' dir='ltr'><strong>portare</strong></span> 
     </span>
    </p>
   </div>
   <div class='ocr_carea' id='block_1_17' title="bbox 763 1708 2338 1780">
    <p class='ocr_par' dir='ltr' id='par_1_17' title="bbox 763 1708 2338 1780">
     <span class='ocr_line' id='line_1_17' title="bbox 763 1708 2338 1780; baseline 0.001 -17"><span class='ocrx_word' id='word_1_111' title='bbox 763 1710 1010 1780; x_wconf 72' lang='lat' dir='ltr'><strong>coegisti.</strong></span> <span class='ocrx_word' id='word_1_112' title='bbox 1047 1710 1125 1763; x_wconf 78' lang='lat' dir='ltr'><strong>Ne</strong></span> <span class='ocrx_word' id='word_1_113' title='bbox 1164 1711 1390 1776; x_wconf 78' lang='lat' dir='ltr'><strong>abjicias</strong></span> <span class='ocrx_word' id='word_1_114' title='bbox 1426 1726 1547 1773; x_wconf 89' lang='lat' dir='ltr'><strong>nos,</strong></span> <span class='ocrx_word' id='word_1_115' title='bbox 1585 1712 1776 1763; x_wconf 86' lang='lat' dir='ltr'><strong>dicens</strong></span> <span class='ocrx_word' id='word_1_116' title='bbox 1808 1728 1821 1761; x_wconf 86' lang='lat'><strong>:</strong></span> <span class='ocrx_word' id='word_1_117' title='bbox 1858 1708 1979 1762; x_wconf 70' lang='lat' dir='ltr'><strong>Non</strong></span> <span class='ocrx_word' id='word_1_118' title='bbox 2010 1712 2128 1762; x_wconf 70' lang='grc' dir='ltr'>μοισί</span> <span class='ocrx_word' id='word_1_119' title='bbox 2159 1728 2243 1764; x_wconf 78' lang='lat' dir='ltr'><strong>ros</strong></span> <span class='ocrx_word' id='word_1_120' title='bbox 2275 1713 2338 1764; x_wconf 75' lang='lat'><strong>&quot;.</strong></span> 
     </span>
    </p>
   </div>
   <div class='ocr_carea' id='block_1_18' title="bbox 762 1801 2347 1869">
    <p class='ocr_par' dir='ltr' id='par_1_18' title="bbox 762 1801 2347 1869">
     <span class='ocr_line' id='line_1_18' title="bbox 762 1801 2347 1869; baseline 0 -14"><span class='ocrx_word' id='word_1_121' title='bbox 762 1801 894 1856; x_wconf 83' lang='lat' dir='ltr'><strong>Esto</strong></span> <span class='ocrx_word' id='word_1_122' title='bbox 931 1805 1237 1862; x_wconf 85' lang='lat' dir='ltr'><strong>nobiseum.</strong></span> <span class='ocrx_word' id='word_1_123' title='bbox 1272 1812 1332 1855; x_wconf 93' lang='lat' dir='ltr'><strong>ut</strong></span> <span class='ocrx_word' id='word_1_124' title='bbox 1380 1805 1596 1856; x_wconf 79' lang='lat' dir='ltr'><strong>noveris</strong></span> <span class='ocrx_word' id='word_1_125' title='bbox 1629 1818 1767 1869; x_wconf 85' lang='lat' dir='ltr'><strong>nos;</strong></span> <span class='ocrx_word' id='word_1_126' title='bbox 1822 1806 2020 1856; x_wconf 86' lang='lat' dir='ltr'><strong>ctenim</strong></span> <span class='ocrx_word' id='word_1_127' title='bbox 2057 1805 2146 1857; x_wconf 84' lang='lat' dir='ltr'><strong>tibi</strong></span> <span class='ocrx_word' id='word_1_128' title='bbox 2188 1805 2347 1858; x_wconf 81' lang='lat' dir='ltr'><strong>inco-</strong></span> 
     </span>
    </p>
   </div>
   <div class='ocr_carea' id='block_1_19' title="bbox 764 1896 2340 1966">
    <p class='ocr_par' dir='ltr' id='par_1_19' title="bbox 764 1896 2340 1966">
     <span class='ocr_line' id='line_1_19' title="bbox 764 1896 2340 1966; baseline -0.003 -17"><span class='ocrx_word' id='word_1_129' title='bbox 764 1902 899 1963; x_wconf 74' lang='lat' dir='ltr'><strong>gniti</strong></span> <span class='ocrx_word' id='word_1_130' title='bbox 940 1914 1151 1950; x_wconf 82' lang='lat' dir='ltr'><strong>smnus.</strong></span> <span class='ocrx_word' id='word_1_131' title='bbox 1188 1896 1381 1950; x_wconf 88' lang='lat' dir='ltr'><strong>Ilabita</strong></span> <span class='ocrx_word' id='word_1_132' title='bbox 1419 1899 1469 1949; x_wconf 86' lang='lat' dir='ltr'><strong>iii</strong></span> <span class='ocrx_word' id='word_1_133' title='bbox 1503 1897 1683 1961; x_wconf 85' lang='lat' dir='ltr'><strong>uobis,</strong></span> <span class='ocrx_word' id='word_1_134' title='bbox 1719 1907 1775 1950; x_wconf 88' lang='lat' dir='ltr'><strong>ut</strong></span> <span class='ocrx_word' id='word_1_135' title='bbox 1811 1907 2031 1966; x_wconf 83' lang='lat' dir='ltr'><strong>propter</strong></span> <span class='ocrx_word' id='word_1_136' title='bbox 2072 1910 2122 1949; x_wconf 80' lang='lat' dir='ltr'><strong>te</strong></span> <span class='ocrx_word' id='word_1_137' title='bbox 2155 1897 2340 1949; x_wconf 85' lang='lat' dir='ltr'><strong>Domi-</strong></span> 
     </span>
    </p>
   </div>
   <div class='ocr_carea' id='block_1_20' title="bbox 765 1991 2341 2057">
    <p class='ocr_par' dir='ltr' id='par_1_20' title="bbox 765 1991 2341 2057">
     <span class='ocr_line' id='line_1_20' title="bbox 765 1991 2341 2057; baseline -0.005 -12"><span class='ocrx_word' id='word_1_138' title='bbox 765 2005 887 2051; x_wconf 83' lang='lat' dir='ltr'><strong>nus.</strong></span> <span class='ocrx_word' id='word_1_139' title='bbox 930 2006 1051 2043; x_wconf 89' lang='lat' dir='ltr'><strong>cum</strong></span> <span class='ocrx_word' id='word_1_140' title='bbox 1093 1991 1168 2043; x_wconf 86' lang='lat' dir='ltr'><strong>illi</strong></span> <span class='ocrx_word' id='word_1_141' title='bbox 1195 1991 1527 2051; x_wconf 79' lang='lat' dir='ltr'><strong>Occurrcris,</strong></span> <span class='ocrx_word' id='word_1_142' title='bbox 1561 2005 1661 2043; x_wconf 82' lang='lat' dir='ltr'><strong>nos</strong></span> <span class='ocrx_word' id='word_1_143' title='bbox 1691 2006 1908 2057; x_wconf 82' lang='lat' dir='ltr'><strong>quoque</strong></span> <span class='ocrx_word' id='word_1_144' title='bbox 1940 1991 2175 2042; x_wconf 80' lang='lat' dir='ltr'><strong>humiles</strong></span> <span class='ocrx_word' id='word_1_145' title='bbox 2204 1992 2341 2043; x_wconf 80' lang='lat' dir='ltr'><strong>visi-</strong></span> 
     </span>
    </p>
   </div>
   <div class='ocr_carea' id='block_1_21' title="bbox 766 2082 2339 2151">
    <p class='ocr_par' dir='ltr' id='par_1_21' title="bbox 766 2082 2339 2151">
     <span class='ocr_line' id='line_1_21' title="bbox 766 2082 2339 2151; baseline 0.001 -16"><span class='ocrx_word' id='word_1_146' title='bbox 766 2092 842 2135; x_wconf 86' lang='lat' dir='ltr'><strong>tet</strong></span> <span class='ocrx_word' id='word_1_147' title='bbox 883 2084 1007 2150; x_wconf 81' lang='lat' dir='ltr'><strong>(nos</strong></span> <span class='ocrx_word' id='word_1_148' title='bbox 1035 2084 1237 2150; x_wconf 85' lang='lat' dir='ltr'><strong>quippa</strong></span> <span class='ocrx_word' id='word_1_149' title='bbox 1275 2082 1438 2134; x_wconf 78' lang='lat' dir='ltr'><strong>simul</strong></span> <span class='ocrx_word' id='word_1_150' title='bbox 1473 2091 1526 2134; x_wconf 81' lang='lat' dir='ltr'><strong>et</strong></span> <span class='ocrx_word' id='word_1_151' title='bbox 1559 2083 1726 2135; x_wconf 82' lang='lat' dir='ltr'><strong>semel</strong></span> <span class='ocrx_word' id='word_1_152' title='bbox 1776 2082 1981 2151; x_wconf 83' lang='lat' dir='ltr'><strong>indigni</strong></span> <span class='ocrx_word' id='word_1_153' title='bbox 2034 2085 2249 2148; x_wconf 85' lang='lat' dir='ltr'><strong>sumus)</strong></span> <span class='ocrx_word' id='word_1_154' title='bbox 2281 2094 2339 2137; x_wconf 91' lang='lat' dir='ltr'><strong>ut</strong></span> 
     </span>
    </p>
   </div>
   <div class='ocr_carea' id='block_1_22' title="bbox 762 2174 2337 2243">
    <p class='ocr_par' dir='ltr' id='par_1_22' title="bbox 762 2174 2337 2243">
     <span class='ocr_line' id='line_1_22' title="bbox 762 2174 2337 2243; baseline 0.004 -19"><span class='ocrx_word' id='word_1_155' title='bbox 762 2184 1005 2232; x_wconf 80' lang='lat' dir='ltr'><strong>maneat,</strong></span> <span class='ocrx_word' id='word_1_156' title='bbox 1038 2174 1314 2242; x_wconf 84' lang='lat' dir='ltr'><strong>paululum</strong></span> <span class='ocrx_word' id='word_1_157' title='bbox 1356 2181 1537 2226; x_wconf 75' lang='lat' dir='ltr'><strong>terum</strong></span> <span class='ocrx_word' id='word_1_158' title='bbox 1571 2175 1907 2243; x_wconf 80' lang='lat' dir='ltr'><strong>colloquens,</strong></span> <span class='ocrx_word' id='word_1_159' title='bbox 1932 2184 1984 2227; x_wconf 72' lang='lat' dir='ltr'><strong>et</strong></span> <span class='ocrx_word' id='word_1_160' title='bbox 2008 2176 2148 2229; x_wconf 78' lang='lat' dir='ltr'><strong>sinat</strong></span> <span class='ocrx_word' id='word_1_161' title='bbox 2176 2176 2337 2230; x_wconf 87' lang='lat' dir='ltr'><strong>etiam</strong></span> 
     </span>
    </p>
   </div>
   <div class='ocr_carea' id='block_1_23' title="bbox 762 2266 2341 2335">
    <p class='ocr_par' dir='ltr' id='par_1_23' title="bbox 762 2266 2341 2335">
     <span class='ocr_line' id='line_1_23' title="bbox 762 2266 2341 2335; baseline 0.003 -17"><span class='ocrx_word' id='word_1_162' title='bbox 762 2281 862 2318; x_wconf 84' lang='lat' dir='ltr'><strong>nos</strong></span> <span class='ocrx_word' id='word_1_163' title='bbox 904 2278 1221 2331; x_wconf 76' lang='lat' dir='ltr'><strong>peccatores</strong></span> <span class='ocrx_word' id='word_1_164' title='bbox 1253 2268 1317 2319; x_wconf 90' lang='lat' dir='ltr'><strong>ad</strong></span> <span class='ocrx_word' id='word_1_165' title='bbox 1354 2266 1734 2321; x_wconf 88' lang='lat' dir='ltr'><strong>immaculatos</strong></span> <span class='ocrx_word' id='word_1_166' title='bbox 1783 2268 1901 2335; x_wconf 83' lang='lat' dir='ltr'><strong>ejus</strong></span> <span class='ocrx_word' id='word_1_167' title='bbox 1942 2268 2103 2335; x_wconf 82' lang='lat' dir='ltr'><strong>pedes</strong></span> <span class='ocrx_word' id='word_1_168' title='bbox 2159 2270 2341 2333; x_wconf 82' lang='lat' dir='ltr'><strong>proci-</strong></span> 
     </span>
    </p>
   </div>
   <div class='ocr_carea' id='block_1_24' title="bbox 761 2360 2341 2429">
    <p class='ocr_par' dir='ltr' id='par_1_24' title="bbox 761 2360 2341 2429">
     <span class='ocr_line' id='line_1_24' title="bbox 761 2360 2341 2429; baseline 0.003 -22"><span class='ocrx_word' id='word_1_169' title='bbox 761 2360 891 2409; x_wconf 72' lang='lat' dir='ltr'><strong>dere</strong></span> <span class='ocrx_word' id='word_1_170' title='bbox 921 2376 934 2410; x_wconf 86' lang='lat'><strong>:</strong></span> <span class='ocrx_word' id='word_1_171' title='bbox 968 2367 1021 2410; x_wconf 81' lang='lat' dir='ltr'><strong>ct</strong></span> <span class='ocrx_word' id='word_1_172' title='bbox 1062 2360 1282 2423; x_wconf 84' lang='lat' dir='ltr'><strong>loquere</strong></span> <span class='ocrx_word' id='word_1_173' title='bbox 1315 2374 1411 2426; x_wconf 90' lang='lat' dir='ltr'><strong>pro</strong></span> <span class='ocrx_word' id='word_1_174' title='bbox 1446 2360 1603 2411; x_wconf 83' lang='lat' dir='ltr'><strong>nobis</strong></span> <span class='ocrx_word' id='word_1_175' title='bbox 1642 2360 1803 2423; x_wconf 85' lang='lat' dir='ltr'><strong>bona,</strong></span> <span class='ocrx_word' id='word_1_176' title='bbox 1849 2375 2088 2429; x_wconf 60' lang='lat' dir='ltr'><strong>rogaque</strong></span> <span class='ocrx_word' id='word_1_177' title='bbox 2121 2368 2179 2413; x_wconf 91' lang='lat' dir='ltr'><strong>ut</strong></span> <span class='ocrx_word' id='word_1_178' title='bbox 2214 2378 2341 2429; x_wconf 83' lang='lat' dir='ltr'><strong>pee—</strong></span> 
     </span>
    </p>
   </div>
   <div class='ocr_carea' id='block_1_25' title="bbox 762 2451 2339 2525">
    <p class='ocr_par' dir='ltr' id='par_1_25' title="bbox 762 2451 2339 2525">
     <span class='ocr_line' id='line_1_25' title="bbox 762 2451 2339 2525; baseline 0.004 -24"><span class='ocrx_word' id='word_1_179' title='bbox 762 2461 1012 2501; x_wconf 82' lang='lat' dir='ltr'><strong>catornm</strong></span> <span class='ocrx_word' id='word_1_180' title='bbox 1046 2451 1230 2502; x_wconf 86' lang='lat' dir='ltr'><strong>debita</strong></span> <span class='ocrx_word' id='word_1_181' title='bbox 1264 2452 1421 2504; x_wconf 85' lang='lat' dir='ltr'><strong>nobis</strong></span> <span class='ocrx_word' id='word_1_182' title='bbox 1471 2452 1818 2504; x_wconf 84' lang='lat' dir='ltr'><strong>remittantur</strong></span> <span class='ocrx_word' id='word_1_183' title='bbox 1846 2469 1858 2505; x_wconf 93' lang='lat'>:</span> <span class='ocrx_word' id='word_1_184' title='bbox 1892 2463 1952 2505; x_wconf 91' lang='lat' dir='ltr'><strong>ut</strong></span> <span class='ocrx_word' id='word_1_185' title='bbox 2001 2454 2103 2521; x_wconf 89' lang='lat' dir='ltr'><strong>ipsi</strong></span> <span class='ocrx_word' id='word_1_186' title='bbox 2162 2470 2257 2525; x_wconf 75' lang='lat' dir='ltr'><strong>per</strong></span> <span class='ocrx_word' id='word_1_187' title='bbox 2288 2465 2339 2509; x_wconf 89' lang='lat' dir='ltr'><strong>lc</strong></span> 
     </span>
    </p>
   </div>
   <div class='ocr_carea' id='block_1_26' title="bbox 762 2541 2340 2611">
    <p class='ocr_par' dir='ltr' id='par_1_26' title="bbox 762 2541 2340 2611">
     <span class='ocr_line' id='line_1_26' title="bbox 762 2541 2340 2611; baseline 0.004 -16"><span class='ocrx_word' id='word_1_188' title='bbox 762 2559 960 2597; x_wconf 85' lang='lat' dir='ltr'><strong>rursus</strong></span> <span class='ocrx_word' id='word_1_189' title='bbox 1010 2543 1155 2610; x_wconf 63' lang='lat' dir='ltr'><strong>digni</strong></span> <span class='ocrx_word' id='word_1_190' title='bbox 1197 2544 1391 2606; x_wconf 88' lang='lat' dir='ltr'><strong>simus,</strong></span> <span class='ocrx_word' id='word_1_191' title='bbox 1424 2545 1513 2609; x_wconf 72' lang='lat' dir='ltr'><strong>qui</strong></span> <span class='ocrx_word' id='word_1_192' title='bbox 1561 2541 1791 2597; x_wconf 89' lang='lat' dir='ltr'><strong>Domino</strong></span> <span class='ocrx_word' id='word_1_193' title='bbox 1844 2547 2167 2611; x_wconf 82' lang='lat' dir='ltr'><strong>serviamus,</strong></span> <span class='ocrx_word' id='word_1_194' title='bbox 2201 2556 2253 2601; x_wconf 73' lang='lat' dir='ltr'><strong>et</strong></span> <span class='ocrx_word' id='word_1_195' title='bbox 2294 2548 2340 2601; x_wconf 87' lang='lat' dir='ltr'><strong>is</strong></span> 
     </span>
    </p>
   </div>
   <div class='ocr_carea' id='block_1_27' title="bbox 762 2635 2338 2707">
    <p class='ocr_par' dir='ltr' id='par_1_27' title="bbox 762 2635 2338 2707">
     <span class='ocr_line' id='line_1_27' title="bbox 762 2635 2338 2707; baseline 0.006 -21"><span class='ocrx_word' id='word_1_196' title='bbox 762 2635 1021 2687; x_wconf 88' lang='lat' dir='ltr'><strong>alimenta</strong></span> <span class='ocrx_word' id='word_1_197' title='bbox 1070 2636 1229 2687; x_wconf 80' lang='lat' dir='ltr'><strong>nobis</strong></span> <span class='ocrx_word' id='word_1_198' title='bbox 1280 2636 1578 2702; x_wconf 76' lang='lat' dir='ltr'><strong>provideat.</strong></span> <span class='ocrx_word' id='word_1_199' title='bbox 1641 2635 1773 2689; x_wconf 80' lang='lat' dir='ltr'><strong>Nam</strong></span> <span class='ocrx_word' id='word_1_200' title='bbox 1807 2639 1939 2690; x_wconf 85' lang='lat' dir='ltr'><strong>nihil</strong></span> <span class='ocrx_word' id='word_1_201' title='bbox 1986 2639 2203 2707; x_wconf 87' lang='lat' dir='ltr'><strong>quidem</strong></span> <span class='ocrx_word' id='word_1_202' title='bbox 2248 2642 2338 2695; x_wconf 86' lang='lat' dir='ltr'><strong>dc-</strong></span> 
     </span>
    </p>
   </div>
   <div class='ocr_carea' id='block_1_28' title="bbox 763 2725 2341 2800">
    <p class='ocr_par' dir='ltr' id='par_1_28' title="bbox 763 2725 2341 2800">
     <span class='ocr_line' id='line_1_28' title="bbox 763 2725 2341 2800; baseline 0.003 -22"><span class='ocrx_word' id='word_1_203' title='bbox 763 2726 913 2785; x_wconf 79' lang='lat' dir='ltr'><strong>bere,</strong></span> <span class='ocrx_word' id='word_1_204' title='bbox 949 2725 1090 2777; x_wconf 83' lang='lat' dir='ltr'><strong>l&#39;anie</strong></span> <span class='ocrx_word' id='word_1_205' title='bbox 1118 2734 1296 2777; x_wconf 86' lang='lat' dir='ltr'><strong>autem</strong></span> <span class='ocrx_word' id='word_1_206' title='bbox 1330 2741 1393 2777; x_wconf 78' lang='lat' dir='ltr'><strong>ex</strong></span> <span class='ocrx_word' id='word_1_207' title='bbox 1430 2726 1775 2780; x_wconf 80' lang='lat' dir='ltr'><strong>mendicitate</strong></span> <span class='ocrx_word' id='word_1_208' title='bbox 1804 2728 2001 2791; x_wconf 90' lang='lat' dir='ltr'><strong>emori,</strong></span> <span class='ocrx_word' id='word_1_209' title='bbox 2036 2745 2211 2795; x_wconf 62' lang='lat' dir='ltr'><strong>parum</strong></span> <span class='ocrx_word' id='word_1_210' title='bbox 2244 2747 2341 2800; x_wconf 80' lang='lat' dir='ltr'><strong>par</strong></span> 
     </span>
    </p>
   </div>
   <div class='ocr_carea' id='block_1_29' title="bbox 765 2818 2343 2887">
    <p class='ocr_par' dir='ltr' id='par_1_29' title="bbox 765 2818 2343 2887">
     <span class='ocr_line' id='line_1_29' title="bbox 765 2818 2343 2887; baseline 0.001 -15"><span class='ocrx_word' id='word_1_211' title='bbox 765 2818 1094 2887; x_wconf 87' lang='lat' dir='ltr'><strong>supplicium</strong></span> <span class='ocrx_word' id='word_1_212' title='bbox 1152 2819 1428 2886; x_wconf 79' lang='lat' dir='ltr'><strong>impottul.</strong></span> <span class='ocrx_word' id='word_1_213' title='bbox 1479 2820 1580 2871; x_wconf 81' lang='lat' dir='ltr'><strong>Per</strong></span> <span class='ocrx_word' id='word_1_214' title='bbox 1632 2828 1704 2882; x_wconf 85' lang='lat' dir='ltr'><strong>te,</strong></span> <span class='ocrx_word' id='word_1_215' title='bbox 1742 2831 1931 2872; x_wconf 76' lang='lat' dir='ltr'><strong>Sancta</strong></span> <span class='ocrx_word' id='word_1_216' title='bbox 1962 2822 2221 2885; x_wconf 72' lang='lat' dir='ltr'><strong>citat-itas,</strong></span> <span class='ocrx_word' id='word_1_217' title='bbox 2255 2838 2343 2873; x_wconf 82' lang='lat' dir='ltr'><strong>vc-</strong></span> 
     </span>
    </p>
   </div>
   <div class='ocr_carea' id='block_1_30' title="bbox 766 2908 2339 2977">
    <p class='ocr_par' dir='ltr' id='par_1_30' title="bbox 766 2908 2339 2977">
     <span class='ocr_line' id='line_1_30' title="bbox 766 2908 2339 2977; baseline 0.003 -14"><span class='ocrx_word' id='word_1_218' title='bbox 766 2909 913 2963; x_wconf 86' lang='lat' dir='ltr'><strong>uiam</strong></span> <span class='ocrx_word' id='word_1_219' title='bbox 971 2925 1397 2977; x_wconf 75' lang='lat' dir='ltr'><strong>consequamur.</strong></span> <span class='ocrx_word' id='word_1_220' title='bbox 1460 2908 1563 2963; x_wconf 83' lang='lat' dir='ltr'><strong>Per</strong></span> <span class='ocrx_word' id='word_1_221' title='bbox 1619 2918 1673 2962; x_wconf 88' lang='lat' dir='ltr'><strong>te</strong></span> <span class='ocrx_word' id='word_1_222' title='bbox 1711 2911 1867 2963; x_wconf 89' lang='lat' dir='ltr'><strong>bouis</strong></span> <span class='ocrx_word' id='word_1_223' title='bbox 1900 2911 2111 2966; x_wconf 88' lang='lat' dir='ltr'><strong>Domini</strong></span> <span class='ocrx_word' id='word_1_224' title='bbox 2168 2914 2339 2967; x_wconf 83' lang='lat' dir='ltr'><strong>nosui</strong></span> 
     </span>
    </p>
   </div>
   <div class='ocr_carea' id='block_1_31' title="bbox 764 3002 2341 3073">
    <p class='ocr_par' dir='ltr' id='par_1_31' title="bbox 764 3002 2341 3073">
     <span class='ocr_line' id='line_1_31' title="bbox 764 3002 2341 3073; baseline 0.004 -19"><span class='ocrx_word' id='word_1_225' title='bbox 764 3002 1129 3071; x_wconf 75' lang='lat' dir='ltr'><strong>perfruamur,</strong></span> <span class='ocrx_word' id='word_1_226' title='bbox 1171 3017 1400 3071; x_wconf 88' lang='lat' dir='ltr'><strong>quorum</strong></span> <span class='ocrx_word' id='word_1_227' title='bbox 1435 3002 1785 3067; x_wconf 71' lang='lat' dir='ltr'><strong>suavitatem,</strong></span> <span class='ocrx_word' id='word_1_228' title='bbox 1820 3006 1921 3057; x_wconf 87' lang='lat' dir='ltr'><strong>nisi</strong></span> <span class='ocrx_word' id='word_1_229' title='bbox 1964 3021 2059 3073; x_wconf 90' lang='lat' dir='ltr'><strong>per</strong></span> <span class='ocrx_word' id='word_1_230' title='bbox 2094 3017 2145 3059; x_wconf 91' lang='lat' dir='ltr'><strong>te</strong></span> <span class='ocrx_word' id='word_1_231' title='bbox 2181 3023 2341 3060; x_wconf 92' lang='lat' dir='ltr'><strong>nemo</strong></span> 
     </span>
    </p>
   </div>
   <div class='ocr_carea' id='block_1_32' title="bbox 763 3092 2341 3163">
    <p class='ocr_par' dir='ltr' id='par_1_32' title="bbox 763 3092 2341 3163">
     <span class='ocr_line' id='line_1_32' title="bbox 763 3092 2341 3163; baseline 0.002 -19"><span class='ocrx_word' id='word_1_232' title='bbox 763 3094 1023 3163; x_wconf 69' lang='lat' dir='ltr'><strong>gustabit.</strong></span> <span class='ocrx_word' id='word_1_233' title='bbox 1056 3092 1157 3156; x_wconf 85' lang='lat' dir='ltr'><strong>Qui</strong></span> <span class='ocrx_word' id='word_1_234' title='bbox 1187 3094 1330 3145; x_wconf 90' lang='lat' dir='ltr'><strong>enim</strong></span> <span class='ocrx_word' id='word_1_235' title='bbox 1383 3102 1433 3145; x_wconf 85' lang='lat' dir='ltr'><strong>te</strong></span> <span class='ocrx_word' id='word_1_236' title='bbox 1463 3108 1595 3154; x_wconf 87' lang='lat' dir='ltr'><strong>non,</strong></span> <span class='ocrx_word' id='word_1_237' title='bbox 1635 3100 1689 3144; x_wconf 88' lang='grc' dir='ltr'><strong>ιιι</strong></span> <span class='ocrx_word' id='word_1_238' title='bbox 1723 3095 1983 3160; x_wconf 76' lang='lat' dir='ltr'><strong>oportuit,</strong></span> <span class='ocrx_word' id='word_1_239' title='bbox 2034 3095 2245 3159; x_wconf 68' lang='grc' dir='ltr'>(ιιιυιὶι,</span> <span class='ocrx_word' id='word_1_240' title='bbox 2288 3104 2341 3149; x_wconf 85' lang='lat' dir='ltr'><strong>ct</strong></span> 
     </span>
    </p>
   </div>
   <div class='ocr_carea' id='block_1_33' title="bbox 2445 596 4028 665">
    <p class='ocr_par' dir='ltr' id='par_1_33' title="bbox 2445 596 4028 665">
     <span class='ocr_line' id='line_1_33' title="bbox 2445 596 4028 665; baseline 0.004 -19"><span class='ocrx_word' id='word_1_241' title='bbox 2445 596 2515 647; x_wconf 83' lang='lat' dir='ltr'><strong>tia</strong></span> <span class='ocrx_word' id='word_1_242' title='bbox 2550 596 2693 647; x_wconf 91' lang='lat' dir='ltr'><strong>dona</strong></span> <span class='ocrx_word' id='word_1_243' title='bbox 2728 599 3071 665; x_wconf 75' lang='lat' dir='ltr'><strong>complexus,</strong></span> <span class='ocrx_word' id='word_1_244' title='bbox 3098 608 3153 652; x_wconf 86' lang='lat' dir='ltr'><strong>et</strong></span> <span class='ocrx_word' id='word_1_245' title='bbox 3182 599 3319 652; x_wconf 87' lang='lat' dir='ltr'><strong>citra</strong></span> <span class='ocrx_word' id='word_1_246' title='bbox 3351 599 3675 654; x_wconf 87' lang='lat' dir='ltr'><strong>eharitatem</strong></span> <span class='ocrx_word' id='word_1_247' title='bbox 3707 601 3947 662; x_wconf 83' lang='lat' dir='ltr'><strong>inutilia,</strong></span> <span class='ocrx_word' id='word_1_248' title='bbox 3977 614 4028 653; x_wconf 74' lang='lat' dir='ltr'><strong>et</strong></span> 
     </span>
    </p>
   </div>
   <div class='ocr_carea' id='block_1_34' title="bbox 2444 685 4032 759">
    <p class='ocr_par' dir='ltr' id='par_1_34' title="bbox 2444 685 4032 759">
     <span class='ocr_line' id='line_1_34' title="bbox 2444 685 4032 759; baseline 0.004 -21"><span class='ocrx_word' id='word_1_249' title='bbox 2444 685 2750 755; x_wconf 88' lang='lat' dir='ltr'><strong>periculosa</strong></span> <span class='ocrx_word' id='word_1_250' title='bbox 2810 701 2935 741; x_wconf 87' lang='lat' dir='ltr'><strong>esse</strong></span> <span class='ocrx_word' id='word_1_251' title='bbox 2990 688 3171 751; x_wconf 87' lang='lat' dir='ltr'><strong>docet,</strong></span> <span class='ocrx_word' id='word_1_252' title='bbox 3223 690 3559 758; x_wconf 72' lang='lat' dir='ltr'><strong>linguarum,</strong></span> <span class='ocrx_word' id='word_1_253' title='bbox 3602 693 3929 759; x_wconf 66' lang='lat' dir='ltr'><strong>priiplietim,</strong></span> <span class='ocrx_word' id='word_1_254' title='bbox 3972 694 4032 745; x_wconf 80' lang='lat' dir='ltr'><strong>ft-</strong></span> 
     </span>
    </p>
   </div>
   <div class='ocr_carea' id='block_1_35' title="bbox 2445 781 4029 854">
    <p class='ocr_par' dir='ltr' id='par_1_35' title="bbox 2445 781 4029 854">
     <span class='ocr_line' id='line_1_35' title="bbox 2445 781 4029 854; baseline 0.001 -21"><span class='ocrx_word' id='word_1_255' title='bbox 2445 781 2555 843; x_wconf 80' lang='lat' dir='ltr'><strong>dci,</strong></span> <span class='ocrx_word' id='word_1_256' title='bbox 2589 782 2970 853; x_wconf 64' lang='lat' dir='ltr'><strong>elcemosynaa,</strong></span> <span class='ocrx_word' id='word_1_257' title='bbox 3000 794 3056 837; x_wconf 88' lang='lat' dir='ltr'><strong>et</strong></span> <span class='ocrx_word' id='word_1_258' title='bbox 3086 784 3333 854; x_wconf 80' lang='lat' dir='ltr'><strong>martyrii</strong></span> <span class='ocrx_word' id='word_1_259' title='bbox 3363 804 3376 837; x_wconf 90' lang='lat'><strong>:</strong></span> <span class='ocrx_word' id='word_1_260' title='bbox 3411 783 3472 838; x_wconf 92' lang='lat' dir='ltr'><strong>Si</strong></span> <span class='ocrx_word' id='word_1_261' title='bbox 3509 785 3707 852; x_wconf 82' lang='lat' dir='ltr'><strong>linguis</strong></span> <span class='ocrx_word' id='word_1_262' title='bbox 3734 786 4029 843; x_wconf 76' lang='lat' dir='ltr'><strong>hominum,</strong></span> 
     </span>
    </p>
   </div>
   <div class='ocr_carea' id='block_1_36' title="bbox 2443 875 4027 945">
    <p class='ocr_par' dir='ltr' id='par_1_36' title="bbox 2443 875 4027 945">
     <span class='ocr_line' id='line_1_36' title="bbox 2443 875 4027 945; baseline 0.003 -19"><span class='ocrx_word' id='word_1_263' title='bbox 2443 882 2493 926; x_wconf 82' lang='lat' dir='ltr'><strong>et</strong></span> <span class='ocrx_word' id='word_1_264' title='bbox 2525 875 2832 943; x_wconf 79' lang='lat' dir='ltr'><strong>angelorum</strong></span> <span class='ocrx_word' id='word_1_265' title='bbox 2855 878 3061 944; x_wconf 84' lang='lat' dir='ltr'><strong>loquar,</strong></span> <span class='ocrx_word' id='word_1_266' title='bbox 3096 877 3291 945; x_wconf 89' lang='lat' dir='ltr'><strong>inquit,</strong></span> <span class='ocrx_word' id='word_1_267' title='bbox 3329 880 3377 931; x_wconf 80' lang='lat' dir='ltr'><strong>si</strong></span> <span class='ocrx_word' id='word_1_268' title='bbox 3423 878 3653 931; x_wconf 88' lang='lat' dir='ltr'><strong>habuero</strong></span> <span class='ocrx_word' id='word_1_269' title='bbox 3675 879 4027 945; x_wconf 80' lang='lat' dir='ltr'><strong>prophetiam.</strong></span> 
     </span>
    </p>
   </div>
   <div class='ocr_carea' id='block_1_37' title="bbox 2443 971 4031 1039">
    <p class='ocr_par' dir='ltr' id='par_1_37' title="bbox 2443 971 4031 1039">
     <span class='ocr_line' id='line_1_37' title="bbox 2443 971 4031 1039; baseline -0.001 -16"><span class='ocrx_word' id='word_1_270' title='bbox 2443 979 2492 1023; x_wconf 73' lang='lat' dir='ltr'><strong>et</strong></span> <span class='ocrx_word' id='word_1_271' title='bbox 2530 971 2759 1023; x_wconf 79' lang='lat' dir='ltr'><strong>noverim</strong></span> <span class='ocrx_word' id='word_1_272' title='bbox 2791 973 3044 1039; x_wconf 78' lang='lat' dir='ltr'><strong>mysteria</strong></span> <span class='ocrx_word' id='word_1_273' title='bbox 3072 972 3275 1031; x_wconf 83' lang='lat' dir='ltr'><strong>omnia,</strong></span> <span class='ocrx_word' id='word_1_274' title='bbox 3307 981 3357 1023; x_wconf 81' lang='lat' dir='ltr'><strong>et</strong></span> <span class='ocrx_word' id='word_1_275' title='bbox 3383 990 3585 1025; x_wconf 79' lang='lat' dir='ltr'><strong>omnem</strong></span> <span class='ocrx_word' id='word_1_276' title='bbox 3627 975 3903 1025; x_wconf 79' lang='lat' dir='ltr'><strong>scientiam</strong></span> <span class='ocrx_word' id='word_1_277' title='bbox 3938 986 3959 1023; x_wconf 93' lang='lat'><strong><em>:</em></strong></span> <span class='ocrx_word' id='word_1_278' title='bbox 3985 972 4031 1023; x_wconf 82' lang='lat' dir='ltr'><strong>si</strong></span> 
     </span>
    </p>
   </div>
   <div class='ocr_carea' id='block_1_38' title="bbox 2444 1061 4031 1131">
    <p class='ocr_par' dir='ltr' id='par_1_38' title="bbox 2444 1061 4031 1131">
     <span class='ocr_line' id='line_1_38' title="bbox 2444 1061 4031 1131; baseline 0.001 -19"><span class='ocrx_word' id='word_1_279' title='bbox 2444 1061 2677 1114; x_wconf 81' lang='lat' dir='ltr'><strong>habuero</strong></span> <span class='ocrx_word' id='word_1_280' title='bbox 2712 1078 2916 1115; x_wconf 85' lang='lat' dir='ltr'><strong>omnem</strong></span> <span class='ocrx_word' id='word_1_281' title='bbox 2965 1063 3147 1129; x_wconf 83' lang='lat' dir='ltr'><strong>ﬁdem,</strong></span> <span class='ocrx_word' id='word_1_282' title='bbox 3198 1073 3254 1114; x_wconf 86' lang='lat' dir='ltr'><strong>ut</strong></span> <span class='ocrx_word' id='word_1_283' title='bbox 3303 1075 3503 1115; x_wconf 80' lang='lat' dir='ltr'><strong>montes</strong></span> <span class='ocrx_word' id='word_1_284' title='bbox 3548 1065 3870 1131; x_wconf 76' lang='lat' dir='ltr'><strong>transferam</strong></span> <span class='ocrx_word' id='word_1_285' title='bbox 3920 1080 3940 1115; x_wconf 88' lang='lat'><strong><em>:</em></strong></span> <span class='ocrx_word' id='word_1_286' title='bbox 3987 1066 4031 1115; x_wconf 89' lang='lat' dir='ltr'><strong>si</strong></span> 
     </span>
    </p>
   </div>
   <div class='ocr_carea' id='block_1_39' title="bbox 2444 1152 4030 1223">
    <p class='ocr_par' dir='ltr' id='par_1_39' title="bbox 2444 1152 4030 1223">
     <span class='ocr_line' id='line_1_39' title="bbox 2444 1152 4030 1223; baseline 0.003 -21"><span class='ocrx_word' id='word_1_287' title='bbox 2444 1152 2763 1206; x_wconf 78' lang='lat' dir='ltr'><strong>distribuere</strong></span> <span class='ocrx_word' id='word_1_288' title='bbox 2829 1156 2884 1206; x_wconf 86' lang='lat' dir='ltr'><strong>in</strong></span> <span class='ocrx_word' id='word_1_289' title='bbox 2942 1154 3085 1207; x_wconf 87' lang='lat' dir='ltr'><strong>cibos</strong></span> <span class='ocrx_word' id='word_1_290' title='bbox 3154 1172 3442 1223; x_wconf 76' lang='lat' dir='ltr'><strong>pauperum</strong></span> <span class='ocrx_word' id='word_1_291' title='bbox 3507 1173 3683 1209; x_wconf 74' lang='lat' dir='ltr'><strong>omnes</strong></span> <span class='ocrx_word' id='word_1_292' title='bbox 3747 1158 4030 1221; x_wconf 67' lang='lat' dir='ltr'><strong>facultates</strong></span> 
     </span>
    </p>
   </div>
   <div class='ocr_carea' id='block_1_40' title="bbox 2445 1246 4027 1311">
    <p class='ocr_par' dir='ltr' id='par_1_40' title="bbox 2445 1246 4027 1311">
     <span class='ocr_line' id='line_1_40' title="bbox 2445 1246 4027 1311; baseline 0.002 -16"><span class='ocrx_word' id='word_1_293' title='bbox 2445 1261 2587 1297; x_wconf 84' lang='lat' dir='ltr'><strong>mens</strong></span> <span class='ocrx_word' id='word_1_294' title='bbox 2619 1260 2637 1297; x_wconf 90' lang='lat'><strong><em>:</em></strong></span> <span class='ocrx_word' id='word_1_295' title='bbox 2660 1255 2709 1297; x_wconf 83' lang='lat' dir='ltr'><strong>et</strong></span> <span class='ocrx_word' id='word_1_296' title='bbox 2761 1246 2808 1298; x_wconf 87' lang='lat' dir='ltr'><strong>si</strong></span> <span class='ocrx_word' id='word_1_297' title='bbox 2838 1246 3106 1299; x_wconf 79' lang='lat' dir='ltr'><strong>tradidero</strong></span> <span class='ocrx_word' id='word_1_298' title='bbox 3139 1262 3327 1311; x_wconf 81' lang='lat' dir='ltr'><strong>corpus</strong></span> <span class='ocrx_word' id='word_1_299' title='bbox 3360 1265 3526 1300; x_wconf 75' lang='lat' dir='ltr'><strong>meum</strong></span> <span class='ocrx_word' id='word_1_300' title='bbox 3574 1249 3649 1299; x_wconf 80' lang='lat' dir='ltr'><strong>ita</strong></span> <span class='ocrx_word' id='word_1_301' title='bbox 3682 1260 3738 1299; x_wconf 86' lang='lat' dir='ltr'><strong>ut</strong></span> <span class='ocrx_word' id='word_1_302' title='bbox 3783 1251 4027 1307; x_wconf 79' lang='lat' dir='ltr'><strong>ardeam,</strong></span> 
     </span>
    </p>
   </div>
   <div class='ocr_carea' id='block_1_41' title="bbox 2443 1339 4026 1405">
    <p class='ocr_par' dir='ltr' id='par_1_41' title="bbox 2443 1339 4026 1405">
     <span class='ocr_line' id='line_1_41' title="bbox 2443 1339 4026 1405; baseline 0.001 -16"><span class='ocrx_word' id='word_1_303' title='bbox 2443 1339 2756 1390; x_wconf 75' lang='lat' dir='ltr'><strong>charitatem</strong></span> <span class='ocrx_word' id='word_1_304' title='bbox 2790 1349 2964 1391; x_wconf 83' lang='lat' dir='ltr'><strong>autem</strong></span> <span class='ocrx_word' id='word_1_305' title='bbox 2990 1358 3091 1391; x_wconf 72' lang='lat' dir='ltr'><strong>non</strong></span> <span class='ocrx_word' id='word_1_306' title='bbox 3121 1341 3370 1395; x_wconf 86' lang='lat' dir='ltr'><strong>habuero.</strong></span> <span class='ocrx_word' id='word_1_307' title='bbox 3400 1342 3533 1392; x_wconf 75' lang='lat' dir='ltr'><strong>nihil</strong></span> <span class='ocrx_word' id='word_1_308' title='bbox 3568 1342 3691 1392; x_wconf 79' lang='lat' dir='ltr'><strong>mihi</strong></span> <span class='ocrx_word' id='word_1_309' title='bbox 3718 1341 3931 1405; x_wconf 81' lang='lat' dir='ltr'><strong>prodest</strong></span> <span class='ocrx_word' id='word_1_310' title='bbox 3958 1340 4026 1391; x_wconf 85' lang='lat'><strong>”.</strong></span> 
     </span>
    </p>
   </div>
   <div class='ocr_carea' id='block_1_42' title="bbox 2445 1428 4030 1499">
    <p class='ocr_par' dir='ltr' id='par_1_42' title="bbox 2445 1428 4030 1499">
     <span class='ocr_line' id='line_1_42' title="bbox 2445 1428 4030 1499; baseline 0.002 -22"><span class='ocrx_word' id='word_1_311' title='bbox 2445 1428 2547 1492; x_wconf 86' lang='lat' dir='ltr'><strong>Qui</strong></span> <span class='ocrx_word' id='word_1_312' title='bbox 2577 1437 2756 1481; x_wconf 88' lang='lat' dir='ltr'><strong>autem</strong></span> <span class='ocrx_word' id='word_1_313' title='bbox 2787 1444 2913 1481; x_wconf 72' lang='lat' dir='ltr'><strong>vere</strong></span> <span class='ocrx_word' id='word_1_314' title='bbox 2946 1446 3006 1482; x_wconf 87' lang='lat' dir='ltr'><strong>ca</strong></span> <span class='ocrx_word' id='word_1_315' title='bbox 3044 1433 3307 1499; x_wconf 80' lang='lat' dir='ltr'><strong>pra-ditus</strong></span> <span class='ocrx_word' id='word_1_316' title='bbox 3340 1434 3431 1491; x_wconf 74' lang='lat' dir='ltr'><strong>sit,</strong></span> <span class='ocrx_word' id='word_1_317' title='bbox 3462 1449 3525 1485; x_wconf 80' lang='lat' dir='ltr'><strong>ex</strong></span> <span class='ocrx_word' id='word_1_318' title='bbox 3560 1434 3818 1499; x_wconf 71' lang='lat' dir='ltr'><strong>operibus</strong></span> <span class='ocrx_word' id='word_1_319' title='bbox 3851 1431 4030 1482; x_wconf 79' lang='lat' dir='ltr'><strong>maui-</strong></span> 
     </span>
    </p>
   </div>
   <div class='ocr_carea' id='block_1_43' title="bbox 2447 1521 4029 1591">
    <p class='ocr_par' dir='ltr' id='par_1_43' title="bbox 2447 1521 4029 1591">
     <span class='ocr_line' id='line_1_43' title="bbox 2447 1521 4029 1591; baseline -0.001 -17"><span class='ocrx_word' id='word_1_320' title='bbox 2447 1521 2581 1574; x_wconf 81' lang='lat' dir='ltr'><strong>feste</strong></span> <span class='ocrx_word' id='word_1_321' title='bbox 2632 1523 2945 1581; x_wconf 68' lang='lat' dir='ltr'><strong>declarans.</strong></span> <span class='ocrx_word' id='word_1_322' title='bbox 2995 1527 3067 1576; x_wconf 86' lang='lat' dir='ltr'><strong>ait</strong></span> <span class='ocrx_word' id='word_1_323' title='bbox 3103 1543 3117 1576; x_wconf 91' lang='lat'><strong><em>:</em></strong></span> <span class='ocrx_word' id='word_1_324' title='bbox 3150 1524 3397 1578; x_wconf 64' lang='lat' dir='ltr'><strong>Charitas</strong></span> <span class='ocrx_word' id='word_1_325' title='bbox 3428 1527 3635 1591; x_wconf 63' lang='lat' dir='ltr'><strong>patiens</strong></span> <span class='ocrx_word' id='word_1_326' title='bbox 3661 1536 3760 1583; x_wconf 85' lang='lat' dir='ltr'><strong>est.</strong></span> <span class='ocrx_word' id='word_1_327' title='bbox 3804 1526 4029 1590; x_wconf 81' lang='lat' dir='ltr'><strong>benigna</strong></span> 
     </span>
    </p>
   </div>
   <div class='ocr_carea' id='block_1_44' title="bbox 2444 1615 4025 1684">
    <p class='ocr_par' dir='ltr' id='par_1_44' title="bbox 2444 1615 4025 1684">
     <span class='ocr_line' id='line_1_44' title="bbox 2444 1615 4025 1684; baseline -0.003 -19"><span class='ocrx_word' id='word_1_328' title='bbox 2444 1622 2542 1672; x_wconf 68' lang='lat' dir='ltr'><strong>est,</strong></span> <span class='ocrx_word' id='word_1_329' title='bbox 2577 1629 2675 1664; x_wconf 88' lang='lat' dir='ltr'><strong>non</strong></span> <span class='ocrx_word' id='word_1_330' title='bbox 2707 1615 3010 1677; x_wconf 66' lang='grc' dir='ltr'><strong>(τριμοιρίαν,</strong></span> <span class='ocrx_word' id='word_1_331' title='bbox 3050 1633 3151 1667; x_wconf 82' lang='lat' dir='ltr'><strong>non</strong></span> <span class='ocrx_word' id='word_1_332' title='bbox 3181 1620 3288 1684; x_wconf 83' lang='lat' dir='ltr'><strong>agit</strong></span> <span class='ocrx_word' id='word_1_333' title='bbox 3320 1633 3611 1682; x_wconf 73' lang='lat' dir='ltr'><strong>perperam,</strong></span> <span class='ocrx_word' id='word_1_334' title='bbox 3646 1634 3746 1667; x_wconf 73' lang='lat' dir='ltr'><strong>non</strong></span> <span class='ocrx_word' id='word_1_335' title='bbox 3779 1616 4025 1681; x_wconf 69' lang='lat' dir='ltr'><strong>inﬂator,</strong></span> 
     </span>
    </p>
   </div>
   <div class='ocr_carea' id='block_1_45' title="bbox 2446 1708 4029 1777">
    <p class='ocr_par' dir='ltr' id='par_1_45' title="bbox 2446 1708 4029 1777">
     <span class='ocr_line' id='line_1_45' title="bbox 2446 1708 4029 1777; baseline 0.001 -21"><span class='ocrx_word' id='word_1_336' title='bbox 2446 1723 2548 1757; x_wconf 87' lang='lat' dir='ltr'><strong>non</strong></span> <span class='ocrx_word' id='word_1_337' title='bbox 2584 1715 2659 1757; x_wconf 83' lang='lat' dir='ltr'><strong>est</strong></span> <span class='ocrx_word' id='word_1_338' title='bbox 2702 1708 3005 1767; x_wconf 82' lang='lat' dir='ltr'><strong>ambitiosa,</strong></span> <span class='ocrx_word' id='word_1_339' title='bbox 3045 1724 3146 1759; x_wconf 82' lang='lat' dir='ltr'><strong>non</strong></span> <span class='ocrx_word' id='word_1_340' title='bbox 3183 1712 3374 1777; x_wconf 69' lang='lat' dir='ltr'><strong>qum-it</strong></span> <span class='ocrx_word' id='word_1_341' title='bbox 3423 1726 3541 1777; x_wconf 72' lang='lat' dir='ltr'><strong>qum</strong></span> <span class='ocrx_word' id='word_1_342' title='bbox 3599 1727 3696 1761; x_wconf 74' lang='lat' dir='ltr'><strong>sua</strong></span> <span class='ocrx_word' id='word_1_343' title='bbox 3744 1720 3888 1763; x_wconf 81' lang='lat' dir='ltr'><strong>sunt.</strong></span> <span class='ocrx_word' id='word_1_344' title='bbox 3928 1722 4029 1757; x_wconf 79' lang='lat' dir='ltr'><strong>una</strong></span> 
     </span>
    </p>
   </div>
   <div class='ocr_carea' id='block_1_46' title="bbox 2446 1797 4029 1867">
    <p class='ocr_par' dir='ltr' id='par_1_46' title="bbox 2446 1797 4029 1867">
     <span class='ocr_line' id='line_1_46' title="bbox 2446 1797 4029 1867; baseline -0.001 -19"><span class='ocrx_word' id='word_1_345' title='bbox 2446 1797 2713 1856; x_wconf 83' lang='lat' dir='ltr'><strong>irritatur.</strong></span> <span class='ocrx_word' id='word_1_346' title='bbox 2748 1814 2850 1849; x_wconf 87' lang='lat' dir='ltr'><strong>non</strong></span> <span class='ocrx_word' id='word_1_347' title='bbox 2880 1802 3075 1867; x_wconf 83' lang='lat' dir='ltr'><strong>cogitat</strong></span> <span class='ocrx_word' id='word_1_348' title='bbox 3108 1803 3329 1862; x_wconf 59' lang='lat' dir='ltr'><strong>malum,</strong></span> <span class='ocrx_word' id='word_1_349' title='bbox 3382 1818 3484 1852; x_wconf 83' lang='lat' dir='ltr'><strong>non</strong></span> <span class='ocrx_word' id='word_1_350' title='bbox 3515 1802 3708 1867; x_wconf 65' lang='lat' dir='ltr'><strong>gaudet</strong></span> <span class='ocrx_word' id='word_1_351' title='bbox 3735 1816 3894 1864; x_wconf 81' lang='lat' dir='ltr'><strong>super</strong></span> <span class='ocrx_word' id='word_1_352' title='bbox 3925 1798 4029 1848; x_wconf 82' lang='lat' dir='ltr'><strong>ini-</strong></span> 
     </span>
    </p>
   </div>
   <div class='ocr_carea' id='block_1_47' title="bbox 2447 1891 3548 1957">
    <p class='ocr_par' dir='ltr' id='par_1_47' title="bbox 2447 1891 3548 1957">
     <span class='ocr_line' id='line_1_47' title="bbox 2447 1891 3548 1957; baseline 0.005 -18"><span class='ocrx_word' id='word_1_353' title='bbox 2447 1891 2668 1955; x_wconf 70' lang='lat' dir='ltr'><strong>quitate,</strong></span> <span class='ocrx_word' id='word_1_354' title='bbox 2720 1892 3005 1957; x_wconf 79' lang='lat' dir='ltr'><strong>conqaudct</strong></span> <span class='ocrx_word' id='word_1_355' title='bbox 3055 1901 3229 1944; x_wconf 84' lang='lat' dir='ltr'><strong>autem</strong></span> <span class='ocrx_word' id='word_1_356' title='bbox 3274 1893 3483 1944; x_wconf 70' lang='lat' dir='ltr'><strong>verita3i</strong></span> <span class='ocrx_word' id='word_1_357' title='bbox 3530 1908 3548 1944; x_wconf 89' lang='lat'><strong><em>:</em></strong></span> 
     </span>
    </p>
   </div>
   <div class='ocr_carea' id='block_1_48' title="bbox 2448 1985 4029 2052">
    <p class='ocr_par' dir='ltr' id='par_1_48' title="bbox 2448 1985 4029 2052">
     <span class='ocr_line' id='line_1_48' title="bbox 2448 1985 4029 2052; baseline -0.002 -15"><span class='ocrx_word' id='word_1_358' title='bbox 2448 1986 2626 2037; x_wconf 84' lang='lat' dir='ltr'><strong>omnia</strong></span> <span class='ocrx_word' id='word_1_359' title='bbox 2650 1986 2834 2046; x_wconf 79' lang='lat' dir='ltr'><strong>credit,</strong></span> <span class='ocrx_word' id='word_1_360' title='bbox 2866 1989 3041 2039; x_wconf 86' lang='lat' dir='ltr'><strong>omnia</strong></span> <span class='ocrx_word' id='word_1_361' title='bbox 3066 1996 3262 2052; x_wconf 77' lang='lat' dir='ltr'><strong>sperat,</strong></span> <span class='ocrx_word' id='word_1_362' title='bbox 3296 1988 3472 2037; x_wconf 80' lang='lat' dir='ltr'><strong>ontnia</strong></span> <span class='ocrx_word' id='word_1_363' title='bbox 3501 1986 3743 2038; x_wconf 84' lang='lat' dir='ltr'><strong>sustinet.</strong></span> <span class='ocrx_word' id='word_1_364' title='bbox 3778 1985 4029 2035; x_wconf 81' lang='lat' dir='ltr'><strong>Charitas</strong></span> 
     </span>
    </p>
   </div>
   <div class='ocr_carea' id='block_1_49' title="bbox 2447 2077 4027 2149">
    <p class='ocr_par' dir='ltr' id='par_1_49' title="bbox 2447 2077 4027 2149">
     <span class='ocr_line' id='line_1_49' title="bbox 2447 2077 4027 2149; baseline -0.001 -19"><span class='ocrx_word' id='word_1_365' title='bbox 2447 2094 2717 2146; x_wconf 79' lang='lat' dir='ltr'><strong>nunquam</strong></span> <span class='ocrx_word' id='word_1_366' title='bbox 2756 2081 3041 2135; x_wconf 77' lang='lat' dir='ltr'><strong>excidit&quot;.</strong></span> <span class='ocrx_word' id='word_1_367' title='bbox 3082 2079 3309 2149; x_wconf 78' lang='lat' dir='ltr'><strong>Propter</strong></span> <span class='ocrx_word' id='word_1_368' title='bbox 3357 2081 3495 2132; x_wconf 85' lang='lat' dir='ltr'><strong>hanc</strong></span> <span class='ocrx_word' id='word_1_369' title='bbox 3539 2087 3594 2131; x_wconf 88' lang='lat' dir='ltr'><strong>et</strong></span> <span class='ocrx_word' id='word_1_370' title='bbox 3647 2077 3869 2129; x_wconf 76' lang='lat' dir='ltr'><strong>Verbum</strong></span> <span class='ocrx_word' id='word_1_371' title='bbox 3902 2094 4027 2129; x_wconf 83' lang='lat' dir='ltr'><strong>caro</strong></span> 
     </span>
    </p>
   </div>
   <div class='ocr_carea' id='block_1_50' title="bbox 2448 2150 4028 2241">
    <p class='ocr_par' dir='ltr' id='par_1_50' title="bbox 2448 2150 4028 2241">
     <span class='ocr_line' id='line_1_50' title="bbox 2448 2150 4028 2241; baseline -0.001 -18"><span class='ocrx_word' id='word_1_372' title='bbox 2448 2173 2645 2241; x_wconf 80' lang='lat' dir='ltr'><strong>factum</strong></span> <span class='ocrx_word' id='word_1_373' title='bbox 2672 2182 2770 2235; x_wconf 84' lang='lat' dir='ltr'><strong>est,</strong></span> <span class='ocrx_word' id='word_1_374' title='bbox 2798 2184 2843 2225; x_wconf 81' lang='lat' dir='ltr'><strong>et</strong></span> <span class='ocrx_word' id='word_1_375' title='bbox 2868 2174 3122 2226; x_wconf 80' lang='lat' dir='ltr'><strong>habitavit</strong></span> <span class='ocrx_word' id='word_1_376' title='bbox 3149 2176 3201 2226; x_wconf 89' lang='lat' dir='ltr'><strong>in</strong></span> <span class='ocrx_word' id='word_1_377' title='bbox 3224 2174 3393 2225; x_wconf 75' lang='lat' dir='ltr'><strong>nobis.</strong></span> <span class='ocrx_word' id='word_1_378' title='bbox 3425 2150 3651 2241; x_wconf 60' lang='lat' dir='ltr'><strong>Propter</strong></span> <span class='ocrx_word' id='word_1_379' title='bbox 3674 2187 3837 2236; x_wconf 88' lang='lat' dir='ltr'><strong>quam</strong></span> <span class='ocrx_word' id='word_1_380' title='bbox 3866 2172 4028 2223; x_wconf 65' lang='lat' dir='ltr'><strong>homo</strong></span> 
     </span>
    </p>
   </div>
   <div class='ocr_carea' id='block_1_51' title="bbox 2449 2262 4028 2330">
    <p class='ocr_par' dir='ltr' id='par_1_51' title="bbox 2449 2262 4028 2330">
     <span class='ocr_line' id='line_1_51' title="bbox 2449 2262 4028 2330; baseline -0.003 -13"><span class='ocrx_word' id='word_1_381' title='bbox 2449 2263 2627 2317; x_wconf 80' lang='lat' dir='ltr'><strong>factus</strong></span> <span class='ocrx_word' id='word_1_382' title='bbox 2661 2263 2752 2318; x_wconf 87' lang='lat' dir='ltr'><strong>Dei</strong></span> <span class='ocrx_word' id='word_1_383' title='bbox 2788 2262 2981 2330; x_wconf 83' lang='lat' dir='ltr'><strong>Filius,</strong></span> <span class='ocrx_word' id='word_1_384' title='bbox 3012 2280 3203 2318; x_wconf 86' lang='lat' dir='ltr'><strong>omnes</strong></span> <span class='ocrx_word' id='word_1_385' title='bbox 3240 2265 3481 2318; x_wconf 82' lang='lat' dir='ltr'><strong>viviticus</strong></span> <span class='ocrx_word' id='word_1_386' title='bbox 3511 2264 3789 2316; x_wconf 83' lang='lat' dir='ltr'><strong>cruciatus</strong></span> <span class='ocrx_word' id='word_1_387' title='bbox 3836 2272 4028 2328; x_wconf 79' lang='lat' dir='ltr'><strong>sponte</strong></span> 
     </span>
    </p>
   </div>
   <div class='ocr_carea' id='block_1_52' title="bbox 2449 2357 4027 2428">
    <p class='ocr_par' dir='ltr' id='par_1_52' title="bbox 2449 2357 4027 2428">
     <span class='ocr_line' id='line_1_52' title="bbox 2449 2357 4027 2428; baseline -0.004 -16"><span class='ocrx_word' id='word_1_388' title='bbox 2449 2375 2512 2413; x_wconf 91' lang='lat' dir='ltr'><strong>ac</strong></span> <span class='ocrx_word' id='word_1_389' title='bbox 2549 2360 2723 2414; x_wconf 91' lang='lat' dir='ltr'><strong>libens</strong></span> <span class='ocrx_word' id='word_1_390' title='bbox 2754 2360 2996 2428; x_wconf 86' lang='lat' dir='ltr'><strong>pertulit,</strong></span> <span class='ocrx_word' id='word_1_391' title='bbox 3036 2371 3094 2412; x_wconf 88' lang='lat' dir='ltr'><strong>ut</strong></span> <span class='ocrx_word' id='word_1_392' title='bbox 3119 2360 3327 2428; x_wconf 89' lang='lat' dir='ltr'><strong>plasma</strong></span> <span class='ocrx_word' id='word_1_393' title='bbox 3359 2373 3542 2421; x_wconf 86' lang='lat' dir='ltr'><strong>suum,</strong></span> <span class='ocrx_word' id='word_1_394' title='bbox 3580 2357 3877 2411; x_wconf 68' lang='lat' dir='ltr'><strong>humana&#39;n</strong></span> <span class='ocrx_word' id='word_1_395' title='bbox 3931 2368 4027 2406; x_wconf 89' lang='lat' dir='ltr'><strong>na-</strong></span> 
     </span>
    </p>
   </div>
   <div class='ocr_carea' id='block_1_53' title="bbox 2451 2446 4031 2522">
    <p class='ocr_par' dir='ltr' id='par_1_53' title="bbox 2451 2446 4031 2522">
     <span class='ocr_line' id='line_1_53' title="bbox 2451 2446 4031 2522; baseline -0.005 -17"><span class='ocrx_word' id='word_1_396' title='bbox 2451 2461 2628 2505; x_wconf 85' lang='lat' dir='ltr'><strong>turam</strong></span> <span class='ocrx_word' id='word_1_397' title='bbox 2666 2453 2718 2505; x_wconf 89' lang='lat' dir='ltr'><strong>in</strong></span> <span class='ocrx_word' id='word_1_398' title='bbox 2752 2454 2950 2508; x_wconf 83' lang='lat' dir='ltr'><strong>multas</strong></span> <span class='ocrx_word' id='word_1_399' title='bbox 2978 2464 3158 2522; x_wconf 89' lang='lat' dir='ltr'><strong>partes</strong></span> <span class='ocrx_word' id='word_1_400' title='bbox 3189 2467 3219 2505; x_wconf 87' lang='lat' dir='ltr'><strong>a</strong></span> <span class='ocrx_word' id='word_1_401' title='bbox 3264 2451 3484 2505; x_wconf 84' lang='lat' dir='ltr'><strong>diabolo</strong></span> <span class='ocrx_word' id='word_1_402' title='bbox 3529 2451 3827 2503; x_wconf 89' lang='lat' dir='ltr'><strong>dissectum</strong></span> <span class='ocrx_word' id='word_1_403' title='bbox 3859 2463 3922 2501; x_wconf 86' lang='lat' dir='ltr'><strong>ae</strong></span> <span class='ocrx_word' id='word_1_404' title='bbox 3951 2446 4031 2499; x_wconf 79' lang='lat' dir='ltr'><strong>di-</strong></span> 
     </span>
    </p>
   </div>
   <div class='ocr_carea' id='block_1_54' title="bbox 2449 2540 4032 2613">
    <p class='ocr_par' dir='ltr' id='par_1_54' title="bbox 2449 2540 4032 2613">
     <span class='ocr_line' id='line_1_54' title="bbox 2449 2540 4032 2613; baseline -0.003 -17"><span class='ocrx_word' id='word_1_405' title='bbox 2449 2553 2743 2613; x_wconf 89' lang='lat' dir='ltr'><strong>remptum,</strong></span> <span class='ocrx_word' id='word_1_406' title='bbox 2777 2560 2873 2613; x_wconf 84' lang='lat' dir='ltr'><strong>per</strong></span> <span class='ocrx_word' id='word_1_407' title='bbox 2905 2545 3063 2598; x_wconf 80' lang='lat' dir='ltr'><strong>fidem</strong></span> <span class='ocrx_word' id='word_1_408' title='bbox 3094 2557 3298 2597; x_wconf 84' lang='lat' dir='ltr'><strong>rectam</strong></span> <span class='ocrx_word' id='word_1_409' title='bbox 3326 2555 3379 2596; x_wconf 89' lang='lat' dir='ltr'><strong>et</strong></span> <span class='ocrx_word' id='word_1_410' title='bbox 3417 2543 3740 2597; x_wconf 87' lang='lat' dir='ltr'><strong>charitatem</strong></span> <span class='ocrx_word' id='word_1_411' title='bbox 3773 2540 4032 2609; x_wconf 74' lang='lat' dir='ltr'><strong>spiritua-</strong></span> 
     </span>
    </p>
   </div>
   <div class='ocr_carea' id='block_1_55' title="bbox 2449 2633 4027 2705">
    <p class='ocr_par' dir='ltr' id='par_1_55' title="bbox 2449 2633 4027 2705">
     <span class='ocr_line' id='line_1_55' title="bbox 2449 2633 4027 2705; baseline -0.003 -16"><span class='ocrx_word' id='word_1_412' title='bbox 2449 2636 2555 2689; x_wconf 89' lang='lat' dir='ltr'><strong>lem</strong></span> <span class='ocrx_word' id='word_1_413' title='bbox 2592 2638 2646 2689; x_wconf 92' lang='lat' dir='ltr'><strong>in</strong></span> <span class='ocrx_word' id='word_1_414' title='bbox 2690 2652 2858 2689; x_wconf 91' lang='lat' dir='ltr'><strong>unum</strong></span> <span class='ocrx_word' id='word_1_415' title='bbox 2894 2647 3268 2705; x_wconf 77' lang='lat' dir='ltr'><strong>congregaret,</strong></span> <span class='ocrx_word' id='word_1_416' title='bbox 3315 2645 3369 2690; x_wconf 92' lang='lat' dir='ltr'><strong>ct</strong></span> <span class='ocrx_word' id='word_1_417' title='bbox 3401 2651 3430 2688; x_wconf 89' lang='lat' dir='ltr'><strong>a</strong></span> <span class='ocrx_word' id='word_1_418' title='bbox 3466 2636 3700 2689; x_wconf 82' lang='lat' dir='ltr'><strong>vinculis</strong></span> <span class='ocrx_word' id='word_1_419' title='bbox 3735 2634 3933 2685; x_wconf 79' lang='lat' dir='ltr'><strong>inferni</strong></span> <span class='ocrx_word' id='word_1_420' title='bbox 3965 2633 4027 2685; x_wconf 84' lang='lat' dir='ltr'><strong>li-</strong></span> 
     </span>
    </p>
   </div>
   <div class='ocr_carea' id='block_1_56' title="bbox 2452 2728 4027 2799">
    <p class='ocr_par' dir='ltr' id='par_1_56' title="bbox 2452 2728 4027 2799">
     <span class='ocr_line' id='line_1_56' title="bbox 2452 2728 4027 2799; baseline -0.003 -16"><span class='ocrx_word' id='word_1_421' title='bbox 2452 2730 2701 2783; x_wconf 80' lang='lat' dir='ltr'><strong>beratum</strong></span> <span class='ocrx_word' id='word_1_422' title='bbox 2748 2739 3244 2799; x_wconf 81' lang='lat' dir='ltr'><strong>recuperatumqne</strong></span> <span class='ocrx_word' id='word_1_423' title='bbox 3295 2729 3347 2781; x_wconf 91' lang='lat' dir='ltr'><strong>in</strong></span> <span class='ocrx_word' id='word_1_424' title='bbox 3402 2729 3604 2783; x_wconf 64' lang='lat' dir='ltr'><strong>cci-lum</strong></span> <span class='ocrx_word' id='word_1_425' title='bbox 3681 2728 4027 2781; x_wconf 80' lang='lat' dir='ltr'><strong>sobveheret.</strong></span> 
     </span>
    </p>
   </div>
   <div class='ocr_carea' id='block_1_57' title="bbox 2450 2821 4027 2891">
    <p class='ocr_par' dir='ltr' id='par_1_57' title="bbox 2450 2821 4027 2891">
     <span class='ocr_line' id='line_1_57' title="bbox 2450 2821 4027 2891; baseline -0.006 -14"><span class='ocrx_word' id='word_1_426' title='bbox 2450 2823 2676 2891; x_wconf 76' lang='lat' dir='ltr'><strong>Propter</strong></span> <span class='ocrx_word' id='word_1_427' title='bbox 2706 2822 2843 2876; x_wconf 88' lang='lat' dir='ltr'><strong>hanc</strong></span> <span class='ocrx_word' id='word_1_428' title='bbox 2877 2831 2931 2877; x_wconf 90' lang='lat' dir='ltr'><strong>et</strong></span> <span class='ocrx_word' id='word_1_429' title='bbox 2970 2825 3199 2891; x_wconf 82' lang='lat' dir='ltr'><strong>apostoli</strong></span> <span class='ocrx_word' id='word_1_430' title='bbox 3230 2824 3585 2891; x_wconf 74' lang='lat' dir='ltr'><strong>int-quietum</strong></span> <span class='ocrx_word' id='word_1_431' title='bbox 3619 2821 3771 2873; x_wconf 83' lang='lat' dir='ltr'><strong>illum</strong></span> <span class='ocrx_word' id='word_1_432' title='bbox 3806 2834 4027 2871; x_wconf 73' lang='lat' dir='ltr'><strong>cursum</strong></span> 
     </span>
    </p>
   </div>
   <div class='ocr_carea' id='block_1_58' title="bbox 2449 2913 4028 2979">
    <p class='ocr_par' dir='ltr' id='par_1_58' title="bbox 2449 2913 4028 2979">
     <span class='ocr_line' id='line_1_58' title="bbox 2449 2913 4028 2979; baseline -0.004 -14"><span class='ocrx_word' id='word_1_433' title='bbox 2449 2923 2833 2979; x_wconf 87' lang='lat' dir='ltr'><strong>cucurrerunt,</strong></span> <span class='ocrx_word' id='word_1_434' title='bbox 2866 2921 2919 2968; x_wconf 85' lang='lat' dir='ltr'><strong>et</strong></span> <span class='ocrx_word' id='word_1_435' title='bbox 2947 2928 3070 2966; x_wconf 88' lang='lat' dir='ltr'><strong>eum</strong></span> <span class='ocrx_word' id='word_1_436' title='bbox 3104 2922 3279 2968; x_wconf 91' lang='lat' dir='ltr'><strong>totum</strong></span> <span class='ocrx_word' id='word_1_437' title='bbox 3311 2915 3575 2966; x_wconf 88' lang='lat' dir='ltr'><strong>mmulum</strong></span> <span class='ocrx_word' id='word_1_438' title='bbox 3612 2913 3708 2964; x_wconf 85' lang='lat' dir='ltr'><strong>reti</strong></span> <span class='ocrx_word' id='word_1_439' title='bbox 3737 2925 3799 2963; x_wconf 92' lang='lat' dir='ltr'><strong>ac</strong></span> <span class='ocrx_word' id='word_1_440' title='bbox 3830 2925 4028 2978; x_wconf 78' lang='lat' dir='ltr'><strong>sagena</strong></span> 
     </span>
    </p>
   </div>
   <div class='ocr_carea' id='block_1_59' title="bbox 2453 3003 4027 3073">
    <p class='ocr_par' dir='ltr' id='par_1_59' title="bbox 2453 3003 4027 3073">
     <span class='ocr_line' id='line_1_59' title="bbox 2453 3003 4027 3073; baseline -0.003 -18"><span class='ocrx_word' id='word_1_441' title='bbox 2453 3007 2601 3059; x_wconf 80' lang='lat' dir='ltr'><strong>verbi</strong></span> <span class='ocrx_word' id='word_1_442' title='bbox 2660 3008 3085 3067; x_wconf 83' lang='lat' dir='ltr'><strong>cnnclusissent,</strong></span> <span class='ocrx_word' id='word_1_443' title='bbox 3137 3020 3167 3059; x_wconf 91' lang='lat' dir='ltr'><strong>e</strong></span> <span class='ocrx_word' id='word_1_444' title='bbox 3227 3005 3501 3073; x_wconf 81' lang='lat' dir='ltr'><strong>profundo</strong></span> <span class='ocrx_word' id='word_1_445' title='bbox 3562 3003 3910 3057; x_wconf 71' lang='lat' dir='ltr'><strong>idolomanize</strong></span> <span class='ocrx_word' id='word_1_446' title='bbox 3964 3004 4027 3052; x_wconf 82' lang='lat' dir='ltr'><strong>ad</strong></span> 
     </span>
    </p>
   </div>
   <div class='ocr_carea' id='block_1_60' title="bbox 2452 3094 4031 3168">
    <p class='ocr_par' dir='ltr' id='par_1_60' title="bbox 2452 3094 4031 3168">
     <span class='ocr_line' id='line_1_60' title="bbox 2452 3094 4031 3168; baseline -0.002 -19"><span class='ocrx_word' id='word_1_447' title='bbox 2452 3098 2599 3152; x_wconf 69' lang='lat' dir='ltr'><strong>I‘ttns</strong></span> <span class='ocrx_word' id='word_1_448' title='bbox 2630 3100 2779 3168; x_wconf 79' lang='lat' dir='ltr'><strong>regni</strong></span> <span class='ocrx_word' id='word_1_449' title='bbox 2816 3100 3079 3152; x_wconf 70' lang='lat' dir='ltr'><strong>caelorum</strong></span> <span class='ocrx_word' id='word_1_450' title='bbox 3109 3100 3442 3151; x_wconf 75' lang='lat' dir='ltr'><strong>incolumem</strong></span> <span class='ocrx_word' id='word_1_451' title='bbox 3464 3104 3839 3150; x_wconf 69' lang='lat' dir='ltr'><strong>extraxerunt.</strong></span> <span class='ocrx_word' id='word_1_452' title='bbox 3893 3094 4031 3147; x_wconf 82' lang='lat' dir='ltr'><strong>Pro-</strong></span> 
     </span>
    </p>
   </div>
   <div class='ocr_carea' id='block_1_61' title="bbox 3601 1891 4027 1956">
    <p class='ocr_par' dir='ltr' id='par_1_61' title="bbox 3601 1891 4027 1956">
     <span class='ocr_line' id='line_1_61' title="bbox 3601 1891 4027 1956; baseline -0.012 -12"><span class='ocrx_word' id='word_1_453' title='bbox 3601 1893 3776 1944; x_wconf 85' lang='lat' dir='ltr'><strong>omnia</strong></span> <span class='ocrx_word' id='word_1_454' title='bbox 3817 1891 4027 1956; x_wconf 66' lang='lat' dir='ltr'><strong>stt/fert,</strong></span> 
     </span>
    </p>
   </div>
   <div class='ocr_carea' id='block_1_62' title="bbox 763 3184 4027 3267">
    <p class='ocr_par' dir='ltr' id='par_1_62' title="bbox 763 3184 4027 3267">
     <span class='ocr_line' id='line_1_62' title="bbox 763 3184 4027 3267; baseline 0 -29"><span class='ocrx_word' id='word_1_455' title='bbox 763 3186 862 3239; x_wconf 82' lang='lat' dir='ltr'><strong>abs</strong></span> <span class='ocrx_word' id='word_1_456' title='bbox 894 3193 946 3237; x_wconf 89' lang='lat' dir='ltr'><strong>te</strong></span> <span class='ocrx_word' id='word_1_457' title='bbox 998 3201 1104 3238; x_wconf 94' lang='lat' dir='ltr'><strong>non</strong></span> <span class='ocrx_word' id='word_1_458' title='bbox 1156 3195 1238 3239; x_wconf 91' lang='lat' dir='ltr'><strong>est</strong></span> <span class='ocrx_word' id='word_1_459' title='bbox 1291 3184 1525 3237; x_wconf 73' lang='lat' dir='ltr'><strong>dilectus</strong></span> <span class='ocrx_word' id='word_1_460' title='bbox 1579 3192 1634 3237; x_wconf 93' lang='lat' dir='ltr'><strong>ut</strong></span> <span class='ocrx_word' id='word_1_461' title='bbox 1683 3185 1889 3247; x_wconf 59' lang='lat' dir='ltr'><strong>debuit,</strong></span> <span class='ocrx_word' id='word_1_462' title='bbox 1924 3188 2094 3240; x_wconf 91' lang='lat' dir='ltr'><strong>currit</strong></span> <span class='ocrx_word' id='word_1_463' title='bbox 2125 3190 2337 3257; x_wconf 76' lang='lat' dir='ltr'><strong>quidem</strong></span> <span class='ocrx_word' id='word_1_464' title='bbox 2372 3212 2414 3267; x_wconf 66' lang='grc' dir='ltr'><strong>ς</strong></span> <span class='ocrx_word' id='word_1_465' title='bbox 2452 3201 2569 3259; x_wconf 77' lang='lat' dir='ltr'><strong>pter</strong></span> <span class='ocrx_word' id='word_1_466' title='bbox 2618 3191 2757 3244; x_wconf 87' lang='lat' dir='ltr'><strong>hanc</strong></span> <span class='ocrx_word' id='word_1_467' title='bbox 2788 3192 2994 3245; x_wconf 82' lang='lat' dir='ltr'><strong>Christi</strong></span> <span class='ocrx_word' id='word_1_468' title='bbox 3033 3202 3323 3260; x_wconf 75' lang='lat' dir='ltr'><strong>martyres,</strong></span> <span class='ocrx_word' id='word_1_469' title='bbox 3376 3204 3443 3243; x_wconf 82' lang='lat' dir='ltr'><strong>ne</strong></span> <span class='ocrx_word' id='word_1_470' title='bbox 3476 3189 3756 3243; x_wconf 88' lang='lat' dir='ltr'><strong>Christum</strong></span> <span class='ocrx_word' id='word_1_471' title='bbox 3809 3188 4027 3241; x_wconf 80' lang='lat' dir='ltr'><strong>amitte-</strong></span> 
     </span>
    </p>
   </div>
   <div class='ocr_carea' id='block_1_63' title="bbox 764 3278 2343 3354">
    <p class='ocr_par' dir='ltr' id='par_1_63' title="bbox 764 3278 2343 3354">
     <span class='ocr_line' id='line_1_63' title="bbox 764 3278 2343 3354; baseline 0.004 -23"><span class='ocrx_word' id='word_1_472' title='bbox 764 3281 1019 3340; x_wconf 70' lang='lat' dir='ltr'><strong>l&#39;ortasse,</strong></span> <span class='ocrx_word' id='word_1_473' title='bbox 1054 3279 1148 3331; x_wconf 90' lang='lat' dir='ltr'><strong>sed</strong></span> <span class='ocrx_word' id='word_1_474' title='bbox 1186 3292 1290 3329; x_wconf 89' lang='lat' dir='ltr'><strong>non</strong></span> <span class='ocrx_word' id='word_1_475' title='bbox 1322 3278 1759 3346; x_wconf 86' lang='lat' dir='ltr'><strong>comprehendit.</strong></span> <span class='ocrx_word' id='word_1_476' title='bbox 1810 3280 1999 3335; x_wconf 88' lang='lat' dir='ltr'><strong>Omnis</strong></span> <span class='ocrx_word' id='word_1_477' title='bbox 2031 3291 2211 3335; x_wconf 80' lang='lat' dir='ltr'><strong>autem</strong></span> <span class='ocrx_word' id='word_1_478' title='bbox 2250 3287 2343 3354; x_wconf 90' lang='lat' dir='ltr'><strong>qui</strong></span> 
     </span>
    </p>
   </div>
   <div class='ocr_carea' id='block_1_64' title="bbox 762 3366 2345 3440">
    <p class='ocr_par' dir='ltr' id='par_1_64' title="bbox 762 3366 2345 3440">
     <span class='ocr_line' id='line_1_64' title="bbox 762 3366 2345 3440; baseline 0.004 -20"><span class='ocrx_word' id='word_1_479' title='bbox 762 3369 955 3426; x_wconf 79' lang='lat' dir='ltr'><strong>currit.</strong></span> <span class='ocrx_word' id='word_1_480' title='bbox 989 3381 1114 3422; x_wconf 84' lang='lat' dir='ltr'><strong>ante</strong></span> <span class='ocrx_word' id='word_1_481' title='bbox 1147 3366 1453 3421; x_wconf 73' lang='lat' dir='ltr'><strong>Confccuim</strong></span> <span class='ocrx_word' id='word_1_482' title='bbox 1484 3371 1817 3423; x_wconf 88' lang='lat' dir='ltr'><strong>curriculum</strong></span> <span class='ocrx_word' id='word_1_483' title='bbox 1860 3372 1927 3425; x_wconf 80' lang='lat' dir='ltr'><strong>de</strong></span> <span class='ocrx_word' id='word_1_484' title='bbox 1954 3373 2131 3440; x_wconf 86' lang='lat' dir='ltr'><strong>palma</strong></span> <span class='ocrx_word' id='word_1_485' title='bbox 2161 3374 2345 3427; x_wconf 70' lang='lat' dir='ltr'><strong>incer-</strong></span> 
     </span>
    </p>
   </div>
   <div class='ocr_carea' id='block_1_65' title="bbox 763 3458 2340 3526">
    <p class='ocr_par' dir='ltr' id='par_1_65' title="bbox 763 3458 2340 3526">
     <span class='ocr_line' id='line_1_65' title="bbox 763 3458 2340 3526; baseline 0 -14"><span class='ocrx_word' id='word_1_486' title='bbox 763 3467 850 3512; x_wconf 84' lang='lat' dir='ltr'><strong>tus</strong></span> <span class='ocrx_word' id='word_1_487' title='bbox 880 3466 962 3511; x_wconf 85' lang='lat' dir='ltr'><strong>est</strong></span> <span class='ocrx_word' id='word_1_488' title='bbox 982 3458 1047 3509; x_wconf 80' lang='grc'><strong>’³.</strong></span> <span class='ocrx_word' id='word_1_489' title='bbox 1081 3460 1177 3511; x_wconf 78' lang='lat' dir='ltr'><strong>Ast</strong></span> <span class='ocrx_word' id='word_1_490' title='bbox 1204 3458 1295 3525; x_wconf 90' lang='lat' dir='ltr'><strong>qni</strong></span> <span class='ocrx_word' id='word_1_491' title='bbox 1322 3472 1374 3511; x_wconf 86' lang='lat' dir='ltr'><strong>te</strong></span> <span class='ocrx_word' id='word_1_492' title='bbox 1407 3460 1837 3526; x_wconf 75' lang='lat' dir='ltr'><strong>comprehendit,</strong></span> <span class='ocrx_word' id='word_1_493' title='bbox 1864 3469 1955 3511; x_wconf 86' lang='lat' dir='ltr'><strong>aut</strong></span> <span class='ocrx_word' id='word_1_494' title='bbox 1985 3460 2085 3514; x_wconf 87' lang='lat' dir='ltr'><strong>abs</strong></span> <span class='ocrx_word' id='word_1_495' title='bbox 2115 3472 2166 3514; x_wconf 91' lang='lat' dir='ltr'><strong>te</strong></span> <span class='ocrx_word' id='word_1_496' title='bbox 2191 3476 2340 3513; x_wconf 88' lang='lat' dir='ltr'><strong>com-</strong></span> 
     </span>
    </p>
   </div>
   <div class='ocr_carea' id='block_1_66' title="bbox 764 3551 2341 3621">
    <p class='ocr_par' dir='ltr' id='par_1_66' title="bbox 764 3551 2341 3621">
     <span class='ocr_line' id='line_1_66' title="bbox 764 3551 2341 3621; baseline 0.003 -18"><span class='ocrx_word' id='word_1_497' title='bbox 764 3551 1070 3618; x_wconf 80' lang='lat' dir='ltr'><strong>prehensus</strong></span> <span class='ocrx_word' id='word_1_498' title='bbox 1121 3557 1226 3611; x_wconf 85' lang='lat' dir='ltr'><strong>est,</strong></span> <span class='ocrx_word' id='word_1_499' title='bbox 1258 3552 1484 3602; x_wconf 90' lang='lat' dir='ltr'><strong>omnino</strong></span> <span class='ocrx_word' id='word_1_500' title='bbox 1522 3558 1709 3603; x_wconf 71' lang='lat' dir='ltr'><strong>certus</strong></span> <span class='ocrx_word' id='word_1_501' title='bbox 1759 3558 1863 3613; x_wconf 87' lang='lat' dir='ltr'><strong>est,</strong></span> <span class='ocrx_word' id='word_1_502' title='bbox 1899 3554 2341 3621; x_wconf 76' lang='lat' dir='ltr'><strong>quandoquidem</strong></span> 
     </span>
    </p>
   </div>
   <div class='ocr_carea' id='block_1_67' title="bbox 764 3642 2341 3717">
    <p class='ocr_par' dir='ltr' id='par_1_67' title="bbox 764 3642 2341 3717">
     <span class='ocr_line' id='line_1_67' title="bbox 764 3642 2341 3717; baseline 0.001 -20"><span class='ocrx_word' id='word_1_503' title='bbox 764 3645 890 3697; x_wconf 88' lang='lat' dir='ltr'><strong>linis</strong></span> <span class='ocrx_word' id='word_1_504' title='bbox 951 3644 1084 3712; x_wconf 79' lang='lat' dir='ltr'><strong>legis</strong></span> <span class='ocrx_word' id='word_1_505' title='bbox 1117 3651 1170 3694; x_wconf 88' lang='grc' dir='ltr'><strong>ιιι</strong></span> <span class='ocrx_word' id='word_1_506' title='bbox 1202 3658 1280 3695; x_wconf 79' lang='lat' dir='ltr'><strong>es.</strong></span> <span class='ocrx_word' id='word_1_507' title='bbox 1317 3643 1397 3696; x_wconf 89' lang='lat' dir='ltr'><strong>Tu</strong></span> <span class='ocrx_word' id='word_1_508' title='bbox 1429 3642 1574 3696; x_wconf 88' lang='lat' dir='ltr'><strong>enim</strong></span> <span class='ocrx_word' id='word_1_509' title='bbox 1630 3643 2021 3711; x_wconf 82' lang='lat' dir='ltr'><strong>prophetarum</strong></span> <span class='ocrx_word' id='word_1_510' title='bbox 2058 3650 2341 3717; x_wconf 76' lang='lat' dir='ltr'><strong>magistra,</strong></span> 
     </span>
    </p>
   </div>
   <div class='ocr_carea' id='block_1_68' title="bbox 764 3734 2343 3803">
    <p class='ocr_par' dir='ltr' id='par_1_68' title="bbox 764 3734 2343 3803">
     <span class='ocr_line' id='line_1_68' title="bbox 764 3734 2343 3803; baseline 0.005 -18"><span class='ocrx_word' id='word_1_511' title='bbox 764 3734 1050 3803; x_wconf 77' lang='lat' dir='ltr'><strong>apostolici</strong></span> <span class='ocrx_word' id='word_1_512' title='bbox 1085 3749 1282 3788; x_wconf 89' lang='lat' dir='ltr'><strong>cursus</strong></span> <span class='ocrx_word' id='word_1_513' title='bbox 1317 3736 1489 3798; x_wconf 84' lang='lat' dir='ltr'><strong>socia,</strong></span> <span class='ocrx_word' id='word_1_514' title='bbox 1548 3744 1851 3803; x_wconf 78' lang='lat' dir='ltr'><strong>martyrum</strong></span> <span class='ocrx_word' id='word_1_515' title='bbox 1890 3738 2081 3803; x_wconf 85' lang='lat' dir='ltr'><strong>virtus,</strong></span> <span class='ocrx_word' id='word_1_516' title='bbox 2121 3740 2343 3794; x_wconf 78' lang='lat' dir='ltr'><strong>l’attum</strong></span> 
     </span>
    </p>
   </div>
   <div class='ocr_carea' id='block_1_69' title="bbox 763 3822 1473 3889">
    <p class='ocr_par' dir='ltr' id='par_1_69' title="bbox 763 3822 1473 3889">
     <span class='ocr_line' id='line_1_69' title="bbox 763 3822 1473 3889; baseline 0.003 -13"><span class='ocrx_word' id='word_1_517' title='bbox 763 3831 816 3877; x_wconf 86' lang='lat' dir='ltr'><strong>et</strong></span> <span class='ocrx_word' id='word_1_518' title='bbox 846 3822 1130 3876; x_wconf 85' lang='lat' dir='ltr'><strong>d’octorum</strong></span> <span class='ocrx_word' id='word_1_519' title='bbox 1164 3823 1473 3889; x_wconf 83' lang='lat' dir='ltr'><strong>inSpiratio.</strong></span> 
     </span>
    </p>
   </div>
   <div class='ocr_carea' id='block_1_70' title="bbox 835 3916 2344 3996">
    <p class='ocr_par' dir='ltr' id='par_1_70' title="bbox 835 3916 2344 3996">
     <span class='ocr_line' id='line_1_70' title="bbox 835 3916 2344 3996; baseline 0.009 -28"><span class='ocrx_word' id='word_1_520' title='bbox 835 3916 1135 3970; x_wconf 82' lang='lat' dir='ltr'><strong>Curramns</strong></span> <span class='ocrx_word' id='word_1_521' title='bbox 1168 3918 1328 3986; x_wconf 72' lang='lat' dir='ltr'><strong>igitur</strong></span> <span class='ocrx_word' id='word_1_522' title='bbox 1354 3931 1403 3971; x_wconf 86' lang='lat' dir='ltr'><strong>et</strong></span> <span class='ocrx_word' id='word_1_523' title='bbox 1436 3936 1560 3982; x_wconf 88' lang='lat' dir='ltr'><strong>nos,</strong></span> <span class='ocrx_word' id='word_1_524' title='bbox 1601 3920 1818 3985; x_wconf 80' lang='lat' dir='ltr'><strong>fratres.</strong></span> <span class='ocrx_word' id='word_1_525' title='bbox 1854 3935 2116 3993; x_wconf 88' lang='lat' dir='ltr'><strong>quantum</strong></span> <span class='ocrx_word' id='word_1_526' title='bbox 2148 3942 2344 3996; x_wconf 84' lang='lat' dir='ltr'><strong>possu-</strong></span> 
     </span>
    </p>
   </div>
   <div class='ocr_carea' id='block_1_71' title="bbox 766 4011 2343 4075">
    <p class='ocr_par' dir='ltr' id='par_1_71' title="bbox 766 4011 2343 4075">
     <span class='ocr_line' id='line_1_71' title="bbox 766 4011 2343 4075; baseline 0.008 -16"><span class='ocrx_word' id='word_1_527' title='bbox 766 4022 891 4060; x_wconf 86' lang='lat' dir='ltr'><strong>mus</strong></span> <span class='ocrx_word' id='word_1_528' title='bbox 942 4023 1173 4075; x_wconf 81' lang='lat' dir='ltr'><strong>eamque</strong></span> <span class='ocrx_word' id='word_1_529' title='bbox 1221 4024 1345 4062; x_wconf 88' lang='lat' dir='ltr'><strong>cum</strong></span> <span class='ocrx_word' id='word_1_530' title='bbox 1399 4011 1502 4064; x_wconf 82' lang='lat' dir='ltr'><strong>tide</strong></span> <span class='ocrx_word' id='word_1_531' title='bbox 1556 4023 1610 4065; x_wconf 86' lang='lat' dir='ltr'><strong>et</strong></span> <span class='ocrx_word' id='word_1_532' title='bbox 1662 4016 2044 4072; x_wconf 80' lang='lat' dir='ltr'><strong>observatione</strong></span> <span class='ocrx_word' id='word_1_533' title='bbox 2101 4019 2343 4072; x_wconf 89' lang='lat' dir='ltr'><strong>omnium</strong></span> 
     </span>
    </p>
   </div>
   <div class='ocr_carea' id='block_1_72' title="bbox 764 4098 2347 4180">
    <p class='ocr_par' dir='ltr' id='par_1_72' title="bbox 764 4098 2347 4180">
     <span class='ocr_line' id='line_1_72' title="bbox 764 4098 2347 4180; baseline 0.009 -29"><span class='ocrx_word' id='word_1_534' title='bbox 764 4098 968 4152; x_wconf 82' lang='lat' dir='ltr'><strong>Christi</strong></span> <span class='ocrx_word' id='word_1_535' title='bbox 997 4101 1375 4154; x_wconf 83' lang='lat' dir='ltr'><strong>mandatorum</strong></span> <span class='ocrx_word' id='word_1_536' title='bbox 1398 4118 1792 4159; x_wconf 72' lang='lat' dir='ltr'><strong>consectentur.</strong></span> <span class='ocrx_word' id='word_1_537' title='bbox 1820 4108 1920 4173; x_wconf 90' lang='lat' dir='ltr'><strong>Qui</strong></span> <span class='ocrx_word' id='word_1_538' title='bbox 1948 4125 2181 4180; x_wconf 88' lang='lat' dir='ltr'><strong>namque</strong></span> <span class='ocrx_word' id='word_1_539' title='bbox 2208 4113 2347 4166; x_wconf 84' lang='lat' dir='ltr'><strong>hanc</strong></span> 
     </span>
    </p>
   </div>
   <div class='ocr_carea' id='block_1_73' title="bbox 766 4191 2344 4272">
    <p class='ocr_par' dir='ltr' id='par_1_73' title="bbox 766 4191 2344 4272">
     <span class='ocr_line' id='line_1_73' title="bbox 766 4191 2344 4272; baseline 0.008 -29"><span class='ocrx_word' id='word_1_540' title='bbox 766 4191 1232 4259; x_wconf 73' lang='lat' dir='ltr'><strong>comprehendere</strong></span> <span class='ocrx_word' id='word_1_541' title='bbox 1288 4204 1627 4260; x_wconf 81' lang='lat' dir='ltr'><strong>meruerunt,</strong></span> <span class='ocrx_word' id='word_1_542' title='bbox 1690 4214 1787 4266; x_wconf 89' lang='lat' dir='ltr'><strong>spe</strong></span> <span class='ocrx_word' id='word_1_543' title='bbox 1847 4216 1944 4255; x_wconf 86' lang='lat' dir='ltr'><strong>sua</strong></span> <span class='ocrx_word' id='word_1_544' title='bbox 2002 4218 2344 4272; x_wconf 87' lang='lat' dir='ltr'><strong>nequaquam</strong></span> 
     </span>
    </p>
   </div>
   <div class='ocr_carea' id='block_1_74' title="bbox 767 4282 2347 4363">
    <p class='ocr_par' dir='ltr' id='par_1_74' title="bbox 767 4282 2347 4363">
     <span class='ocr_line' id='line_1_74' title="bbox 767 4282 2347 4363; baseline 0.009 -29"><span class='ocrx_word' id='word_1_545' title='bbox 767 4282 1062 4351; x_wconf 89' lang='lat' dir='ltr'><strong>aliquando</strong></span> <span class='ocrx_word' id='word_1_546' title='bbox 1116 4286 1457 4340; x_wconf 75' lang='lat' dir='ltr'><strong>exciderunt.</strong></span> <span class='ocrx_word' id='word_1_547' title='bbox 1496 4288 1785 4344; x_wconf 85' lang='lat' dir='ltr'><strong>Enitamur</strong></span> <span class='ocrx_word' id='word_1_548' title='bbox 1843 4307 1995 4358; x_wconf 84' lang='lat' dir='ltr'><strong>vero,</strong></span> <span class='ocrx_word' id='word_1_549' title='bbox 2051 4295 2195 4348; x_wconf 85' lang='lat' dir='ltr'><strong>sicut</strong></span> <span class='ocrx_word' id='word_1_550' title='bbox 2248 4310 2347 4363; x_wconf 86' lang='lat' dir='ltr'><strong>per</strong></span> 
     </span>
    </p>
   </div>
   <div class='ocr_carea' id='block_1_75' title="bbox 766 4378 2344 4450">
    <p class='ocr_par' dir='ltr' id='par_1_75' title="bbox 766 4378 2344 4450">
     <span class='ocr_line' id='line_1_75' title="bbox 766 4378 2344 4450; baseline 0.008 -23"><span class='ocrx_word' id='word_1_551' title='bbox 766 4378 972 4439; x_wconf 86' lang='lat' dir='ltr'><strong>omnia,</strong></span> <span class='ocrx_word' id='word_1_552' title='bbox 1025 4378 1095 4430; x_wconf 90' lang='lat' dir='ltr'><strong>ita</strong></span> <span class='ocrx_word' id='word_1_553' title='bbox 1134 4380 1297 4431; x_wconf 85' lang='lat' dir='ltr'><strong>etiam</strong></span> <span class='ocrx_word' id='word_1_554' title='bbox 1352 4398 1448 4450; x_wconf 82' lang='lat' dir='ltr'><strong>per</strong></span> <span class='ocrx_word' id='word_1_555' title='bbox 1501 4391 1740 4435; x_wconf 87' lang='lat' dir='ltr'><strong>mutuam</strong></span> <span class='ocrx_word' id='word_1_556' title='bbox 1795 4384 2114 4440; x_wconf 86' lang='lat' dir='ltr'><strong>charitatem</strong></span> <span class='ocrx_word' id='word_1_557' title='bbox 2181 4387 2344 4441; x_wconf 87' lang='lat' dir='ltr'><strong>Deum</strong></span> 
     </span>
    </p>
   </div>
   <div class='ocr_carea' id='block_1_76' title="bbox 768 4468 2347 4547">
    <p class='ocr_par' dir='ltr' id='par_1_76' title="bbox 768 4468 2347 4547">
     <span class='ocr_line' id='line_1_76' title="bbox 768 4468 2347 4547; baseline 0.009 -28"><span class='ocrx_word' id='word_1_558' title='bbox 768 4469 970 4522; x_wconf 62' lang='lat' dir='ltr'><strong>colere.</strong></span> <span class='ocrx_word' id='word_1_559' title='bbox 1005 4468 1177 4523; x_wconf 88' lang='lat' dir='ltr'><strong>Omne</strong></span> <span class='ocrx_word' id='word_1_560' title='bbox 1207 4473 1475 4537; x_wconf 84' lang='lat' dir='ltr'><strong>siquidem</strong></span> <span class='ocrx_word' id='word_1_561' title='bbox 1524 4475 1786 4538; x_wconf 89' lang='lat' dir='ltr'><strong>studimn,</strong></span> <span class='ocrx_word' id='word_1_562' title='bbox 1824 4480 2111 4547; x_wconf 57' lang='lat' dir='ltr'><strong>eninisque</strong></span> <span class='ocrx_word' id='word_1_563' title='bbox 2138 4482 2347 4534; x_wconf 82' lang='lat' dir='ltr'><strong>exerci-</strong></span> 
     </span>
    </p>
   </div>
   <div class='ocr_carea' id='block_1_77' title="bbox 2452 3280 4030 3352">
    <p class='ocr_par' dir='ltr' id='par_1_77' title="bbox 2452 3280 4030 3352">
     <span class='ocr_line' id='line_1_77' title="bbox 2452 3280 4030 3352; baseline -0.006 -16"><span class='ocrx_word' id='word_1_564' title='bbox 2452 3293 2592 3345; x_wconf 79' lang='lat' dir='ltr'><strong>rrnt,</strong></span> <span class='ocrx_word' id='word_1_565' title='bbox 2630 3284 2949 3352; x_wconf 78' lang='lat' dir='ltr'><strong>sanguinem</strong></span> <span class='ocrx_word' id='word_1_566' title='bbox 2986 3300 3146 3337; x_wconf 87' lang='lat' dir='ltr'><strong>suum</strong></span> <span class='ocrx_word' id='word_1_567' title='bbox 3190 3282 3571 3351; x_wconf 82' lang='lat' dir='ltr'><strong>profuderunt.</strong></span> <span class='ocrx_word' id='word_1_568' title='bbox 3611 3281 3839 3348; x_wconf 63' lang='lat' dir='ltr'><strong>Propter</strong></span> <span class='ocrx_word' id='word_1_569' title='bbox 3892 3280 4030 3329; x_wconf 79' lang='lat' dir='ltr'><strong>hanc</strong></span> 
     </span>
    </p>
   </div>
   <div class='ocr_carea' id='block_1_78' title="bbox 2446 3374 4035 3441">
    <p class='ocr_par' dir='ltr' id='par_1_78' title="bbox 2446 3374 4035 3441">
     <span class='ocr_line' id='line_1_78' title="bbox 2446 3374 4035 3441; baseline -0.003 -11"><span class='ocrx_word' id='word_1_570' title='bbox 2446 3376 2617 3430; x_wconf 82' lang='lat' dir='ltr'><strong>divini</strong></span> <span class='ocrx_word' id='word_1_571' title='bbox 2648 3376 2835 3431; x_wconf 82' lang='lat' dir='ltr'><strong>Patres</strong></span> <span class='ocrx_word' id='word_1_572' title='bbox 2864 3375 3060 3439; x_wconf 88' lang='lat' dir='ltr'><strong>nostri,</strong></span> <span class='ocrx_word' id='word_1_573' title='bbox 3089 3386 3143 3429; x_wconf 87' lang='lat' dir='ltr'><strong>et</strong></span> <span class='ocrx_word' id='word_1_574' title='bbox 3169 3376 3322 3430; x_wconf 90' lang='lat' dir='ltr'><strong>orbis</strong></span> <span class='ocrx_word' id='word_1_575' title='bbox 3346 3385 3613 3429; x_wconf 82' lang='lat' dir='ltr'><strong>terrarum</strong></span> <span class='ocrx_word' id='word_1_576' title='bbox 3641 3375 3889 3441; x_wconf 78' lang='lat' dir='ltr'><strong>magistri</strong></span> <span class='ocrx_word' id='word_1_577' title='bbox 3917 3374 4035 3425; x_wconf 71' lang='lat' dir='ltr'><strong>aul-</strong></span> 
     </span>
    </p>
   </div>
   <div class='ocr_carea' id='block_1_79' title="bbox 2450 3464 4029 3536">
    <p class='ocr_par' dir='ltr' id='par_1_79' title="bbox 2450 3464 4029 3536">
     <span class='ocr_line' id='line_1_79' title="bbox 2450 3464 4029 3536; baseline -0.006 -16"><span class='ocrx_word' id='word_1_578' title='bbox 2450 3482 2567 3521; x_wconf 90' lang='lat' dir='ltr'><strong>mas</strong></span> <span class='ocrx_word' id='word_1_579' title='bbox 2596 3482 2725 3523; x_wconf 87' lang='lat' dir='ltr'><strong>suas</strong></span> <span class='ocrx_word' id='word_1_580' title='bbox 2770 3483 2866 3536; x_wconf 89' lang='lat' dir='ltr'><strong>pro</strong></span> <span class='ocrx_word' id='word_1_581' title='bbox 2900 3469 3166 3521; x_wconf 84' lang='lat' dir='ltr'><strong>catholica</strong></span> <span class='ocrx_word' id='word_1_582' title='bbox 3192 3478 3248 3521; x_wconf 88' lang='lat' dir='ltr'><strong>et</strong></span> <span class='ocrx_word' id='word_1_583' title='bbox 3288 3469 3587 3535; x_wconf 89' lang='lat' dir='ltr'><strong>apostolica</strong></span> <span class='ocrx_word' id='word_1_584' title='bbox 3640 3464 3889 3517; x_wconf 71' lang='lat' dir='ltr'><strong>Ecclesia</strong></span> <span class='ocrx_word' id='word_1_585' title='bbox 3926 3479 4029 3515; x_wconf 84' lang='lat' dir='ltr'><strong>non</strong></span> 
     </span>
    </p>
   </div>
   <div class='ocr_carea' id='block_1_80' title="bbox 2450 3557 4033 3627">
    <p class='ocr_par' dir='ltr' id='par_1_80' title="bbox 2450 3557 4033 3627">
     <span class='ocr_line' id='line_1_80' title="bbox 2450 3557 4033 3627; baseline -0.004 -16"><span class='ocrx_word' id='word_1_586' title='bbox 2450 3560 2601 3612; x_wconf 71' lang='lat' dir='ltr'><strong>inviti</strong></span> <span class='ocrx_word' id='word_1_587' title='bbox 2634 3559 2968 3625; x_wconf 83' lang='lat' dir='ltr'><strong>abjecerunt.</strong></span> <span class='ocrx_word' id='word_1_588' title='bbox 3011 3557 3241 3627; x_wconf 81' lang='lat' dir='ltr'><strong>Propter</strong></span> <span class='ocrx_word' id='word_1_589' title='bbox 3268 3558 3589 3610; x_wconf 84' lang='lat' dir='ltr'><strong>cbaritateni</strong></span> <span class='ocrx_word' id='word_1_590' title='bbox 3626 3557 3799 3607; x_wconf 72' lang='lat' dir='ltr'><strong>sancti</strong></span> <span class='ocrx_word' id='word_1_591' title='bbox 3841 3568 4033 3607; x_wconf 84' lang='lat' dir='ltr'><strong>Omnes</strong></span> 
     </span>
    </p>
   </div>
   <div class='ocr_carea' id='block_1_81' title="bbox 2449 3648 4030 3722">
    <p class='ocr_par' dir='ltr' id='par_1_81' title="bbox 2449 3648 4030 3722">
     <span class='ocr_line' id='line_1_81' title="bbox 2449 3648 4030 3722; baseline -0.006 -17"><span class='ocrx_word' id='word_1_592' title='bbox 2449 3668 2625 3722; x_wconf 88' lang='lat' dir='ltr'><strong>usque</strong></span> <span class='ocrx_word' id='word_1_593' title='bbox 2660 3652 2726 3705; x_wconf 85' lang='lat' dir='ltr'><strong>ad</strong></span> <span class='ocrx_word' id='word_1_594' title='bbox 2769 3650 3089 3718; x_wconf 85' lang='lat' dir='ltr'><strong>sanguinem</strong></span> <span class='ocrx_word' id='word_1_595' title='bbox 3151 3658 3380 3719; x_wconf 87' lang='lat' dir='ltr'><strong>peccato</strong></span> <span class='ocrx_word' id='word_1_596' title='bbox 3428 3650 3786 3710; x_wconf 89' lang='lat' dir='ltr'><strong>restiterunt,</strong></span> <span class='ocrx_word' id='word_1_597' title='bbox 3826 3648 4030 3699; x_wconf 87' lang='lat' dir='ltr'><strong>nullam</strong></span> 
     </span>
    </p>
   </div>
   <div class='ocr_carea' id='block_1_82' title="bbox 2447 3739 4032 3811">
    <p class='ocr_par' dir='ltr' id='par_1_82' title="bbox 2447 3739 4032 3811">
     <span class='ocr_line' id='line_1_82' title="bbox 2447 3739 4032 3811; baseline -0.005 -12"><span class='ocrx_word' id='word_1_598' title='bbox 2447 3746 2716 3799; x_wconf 79' lang='lat' dir='ltr'><strong>rationem</strong></span> <span class='ocrx_word' id='word_1_599' title='bbox 2740 3747 3026 3811; x_wconf 71' lang='lat' dir='ltr'><strong>prmscntis</strong></span> <span class='ocrx_word' id='word_1_600' title='bbox 3059 3742 3184 3796; x_wconf 75' lang='lat' dir='ltr'><strong>vita:</strong></span> <span class='ocrx_word' id='word_1_601' title='bbox 3218 3743 3509 3803; x_wconf 72' lang='lat' dir='ltr'><strong>ducentes,</strong></span> <span class='ocrx_word' id='word_1_602' title='bbox 3567 3749 3622 3794; x_wconf 88' lang='lat' dir='ltr'><strong>et</strong></span> <span class='ocrx_word' id='word_1_603' title='bbox 3653 3742 3801 3792; x_wconf 75' lang='lat' dir='ltr'><strong>varia</strong></span> <span class='ocrx_word' id='word_1_604' title='bbox 3838 3739 4032 3791; x_wconf 89' lang='lat' dir='ltr'><strong>mortis</strong></span> 
     </span>
    </p>
   </div>
   <div class='ocr_carea' id='block_1_83' title="bbox 2450 3831 4029 3908">
    <p class='ocr_par' dir='ltr' id='par_1_83' title="bbox 2450 3831 4029 3908">
     <span class='ocr_line' id='line_1_83' title="bbox 2450 3831 4029 3908; baseline -0.006 -16"><span class='ocrx_word' id='word_1_605' title='bbox 2450 3851 2650 3908; x_wconf 73' lang='lat' dir='ltr'><strong>genera</strong></span> <span class='ocrx_word' id='word_1_606' title='bbox 2687 3837 3088 3897; x_wconf 87' lang='lat' dir='ltr'><strong>sustinuerunt,</strong></span> <span class='ocrx_word' id='word_1_607' title='bbox 3129 3844 3241 3888; x_wconf 88' lang='lat' dir='ltr'><strong>uta</strong></span> <span class='ocrx_word' id='word_1_608' title='bbox 3273 3833 3474 3885; x_wconf 87' lang='lat' dir='ltr'><strong>mundo</strong></span> <span class='ocrx_word' id='word_1_609' title='bbox 3508 3832 3574 3886; x_wconf 84' lang='lat' dir='ltr'><strong>ad</strong></span> <span class='ocrx_word' id='word_1_610' title='bbox 3608 3835 3849 3901; x_wconf 89' lang='lat' dir='ltr'><strong>seipsos,</strong></span> <span class='ocrx_word' id='word_1_611' title='bbox 3880 3843 3935 3887; x_wconf 85' lang='lat' dir='ltr'><strong>et</strong></span> <span class='ocrx_word' id='word_1_612' title='bbox 3966 3831 4029 3884; x_wconf 87' lang='lat' dir='ltr'><strong>ad</strong></span> 
     </span>
    </p>
   </div>
   <div class='ocr_carea' id='block_1_84' title="bbox 2449 3926 4033 3997">
    <p class='ocr_par' dir='ltr' id='par_1_84' title="bbox 2449 3926 4033 3997">
     <span class='ocr_line' id='line_1_84' title="bbox 2449 3926 4033 3997; baseline -0.006 -11"><span class='ocrx_word' id='word_1_613' title='bbox 2449 3932 2619 3986; x_wconf 78' lang='lat' dir='ltr'><strong>Deum</strong></span> <span class='ocrx_word' id='word_1_614' title='bbox 2645 3932 3058 3997; x_wconf 78' lang='lat' dir='ltr'><strong>colligerentur,</strong></span> <span class='ocrx_word' id='word_1_615' title='bbox 3088 3936 3142 3983; x_wconf 92' lang='lat' dir='ltr'><strong>et</strong></span> <span class='ocrx_word' id='word_1_616' title='bbox 3167 3936 3375 3982; x_wconf 75' lang='lat' dir='ltr'><strong>natura:</strong></span> <span class='ocrx_word' id='word_1_617' title='bbox 3396 3928 3559 3980; x_wconf 87' lang='lat' dir='ltr'><strong>verba</strong></span> <span class='ocrx_word' id='word_1_618' title='bbox 3590 3928 3640 3979; x_wconf 91' lang='lat' dir='ltr'><strong>in</strong></span> <span class='ocrx_word' id='word_1_619' title='bbox 3673 3928 3874 3993; x_wconf 77' lang='lat' dir='ltr'><strong>Seipsis</strong></span> <span class='ocrx_word' id='word_1_620' title='bbox 3906 3926 4033 3979; x_wconf 88' lang='lat' dir='ltr'><strong>uni-</strong></span> 
     </span>
    </p>
   </div>
   <div class='ocr_carea' id='block_1_85' title="bbox 2448 4018 4034 4095">
    <p class='ocr_par' dir='ltr' id='par_1_85' title="bbox 2448 4018 4034 4095">
     <span class='ocr_line' id='line_1_85' title="bbox 2448 4018 4034 4095; baseline -0.008 -14"><span class='ocrx_word' id='word_1_621' title='bbox 2448 4038 2574 4081; x_wconf 85' lang='lat' dir='ltr'><strong>rent</strong></span> <span class='ocrx_word' id='word_1_622' title='bbox 2612 4025 2714 4095; x_wconf 91' lang='lat'><strong>(8).</strong></span> <span class='ocrx_word' id='word_1_623' title='bbox 2771 4023 2895 4077; x_wconf 66' lang='lat' dir='ltr'><strong>llaec</strong></span> <span class='ocrx_word' id='word_1_624' title='bbox 2924 4034 3008 4078; x_wconf 88' lang='lat' dir='ltr'><strong>est</strong></span> <span class='ocrx_word' id='word_1_625' title='bbox 3034 4024 3181 4077; x_wconf 86' lang='lat' dir='ltr'><strong>enim</strong></span> <span class='ocrx_word' id='word_1_626' title='bbox 3213 4037 3363 4081; x_wconf 79' lang='lat' dir='ltr'><strong>vera.</strong></span> <span class='ocrx_word' id='word_1_627' title='bbox 3398 4029 3453 4074; x_wconf 87' lang='lat' dir='ltr'><strong>et</strong></span> <span class='ocrx_word' id='word_1_628' title='bbox 3505 4020 3783 4087; x_wconf 83' lang='lat' dir='ltr'><strong>inculpata</strong></span> <span class='ocrx_word' id='word_1_629' title='bbox 3817 4018 3915 4073; x_wconf 87' lang='lat' dir='ltr'><strong>Dei</strong></span> <span class='ocrx_word' id='word_1_630' title='bbox 3950 4033 4034 4072; x_wconf 87' lang='lat' dir='ltr'><strong>sa-</strong></span> 
     </span>
    </p>
   </div>
   <div class='ocr_carea' id='block_1_86' title="bbox 2452 4110 4030 4189">
    <p class='ocr_par' dir='ltr' id='par_1_86' title="bbox 2452 4110 4030 4189">
     <span class='ocr_line' id='line_1_86' title="bbox 2452 4110 4030 4189; baseline -0.006 -19"><span class='ocrx_word' id='word_1_631' title='bbox 2452 4120 2678 4189; x_wconf 88' lang='lat' dir='ltr'><strong>pientia,</strong></span> <span class='ocrx_word' id='word_1_632' title='bbox 2704 4118 2861 4186; x_wconf 83' lang='lat' dir='ltr'><strong>cujus</strong></span> <span class='ocrx_word' id='word_1_633' title='bbox 2892 4116 3014 4170; x_wconf 83' lang='lat' dir='ltr'><strong>linis</strong></span> <span class='ocrx_word' id='word_1_634' title='bbox 3043 4115 3172 4167; x_wconf 89' lang='lat' dir='ltr'><strong>illud</strong></span> <span class='ocrx_word' id='word_1_635' title='bbox 3200 4114 3402 4167; x_wconf 89' lang='lat' dir='ltr'><strong>bonum</strong></span> <span class='ocrx_word' id='word_1_636' title='bbox 3438 4122 3543 4175; x_wconf 85' lang='lat' dir='ltr'><strong>est,</strong></span> <span class='ocrx_word' id='word_1_637' title='bbox 3568 4121 3624 4165; x_wconf 82' lang='lat' dir='ltr'><strong>et</strong></span> <span class='ocrx_word' id='word_1_638' title='bbox 3654 4111 3867 4165; x_wconf 81' lang='lat' dir='ltr'><strong>veritas</strong></span> <span class='ocrx_word' id='word_1_639' title='bbox 3905 4130 3921 4164; x_wconf 85' lang='lat'>:</span> <span class='ocrx_word' id='word_1_640' title='bbox 3956 4110 4030 4162; x_wconf 84' lang='lat' dir='ltr'><strong>sl-</strong></span> 
     </span>
    </p>
   </div>
   <div class='ocr_carea' id='block_1_87' title="bbox 2450 4201 4036 4281">
    <p class='ocr_par' dir='ltr' id='par_1_87' title="bbox 2450 4201 4036 4281">
     <span class='ocr_line' id='line_1_87' title="bbox 2450 4201 4036 4281; baseline -0.007 -16"><span class='ocrx_word' id='word_1_641' title='bbox 2450 4212 2670 4281; x_wconf 87' lang='lat' dir='ltr'><strong>quidem</strong></span> <span class='ocrx_word' id='word_1_642' title='bbox 2705 4210 2906 4264; x_wconf 89' lang='lat' dir='ltr'><strong>bonum</strong></span> <span class='ocrx_word' id='word_1_643' title='bbox 2932 4208 3266 4269; x_wconf 87' lang='lat' dir='ltr'><strong>humanitas,</strong></span> <span class='ocrx_word' id='word_1_644' title='bbox 3298 4214 3352 4258; x_wconf 83' lang='lat' dir='ltr'><strong>et</strong></span> <span class='ocrx_word' id='word_1_645' title='bbox 3383 4204 3589 4259; x_wconf 85' lang='lat' dir='ltr'><strong>veritas</strong></span> <span class='ocrx_word' id='word_1_646' title='bbox 3621 4219 3773 4257; x_wconf 88' lang='lat' dir='ltr'><strong>amor</strong></span> <span class='ocrx_word' id='word_1_647' title='bbox 3818 4201 3913 4255; x_wconf 88' lang='lat' dir='ltr'><strong>Dei</strong></span> <span class='ocrx_word' id='word_1_648' title='bbox 3952 4217 4036 4255; x_wconf 70' lang='lat' dir='ltr'><strong>sc-</strong></span> 
     </span>
    </p>
   </div>
   <div class='ocr_carea' id='block_1_88' title="bbox 2450 4294 4033 4368">
    <p class='ocr_par' dir='ltr' id='par_1_88' title="bbox 2450 4294 4033 4368">
     <span class='ocr_line' id='line_1_88' title="bbox 2450 4294 4033 4368; baseline -0.007 -10"><span class='ocrx_word' id='word_1_649' title='bbox 2450 4305 2693 4359; x_wconf 88' lang='lat' dir='ltr'><strong>cundum</strong></span> <span class='ocrx_word' id='word_1_650' title='bbox 2732 4302 2927 4361; x_wconf 80' lang='lat' dir='ltr'><strong>fidem;</strong></span> <span class='ocrx_word' id='word_1_651' title='bbox 2962 4307 3283 4368; x_wconf 82' lang='lat' dir='ltr'><strong>argumenta</strong></span> <span class='ocrx_word' id='word_1_652' title='bbox 3336 4296 3648 4359; x_wconf 82' lang='lat' dir='ltr'><strong>eliaritatis,</strong></span> <span class='ocrx_word' id='word_1_653' title='bbox 3701 4294 3812 4348; x_wconf 91' lang='lat' dir='ltr'><strong>Deo</strong></span> <span class='ocrx_word' id='word_1_654' title='bbox 3858 4294 4033 4347; x_wconf 79' lang='lat' dir='ltr'><strong>homi-</strong></span> 
     </span>
    </p>
   </div>
   <div class='ocr_carea' id='block_1_89' title="bbox 2451 4388 4034 4460">
    <p class='ocr_par' dir='ltr' id='par_1_89' title="bbox 2451 4388 4034 4460">
     <span class='ocr_line' id='line_1_89' title="bbox 2451 4388 4034 4460; baseline -0.007 -10"><span class='ocrx_word' id='word_1_655' title='bbox 2451 4412 2574 4460; x_wconf 87' lang='lat' dir='ltr'><strong>nes,</strong></span> <span class='ocrx_word' id='word_1_656' title='bbox 2601 4404 2657 4448; x_wconf 89' lang='lat' dir='ltr'><strong>ct</strong></span> <span class='ocrx_word' id='word_1_657' title='bbox 2688 4394 2809 4447; x_wconf 89' lang='lat' dir='ltr'><strong>illos</strong></span> <span class='ocrx_word' id='word_1_658' title='bbox 2839 4393 2982 4445; x_wconf 88' lang='lat' dir='ltr'><strong>inter</strong></span> <span class='ocrx_word' id='word_1_659' title='bbox 3012 4406 3071 4447; x_wconf 82' lang='lat' dir='ltr'><strong>se</strong></span> <span class='ocrx_word' id='word_1_660' title='bbox 3100 4392 3433 4459; x_wconf 85' lang='lat' dir='ltr'><strong>copulantis,</strong></span> <span class='ocrx_word' id='word_1_661' title='bbox 3460 4398 3515 4441; x_wconf 87' lang='lat' dir='ltr'><strong>et</strong></span> <span class='ocrx_word' id='word_1_662' title='bbox 3539 4388 3743 4441; x_wconf 90' lang='lat' dir='ltr'><strong>idcirco</strong></span> <span class='ocrx_word' id='word_1_663' title='bbox 3776 4389 4034 4439; x_wconf 80' lang='lat' dir='ltr'><strong>stabilem</strong></span> 
     </span>
    </p>
   </div>
   <div class='ocr_carea' id='block_1_90' title="bbox 2451 4476 4033 4552">
    <p class='ocr_par' dir='ltr' id='par_1_90' title="bbox 2451 4476 4033 4552">
     <span class='ocr_line' id='line_1_90' title="bbox 2451 4476 4033 4552; baseline -0.009 -11"><span class='ocrx_word' id='word_1_664' title='bbox 2451 4487 2719 4541; x_wconf 88' lang='lat' dir='ltr'><strong>bonorum</strong></span> <span class='ocrx_word' id='word_1_665' title='bbox 2757 4482 3197 4552; x_wconf 81' lang='lat' dir='ltr'><strong>permansionem</strong></span> <span class='ocrx_word' id='word_1_666' title='bbox 3232 4479 3507 4532; x_wconf 80' lang='lat' dir='ltr'><strong>habentis.</strong></span> <span class='ocrx_word' id='word_1_667' title='bbox 3536 4476 3660 4530; x_wconf 77' lang='lat' dir='ltr'><strong>ll;rc</strong></span> <span class='ocrx_word' id='word_1_668' title='bbox 3690 4485 3795 4536; x_wconf 87' lang='lat' dir='ltr'><strong>est,</strong></span> <span class='ocrx_word' id='word_1_669' title='bbox 3827 4478 4033 4530; x_wconf 87' lang='lat' dir='ltr'><strong>ostium</strong></span> 
     </span>
    </p>
   </div>
   <div class='ocr_carea' id='block_1_91' title="bbox 768 4558 4033 4640">
    <p class='ocr_par' dir='ltr' id='par_1_91' title="bbox 768 4558 4033 4640">
     <span class='ocr_line' id='line_1_91' title="bbox 768 4558 4033 4640; baseline 0.004 -30"><span class='ocrx_word' id='word_1_670' title='bbox 768 4562 903 4611; x_wconf 88' lang='lat' dir='ltr'><strong>tatio</strong></span> <span class='ocrx_word' id='word_1_671' title='bbox 938 4577 1061 4613; x_wconf 88' lang='lat' dir='ltr'><strong>cum</strong></span> <span class='ocrx_word' id='word_1_672' title='bbox 1104 4564 1289 4616; x_wconf 89' lang='lat' dir='ltr'><strong>multis</strong></span> <span class='ocrx_word' id='word_1_673' title='bbox 1323 4564 1616 4631; x_wconf 85' lang='lat' dir='ltr'><strong>eoujuncta</strong></span> <span class='ocrx_word' id='word_1_674' title='bbox 1668 4570 1965 4632; x_wconf 87' lang='lat' dir='ltr'><strong>laboribus,</strong></span> <span class='ocrx_word' id='word_1_675' title='bbox 1998 4587 2118 4639; x_wconf 72' lang='lat' dir='ltr'><strong>qua:</strong></span> <span class='ocrx_word' id='word_1_676' title='bbox 2149 4588 2255 4627; x_wconf 88' lang='lat' dir='ltr'><strong>non</strong></span> <span class='ocrx_word' id='word_1_677' title='bbox 2289 4575 2342 4627; x_wconf 90' lang='lat' dir='ltr'><strong>in</strong></span> <span class='ocrx_word' id='word_1_678' title='bbox 2377 4558 2421 4610; x_wconf 71' lang='grc' dir='ltr'><strong>θ</strong></span> <span class='ocrx_word' id='word_1_679' title='bbox 2449 4587 2504 4630; x_wconf 89' lang='lat' dir='ltr'><strong>et</strong></span> <span class='ocrx_word' id='word_1_680' title='bbox 2540 4576 2642 4637; x_wconf 82' lang='lat' dir='ltr'><strong>via,</strong></span> <span class='ocrx_word' id='word_1_681' title='bbox 2671 4590 2831 4640; x_wconf 88' lang='lat' dir='ltr'><strong>quam</strong></span> <span class='ocrx_word' id='word_1_682' title='bbox 2879 4574 2969 4627; x_wconf 84' lang='lat' dir='ltr'><strong>Dei</strong></span> <span class='ocrx_word' id='word_1_683' title='bbox 3003 4570 3239 4625; x_wconf 77' lang='lat' dir='ltr'><strong>Verbum</strong></span> <span class='ocrx_word' id='word_1_684' title='bbox 3271 4571 3512 4637; x_wconf 76' lang='lat' dir='ltr'><strong>seipsum</strong></span> <span class='ocrx_word' id='word_1_685' title='bbox 3542 4568 3854 4637; x_wconf 66' lang='lat' dir='ltr'><strong>appellavit,</strong></span> <span class='ocrx_word' id='word_1_686' title='bbox 3888 4579 3943 4621; x_wconf 86' lang='lat' dir='ltr'><strong>et</strong></span> <span class='ocrx_word' id='word_1_687' title='bbox 3980 4566 4033 4619; x_wconf 88' lang='lat' dir='ltr'><strong>in</strong></span> 
     </span>
    </p>
   </div>
   <div class='ocr_carea' id='block_1_92' title="bbox 770 4651 2343 4731">
    <p class='ocr_par' dir='ltr' id='par_1_92' title="bbox 770 4651 2343 4731">
     <span class='ocr_line' id='line_1_92' title="bbox 770 4651 2343 4731; baseline 0.011 -30"><span class='ocrx_word' id='word_1_688' title='bbox 770 4651 1091 4704; x_wconf 69' lang='lat' dir='ltr'><strong>charttatcm</strong></span> <span class='ocrx_word' id='word_1_689' title='bbox 1124 4670 1245 4705; x_wconf 89' lang='lat' dir='ltr'><strong>cum</strong></span> <span class='ocrx_word' id='word_1_690' title='bbox 1292 4658 1482 4723; x_wconf 71' lang='lat' dir='ltr'><strong>spintn</strong></span> <span class='ocrx_word' id='word_1_691' title='bbox 1514 4662 1755 4713; x_wconf 86' lang='lat' dir='ltr'><strong>contrito</strong></span> <span class='ocrx_word' id='word_1_692' title='bbox 1804 4665 1993 4726; x_wconf 86' lang='lat' dir='ltr'><strong>tendit,</strong></span> <span class='ocrx_word' id='word_1_693' title='bbox 2026 4668 2201 4718; x_wconf 85' lang='lat' dir='ltr'><strong>inanis</strong></span> <span class='ocrx_word' id='word_1_694' title='bbox 2237 4679 2343 4731; x_wconf 80' lang='lat' dir='ltr'><strong>est,</strong></span> 
     </span>
    </p>
   </div>
   <div class='ocr_carea' id='block_1_93' title="bbox 768 4745 2345 4825">
    <p class='ocr_par' dir='ltr' id='par_1_93' title="bbox 768 4745 2345 4825">
     <span class='ocr_line' id='line_1_93' title="bbox 768 4745 2345 4825; baseline 0.012 -31"><span class='ocrx_word' id='word_1_695' title='bbox 768 4750 823 4794; x_wconf 87' lang='lat' dir='ltr'><strong>et</strong></span> <span class='ocrx_word' id='word_1_696' title='bbox 856 4745 907 4795; x_wconf 88' lang='lat' dir='ltr'><strong>in</strong></span> <span class='ocrx_word' id='word_1_697' title='bbox 939 4747 1070 4797; x_wconf 87' lang='lat' dir='ltr'><strong>nilnl</strong></span> <span class='ocrx_word' id='word_1_698' title='bbox 1098 4746 1441 4802; x_wconf 79' lang='lat' dir='ltr'><strong>fructuosum</strong></span> <span class='ocrx_word' id='word_1_699' title='bbox 1474 4751 1690 4805; x_wconf 83' lang='lat' dir='ltr'><strong>desinit.</strong></span> <span class='ocrx_word' id='word_1_700' title='bbox 1719 4752 1977 4825; x_wconf 72' lang='lat' dir='ltr'><strong>DiSCipuli</strong></span> <span class='ocrx_word' id='word_1_701' title='bbox 2008 4759 2153 4810; x_wconf 76' lang='lat' dir='ltr'><strong>enim</strong></span> <span class='ocrx_word' id='word_1_702' title='bbox 2182 4760 2345 4812; x_wconf 78' lang='lat' dir='ltr'><strong>Chri-</strong></span> 
     </span>
    </p>
   </div>
   <div class='ocr_carea' id='block_1_94' title="bbox 766 4833 2346 4916">
    <p class='ocr_par' dir='ltr' id='par_1_94' title="bbox 766 4833 2346 4916">
     <span class='ocr_line' id='line_1_94' title="bbox 766 4833 2346 4916; baseline 0.013 -31"><span class='ocrx_word' id='word_1_703' title='bbox 766 4833 837 4886; x_wconf 82' lang='lat' dir='ltr'><strong>sti</strong></span> <span class='ocrx_word' id='word_1_704' title='bbox 866 4850 927 4886; x_wconf 79' lang='lat' dir='ltr'><strong>ex</strong></span> <span class='ocrx_word' id='word_1_705' title='bbox 953 4837 1242 4891; x_wconf 86' lang='lat' dir='ltr'><strong>dilectione</strong></span> <span class='ocrx_word' id='word_1_706' title='bbox 1267 4854 1473 4902; x_wconf 77' lang='lat' dir='ltr'><strong>nmina,</strong></span> <span class='ocrx_word' id='word_1_707' title='bbox 1502 4853 1756 4912; x_wconf 83' lang='lat' dir='ltr'><strong>tanquam</strong></span> <span class='ocrx_word' id='word_1_708' title='bbox 1779 4856 1981 4899; x_wconf 59' lang='lat' dir='ltr'><strong>tessera</strong></span> <span class='ocrx_word' id='word_1_709' title='bbox 2001 4864 2346 4916; x_wconf 72' lang='lat' dir='ltr'><strong>cognoscun-</strong></span> 
     </span>
    </p>
   </div>
   <div class='ocr_carea' id='block_1_95' title="bbox 771 4932 2343 5007">
    <p class='ocr_par' dir='ltr' id='par_1_95' title="bbox 771 4932 2343 5007">
     <span class='ocr_line' id='line_1_95' title="bbox 771 4932 2343 5007; baseline 0.015 -34"><span class='ocrx_word' id='word_1_710' title='bbox 771 4934 858 4975; x_wconf 90' lang='lat' dir='ltr'><strong>tur</strong></span> <span class='ocrx_word' id='word_1_711' title='bbox 890 4942 903 4976; x_wconf 85' lang='lat'><strong>:</strong></span> <span class='ocrx_word' id='word_1_712' title='bbox 939 4941 1037 4976; x_wconf 75' lang='lat' dir='ltr'><strong>ure</strong></span> <span class='ocrx_word' id='word_1_713' title='bbox 1067 4936 1241 4992; x_wconf 79' lang='lat' dir='ltr'><strong>potest</strong></span> <span class='ocrx_word' id='word_1_714' title='bbox 1281 4932 1549 4998; x_wconf 88' lang='lat' dir='ltr'><strong>quispiam</strong></span> <span class='ocrx_word' id='word_1_715' title='bbox 1581 4935 1633 4985; x_wconf 91' lang='lat' dir='ltr'><strong>in</strong></span> <span class='ocrx_word' id='word_1_716' title='bbox 1682 4935 1785 4987; x_wconf 83' lang='lat' dir='ltr'><strong>alia</strong></span> <span class='ocrx_word' id='word_1_717' title='bbox 1839 4940 2092 5007; x_wconf 79' lang='lat' dir='ltr'><strong>quapiam</strong></span> <span class='ocrx_word' id='word_1_718' title='bbox 2125 4946 2343 5004; x_wconf 84' lang='lat' dir='ltr'><strong>virtute.</strong></span> 
     </span>
    </p>
   </div>
   <div class='ocr_carea' id='block_1_96' title="bbox 771 5016 2346 5095">
    <p class='ocr_par' dir='ltr' id='par_1_96' title="bbox 771 5016 2346 5095">
     <span class='ocr_line' id='line_1_96' title="bbox 771 5016 2346 5095; baseline 0.013 -30"><span class='ocrx_word' id='word_1_719' title='bbox 771 5023 863 5065; x_wconf 90' lang='lat' dir='ltr'><strong>aut</strong></span> <span class='ocrx_word' id='word_1_720' title='bbox 886 5016 1270 5070; x_wconf 69' lang='lat' dir='ltr'><strong>observatione</strong></span> <span class='ocrx_word' id='word_1_721' title='bbox 1293 5017 1559 5073; x_wconf 83' lang='lat' dir='ltr'><strong>Dominiei</strong></span> <span class='ocrx_word' id='word_1_722' title='bbox 1587 5026 1823 5077; x_wconf 87' lang='lat' dir='ltr'><strong>mandati</strong></span> <span class='ocrx_word' id='word_1_723' title='bbox 1859 5028 2163 5095; x_wconf 80' lang='lat' dir='ltr'><strong>discipulus</strong></span> <span class='ocrx_word' id='word_1_724' title='bbox 2185 5030 2346 5085; x_wconf 80' lang='lat' dir='ltr'><strong>Chri-</strong></span> 
     </span>
    </p>
   </div>
   <div class='ocr_carea' id='block_1_97' title="bbox 768 5107 2345 5193">
    <p class='ocr_par' dir='ltr' id='par_1_97' title="bbox 768 5107 2345 5193">
     <span class='ocr_line' id='line_1_97' title="bbox 768 5107 2345 5193; baseline 0.012 -34"><span class='ocrx_word' id='word_1_725' title='bbox 768 5107 841 5159; x_wconf 72' lang='lat' dir='ltr'><strong>sti</strong></span> <span class='ocrx_word' id='word_1_726' title='bbox 883 5109 1105 5173; x_wconf 76' lang='lat' dir='ltr'><strong>agnosci</strong></span> <span class='ocrx_word' id='word_1_727' title='bbox 1141 5128 1152 5162; x_wconf 93' lang='lat'>:</span> <span class='ocrx_word' id='word_1_728' title='bbox 1181 5108 1246 5162; x_wconf 87' lang='lat' dir='ltr'><strong>In</strong></span> <span class='ocrx_word' id='word_1_729' title='bbox 1280 5113 1397 5173; x_wconf 84' lang='lat' dir='ltr'><strong>hoc,</strong></span> <span class='ocrx_word' id='word_1_730' title='bbox 1435 5114 1630 5182; x_wconf 85' lang='lat' dir='ltr'><strong>inquit,</strong></span> <span class='ocrx_word' id='word_1_731' title='bbox 1657 5130 1959 5185; x_wconf 79' lang='lat' dir='ltr'><strong>cognoscent</strong></span> <span class='ocrx_word' id='word_1_732' title='bbox 1985 5140 2179 5184; x_wconf 82' lang='lat' dir='ltr'><strong>omnes.</strong></span> <span class='ocrx_word' id='word_1_733' title='bbox 2208 5128 2345 5193; x_wconf 80' lang='lat' dir='ltr'><strong>quod</strong></span> 
     </span>
    </p>
   </div>
   <div class='ocr_carea' id='block_1_98' title="bbox 767 5197 2345 5269">
    <p class='ocr_par' dir='ltr' id='par_1_98' title="bbox 767 5197 2345 5269">
     <span class='ocr_line' id='line_1_98' title="bbox 767 5197 2345 5269; baseline 0.016 -25"><span class='ocrx_word' id='word_1_734' title='bbox 767 5197 1019 5262; x_wconf 75' lang='lat' dir='ltr'><strong>discrpuli</strong></span> <span class='ocrx_word' id='word_1_735' title='bbox 1051 5201 1150 5251; x_wconf 85' lang='lat' dir='ltr'><strong>mei</strong></span> <span class='ocrx_word' id='word_1_736' title='bbox 1182 5206 1326 5266; x_wconf 67' lang='lat' dir='ltr'><strong>estis,</strong></span> <span class='ocrx_word' id='word_1_737' title='bbox 1354 5204 1401 5255; x_wconf 87' lang='lat' dir='ltr'><strong>si</strong></span> <span class='ocrx_word' id='word_1_738' title='bbox 1423 5205 1752 5261; x_wconf 77' lang='lat' dir='ltr'><strong>dilectionem</strong></span> <span class='ocrx_word' id='word_1_739' title='bbox 1784 5211 2071 5267; x_wconf 65' lang='lat' dir='ltr'><strong>[Mimantis</strong></span> <span class='ocrx_word' id='word_1_740' title='bbox 2102 5217 2171 5269; x_wconf 82' lang='lat' dir='ltr'><strong>ad</strong></span> <span class='ocrx_word' id='word_1_741' title='bbox 2209 5218 2345 5269; x_wconf 63' lang='lat' dir='ltr'><strong>invio</strong></span> 
     </span>
    </p>
   </div>
   <div class='ocr_carea' id='block_1_99' title="bbox 764 5290 2346 5378">
    <p class='ocr_par' dir='ltr' id='par_1_99' title="bbox 764 5290 2346 5378">
     <span class='ocr_line' id='line_1_99' title="bbox 764 5290 2346 5378; baseline 0.013 -37"><span class='ocrx_word' id='word_1_742' title='bbox 764 5303 880 5341; x_wconf 61' lang='lat' dir='ltr'><strong>rem</strong></span> <span class='ocrx_word' id='word_1_743' title='bbox 927 5290 992 5343; x_wconf 81' lang='lat'><strong>“.</strong></span> <span class='ocrx_word' id='word_1_744' title='bbox 1035 5291 1189 5356; x_wconf 88' lang='lat' dir='ltr'><strong>Quod</strong></span> <span class='ocrx_word' id='word_1_745' title='bbox 1232 5294 1373 5348; x_wconf 85' lang='lat' dir='ltr'><strong>idem</strong></span> <span class='ocrx_word' id='word_1_746' title='bbox 1409 5306 1463 5351; x_wconf 88' lang='lat' dir='ltr'><strong>et</strong></span> <span class='ocrx_word' id='word_1_747' title='bbox 1502 5297 1561 5351; x_wconf 88' lang='grc' dir='ltr'><strong>Β.</strong></span> <span class='ocrx_word' id='word_1_748' title='bbox 1606 5299 1805 5354; x_wconf 80' lang='lat' dir='ltr'><strong>Paulus</strong></span> <span class='ocrx_word' id='word_1_749' title='bbox 1854 5304 2077 5366; x_wconf 81' lang='lat' dir='ltr'><strong>iudieat,</strong></span> <span class='ocrx_word' id='word_1_750' title='bbox 2140 5310 2191 5359; x_wconf 89' lang='lat' dir='ltr'><strong>in</strong></span> <span class='ocrx_word' id='word_1_751' title='bbox 2237 5324 2346 5378; x_wconf 82' lang='lat' dir='ltr'><strong>quo</strong></span> 
     </span>
    </p>
   </div>
   <div class='ocr_carea' id='block_1_100' title="bbox 845 5530 2101 5607">
    <p class='ocr_par' dir='ltr' id='par_1_100' title="bbox 845 5530 2101 5607">
     <span class='ocr_line' id='line_1_100' title="bbox 845 5530 2101 5607; baseline 0.011 -23"><span class='ocrx_word' id='word_1_752' title='bbox 845 5531 894 5563; x_wconf 76' lang='lat'><strong>”</strong></span> <span class='ocrx_word' id='word_1_753' title='bbox 926 5530 1117 5589; x_wconf 71' lang='lat' dir='ltr'><strong>Matth.</strong></span> <span class='ocrx_word' id='word_1_754' title='bbox 1150 5551 1219 5590; x_wconf 78' lang='lat' dir='ltr'><strong>xx</strong></span> <span class='ocrx_word' id='word_1_755' title='bbox 1237 5550 1286 5600; x_wconf 80' lang='grc' dir='ltr'><strong>ν,</strong></span> <span class='ocrx_word' id='word_1_756' title='bbox 1318 5535 1406 5589; x_wconf 71' lang='grc'><strong>12.</strong></span> <span class='ocrx_word' id='word_1_757' title='bbox 1479 5536 1569 5591; x_wconf 85' lang='lat' dir='ltr'><strong>“l</strong></span> <span class='ocrx_word' id='word_1_758' title='bbox 1601 5538 1733 5597; x_wconf 88' lang='lat' dir='ltr'><strong>Cor.</strong></span> <span class='ocrx_word' id='word_1_759' title='bbox 1757 5556 1832 5606; x_wconf 88' lang='lat' dir='ltr'><strong>tv,</strong></span> <span class='ocrx_word' id='word_1_760' title='bbox 1877 5542 1967 5607; x_wconf 71' lang='grc'><strong>24,</strong></span> <span class='ocrx_word' id='word_1_761' title='bbox 2011 5541 2101 5598; x_wconf 77' lang='grc'><strong>25.</strong></span> 
     </span>
    </p>
   </div>
   <div class='ocr_carea' id='block_1_101' title="bbox 845 5748 2343 5827">
    <p class='ocr_par' dir='ltr' id='par_1_101' title="bbox 845 5748 2343 5827">
     <span class='ocr_line' id='line_1_101' title="bbox 845 5748 2343 5827; baseline 0.011 -24"><span class='ocrx_word' id='word_1_762' title='bbox 845 5748 922 5819; x_wconf 57' lang='lat'><strong>(3)</strong></span> <span class='ocrx_word' id='word_1_763' title='bbox 951 5750 1147 5827; x_wconf 68' lang='lat' dir='ltr'><strong>_Grzee</strong></span> <span class='ocrx_word' id='word_1_764' title='bbox 1192 5756 1289 5808; x_wconf 70' lang='grc' dir='ltr'><strong>καὶ</strong></span> <span class='ocrx_word' id='word_1_765' title='bbox 1333 5757 1398 5810; x_wconf 69' lang='grc' dir='ltr'><strong>τὰ</strong></span> <span class='ocrx_word' id='word_1_766' title='bbox 1436 5758 1535 5825; x_wconf 69' lang='grc' dir='ltr'><strong>τῆς</strong></span> <span class='ocrx_word' id='word_1_767' title='bbox 1576 5758 1789 5827; x_wconf 72' lang='grc' dir='ltr'><strong>φύσεως</strong></span> <span class='ocrx_word' id='word_1_768' title='bbox 1834 5760 1921 5827; x_wconf 71' lang='grc' dir='ltr'><strong>ἐφ’</strong></span> <span class='ocrx_word' id='word_1_769' title='bbox 1971 5764 2180 5815; x_wconf 71' lang='grc' dir='ltr'><strong>ἑαυτῶν</strong></span> <span class='ocrx_word' id='word_1_770' title='bbox 2214 5766 2343 5820; x_wconf 70' lang='grc' dir='ltr'><strong>ἐνώ-</strong></span> 
     </span>
    </p>
   </div>
   <div class='ocr_carea' id='block_1_102' title="bbox 776 5825 2350 5906">
    <p class='ocr_par' dir='ltr' id='par_1_102' title="bbox 776 5825 2350 5906">
     <span class='ocr_line' id='line_1_102' title="bbox 776 5825 2350 5906; baseline 0.011 -34"><span class='ocrx_word' id='word_1_771' title='bbox 776 5836 912 5873; x_wconf 72' lang='grc' dir='ltr'>οωπι</span> <span class='ocrx_word' id='word_1_772' title='bbox 936 5825 1178 5894; x_wconf 70' lang='grc' dir='ltr'><strong>ῥήματα,</strong></span> <span class='ocrx_word' id='word_1_773' title='bbox 1207 5843 1299 5895; x_wconf 79' lang='lat' dir='ltr'><strong>per</strong></span> <span class='ocrx_word' id='word_1_774' title='bbox 1328 5830 1551 5897; x_wconf 72' lang='grc' dir='ltr'><strong>ῥήματα</strong></span> <span class='ocrx_word' id='word_1_775' title='bbox 1576 5825 1790 5896; x_wconf 67' lang='grc' dir='ltr'><strong>φύσεως</strong></span> <span class='ocrx_word' id='word_1_776' title='bbox 1820 5825 2017 5885; x_wconf 75' lang='lat' dir='ltr'><strong>ridetur</strong></span> <span class='ocrx_word' id='word_1_777' title='bbox 2060 5836 2350 5906; x_wconf 67' lang='lat' dir='ltr'><strong>intelliget:</strong></span> 
     </span>
    </p>
   </div>
   <div class='ocr_carea' id='block_1_103' title="bbox 2182 5544 2755 5615">
    <p class='ocr_par' dir='ltr' id='par_1_103' title="bbox 2182 5544 2755 5615">
     <span class='ocr_line' id='line_1_103' title="bbox 2182 5544 2755 5615; baseline 0.009 -15"><span class='ocrx_word' id='word_1_778' title='bbox 2182 5544 2224 5575; x_wconf 83' lang='grc'><strong>⁹⁶</strong></span> <span class='ocrx_word' id='word_1_779' title='bbox 2273 5545 2432 5601; x_wconf 81' lang='lat' dir='ltr'><strong>Joan.</strong></span> <span class='ocrx_word' id='word_1_780' title='bbox 2491 5562 2609 5615; x_wconf 76' lang='lat' dir='ltr'><strong>snt,</strong></span> <span class='ocrx_word' id='word_1_781' title='bbox 2663 5548 2755 5605; x_wconf 75' lang='lat'><strong>35.</strong></span> 
     </span>
    </p>
   </div>
   <div class='ocr_carea' id='block_1_104' title="bbox 2446 4660 4034 4735">
    <p class='ocr_par' dir='ltr' id='par_1_104' title="bbox 2446 4660 4034 4735">
     <span class='ocr_line' id='line_1_104' title="bbox 2446 4660 4034 4735; baseline -0.006 -14"><span class='ocrx_word' id='word_1_782' title='bbox 2446 4683 2509 4721; x_wconf 89' lang='lat' dir='ltr'><strong>ea</strong></span> <span class='ocrx_word' id='word_1_783' title='bbox 2536 4667 2916 4735; x_wconf 80' lang='lat' dir='ltr'><strong>procedentes,</strong></span> <span class='ocrx_word' id='word_1_784' title='bbox 2947 4663 3058 4717; x_wconf 85' lang='lat' dir='ltr'><strong>Deo</strong></span> <span class='ocrx_word' id='word_1_785' title='bbox 3083 4673 3137 4717; x_wconf 91' lang='lat' dir='ltr'><strong>et</strong></span> <span class='ocrx_word' id='word_1_786' title='bbox 3173 4663 3318 4714; x_wconf 85' lang='lat' dir='ltr'><strong>Patri</strong></span> <span class='ocrx_word' id='word_1_787' title='bbox 3353 4675 3520 4729; x_wconf 87' lang='lat' dir='ltr'><strong>puros</strong></span> <span class='ocrx_word' id='word_1_788' title='bbox 3550 4660 3621 4713; x_wconf 86' lang='lat' dir='ltr'><strong>ab</strong></span> <span class='ocrx_word' id='word_1_789' title='bbox 3657 4660 3807 4711; x_wconf 89' lang='lat' dir='ltr'><strong>omni</strong></span> <span class='ocrx_word' id='word_1_790' title='bbox 3839 4661 4034 4713; x_wconf 88' lang='lat' dir='ltr'><strong>conci-</strong></span> 
     </span>
    </p>
   </div>
   <div class='ocr_carea' id='block_1_105' title="bbox 2449 4756 3453 4819">
    <p class='ocr_par' dir='ltr' id='par_1_105' title="bbox 2449 4756 3453 4819">
     <span class='ocr_line' id='line_1_105' title="bbox 2449 4756 3453 4819; baseline -0.003 -7"><span class='ocrx_word' id='word_1_791' title='bbox 2449 4768 2582 4819; x_wconf 82' lang='lat' dir='ltr'><strong>tata,</strong></span> <span class='ocrx_word' id='word_1_792' title='bbox 2608 4772 2661 4811; x_wconf 86' lang='lat' dir='ltr'><strong>et</strong></span> <span class='ocrx_word' id='word_1_793' title='bbox 2688 4758 2914 4811; x_wconf 80' lang='lat' dir='ltr'><strong>sinistra</strong></span> <span class='ocrx_word' id='word_1_794' title='bbox 2941 4758 3179 4809; x_wconf 86' lang='lat' dir='ltr'><strong>motione</strong></span> <span class='ocrx_word' id='word_1_795' title='bbox 3211 4756 3453 4809; x_wconf 80' lang='lat' dir='ltr'><strong>exhibet.</strong></span> 
     </span>
    </p>
   </div>
   <div class='ocr_carea' id='block_1_106' title="bbox 2519 4840 4035 4920">
    <p class='ocr_par' dir='ltr' id='par_1_106' title="bbox 2519 4840 4035 4920">
     <span class='ocr_line' id='line_1_106' title="bbox 2519 4840 4035 4920; baseline -0.002 -15"><span class='ocrx_word' id='word_1_796' title='bbox 2519 4850 2640 4905; x_wconf 76' lang='lat' dir='ltr'><strong>Vidi</strong></span> <span class='ocrx_word' id='word_1_797' title='bbox 2663 4867 2763 4919; x_wconf 82' lang='lat' dir='ltr'><strong>ego</strong></span> <span class='ocrx_word' id='word_1_798' title='bbox 2786 4852 3083 4914; x_wconf 86' lang='lat' dir='ltr'><strong>hominem,</strong></span> <span class='ocrx_word' id='word_1_799' title='bbox 3111 4850 3331 4913; x_wconf 77' lang='lat' dir='ltr'><strong>fratres,</strong></span> <span class='ocrx_word' id='word_1_800' title='bbox 3360 4850 3452 4918; x_wconf 93' lang='lat' dir='ltr'><strong>qui</strong></span> <span class='ocrx_word' id='word_1_801' title='bbox 3474 4840 3709 4920; x_wconf 75' lang='lat' dir='ltr'><strong>diligens</strong></span> <span class='ocrx_word' id='word_1_802' title='bbox 3734 4849 3789 4903; x_wconf 91' lang='lat' dir='ltr'><strong>in</strong></span> <span class='ocrx_word' id='word_1_803' title='bbox 3812 4863 3882 4903; x_wconf 86' lang='lat' dir='ltr'><strong>eo</strong></span> <span class='ocrx_word' id='word_1_804' title='bbox 3912 4858 4035 4903; x_wconf 80' lang='lat' dir='ltr'><strong>stn-</strong></span> 
     </span>
    </p>
   </div>
   <div class='ocr_carea' id='block_1_107' title="bbox 2450 4941 4037 5010">
    <p class='ocr_par' dir='ltr' id='par_1_107' title="bbox 2450 4941 4037 5010">
     <span class='ocr_line' id='line_1_107' title="bbox 2450 4941 4037 5010; baseline -0.003 -14"><span class='ocrx_word' id='word_1_805' title='bbox 2450 4942 2600 4996; x_wconf 90' lang='lat' dir='ltr'><strong>dinm</strong></span> <span class='ocrx_word' id='word_1_806' title='bbox 2655 4952 2903 5010; x_wconf 76' lang='lat' dir='ltr'><strong>poneret,</strong></span> <span class='ocrx_word' id='word_1_807' title='bbox 2956 4943 3246 5010; x_wconf 85' lang='lat' dir='ltr'><strong>variosque</strong></span> <span class='ocrx_word' id='word_1_808' title='bbox 3299 4942 3491 4995; x_wconf 88' lang='lat' dir='ltr'><strong>modos</strong></span> <span class='ocrx_word' id='word_1_809' title='bbox 3553 4941 3917 5009; x_wconf 63' lang='lat' dir='ltr'><strong>experiretur,</strong></span> <span class='ocrx_word' id='word_1_810' title='bbox 3978 4951 4037 4993; x_wconf 88' lang='lat' dir='ltr'><strong>ut</strong></span> 
     </span>
    </p>
   </div>
   <div class='ocr_carea' id='block_1_108' title="bbox 2457 5034 4036 5102">
    <p class='ocr_par' dir='ltr' id='par_1_108' title="bbox 2457 5034 4036 5102">
     <span class='ocr_line' id='line_1_108' title="bbox 2457 5034 4036 5102; baseline -0.003 -13"><span class='ocrx_word' id='word_1_811' title='bbox 2457 5034 2731 5098; x_wconf 76' lang='lat' dir='ltr'><strong>fratrum,</strong></span> <span class='ocrx_word' id='word_1_812' title='bbox 2788 5036 3115 5102; x_wconf 87' lang='lat' dir='ltr'><strong>quibuscum</strong></span> <span class='ocrx_word' id='word_1_813' title='bbox 3173 5034 3519 5088; x_wconf 76' lang='lat' dir='ltr'><strong>familiariter</strong></span> <span class='ocrx_word' id='word_1_814' title='bbox 3573 5035 3831 5097; x_wconf 77' lang='lat' dir='ltr'><strong>vivebat,</strong></span> <span class='ocrx_word' id='word_1_815' title='bbox 3890 5034 4036 5085; x_wconf 88' lang='lat' dir='ltr'><strong>hunc</strong></span> 
     </span>
    </p>
   </div>
   <div class='ocr_carea' id='block_1_109' title="bbox 2456 5124 4034 5194">
    <p class='ocr_par' dir='ltr' id='par_1_109' title="bbox 2456 5124 4034 5194">
     <span class='ocr_line' id='line_1_109' title="bbox 2456 5124 4034 5194; baseline -0.002 -16"><span class='ocrx_word' id='word_1_816' title='bbox 2456 5126 2675 5194; x_wconf 89' lang='lat' dir='ltr'><strong>quidem</strong></span> <span class='ocrx_word' id='word_1_817' title='bbox 2736 5141 3011 5191; x_wconf 89' lang='lat' dir='ltr'><strong>sermone,</strong></span> <span class='ocrx_word' id='word_1_818' title='bbox 3066 5127 3231 5179; x_wconf 85' lang='lat' dir='ltr'><strong>alium</strong></span> <span class='ocrx_word' id='word_1_819' title='bbox 3298 5127 3640 5189; x_wconf 86' lang='lat' dir='ltr'><strong>muneribus,</strong></span> <span class='ocrx_word' id='word_1_820' title='bbox 3698 5125 3865 5177; x_wconf 86' lang='lat' dir='ltr'><strong>alium</strong></span> <span class='ocrx_word' id='word_1_821' title='bbox 3929 5124 4034 5175; x_wconf 84' lang='lat' dir='ltr'><strong>alia</strong></span> 
     </span>
    </p>
   </div>
   <div class='ocr_carea' id='block_1_110' title="bbox 2456 5216 4035 5287">
    <p class='ocr_par' dir='ltr' id='par_1_110' title="bbox 2456 5216 4035 5287">
     <span class='ocr_line' id='line_1_110' title="bbox 2456 5216 4035 5287; baseline 0.001 -20"><span class='ocrx_word' id='word_1_822' title='bbox 2456 5219 2689 5287; x_wconf 86' lang='lat' dir='ltr'><strong>quadam</strong></span> <span class='ocrx_word' id='word_1_823' title='bbox 2716 5218 3004 5271; x_wconf 84' lang='lat' dir='ltr'><strong>occasione</strong></span> <span class='ocrx_word' id='word_1_824' title='bbox 3033 5232 3063 5270; x_wconf 85' lang='lat' dir='ltr'><strong>a</strong></span> <span class='ocrx_word' id='word_1_825' title='bbox 3098 5219 3315 5271; x_wconf 83' lang='lat' dir='ltr'><strong>vitiosis</strong></span> <span class='ocrx_word' id='word_1_826' title='bbox 3357 5218 3664 5271; x_wconf 89' lang='lat' dir='ltr'><strong>actionibus</strong></span> <span class='ocrx_word' id='word_1_827' title='bbox 3694 5224 3747 5271; x_wconf 81' lang='lat' dir='ltr'><strong>et</strong></span> <span class='ocrx_word' id='word_1_828' title='bbox 3778 5216 4035 5285; x_wconf 71' lang='lat' dir='ltr'><strong>cogitatis</strong></span> 
     </span>
    </p>
   </div>
   <div class='ocr_carea' id='block_1_111' title="bbox 2456 5305 4032 5377">
    <p class='ocr_par' dir='ltr' id='par_1_111' title="bbox 2456 5305 4032 5377">
     <span class='ocr_line' id='line_1_111' title="bbox 2456 5305 4032 5377; baseline -0.001 -18"><span class='ocrx_word' id='word_1_829' title='bbox 2456 5306 2772 5360; x_wconf 87' lang='lat' dir='ltr'><strong>abduceret.</strong></span> <span class='ocrx_word' id='word_1_830' title='bbox 2809 5306 2874 5359; x_wconf 77' lang='lat' dir='ltr'><strong>Et</strong></span> <span class='ocrx_word' id='word_1_831' title='bbox 2908 5307 3013 5359; x_wconf 87' lang='lat' dir='ltr'><strong>vidi</strong></span> <span class='ocrx_word' id='word_1_832' title='bbox 3061 5309 3223 5360; x_wconf 89' lang='lat' dir='ltr'><strong>talem</strong></span> <span class='ocrx_word' id='word_1_833' title='bbox 3258 5321 3403 5361; x_wconf 87' lang='lat' dir='ltr'><strong>nunc</strong></span> <span class='ocrx_word' id='word_1_834' title='bbox 3429 5308 3645 5377; x_wconf 90' lang='lat' dir='ltr'><strong>quidem</strong></span> <span class='ocrx_word' id='word_1_835' title='bbox 3675 5305 3898 5360; x_wconf 76' lang='lat' dir='ltr'><strong>ﬂentem</strong></span> <span class='ocrx_word' id='word_1_836' title='bbox 3933 5308 4032 5358; x_wconf 79' lang='lat' dir='ltr'><strong>hu</strong></span> 
     </span>
    </p>
   </div>
   <div class='ocr_carea' id='block_1_112' title="bbox 2833 5549 3934 5617">
    <p class='ocr_par' dir='ltr' id='par_1_112' title="bbox 2833 5549 3934 5617">
     <span class='ocr_line' id='line_1_112' title="bbox 2833 5549 3934 5617; baseline 0.003 -12"><span class='ocrx_word' id='word_1_837' title='bbox 2833 5552 2881 5583; x_wconf 88' lang='lat'>&quot;</span> <span class='ocrx_word' id='word_1_838' title='bbox 2913 5549 2933 5605; x_wconf 88' lang='grc' dir='ltr'><strong>Ι</strong></span> <span class='ocrx_word' id='word_1_839' title='bbox 2972 5550 3102 5607; x_wconf 90' lang='lat' dir='ltr'><strong>Cor.</strong></span> <span class='ocrx_word' id='word_1_840' title='bbox 3162 5568 3280 5617; x_wconf 79' lang='lat' dir='ltr'><strong>sui,</strong></span> <span class='ocrx_word' id='word_1_841' title='bbox 3343 5552 3457 5605; x_wconf 81' lang='lat' dir='ltr'><strong>l-3.</strong></span> <span class='ocrx_word' id='word_1_842' title='bbox 3568 5551 3613 5583; x_wconf 81' lang='lat'>&quot;</span> <span class='ocrx_word' id='word_1_843' title='bbox 3646 5552 3781 5610; x_wconf 80' lang='lat' dir='ltr'><strong>Ibid.</strong></span> <span class='ocrx_word' id='word_1_844' title='bbox 3814 5554 3934 5608; x_wconf 71' lang='grc' dir='ltr'>ι-ιι.</span> 
     </span>
    </p>
   </div>
   <div class='ocr_carea' id='block_1_113' title="bbox 2454 5768 4027 5844">
    <p class='ocr_par' dir='ltr' id='par_1_113' title="bbox 2454 5768 4027 5844">
     <span class='ocr_line' id='line_1_113' title="bbox 2454 5768 4027 5844; baseline 0.009 -25"><span class='ocrx_word' id='word_1_845' title='bbox 2454 5768 2587 5844; x_wconf 71' lang='lat' dir='ltr'><strong>leges</strong></span> <span class='ocrx_word' id='word_1_846' title='bbox 2619 5781 2668 5824; x_wconf 84' lang='lat' dir='ltr'><strong>et</strong></span> <span class='ocrx_word' id='word_1_847' title='bbox 2697 5772 2907 5824; x_wconf 84' lang='lat' dir='ltr'><strong>decreta</strong></span> <span class='ocrx_word' id='word_1_848' title='bbox 2937 5784 3166 5831; x_wconf 67' lang='lat' dir='ltr'><strong>natura.</strong></span> <span class='ocrx_word' id='word_1_849' title='bbox 3199 5790 3289 5829; x_wconf 74' lang='lat' dir='ltr'><strong>seu</strong></span> <span class='ocrx_word' id='word_1_850' title='bbox 3347 5776 3697 5844; x_wconf 77' lang='lat' dir='ltr'><strong>appetitiones</strong></span> <span class='ocrx_word' id='word_1_851' title='bbox 3729 5780 4027 5833; x_wconf 74' lang='lat' dir='ltr'><strong>naturales.</strong></span> 
     </span>
    </p>
   </div>
   <div class='ocr_carea' id='block_1_114' title="bbox 2465 5838 3803 5911">
    <p class='ocr_par' dir='ltr' id='par_1_114' title="bbox 2465 5838 3803 5911">
     <span class='ocr_line' id='line_1_114' title="bbox 2465 5838 3803 5911; baseline 0.009 -21"><span class='ocrx_word' id='word_1_852' title='bbox 2465 5838 2577 5892; x_wconf 79' lang='lat' dir='ltr'><strong>ista</strong></span> <span class='ocrx_word' id='word_1_853' title='bbox 2610 5844 2744 5894; x_wconf 82' lang='lat' dir='ltr'><strong>enim</strong></span> <span class='ocrx_word' id='word_1_854' title='bbox 2778 5855 2922 5904; x_wconf 67' lang='lat' dir='ltr'><strong>sunt.</strong></span> <span class='ocrx_word' id='word_1_855' title='bbox 2953 5847 3106 5911; x_wconf 75' lang='lat' dir='ltr'><strong>quasi</strong></span> <span class='ocrx_word' id='word_1_856' title='bbox 3136 5846 3291 5900; x_wconf 67' lang='lat' dir='ltr'><strong>urbe</strong></span> <span class='ocrx_word' id='word_1_857' title='bbox 3320 5838 3548 5901; x_wconf 52' lang='lat' dir='ltr'><strong>et&#39;ooees</strong></span> <span class='ocrx_word' id='word_1_858' title='bbox 3575 5862 3803 5902; x_wconf 67' lang='lat' dir='ltr'><strong>natura.</strong></span> 
     </span>
    </p>
   </div>
  </div>
