4170 6452
168 400 277 462 425

1532 393 1816 456 ORATIO
1869 393 2062 457 XXII.

3329 402 3433 468 426

162 518 276 586 ius,
318 535 467 575 nunc
507 520 899 578 lamentantem
949 521 1095 578 illius
1124 535 1331 578 causa:
1366 519 1662 591 aliquando
1694 524 1748 570 et
1776 518 1821 574 Α
1851 514 2005 572 solus
2060 531 2250 572 eorum
2301 516 2602 583 miseriam,
2660 518 2862 588 quibus
2897 520 3003 576 illae
3052 521 3433 589 dominantur,

164 610 360 667 faciem
392 628 570 681 suam,
598 623 652 669 et
675 624 872 684 pectus
902 615 1281 670 verberantem
1310 622 1531 685 pr0pter
1554 612 1743 676 alium,

162 704 254 773 qui
287 705 479 769 verbo,
514 717 608 761 ant
633 722 797 778 opere
826 709 1161 776 oﬂ'endcrat;
1206 709 1596 779 suscipientem
1627 704 1747 775 ejus

161 809 459 863 personam
515 799 790 867 videlicet,
823 808 878 855 ct
930 814 987 854 se
1025 800 1175 854 illum
1234 799 1438 869 ipsum,
1472 797 1566 869 qui
1613 796 1750 851 deli-

160 899 361 957 querat
418 900 783 960 reputantem,
827 906 892 946 ac
953 891 1061 947 Deo
1116 890 1492 955 conﬁtentem,
1557 897 1611 943 et
1670 887 1746 941 illi

164 982 621 1049 procumbentem
655 986 994 1055 suppliciter,
1043 987 1425 1056 lugentemque
1451 983 1747 1037 vehemen-

161 1081 261 1126 ter.
312 1073 440 1129 Vio’i
474 1076 641 1129 alium
692 1094 858 1149 super
903 1079 1246 1133 certantibus
1297 1086 1351 1132 et
1404 1074 1748 1131 vincentibus

164 1174 453 1236 tantopere
506 1169 855 1237 gaudentem,
894 1170 1225 1239 illorumque
1261 1169 1314 1222 itt
1385 1169 1585 1223 virtute
1619 1181 1749 1236 pro-

160 1277 390 1330 gressus
445 1266 861 1333 approbantem,
920 1274 977 1319 ttt
1012 1274 1320 1336 appareret,
1370 1264 1551 1334 ipsum
1594 1265 1745 1317 illum

159 1356 368 1423 potius,
427 1373 590 1425 quam
647 1374 741 1413 eos
790 1360 1050 1413 virtutum
1114 1358 1471 1427 laborumque
1527 1356 1746 1423 pra‘tttia

158 1457 547 1516 l'Ct'pllll‘Uﬂl.
592 1449 823 1519 Pr0pter
873 1465 969 1504 eos
1022 1456 1226 1515 autem,
1273 1449 1365 1519 qui
1416 1449 1597 1512 verbo,
1655 1456 1751 1502 aut

158 1550 324 1603 opere
367 1539 774 1609 delinquerent,
808 1548 862 1594 et
917 1540 968 1593 in
1024 1540 1263 1609 peccatis
1314 1546 1748 1609 perseverarent,

160 1632 299 1684 adeo
332 1633 545 1685 tristem
578 1648 641 1687 ac
675 1634 1104 1703 getnebundum,
1137 1641 1193 1686 ttt
1240 1632 1415 1703 ipsum
1457 1634 1632 1686 solum
1668 1646 1752 1685 re-

156 1739 285 1776 Vera
345 1739 447 1790 pro
490 1724 557 1778 iis
615 1726 871 1780 omnibus
929 1726 1193 1780 rationem
1230 1726 1657 1794 reposcendum,
1700 1730 1755 1776 et

158 1813 341 1881 pmnis
369 1814 699 1869 tradendum
734 1815 1102 1873 existimares.
1130 1815 1193 1869 Et
1214 1817 1324 1870 vidi
1354 1817 1519 1869 alium
1556 1815 1751 1870 salutis

160 1906 396 1960 fratrum
424 1924 648 1961 suorum
679 1916 829 1963 tanto
854 1909 1176 1978 ﬂagrantem
1203 1908 1494 1972 desiderio,
1523 1915 1580 1961 ut
1606 1922 1750 1977 smpe

158 1999 473 2054 calentibus
531 2000 811 2071 lacrymis,
854 2007 969 2054 toto
1018 2008 1258 2071 pectore,
1319 1999 1637 2070 divittoqtte,
1693 2008 1747 2054 tt

160 2088 406 2144 Mosaico
436 2091 555 2144 zelo
584 2091 880 2161 benignum
912 2091 1080 2147 Deum
1106 2101 1314 2159 oraret,
1344 2102 1437 2146 aut
1470 2094 1577 2147 illis
1608 2094 1749 2148 salu-

161 2190 270 2232 teut
329 2181 495 2247 dari,
544 2192 639 2236 aut
688 2199 747 2238 se
796 2198 1013 2253 quoque
1047 2198 1171 2237 eum
1203 2184 1336 2253 ipsis
1369 2185 1747 2238 condemnari.

162 2270 371 2327 Sancta
397 2274 544 2327 enim
570 2275 844 2331 cltaritate
878 2275 932 2329 in
966 2285 1160 2331 sancto
1195 2274 1399 2343 Spiritu
1445 2276 1749 2343 spirituali-

164 2378 249 2422 ter
278 2370 347 2424 iis
388 2369 699 2440 colligatus,
731 2386 800 2425 ne
832 2370 885 2424 in
922 2371 1099 2440 ipsum
1132 2371 1352 2441 quidem
1384 2387 1610 2442 regnum
1643 2389 1750 2427 coe-

162 2462 343 2515 lorum
373 2461 602 2527 intrare,
636 2470 689 2516 et
724 2462 793 2517 ab
823 2464 903 2518 eis
936 2462 1150 2535 sejungi
1181 2465 1417 2518 volebat.

228 2553 276 2608 Ο
317 2564 570 2608 sanctum
600 2557 903 2623 vinculum,
948 2573 981 2611 ο
1012 2559 1096 2611 vis
1129 2557 1535 2623 inenarrabilis,
1572 2574 1605 2613 ο
1636 2574 1750 2613 εω-

164 2647 325 2702 leStia
352 2652 623 2717 cogitans,
658 2650 738 2702 vel
786 2652 968 2718 potius
999 2650 1185 2704 divino
1218 2650 1403 2705 alllatu
1451 2652 1751 2717 concitata,

163 2744 411 2811 atquein
450 2742 542 2796 Dei
612 2745 955 2811 proximique
995 2743 1265 2798 charitate
1310 2743 1526 2814 egregie
1570 2743 1753 2814 perfe-

162 2846 248 2891 cta
280 2836 465 2889 anima
499 2838 510 2889 ε
539 2834 643 2902 Qui
685 2836 851 2905 igitur
877 2836 943 2890 ad
976 2835 1118 2889 hanc
1150 2835 1471 2892 charitatem
1509 2838 1749 2891 nondum

164 2930 438 2998 pervenit,
470 2943 570 2984 nec.
601 2931 889 2999 vestigium
914 2931 1033 2997 ejus
1063 2929 1115 2982 in
1140 2930 1320 2983 anima
1346 2944 1442 2982 sua
1472 2932 1624 2993 vidit,
1650 2945 1752 2985 nec

160 3020 279 3090 ejus
305 3020 655 3091 praesentiam
689 3021 795 3075 ulla
821 3036 887 3076 ex
920 3030 1072 3090 parte
1102 3023 1292 3088 sensit,
1324 3021 1503 3077 adhuc
1530 3024 1580 3077 itt
1610 3031 1752 3077 terra

163 3122 217 3167 et
250 3114 513 3178 terrenis,
558 3113 667 3167 imo
690 3114 795 3168 sub
823 3122 965 3167 terra
1004 3115 1176 3169 instar
1209 3114 1368 3183 talpa)
1388 3114 1551 3183 jacet,
1578 3129 1754 3171 caecus

1852 609 2115 677 praeclare
2150 608 2451 680 cognoscit.
2488 608 2821 681 Principium
2858 613 3041 683 itaque
3071 613 3125 669 in
3159 613 3435 669 Christia-

1850 703 2030 757 nismo
2066 702 2375 773 quempiam
2426 705 2683 760 censendi
2728 707 2831 760 hoc
2876 715 2978 762 est.
3034 706 3302 763 Caeterum
3335 710 3432 779 qui

1851 794 2056 849 bonum
2092 796 2201 850 tale
2238 796 2479 850 nondum
2518 806 2916 865 cognoverunt,
2964 804 3019 853 ct
3051 799 3432 868 inSpeXcrunt,

1850 901 1951 941 nec
1984 887 2163 957 ipsum
2208 888 2612 957 perseverantia
2648 890 2841 954 multa,
2875 891 3240 963 lamentisque
3268 902 3323 947 et
3354 894 3436 945 la-

1850 980 2056 1049 crytttis
2108 980 2501 1049 quzesiverunt,
2535 991 2591 1035 ttt
2622 997 2717 1051 per
2768 983 3141 1051 hujuscemodi
3191 983 3440 1039 actiones

1851 1072 2068 1140 purgati
2099 1086 2164 1125 eo
2187 1074 2517 1141 potirentur,
2556 1083 2610 1129 ct
2640 1073 2880 1143 perfecte
2904 1076 2981 1129 illi
3018 1076 3178 1140 uniti,
3215 1090 3341 1130 cum
3371 1088 3443 1131 co

1852 1163 2296 1217 communionem
2340 1163 2627 1229 haberent,
2664 1168 2963 1236 quomodo,
2995 1166 3084 1221 die
3120 1168 3276 1234 mihi,
3311 1169 3443 1222 sim-

1851 1256 2091 1327 pliciter,
2141 1265 2194 1310 et
2241 1255 2493 1312 absolute
2524 1258 2851 1335 .spirituales
2883 1258 3278 1313 nominentur?
3331 1274 3439 1314 non

1850 1350 1997 1402 enim
2053 1361 2203 1415 sunt,
2236 1349 2428 1420 quales
2462 1366 2584 1405 esse
2644 1360 2881 1421 oportet.
2941 1352 2996 1408 Si
3047 1352 3193 1407 enim
3241 1353 3380 1422 quod
3415 1372 3443 1406 ο

1851 1461 2009 1499 carne
2042 1456 2223 1499 natum
2255 1455 2353 1511 est,
2387 1462 2512 1500 caro
2550 1454 2650 1511 est,
2688 1449 2738 1499 et
2768 1447 2906 1515 quod
2940 1461 3005 1500 ea:
3032 1446 3223 1513 spiritu
3254 1455 3442 1500 uatum

1850 1548 1947 1593 est.
1983 1540 2202 1607 spiritus
2257 1548 2330 1591 est
2375 1540 2444 1600 θ’,
2486 1540 2579 1609 qui
2642 1539 2946 1593 secundum
2976 1554 3178 1609 corpus
3222 1541 3441 1610 genitus

1853 1638 1959 1693 est,
1990 1638 2042 1681 et
2065 1628 2273 1683 virilem
2299 1635 2514 1683 aetatem
2543 1628 2747 1699 attigit,
2776 1630 3139 1699 spiritualiter
3169 1641 3349 1685 autem
3381 1646 3441 1685 se

1856 1722 2008 1776 nasci
2058 1721 2262 1776 debere
2296 1732 2391 1776 ant
2422 1723 2703 1792 cogitavit,
2758 1738 2860 1778 nec
2906 1721 3164 1788 credidit,
3202 1738 3302 1778 nec
3336 1740 3441 1777 un-

1853 1830 2018 1884 quam
2068 1814 2301 1882 stnduit,
2336 1815 2615 1886 quomodo
2643 1816 2861 1870 tandem
2895 1814 3202 1886 spiritualis
3240 1818 3354 1881 ﬁet,
3387 1824 3443 1871 ct

1854 1907 2236 1974 Spiritualibus
2276 1923 2396 1963 sese
2426 1908 2856 1963 annumerabit?
2890 1908 2995 1962 nisi
3027 1909 3192 1971 clam,
3239 1918 3298 1962 ut
3346 1911 3442 1979 qtti

1853 2000 2109 2057 sordidas
2137 2008 2319 2055 vestes
2352 2000 2553 2064 induit,
2590 2012 2709 2055 sese
2732 2001 2940 2055 sanctis
2974 1999 3261 2070 splendide
3305 2002 3445 2056 ami-

1854 2092 1959 2145 etis
1993 2090 2314 2155 interserat,
2337 2101 2391 2144 et
2425 2090 2478 2144 in
2505 2106 2694 2147 mensa
2723 2092 2869 2160 regia
2902 2107 3028 2146 cum
3055 2092 3165 2147 illis
3198 2093 3444 2149 discum-

1854 2184 2011 2248 bens,
2040 2183 2295 2253 ejiciatur
2326 2182 2492 2249 foras,
2519 2184 2722 2253 ligatus
2747 2198 2943 2238 manus
2968 2192 3023 2238 et
3057 2183 3223 2255 pedes
3255 2186 3294 2250 ‘,
3330 2201 3439 2241 non

1857 2286 1916 2328 ut
1948 2272 2095 2329 ﬁlius
2126 2275 2286 2339 lucis,
2325 2276 2417 2330 sed
2454 2275 2637 2330 carnis
2672 2284 2724 2329 et
2762 2276 3070 2347 sanguinis,
3111 2285 3167 2330 et
3193 2277 3442 2330 mittatur

1854 2372 1911 2425 in
1939 2373 2107 2440 ignem
2165 2368 2441 2433 tctcrttuttt,
2475 2370 2565 2439 qui
2595 2378 2927 2439 preparatus
2960 2379 3037 2424 est
3094 2369 3311 2426 diabolo
3391 2382 3442 2425 et

1858 2465 2060 2534 angelis
2089 2465 2204 2533 ejus
2230 2466 2276 2519 ’.

1928 2557 2227 2611 Curramns
2255 2556 2423 2626 igitur
2458 2554 2647 2611 ﬁdeles
2673 2556 2805 2613 totis
2832 2555 3043 2612 viribus
3068 2572 3084 2623 ;
3112 2556 3441 2613 festinemus

1858 2648 1996 2719 pigri
2044 2650 2098 2703 itt
2133 2649 2379 2703 laborum
2412 2648 2705 2718 patientia;
2741 2664 3096 2719 resurgamns
3126 2652 3349 2715 mortui,
3382 2658 3443 2703 ut

1858 2742 2220 2806 obtineamus,
2251 2758 2347 2796 seu
2398 2742 2581 2811 petius
2606 2751 2665 2795 ut
2696 2740 2988 2810 participes
3019 2740 3218 2796 ﬁamus
3258 2741 3445 2796 chari-

1858 2834 2006 2897 tatis,
2055 2841 2109 2887 et
2144 2832 2215 2885 ita
2265 2848 2390 2887 cum
2427 2834 2544 2902 ipsa
2591 2833 2658 2885 ab
2711 2832 2796 2887 his
2838 2832 3004 2887 rebus
3048 2831 3442 2903 demigrantes,

1859 2926 2109 2980 Creatori
2156 2940 2219 2979 ac
2276 2924 2510 2979 Domino
2560 2926 2912 2992 assistatnus,
2966 2936 3120 2981 extra
3161 2936 3445 2982 creaturas

1861 3022 2227 3091 aspectabiles
2280 3037 2404 3076 cum
2436 3022 2553 3091 ipsa
2586 3023 2899 3086 constituti,
2934 3032 2989 3077 et
3036 3024 3443 3093 inaspectahili,

1859 3114 2129 3179 increato,
2158 3123 2213 3167 et
2238 3130 2391 3184 expet
2409 3115 2446 3167 ti
2474 3114 2657 3170 omnis
2684 3116 2937 3184 principii
2992 3114 3097 3171 Dco
3129 3117 3287 3181 tttti:i,
3317 3132 3443 3171 cum

165 3206 457 3270 nimirum,
493 3214 553 3260 ut
588 3207 680 3260 illa
711 3206 961 3270 bestiola,
994 3216 1050 3261 et
1079 3207 1196 3261 solo
1228 3222 1391 3261 sensu
1434 3209 1649 3262 aurium
1698 3210 1753 3264 in
1781 3209 1823 3266 ϐ
1859 3207 1981 3275 ipso
2004 3206 2591 3276 inaspectaltilibtts,et
2614 3207 3132 3276 incorruptibilibus
3151 3209 3443 3262 uitiantur:

165 3309 309 3354 terra
371 3300 661 3368 quuentes
694 3299 1031 3353 auscultans.
1088 3297 1134 3353 Ο
1181 3298 1570 3363 calamitatem,
1608 3317 1749 3370 qun-

165 3394 313 3447 niam
348 3408 416 3448 ex
448 3391 559 3445 Deo
602 3392 739 3458 nati,
782 3399 835 3445 et
894 3391 1301 3445 immortalitate
1329 3390 1540 3457 donati,
1595 3408 1754 3448 voca-

164 3487 331 3541 tionis
368 3486 615 3541 cmlestis
648 3484 964 3554 participes,
995 3492 1048 3537 et
1084 3482 1327 3537 literedes
1361 3482 1479 3547 Dei,
1510 3484 1751 3538 cohaere-

165 3580 259 3633 des
295 3588 484 3631 autetn
516 3576 740 3640 Christi,
770 3587 825 3630 et
859 3576 1007 3629 cives
1030 3577 1293 3629 coriorum
1330 3574 1480 3641 facti,
1508 3578 1748 3631 nondum

164 3679 447 3724 tantorum
508 3668 777 3722 bonorum
837 3682 1060 3722 sensum
1119 3666 1448 3721 hausimus:
1488 3669 1579 3723 sed
1635 3671 1753 3723 sine

168 3778 358 3823 sensu,
398 3771 458 3814 ut
496 3761 569 3813 ita
595 3760 798 3822 dicam,
852 3761 997 3815 sicut
1025 3758 1229 3813 ferrum
1264 3761 1315 3813 in
1350 3761 1526 3829 ignem
1586 3762 1756 3814 mitti-

170 3865 275 3918 tur,
310 3864 408 3907 aut
446 3860 505 3905 ut
534 3852 774 3906 inanima
813 3850 969 3919 pellis
1009 3850 1196 3904 colore
1246 3865 1518 3920 purpureo
1549 3852 1752 3905 imhui-

169 3958 278 4011 tur,
318 3963 426 4003 nec
454 3947 658 4002 sentit:
693 3946 766 3999 ita
799 3954 853 4000 et
879 3960 982 3999 nos
1012 3945 1195 4000 adhuc
1225 3944 1278 3999 in
1307 3954 1416 3999 tam
1450 3947 1636 4003 multis
1662 3948 1754 4003 Dei

169 4041 328 4095 bonis
366 4054 659 4093 manemus
693 4048 747 4091 et
776 4051 1083 4104 versamur,
1117 4051 1218 4091 nos
1244 4038 1295 4091 in
1328 4036 1435 4092 illis
1487 4038 1638 4093 nullo
1676 4041 1757 4094 af-

173 4133 251 4187 ﬁci
276 4149 451 4188 sensu
487 4132 833 4194 conﬁtentes,
864 4137 919 4184 et
953 4139 1011 4184 ut
1040 4131 1151 4199 jam
1186 4131 1403 4194 salvati,
1438 4132 1756 4203 sanctisque

172 4226 397 4294 ascripti
478 4223 778 4285 ell‘erimur,
816 4228 871 4277 et
919 4221 1068 4277 velut
1115 4224 1398 4277 schemate
1450 4224 1505 4277 in
1542 4223 1757 4278 theatro

173 4318 434 4373 obvelati.
467 4315 889 4370 sanctimoniam
947 4324 1002 4365 ttt
1054 4313 1354 4370 histriones
1407 4316 1754 4382 simulamus,

172 4413 334 4463 vitam
366 4412 627 4461 miseram
652 4408 949 4471 ducentes;
975 4406 1271 4477 mimisque
1299 4416 1352 4462 et
1380 4411 1581 4463 scortis
1607 4411 1760 4464 simi-

176 4502 271 4559 les.
309 4516 435 4568 qua:
464 4498 701 4552 naturali
747 4507 998 4552 carentes
1030 4498 1458 4567 pulchritudine,
1492 4500 1634 4555 fucis
1677 4503 1759 4565 in-

177 4593 465 4651 tricandts,
503 4603 556 4645 et
604 4590 836 4645 exoticis
870 4590 1158 4657 pigmentis
1214 4590 1426 4659 seipsas
1458 4594 1625 4646 stulte
1664 4608 1757 4647 or-

174 4701 305 4738 nare
339 4684 663 4737 ert-duntur.
691 4686 757 4735 At
792 4696 897 4736 non
932 4691 1247 4736 sanctorum
1284 4683 1466 4738 denuo
1500 4693 1753 4741 natorum

174 4774 527 4827 characteres
551 4770 887 4839 ltujustnodi.
917 4770 1211 4825 Sciendum
1244 4780 1451 4836 autem,
1481 4776 1755 4842 quomodo

176 4865 359 4919 infans
399 4876 559 4918 utero
594 4873 842 4917 materno
870 4877 1148 4932 egressus,
1206 4878 1330 4916 cum
1385 4878 1568 4918 aerem
1613 4868 1756 4922 hunc

178 4970 282 5010 non
318 4954 565 5008 sentiens
597 4953 790 5016 sentit,
827 4954 1009 5008 statim
1065 4955 1131 5007 ad
1168 4952 1354 5007 fletum
1414 4963 1469 5008 et
1515 4957 1753 5024 vagitum

179 5049 382 5103 nullius
427 5047 666 5116 impulsu
717 5055 966 5099 movetur
1001 5061 1015 5100 :
1050 5046 1133 5100 sic
1164 5053 1219 5100 et
1250 5048 1343 5114 qui
1392 5047 1571 5101 denuo
1598 5058 1761 5105 natus

177 5151 278 5207 est,
311 5148 366 5195 et
392 5157 422 5207 e
450 5138 659 5192 mundo
683 5139 808 5201 hoc,
841 5147 899 5192 ut
922 5154 987 5193 es
1020 5149 1175 5192 utero
1212 5139 1506 5193 tenebroso
1537 5142 1759 5208 prodiit,

178 5234 313 5287 etin
356 5232 584 5287 caeleste
634 5230 838 5291 lumen,
871 5230 1015 5299 quod
1067 5238 1247 5285 mente
1292 5232 1540 5286 cernitur
1588 5233 1765 5303 ingre-

177 5327 355 5387 diens,
388 5325 616 5393 paulum
648 5324 700 5377 itt
734 5322 865 5376 illud
896 5323 1053 5392 quasi
1091 5325 1394 5391 prospexit,
1431 5340 1553 5378 mox
1585 5325 1762 5380 incre-

177 5417 331 5471 dibili
380 5414 581 5484 gaudio
642 5415 899 5483 repletur,
961 5421 1015 5466 et
1068 5414 1189 5467 sine
1243 5415 1430 5470 dolore
1485 5418 1754 5488 lacrymas

180 5510 482 5581 profundit,
517 5506 766 5577 cogitans
811 5515 868 5560 ttt
899 5516 1330 5560 consentaneum
1368 5516 1470 5571 est,
1501 5510 1757 5577 qualibus

178 5617 211 5654 e
237 5602 483 5657 tenebris
530 5600 815 5661 liberatus,
869 5598 921 5650 in
962 5597 1110 5667 quali
1172 5597 1291 5653 luce
1320 5602 1531 5654 versari
1566 5601 1757 5672 dignus

180 5694 649 5749 sitexistimatus.
687 5689 822 5743 Nam
869 5691 961 5760 qui
989 5706 1019 5744 e
1070 5692 1309 5745 tenebris
1353 5694 1633 5758 eximitur,
1670 5693 1759 5748 hic

250 5813 296 5847 "
332 5811 497 5867 Joan.
538 5826 618 5872 ιιι,
650 5809 704 5864 6.
783 5808 799 5839 ¹
834 5808 1023 5863 Matth.
1053 5824 1189 5873 uti,
1223 5809 1311 5863 t5.

184 5899 260 5949 tv,
290 5884 373 5938 lti.
453 5882 475 5912 ⁸
501 5880 648 5934 Ρ›;ιΙ.
673 5896 798 5945 χιιι,
835 5882 886 5935 5.

508 5974 551 6033 P
568 5990 781 6034 triton.
826 5973 940 6034 Gn.
975 5972 1148 6034 CXX.

1418 5812 1437 5841 ²
1479 5810 1671 5868 Matth.
1701 5829 1826 5879 xxv,
1858 5819 1949 5875 40.

1865 3297 2113 3352 Pra'terit
2159 3300 2299 3351 enim
2339 3298 2513 3366 ﬁgura
2562 3297 2718 3364 hujus
2766 3298 2950 3351 mundi
2983 3296 3024 3364 ³,
3064 3306 3112 3351 et
3162 3299 3349 3352 caelum
3384 3315 3448 3353 ac

1857 3402 2000 3446 terra
2049 3408 2240 3461 magno
2284 3392 2481 3460 impetu
2540 3391 2863 3453 transibunt,
2900 3389 3158 3444 elementa
3214 3407 3331 3444 vero
3389 3393 3445 3445 in

1857 3485 2028 3537 medio
2070 3484 2316 3537 ardentia
2363 3482 2633 3536 solventur
2654 3481 2696 3537 ⁵.
2751 3481 2815 3536 Et
2855 3484 2947 3553 qui
3000 3483 3272 3538 cbaritate
3326 3492 3443 3539 tum

1858 3578 2195 3643 vacaverint,
2224 3593 2349 3631 cum
2403 3576 2719 3632 visibilibus
2748 3576 3016 3631 creaturis
3063 3587 3121 3631 ιιι
3177 3590 3447 3633 creaturae

1857 3669 2129 3733 derelicti,
2166 3669 2220 3722 in
2278 3670 2401 3739 igne
2435 3677 2490 3722 et
2524 3668 2889 3723 horribilibus
2945 3668 3238 3738 suppliciis
3291 3670 3446 3724 inre-

1860 3761 2121 3825 nientnr;
2152 3759 2400 3813 charitas
2430 3773 2575 3812 enim
2613 3759 2754 3811 Deus
2786 3768 2893 3822 est,
2922 3766 2976 3812 et
3008 3774 3115 3813 non
3135 3768 3391 3814 creatura
3430 3781 3443 3813 :

1860 3850 1927 3904 Et
1959 3852 2049 3920 qui
2070 3860 2240 3903 manet
2268 3852 2322 3903 in
2353 3850 2637 3913 cltaritate,
2671 3851 2724 3902 in
2762 3850 2869 3903 Deo
2905 3862 3104 3915 manet,
3138 3863 3186 3904 et
3221 3851 3358 3905 Deus
3390 3855 3445 3908 in

1860 3960 1941 4007 eo,
1970 3954 2025 3998 ut
2052 3944 2287 3997 dilectus
2324 3943 2414 3996 ille
2440 3940 2684 3996 Joannes
2714 3941 2788 3995 ait
2810 3944 2853 3995 ⁵.
2893 3943 2998 3998 Sed
3035 3943 3266 3999 forsitan
3296 3964 3307 3997 :
3343 3949 3448 4000 ali-

1859 4034 1984 4105 quis
2013 4034 2331 4103 insipienter
2361 4045 2590 4103 quazrat,
2622 4032 2900 4103 quomodo
2930 4043 3085 4089 extra
3114 4035 3445 4101 thalamum,

1858 4138 1913 4185 et
1938 4142 2191 4198 regnum,
2221 4136 2273 4181 et
2299 4127 2528 4181 chorum
2556 4126 2833 4196 justorum
2864 4128 3007 4181 alius
3039 4127 3264 4199 insuper
3292 4130 3447 4187 loeus

1860 4218 2072 4282 salutis,
2110 4222 2208 4271 aut'
2244 4218 2452 4287 requiei
2485 4233 2592 4272 non
2624 4218 2749 4273 est?
2783 4219 2983 4285 Stulte,
3032 4234 3249 4274 sacram
3297 4222 3447 4277 Scri-

1860 4324 2074 4381 pturant
2120 4311 2389 4365 dicentem
2440 4326 2549 4364 non
2610 4311 2787 4372 audis.
2833 4312 3013 4365 locum
3064 4313 3313 4368 omnium
3352 4320 3443 4385 qui

1862 4404 2143 4455 salvantur
2174 4400 2344 4454 Deum
2372 4403 2537 4454 esse?
2595 4399 2722 4453 Esto
2769 4403 2913 4459 mihi.
2954 4402 3152 4472 inquit,
3186 4406 3239 4458 in
3272 4406 3442 4460 Deum

1861 4506 2229 4561 protectorem,
2276 4505 2322 4547 ct
2356 4495 2410 4547 in
2446 4494 2617 4548 locum
2651 4495 2860 4564 refugii,
2894 4508 2947 4548 ttt
2998 4497 3202 4551 salt-um
3234 4516 3314 4553 me
3362 4501 3447 4568 [a-

1862 4587 1968 4640 cias
1998 4588 2037 4639 ‘.
2075 4587 2236 4640 Salus
2278 4594 2460 4641 autem
2490 4596 2594 4649 est,
2631 4603 2752 4656 quae
2784 4606 2811 4638 a
2844 4587 2955 4643 Deo
2984 4588 3205 4644 dabitur
3234 4592 3440 4662 dignis,

1860 4684 2176 4753 plenissima
2217 4683 2578 4739 deiﬁcaticnis
2608 4686 2801 4754 gratia,
2849 4702 3009 4755 quam
3065 4692 3153 4743 vix
3181 4704 3443 4759 asseque-

1864 4786 1978 4840 tur,
2026 4780 2118 4846 qui
2178 4787 2460 4847 acceptam
2518 4778 2569 4831 itt
2631 4794 2796 4833 sacro
2829 4780 3159 4850 baptismate
3209 4787 3438 4851 gratiam

1864 4870 2097 4924 fideliter
2134 4869 2447 4930 custodivit.
2485 4880 2538 4924 et
2589 4886 2687 4940 per
2746 4872 2916 4926 multa
2950 4888 3073 4942 quae
3123 4889 3320 4943 passus
3358 4892 3443 4930 est.

1865 4965 2027 5027 mala,
2068 4961 2414 5031 adoptionem
2449 4962 2685 5017 ﬁliorum
2732 4980 2828 5035 per
2875 4964 3139 5034 Spiritum
3185 4979 3440 5023 sanctum

1863 5058 1916 5110 in
1952 5056 2054 5111 hoc
2108 5056 2315 5109 mundo
2348 5066 2552 5109 sartam
2607 5064 2809 5110 tectam
2854 5059 3227 5114 conservavit.
3275 5059 3443 5115 Pauci

1861 5149 2004 5201 cnim
2033 5155 2160 5203 sunt
2188 5147 2455 5215 profecto,
2494 5148 2583 5217 qui
2634 5149 2791 5217 quasi
2827 5148 3149 5204 decumanis
3183 5151 3308 5205 vita:
3336 5153 3441 5206 ﬁtt-

1859 5240 2040 5294 ctibus
2070 5254 2176 5293 non
2199 5240 2496 5308 jactentur,
2526 5254 2700 5308 neque
2730 5239 2902 5309 spinis
2927 5241 3047 5307 ejus
3072 5242 3439 5306 suﬂoeeutur.

1860 5341 1913 5384 et
1934 5330 2054 5400 ejus
2077 5329 2450 5399 voluptatibus
2479 5329 2797 5385 ittescentur
2853 5346 2917 5385 ac
2942 5333 3208 5387 serviant.
3238 5333 3443 5391 Domus

1866 5430 2045 5477 autem
2083 5421 2201 5484 Dei,
2233 5421 2521 5486 thalamus,
2570 5429 2623 5476 et
2675 5438 2899 5492 regnum
2934 5424 3117 5477 omnia
3152 5428 3443 5499 complexu

1867 5515 2117 5572 ambiens
2150 5531 2272 5580 suo,
2309 5517 2426 5587 ejus
2467 5515 2644 5571 deitas
2677 5530 2779 5581 est,
2812 5518 2945 5573 solis
2975 5518 3341 5587 denmonibus,
3388 5534 3445 5576 et

1867 5610 2248 5679 peccatoribus
2297 5612 2599 5665 inaccessa.
2659 5611 2885 5666 Videtur
2919 5612 3139 5680 quidem
3173 5615 3444 5683 prteclusu

1870 5703 2128 5758 omnibus
2176 5702 2268 5758 sed
2305 5702 2558 5759 ﬁdelibus
2606 5718 2669 5758 ac
2700 5718 2800 5772 pro
2834 5704 2988 5759 nobis
3023 5711 3236 5759 tantum
3272 5716 3441 5775 patet.

2048 5819 2067 5851 ³
2102 5820 2118 5874 l
2152 5818 2279 5875 Cor.
2307 5832 2407 5887 vtt,
2440 5818 2529 5874 3!.
2634 5820 2654 5849 δ
2683 5816 2702 5872 l
2734 5817 2876 5873 Petr.
2900 5833 2983 5884 ιιι,
3012 5816 3093 5872 10.

3058 5974 3129 6036 14

3166 5819 3235 5874 ⁸1
3273 5817 3435 5877 δουιι.
