4170 6452
188 395 296 456 ιρι)
1538 389 1822 451 ORATIO

1818 391 2093 450 lXXIlI.
3357 389 3465 455 I30

198 523 301 578 que
337 507 580 578 virgines
634 507 792 561 fatuae
823 505 1212 578 persuadeant,
1247 506 1450 575 quique
1499 506 1668 559 multa
1699 505 1778 558 si-
1810 515 1852 570 Α
1883 500 2297 566 Ρτωεωιοηίιη,
2327 501 2577 571 discipuli
2605 501 2934 571 discipulum
2961 503 3166 566 vocari,
3199 517 3360 572 quam
3393 508 3461 558 ad

198 615 300 671 ειη
359 609 416 655 et
435 601 692 671 prodigia
745 608 1150 670 perpetrarunt.
1184 599 1322 664 Quid
1357 597 1501 668 quod
1533 598 1774 652 eharita-
1884 611 2146 652 numeros
2179 612 2310 652 suos
2333 595 2494 651 vitam
2527 596 2835 664 instituere,
2864 597 3198 668 inutilesque
3224 601 3460 668 propria:

198 699 300 742 tem
339 689 394 742 in
452 704 546 751 se,
591 698 648 743 et
693 689 1026 743 sanctissimi
1091 685 1330 756 Spiritus
1384 688 1613 756 gratiam
1671 703 1776 742 nou
1884 688 2187 743 voluntatis
2221 687 2435 742 fructus
2465 687 2784 759 decerpere.
2822 690 3052 757 Quando
3094 691 3257 760 igitur
3294 694 3363 747 ab
3395 709 3461 747 eo

197 783 484 845 baberent,
549 797 578 836 a
638 783 868 836 Domino
913 783 1284 838 audiverunt:
1320 781 1578 835 Discedite
1621 799 1653 834 a
1699 798 1778 835 me
1882 779 2096 841 audies,
2125 778 2214 833 exi
2245 779 2312 833 de
2342 788 2482 835 terra
2520 781 2822 836 voluntatis
2861 792 2985 848 tuin,
3033 791 3088 838 et
3137 785 3205 838 de
3255 800 3460 855 cogna-

197 876 428 942 operrm’i
467 875 766 944 iniquitatis
811 889 830 928 :
878 885 995 928 non‘
1023 877 1162 929 enim
1207 876 1325 928 novi
1372 891 1458 928 vos
1507 875 1570 939 ¹⁸,
1636 874 1779 928 unde

1883 871 2032 925 tione
2058 888 2258 927 sensus
2293 874 2394 938 tui,
2429 890 2496 928 ne
2532 877 2828 940 cuncteris,
2883 892 3018 930 neve
3059 878 3380 941 erubescas,
3431 897 3460 932 a

198 966 340 1020 sitis.
377 963 489 1020 Nec
539 968 626 1020 isti
666 967 848 1032 modo,
885 968 980 1021 sed
1039 983 1163 1020 cum
1212 967 1336 1022 istis
1381 967 1472 1020 alii
1519 978 1778 1037 praeterea
1882 977 2021 1018 vana
2072 967 2243 1032 gloria
2287 969 2463 1022 vietus
2516 969 2786 1024 videlicet.
2841 969 2897 1022 Si
2952 969 3147 1024 dixerit
3176 987 3190 1023 :
3219 971 3463 1041 Agedum

200 1075 301 1112 non
333 1059 522 1127 pauri,
554 1059 646 1128 qui
680 1058 902 1112 fuerunt
928 1059 1149 1128 quidem
1184 1073 1213 1110 a
1241 1059 1452 1115 sanctis
1486 1058 1775 1128 apostolis,
1881 1059 2002 1112 veni
2042 1059 2094 1111 in
2131 1071 2332 1114 terram
2370 1062 2718 1126 obedientiie,
2751 1079 2914 1133 quam
2961 1065 3282 1117 monstrabo
3338 1064 3460 1129 tibi,

197 1165 507 1220 eortimque
549 1151 966 1205 successoribus
996 1150 1279 1219 baptizali,
1317 1167 1506 1205 verum
1541 1151 1778 1218 Spiritus
1882 1168 2064 1218 curre,
2098 1156 2170 1208 mi
2207 1156 2394 1220 frater,
2430 1166 2696 1225 quantum
2741 1164 2938 1222 potes:
2976 1172 3042 1207 ne
3073 1157 3167 1209 des
3203 1171 3459 1210 somnum

205 1239 384 1292 sancti
440 1241 615 1308 gratia
651 1251 872 1310 propter
928 1240 1295 1310 improbitatis
1345 1241 1777 1308 magnitudinem
1882 1245 2058 1300 oculis
2089 1247 2219 1309 tuis,
2253 1264 2320 1301 nc
2347 1250 2589 1317 pigritia,
2620 1255 2718 1302 aut
2747 1249 2954 1304 desidia
2980 1251 3300 1314 dissolutus,
3331 1265 3462 1302 ron-

198 1338 544 1384 caruerunt:
586 1345 686 1384 nec
717 1331 884 1385 vitam
909 1332 1195 1387 vocatione
1252 1347 1360 1401 qua
1396 1332 1572 1386 vocati
1598 1340 1776 1395 erant,
1884 1338 2071 1392 trahas
2106 1353 2279 1409 genua
2341 1349 2455 1393 tua.
2496 1339 2768 1396 Fortassis
2818 1342 2963 1396 enim
3024 1342 3134 1395 illic
3183 1342 3466 1410 apparebit

194 1430 626 1477 eonsentanearn
669 1434 934 1494 egerunt:
964 1439 1064 1478 nec
1097 1423 1189 1478 Dei
1216 1425 1310 1478 filii
1342 1426 1597 1495 appellati
1622 1434 1775 1488 sunt,
1887 1433 1986 1486 tibi
2023 1433 2187 1498 Deus,
2218 1434 2310 1503 qui
2355 1445 2561 1503 patrem
2598 1437 2892 1489 ntultorum
2937 1436 3169 1492 filiorum
3204 1447 3254 1492 te
3286 1440 3460 1493 factu-

196 1513 286 1567 sed
321 1529 458 1569 caro
486 1526 538 1570 et
571 1516 795 1586 sanguis
837 1527 1196 1583 manserunt;
1230 1533 1329 1572 nec
1365 1534 1432 1572 an
1479 1530 1626 1574 esset
1660 1535 1780 1573 om-
1883 1539 2001 1588 rus,
2060 1533 2377 1594 terramque
2429 1525 2817 1595 promissionis
2871 1526 2968 1579 tibi
3014 1527 3326 1584 donaturus
3359 1541 3466 1586 est.

197 1605 328 1656 uiuo
358 1604 600 1674 Spiritus
654 1617 882 1661 sanctus
929 1606 1216 1661 credentes
1250 1625 1266 1662 :
1296 1623 1396 1662 nec
1444 1609 1594 1662 illum
1630 1624 1778 1677 quaz-
1883 1631 2047 1685 quant
2098 1617 2466 1672 luereditatem
2514 1619 2647 1687 justi
2696 1618 2963 1673 duntaxat
3020 1619 3265 1675 adibunt.
3309 1623 3363 1674 Si
3415 1633 3466 1676 tu

197 1705 421 1758 rentes;
459 1711 556 1750 nec
596 1712 655 1750 sc
687 1708 1011 1768 accepturos
1044 1708 1450 1768 exspectantes.
1488 1698 1648 1754 Unde
1673 1701 1779 1754 hu-
1883 1725 2102 1764 sursum
2152 1711 2207 1764 in
2260 1720 2498 1766 u-ontem
2547 1712 2787 1776 duxerit,
2845 1713 3073 1782 impigre
3126 1717 3462 1769 conscende.

192 1785 439 1854 iusmOdi
497 1788 747 1844 homines
801 1804 904 1845 nec
955 1790 1359 1846 ἀθείάετίθτυῐη
1413 1793 1622 1858 Galliis.
1677 1808 1780 1846 nec
1813 1863 1851 1877 _
1882 1800 2096 1856 Etenim
2131 1813 2217 1859 sat
2259 1804 2398 1867 scio,
2442 1804 2722 1858 Christum
2763 1808 3216 1877 transfiguratum
3289 1819 3343 1863 et
3382 1811 3468 1862 di-

199 1879 548 1934 turbidarum
597 1880 946 1936 all'eetionum
999 1898 1290 1953 capessere
1335 1885 1626 1955 imperium
1674 1901 1778 1938 un-
1813 1863 1853 1918 Β
1884 1892 2012 1946 vino
2037 1893 2240 1947 lumine
2259 1894 2464 1947 clarius
2497 1893 2616 1963 ipso
2653 1893 2770 1948 sole
2794 1896 3161 1952 collucentem
3203 1901 3466 1968 aspicies.

199 1985 365 2039 quam
399 1979 677 2040 poterunt,
711 1989 809 2027 nec
841 1973 1013 2028 ullum
1047 1976 1326 2045 egregium
1356 1977 1577 2033 virtutis
1613 1977 1782 2032 docu-
1887 1997 1986 2037 nec
2049 1986 2333 2038 sustinens
2384 1984 2624 2050 intueri,
2671 2003 2791 2053 qua:
2837 2003 3116 2056 nunquatu
3165 1992 3426 2059 spectasti
3452 2033 3466 2052 ,

197 2072 442 2114 mentum
477 2063 828 2131 praebebunt,
867 2080 991 2120 cum
1023 2065 1293 2122 Dominus
1321 2069 1470 2123 dicat
1501 2086 1513 2122 :
1545 2067 1670 2123 Sine
1701 2088 1781 2126 me
1884 2090 2099 2145 pronus
2131 2076 2363 2132 fortasse
2391 2079 2557 2132 cades
2579 2116 2594 2140 .
2652 2094 2949 2148 vocemque
2995 2080 3175 2137 Patris
3230 2081 3470 2152 desuper

195 2154 330 2206 nihil
384 2157 597 2221 potestis
643 2156 820 2224 facere
850 2159 914 2213 ¹⁹.
969 2158 1076 2213 Sed
1114 2161 1484 2227 elaboremus,
1524 2163 1778 2228 obsecro,
1883 2167 2112 2231 audies.
2177 2179 2232 2224 et
2279 2171 2482 2224 nubem
2527 2171 2948 2225 obumbrantem
2983 2214 2995 2236 ,
3058 2187 3121 2227 ac
3168 2176 3466 2245 prophetas

193 2257 379 2314 patres
407 2256 462 2300 et
500 2247 719 2314 fratres,
769 2259 825 2305 et
873 2259 1140 2318 quantum
1179 2252 1232 2306 in
1279 2253 1435 2309 nobis
1469 2265 1573 2316 est,
1611 2265 1668 2308 ut
1711 2255 1780 2310 de
1881 2269 2150 2327 astantes,
2183 2269 2238 2315 et
2267 2276 2392 2316 eum
2422 2261 2671 2316 vivorum
2697 2269 3149 2333 mortuorumque
3178 2264 3466 2319 Dominam

192 2348 395 2394 caetero
421 2341 731 2409 charitatis,
762 2354 813 2398 et
851 2342 1091 2414 Spiritus
1121 2347 1296 2401 sancti
1333 2348 1776 2402 communionem
1880 2368 2000 2408 esse
2022 2355 2413 2409 confirmantes
2438 2354 2649 2409 videbis
2678 2354 2742 2408 ".
2773 2355 2830 2408 Si
2866 2365 2917 2410 te
2943 2359 3096 2424 sequi
3130 2359 3466 2426 hortabitur,

190 2447 631 2500 promereamur,
664 2453 774 2507 quo
817 2447 873 2494 et
911 2440 1227 2508 praesentia,
1291 2453 1343 2494 et
1391 2440 1576 2496 futura
1635 2441 1779 2497 bona
1884 2446 2115 2500 lidenter
2153 2462 2278 2500 cum
2311 2463 2377 2501 eo
2413 2462 2512 2516 per
2545 2447 2745 2516 oppida
2794 2448 2952 2508 vade.
2992 2450 3291 2504 maximum
3338 2453 3468 2508 itide

191 2538 576 2614 assequamur,
624 2528 802 2598 gratia
864 2537 919 2583 et
969 2529 1312 2599 benignitate
1343 2529 1558 2584 Domini
1602 2532 1778 2586 nostri
1882 2538 2121 2594 fructum
2154 2549 2440 2607 capturus,
2481 2539 2528 2594 si
2584 2543 2638 2594 in
2694 2540 2870 2609 ipsum
2907 2541 3082 2596 solum
3136 2550 3467 2614 respexeris.

193 2613 319 2671 Iesu
369 2618 598 2685 Christi,
649 2621 735 2676 cui
792 2621 962 2691 gloria
1025 2623 1080 2676 in
1153 2622 1350 2678 saecula
1413 2624 1772 2679 saeculorum.
1883 2629 1940 2683 Si
1991 2645 2118 2684 cum
2176 2630 2530 2691 foruicariis.
2577 2638 2633 2685 et
2685 2631 2995 2701 publicanis
3045 2613 3466 2692 manducantem

188 2709 391 2765 Amen.
1880 2734 2073 2773 cernes
2096 2718 2165 2781 ",
2190 2719 2328 2772 nihil
2352 2734 2754 2782 commovcare,
2785 2737 2883 2775 nec
2910 2724 3209 2778 humanum
3239 2727 3468 2796 aliquid.

737 2826 998 2881 ORATIU
1057 2827 1248 2883 XXIII.
1881 2813 1977 2864 sed
2010 2812 2193 2864 omnia
2241 2809 2384 2864 ασθαι

1881 2813 1977 2864 sed
2010 2812 2193 2864 omnia
2241 2809 2435 2864 alTeetu
2471 2812 2700 2866 sinistro
2734 2816 2986 2867 carentia
3017 2855 3031 2877 ,
3066 2828 3116 2869 et
3153 2829 3345 2873 sancta
3402 2824 3469 2874 de

192 2916 271 2971 ορ
309 2921 657 2988 “negatione
707 2929 757 2973 ει
779 2923 1016 2974 περίειεο
1036 2924 1266 2990 ρνορηω
1296 2923 1604 2976 "dumdu-8.
1653 2923 1773 2988 Qua
1881 2902 2003 2970 ipso
2027 2901 2223 2971 cogita.
2252 2901 2383 2954 Item
2418 2901 2550 2956 illud
2578 2919 2593 2956 :
2617 2902 2869 2958 Omnibus
2896 2908 3073 2960 omnia
3117 2906 3292 2975 factus
3323 2926 3466 2974 sunt,

264 2993 474 3064 ratione
505 2994 610 3064 rita
644 2993 873 3064 ascetica
912 2992 1130 3064 colenda
1158 2993 1265 3055 sit;
1299 2994 1352 3044 in
1385 3011 1491 3060 qua
1527 2996 1777 3061 expediat
1880 3003 1938 3046 ut
1984 3010 2163 3047 omnes
2210 2994 2450 3046 lucrarer
2477 2996 2542 3059 ”,
2591 2996 2645 3049 in
2693 2998 2880 3050 animo
2933 3013 3124 3064 versa,
3163 2999 3294 3054 dum
3340 3017 3464 3056 eum

265 3061 460 3113 habere
491 3061 697 3140 ducem,
739 3060 794 3113 id
821 3073 936 3143 est,
974 3061 1190 3115 Patrem
1235 3064 1776 3160 s-piritualem,c:ij£s
1880 3085 1912 3138 ι,

1880 3085 2137 3140 humanis
2161 3100 2220 3140 se
2237 3085 2532 3160 affectibus
2560 3093 3011 3155 attemperantem
3041 3091 3328 3146 observas.
3359 3091 3464 3147 Sed

264 3147 435 3203 Opera.
462 3133 727 3203 υἱνιατειὲιο
773 3134 1114 3203 αιεείίιτνίιιιε
1158 3133 1291 3185 ανιίε
1342 3148 1470 3190 ονιω
1544 3135 1778 3203 Ρετάέηῖ·
1814 3197 1843 3203 -
1879 3133 2542 3203 XIIII";'ZIQZ'TIL
2561 3133 3211 3203 ΪῖεῗῖῖίἶῗῘίζ⁷.”.”.’ξλ””ῗ.ζέ

268 3177 730 3254 ἔξιέἆξλὲᾶἴδέ
770 3177 1777 3270 ἧλιξξῆ“ῥᾶξηξ’ᾧίίίέῑςᾶιηνςξῖᾍ
1802 3197 1846 3256 c
1879 3191 2058 3247 neque
2101 3177 2146 3232 si
2200 3177 2376 3232 oculis
2436 3177 2545 3233 tuis
2597 3179 2782 3234 videas
2834 3179 3043 3249 aliquid
3070 3222 3085 3243 ,
3121 3184 3380 3239 universe
3415 3195 3469 3237 et

266 3272 678 3346 sioneluntinis,
712 3289 742 3323 a
769 3287 871 3338 quo
899 3271 1208 3346 illamillam
1235 3269 1404 3326 omnis
1438 3278 1616 3328 anima
1651 3291 1777 3342 pro-
1884 3269 2040 3339 plane
2073 3270 2178 3326 illis
2213 3272 2465 3326 credito:
2494 3271 2760 3326 falluntur
2803 3274 2951 3327 enim
2984 3276 3148 3328 etiam
3187 3277 3237 3328 hi
3267 3315 3283 3341 ,
3319 3278 3464 3346 quo.l

261 3343 375 3411 ﬁcit
416 3343 469 3394 in
502 3342 759 3394 eliaritate
788 3356 912 3411 erga
944 3339 1133 3396 Deum.
1652 3339 1661 3342 ⁷
1879 3378 1908 3416 ε

1879 3370 2142 3432 expertus
2190 3362 2340 3418 novi.
2400 3363 2582 3431 lpsunt
2632 3378 2894 3434 sequens.
2937 3366 3124 3436 illique
3171 3369 3320 3422 dicto
3365 3385 3467 3424 au-

259 3454 399 3510 Curn
439 3463 493 3507 te
539 3453 598 3507 in
652 3454 926 3518 coenobio,
982 3453 1174 3518 lrater,
1231 3456 1610 3521 collocaveris,
1667 3459 1776 3514 noli
1880 3454 2059 3527 diens,
2111 3471 2178 3509 ne
2226 3455 2457 3511 comites
2491 3465 2546 3511 et
2591 3457 2772 3511 socios
2807 3467 2932 3512 tuos
2963 3460 3276 3525 considera,
3326 3479 3463 3518 neve

188 3556 434 3616 patrem,
465 3560 497 3599 a
527 3559 640 3614 quo
670 3545 936 3602 detonsus
957 3561 1018 3602 es
1045 3549 1345 3615 adversari,
1379 3551 1594 3604 tametsi
1623 3566 1777 3606 seor-
1877 3545 2033 3601 dicas
2073 3547 2142 3602 de
2186 3548 2371 3616 aliQuo
2406 3564 2419 3600 :
2459 3547 2706 3612 Domine,
2740 3547 2823 3601 hic
2873 3559 3052 3602 autem
3093 3553 3220 3619 quid
3245 3553 3336 3606 "?
3369 3559 3464 3609 sed

189 3650 284 3700 tis,
319 3648 415 3692 aut
446 3638 657 3706 poculis
680 3636 945 3702 deditum,
973 3647 1027 3693 et
1050 3640 1317 3708 Opinione
1339 3649 1432 3695 tua
1459 3645 1775 3698 monasterii
1879 3640 1975 3692 tibi
2008 3654 2224 3709 semper
2275 3641 2518 3704 attende,
2549 3649 2606 3694 et
2649 3649 2778 3694 ante
2819 3642 3014 3696 oculos
3063 3655 3294 3699 mortem
3344 3664 3467 3716 pro-

188 3745 280 3784 res
311 3730 454 3782 male
489 3728 960 3785 administrantem
993 3731 1201 3803 videas,
1235 3742 1400 3802 atque
1431 3735 1595 3788 etiam
1650 3752 1775 3792 ver-
1880 3748 2045 3801 pone,
2082 3748 2144 3786 ac
2175 3745 2359 3787 tecum
2398 3734 2669 3805 expende,
2711 3749 2818 3804 qua
2868 3735 3069 3789 virtute
3099 3735 3266 3791 Deum
3301 3741 3438 3810 glori

188 3818 415 3873 beribus
440 3825 494 3874 et
524 3819 844 3886 ignominia,
875 3822 1174 3891 multisque
1223 3823 1346 3878 aliis
1381 3823 1768 3881 vexationibus
1878 3825 2036 3880 lices.
2989 3837 2992 3842 '

189 3911 262 3966 ab
290 3910 484 3966 eodem
519 3909 775 3966 aliieiare.
800 3909 880 3968 Ne
907 3914 1098 3968 sedeto
1129 3929 1257 3970 cum
1291 3916 1400 3972 illis
1448 3917 1540 3987 qui
1574 3919 1772 3988 probra
1948 3917 2024 3974 Ne
2052 3919 2408 3990 supercilium
2453 3917 2617 3973 tollas
2649 3928 2872 3989 propter
2903 3921 3230 3991 magistrum
3271 3933 3462 3982 tuum.

189 4002 244 4057 ia
279 4017 406 4058 eum
441 4011 696 4073 torquent
726 4021 742 4057 :
772 4019 912 4060 neve
944 4006 1227 4063 ambulato
1254 4023 1378 4064 eum
1425 4009 1488 4064 iis
1520 4009 1614 4080 qui
1656 4026 1772 4066 ma-
1876 4013 1920 4066 si
1955 4011 2224 4067 bonorers
2252 4026 2280 4066 a
2315 4011 2616 4080 majoribus
2647 4027 2661 4066 :
2696 4027 2802 4068 non
2827 4052 2841 4078 ,
2878 4014 3021 4082 quod
3058 4025 3279 4084 propter
3313 4015 3459 4072 illius

188 4095 302 4148 lum
333 4093 386 4150 ei
420 4095 827 4152 machinautur.
857 4096 1209 4170 Quaecunque
1251 4110 1433 4156 autem
1480 4103 1770 4159 laudabilia
1875 4099 2072 4154 famam
2108 4099 2307 4154 inultos
2341 4100 2437 4155 tibi
2499 4100 2870 4170 obsequentes
2903 4101 3142 4157 habeas:
3171 4105 3262 4158 sed
3292 4106 3464 4173 gaude

186 4186 531 4241 factitantem
561 4191 766 4253 cernis,
796 4206 859 4244 ea
891 4192 944 4244 in
979 4193 1146 4246 corde
1175 4202 1270 4248 tuo
1304 4195 1559 4256 reconde,
1597 4211 1769 4264 eaque
1874 4192 2074 4258 potius,
2101 4192 2145 4246 si
2179 4206 2376 4246 nomen
2411 4202 2562 4244 tuum
2589 4192 2641 4245 in
2661 4195 2801 4246 caelo
2828 4194 3158 4249 humilitatis
3183 4200 3454 4266 s.:riptum

188 4285 578 4338 tantummodo
610 4284 927 4337 meminisse
967 4284 1256 4338 contende.
1295 4285 1428 4350 Quie
1463 4302 1588 4340 vero
1618 4289 1769 4342 iudc-
1874 4283 1943 4338 sit
1970 4284 2036 4336 ".
2085 4284 2238 4348 Quod
2277 4283 2320 4336 si
2351 4286 2512 4337 etiam
2552 4284 2802 4338 umbram
2840 4296 2985 4338 luant
3025 4287 3228 4341 vid-uris
3253 4289 3459 4342 dmum-

187 4378 391 4439 ctrntia,
437 4385 490 4430 et
523 4377 769 4445 improba
802 4378 885 4431 vel
921 4387 1168 4446 agentem
1196 4379 1280 4432 vel
1321 4379 1631 4448 loquentem
1667 4396 1767 4433 no-
1877 4377 2038 4430 uibus
2077 4376 2504 4438 formidabilem,
2560 4392 2626 4430 ne
2673 4378 2769 4430 tibi
2819 4378 2980 4442 istuc,
3015 4381 3108 4432 sed
3164 4383 3336 4448 patris
3380 4386 3455 4436 tui

187 4471 413 4528 laveris,
441 4483 504 4520 ea
535 4469 742 4522 tibimet
779 4471 1012 4531 ascribe,
1043 4476 1097 4522 et
1139 4469 1192 4521 in
1240 4474 1480 4536 peccatis
1512 4472 1616 4524 tuis
1657 4489 1762 4524 nu-
1801 4537 1822 4539 Α
1874 4471 2127 4539 precibus
2157 4469 2420 4533 attribue,
2456 4479 2509 4521 et
2541 4470 2774 4539 amplius
2812 4479 2862 4523 te
2893 4469 3283 4525 formidabunt.
3318 4475 3372 4525 Si
3405 4483 3457 4526 te

187 4577 360 4620 mera,
411 4571 464 4614 et
507 4576 632 4613 cum
689 4560 952 4630 laerymis
999 4562 1374 4629 pomitentiam
1432 4577 1531 4631 age
1565 4579 1577 4614 :
1611 4564 1760 4616 illum
1797 4537 1842 4595 θ
1871 4560 1925 4612 in
1963 4575 2174 4620 mensa,
2206 4569 2258 4612 et
2289 4561 2514 4628 propius
2547 4560 2793 4615 assidere
2831 4561 3160 4625 hortabitur,
3205 4579 3450 4632 agnosce

184 4670 283 4722 pro
312 4655 431 4707 viro
458 4662 648 4707 saneto
684 4654 844 4717 habe,
877 4663 930 4707 et
965 4670 1152 4721 preces
1179 4654 1300 4723 ejus
1331 4656 1576 4723 implora.
1607 4657 1764 4721 Quod
1875 4653 2105 4719 gratiam
2150 4659 2203 4704 et
2247 4651 2492 4713 admitte,
2549 4653 2812 4720 illumque
2864 4654 3064 4707 tacitus
3110 4666 3302 4710 sancte
3359 4660 3459 4711 ob-

183 4747 226 4799 si
273 4748 326 4799 in
367 4746 620 4799 cmuobio
671 4761 775 4798 non
812 4745 970 4806 vivis,
1008 4746 1174 4799 Deum
1229 4747 1470 4814 impense
1517 4763 1632 4806 ora,
1691 4748 1764 4800 uti
1869 4759 2049 4806 serva,
2094 4752 2145 4795 et
2177 4744 2314 4806 cole,
2343 4754 2397 4796 et
2432 4761 2498 4796 ne
2533 4743 2662 4814 quid
2701 4744 2767 4798 de
2797 4746 3086 4814 appositis,
3123 4747 3226 4800 nisi
3262 4749 3453 4817 preci-

185 4840 464 4891 bumineui
501 4837 599 4890 tibi
634 4836 999 4898 demonstret,
1032 4838 1126 4906 qui
1161 4846 1214 4891 te
1257 4837 1544 4891 commode
1569 4849 1719 4908 regat
1747 4853 1764 4893 :
1873 4836 1975 4888 bus
2005 4835 2073 4888 ab
2100 4849 2165 4888 eo
2191 4833 2372 4901 laetis,
2405 4836 2653 4904 attinge:
2688 4851 2789 4890 nee
2822 4837 2958 4889 citra
2993 4838 3112 4905 ejus
3141 4837 3356 4908 jussum
3393 4857 3457 4893 ac

183 4947 458 5002 quemque
515 4932 606 4984 ille
664 4942 758 4985 aut
813 4940 1028 4985 secreto
1084 4945 1179 5000 per
1229 4931 1608 5000 semetipsum,
1675 4942 1766 4985 aut
1874 4927 2210 4981 voluntatem
2260 4927 2413 4979 alteri
2462 4926 2680 4996 porrige
2728 4943 2741 4980 :
2791 4942 2889 4980 nec
2922 4930 3238 4998 quempiam
3297 4933 3457 4983 alteri

185 5035 372 5094 aperte
425 5040 520 5093 per
563 5024 800 5092 aliquem
833 5038 1116 5076 servorum
1155 5037 1383 5077 suorum
1435 5023 1762 5088 ostenderit,
1871 5019 2129 5089 praeferre
2156 5022 2312 5072 aude.
2346 5019 2502 5083 Quod
2537 5019 2583 5073 si
2621 5029 2744 5088 post
2779 5036 2968 5073 omnes
3020 5021 3158 5074 alios
3209 5029 3259 5074 te
3293 5038 3460 5076 voea-

184 5133 308 5171 euiu
349 5131 475 5187 pete
504 5158 518 5181 ,
555 5132 652 5169 nee
685 5117 842 5169 aliter
869 5131 1034 5185 quam
1072 5118 1120 5170 si
1155 5116 1433 5170 Christum
1465 5119 1765 5185 aspiceres,
1871 5111 1970 5174 bit,
2002 5126 2134 5165 cave
2180 5111 2362 5165 dicere
2399 5129 2410 5162 :
2456 5112 2497 5164 Α
2525 5112 2749 5174 dextris,
2799 5121 2894 5166 aut
2939 5112 3180 5167 sinistris
3233 5113 3456 5173 sedi-bo.

188 5221 235 5262 et
287 5213 656 5276 alloquar-ere,
692 5215 1009 5260 venerator.
1064 5204 1200 5258 Nam
1240 5221 1346 5258 non
1394 5221 1556 5261 secus
1601 5223 1762 5274 quam
1869 5219 1995 5258 cum
2029 5205 2134 5258 hoc
2165 5205 2286 5259 aliis
2316 5216 2567 5274 paratum
2608 5219 2728 5257 esse
2767 5220 2876 5257 non
2905 5205 3145 5274 ignores,
3179 5215 3233 5258 et
3270 5207 3460 5258 audio.

186 5304 287 5369 ipsi
341 5300 454 5354 Deo
495 5302 616 5368 ejus
667 5299 932 5353 voluntati
970 5313 1159 5366 parere
1207 5299 1372 5353 debes
1407 5314 1420 5350 :
1459 5308 1518 5352 ut
1557 5316 1678 5367 qua:
1708 5299 1764 5352 in
1870 5298 1946 5351 ris
1981 5314 1994 5350 :
2026 5299 2130 5364 Qui
2161 5303 2270 5352 t'ult
2296 5299 2526 5351 omnium
2560 5297 2765 5364 primus
2793 5313 2924 5360 esse,
2957 5297 3024 5349 sit
3056 5299 3290 5350 omnium
3325 5299 3456 5349 ulli-

184 5409 299 5446 rem
350 5405 500 5445 tuam
549 5399 698 5452 sunt,
753 5391 819 5443 ali
859 5391 950 5444 illo
990 5391 1224 5443 doceare
1263 5406 1275 5440 :
1311 5405 1540 5459 qumque
1590 5394 1634 5444 is
1668 5391 1764 5444 tibi
1873 5407 1986 5442 mus
2012 5391 2077 5443 ".
2113 5388 2326 5442 Partem
2375 5387 2652 5451 infimam,
2691 5394 2749 5441 ut
2795 5389 2985 5457 prima:
3019 5389 3451 5441 conciliatiicem

186 5486 386 5539 dixerit
419 5527 431 5548 ,
505 5487 625 5538 sine
685 5483 791 5536 ulla
844 5483 1183 5536 hasitatione
1246 5484 1300 5535 in
1348 5497 1485 5552 Optts
1551 5483 1763 5544 confer,
1874 5481 2221 5550 amplectere,
2256 5491 2310 5533 et
2343 5479 2664 5547 magistrum
2704 5479 2909 5547 dilige,
2955 5481 3153 5549 quippe
3188 5480 3278 5548 qui
3312 5481 3452 5531 scite

184 5580 438 5648 quamvis
498 5579 593 5630 tibi
645 5593 755 5632 non
819 5577 979 5638 bona,
1035 5585 1091 5630 et
1143 5575 1406 5629 damnosa
1460 5575 1765 5629 videantur.
1875 5589 1971 5642 per
1997 5573 2122 5625 vilia
2163 5580 2216 5624 et
2258 5570 2473 5639 abjecta
2518 5569 2584 5622 ad
2631 5569 2837 5640 majora
2872 5581 2921 5624 te
2957 5570 3168 5624 laboret
3202 5571 3452 5624 evehere.

256 5783 300 5812 “
356 5782 490 5835 Luc.
538 5794 656 5838 xm.
690 5777 781 5834 27.
861 5777 1092 5832 "Joan.
1126 5793 1214 5836 xv,
1265 5778 1318 5831 5.
1400 5779 1441 5806 ’θ
1495 5776 1686 5835 Matth,
1728 5790 1855 5831 xm.
1891 5776 1906 5826 I
1942 5790 2093 5845 feqq.
2160 5777 2198 5805 ²¹
2249 5773 2440 5828 Matth.
2477 5789 2548 5842 Ix,
2601 5773 2685 5837 I0,
2747 5772 2832 5825 Il.
2939 5772 3027 5825 "I
3066 5771 3196 5827 Cor.
3238 5787 3312 5834 l\',
3365 5769 3455 5823 2‘2.

187 5855 231 5892 ³⁸
264 5852 427 5908 Joati.
471 5867 586 5916 xxi,
618 5850 709 5904 21.
786 5854 830 5883 ’⁸
866 5849 996 5904 Luc.
1055 5865 1109 5914 ι,
1165 5849 1254 5902 ‘20.
1334 5849 1377 5880 ’⁵⁸
1437 5848 1624 5902 Matth.
1682 5865 1767 5913 as,
1821 5847 1909 5897 ξεῖ.
