4170 6452
705 374 804 436 431

1965 372 2343 432 SYMEONIS
2383 371 2748 434 JUNIORIS

3858 369 3967 432 432

706 493 890 558 Neque
923 505 1050 542 vero
1092 502 1186 558 per
1220 487 1583 554 arrogantiam
1621 483 1830 553 primus
1859 496 1982 536 eum
2024 485 2142 553 ipso
2175 498 2284 535 ma-
2317 495 2354 544 Α
2389 499 2509 537 sunt
2545 492 2598 539 te
2630 483 2861 546 vocarit,
2905 494 2955 538 et
2987 484 3052 537 ad
3085 485 3474 553 quiescendum
3510 485 3782 549 hortatus,
3811 485 3966 538 dise~

709 599 834 635 num
869 583 920 634 in
956 581 1303 650 paropsidem
1345 579 1579 646 intinees
1618 592 1630 628 :
1666 578 1822 645 cujus
1859 575 2002 628 enim
2044 577 2112 628 sit
2165 575 2279 628 hanc

705 675 959 738 audacia,
996 690 1097 726 non
1127 682 1177 724 te
1225 669 1381 741 fugit.
1416 670 1469 723 Si
1502 671 1596 723 tibi
1643 669 1803 739 pedes
1838 667 2061 723 abluere
2093 667 2278 722 volue-

704 770 792 832 tit,
823 783 948 821 eum
1005 775 1062 818 ut
1099 766 1380 819 dominum
1431 774 1484 816 et
1539 763 1855 830 magistrum
1908 775 2176 824 reverere,
2225 767 2279 811 et

704 864 961 915 renitere.
996 859 1091 911 Sin
1123 857 1320 912 dixerit
1359 872 1373 908 :
1420 853 1540 907 Nisi
1583 854 1736 921 pedes
1787 852 1882 906 tibi
1930 854 2127 917 lavet-0,
2177 867 2279 904 non

697 954 913 1006 habebis
947 960 1151 1020 partem
1187 967 1382 1003 nierum
1404 949 1471 1013 ",
1497 950 1661 1003 etiam
1697 958 1869 1001 totum
1897 961 2096 1016 corpus
2128 956 2276 998 tuum

701 1045 1032 1099 abluendum
1081 1044 1336 1098 alacriter
1392 1056 1603 1111 expone
1640 1059 1654 1094 :
1695 1050 1750 1094 ut
1783 1055 1845 1094 ex
1896 1039 1982 1093 his
2026 1053 2146 1108 qua:
2179 1035 2277 1090 tibi

703 1137 859 1200 fiunt,
897 1135 1290 1190 sublimitatem
1325 1147 1376 1188 et
1411 1149 1658 1203 magnam
1718 1131 2080 1193 humilitatis,
2113 1130 2277 1182 etiam

700 1233 834 1282 deos
869 1229 1151 1294 facientis,
1183 1230 1485 1298 intelligas,
1525 1238 1580 1283 et
1613 1229 1875 1296 majorem
1910 1235 2039 1279 tunc
2070 1225 2275 1278 utilita-

700 1331 807 1373 tem
837 1314 1063 1382 referas,
1099 1322 1142 1374 si
1183 1320 1608 1381 animadvertas,
1639 1334 1799 1388 quam
1833 1319 1877 1370 si
1911 1326 1965 1370 tu
1996 1326 2167 1386 patris
2198 1315 2276 1368 tui

700 1416 865 1480 pedes
901 1414 1188 1467 abluisses.
1231 1414 1286 1467 Si
1331 1414 1530 1467 dixerit
1577 1416 1719 1465 inter
1773 1409 2212 1463 accumbendum
2258 1423 2272 1458 :

703 1504 849 1558 Unus
881 1521 944 1558 ea:
974 1506 1112 1558 robis
1140 1523 1219 1559 me
1249 1507 1420 1558 tradet
1463 1506 1533 1565 ",
1578 1515 1669 1555 aut
1699 1503 2034 1556 scandalizat
2067 1517 2174 1564 me,
2207 1514 2278 1554 ne

702 1608 851 1666 tegas
883 1580 1068 1651 dolum
1107 1616 1119 1651 :
1159 1599 1253 1651 sed
1287 1599 1330 1651 si
1363 1598 1622 1651 conscius
1673 1597 1770 1650 tibi
1815 1612 1897 1658 es,
1950 1593 2213 1648 confitere
2259 1611 2273 1648 :

700 1691 786 1742 sin
829 1701 1033 1751 autem,
1064 1691 1130 1743 ad
1163 1689 1326 1758 pedes
1354 1691 1474 1759 ejus
1510 1690 1564 1743 itt
1613 1689 1806 1741 faciem
1841 1697 1990 1741 tuam
2027 1695 2276 1756 prostra-

699 1791 804 1845 tus,
870 1797 994 1834 eum
1055 1781 1307 1851 Iacrymis
1358 1781 1673 1852 interroga:
1709 1779 1982 1848 Numquid
2022 1796 2114 1850 ego
2138 1795 2277 1841 sum,

2391 575 2462 628 rit
2500 595 2511 629 :
2548 577 2676 630 sede
2718 577 2826 640 hic,
2867 583 2921 629 et
2951 578 3171 646 publico
3200 577 3436 642 abstine,
3497 577 3659 630 donec
3715 577 3963 630 indnaris

2387 669 2579 722 uirtute
2613 686 2678 722 ea:
2701 669 2810 722 alto
2833 669 2898 732 ³⁸,
2933 684 3056 722 cum
3087 669 3239 722 firma
3270 685 3364 740 spe
3393 678 3447 724 et
3475 668 3781 739 inexplebili
3827 685 3962 740 gau-

2387 766 2479 819 dio
2514 765 2672 819 obcdi
2702 782 2715 816 :
2750 781 2912 819 verax
2952 767 3248 835 siquidem,
3287 768 3483 820 fratres
3525 768 3651 828 mei,
3686 768 3809 820 talis
3842 781 3959 818 ma-

2388 855 2577 925 gister,
2607 864 2659 909 et
2683 870 2711 908 a
2738 857 3022 911 mendacio
3049 857 3263 913 alienus
3287 866 3393 913 est.
3421 859 3778 928 Sttperven'et
3808 873 3962 910 naru-

2387 963 2492 1016 que
2525 949 2579 1001 in
2615 957 2668 1002 te
2699 949 2861 1002 etiam
2892 964 3039 1004 nunc
3069 965 3168 1018 par
3196 952 3529 1004 sanctissimi
3567 951 3807 1018 Spiritus
3844 952 3961 1000 vir-

2387 1048 2497 1105 tus,
2531 1055 2640 1094 non
2680 1041 2734 1094 in
2776 1042 2961 1109 specie
3007 1041 3170 1110 ignis,
3202 1049 3261 1094 ut
3308 1057 3475 1094 sensu
3519 1041 3722 1110 percipi
3771 1044 3963 1109 possit,

2388 1147 2698 1200 apparens;
2732 1147 2830 1184 nec
2862 1146 2984 1184 cum
3020 1133 3191 1183 multo
3231 1132 3441 1193 sonitu,
3475 1133 3528 1184 in
3563 1133 3757 1200 spiritu
3795 1133 3962 1184 vehe-

2388 1222 2556 1274 menti
2589 1221 2725 1288 (hzec
2750 1221 2894 1274 enim
2927 1228 3150 1290 propter
3176 1219 3487 1274 incredulos
3519 1219 3661 1272 facta
3691 1225 3842 1283 sunt)
3867 1220 3967 1275 sel

2389 1313 2442 1366 in
2492 1316 2675 1383 specie
2718 1314 2963 1378 luminis,
2994 1312 3140 1382 quod
3197 1313 3364 1366 menti
3420 1322 3588 1380 patet,
3631 1325 3752 1366 cum
3807 1313 3964 1364 omni

2388 1406 2783 1474 tranquillitate
2812 1417 2865 1460 et
2901 1405 3250 1474 iucunditate
3291 1404 3486 1468 animi,
3532 1407 3634 1465 sic,
3665 1415 3725 1457 ut
3759 1404 3968 1458 intelli-

2387 1515 2505 1570 gas,
2539 1499 2636 1552 tibi
2667 1500 2951 1570 apparebit
2994 1516 3008 1551 :
3052 1501 3195 1568 quod
3237 1499 3429 1553 attenti
3502 1514 3566 1553 ae
3614 1498 3772 1567 primi
3816 1497 3968 1550 illius

2387 1593 2612 1648 luminis
2647 1594 3002 1662 promutuum,
3065 1601 3119 1646 et
3146 1591 3325 1663 fulgor
3365 1607 3428 1646 ae
3450 1592 3682 1645 scintilla
3717 1590 3966 1659 quadam

2388 1689 2735 1756 sempiternae
2763 1684 3120 1740 beatitudinis
3137 1694 3241 1740 est.
3259 1684 3370 1739 Hoc
3400 1685 3778 1738 nunclucente
3805 1681 3969 1735 lumi-

2389 1794 2477 1840 ne,
2510 1779 2692 1833 Omnis
2723 1779 2966 1849 inquieta
3041 1793 3106 1832 ac
3141 1778 3452 1832 turbulenta
3485 1778 3744 1847 cogitatio
3779 1775 3968 1844 dispe-

701 1875 924 1925 Uomine
957 1874 1049 1924 ’3?
1088 1874 1300 1926 Etenim
1337 1874 1388 1924 in
1421 1873 1688 1939 plurimis,
1722 1885 1766 1925 et
1807 1888 1896 1941 per
1922 1873 2278 1942 ignorantiam
2312 1850 2355 1906 Β
2388 1872 2480 1932 rit,
2520 1881 2575 1925 et
2615 1875 2797 1926 omnis
2843 1872 3170 1926 concitatior
3222 1871 3388 1924 animi
3437 1869 3606 1923 motio
3637 1869 3964 1937 dissipatur,

695 1965 1010 2032 nﬂ'endimus
1051 1964 1116 2015 '9.
1163 1963 1331 2015 l’orro
1375 1964 1426 2014 in
1485 1972 1676 2031 pectus
1734 1962 1912 2016 l’atris
1958 1961 2281 2014 recumbere

697 2073 807 2110 non
864 2055 1121 2109 conducit
1170 2055 1286 2107 tibi.
1339 2054 1470 2106 Nam
1523 2053 1626 2107 etsi
1660 2051 1903 2106 Joannes
1944 2067 2053 2121 prae
2110 2050 2278 2103 multa

700 2165 827 2218 erga
876 2149 1157 2203 Christum
1193 2147 1480 2210 charitate,
1521 2155 1581 2200 ut
1615 2161 1740 2200 cum
1797 2147 2013 2199 homine
2058 2146 2169 2214 egit
2216 2143 2281 2196 li-

703 2246 849 2301 bere,
895 2241 1251 2293 nihilominus
1291 2249 1345 2293 et
1375 2241 1490 2308 ipse
1525 2254 1648 2292 cum
1683 2240 1961 2301 omnibus,
1994 2253 2119 2290 cum
2161 2251 2280 2290 om-

701 2334 790 2384 nia
829 2333 1074 2394 fecisset,
1107 2331 1348 2400 seipsunt
1382 2331 1630 2393 inutilem
1673 2344 1886 2385 servum
1923 2342 2121 2381 vocare
2155 2327 2279 2396 jus-

698 2444 793 2482 sus
823 2436 930 2482 cst.
971 2427 1023 2478 Si
1059 2425 1258 2479 videris
1287 2425 1478 2478 ducem
1521 2433 1675 2477 tuum
1717 2436 1882 2491 supra
1918 2429 2126 2473 natura:
2165 2433 2281 2472 mo-

697 2534 808 2572 rem
843 2518 979 2571 tnira
1008 2516 1193 2581 edere,
1237 2515 1490 2583 famaque
1521 2513 1848 2578 clarescere,
1880 2511 2062 2572 crede,
2090 2521 2143 2564 et
2177 2510 2274 2562 la:-

699 2625 839 2670 iare,
879 2609 1098 2676 Ιὶυιιψιιξ
1129 2607 1336 2676 gratias
1386 2619 1505 2675 age,
1539 2605 1684 2674 quod
1735 2602 2048 2673 hujusmodi
2101 2601 2278 2670 magi-

696 2714 872 2756 strum
924 2703 1152 2755 sortitus
1199 2716 1278 2754 es.
1315 2698 1418 2752 Sed
1459 2715 1526 2752 ne
1579 2699 1746 2751 invidi
1808 2695 2126 2750 scandalum
2180 2687 2277 2746 tibi

696 2799 934 2865 pariant,
971 2813 1094 2849 cum
1124 2810 1245 2848 eum
1280 2793 1349 2847 ab
1377 2793 1486 2848 illis
1517 2792 1749 2847 fortasse
1781 2790 2095 2859 ignominiis
2136 2788 2279 2842 ntul-

698 2893 821 2955 tari,
850 2901 902 2942 et
934 2889 1106 2956 alapis
1138 2887 1296 2951 caedi,
1341 2894 1393 2940 et
1430 2884 1632 2954 raptari
1666 2884 1979 2953 conspicies
2007 2900 2021 2935 :
2053 2885 2183 2952 quin
2221 2888 2280 2934 ut

699 2982 939 3037 fervidus
991 2980 1081 3032 ille
1134 2978 1324 3032 Petrus
1359 2977 1598 3045 gladium
1650 2978 1849 3043 arripe,
1904 2975 2136 3044 ejusque
2185 2973 2279 3042 qtti

696 3084 886 3129 contra
933 3079 1139 3140 patrem
1191 3079 1345 3122 tuum
1394 3069 1686 3128 blaterare.
1725 3076 1820 3120 aut
1856 3083 1979 3120 eum
2013 3066 2280 3134 attingere

2383 1963 2563 2018 omnis
2591 1963 2838 2033 corporis
2873 1963 3099 2018 morbus
3135 1971 3376 2016 sanatur.
3414 1960 3568 2014 Tunc
3597 1962 3739 2015 oculi
3779 1961 3966 2015 cordis

2383 2057 2462 2110 tui
2502 2065 2829 2126 purgantur,
2869 2065 3214 2123 cernuntque
3244 2055 3438 2119 Deum,
3470 2055 3615 2123 quod
3647 2055 3698 2107 in
3727 2054 3967 2107 beatitu-

2381 2150 2604 2205 dinibus
2629 2151 2896 2218 scriptum
2920 2160 3004 2204 est
3033 2149 3098 2202 ³².
3126 2148 3281 2202 Tunc
3307 2150 3454 2202 velut
3476 2148 3529 2201 in
3557 2149 3780 2216 speculo
3805 2161 3968 2214 parva

2382 2246 2563 2292 errata
2598 2251 2697 2291 sua
2738 2238 2956 2290 intuens
2985 2237 3195 2301 anima,
3241 2237 3292 2290 in
3331 2241 3587 2308 abyssum
3643 2239 3970 2290 humilitatis

2382 2329 2658 2397 dejicitur,
2691 2339 3085 2398 perspectaque
3119 2329 3306 2398 gloria:
3358 2330 3758 2398 magnitudine,
3812 2331 3964 2382 omni

2382 2421 2570 2476 laetitia
2602 2432 2656 2476 et
2687 2423 2966 2492 voluptate
3011 2425 3274 2491 repletur,
3319 2433 3373 2478 et
3405 2424 3684 2492 inSperato
3729 2426 3964 2476 attonita

2383 2516 2670 2582 miraculo,
2708 2517 2963 2586 lacrymis
2999 2517 3234 2570 ubertim
3281 2524 3472 2570 rorat:
3507 2529 3670 2586 atque
3705 2518 3777 2570 ita
3814 2527 3964 2572 totus

2383 2609 2547 2665 homo
2596 2610 2943 2674 immutatur,
2996 2618 3051 2664 et
3097 2611 3265 2663 Deum
3317 2611 3618 2679 cognoscit,
3669 2611 3738 2662 ab
3785 2626 3967 2678 eoque

2380 2704 2620 2773 primum
2667 2705 3041 2773 cognoscitur.
3073 2700 3198 2755 llmc
3246 2717 3485 2772 namque
3541 2704 3674 2756 sola‘
3714 2704 3966 2755 omnium

2381 2795 2690 2849 carlcstittm
2743 2809 2810 2849 ac
2864 2796 3229 2856 terrestrium,
3274 2794 3624 2862 praesentium
3661 2804 3715 2847 et
3750 2795 3970 2848 futuro-

2381 2903 2527 2952 rum,
2559 2887 2958 2953 tristilicorum,
2990 2887 3443 2955 laatiﬁcorumque
3491 2889 3966 2957 contemptionem

2385 2980 2588 3034 homini
2625 2981 2928 3048 ingenerat,
2959 2995 3121 3047 quem
3151 2981 3314 3034 simul
3348 2981 3584 3033 amicum
3615 2980 3730 3041 Dei,
3778 2992 3831 3034 et
3873 2978 3968 3032 Fi-

2385 3072 2515 3125 lium
2562 3071 2858 3132 Altissimi,
2892 3078 2947 3124 et
2983 3072 3148 3124 Deum
3193 3071 3480 3140 (quantum
3515 3071 3740 3140 quidem
3780 3074 3832 3124 in
3871 3072 3968 3124 ho-

699 3180 804 3217 non
843 3174 1057 3216 veretur
1095 3176 1198 3213 non
1230 3159 1530 3213 auriculam
1565 3159 1767 3221 solum,
1803 3158 1897 3213 sed
1934 3168 1990 3212 et
2051 3173 2274 3210 manum
2304 3187 2350 3250 ρ
2384 3165 2584 3219 minem
2615 3165 2785 3233 cadit)
2816 3163 2999 3217 efﬁcit,

697 3267 749 3306 et
783 3257 1020 3323 linguam
1053 3260 1297 3321 amputa.
1343 3249 1498 3315 Quod
1533 3250 1577 3303 si
1628 3250 1815 3314 etiam,
1849 3259 1908 3303 nt
1953 3251 2065 3313 ille,
2108 3251 2277 3304 casti-

700 3361 846 3414 gere,
884 3344 1109 3396 onmino
1145 3355 1325 3396 tamen
1362 3342 1433 3394 ob
1481 3341 1752 3410 egregiam
1784 3340 1941 3394 fidem
2002 3351 2052 3394 et
2099 3341 2278 3392 chari-

697 3447 862 3491 tatem
893 3438 1066 3503 ntagis
1093 3433 1412 3486 laudabere.
1460 3430 1578 3494 Sin,
1628 3441 1685 3484 ttt
1732 3431 1916 3496 homo,
1954 3433 2278 3501 perterritus

696 3529 905 3583 dixeris
942 3545 956 3582 :
1001 3525 1127 3579 Non
1160 3526 1277 3578 novi
1327 3525 1586 3577 hominem
1606 3524 1676 3588 ³ο,
1713 3537 1931 3576 rursum
1984 3537 2150 3592 super
2179 3523 2278 3574 hoc

698 3636 884 3674 amare
920 3620 1094 3688 plora,
1126 3631 1175 3671 et
1215 3634 1281 3669 ne
1311 3617 1690 3684 desperatione
1725 3615 2082 3668 absorbeare.
2120 3614 2276 3679 Quod

696 3717 744 3768 si
780 3713 942 3772 faxis,
976 3725 1297 3780 persuasum
1355 3711 1528 3762 habeo
1575 3707 1712 3769 fore,
1747 3718 1805 3760 ut
1837 3707 1925 3760 ille
1955 3717 2006 3760 te
2040 3706 2275 3776 primunt

698 3808 762 3858 ad
798 3821 854 3859 se
887 3806 1144 3857 attrahat.
1175 3803 1231 3855 Si
1263 3817 1386 3854 eum
1416 3810 1672 3869 tanquant
1704 3799 2028 3854 sceleratum
2059 3800 2110 3851 in
2143 3814 2276 3851 eru-

697 3915 814 3952 cem
846 3897 1008 3967 alligi,
1047 3907 1100 3948 et
1131 3911 1226 3964 pro
1262 3897 1546 3949 sceleratis
1589 3893 1722 3946 mori
1759 3893 2058 3960 aspexeris,
2099 3892 2141 3945 si
2174 3905 2259 3960 po-

698 4001 799 4051 tes,
837 4003 1219 4041 commorere:
1257 3996 1350 4040 aut
1392 3993 1539 4039 certe
1571 4001 1637 4037 ne
1683 3984 1843 4037 malis
1879 3995 1938 4038 ut
1987 3986 2187 4048 malus,
2224 3992 2278 4038 et

701 4081 946 4151 proditor
982 4091 1031 4132 te
1077 4080 1332 4147 adjunge,
1374 4092 1547 4146 neque
1586 4092 1708 4130 cum
1741 4076 1872 4144 ipsis
1904 4077 1958 4130 in
2010 4078 2316 4146 sanguine‘

699 4176 976 4230 innoeenti
1013 4175 1392 4237 communica;
1429 4173 1526 4227 sed
1554 4182 1611 4226 ut
1641 4173 1742 4241 qui
1774 4189 1838 4226 ex
1871 4174 2190 4238 timiditate,
2226 4182 2280 4227 et

697 4269 1025 4323 infractione
1083 4267 1250 4319 animi
1303 4267 1580 4334 paulisper
1618 4275 1890 4333 pastorem
1941 4266 2276 4333 deserueris,

698 4363 856 4414 fidem
911 4361 961 4413 itt
995 4360 1145 4413 illum
1191 4359 1256 4412 de
1296 4361 1511 4428 integro
1546 4359 1784 4415 Custodi.
1825 4358 1880 4410 Si
1918 4359 2153 4412 vinculis
2203 4359 2278 4413 leo

699 4457 938 4518 vahitur,
972 4469 1032 4508 ac
1094 4454 1420 4516 dimittetur,
1481 4455 1676 4505 iterum
1735 4452 1954 4512 accede,
2010 4467 2073 4502 ac
2127 4452 2279 4503 velut

2460 3258 2594 3312 Vide
2627 3258 2812 3327 igitur,
2851 3256 3039 3321 frater,
3089 3273 3156 3311 ne
3207 3256 3345 3310 forte
3395 3265 3594 3326 praeter
3626 3257 3966 3312 voluntatem

2388 3349 2693 3403 deteriores
2723 3349 2994 3418 sequaris.
3025 3346 3161 3401 Nam
3213 3349 3306 3417 qui
3352 3349 3742 3418 perspicientia
3778 3351 3922 3404 Valet
3953 3391 3968 3414 ,

2382 3441 2572 3511 lupum
2631 3441 2699 3494 ab
2737 3456 2858 3501 ove,
2893 3441 3158 3494 latronem
3213 3455 3241 3492 a
3292 3448 3514 3510 pastore
3577 3440 3963 3495 internoscet:

2383 3538 2526 3588 sicut
2557 3534 2816 3587 nimirum
2850 3535 2966 3603 ipse
3003 3533 3270 3587 Dominus
3297 3546 3362 3585 ac
3413 3530 3555 3586 Deus
3600 3542 3791 3588 noster
3821 3533 3968 3587 adir-

2385 3628 2594 3680 mavit:
2633 3625 2926 3688 Attendite,
2959 3626 3158 3693 inquit,
3192 3641 3222 3675 a
3258 3623 3410 3689 falsis
3442 3623 3730 3690 prophetis,
3764 3626 3856 3692 qui
3886 3641 3971 3678 rc-

2383 3719 2535 3770 niunt
2571 3719 2639 3771 ad
2669 3733 2756 3771 vos
2783 3720 2838 3770 in
2867 3719 3188 3770 vestimentis
3217 3715 3414 3780 ovium,
3443 3715 3767 3769 intrinsecus
3787 3730 3966 3768 autem

2383 3824 2504 3867 sunt
2554 3813 2668 3878 lupi
2715 3825 2953 3877 rapaces.
2999 3808 3043 3861 Α
3095 3807 3358 3875 fructibus
3407 3822 3588 3860 eorum
3640 3811 3967 3877 cognoscetis

2381 3920 2468 3956 eos
2510 3903 2576 3958 ³⁸.
2610 3899 2684 3956 Ut
2714 3903 2858 3955 enim
2892 3900 3058 3955 arbor
3096 3915 3160 3954 ex
3194 3900 3376 3954 fructu
3404 3941 3418 3964 ,
3454 3901 3533 3955 sic
3560 3900 3723 3954 homo
3753 3916 3816 3953 es
3854 3917 3967 3954 ser-

2384 4011 2544 4049 mone
2573 4002 2628 4047 et
2651 4009 2816 4064 opere
2843 4007 2944 4047 suo
2975 3993 3153 4061 qualis
3193 3993 3266 4047 sit
3301 3995 3700 4061 cognoscitur:
3727 3993 3822 4047 sed
3865 4008 3965 4047 co-

2383 4087 2669 4157 gnoscitur
2701 4086 2769 4140 ab
2793 4085 2860 4140 iis
2920 4085 2975 4138 in
3003 4087 3206 4154 quibus
3232 4099 3368 4140 sana
3391 4094 3475 4140 est
3498 4087 3662 4149 ratio,
3684 4095 3742 4140 et
3771 4087 3970 4139 animae

2383 4196 2579 4236 sensus
2612 4188 2854 4234 constat.
2885 4178 3080 4233 Ceteri
3125 4194 3364 4247 namque
3405 4179 3652 4233 homines
3690 4178 3856 4232 etiam
3901 4181 3968 4232 ad

2385 4274 2499 4342 ipsa
2542 4287 2709 4341 opera
2773 4271 3134 4326 discernenda
3194 4271 3393 4339 stupidi
3451 4286 3514 4324 ac
3571 4271 3753 4324 stolidi
3817 4281 3967 4324 sunt.

2383 4364 2704 4433 Quempiam
2741 4378 2807 4417 ex
2846 4363 3030 4416 inedia
3079 4373 3388 4433 captantem
3421 4375 3610 4415 auram
3637 4362 3966 4430 popularem

2383 4458 2636 4509 videntes
2667 4457 3076 4516 commendant,
3101 4463 3156 4508 et
3182 4470 3304 4508 cum
3335 4454 3645 4506 humilitate
3670 4459 3969 4506 comeden-

700 4557 993 4615 martyrem
1029 4548 1260 4615 amplius
1288 4558 1570 4599 venerare.
1606 4543 1758 4609 Quod
1792 4543 1837 4595 si
1871 4544 1922 4594 in
1966 4544 2280 4595 tentatiotti-
2313 4525 2360 4582 θ
2389 4560 2493 4602 tem
2525 4549 2803 4601 damnant.
2842 4548 3019 4600 Alium
3045 4547 3098 4599 in
3119 4547 3430 4600 humilitate
3449 4545 3571 4600 cibo
3595 4546 3964 4600 abstinentem

699 4642 798 4691 bas
831 4638 1068 4690 animam
1103 4637 1396 4689 reddiderit
1419 4675 1433 4699 ,
1466 4649 1667 4702 corpus
1701 4633 1820 4699 ejus
1853 4633 1971 4686 sine
2020 4642 2162 4684 metu
2195 4649 2276 4685 rc-

699 4732 875 4800 quire,
901 4739 955 4784 et
987 4730 1115 4783 illud
1155 4730 1326 4782 multo
1379 4729 1552 4795 magis
1585 4741 1750 4795 quam
1795 4727 1983 4778 vivens
2035 4740 2276 4793 praesens

699 4828 931 4886 honora,
986 4833 1374 4892 unguentoque
1432 4819 1762 4881 delibutum,
1816 4825 2138 4887 sumptuose
2186 4827 2276 4869 tu-

699 4919 864 4968 tnnla.
899 4915 1225 4982 Quanquam
1257 4913 1404 4965 enim
1451 4927 1558 4964 non
1595 4919 1714 4979 post
1755 4909 1994 4961 triduum
2027 4918 2277 4964 extremo

695 5009 781 5061 die
817 5009 1062 5078 profecto
1099 5022 1222 5061 cum
1256 5006 1530 5060 universis
1562 5011 1829 5070 resurget.
1863 5001 2038 5055 Crede
2067 5013 2272 5067 autem,

698 5101 848 5155 illum
891 5117 1012 5154 cum
1052 5099 1249 5153 fiducia
1277 5108 1458 5153 astare
1488 5095 1622 5160 Deo,
1659 5097 1873 5148 tametsi
1912 5109 2114 5164 corpus
2151 5096 2272 5163 ejus

697 5195 953 5262 sepulcro
990 5194 1086 5246 abs
1123 5201 1173 5246 te
1223 5190 1503 5244 conditum
1551 5191 1749 5257 jaeeat,
1787 5203 1850 5240 ac
1894 5188 2013 5240 sine
2053 5187 2271 5240 dubita-

695 5288 847 5340 tione
877 5301 1064 5355 preees
1099 5285 1344 5353 ejusdem
1392 5296 1654 5351 cxposce,
1691 5293 1744 5334 et
1779 5279 2140 5349 opitulabitur
2172 5280 2268 5332 tibi

697 5378 807 5441 hic,
828 5387 991 5446 atque
1013 5377 1067 5430 in
1092 5375 1339 5428 adversis
1362 5374 1619 5426 omnibus
1651 5369 1892 5423 tuebitur
1921 5379 1993 5433 te,
2013 5379 2067 5423 et
2087 5384 2117 5422 e
2149 5384 2265 5422 cor-

696 5483 829 5535 pore
857 5471 1206 5521 excedentem
1241 5465 1462 5531 recipiet
1489 5504 1501 5524 ,
1533 5475 1901 5522 :rternamqne
1936 5462 2277 5512 mansionem

700 5561 1028 5630 praeparabit
1057 5561 1176 5614 tibi.
1215 5559 1272 5611 Si
1318 5566 1436 5626 post
1469 5554 1653 5606 omnia
1683 5569 1802 5620 qua:
1833 5552 2096 5616 diximus,
2127 5567 2278 5606 scor-

769 5764 814 5796 ¹⁶
851 5764 972 5819 Jan.
1013 5778 1134 5827 XIII,
1200 5763 1283 5815 18.
1362 5764 1401 5791 ³⁷
1439 5763 1626 5815 Matth.
1665 5780 1812 5826 XXVI,
1855 5765 1944 5816 9|.

709 5837 787 5895 i9.
864 5837 908 5866 "
942 5837 1130 5889 Matth.
1161 5851 1209 5898 \',
1251 5835 1267 5885 l
1300 5850 1357 5888 se
1382 5851 1452 5901 λιι.
1533 5835 1573 5863 ῖδ
1611 5836 1742 5888 lbid.
1766 5851 1860 5899 ιιι,
1904 5835 1983 5886 lii.

2026 5763 2071 5795 ’³
2109 5762 2243 5819 Ibid.
2284 5759 2379 5815 2:2.

2385 4657 2481 4710 pro
2524 4641 2803 4710 hypocrita
2840 4640 3074 4702 habent;
3121 4650 3311 4693 contra
3357 4639 3617 4708 ingluviei
3671 4639 3923 4695 deditum
3952 4680 3966 4704 ,

2385 4732 2714 4800 simplicem,
2746 4740 2799 4785 et
2828 4731 3053 4785 minime
3081 4731 3134 4784 in
3167 4731 3344 4800 epulis
3376 4742 3695 4785 accuratum
3729 4733 3967 4797 ducunt,

2384 4826 2634 4895 quicum
2687 4825 2880 4878 crebro
2925 4824 3250 4878 accumbere
3304 4824 3686 4887 delectantur,
3741 4827 3969 4880 vitiosas

2386 4918 2516 4973 inde
2557 4917 2873 4971 affectiones
2923 4929 3054 4970 suas
3083 4917 3459 4970 consolantes.
3493 4916 3637 4983 Quin
3670 4918 3840 4969 etiam
3877 4939 3964 4970 ςε-

2388 5011 2492 5064 lem
2557 5011 2920 5072 simulantes,
2978 5006 3298 5076 facetasque
3355 5023 3529 5077 nugas
3583 5009 3969 5077 intempestive

2384 5102 2723 5163 cfl'utientes,
2753 5112 2806 5154 ct
2841 5099 3085 5169 gestibus
3131 5098 3408 5153 indecoris
3463 5099 3635 5152 risum
3669 5099 3792 5152 aliis
3836 5114 3925 5152 nio
3959 5131 3966 5136 -

2383 5205 2594 5255 ventes,
2622 5196 2770 5246 velut
2813 5191 2906 5260 qtti
2944 5207 3038 5258 per
3069 5191 3247 5244 studia
3295 5191 3628 5255 istiusmodi,
3665 5203 3877 5260 gestus.
3911 5201 3966 5244 et

2382 5299 2665 5339 sermones
2698 5283 2956 5334 virtutem
3003 5297 3194 5340 suam,
3232 5291 3286 5335 ct
3332 5281 3600 5333 ἀπάθειαν
3629 5292 3812 5350 tegere
3875 5298 3971 5336 co-

2380 5384 2584 5428 nentur
2621 5373 2750 5424 dum
2796 5381 3068 5440 reputant,
3106 5386 3201 5425 eos
3233 5372 3325 5439 qui
3361 5387 3483 5425 cum
3517 5373 3800 5440 religione,
3836 5389 3964 5426 cum

2381 5468 2582 5520 virtute
2663 5473 2718 5518 et
2771 5463 3122 5532 simplicitate
3161 5463 3346 5517 cordis
3399 5462 3563 5515 vitam
3622 5462 3963 5523 trador-unt,

2381 5571 2508 5611 vere
2537 5562 2782 5617 sanctos,
2809 5562 2868 5606 ut
2896 5554 3111 5621 aliquos
3137 5553 3204 5608 de
3231 5554 3360 5608 faece
3380 5553 3526 5623 vulgi
3561 5553 3716 5607 falsis
3743 5554 3967 5605 ratiun—

2448 5757 2630 5812 "Jac.
2672 5770 2755 5820 ιιι,
2789 5755 2846 5809 9..
2925 5753 2970 5786 '°
3001 5753 3192 5809 Matth.
3231 5768 3376 5816 uvr,
3412 5751 3502 5808 72.
3580 5753 3621 5784 ³³
3669 5751 3806 5806 Luc.
3848 5772 3966 5822 ut,
