4170 6452
203 408 311 473 433

1556 406 1839 471 ORATIO
1860 407 2073 469 XXIV.

3373 414 3477 481 434

203 525 347 582 culis
379 521 681 593 decipiant,
711 521 890 592 iisque
925 526 1300 577 antevortunt.
1350 518 1553 575 Adinec
1586 519 1679 573 alii
1711 518 1793 572 lo.
1824 516 1871 575 Δ
1900 522 1965 575 Et.
1998 524 2172 579 sancti
2202 524 2393 581 Patres
2431 525 2691 582 Ecclesia:
2722 528 2933 585 lumina
2968 545 3031 584 ac
3061 530 3333 600 magistri,
3392 535 3478 585 ni-

202 630 461 684 quacem,
501 620 555 669 et
588 612 1096 677 ostendabundum,
1131 611 1446 683 appositum
1489 610 1554 664 ad
1589 610 1794 664 docen-

202 708 361 773 dum,
395 717 451 762 et
484 707 825 777 spiritualem
855 720 981 762 esse
1015 706 1336 762 existimant
1368 722 1381 759 :
1429 706 1791 769 taciturnum,

206 813 258 856 et
296 803 481 855 otiosa
513 802 678 856 verba
710 808 993 856 caventem
1026 799 1238 864 sedulo,
1272 806 1543 869 agrestem
1577 808 1632 854 et
1668 814 1792 852 mu-

208 904 322 948 tum
357 895 744 963 pronuntiant.
773 893 877 947 Alii
904 894 957 948 in
993 893 1202 963 Spiritu
1233 900 1428 948 sancto
1453 892 1791 961 loquentem,

205 998 260 1039 ut
297 989 410 1041 alta
446 989 747 1056 sapientem
800 1002 864 1041 ac
911 987 1209 1057 superbum
1236 995 1584 1048 aversantur,
1612 984 1794 1040 verbis

204 1080 325 1148 ejus
372 1080 593 1133 attoniti
627 1078 800 1149 magis
828 1117 844 1141 ,
880 1093 1043 1146 quam
1083 1077 1395 1145 eompuncti
1428 1091 1443 1129 :
1472 1086 1665 1131 natura
1703 1092 1799 1128 an-

205 1181 341 1235 tem,
375 1181 469 1223 aut
499 1186 567 1225 ex
596 1170 1017 1240 disciplinarum
1058 1168 1251 1240 peritia
1278 1183 1375 1224 ore
1405 1169 1643 1225 rotundo
1677 1168 1792 1224 dis-

206 1271 510 1328 serentem,
557 1270 611 1316 et
662 1272 857 1315 contra
905 1261 1138 1316 salutem
1186 1274 1340 1315 snam
1397 1260 1749 1316 mentientem
1778 1300 1792 1325 ,

204 1369 374 1422 supra
412 1355 630 1408 modum
671 1355 1059 1408 commendant
1127 1361 1184 1408 et
1216 1353 1471 1423 probant.
1510 1354 1689 1421 Atque
1720 1354 1794 1406 ita

204 1446 392 1500 nullus
429 1445 571 1499 inter
598 1445 695 1500 hos
720 1454 828 1507 est.
857 1445 951 1515 qui
978 1454 1147 1508 recte,
1178 1454 1233 1499 et
1270 1453 1329 1499 ut
1356 1459 1414 1500 se
1451 1444 1640 1507 habet,
1676 1460 1789 1499 rem

204 1536 420 1601 videre,
454 1537 875 1607 dijudicareque
930 1538 1124 1607 possit.
1174 1536 1303 1591 Rari
1354 1545 1485 1593 sunt
1534 1537 1705 1602 enim,
1744 1545 1797 1591 et

204 1631 293 1683 his
323 1632 665 1699 temporibus
712 1631 1095 1702 potissimum,
1126 1629 1219 1699 qui
1264 1629 1479 1685 animos
1526 1630 1664 1684 bene
1711 1646 1796 1685 rc-

205 1736 355 1789 gere,
384 1737 687 1791 eorumque
726 1725 951 1780 morbos
980 1724 1149 1793 probe
1172 1738 1372 1779 curare
1407 1723 1613 1778 sciant.
1643 1721 1798 1791 Jeju-

205 1814 294 1866 nia
323 1814 496 1877 enim,
527 1824 582 1869 et
611 1815 829 1883 vigilias
856 1823 912 1870 et
947 1817 1186 1886 speciem
1225 1816 1445 1887 pietatis
1482 1816 1638 1870 multi
1672 1814 1790 1869 for-
1826 1856 1868 1911 Β

207 1912 361 1958 tasse
407 1904 782 1971 simularunt,
827 1902 922 1961 aut
972 1907 1138 1962 etiam
1179 1923 1346 1978 opere
1383 1915 1788 1975 exercuerunt,

209 2012 311 2051 nec
344 2012 520 2064 partes
555 2014 586 2052 e
616 2006 840 2067 pectore
878 1998 1239 2070 depromere,
1273 2008 1329 2055 et
1378 2000 1561 2055 verbis
1596 1999 1793 2058 docere

205 2090 398 2158 plures
427 2088 587 2143 facile
623 2098 851 2157 possunt
887 2108 903 2146 :
934 2099 1019 2146 ast
1039 2092 1131 2158 qui
1159 2105 1285 2145 cum
1317 2092 1577 2164 lacrymis
1611 2104 1793 2150 motus

205 2195 235 2234 a
270 2181 485 2235 ratione
515 2197 739 2236 aversos
773 2182 1121 2245 exscindant,
1148 2184 1497 2253 virtutesque
1536 2199 1793 2254 compre-

210 2272 474 2327 bensit'as
527 2273 601 2326 ita
656 2273 978 2343 possideant
1019 2284 1079 2329 ut
1127 2276 1194 2330 iis
1230 2277 1453 2345 spoliari
1489 2287 1793 2346 nequeant,

206 2364 469 2433 perpauci
542 2364 914 2433 reperiuntur.
983 2366 1228 2423 Virtutes
1306 2369 1793 2436 comprehensivas

205 2457 547 2525 appellamus
605 2457 1010 2523 humilitatem,
1068 2459 1391 2514 vitiosarum
1442 2459 1792 2517 affectionum

201 2548 618 2618 jngulatricem,
650 2559 705 2605 et
745 2552 994 2609 caelestis
1036 2562 1203 2623 atque
1266 2555 1531 2625 angelica:
1561 2559 1795 2626 apathite

204 2639 668 2693 conciliatricem.
720 2640 853 2695 Item
912 2642 1274 2710 charitatem,
1332 2660 1454 2714 qua:
1513 2662 1794 2718 nunquam

206 2740 341 2795 stat,
382 2747 562 2800 neque
602 2734 785 2797 cadit;
835 2734 930 2789 sed
965 2735 1244 2805 prioribus
1293 2751 1512 2807 semper
1559 2741 1793 2808 adjicit,

207 2822 546 2879 desiderium
595 2826 892 2886 desiderio.
937 2843 1180 2899 amorem
1241 2844 1433 2886 amore
1480 2834 1793 2889 cumulatis.

207 2914 287 2968 Ex
320 2929 428 2982 qua
461 2915 722 2973 discretio
754 2919 992 2984 exsistit,
1030 2935 1152 2990 quae
1195 2929 1249 2974 et
1296 2923 1557 2992 seipsam,
1604 2933 1659 2978 et
1709 2940 1797 2979 se-

206 3016 444 3075 quentes
473 3023 531 3062 se
561 3021 710 3063 recta
737 3009 911 3075 ducit,
938 3023 989 3066 et
1022 3013 1162 3069 bene
1192 3016 1537 3081 procedendo
1570 3030 1632 3071 ac
1667 3032 1797 3086 pro-

208 3100 446 3154 ficiendo
502 3116 669 3165 nare,
698 3103 845 3171 quod
892 3103 1007 3159 sola
1063 3105 1427 3177 intelligentia
1467 3110 1790 3179 percipitur.

1898 615 1972 671 hil
2010 615 2230 686 scriptis
2263 617 2597 672 mandarunt
2626 658 2640 681 ,
2674 628 2765 673 aut
2800 635 2933 675 voce
2966 619 3296 684 docuerunt,
3330 623 3478 689 quod

1899 711 2002 781 ipsi
2048 711 2201 782 prius
2238 708 2383 765 facto
2412 725 2518 765 non
2548 710 2958 781 prmslitissent,
2994 720 3047 766 et
3080 714 3172 767 ubi
3211 715 3479 782 pratstitev

1897 813 2045 866 runt,
2089 818 2175 857 res
2206 802 2313 858 illis
2344 804 2615 857 successit
2651 818 2716 857 ex
2749 804 3038 858 sententia.
3069 805 3283 858 Eten'm
3315 804 3480 858 disci-

1898 891 2010 962 puli
2042 892 2305 960 magistro
2341 892 2431 945 tali
2458 906 2679 962 operam
2712 894 2906 948 dantes
2936 932 2951 956 ,
3007 901 3073 947 ad
3123 896 3245 961 ejus
3300 893 3481 947 imita‘

1897 984 2101 1037 tionem
2134 983 2438 1036 incitantur
2471 1000 2486 1038 :
2522 998 2622 1037 nec
2663 993 2871 1039 tantum
2899 1000 2962 1039 ex
2987 985 3094 1039 illis
3128 987 3475 1040 sermonibus

1897 1077 2209 1146 proficiunt,
2246 1090 2508 1146 quantum
2556 1078 2832 1148 praeclaris
2870 1078 3115 1148 ejusdem
3168 1078 3480 1132 actionibus

1896 1177 1951 1224 et
1986 1170 2234 1240 exemplo
2277 1170 2341 1223 ad
2369 1171 2621 1225 virtutem
2654 1170 3049 1239 capessendam
3086 1169 3479 1234 exardescttnt,

1897 1268 1951 1315 et
1992 1261 2186 1316 iisdem
2222 1261 2465 1329 vestigiis
2502 1260 2753 1316 incedere
2787 1271 3080 1331 coguntur.
3112 1262 3181 1314 At
3205 1260 3374 1323 enim,
3402 1276 3480 1313 va:

1898 1356 2056 1410 nobis
2081 1396 2096 1420 ,
2140 1356 2338 1410 fratres
2366 1394 2383 1419 ,
2415 1370 2538 1409 cum
2571 1357 2622 1408 iu
2656 1356 2813 1410 istam
2849 1355 3232 1409 confidentiam
3255 1393 3270 1416 ,
3325 1363 3379 1407 et
3423 1353 3483 1405 in

1899 1449 1998 1503 has
2030 1449 2284 1503 tenebras
2326 1448 2964 1515 monachi-incidimus,
3021 1456 3081 1503 ut
3131 1463 3228 1500 vos
3274 1446 3477 1501 Christi

1898 1556 2027 1596 oves
2058 1542 2178 1596 sine
2202 1541 2422 1597 Christo
2451 1557 2676 1611 pascere
2698 1542 3139 1611 aggrederentur,
3168 1555 3231 1593 ac
3260 1548 3481 1610 propter

1899 1634 2253 1702 voluptatem,
2281 1633 2674 1703 commodaqne
2709 1632 2982 1701 corporis.
3002 1642 3052 1686 et
3084 1629 3475 1700 acquirendam

1899 1726 2212 1793 pecuniam,
2256 1725 2631 1794 honoremque
2663 1726 2730 1779 ab
2755 1725 3072 1780 hominibus
3111 1725 3231 1793 (vae
3264 1724 3478 1791 abjecto

1901 1817 2033 1869 tnihi
2065 1825 2230 1885 atque
2263 1817 2503 1883 misero)
2529 1817 2885 1884 apostolicam
2939 1815 3259 1883 dignitatem
3295 1814 3476 1871 omni-

1897 1907 2074 1963 modis
2109 1922 2392 1963 assumere
2426 1908 2834 1967 contendimus.
2870 1910 3198 1977 illurttmque
3232 1916 3479 1975 potesta-

1898 2010 2003 2057 tem
2036 2017 2171 2057 auro
2204 2016 2535 2068 mercamur,
2562 2018 2659 2057 nec
2693 2001 2859 2057 Deum
2892 2005 3149 2058 timentes
3176 2043 3190 2065 ,
3224 2019 3323 2057 nec
3382 2002 3479 2057 ho-

1896 2094 2074 2148 mines
2110 2109 2212 2149 nos
2243 2094 2517 2149 intuentes
2572 2093 2816 2149 reveriti.
2873 2092 2951 2149 Ac
3007 2094 3205 2149 solium
3257 2093 3479 2162 quidem

1896 2188 2040 2256 regis
2074 2187 2165 2241 illo
2197 2187 2369 2241 invito
2399 2187 2771 2242 conscendere
2806 2202 2967 2241 nemo
3016 2188 3203 2240 audet.
3241 2186 3345 2241 Sed
3384 2203 3480 2240 nr.-

1895 2295 2003 2349 que
2035 2279 2380 2351 grammatici
2422 2320 2436 2343 ,
2496 2286 2592 2334 aut
2642 2279 2879 2334 rhetoris
2925 2279 3160 2348 alicujus
3213 2294 3482 2346 occuparo

1896 2372 2100 2437 locum,
2128 2371 2221 2442 qui
2251 2372 2420 2427 idiota
2463 2371 2555 2436 sit,
2593 2388 2770 2442 neque
2802 2372 3060 2427 audiente
3109 2373 3307 2442 populo
3338 2370 3484 2426 Serio

1897 2472 2089 2536 pturas
2115 2465 2373 2528 recitare.
2404 2465 2497 2535 qui
2524 2466 2734 2521 litteras
2755 2465 2946 2529 nescit,
2980 2480 3103 2519 cum
3135 2482 3234 2521 nos
3263 2465 3479 2519 interim

1900 2558 2183 2626 apostolici
2219 2557 2467 2614 muneris
2521 2557 2935 2627 amplitudinem
2992 2557 3343 2627 quaerimus;
3386 2569 3483 2612 aut

1900 2650 2064 2705 etiam
2092 2648 2331 2704 delatam
2364 2665 2471 2704 non
2509 2650 2814 2718 rejicimus,
2852 2651 2941 2719 qui
2974 2651 3202 2721 gratiam
3258 2660 3481 2721 aposto-

1900 2745 2077 2798 lorum
2112 2743 2353 2798 noudum
2387 2744 2701 2812 accepimus
2754 2760 2931 2813 neque
2996 2745 3211 2799 fructus
3262 2749 3384 2814 ejus
3427 2746 3481 2800 in

1901 2837 2058 2892 nobis
2090 2836 2375 2892 demessos
2409 2837 2740 2906 aspeximus.
2796 2837 2863 2892 Et
2892 2838 3167 2907 quomodo
3193 2879 3208 2901 ,
3241 2837 3436 2891 fratres
3468 2878 3481 2894 .

1901 2939 2107 2985 tantam
2133 2930 2374 2987 audaciae
2413 2930 2843 3000 magnitudinem
2877 2932 3170 3000 concipere
3221 2946 3332 2985 non
3372 2930 3484 2984 for-

1904 3023 2217 3077 midamus?
2248 3021 2419 3078 Dicite
2453 3023 2607 3088 mihi,
2647 3023 2853 3087 dilecti,
2889 3024 2935 3078 si
2978 3023 3240 3093 frequens
3273 3023 3398 3087 ista,
3430 3028 3486 3077 et

1903 3115 2083 3185 ampla
2111 3115 2306 3171 civitas
2337 3116 2653 3186 quempiam
2684 3117 2999 3182 advocaret,
3031 3131 3095 3171 ac
3124 3116 3332 3171 diceret
3362 3131 3376 3166 :
3407 3114 3486 3170 Te

209 3191 452 3260 trajicit;
503 3210 666 3263 quam
718 3205 773 3248 et
809 3204 868 3250 tu
920 3195 1087 3251 Deum
1137 3215 1364 3268 poscere
1415 3201 1605 3265 debes,
1654 3205 1869 3261 nuucC
1905 3208 2277 3276 praepositum,
2310 3219 2359 3262 et
2393 3208 2740 3277 imperatoris
2794 3209 3277 3279 protovestiarium
3328 3224 3484 3265 crea-

213 3284 477 3345 maxime.
508 3301 618 3356 quo
644 3302 732 3345 res
759 3296 883 3344 tuas
913 3291 1217 3345 secundum
1246 3292 1366 3361 ejus
1398 3295 1796 3365 beneplaeitum

211 3376 501 3434 discernas
553 3389 716 3449 atque
758 3381 1051 3449 dijutlices,
1096 3393 1151 3437 et
1189 3385 1263 3438 ita
1299 3385 1517 3442 labores
1567 3398 1802 3447 conten.

211 3467 450 3536 dasque,
486 3479 543 3524 ut
574 3472 855 3526 Christum
889 3482 943 3527 et
972 3475 1025 3528 in
1068 3475 1173 3529 hac
1203 3478 1315 3532 vita
1350 3479 1661 3545 adjutorem
1688 3523 1704 3549 ,
1745 3493 1801 3539 et

214 3562 270 3612 in
304 3559 490 3615 futura
542 3563 811 3620 claritatis
846 3581 961 3620 sua:
1000 3567 1334 3638 voluptatem
1372 3570 1579 3626 affatim
1615 3584 1671 3629 et
1702 3577 1800 3632 tibi

217 3653 625 3725 impertientem
683 3656 952 3714 invenias.
988 3658 1057 3713 Et
1107 3676 1287 3731 neque
1315 3672 1375 3716 ut
1404 3674 1682 3733 pastorem
1712 3683 1799 3722 se-

216 3748 411 3815 quaris
438 3750 653 3818 lupum,
689 3766 865 3819 neque
899 3752 1154 3807 morbido
1180 3754 1329 3824 gregi
1372 3764 1425 3811 te
1463 3758 1796 3822 immisceas,

218 3854 401 3908 neque
450 3843 602 3895 solus
650 3858 902 3897 seorsum
961 3845 1273 3915 reperiare;
1320 3856 1380 3901 ut
1427 3866 1607 3920 neque
1641 3861 1737 3906 ant
1770 3868 1797 3905 a

217 3932 351 4002 lupo
378 3934 684 3988 animarum
722 3936 1017 4003 perditore,
1053 3946 1149 3992 aut
1173 3956 1202 3992 a
1249 3940 1429 3995 bellua
1462 3943 1803 4013 interceptus

217 4026 601 4092 t-onspiciare;
639 4036 733 4079 aut
778 4028 888 4082 alio
936 4037 1101 4098 atque
1146 4030 1257 4084 alio
1300 4031 1496 4086 morbo
1533 4044 1799 4102 aegrotus,

216 4117 522 4171 seCundum
559 4118 799 4171 animam
832 4119 1100 4183 intereas;
1135 4130 1229 4174 aut
1253 4136 1378 4176 cum
1411 4125 1562 4179 solus
1590 4127 1804 4182 cecide-

216 4211 313 4274 ris,
346 4211 479 4263 illud
543 4209 629 4263 Vw
664 4212 716 4263 in
758 4219 809 4265 te
835 4211 1065 4279 quadret
1095 4212 1165 4267 “.
1196 4211 1299 4278 Qui
1339 4215 1484 4268 enim
1546 4216 1690 4271 hono
1743 4234 1804 4274 se

214 4302 541 4372 praeceptori
590 4303 900 4365 tradiderit,
936 4304 1072 4357 nihil
1115 4303 1345 4359 istorum
1380 4307 1640 4375 curabit,
1708 4311 1804 4365 sed

216 4394 619 4449 sollicitudinis
655 4411 871 4461 expers,
904 4396 1011 4450 vita
1044 4405 1290 4465 peracta,
1333 4399 1387 4453 in
1416 4399 1640 4459 Christo
1668 4401 1801 4461 Jesu

219 4484 454 4541 Domino
483 4494 673 4542 nostro
697 4486 1020 4543 salvabitur.

765 4601 1024 4658 ORATIO
1055 4602 1252 4662 XXIV.

824 4736 1208 4777 ABGUIENTUI.

222 4842 418 4896 Ducem
448 4837 651 4892 Christi
676 4836 844 4906 gregis
879 4836 1083 4889 ratione
1114 4835 1326 4901 praediti
1352 4838 1579 4904 primum
1606 4850 1798 4895 semet.

289 4914 465 4977 ipsum
505 4918 755 4978 accurate
776 4908 1110 4959 considerare
1176 4915 1222 4958 et
1259 4906 1536 4974 explorare
1566 4910 1750 4965 debere
1782 4932 1801 4978 ;

287 4984 480 5045 quippe
528 4995 677 5048 quem
723 4977 961 5048 discere,
997 4988 1050 5048 et
1086 4979 1299 5044 exsequi
1340 4979 1431 5031 Dei
1488 4977 1798 5036 uolunta/ent

289 5066 495 5116 semper
523 5046 745 5109 oportet,
778 5056 827 5099 et
855 5047 930 5099 ita
971 5046 1178 5099 demum
1219 5048 1353 5101 alios
1405 5048 1633 5115 idipsum
1687 5052 1798 5106 do—

288 5137 406 5174 cere
435 5136 539 5188 quo
558 5134 736 5191 seruio
766 5117 1023 5169 doctrinm
1048 5116 1162 5191 ejus
1189 5133 1315 5191 ‘cum
1338 5120 1544 5191 oetinne
1570 5124 1794 5191 conjun-

288 5202 427 5254 ctus,
452 5187 794 5243 auditoribus
834 5198 1016 5253 gratus
1050 5187 1279 5241 accidat.
1316 5189 1527 5258 Alioqui
1569 5187 1795 5246 salutem

290 5262 391 5313 sibi
429 5276 582 5311 suam
629 5258 734 5326 ipse
772 5267 955 5314 curet.
1008 5274 1069 5309 ne
1113 5268 1220 5329 tum
1273 5259 1394 5318 sibi.
1444 5271 1555 5313 tum
1607 5263 1794 5329 quibus

288 5339 504 5398 pra‘est,
531 5328 814 5395 perniciem
850 5336 1006 5392 atque
1037 5328 1311 5379 interitum
1338 5341 1495 5383 creet.

292 5420 557 5473 Dominus
598 5428 785 5473 noster
817 5418 978 5473 Jesus
1015 5417 1270 5474 Christus
1312 5436 1427 5474 non
1477 5422 1655 5476 solum
1704 5425 1801 5479 do-

193 5522 436 5575 centem
467 5512 686 5566 beatum
722 5510 980 5580 praedicat
1020 5528 1036 5567 :
1081 5509 1177 5565 sed
1223 5526 1347 5565 eum
1399 5528 1619 5583 quoque
1644 5555 1658 5578 ,
1710 5520 1805 5585 qui

227 5607 376 5667 fecit,
410 5613 539 5658 ante
567 5620 731 5673 quam
766 5604 984 5658 doceret
1019 5622 1034 5658 :
1072 5603 1293 5669 Beatus,
1327 5605 1522 5677 inquit,
1552 5626 1640 5676 qui
1677 5609 1802 5677 fecit

222 5705 275 5752 ec
301 5695 507 5759 docuit,
538 5694 623 5747 hic
650 5710 870 5764 magnus
906 5695 1251 5750 vocabiturin
1272 5713 1428 5769 regno
1461 5703 1710 5760 cmlorum
1737 5705 1804 5757 ".

301 5885 347 5920 ⁸⁸
399 5884 577 5943 Eccle.
630 5896 703 5949 tv,
752 5883 832 5941 10.
916 5887 955 5919 ³⁸
986 5884 1173 5941 Matth.
1207 5902 1260 5953 v,
1318 5888 1399 5944 to.

1904 3301 2110 3366 bimus,
2146 3308 2201 3355 tu
2232 3300 2385 3357 solus
2416 3301 2651 3357 ascende
2681 3302 2733 3355 in
2764 3301 2968 3371 regiam
3000 3342 3015 3362 ,
3045 3302 3437 3372 ingressusque
3469 3342 3482 3364 .

1902 3408 2126 3447 causam
2156 3404 2404 3449 nostram
2434 3392 2576 3463 apud
2616 3394 3000 3462 imperatorem
3040 3409 3158 3461 age,
3193 3396 3486 3464 ipsumque

1902 3503 2149 3558 precare,
2186 3500 2242 3543 ut
2272 3490 2385 3543 haec
2415 3499 2469 3544 et
2495 3490 2585 3545 illa
2601 3490 2763 3545 nobis
2791 3498 3029 3560 prmstet.
3063 3489 3121 3545 Si
3147 3490 3192 3545 is
3218 3490 3481 3558 palatium

1902 3598 2185 3653 nunquam
2222 3583 2574 3649 intravisset;
2608 3581 2703 3638 sed
2732 3592 2839 3636 tam
2874 3583 3008 3652 ipsis
3067 3582 3261 3640 aulicis
3308 3584 3486 3639 omni-

1903 3675 2045 3737 bus,
2084 3690 2245 3745 quam
2296 3676 2613 3746 imperatori
2646 3675 2865 3745 ignotus
2917 3683 3099 3738 esset,
3162 3690 3290 3729 num
3345 3677 3487 3729 istnc

1906 3783 2147 3833 unquam
2182 3767 2363 3823 facere
2393 3807 2409 3831 ,
2443 3776 2538 3822 aut
2568 3767 2892 3838 dignitatem
2930 3767 3088 3823 istam
3120 3770 3262 3823 inire
3312 3769 3484 3823 susti-

1904 3863 2109 3917 neret?
2192 3862 2342 3914 Adeo
2427 3861 2729 3930 projectum
2805 3860 2922 3915 fore
2966 3860 3240 3915 neminem
3293 3876 3483 3916 omnes

1904 3952 2094 4022 procul
2122 3951 2292 4007 dubio
2327 3951 2644 4017 fatebimur,
2681 3961 2737 4006 et
2765 3969 3019 4009 suasores
3053 3954 3192 4010 istos
3244 3962 3301 4006 ut
3336 3954 3488 4008 insa-

1906 4060 2005 4100 nos
2035 4052 2091 4099 et
2122 4054 2366 4100 amentes
2398 4045 2857 4114 reprehensurum
2936 4054 2988 4100 et
3039 4047 3327 4101 irrisurnm
3355 4084 3370 4108 ,
3405 4046 3487 4099 di-

1905 4139 2278 4211 gnitatemque
2311 4153 2416 4191 non
2456 4146 2515 4190 ut
2544 4138 2803 4204 honoris,
2840 4137 2934 4193 sed
2976 4146 3033 4191 ut
3071 4139 3393 4204 dedecoris,
3433 4148 3487 4191 et

1906 4230 2157 4300 supplicii
2193 4229 2475 4284 materiam
2513 4230 2953 4299 repudiaturum.
2989 4229 3041 4283 Si
3114 4232 3281 4301 igitur
3314 4231 3365 4285 in
3405 4248 3488 4285 re-

1907 4324 2012 4379 bus
2039 4323 2297 4378 humanis
2334 4324 2473 4385 htec,
2502 4331 2554 4376 et
2585 4324 2787 4377 similia
2818 4324 3163 4379 committere
3195 4324 3346 4378 nefas
3378 4337 3484 4387 ρει.

1910 4433 2092 4473 nonne
2131 4417 2397 4471 horribile
2427 4427 2509 4471 est
2544 4432 2608 4471 ac
2640 4417 2858 4470 videtur
2891 4458 2906 4480 ,
2943 4417 3139 4473 fratres
3167 4458 3180 4478 ,
3223 4419 3486 4487 apostoli-

1842 4524 2029 4600 Dcam
2084 4508 2405 4577 dignitatem
2454 4509 2859 4565 inconsiderate
2912 4511 3232 4578 suscipere.
3304 4520 3358 4563 et
3418 4512 3481 4567 ad

1911 4600 2292 4656 inaccessibile
2324 4601 2506 4655 lumen
2562 4601 2823 4657 accedere
2846 4642 2862 4666 ,
2920 4602 3360 4672 mediatoresque
3385 4644 3399 4669 ,
3435 4612 3490 4657 et

1907 4693 2237 4762 interpretes
2280 4693 2372 4748 Dei
2405 4703 2459 4747 et
2487 4694 2775 4749 hominum
2819 4695 2932 4751 fieri
2959 4696 2983 4749 ?
3014 4696 3153 4751 Num
3188 4697 3303 4751 leve
3321 4698 3487 4764 quid-

1907 4786 2056 4851 dam,
2087 4796 2140 4841 et
2172 4786 2500 4856 despicabile
2542 4787 2707 4857 hujus
2742 4789 2819 4843 rei
2878 4799 3140 4843 conatmn
3181 4791 3435 4845 ducimus
3465 4792 3488 4842 ?

1907 4876 2050 4931 Proh
2075 4878 2228 4932 dolor
2261 4878 2272 4929 l
2300 4878 2517 4942 fratres,
2544 4880 2828 4948 quoniam,
2866 4889 2925 4934 ut
2961 4896 3173 4945 vereor,
3214 4884 3266 4935 in
3296 4898 3490 4951 qnam-

1906 4971 2031 5025 dam
2086 4972 2437 5025 tenebrarum
2487 4973 2905 5028 universitatem
2950 4975 3189 5028 devoluti
3242 4991 3435 5031 smnus
3470 5016 3485 5039 .

1910 5070 2075 5129 atque
2111 5062 2315 5118 ideirco
2349 5080 2515 5133 quam
2548 5063 2746 5118 audaci
2774 5079 2877 5118 nos
2906 5066 3149 5121 facinore
3179 5067 3490 5123 obstrinxe-

1906 5150 2102 5213 rimus,
2138 5166 2244 5204 non
2276 5150 2544 5207 videmus.
2576 5150 2708 5205 Nam
2736 5152 2781 5207 si
2808 5153 3118 5209 videremus
3146 5196 3159 5219 ,
3203 5172 3482 5225 nunquam

1904 5256 1971 5295 eo
1998 5242 2343 5309 arrogantiae,
2377 5243 2831 5311 confidentiaaque
2872 5246 3338 5313 processissemus
3366 5287 3380 5312 ,
3427 5257 3487 5299 ut

1906 5331 2108 5387 divinis
2140 5334 2303 5388 rebus
2336 5334 2734 5392 iusultaremus
2758 5377 2774 5401 ,
2814 5338 3133 5406 majoreque
3175 5338 3383 5392 honore
3423 5356 3485 5393 ac

1906 5428 2104 5480 timore
2137 5434 2416 5481 terrenum
2445 5468 2459 5494 ,
2487 5442 2650 5496 quam
2685 5429 3045 5482 immortalem
3100 5444 3281 5499 regem
3321 5430 3485 5484 Chri-

1915 5525 2061 5572 stum
2085 5518 2410 5573 coleremus.
2453 5517 2727 5585 Quocirca
2755 5534 2855 5574 nos
2887 5520 3038 5590 ipsos
3067 5529 3322 5577 excutere
3343 5560 3357 5587 ,
3391 5539 3489 5577 ex-

1904 5611 2278 5681 aminareque,
2314 5620 2369 5666 et
2396 5611 2464 5666 ad
2506 5612 2653 5667 hunc
2706 5613 3081 5684 magistratum
3125 5614 3348 5685 indigne
3392 5630 3485 5670 eoa

1908 5716 2106 5763 nantes
2136 5706 2456 5773 ascendere,
2486 5706 2636 5763 omni
2660 5707 2870 5763 ratione
2892 5713 3157 5772 evertere,
3179 5723 3485 5783 eorumque
